  <div class='ocr_page' id='page_1' title='image "/cluster/home/n/w/nwhite01/storage/ocr_20150623/73/nnc1.0046980245/040.png"; bbox 0 0 4214 6502; ppageno 0'>
   <div class='ocr_carea' id='block_1_1' title="bbox 203 405 3456 485">
    <p class='ocr_par' dir='ltr' id='par_1_1' title="bbox 203 405 3456 485">
     <span class='ocr_line' id='line_1_1' title="bbox 203 405 3456 485; baseline 0.013 -40"><span class='ocrx_word' id='word_1_1' title='bbox 203 410 266 463; x_wconf 67' lang='grc' dir='ltr'>ει</span> <span class='ocrx_word' id='word_1_2' title='bbox 1256 405 1320 462; x_wconf 80' lang='lat' dir='ltr'>IN</span> <span class='ocrx_word' id='word_1_3' title='bbox 1359 406 1643 465; x_wconf 81' lang='lat' dir='ltr'>JOANNIS</span> <span class='ocrx_word' id='word_1_4' title='bbox 1672 406 2119 469; x_wconf 73' lang='lat' dir='ltr'>EVANGELIUM</span> <span class='ocrx_word' id='word_1_5' title='bbox 2154 412 2282 467; x_wconf 83' lang='lat' dir='ltr'><strong>LIB.</strong></span> <span class='ocrx_word' id='word_1_6' title='bbox 2322 413 2360 468; x_wconf 90' lang='lat' dir='ltr'>l.</span> <span class='ocrx_word' id='word_1_7' title='bbox 3388 431 3456 485; x_wconf 72' lang='lat'><strong>69</strong></span> 
     </span>
    </p>
   </div>
   <div class='ocr_carea' id='block_1_2' title="bbox 198 520 1862 600">
    <p class='ocr_par' dir='ltr' id='par_1_2' title="bbox 198 520 1847 600">
     <span class='ocr_line' id='line_1_2' title="bbox 198 520 1847 600; baseline 0.001 -22"><span class='ocrx_word' id='word_1_8' title='bbox 198 527 560 595; x_wconf 79' lang='grc' dir='ltr'>γεννήσαντα,</span> <span class='ocrx_word' id='word_1_9' title='bbox 585 520 694 578; x_wconf 76' lang='grc' dir='ltr'>οἶδε</span> <span class='ocrx_word' id='word_1_10' title='bbox 739 525 1003 594; x_wconf 83' lang='grc' dir='ltr'>δηλονότι,</span> <span class='ocrx_word' id='word_1_11' title='bbox 1056 529 1148 580; x_wconf 75' lang='grc' dir='ltr'>καὶ</span> <span class='ocrx_word' id='word_1_12' title='bbox 1181 529 1371 583; x_wconf 77' lang='grc' dir='ltr'>ἑαυτὸν</span> <span class='ocrx_word' id='word_1_13' title='bbox 1414 529 1682 600; x_wconf 73' lang='grc' dir='ltr'>ἄτρεπτον</span> <span class='ocrx_word' id='word_1_14' title='bbox 1716 530 1774 594; x_wconf 81' lang='grc' dir='ltr'>ἐξ</span> <span class='ocrx_word' id='word_1_15' title='bbox 1804 534 1847 588; x_wconf 76' lang='grc' dir='ltr'><strong>Α</strong></span> 
     </span>
    </p>
   </div>
   <div class='ocr_carea' id='block_1_3' title="bbox 1784 520 3448 600">
    <p class='ocr_par' dir='ltr' id='par_1_3' title="bbox 1804 530 3448 600">
     <span class='ocr_line' id='line_1_3' title="bbox 1804 530 3448 600; baseline 0.012 -19"><span class='ocrx_word' id='word_1_16' title='bbox 1804 534 1847 588; x_wconf 76' lang='grc' dir='ltr'>Α</span> <span class='ocrx_word' id='word_1_17' title='bbox 1879 546 1907 582; x_wconf 87' lang='lat' dir='ltr'>a</span> <span class='ocrx_word' id='word_1_18' title='bbox 1967 530 2144 587; x_wconf 86' lang='lat' dir='ltr'><strong>Patris</strong></span> <span class='ocrx_word' id='word_1_19' title='bbox 2194 533 2471 589; x_wconf 76' lang='lat' dir='ltr'><strong>voluntate</strong></span> <span class='ocrx_word' id='word_1_20' title='bbox 2525 535 2821 593; x_wconf 74' lang='lat' dir='ltr'>dissentire</span> <span class='ocrx_word' id='word_1_21' title='bbox 2877 536 3069 597; x_wconf 76' lang='lat' dir='ltr'><strong>Filium</strong></span> <span class='ocrx_word' id='word_1_22' title='bbox 3115 544 3448 600; x_wconf 80' lang='lat' dir='ltr'><strong>existimant.</strong></span> 
     </span>
    </p>
   </div>
   <div class='ocr_carea' id='block_1_4' title="bbox 198 616 1862 697">
    <p class='ocr_par' dir='ltr' id='par_1_4' title="bbox 198 616 1775 691">
     <span class='ocr_line' id='line_1_4' title="bbox 198 616 1775 691; baseline 0.006 -24"><span class='ocrx_word' id='word_1_23' title='bbox 198 618 474 686; x_wconf 81' lang='grc' dir='ltr'>ἀτρέπτου</span> <span class='ocrx_word' id='word_1_24' title='bbox 528 616 741 687; x_wconf 84' lang='grc' dir='ltr'>Πατρός</span> <span class='ocrx_word' id='word_1_25' title='bbox 765 634 776 646; x_wconf 92' lang='grc'><strong>·</strong></span> <span class='ocrx_word' id='word_1_26' title='bbox 813 618 874 670; x_wconf 81' lang='grc' dir='ltr'>τὸ</span> <span class='ocrx_word' id='word_1_27' title='bbox 910 618 966 670; x_wconf 84' lang='grc' dir='ltr'>δὲ</span> <span class='ocrx_word' id='word_1_28' title='bbox 1002 620 1209 691; x_wconf 81' lang='grc' dir='ltr'>τροπὴν</span> <span class='ocrx_word' id='word_1_29' title='bbox 1232 622 1332 674; x_wconf 88' lang='grc' dir='ltr'>οὐκ</span> <span class='ocrx_word' id='word_1_30' title='bbox 1372 622 1529 685; x_wconf 82' lang='grc' dir='ltr'>είδὸς,</span> <span class='ocrx_word' id='word_1_31' title='bbox 1566 623 1681 684; x_wconf 91' lang='grc' dir='ltr'>πῶς</span> <span class='ocrx_word' id='word_1_32' title='bbox 1710 625 1775 676; x_wconf 82' lang='grc' dir='ltr'>ἂν</span> 
     </span>
    </p>
   </div>
   <div class='ocr_carea' id='block_1_5' title="bbox 1786 616 3450 697">
    <p class='ocr_par' dir='ltr' id='par_1_5' title="bbox 1885 622 3450 697">
     <span class='ocr_line' id='line_1_5' title="bbox 1885 622 3450 697; baseline 0.009 -20"><span class='ocrx_word' id='word_1_33' title='bbox 1885 622 2075 677; x_wconf 87' lang='lat' dir='ltr'><strong>Servat</strong></span> <span class='ocrx_word' id='word_1_34' title='bbox 2105 626 2252 678; x_wconf 85' lang='lat' dir='ltr'><strong>enim</strong></span> <span class='ocrx_word' id='word_1_35' title='bbox 2282 626 2401 695; x_wconf 88' lang='lat' dir='ltr'><strong>ejus</strong></span> <span class='ocrx_word' id='word_1_36' title='bbox 2434 642 2742 683; x_wconf 75' lang='lat' dir='ltr'><strong>sermonem</strong></span> <span class='ocrx_word' id='word_1_37' title='bbox 2770 671 2785 695; x_wconf 89' lang='lat'>,</span> <span class='ocrx_word' id='word_1_38' title='bbox 2814 638 2874 685; x_wconf 89' lang='lat' dir='ltr'>ut</span> <span class='ocrx_word' id='word_1_39' title='bbox 2904 631 3015 697; x_wconf 88' lang='lat' dir='ltr'><strong>ait,</strong></span> <span class='ocrx_word' id='word_1_40' title='bbox 3046 640 3100 688; x_wconf 87' lang='lat' dir='ltr'>et</span> <span class='ocrx_word' id='word_1_41' title='bbox 3127 643 3322 690; x_wconf 88' lang='lat' dir='ltr'><strong>natura</strong></span> <span class='ocrx_word' id='word_1_42' title='bbox 3352 653 3450 694; x_wconf 89' lang='lat' dir='ltr'>sua</span> 
     </span>
    </p>
   </div>
   <div class='ocr_carea' id='block_1_6' title="bbox 196 708 1860 786">
    <p class='ocr_par' dir='ltr' id='par_1_6' title="bbox 196 708 1771 784">
     <span class='ocr_line' id='line_1_6' title="bbox 196 708 1771 784; baseline 0.003 -25"><span class='ocrx_word' id='word_1_43' title='bbox 196 708 409 776; x_wconf 86' lang='grc' dir='ltr'>λέγοιτό</span> <span class='ocrx_word' id='word_1_44' title='bbox 438 725 489 760; x_wconf 92' lang='grc' dir='ltr'>τι</span> <span class='ocrx_word' id='word_1_45' title='bbox 530 709 622 761; x_wconf 78' lang='grc' dir='ltr'>καὶ</span> <span class='ocrx_word' id='word_1_46' title='bbox 643 709 999 778; x_wconf 82' lang='grc' dir='ltr'>ἁμαρτάνειν,</span> <span class='ocrx_word' id='word_1_47' title='bbox 1038 712 1130 764; x_wconf 77' lang='grc' dir='ltr'>καί</span> <span class='ocrx_word' id='word_1_48' title='bbox 1168 713 1287 783; x_wconf 78' lang='grc' dir='ltr'>οὐχὶ</span> <span class='ocrx_word' id='word_1_49' title='bbox 1318 712 1515 783; x_wconf 81' lang='grc' dir='ltr'>μᾶλλον</span> <span class='ocrx_word' id='word_1_50' title='bbox 1545 713 1771 784; x_wconf 85' lang='grc' dir='ltr'>ἀκλονή-</span> 
     </span>
    </p>
   </div>
   <div class='ocr_carea' id='block_1_7' title="bbox 1784 708 3448 786">
    <p class='ocr_par' dir='ltr' id='par_1_7' title="bbox 1879 718 3448 786">
     <span class='ocr_line' id='line_1_7' title="bbox 1879 718 3448 786; baseline 0.011 -20"><span class='ocrx_word' id='word_1_51' title='bbox 1879 729 2077 784; x_wconf 78' lang='lat' dir='ltr'><strong>expers</strong></span> <span class='ocrx_word' id='word_1_52' title='bbox 2106 722 2191 770; x_wconf 92' lang='lat' dir='ltr'>est</span> <span class='ocrx_word' id='word_1_53' title='bbox 2240 718 2518 786; x_wconf 78' lang='lat' dir='ltr'>peccandi.</span> <span class='ocrx_word' id='word_1_54' title='bbox 2568 718 2683 774; x_wconf 74' lang='lat' dir='ltr'><strong>St-it</strong></span> <span class='ocrx_word' id='word_1_55' title='bbox 2734 722 2879 776; x_wconf 89' lang='lat' dir='ltr'><strong>enim</strong></span> <span class='ocrx_word' id='word_1_56' title='bbox 2927 725 3076 781; x_wconf 84' lang='lat' dir='ltr'><strong>istud</strong></span> <span class='ocrx_word' id='word_1_57' title='bbox 3122 726 3177 781; x_wconf 89' lang='lat' dir='ltr'>in</span> <span class='ocrx_word' id='word_1_58' title='bbox 3230 726 3448 784; x_wconf 79' lang='lat' dir='ltr'><strong>Patrem</strong></span> 
     </span>
    </p>
   </div>
   <div class='ocr_carea' id='block_1_8' title="bbox 196 797 1860 885">
    <p class='ocr_par' dir='ltr' id='par_1_8' title="bbox 196 797 1773 874">
     <span class='ocr_line' id='line_1_8' title="bbox 196 797 1773 874; baseline 0.003 -25"><span class='ocrx_word' id='word_1_59' title='bbox 196 814 304 859; x_wconf 84' lang='grc' dir='ltr'>τως</span> <span class='ocrx_word' id='word_1_60' title='bbox 329 798 388 849; x_wconf 84' lang='grc' dir='ltr'>ἐν</span> <span class='ocrx_word' id='word_1_61' title='bbox 409 799 521 859; x_wconf 77' lang='grc' dir='ltr'>τοῖς</span> <span class='ocrx_word' id='word_1_62' title='bbox 554 797 702 860; x_wconf 82' lang='grc' dir='ltr'>ἰδίοις</span> <span class='ocrx_word' id='word_1_63' title='bbox 727 797 946 852; x_wconf 80' lang='grc' dir='ltr'>ἑστάναι</span> <span class='ocrx_word' id='word_1_64' title='bbox 982 804 1229 868; x_wconf 79' lang='grc' dir='ltr'>φυσικοῖς</span> <span class='ocrx_word' id='word_1_65' title='bbox 1269 802 1773 874; x_wconf 88' lang='grc' dir='ltr'>πλεονεκτήμασιν;</span> 
     </span>
    </p>
   </div>
   <div class='ocr_carea' id='block_1_9' title="bbox 1784 797 3448 885">
    <p class='ocr_par' dir='ltr' id='par_1_9' title="bbox 1874 805 3448 885">
     <span class='ocr_line' id='line_1_9' title="bbox 1874 805 3448 885; baseline 0.009 -26"><span class='ocrx_word' id='word_1_66' title='bbox 1874 805 2067 861; x_wconf 85' lang='lat' dir='ltr'><strong>cadere</strong></span> <span class='ocrx_word' id='word_1_67' title='bbox 2121 821 2231 861; x_wconf 89' lang='lat' dir='ltr'>non</span> <span class='ocrx_word' id='word_1_68' title='bbox 2275 822 2472 877; x_wconf 85' lang='lat' dir='ltr'><strong>posse,</strong></span> <span class='ocrx_word' id='word_1_69' title='bbox 2527 811 2616 864; x_wconf 89' lang='lat' dir='ltr'>cui</span> <span class='ocrx_word' id='word_1_70' title='bbox 2670 812 3167 872; x_wconf 84' lang='lat' dir='ltr'><strong>consubstantialis</strong></span> <span class='ocrx_word' id='word_1_71' title='bbox 3206 826 3332 885; x_wconf 86' lang='lat' dir='ltr'><strong>est,</strong></span> <span class='ocrx_word' id='word_1_72' title='bbox 3392 819 3448 873; x_wconf 90' lang='lat' dir='ltr'>in</span> 
     </span>
    </p>
   </div>
   <div class='ocr_carea' id='block_1_10' title="bbox 196 882 1860 977">
    <p class='ocr_par' dir='ltr' id='par_1_10' title="bbox 196 882 1777 963">
     <span class='ocr_line' id='line_1_10' title="bbox 196 882 1777 963; baseline 0.004 -26"><span class='ocrx_word' id='word_1_73' title='bbox 196 887 421 939; x_wconf 86' lang='grc' dir='ltr'>Είκαῖον</span> <span class='ocrx_word' id='word_1_74' title='bbox 446 882 539 939; x_wconf 78' lang='grc' dir='ltr'>οὖν</span> <span class='ocrx_word' id='word_1_75' title='bbox 566 887 674 957; x_wconf 85' lang='grc' dir='ltr'>ἀρα</span> <span class='ocrx_word' id='word_1_76' title='bbox 706 887 815 940; x_wconf 88' lang='grc' dir='ltr'>τῶν</span> <span class='ocrx_word' id='word_1_77' title='bbox 849 886 1114 942; x_wconf 81' lang='grc' dir='ltr'>Ἰουδαίων</span> <span class='ocrx_word' id='word_1_78' title='bbox 1129 890 1190 943; x_wconf 85' lang='grc' dir='ltr'>τὸ</span> <span class='ocrx_word' id='word_1_79' title='bbox 1217 892 1597 963; x_wconf 75' lang='grc' dir='ltr'>κατηυόρημα,</span> <span class='ocrx_word' id='word_1_80' title='bbox 1623 892 1777 962; x_wconf 86' lang='grc' dir='ltr'>παρά</span> 
     </span>
    </p>
   </div>
   <div class='ocr_carea' id='block_1_11' title="bbox 1781 882 3445 977">
    <p class='ocr_par' dir='ltr' id='par_1_11' title="bbox 1873 897 3445 977">
     <span class='ocr_line' id='line_1_11' title="bbox 1873 897 3445 977; baseline 0.01 -29"><span class='ocrx_word' id='word_1_81' title='bbox 1873 904 2137 965; x_wconf 86' lang='lat' dir='ltr'><strong>quantum</strong></span> <span class='ocrx_word' id='word_1_82' title='bbox 2182 897 2353 969; x_wconf 76' lang='lat' dir='ltr'><strong>Filius</strong></span> <span class='ocrx_word' id='word_1_83' title='bbox 2396 917 2577 957; x_wconf 88' lang='lat' dir='ltr'><strong>verus.</strong></span> <span class='ocrx_word' id='word_1_84' title='bbox 2613 901 2733 957; x_wconf 84' lang='lat' dir='ltr'><strong>Jam</strong></span> <span class='ocrx_word' id='word_1_85' title='bbox 2782 919 2933 968; x_wconf 88' lang='lat' dir='ltr'><strong>vero,</strong></span> <span class='ocrx_word' id='word_1_86' title='bbox 2973 920 3095 960; x_wconf 86' lang='lat' dir='ltr'>cum</span> <span class='ocrx_word' id='word_1_87' title='bbox 3145 908 3445 977; x_wconf 85' lang='lat' dir='ltr'><strong>objectioni</strong></span> 
     </span>
    </p>
   </div>
   <div class='ocr_carea' id='block_1_12' title="bbox 191 976 1855 1069">
    <p class='ocr_par' dir='ltr' id='par_1_12' title="bbox 191 976 1774 1055">
     <span class='ocr_line' id='line_1_12' title="bbox 191 976 1774 1055; baseline 0.007 -28"><span class='ocrx_word' id='word_1_88' title='bbox 191 976 292 1047; x_wconf 80' lang='grc' dir='ltr'>τὴν</span> <span class='ocrx_word' id='word_1_89' title='bbox 314 976 411 1029; x_wconf 88' lang='grc' dir='ltr'>τοῦ</span> <span class='ocrx_word' id='word_1_90' title='bbox 442 978 653 1047; x_wconf 67' lang='grc' dir='ltr'>Πατρός</span> <span class='ocrx_word' id='word_1_91' title='bbox 687 977 940 1050; x_wconf 86' lang='grc' dir='ltr'>βούλησιν</span> <span class='ocrx_word' id='word_1_92' title='bbox 971 981 1157 1053; x_wconf 76' lang='grc' dir='ltr'>ἔτερόν</span> <span class='ocrx_word' id='word_1_93' title='bbox 1183 1001 1236 1037; x_wconf 89' lang='grc' dir='ltr'>τι</span> <span class='ocrx_word' id='word_1_94' title='bbox 1268 985 1486 1055; x_wconf 78' lang='grc' dir='ltr'>φρονεῖν</span> <span class='ocrx_word' id='word_1_95' title='bbox 1511 984 1774 1054; x_wconf 75' lang='grc' dir='ltr'>οἰομένων</span> 
     </span>
    </p>
   </div>
   <div class='ocr_carea' id='block_1_13' title="bbox 1782 976 3446 1069">
    <p class='ocr_par' dir='ltr' id='par_1_13' title="bbox 1874 976 3446 1069">
     <span class='ocr_line' id='line_1_13' title="bbox 1874 976 3446 1069; baseline 0.009 -29"><span class='ocrx_word' id='word_1_96' title='bbox 1874 1001 1986 1041; x_wconf 71' lang='lat' dir='ltr'><strong>sua:</strong></span> <span class='ocrx_word' id='word_1_97' title='bbox 2012 995 2255 1044; x_wconf 82' lang='lat' dir='ltr'><strong>attexaut</strong></span> <span class='ocrx_word' id='word_1_98' title='bbox 2280 990 2429 1057; x_wconf 87' lang='lat' dir='ltr'><strong>illud,</strong></span> <span class='ocrx_word' id='word_1_99' title='bbox 2463 1010 2483 1043; x_wconf 81' lang='grc' dir='ltr'>ι</span> <span class='ocrx_word' id='word_1_100' title='bbox 2515 992 2590 1047; x_wconf 79' lang='lat' dir='ltr'>Ex</span> <span class='ocrx_word' id='word_1_101' title='bbox 2622 1003 2777 1049; x_wconf 86' lang='lat' dir='ltr'><strong>utero</strong></span> <span class='ocrx_word' id='word_1_102' title='bbox 2799 1003 2926 1050; x_wconf 83' lang='lat' dir='ltr'><strong>ante</strong></span> <span class='ocrx_word' id='word_1_103' title='bbox 2949 976 3259 1052; x_wconf 80' lang='lat' dir='ltr'><strong>Luciferum</strong></span> <span class='ocrx_word' id='word_1_104' title='bbox 3284 1001 3446 1069; x_wconf 89' lang='lat' dir='ltr'><strong>genui</strong></span> 
     </span>
    </p>
   </div>
   <div class='ocr_carea' id='block_1_14' title="bbox 190 1070 1854 1151">
    <p class='ocr_par' dir='ltr' id='par_1_14' title="bbox 190 1070 1773 1144">
     <span class='ocr_line' id='line_1_14' title="bbox 190 1070 1773 1144; baseline 0.006 -24"><span class='ocrx_word' id='word_1_105' title='bbox 190 1070 284 1122; x_wconf 83' lang='grc' dir='ltr'>τὸν</span> <span class='ocrx_word' id='word_1_106' title='bbox 326 1070 474 1123; x_wconf 84' lang='grc' dir='ltr'>Υίόν.</span> <span class='ocrx_word' id='word_1_107' title='bbox 506 1071 677 1141; x_wconf 86' lang='grc' dir='ltr'>Τηρεῖ</span> <span class='ocrx_word' id='word_1_108' title='bbox 694 1071 823 1143; x_wconf 82' lang='grc' dir='ltr'>γὰρ,</span> <span class='ocrx_word' id='word_1_109' title='bbox 854 1072 929 1136; x_wconf 86' lang='grc' dir='ltr'>ὥς</span> <span class='ocrx_word' id='word_1_110' title='bbox 960 1091 1116 1144; x_wconf 87' lang='grc' dir='ltr'>φησι,</span> <span class='ocrx_word' id='word_1_111' title='bbox 1151 1076 1242 1129; x_wconf 78' lang='grc' dir='ltr'>τὸν</span> <span class='ocrx_word' id='word_1_112' title='bbox 1268 1077 1427 1144; x_wconf 87' lang='grc' dir='ltr'>λόγον</span> <span class='ocrx_word' id='word_1_113' title='bbox 1458 1076 1647 1143; x_wconf 88' lang='grc' dir='ltr'>αὐτοῦ,</span> <span class='ocrx_word' id='word_1_114' title='bbox 1678 1078 1773 1131; x_wconf 79' lang='grc' dir='ltr'>καὶ</span> 
     </span>
    </p>
   </div>
   <div class='ocr_carea' id='block_1_15' title="bbox 1780 1070 3444 1151">
    <p class='ocr_par' dir='ltr' id='par_1_15' title="bbox 1871 1079 3444 1151">
     <span class='ocr_line' id='line_1_15' title="bbox 1871 1079 3444 1151; baseline 0.006 -19"><span class='ocrx_word' id='word_1_115' title='bbox 1871 1079 2002 1144; x_wconf 86' lang='lat' dir='ltr'><strong>te&quot;,</strong></span> <span class='ocrx_word' id='word_1_116' title='bbox 2060 1096 2080 1130; x_wconf 70' lang='grc' dir='ltr'>ι</span> <span class='ocrx_word' id='word_1_117' title='bbox 2135 1080 2389 1150; x_wconf 79' lang='lat' dir='ltr'><strong>agedum,</strong></span> <span class='ocrx_word' id='word_1_118' title='bbox 2450 1084 2666 1151; x_wconf 86' lang='lat' dir='ltr'><strong>pietatis</strong></span> <span class='ocrx_word' id='word_1_119' title='bbox 2718 1084 3025 1139; x_wconf 84' lang='lat' dir='ltr'><strong>doctrinam</strong></span> <span class='ocrx_word' id='word_1_120' title='bbox 3086 1086 3175 1139; x_wconf 93' lang='lat' dir='ltr'>hic</span> <span class='ocrx_word' id='word_1_121' title='bbox 3226 1102 3444 1143; x_wconf 84' lang='lat' dir='ltr'><strong>rursum</strong></span> 
     </span>
    </p>
   </div>
   <div class='ocr_carea' id='block_1_16' title="bbox 189 1163 1853 1246">
    <p class='ocr_par' dir='ltr' id='par_1_16' title="bbox 189 1163 1774 1239">
     <span class='ocr_line' id='line_1_16' title="bbox 189 1163 1774 1239; baseline 0.006 -24"><span class='ocrx_word' id='word_1_122' title='bbox 189 1165 378 1231; x_wconf 86' lang='grc' dir='ltr'>ἀγνοεῖ</span> <span class='ocrx_word' id='word_1_123' title='bbox 406 1163 466 1216; x_wconf 78' lang='grc' dir='ltr'>τὸ</span> <span class='ocrx_word' id='word_1_124' title='bbox 494 1164 829 1235; x_wconf 79' lang='grc' dir='ltr'>ἁμαρτάνειν</span> <span class='ocrx_word' id='word_1_125' title='bbox 858 1167 1103 1237; x_wconf 81' lang='grc' dir='ltr'>φυσικῶς</span> <span class='ocrx_word' id='word_1_126' title='bbox 1131 1186 1143 1198; x_wconf 88' lang='grc'>·</span> <span class='ocrx_word' id='word_1_127' title='bbox 1171 1164 1279 1222; x_wconf 78' lang='grc' dir='ltr'>οἶδε</span> <span class='ocrx_word' id='word_1_128' title='bbox 1306 1171 1416 1237; x_wconf 79' lang='grc' dir='ltr'>γὰρ</span> <span class='ocrx_word' id='word_1_129' title='bbox 1440 1169 1530 1223; x_wconf 75' lang='grc' dir='ltr'>τὸν</span> <span class='ocrx_word' id='word_1_130' title='bbox 1554 1170 1774 1239; x_wconf 84' lang='grc' dir='ltr'>Πατέρα</span> 
     </span>
    </p>
   </div>
   <div class='ocr_carea' id='block_1_17' title="bbox 1778 1163 3442 1246">
    <p class='ocr_par' dir='ltr' id='par_1_17' title="bbox 1871 1171 3442 1246">
     <span class='ocr_line' id='line_1_17' title="bbox 1871 1171 3442 1246; baseline 0.007 -24"><span class='ocrx_word' id='word_1_131' title='bbox 1871 1171 2229 1239; x_wconf 74' lang='lat' dir='ltr'><strong>explicemus.</strong></span> <span class='ocrx_word' id='word_1_132' title='bbox 2263 1171 2379 1225; x_wconf 77' lang='lat' dir='ltr'><strong>Non</strong></span> <span class='ocrx_word' id='word_1_133' title='bbox 2405 1176 2549 1228; x_wconf 90' lang='lat' dir='ltr'><strong>enim</strong></span> <span class='ocrx_word' id='word_1_134' title='bbox 2576 1190 2645 1230; x_wconf 81' lang='lat' dir='ltr'><strong>ex</strong></span> <span class='ocrx_word' id='word_1_135' title='bbox 2683 1191 2749 1230; x_wconf 89' lang='lat' dir='ltr'>eo</span> <span class='ocrx_word' id='word_1_136' title='bbox 2791 1177 2935 1246; x_wconf 88' lang='lat' dir='ltr'><strong>quod</strong></span> <span class='ocrx_word' id='word_1_137' title='bbox 2970 1177 3129 1233; x_wconf 87' lang='lat' dir='ltr'><strong>Pater</strong></span> <span class='ocrx_word' id='word_1_138' title='bbox 3164 1177 3351 1233; x_wconf 66' lang='lat' dir='ltr'><strong>isthaac</strong></span> <span class='ocrx_word' id='word_1_139' title='bbox 3376 1181 3442 1233; x_wconf 91' lang='lat' dir='ltr'>ad</span> 
     </span>
    </p>
   </div>
   <div class='ocr_carea' id='block_1_18' title="bbox 187 1253 1851 1336">
    <p class='ocr_par' dir='ltr' id='par_1_18' title="bbox 187 1253 1773 1331">
     <span class='ocr_line' id='line_1_18' title="bbox 187 1253 1773 1331; baseline 0.005 -26"><span class='ocrx_word' id='word_1_140' title='bbox 187 1253 349 1307; x_wconf 86' lang='grc' dir='ltr'>τοῦτο</span> <span class='ocrx_word' id='word_1_141' title='bbox 398 1254 589 1308; x_wconf 80' lang='grc' dir='ltr'>παθεῖν</span> <span class='ocrx_word' id='word_1_142' title='bbox 640 1255 702 1308; x_wconf 87' lang='grc' dir='ltr'>οὐ</span> <span class='ocrx_word' id='word_1_143' title='bbox 737 1257 1054 1327; x_wconf 84' lang='grc' dir='ltr'>δυνάμενον,</span> <span class='ocrx_word' id='word_1_144' title='bbox 1097 1253 1250 1329; x_wconf 79' lang='grc' dir='ltr'>ᾧπέρ</span> <span class='ocrx_word' id='word_1_145' title='bbox 1304 1262 1451 1312; x_wconf 88' lang='grc' dir='ltr'>ἐστιν</span> <span class='ocrx_word' id='word_1_146' title='bbox 1490 1261 1773 1331; x_wconf 88' lang='grc' dir='ltr'>ὀμοούσιος</span> 
     </span>
    </p>
   </div>
   <div class='ocr_carea' id='block_1_19' title="bbox 1778 1253 3442 1336">
    <p class='ocr_par' dir='ltr' id='par_1_19' title="bbox 1872 1258 3442 1336">
     <span class='ocr_line' id='line_1_19' title="bbox 1872 1258 3442 1336; baseline 0.006 -25"><span class='ocrx_word' id='word_1_147' title='bbox 1872 1258 2065 1313; x_wconf 85' lang='lat' dir='ltr'><strong>Filium</strong></span> <span class='ocrx_word' id='word_1_148' title='bbox 2100 1262 2254 1325; x_wconf 90' lang='lat' dir='ltr'><strong>dicit,</strong></span> <span class='ocrx_word' id='word_1_149' title='bbox 2290 1262 2496 1318; x_wconf 87' lang='lat' dir='ltr'><strong>idcirco</strong></span> <span class='ocrx_word' id='word_1_150' title='bbox 2539 1265 2838 1334; x_wconf 79' lang='lat' dir='ltr'><strong>putandum</strong></span> <span class='ocrx_word' id='word_1_151' title='bbox 2913 1274 2998 1319; x_wconf 88' lang='lat' dir='ltr'>est</span> <span class='ocrx_word' id='word_1_152' title='bbox 3042 1265 3289 1319; x_wconf 86' lang='lat' dir='ltr'><strong>innatum</strong></span> <span class='ocrx_word' id='word_1_153' title='bbox 3322 1270 3442 1336; x_wconf 89' lang='lat' dir='ltr'><strong>qui-</strong></span> 
     </span>
    </p>
   </div>
   <div class='ocr_carea' id='block_1_20' title="bbox 186 1344 1850 1426">
    <p class='ocr_par' dir='ltr' id='par_1_20' title="bbox 186 1344 1773 1421">
     <span class='ocr_line' id='line_1_20' title="bbox 186 1344 1773 1421; baseline 0.005 -26"><span class='ocrx_word' id='word_1_154' title='bbox 186 1344 265 1407; x_wconf 82' lang='grc' dir='ltr'>ῶς</span> <span class='ocrx_word' id='word_1_155' title='bbox 312 1344 441 1407; x_wconf 72' lang='lat' dir='ltr'><strong>Tib;</strong></span> <span class='ocrx_word' id='word_1_156' title='bbox 480 1345 749 1417; x_wconf 85' lang='grc' dir='ltr'>ἀληθινός.</span> <span class='ocrx_word' id='word_1_157' title='bbox 794 1348 1013 1419; x_wconf 83' lang='grc' dir='ltr'>Ἐπειδὴ</span> <span class='ocrx_word' id='word_1_158' title='bbox 1048 1349 1105 1403; x_wconf 83' lang='grc' dir='ltr'>δέ</span> <span class='ocrx_word' id='word_1_159' title='bbox 1153 1349 1293 1419; x_wconf 82' lang='grc' dir='ltr'>πρὸς</span> <span class='ocrx_word' id='word_1_160' title='bbox 1330 1350 1489 1403; x_wconf 86' lang='grc' dir='ltr'>τοῦτό</span> <span class='ocrx_word' id='word_1_161' title='bbox 1522 1368 1653 1421; x_wconf 86' lang='grc' dir='ltr'>φασι</span> <span class='ocrx_word' id='word_1_162' title='bbox 1680 1352 1773 1405; x_wconf 75' lang='grc' dir='ltr'>καὶ</span> 
     </span>
    </p>
   </div>
   <div class='ocr_carea' id='block_1_21' title="bbox 1780 1344 3444 1426">
    <p class='ocr_par' dir='ltr' id='par_1_21' title="bbox 1874 1349 3444 1426">
     <span class='ocr_line' id='line_1_21' title="bbox 1874 1349 3444 1426; baseline 0.005 -23"><span class='ocrx_word' id='word_1_163' title='bbox 1874 1349 1997 1404; x_wconf 87' lang='lat' dir='ltr'>dem</span> <span class='ocrx_word' id='word_1_164' title='bbox 2040 1352 2090 1406; x_wconf 90' lang='lat' dir='ltr'>ei</span> <span class='ocrx_word' id='word_1_165' title='bbox 2132 1368 2256 1408; x_wconf 89' lang='lat' dir='ltr'><strong>esse</strong></span> <span class='ocrx_word' id='word_1_166' title='bbox 2296 1352 2568 1420; x_wconf 82' lang='lat' dir='ltr'><strong>Verbum,</strong></span> <span class='ocrx_word' id='word_1_167' title='bbox 2608 1357 2703 1412; x_wconf 86' lang='lat' dir='ltr'>sed</span> <span class='ocrx_word' id='word_1_168' title='bbox 2756 1356 2901 1410; x_wconf 86' lang='lat' dir='ltr'><strong>aliud</strong></span> <span class='ocrx_word' id='word_1_169' title='bbox 2941 1355 3200 1426; x_wconf 89' lang='lat' dir='ltr'><strong>quiddam</strong></span> <span class='ocrx_word' id='word_1_170' title='bbox 3254 1358 3323 1412; x_wconf 89' lang='lat' dir='ltr'>ab</span> <span class='ocrx_word' id='word_1_171' title='bbox 3353 1359 3444 1411; x_wconf 93' lang='lat' dir='ltr'><strong>illo</strong></span> 
     </span>
    </p>
   </div>
   <div class='ocr_carea' id='block_1_22' title="bbox 185 1434 1849 1515">
    <p class='ocr_par' dir='ltr' id='par_1_22' title="bbox 185 1434 1774 1510">
     <span class='ocr_line' id='line_1_22' title="bbox 185 1434 1774 1510; baseline 0.006 -25"><span class='ocrx_word' id='word_1_172' title='bbox 185 1434 247 1486; x_wconf 88' lang='grc' dir='ltr'>τὸ</span> <span class='ocrx_word' id='word_1_173' title='bbox 283 1436 628 1505; x_wconf 82' lang='grc' dir='ltr'>συνημμένον</span> <span class='ocrx_word' id='word_1_174' title='bbox 658 1441 724 1507; x_wconf 78' lang='grc' dir='ltr'>τῇ</span> <span class='ocrx_word' id='word_1_175' title='bbox 755 1439 883 1509; x_wconf 80' lang='grc' dir='ltr'>παρ’</span> <span class='ocrx_word' id='word_1_176' title='bbox 910 1440 1088 1493; x_wconf 88' lang='grc' dir='ltr'>αὐτῶν</span> <span class='ocrx_word' id='word_1_177' title='bbox 1124 1440 1394 1494; x_wconf 78' lang='grc' dir='ltr'>ἀντιθέσει</span> <span class='ocrx_word' id='word_1_178' title='bbox 1423 1458 1437 1473; x_wconf 76' lang='grc' dir='ltr'><strong><em>ο</em></strong></span> <span class='ocrx_word' id='word_1_179' title='bbox 1481 1461 1500 1493; x_wconf 76' lang='grc' dir='ltr'>ι</span> <span class='ocrx_word' id='word_1_180' title='bbox 1552 1443 1647 1494; x_wconf 85' lang='grc' dir='ltr'>Ἐκ</span> <span class='ocrx_word' id='word_1_181' title='bbox 1675 1459 1774 1510; x_wconf 78' lang='grc' dir='ltr'>γα⁴</span> 
     </span>
    </p>
   </div>
   <div class='ocr_carea' id='block_1_23' title="bbox 1777 1434 3441 1515">
    <p class='ocr_par' dir='ltr' id='par_1_23' title="bbox 1872 1442 3441 1515">
     <span class='ocr_line' id='line_1_23' title="bbox 1872 1442 3441 1515; baseline 0.003 -21"><span class='ocrx_word' id='word_1_182' title='bbox 1872 1442 2295 1511; x_wconf 90' lang='lat' dir='ltr'><strong>concipiendum</strong></span> <span class='ocrx_word' id='word_1_183' title='bbox 2339 1459 2465 1501; x_wconf 86' lang='lat' dir='ltr'><strong>esse</strong></span> <span class='ocrx_word' id='word_1_184' title='bbox 2502 1443 2699 1500; x_wconf 87' lang='lat' dir='ltr'><strong>Filium</strong></span> <span class='ocrx_word' id='word_1_185' title='bbox 2739 1464 2751 1499; x_wconf 92' lang='lat'>:</span> <span class='ocrx_word' id='word_1_186' title='bbox 2788 1461 2976 1500; x_wconf 89' lang='lat' dir='ltr'><strong>verum</strong></span> <span class='ocrx_word' id='word_1_187' title='bbox 3019 1446 3149 1499; x_wconf 88' lang='lat' dir='ltr'><strong>illud</strong></span> <span class='ocrx_word' id='word_1_188' title='bbox 3208 1446 3441 1515; x_wconf 88' lang='lat' dir='ltr'><strong>primum</strong></span> 
     </span>
    </p>
   </div>
   <div class='ocr_carea' id='block_1_24' title="bbox 187 1526 1851 1608">
    <p class='ocr_par' dir='ltr' id='par_1_24' title="bbox 187 1526 1768 1603">
     <span class='ocr_line' id='line_1_24' title="bbox 187 1526 1768 1603; baseline 0.006 -27"><span class='ocrx_word' id='word_1_189' title='bbox 187 1526 351 1595; x_wconf 82' lang='grc' dir='ltr'>στρδς</span> <span class='ocrx_word' id='word_1_190' title='bbox 412 1527 517 1597; x_wconf 75' lang='grc' dir='ltr'>πρὸ</span> <span class='ocrx_word' id='word_1_191' title='bbox 557 1527 868 1600; x_wconf 83' lang='grc' dir='ltr'>Ἑωσφόρου</span> <span class='ocrx_word' id='word_1_192' title='bbox 931 1530 1255 1602; x_wconf 79' lang='grc' dir='ltr'>ἐξεγέννησά</span> <span class='ocrx_word' id='word_1_193' title='bbox 1305 1546 1394 1585; x_wconf 92' lang='grc' dir='ltr'>σε·</span> <span class='ocrx_word' id='word_1_194' title='bbox 1446 1551 1465 1584; x_wconf 75' lang='grc' dir='ltr'>ι</span> <span class='ocrx_word' id='word_1_195' title='bbox 1523 1532 1655 1603; x_wconf 82' lang='grc' dir='ltr'>φέρε</span> <span class='ocrx_word' id='word_1_196' title='bbox 1706 1533 1768 1602; x_wconf 81' lang='grc' dir='ltr'>δὴ</span> 
     </span>
    </p>
   </div>
   <div class='ocr_carea' id='block_1_25' title="bbox 1774 1526 3438 1608">
    <p class='ocr_par' dir='ltr' id='par_1_25' title="bbox 1870 1532 3438 1608">
     <span class='ocr_line' id='line_1_25' title="bbox 1870 1532 3438 1608; baseline 0.004 -23"><span class='ocrx_word' id='word_1_197' title='bbox 1870 1532 2011 1601; x_wconf 84' lang='lat' dir='ltr'><strong>apud</strong></span> <span class='ocrx_word' id='word_1_198' title='bbox 2044 1548 2143 1590; x_wconf 88' lang='lat' dir='ltr'>nos</span> <span class='ocrx_word' id='word_1_199' title='bbox 2188 1537 2623 1606; x_wconf 86' lang='lat' dir='ltr'><strong>perpendamus,</strong></span> <span class='ocrx_word' id='word_1_200' title='bbox 2663 1538 2808 1608; x_wconf 90' lang='lat' dir='ltr'><strong>quod</strong></span> <span class='ocrx_word' id='word_1_201' title='bbox 2843 1552 2967 1593; x_wconf 87' lang='lat' dir='ltr'>cum</span> <span class='ocrx_word' id='word_1_202' title='bbox 3009 1537 3284 1607; x_wconf 68' lang='lat' dir='ltr'><strong>prophetae</strong></span> <span class='ocrx_word' id='word_1_203' title='bbox 3314 1552 3438 1608; x_wconf 91' lang='lat' dir='ltr'><strong>pro-</strong></span> 
     </span>
    </p>
   </div>
   <div class='ocr_carea' id='block_1_26' title="bbox 188 1618 1852 1696">
    <p class='ocr_par' dir='ltr' id='par_1_26' title="bbox 188 1618 1769 1694">
     <span class='ocr_line' id='line_1_26' title="bbox 188 1618 1769 1694; baseline 0.004 -25"><span class='ocrx_word' id='word_1_204' title='bbox 188 1618 375 1684; x_wconf 81' lang='grc' dir='ltr'>πάλιν,</span> <span class='ocrx_word' id='word_1_205' title='bbox 408 1619 501 1671; x_wconf 80' lang='grc' dir='ltr'>καὶ</span> <span class='ocrx_word' id='word_1_206' title='bbox 532 1620 623 1673; x_wconf 75' lang='grc' dir='ltr'>ἐπὶ</span> <span class='ocrx_word' id='word_1_207' title='bbox 640 1621 811 1692; x_wconf 78' lang='grc' dir='ltr'>τούτῳ</span> <span class='ocrx_word' id='word_1_208' title='bbox 836 1622 927 1675; x_wconf 82' lang='grc' dir='ltr'>τὸν</span> <span class='ocrx_word' id='word_1_209' title='bbox 954 1622 1054 1693; x_wconf 80' lang='grc' dir='ltr'>τῆς</span> <span class='ocrx_word' id='word_1_210' title='bbox 1077 1623 1355 1687; x_wconf 88' lang='grc' dir='ltr'>εὐσεϐείας</span> <span class='ocrx_word' id='word_1_211' title='bbox 1371 1624 1769 1694; x_wconf 81' lang='grc' dir='ltr'>ἀναπτύξωμεν</span> 
     </span>
    </p>
   </div>
   <div class='ocr_carea' id='block_1_27' title="bbox 1774 1618 3438 1696">
    <p class='ocr_par' dir='ltr' id='par_1_27' title="bbox 1871 1622 3438 1696">
     <span class='ocr_line' id='line_1_27' title="bbox 1871 1622 3438 1696; baseline 0.003 -21"><span class='ocrx_word' id='word_1_212' title='bbox 1871 1622 2109 1690; x_wconf 90' lang='lat' dir='ltr'><strong>positum</strong></span> <span class='ocrx_word' id='word_1_213' title='bbox 2142 1633 2289 1679; x_wconf 80' lang='lat' dir='ltr'><strong>esset</strong></span> <span class='ocrx_word' id='word_1_214' title='bbox 2321 1626 2376 1679; x_wconf 90' lang='lat' dir='ltr'>in</span> <span class='ocrx_word' id='word_1_215' title='bbox 2414 1626 2612 1695; x_wconf 91' lang='lat' dir='ltr'><strong>spiritu</strong></span> <span class='ocrx_word' id='word_1_216' title='bbox 2659 1626 2805 1696; x_wconf 91' lang='lat' dir='ltr'><strong>loqui</strong></span> <span class='ocrx_word' id='word_1_217' title='bbox 2838 1627 3117 1696; x_wconf 84' lang='lat' dir='ltr'><strong>mysteria,</strong></span> <span class='ocrx_word' id='word_1_218' title='bbox 3151 1640 3438 1695; x_wconf 88' lang='lat' dir='ltr'><strong>personam</strong></span> 
     </span>
    </p>
   </div>
   <div class='ocr_carea' id='block_1_28' title="bbox 182 1712 1846 1789">
    <p class='ocr_par' dir='ltr' id='par_1_28' title="bbox 182 1712 1767 1789">
     <span class='ocr_line' id='line_1_28' title="bbox 182 1712 1767 1789; baseline 0.004 -27"><span class='ocrx_word' id='word_1_219' title='bbox 182 1712 364 1780; x_wconf 83' lang='grc' dir='ltr'>λόγον.</span> <span class='ocrx_word' id='word_1_220' title='bbox 396 1713 470 1765; x_wconf 88' lang='grc' dir='ltr'>υύ</span> <span class='ocrx_word' id='word_1_221' title='bbox 503 1714 611 1785; x_wconf 83' lang='grc' dir='ltr'>γὰρ</span> <span class='ocrx_word' id='word_1_222' title='bbox 648 1716 944 1786; x_wconf 82' lang='grc' dir='ltr'>ἐπειδήπερ</span> <span class='ocrx_word' id='word_1_223' title='bbox 979 1716 1047 1769; x_wconf 89' lang='grc' dir='ltr'>τά</span> <span class='ocrx_word' id='word_1_224' title='bbox 1074 1716 1298 1771; x_wconf 85' lang='grc' dir='ltr'>τοιαῦτά</span> <span class='ocrx_word' id='word_1_225' title='bbox 1335 1735 1468 1788; x_wconf 87' lang='grc' dir='ltr'>φησι</span> <span class='ocrx_word' id='word_1_226' title='bbox 1513 1720 1642 1789; x_wconf 75' lang='grc' dir='ltr'>πρὸς</span> <span class='ocrx_word' id='word_1_227' title='bbox 1676 1720 1767 1772; x_wconf 79' lang='grc' dir='ltr'>τὸν</span> 
     </span>
    </p>
   </div>
   <div class='ocr_carea' id='block_1_29' title="bbox 1775 1712 3439 1789">
    <p class='ocr_par' dir='ltr' id='par_1_29' title="bbox 1874 1713 3439 1786">
     <span class='ocr_line' id='line_1_29' title="bbox 1874 1713 3439 1786; baseline 0.003 -21"><span class='ocrx_word' id='word_1_228' title='bbox 1874 1713 2032 1767; x_wconf 89' lang='lat' dir='ltr'><strong>nobis</strong></span> <span class='ocrx_word' id='word_1_229' title='bbox 2078 1715 2232 1784; x_wconf 80' lang='lat' dir='ltr'><strong>lingit</strong></span> <span class='ocrx_word' id='word_1_230' title='bbox 2269 1713 2415 1781; x_wconf 89' lang='lat' dir='ltr'><strong>Filii,</strong></span> <span class='ocrx_word' id='word_1_231' title='bbox 2452 1716 2697 1786; x_wconf 89' lang='lat' dir='ltr'><strong>adeoque</strong></span> <span class='ocrx_word' id='word_1_232' title='bbox 2746 1715 2957 1770; x_wconf 84' lang='lat' dir='ltr'><strong>inducit</strong></span> <span class='ocrx_word' id='word_1_233' title='bbox 3011 1717 3188 1785; x_wconf 90' lang='lat' dir='ltr'><strong>ipsum</strong></span> <span class='ocrx_word' id='word_1_234' title='bbox 3220 1729 3250 1767; x_wconf 88' lang='lat' dir='ltr'>a</span> <span class='ocrx_word' id='word_1_235' title='bbox 3281 1715 3439 1769; x_wconf 78' lang='lat' dir='ltr'><strong>Patre</strong></span> 
     </span>
    </p>
   </div>
   <div class='ocr_carea' id='block_1_30' title="bbox 184 1803 1848 1879">
    <p class='ocr_par' dir='ltr' id='par_1_30' title="bbox 184 1803 1838 1879">
     <span class='ocr_line' id='line_1_30' title="bbox 184 1803 1838 1879; baseline 0.004 -24"><span class='ocrx_word' id='word_1_236' title='bbox 184 1803 314 1856; x_wconf 78' lang='grc' dir='ltr'>Υἰὺν</span> <span class='ocrx_word' id='word_1_237' title='bbox 341 1803 371 1855; x_wconf 90' lang='grc' dir='ltr'>ὀ</span> <span class='ocrx_word' id='word_1_238' title='bbox 398 1804 608 1875; x_wconf 84' lang='grc' dir='ltr'>Πατὴρ,</span> <span class='ocrx_word' id='word_1_239' title='bbox 644 1804 732 1857; x_wconf 81' lang='grc' dir='ltr'>διὰ</span> <span class='ocrx_word' id='word_1_240' title='bbox 757 1805 915 1858; x_wconf 86' lang='grc' dir='ltr'>τοῦτο</span> <span class='ocrx_word' id='word_1_241' title='bbox 935 1806 1000 1876; x_wconf 79' lang='grc' dir='ltr'>δὴ</span> <span class='ocrx_word' id='word_1_242' title='bbox 1032 1807 1251 1869; x_wconf 83' lang='grc' dir='ltr'>πάντως</span> <span class='ocrx_word' id='word_1_243' title='bbox 1273 1809 1478 1861; x_wconf 76' lang='grc' dir='ltr'>οἴεσθαι</span> <span class='ocrx_word' id='word_1_244' title='bbox 1515 1808 1641 1879; x_wconf 84' lang='grc' dir='ltr'>χρὴ,</span> <span class='ocrx_word' id='word_1_245' title='bbox 1675 1809 1766 1861; x_wconf 85' lang='grc' dir='ltr'>Λό-</span> <span class='ocrx_word' id='word_1_246' title='bbox 1798 1866 1838 1879; x_wconf 79' lang='lat'>__</span> 
     </span>
    </p>
   </div>
   <div class='ocr_carea' id='block_1_31' title="bbox 1774 1803 3438 1879">
    <p class='ocr_par' dir='ltr' id='par_1_31' title="bbox 1798 1805 3438 1879">
     <span class='ocr_line' id='line_1_31' title="bbox 1798 1805 3438 1879; baseline 0.002 -23"><span class='ocrx_word' id='word_1_247' title='bbox 1798 1866 1838 1879; x_wconf 37' lang='lat' dir='ltr'><strong>ﬁ</strong></span> <span class='ocrx_word' id='word_1_248' title='bbox 1869 1805 2220 1861; x_wconf 87' lang='lat' dir='ltr'><strong>audientem:</strong></span> <span class='ocrx_word' id='word_1_249' title='bbox 2265 1825 2283 1859; x_wconf 79' lang='grc' dir='ltr'>ι</span> <span class='ocrx_word' id='word_1_250' title='bbox 2321 1805 2494 1862; x_wconf 82' lang='lat' dir='ltr'><strong>Filius</strong></span> <span class='ocrx_word' id='word_1_251' title='bbox 2529 1822 2684 1862; x_wconf 90' lang='lat' dir='ltr'><strong>meus</strong></span> <span class='ocrx_word' id='word_1_252' title='bbox 2732 1822 2792 1862; x_wconf 87' lang='lat' dir='ltr'>es</span> <span class='ocrx_word' id='word_1_253' title='bbox 2844 1807 2958 1860; x_wconf 79' lang='lat' dir='ltr'>tu&quot;</span> <span class='ocrx_word' id='word_1_254' title='bbox 2983 1848 2997 1873; x_wconf 90' lang='lat'>,</span> <span class='ocrx_word' id='word_1_255' title='bbox 3038 1825 3057 1858; x_wconf 78' lang='grc' dir='ltr'>ι</span> <span class='ocrx_word' id='word_1_256' title='bbox 3091 1812 3146 1861; x_wconf 90' lang='lat' dir='ltr'>et</span> <span class='ocrx_word' id='word_1_257' title='bbox 3181 1821 3304 1875; x_wconf 76' lang='lat' dir='ltr'><strong>qua:</strong></span> <span class='ocrx_word' id='word_1_258' title='bbox 3356 1820 3438 1860; x_wconf 83' lang='lat' dir='ltr'><strong>se-</strong></span> 
     </span>
    </p>
   </div>
   <div class='ocr_carea' id='block_1_32' title="bbox 180 1866 1844 1969">
    <p class='ocr_par' dir='ltr' id='par_1_32' title="bbox 180 1866 1840 1969">
     <span class='ocr_line' id='line_1_32' title="bbox 180 1866 1840 1969; baseline 0.001 -21"><span class='ocrx_word' id='word_1_259' title='bbox 180 1912 275 1960; x_wconf 87' lang='grc' dir='ltr'>γον</span> <span class='ocrx_word' id='word_1_260' title='bbox 299 1894 400 1965; x_wconf 88' lang='grc' dir='ltr'>μέν</span> <span class='ocrx_word' id='word_1_261' title='bbox 425 1866 698 1965; x_wconf 44' lang='lat' dir='ltr'><strong>fimi-piem</strong></span> <span class='ocrx_word' id='word_1_262' title='bbox 730 1895 970 1966; x_wconf 81' lang='grc' dir='ltr'>ἔμφυτον</span> <span class='ocrx_word' id='word_1_263' title='bbox 988 1866 1167 1966; x_wconf 68' lang='grc' dir='ltr'>ἀύτῷ,</span> <span class='ocrx_word' id='word_1_264' title='bbox 1198 1866 1385 1969; x_wconf 79' lang='grc' dir='ltr'>ἓτερον</span> <span class='ocrx_word' id='word_1_265' title='bbox 1412 1898 1468 1950; x_wconf 82' lang='grc' dir='ltr'>δέ</span> <span class='ocrx_word' id='word_1_266' title='bbox 1484 1866 1763 1967; x_wconf 57' lang='grc' dir='ltr'>τὶζίαἰτασ</span> <span class='ocrx_word' id='word_1_267' title='bbox 1798 1866 1840 1925; x_wconf 72' lang='grc' dir='ltr'><strong><em>Β</em></strong></span> 
     </span>
    </p>
   </div>
   <div class='ocr_carea' id='block_1_33' title="bbox 1770 1866 3434 1969">
    <p class='ocr_par' dir='ltr' id='par_1_33' title="bbox 1798 1866 3434 1967">
     <span class='ocr_line' id='line_1_33' title="bbox 1798 1866 3434 1967; baseline 0.002 -18"><span class='ocrx_word' id='word_1_268' title='bbox 1798 1866 1840 1925; x_wconf 72' lang='grc' dir='ltr'><strong><em>Β</em></strong></span> <span class='ocrx_word' id='word_1_269' title='bbox 1867 1905 2133 1965; x_wconf 89' lang='lat' dir='ltr'><strong>quuntur.</strong></span> <span class='ocrx_word' id='word_1_270' title='bbox 2172 1898 2355 1967; x_wconf 83' lang='lat' dir='ltr'><strong>Neque</strong></span> <span class='ocrx_word' id='word_1_271' title='bbox 2386 1914 2513 1952; x_wconf 88' lang='lat' dir='ltr'><strong>vero</strong></span> <span class='ocrx_word' id='word_1_272' title='bbox 2543 1898 2785 1952; x_wconf 89' lang='lat' dir='ltr'><strong>humano</strong></span> <span class='ocrx_word' id='word_1_273' title='bbox 2815 1913 2969 1954; x_wconf 92' lang='lat' dir='ltr'><strong>more</strong></span> <span class='ocrx_word' id='word_1_274' title='bbox 2994 1898 3171 1954; x_wconf 85' lang='lat' dir='ltr'><strong>eﬂicta</strong></span> <span class='ocrx_word' id='word_1_275' title='bbox 3208 1899 3434 1960; x_wconf 86' lang='lat' dir='ltr'><strong>locutio,</strong></span> 
     </span>
    </p>
   </div>
   <div class='ocr_carea' id='block_1_34' title="bbox 180 1986 1844 2061">
    <p class='ocr_par' dir='ltr' id='par_1_34' title="bbox 180 1986 1765 2059">
     <span class='ocr_line' id='line_1_34' title="bbox 180 1986 1765 2059; baseline 0.004 -23"><span class='ocrx_word' id='word_1_276' title='bbox 180 1986 391 2038; x_wconf 79' lang='grc' dir='ltr'>ἐκεῖνον</span> <span class='ocrx_word' id='word_1_277' title='bbox 422 1986 622 2039; x_wconf 76' lang='grc' dir='ltr'>ἐννοεῖν</span> <span class='ocrx_word' id='word_1_278' title='bbox 664 1987 753 2040; x_wconf 79' lang='grc' dir='ltr'>τὸν</span> <span class='ocrx_word' id='word_1_279' title='bbox 807 1987 965 2040; x_wconf 78' lang='grc' dir='ltr'>Υἱόν’</span> <span class='ocrx_word' id='word_1_280' title='bbox 1003 1988 1138 2041; x_wconf 85' lang='grc' dir='ltr'>ἀλλά</span> <span class='ocrx_word' id='word_1_281' title='bbox 1182 1989 1396 2059; x_wconf 90' lang='grc' dir='ltr'>πρῶτον</span> <span class='ocrx_word' id='word_1_282' title='bbox 1449 1989 1549 2057; x_wconf 86' lang='grc' dir='ltr'>μὲν</span> <span class='ocrx_word' id='word_1_283' title='bbox 1588 1990 1765 2042; x_wconf 86' lang='grc' dir='ltr'>ἐκεῖνο</span> 
     </span>
    </p>
   </div>
   <div class='ocr_carea' id='block_1_35' title="bbox 1771 1986 3435 2061">
    <p class='ocr_par' dir='ltr' id='par_1_35' title="bbox 1865 1990 3435 2061">
     <span class='ocr_line' id='line_1_35' title="bbox 1865 1990 3435 2061; baseline -0.001 -17"><span class='ocrx_word' id='word_1_284' title='bbox 1865 1990 1974 2045; x_wconf 90' lang='lat' dir='ltr'>duo</span> <span class='ocrx_word' id='word_1_285' title='bbox 2014 1991 2186 2047; x_wconf 87' lang='lat' dir='ltr'><strong>Verba</strong></span> <span class='ocrx_word' id='word_1_286' title='bbox 2223 1990 2522 2061; x_wconf 79' lang='lat' dir='ltr'><strong>intelligere</strong></span> <span class='ocrx_word' id='word_1_287' title='bbox 2564 2006 2665 2046; x_wconf 89' lang='lat' dir='ltr'>nos</span> <span class='ocrx_word' id='word_1_288' title='bbox 2722 1990 2936 2061; x_wconf 82' lang='lat' dir='ltr'><strong>adiget,</strong></span> <span class='ocrx_word' id='word_1_289' title='bbox 2969 1990 3067 2045; x_wconf 85' lang='lat' dir='ltr'>sed</span> <span class='ocrx_word' id='word_1_290' title='bbox 3096 1990 3163 2044; x_wconf 85' lang='lat' dir='ltr'>ad</span> <span class='ocrx_word' id='word_1_291' title='bbox 3194 1999 3435 2045; x_wconf 91' lang='lat' dir='ltr'><strong>nostram</strong></span> 
     </span>
    </p>
   </div>
   <div class='ocr_carea' id='block_1_36' title="bbox 181 2076 1845 2151">
    <p class='ocr_par' dir='ltr' id='par_1_36' title="bbox 181 2076 1763 2151">
     <span class='ocr_line' id='line_1_36' title="bbox 181 2076 1763 2151; baseline 0.006 -26"><span class='ocrx_word' id='word_1_292' title='bbox 181 2076 302 2128; x_wconf 83' lang='grc' dir='ltr'>καθ’</span> <span class='ocrx_word' id='word_1_293' title='bbox 328 2076 555 2140; x_wconf 69' lang='grc' dir='ltr'>ἑαυτοὺς</span> <span class='ocrx_word' id='word_1_294' title='bbox 588 2076 971 2149; x_wconf 76' lang='grc' dir='ltr'>ἐνθυμώμεθα,</span> <span class='ocrx_word' id='word_1_295' title='bbox 1003 2079 1085 2131; x_wconf 82' lang='grc' dir='ltr'>ὅτι</span> <span class='ocrx_word' id='word_1_296' title='bbox 1109 2082 1394 2150; x_wconf 77' lang='grc' dir='ltr'>προφήτης</span> <span class='ocrx_word' id='word_1_297' title='bbox 1414 2082 1469 2132; x_wconf 89' lang='grc' dir='ltr'>ἐν</span> <span class='ocrx_word' id='word_1_298' title='bbox 1494 2081 1763 2151; x_wconf 87' lang='grc' dir='ltr'>πνεύματι</span> 
     </span>
    </p>
   </div>
   <div class='ocr_carea' id='block_1_37' title="bbox 1768 2076 3432 2151">
    <p class='ocr_par' dir='ltr' id='par_1_37' title="bbox 1864 2081 3432 2150">
     <span class='ocr_line' id='line_1_37' title="bbox 1864 2081 3432 2150; baseline -0.003 -12"><span class='ocrx_word' id='word_1_299' title='bbox 1864 2084 2313 2138; x_wconf 72' lang='lat' dir='ltr'><strong>consuetudinem</strong></span> <span class='ocrx_word' id='word_1_300' title='bbox 2370 2081 2684 2138; x_wconf 89' lang='lat' dir='ltr'><strong>istiusmodi</strong></span> <span class='ocrx_word' id='word_1_301' title='bbox 2756 2082 3132 2137; x_wconf 74' lang='lat' dir='ltr'><strong>necessarium</strong></span> <span class='ocrx_word' id='word_1_302' title='bbox 3181 2081 3432 2150; x_wconf 86' lang='lat' dir='ltr'><strong>loquendi</strong></span> 
     </span>
    </p>
   </div>
   <div class='ocr_carea' id='block_1_38' title="bbox 180 2166 1844 2245">
    <p class='ocr_par' dir='ltr' id='par_1_38' title="bbox 180 2166 1762 2243">
     <span class='ocr_line' id='line_1_38' title="bbox 180 2166 1762 2243; baseline 0.003 -25"><span class='ocrx_word' id='word_1_303' title='bbox 180 2166 364 2220; x_wconf 83' lang='grc' dir='ltr'>λαλεῖν</span> <span class='ocrx_word' id='word_1_304' title='bbox 426 2168 731 2239; x_wconf 78' lang='grc' dir='ltr'>μελετήσας</span> <span class='ocrx_word' id='word_1_305' title='bbox 808 2170 1102 2240; x_wconf 79' lang='grc' dir='ltr'>μυστήρια,</span> <span class='ocrx_word' id='word_1_306' title='bbox 1167 2170 1226 2222; x_wconf 84' lang='grc' dir='ltr'>τὸ</span> <span class='ocrx_word' id='word_1_307' title='bbox 1281 2170 1573 2243; x_wconf 87' lang='grc' dir='ltr'>πρόσωπον</span> <span class='ocrx_word' id='word_1_308' title='bbox 1631 2174 1762 2241; x_wconf 80' lang='grc' dir='ltr'>ἡμῖν</span> 
     </span>
    </p>
   </div>
   <div class='ocr_carea' id='block_1_39' title="bbox 1769 2166 3433 2245">
    <p class='ocr_par' dir='ltr' id='par_1_39' title="bbox 1863 2172 3433 2245">
     <span class='ocr_line' id='line_1_39' title="bbox 1863 2172 3433 2245; baseline -0.003 -16"><span class='ocrx_word' id='word_1_309' title='bbox 1863 2190 2039 2245; x_wconf 88' lang='lat' dir='ltr'><strong>genus</strong></span> <span class='ocrx_word' id='word_1_310' title='bbox 2069 2173 2373 2229; x_wconf 79' lang='lat' dir='ltr'><strong>referentes</strong></span> <span class='ocrx_word' id='word_1_311' title='bbox 2397 2214 2412 2240; x_wconf 92' lang='lat'>,</span> <span class='ocrx_word' id='word_1_312' title='bbox 2455 2188 2563 2228; x_wconf 91' lang='lat' dir='ltr'>non</span> <span class='ocrx_word' id='word_1_313' title='bbox 2595 2172 2803 2244; x_wconf 78' lang='lat' dir='ltr'><strong>injuria</strong></span> <span class='ocrx_word' id='word_1_314' title='bbox 2849 2184 3050 2228; x_wconf 65' lang='lat' dir='ltr'><strong>nostra:</strong></span> <span class='ocrx_word' id='word_1_315' title='bbox 3091 2184 3303 2227; x_wconf 68' lang='lat' dir='ltr'><strong>naturae</strong></span> <span class='ocrx_word' id='word_1_316' title='bbox 3335 2176 3433 2226; x_wconf 85' lang='lat' dir='ltr'><strong>im-</strong></span> 
     </span>
    </p>
   </div>
   <div class='ocr_carea' id='block_1_40' title="bbox 179 2256 1843 2331">
    <p class='ocr_par' dir='ltr' id='par_1_40' title="bbox 179 2256 1759 2331">
     <span class='ocr_line' id='line_1_40' title="bbox 179 2256 1759 2331; baseline 0.003 -24"><span class='ocrx_word' id='word_1_317' title='bbox 179 2256 535 2327; x_wconf 88' lang='grc' dir='ltr'>ὐποκρίνεται</span> <span class='ocrx_word' id='word_1_318' title='bbox 569 2256 664 2310; x_wconf 87' lang='grc' dir='ltr'>τοῦ</span> <span class='ocrx_word' id='word_1_319' title='bbox 698 2256 849 2323; x_wconf 86' lang='grc' dir='ltr'>Υἱοῦ,</span> <span class='ocrx_word' id='word_1_320' title='bbox 883 2258 975 2311; x_wconf 78' lang='grc' dir='ltr'>καὶ</span> <span class='ocrx_word' id='word_1_321' title='bbox 995 2258 1057 2327; x_wconf 85' lang='grc' dir='ltr'>δὴ</span> <span class='ocrx_word' id='word_1_322' title='bbox 1094 2259 1186 2312; x_wconf 73' lang='grc' dir='ltr'>καὶ</span> <span class='ocrx_word' id='word_1_323' title='bbox 1220 2259 1459 2329; x_wconf 75' lang='grc' dir='ltr'>εἰσφέρει</span> <span class='ocrx_word' id='word_1_324' title='bbox 1493 2261 1639 2331; x_wconf 82' lang='grc' dir='ltr'>παρά</span> <span class='ocrx_word' id='word_1_325' title='bbox 1666 2262 1759 2314; x_wconf 82' lang='grc' dir='ltr'>τοῦ</span> 
     </span>
    </p>
   </div>
   <div class='ocr_carea' id='block_1_41' title="bbox 1768 2256 3432 2331">
    <p class='ocr_par' dir='ltr' id='par_1_41' title="bbox 1863 2265 3432 2329">
     <span class='ocr_line' id='line_1_41' title="bbox 1863 2265 3432 2329; baseline -0.004 -4"><span class='ocrx_word' id='word_1_326' title='bbox 1863 2267 2216 2325; x_wconf 88' lang='lat' dir='ltr'><strong>becillitatem</strong></span> <span class='ocrx_word' id='word_1_327' title='bbox 2272 2265 2692 2329; x_wconf 82' lang='lat' dir='ltr'><strong>accusabimus,</strong></span> <span class='ocrx_word' id='word_1_328' title='bbox 2752 2267 2841 2320; x_wconf 91' lang='lat' dir='ltr'>cui</span> <span class='ocrx_word' id='word_1_329' title='bbox 2890 2266 3090 2321; x_wconf 83' lang='lat' dir='ltr'><strong>desunt</strong></span> <span class='ocrx_word' id='word_1_330' title='bbox 3156 2265 3321 2320; x_wconf 82' lang='lat' dir='ltr'><strong>verba</strong></span> <span class='ocrx_word' id='word_1_331' title='bbox 3379 2274 3432 2320; x_wconf 90' lang='lat' dir='ltr'>et</span> 
     </span>
    </p>
   </div>
   <div class='ocr_carea' id='block_1_42' title="bbox 179 2345 1843 2427">
    <p class='ocr_par' dir='ltr' id='par_1_42' title="bbox 179 2345 1759 2419">
     <span class='ocr_line' id='line_1_42' title="bbox 179 2345 1759 2419; baseline 0.004 -20"><span class='ocrx_word' id='word_1_332' title='bbox 179 2347 393 2418; x_wconf 76' lang='grc' dir='ltr'>Πατρός</span> <span class='ocrx_word' id='word_1_333' title='bbox 419 2347 684 2401; x_wconf 82' lang='grc' dir='ltr'>ἀκούοντα</span> <span class='ocrx_word' id='word_1_334' title='bbox 712 2348 872 2401; x_wconf 81' lang='grc' dir='ltr'>αὐτόν</span> <span class='ocrx_word' id='word_1_335' title='bbox 895 2364 909 2381; x_wconf 80' lang='grc' dir='ltr'><strong>ο</strong></span> <span class='ocrx_word' id='word_1_336' title='bbox 954 2368 971 2401; x_wconf 81' lang='grc' dir='ltr'>ι</span> <span class='ocrx_word' id='word_1_337' title='bbox 1006 2349 1132 2411; x_wconf 86' lang='grc' dir='ltr'>Υἱός</span> <span class='ocrx_word' id='word_1_338' title='bbox 1167 2366 1269 2419; x_wconf 90' lang='grc' dir='ltr'>μου</span> <span class='ocrx_word' id='word_1_339' title='bbox 1307 2345 1359 2402; x_wconf 83' lang='grc' dir='ltr'>εί</span> <span class='ocrx_word' id='word_1_340' title='bbox 1397 2352 1484 2412; x_wconf 79' lang='grc' dir='ltr'>σὺ,</span> <span class='ocrx_word' id='word_1_341' title='bbox 1525 2370 1544 2403; x_wconf 74' lang='grc' dir='ltr'>ι</span> <span class='ocrx_word' id='word_1_342' title='bbox 1580 2352 1671 2404; x_wconf 67' lang='grc' dir='ltr'>καὶ</span> <span class='ocrx_word' id='word_1_343' title='bbox 1690 2353 1759 2405; x_wconf 84' lang='grc' dir='ltr'>τά</span> 
     </span>
    </p>
   </div>
   <div class='ocr_carea' id='block_1_43' title="bbox 1769 2345 3433 2427">
    <p class='ocr_par' dir='ltr' id='par_1_43' title="bbox 1860 2354 3433 2427">
     <span class='ocr_line' id='line_1_43' title="bbox 1860 2354 3433 2427; baseline -0.003 -13"><span class='ocrx_word' id='word_1_344' title='bbox 1860 2358 2382 2427; x_wconf 85' lang='lat' dir='ltr'><strong>contemplationes,</strong></span> <span class='ocrx_word' id='word_1_345' title='bbox 2448 2370 2570 2425; x_wconf 41' lang='lat' dir='ltr'><strong>quae</strong></span> <span class='ocrx_word' id='word_1_346' title='bbox 2628 2355 2907 2425; x_wconf 85' lang='lat' dir='ltr'><strong>mysteriis</strong></span> <span class='ocrx_word' id='word_1_347' title='bbox 2973 2354 3191 2427; x_wconf 82' lang='lat' dir='ltr'><strong>ingenio</strong></span> <span class='ocrx_word' id='word_1_348' title='bbox 3245 2363 3433 2410; x_wconf 86' lang='lat' dir='ltr'><strong>nostro</strong></span> 
     </span>
    </p>
   </div>
   <div class='ocr_carea' id='block_1_44' title="bbox 178 2437 1842 2515">
    <p class='ocr_par' dir='ltr' id='par_1_44' title="bbox 178 2437 1759 2513">
     <span class='ocr_line' id='line_1_44' title="bbox 178 2437 1759 2513; baseline 0.004 -24"><span class='ocrx_word' id='word_1_349' title='bbox 178 2437 386 2501; x_wconf 77' lang='grc' dir='ltr'>τούτοις</span> <span class='ocrx_word' id='word_1_350' title='bbox 414 2438 702 2493; x_wconf 87' lang='grc' dir='ltr'>ἀκόλουθα.</span> <span class='ocrx_word' id='word_1_351' title='bbox 744 2440 854 2493; x_wconf 78' lang='grc' dir='ltr'>Καὶ</span> <span class='ocrx_word' id='word_1_352' title='bbox 898 2441 959 2492; x_wconf 91' lang='grc' dir='ltr'>οὐ</span> <span class='ocrx_word' id='word_1_353' title='bbox 993 2440 1166 2510; x_wconf 86' lang='grc' dir='ltr'>δήπου</span> <span class='ocrx_word' id='word_1_354' title='bbox 1217 2441 1491 2513; x_wconf 84' lang='grc' dir='ltr'>πάντωςή</span> <span class='ocrx_word' id='word_1_355' title='bbox 1528 2442 1669 2495; x_wconf 85' lang='grc' dir='ltr'>κατὰ</span> <span class='ocrx_word' id='word_1_356' title='bbox 1697 2444 1759 2497; x_wconf 85' lang='grc' dir='ltr'>τὸ</span> 
     </span>
    </p>
   </div>
   <div class='ocr_carea' id='block_1_45' title="bbox 1768 2437 3432 2515">
    <p class='ocr_par' dir='ltr' id='par_1_45' title="bbox 1861 2445 3432 2515">
     <span class='ocr_line' id='line_1_45' title="bbox 1861 2445 3432 2515; baseline -0.001 -14"><span class='ocrx_word' id='word_1_357' title='bbox 1861 2447 2146 2502; x_wconf 88' lang='lat' dir='ltr'><strong>altioribus</strong></span> <span class='ocrx_word' id='word_1_358' title='bbox 2183 2455 2370 2501; x_wconf 81' lang='lat' dir='ltr'><strong>exacte</strong></span> <span class='ocrx_word' id='word_1_359' title='bbox 2417 2445 2755 2515; x_wconf 70' lang='lat' dir='ltr'><strong>explicandis</strong></span> <span class='ocrx_word' id='word_1_360' title='bbox 2810 2446 3151 2508; x_wconf 85' lang='lat' dir='ltr'><strong>inserviant,</strong></span> <span class='ocrx_word' id='word_1_361' title='bbox 3218 2454 3312 2500; x_wconf 90' lang='lat' dir='ltr'>aut</span> <span class='ocrx_word' id='word_1_362' title='bbox 3344 2461 3432 2500; x_wconf 64' lang='grc' dir='ltr'>ιτς</span> 
     </span>
    </p>
   </div>
   <div class='ocr_carea' id='block_1_46' title="bbox 175 2529 1839 2611">
    <p class='ocr_par' dir='ltr' id='par_1_46' title="bbox 175 2529 1759 2603">
     <span class='ocr_line' id='line_1_46' title="bbox 175 2529 1759 2603; baseline 0.004 -22"><span class='ocrx_word' id='word_1_363' title='bbox 175 2529 521 2600; x_wconf 85' lang='grc' dir='ltr'>ἀνθρώπινον</span> <span class='ocrx_word' id='word_1_364' title='bbox 573 2534 760 2601; x_wconf 80' lang='grc' dir='ltr'>σχῆμα</span> <span class='ocrx_word' id='word_1_365' title='bbox 796 2533 1061 2602; x_wconf 86' lang='grc' dir='ltr'>γενομένη</span> <span class='ocrx_word' id='word_1_366' title='bbox 1108 2533 1369 2603; x_wconf 86' lang='grc' dir='ltr'>διασκευὴ</span> <span class='ocrx_word' id='word_1_367' title='bbox 1411 2533 1504 2586; x_wconf 80' lang='grc' dir='ltr'>δύο</span> <span class='ocrx_word' id='word_1_368' title='bbox 1550 2534 1759 2603; x_wconf 84' lang='grc' dir='ltr'>Λόγους</span> 
     </span>
    </p>
   </div>
   <div class='ocr_carea' id='block_1_47' title="bbox 1767 2529 3431 2611">
    <p class='ocr_par' dir='ltr' id='par_1_47' title="bbox 1858 2537 3431 2611">
     <span class='ocr_line' id='line_1_47' title="bbox 1858 2537 3431 2611; baseline 0.003 -22"><span class='ocrx_word' id='word_1_369' title='bbox 1858 2539 2044 2595; x_wconf 86' lang='lat' dir='ltr'><strong>deitati</strong></span> <span class='ocrx_word' id='word_1_370' title='bbox 2100 2545 2469 2609; x_wconf 83' lang='lat' dir='ltr'><strong>congruentes</strong></span> <span class='ocrx_word' id='word_1_371' title='bbox 2546 2539 2823 2608; x_wconf 89' lang='lat' dir='ltr'><strong>inculpatc</strong></span> <span class='ocrx_word' id='word_1_372' title='bbox 2903 2537 3012 2611; x_wconf 57' lang='lat'>35</span> <span class='ocrx_word' id='word_1_373' title='bbox 3082 2539 3431 2610; x_wconf 86' lang='lat' dir='ltr'><strong>interpretari</strong></span> 
     </span>
    </p>
   </div>
   <div class='ocr_carea' id='block_1_48' title="bbox 174 2620 1838 2699">
    <p class='ocr_par' dir='ltr' id='par_1_48' title="bbox 174 2620 1757 2694">
     <span class='ocr_line' id='line_1_48' title="bbox 174 2620 1757 2694; baseline 0.003 -23"><span class='ocrx_word' id='word_1_374' title='bbox 174 2620 323 2689; x_wconf 75' lang='grc' dir='ltr'>ἡμᾶς</span> <span class='ocrx_word' id='word_1_375' title='bbox 356 2621 658 2689; x_wconf 83' lang='grc' dir='ltr'>ἀναγκάσει</span> <span class='ocrx_word' id='word_1_376' title='bbox 710 2622 872 2685; x_wconf 81' lang='grc' dir='ltr'>νοεῖν,</span> <span class='ocrx_word' id='word_1_377' title='bbox 910 2622 1049 2676; x_wconf 90' lang='grc' dir='ltr'>ἀλλά</span> <span class='ocrx_word' id='word_1_378' title='bbox 1077 2625 1190 2687; x_wconf 83' lang='grc' dir='ltr'>τοῖς</span> <span class='ocrx_word' id='word_1_379' title='bbox 1244 2623 1534 2694; x_wconf 78' lang='grc' dir='ltr'>ἡμετέροις</span> <span class='ocrx_word' id='word_1_380' title='bbox 1580 2624 1757 2677; x_wconf 70' lang='grc' dir='ltr'>ἔθεσιν</span> 
     </span>
    </p>
   </div>
   <div class='ocr_carea' id='block_1_49' title="bbox 1768 2620 3432 2699">
    <p class='ocr_par' dir='ltr' id='par_1_49' title="bbox 1859 2628 3432 2699">
     <span class='ocr_line' id='line_1_49' title="bbox 1859 2628 3432 2699; baseline 0.001 -16"><span class='ocrx_word' id='word_1_381' title='bbox 1859 2632 2126 2685; x_wconf 83' lang='lat' dir='ltr'><strong>valeant:</strong></span> <span class='ocrx_word' id='word_1_382' title='bbox 2174 2629 2271 2684; x_wconf 91' lang='lat' dir='ltr'>sed</span> <span class='ocrx_word' id='word_1_383' title='bbox 2319 2637 2576 2683; x_wconf 89' lang='lat' dir='ltr'><strong>naturam</strong></span> <span class='ocrx_word' id='word_1_384' title='bbox 2636 2644 2797 2699; x_wconf 89' lang='lat' dir='ltr'><strong>porro</strong></span> <span class='ocrx_word' id='word_1_385' title='bbox 2845 2628 3085 2683; x_wconf 82' lang='lat' dir='ltr'><strong>divinant</strong></span> <span class='ocrx_word' id='word_1_386' title='bbox 3138 2638 3319 2684; x_wconf 89' lang='lat' dir='ltr'><strong>mente</strong></span> <span class='ocrx_word' id='word_1_387' title='bbox 3380 2638 3432 2684; x_wconf 87' lang='lat' dir='ltr'>et</span> 
     </span>
    </p>
   </div>
   <div class='ocr_carea' id='block_1_50' title="bbox 171 2706 1835 2790">
    <p class='ocr_par' dir='ltr' id='par_1_50' title="bbox 171 2706 1756 2784">
     <span class='ocr_line' id='line_1_50' title="bbox 171 2706 1756 2784; baseline 0.003 -23"><span class='ocrx_word' id='word_1_388' title='bbox 171 2709 466 2772; x_wconf 83' lang='grc' dir='ltr'>ἀναθέντες</span> <span class='ocrx_word' id='word_1_389' title='bbox 496 2710 596 2782; x_wconf 80' lang='grc' dir='ltr'>τὴν</span> <span class='ocrx_word' id='word_1_390' title='bbox 628 2711 716 2764; x_wconf 78' lang='grc' dir='ltr'>διὰ</span> <span class='ocrx_word' id='word_1_391' title='bbox 742 2711 852 2763; x_wconf 90' lang='grc' dir='ltr'>τῶν</span> <span class='ocrx_word' id='word_1_392' title='bbox 877 2712 1133 2766; x_wconf 84' lang='grc' dir='ltr'>τοιούτων</span> <span class='ocrx_word' id='word_1_393' title='bbox 1152 2706 1526 2784; x_wconf 85' lang='grc' dir='ltr'>ἀπαραίτητον</span> <span class='ocrx_word' id='word_1_394' title='bbox 1552 2716 1756 2767; x_wconf 73' lang='grc' dir='ltr'>οἰκονοο</span> 
     </span>
    </p>
   </div>
   <div class='ocr_carea' id='block_1_51' title="bbox 1765 2706 3429 2790">
    <p class='ocr_par' dir='ltr' id='par_1_51' title="bbox 1857 2719 3429 2790">
     <span class='ocr_line' id='line_1_51' title="bbox 1857 2719 3429 2790; baseline -0.003 -12"><span class='ocrx_word' id='word_1_395' title='bbox 1857 2724 2107 2778; x_wconf 88' lang='lat' dir='ltr'><strong>oratione</strong></span> <span class='ocrx_word' id='word_1_396' title='bbox 2140 2729 2328 2777; x_wconf 89' lang='lat' dir='ltr'><strong>nostra</strong></span> <span class='ocrx_word' id='word_1_397' title='bbox 2368 2722 2707 2790; x_wconf 87' lang='lat' dir='ltr'><strong>superiorem</strong></span> <span class='ocrx_word' id='word_1_398' title='bbox 2761 2736 2884 2776; x_wconf 86' lang='lat' dir='ltr'><strong>esse</strong></span> <span class='ocrx_word' id='word_1_399' title='bbox 2937 2719 3269 2786; x_wconf 80' lang='lat' dir='ltr'><strong>fatebimur,</strong></span> <span class='ocrx_word' id='word_1_400' title='bbox 3323 2722 3429 2774; x_wconf 77' lang='lat' dir='ltr'>nun</span> 
     </span>
    </p>
   </div>
   <div class='ocr_carea' id='block_1_52' title="bbox 173 2800 1837 2885">
    <p class='ocr_par' dir='ltr' id='par_1_52' title="bbox 173 2800 1751 2875">
     <span class='ocr_line' id='line_1_52' title="bbox 173 2800 1751 2875; baseline 0.005 -24"><span class='ocrx_word' id='word_1_401' title='bbox 173 2800 329 2867; x_wconf 85' lang='grc' dir='ltr'>μίαν,</span> <span class='ocrx_word' id='word_1_402' title='bbox 359 2800 724 2871; x_wconf 84' lang='grc' dir='ltr'>αἰτιασόμεθα</span> <span class='ocrx_word' id='word_1_403' title='bbox 752 2802 869 2873; x_wconf 83' lang='grc' dir='ltr'>μὲν,</span> <span class='ocrx_word' id='word_1_404' title='bbox 902 2802 955 2855; x_wconf 74' lang='grc' dir='ltr'>εἰ</span> <span class='ocrx_word' id='word_1_405' title='bbox 981 2820 1043 2870; x_wconf 91' lang='grc' dir='ltr'>γε</span> <span class='ocrx_word' id='word_1_406' title='bbox 1080 2804 1184 2874; x_wconf 81' lang='grc' dir='ltr'>μὴν</span> <span class='ocrx_word' id='word_1_407' title='bbox 1204 2806 1533 2875; x_wconf 85' lang='grc' dir='ltr'>πράττοιμεν</span> <span class='ocrx_word' id='word_1_408' title='bbox 1556 2807 1751 2875; x_wconf 88' lang='grc' dir='ltr'>ὀρθῶς,</span> 
     </span>
    </p>
   </div>
   <div class='ocr_carea' id='block_1_53' title="bbox 1767 2800 3431 2885">
    <p class='ocr_par' dir='ltr' id='par_1_53' title="bbox 1856 2811 3431 2885">
     <span class='ocr_line' id='line_1_53' title="bbox 1856 2811 3431 2885; baseline -0.002 -17"><span class='ocrx_word' id='word_1_409' title='bbox 1856 2815 2078 2885; x_wconf 89' lang='lat' dir='ltr'><strong>perinde</strong></span> <span class='ocrx_word' id='word_1_410' title='bbox 2119 2823 2280 2883; x_wconf 86' lang='lat' dir='ltr'><strong>atque</strong></span> <span class='ocrx_word' id='word_1_411' title='bbox 2327 2812 2605 2870; x_wconf 89' lang='lat' dir='ltr'><strong>dicuntur,</strong></span> <span class='ocrx_word' id='word_1_412' title='bbox 2636 2826 2727 2865; x_wconf 88' lang='lat' dir='ltr'>res</span> <span class='ocrx_word' id='word_1_413' title='bbox 2776 2811 2994 2866; x_wconf 88' lang='lat' dir='ltr'><strong>divinas</strong></span> <span class='ocrx_word' id='word_1_414' title='bbox 3030 2814 3215 2865; x_wconf 88' lang='lat' dir='ltr'><strong>animo</strong></span> <span class='ocrx_word' id='word_1_415' title='bbox 3271 2812 3431 2881; x_wconf 81' lang='lat' dir='ltr'><strong>plane</strong></span> 
     </span>
    </p>
   </div>
   <div class='ocr_carea' id='block_1_54' title="bbox 177 2890 1841 2976">
    <p class='ocr_par' dir='ltr' id='par_1_54' title="bbox 177 2890 1755 2969">
     <span class='ocr_line' id='line_1_54' title="bbox 177 2890 1755 2969; baseline 0.008 -29"><span class='ocrx_word' id='word_1_416' title='bbox 177 2890 273 2959; x_wconf 83' lang='grc' dir='ltr'>τῆς</span> <span class='ocrx_word' id='word_1_417' title='bbox 303 2890 513 2944; x_wconf 87' lang='grc' dir='ltr'>ἐαυτῶν</span> <span class='ocrx_word' id='word_1_418' title='bbox 537 2891 749 2960; x_wconf 85' lang='grc' dir='ltr'>φύσεως</span> <span class='ocrx_word' id='word_1_419' title='bbox 774 2892 871 2963; x_wconf 81' lang='grc' dir='ltr'>τὴν</span> <span class='ocrx_word' id='word_1_420' title='bbox 903 2893 1206 2959; x_wconf 89' lang='grc' dir='ltr'>ἀσθένειαν,</span> <span class='ocrx_word' id='word_1_421' title='bbox 1232 2894 1353 2948; x_wconf 77' lang='grc' dir='ltr'>οὔτε</span> <span class='ocrx_word' id='word_1_422' title='bbox 1385 2895 1569 2966; x_wconf 87' lang='grc' dir='ltr'>λόγους</span> <span class='ocrx_word' id='word_1_423' title='bbox 1610 2900 1755 2969; x_wconf 86' lang='grc' dir='ltr'>ἐχού-</span> 
     </span>
    </p>
   </div>
   <div class='ocr_carea' id='block_1_55' title="bbox 1762 2890 3426 2976">
    <p class='ocr_par' dir='ltr' id='par_1_55' title="bbox 1855 2902 3426 2976">
     <span class='ocr_line' id='line_1_55' title="bbox 1855 2902 3426 2976; baseline -0.003 -15"><span class='ocrx_word' id='word_1_424' title='bbox 1855 2906 2155 2976; x_wconf 81' lang='lat' dir='ltr'><strong>capientes,</strong></span> <span class='ocrx_word' id='word_1_425' title='bbox 2188 2904 2283 2959; x_wconf 87' lang='lat' dir='ltr'>sed</span> <span class='ocrx_word' id='word_1_426' title='bbox 2324 2910 2484 2972; x_wconf 86' lang='lat' dir='ltr'><strong>prout</strong></span> <span class='ocrx_word' id='word_1_427' title='bbox 2525 2903 2627 2972; x_wconf 91' lang='lat' dir='ltr'><strong>ipsi</strong></span> <span class='ocrx_word' id='word_1_428' title='bbox 2670 2902 3025 2965; x_wconf 91' lang='lat' dir='ltr'><strong>conveniunt,</strong></span> <span class='ocrx_word' id='word_1_429' title='bbox 3066 2917 3273 2972; x_wconf 89' lang='lat' dir='ltr'><strong>easque</strong></span> <span class='ocrx_word' id='word_1_430' title='bbox 3310 2905 3426 2957; x_wconf 89' lang='lat' dir='ltr'><strong>vult</strong></span> 
     </span>
    </p>
   </div>
   <div class='ocr_carea' id='block_1_56' title="bbox 170 2979 1834 3064">
    <p class='ocr_par' dir='ltr' id='par_1_56' title="bbox 170 2979 1753 3062">
     <span class='ocr_line' id='line_1_56' title="bbox 170 2979 1753 3062; baseline 0.009 -31"><span class='ocrx_word' id='word_1_431' title='bbox 170 2996 296 3049; x_wconf 87' lang='grc' dir='ltr'>σης,</span> <span class='ocrx_word' id='word_1_432' title='bbox 328 2979 453 3033; x_wconf 79' lang='grc' dir='ltr'>οὐτε</span> <span class='ocrx_word' id='word_1_433' title='bbox 495 2981 600 3053; x_wconf 83' lang='grc' dir='ltr'>μὴν</span> <span class='ocrx_word' id='word_1_434' title='bbox 632 2983 867 3054; x_wconf 86' lang='grc' dir='ltr'>τρόπους</span> <span class='ocrx_word' id='word_1_435' title='bbox 907 2984 1278 3055; x_wconf 77' lang='grc' dir='ltr'>θεωρημάτων</span> <span class='ocrx_word' id='word_1_436' title='bbox 1307 2989 1433 3051; x_wconf 81' lang='grc' dir='ltr'>τοὺς</span> <span class='ocrx_word' id='word_1_437' title='bbox 1464 2991 1578 3054; x_wconf 83' lang='grc' dir='ltr'>τοῖς</span> <span class='ocrx_word' id='word_1_438' title='bbox 1611 2992 1753 3062; x_wconf 84' lang='grc' dir='ltr'>ὑπὲρ</span> 
     </span>
    </p>
   </div>
   <div class='ocr_carea' id='block_1_57' title="bbox 1760 2979 3424 3064">
    <p class='ocr_par' dir='ltr' id='par_1_57' title="bbox 1856 2993 3424 3064">
     <span class='ocr_line' id='line_1_57' title="bbox 1856 2993 3424 3064; baseline -0.002 -13"><span class='ocrx_word' id='word_1_439' title='bbox 1856 3012 1885 3051; x_wconf 90' lang='lat' dir='ltr'>a</span> <span class='ocrx_word' id='word_1_440' title='bbox 1917 2997 2073 3051; x_wconf 88' lang='lat' dir='ltr'><strong>nobis</strong></span> <span class='ocrx_word' id='word_1_441' title='bbox 2109 2993 2517 3064; x_wconf 85' lang='lat' dir='ltr'><strong>comprehendi.</strong></span> <span class='ocrx_word' id='word_1_442' title='bbox 2576 2994 2828 3063; x_wconf 79' lang='lat' dir='ltr'><strong>Alioqui,</strong></span> <span class='ocrx_word' id='word_1_443' title='bbox 2891 2994 2935 3049; x_wconf 88' lang='lat' dir='ltr'>si</span> <span class='ocrx_word' id='word_1_444' title='bbox 2993 3008 3278 3063; x_wconf 88' lang='lat' dir='ltr'><strong>perperam</strong></span> <span class='ocrx_word' id='word_1_445' title='bbox 3323 3010 3424 3049; x_wconf 90' lang='lat' dir='ltr'>nos</span> 
     </span>
    </p>
   </div>
   <div class='ocr_carea' id='block_1_58' title="bbox 174 3073 1838 3153">
    <p class='ocr_par' dir='ltr' id='par_1_58' title="bbox 174 3073 1753 3149">
     <span class='ocr_line' id='line_1_58' title="bbox 174 3073 1753 3149; baseline 0.008 -26"><span class='ocrx_word' id='word_1_446' title='bbox 174 3073 322 3139; x_wconf 76' lang='grc' dir='ltr'>ἡμᾶς</span> <span class='ocrx_word' id='word_1_447' title='bbox 347 3073 663 3142; x_wconf 77' lang='grc' dir='ltr'>μυστηρίοις</span> <span class='ocrx_word' id='word_1_448' title='bbox 679 3073 916 3142; x_wconf 87' lang='grc' dir='ltr'>ἀκριϐῶς</span> <span class='ocrx_word' id='word_1_449' title='bbox 944 3074 1416 3146; x_wconf 82' lang='grc' dir='ltr'>διακονουμένους,</span> <span class='ocrx_word' id='word_1_450' title='bbox 1449 3080 1481 3149; x_wconf 77' lang='grc' dir='ltr'>ἦ</span> <span class='ocrx_word' id='word_1_451' title='bbox 1512 3082 1603 3132; x_wconf 75' lang='grc' dir='ltr'>καί⁵</span> <span class='ocrx_word' id='word_1_452' title='bbox 1625 3083 1753 3146; x_wconf 88' lang='grc' dir='ltr'>τούς</span> 
     </span>
    </p>
   </div>
   <div class='ocr_carea' id='block_1_59' title="bbox 1760 3073 3424 3153">
    <p class='ocr_par' dir='ltr' id='par_1_59' title="bbox 1854 3084 3424 3153">
     <span class='ocr_line' id='line_1_59' title="bbox 1854 3084 3424 3153; baseline -0.004 -10"><span class='ocrx_word' id='word_1_453' title='bbox 1854 3086 2160 3144; x_wconf 89' lang='lat' dir='ltr'><strong>istiusmodi</strong></span> <span class='ocrx_word' id='word_1_454' title='bbox 2185 3086 2330 3141; x_wconf 87' lang='lat' dir='ltr'><strong>abuti</strong></span> <span class='ocrx_word' id='word_1_455' title='bbox 2356 3084 2537 3140; x_wconf 84' lang='lat' dir='ltr'><strong>verbis</strong></span> <span class='ocrx_word' id='word_1_456' title='bbox 2568 3084 2806 3139; x_wconf 63' lang='lat' dir='ltr'><strong>haeretici</strong></span> <span class='ocrx_word' id='word_1_457' title='bbox 2845 3084 3064 3153; x_wconf 89' lang='lat' dir='ltr'><strong>quidam</strong></span> <span class='ocrx_word' id='word_1_458' title='bbox 3088 3084 3424 3146; x_wconf 76' lang='lat' dir='ltr'><strong>existimant,</strong></span> 
     </span>
    </p>
   </div>
   <div class='ocr_carea' id='block_1_60' title="bbox 168 3159 1832 3260">
    <p class='ocr_par' dir='ltr' id='par_1_60' title="bbox 168 3159 1821 3260">
     <span class='ocr_line' id='line_1_60' title="bbox 168 3159 1821 3260; baseline 0.009 -50"><span class='ocrx_word' id='word_1_459' title='bbox 168 3159 521 3229; x_wconf 79' lang='grc' dir='ltr'>ἀνεγκλήτως</span> <span class='ocrx_word' id='word_1_460' title='bbox 546 3161 917 3232; x_wconf 83' lang='grc' dir='ltr'>διερμηνεύειν</span> <span class='ocrx_word' id='word_1_461' title='bbox 948 3164 1230 3235; x_wconf 85' lang='grc' dir='ltr'>ἰσχύοντας</span> <span class='ocrx_word' id='word_1_462' title='bbox 1261 3168 1328 3220; x_wconf 83' lang='grc' dir='ltr'>τὰ</span> <span class='ocrx_word' id='word_1_463' title='bbox 1349 3167 1748 3239; x_wconf 82' lang='grc' dir='ltr'>θεοπρεπέστε-</span> <span class='ocrx_word' id='word_1_464' title='bbox 1778 3201 1821 3260; x_wconf 79' lang='lat' dir='ltr'>c</span> 
     </span>
    </p>
   </div>
   <div class='ocr_carea' id='block_1_61' title="bbox 1765 3159 3429 3260">
    <p class='ocr_par' dir='ltr' id='par_1_61' title="bbox 1778 3176 3429 3260">
     <span class='ocr_line' id='line_1_61' title="bbox 1778 3176 3429 3260; baseline -0.004 -23"><span class='ocrx_word' id='word_1_465' title='bbox 1778 3201 1821 3260; x_wconf 75' lang='grc' dir='ltr'>ο</span> <span class='ocrx_word' id='word_1_466' title='bbox 1853 3189 1907 3237; x_wconf 84' lang='lat' dir='ltr'>et</span> <span class='ocrx_word' id='word_1_467' title='bbox 1933 3179 2185 3249; x_wconf 91' lang='lat' dir='ltr'><strong>loquendi</strong></span> <span class='ocrx_word' id='word_1_468' title='bbox 2218 3193 2389 3249; x_wconf 88' lang='lat' dir='ltr'><strong>genus</strong></span> <span class='ocrx_word' id='word_1_469' title='bbox 2423 3176 2489 3230; x_wconf 90' lang='lat' dir='ltr'>ad</span> <span class='ocrx_word' id='word_1_470' title='bbox 2542 3185 2787 3231; x_wconf 91' lang='lat' dir='ltr'><strong>nostram</strong></span> <span class='ocrx_word' id='word_1_471' title='bbox 2834 3176 3285 3232; x_wconf 84' lang='lat' dir='ltr'><strong>consuetudinem</strong></span> <span class='ocrx_word' id='word_1_472' title='bbox 3340 3192 3429 3230; x_wconf 87' lang='lat' dir='ltr'><strong>ac-</strong></span> 
     </span>
    </p>
   </div>
   <div class='ocr_carea' id='block_1_62' title="bbox 168 3251 1832 3338">
    <p class='ocr_par' dir='ltr' id='par_1_62' title="bbox 168 3251 1821 3332">
     <span class='ocr_line' id='line_1_62' title="bbox 168 3251 1821 3332; baseline 0.01 -31"><span class='ocrx_word' id='word_1_473' title='bbox 168 3268 260 3319; x_wconf 82' lang='grc' dir='ltr'>ρα.</span> <span class='ocrx_word' id='word_1_474' title='bbox 282 3251 326 3302; x_wconf 90' lang='grc' dir='ltr'><strong>Τ</strong></span> <span class='ocrx_word' id='word_1_475' title='bbox 329 3251 358 3303; x_wconf 78' lang='lat'>0</span> <span class='ocrx_word' id='word_1_476' title='bbox 384 3254 540 3322; x_wconf 79' lang='grc' dir='ltr'>νικᾷν</span> <span class='ocrx_word' id='word_1_477' title='bbox 563 3253 620 3306; x_wconf 89' lang='grc' dir='ltr'>δέ</span> <span class='ocrx_word' id='word_1_478' title='bbox 644 3254 805 3307; x_wconf 87' lang='grc' dir='ltr'>πάλιν</span> <span class='ocrx_word' id='word_1_479' title='bbox 836 3257 1200 3328; x_wconf 78' lang='grc' dir='ltr'>ἐπιτρέψομεν</span> <span class='ocrx_word' id='word_1_480' title='bbox 1226 3262 1288 3330; x_wconf 85' lang='grc' dir='ltr'>τῇ</span> <span class='ocrx_word' id='word_1_481' title='bbox 1330 3261 1450 3331; x_wconf 75' lang='grc' dir='ltr'>θείᾳ</span> <span class='ocrx_word' id='word_1_482' title='bbox 1473 3263 1631 3332; x_wconf 86' lang='grc' dir='ltr'>φύσει</span> <span class='ocrx_word' id='word_1_483' title='bbox 1657 3264 1749 3318; x_wconf 78' lang='grc' dir='ltr'>τὸν</span> <span class='ocrx_word' id='word_1_484' title='bbox 1783 3251 1821 3260; x_wconf 41' lang='lat'>‘-</span> 
     </span>
    </p>
   </div>
   <div class='ocr_carea' id='block_1_63' title="bbox 1762 3251 3426 3338">
    <p class='ocr_par' dir='ltr' id='par_1_63' title="bbox 1783 3251 3426 3338">
     <span class='ocr_line' id='line_1_63' title="bbox 1783 3251 3426 3338; baseline -0.004 -12"><span class='ocrx_word' id='word_1_485' title='bbox 1783 3251 1821 3260; x_wconf 55' lang='grc'><em>’</em></span> <span class='ocrx_word' id='word_1_486' title='bbox 1851 3271 2104 3328; x_wconf 83' lang='lat' dir='ltr'><strong>commod</strong></span> <span class='ocrx_word' id='word_1_487' title='bbox 2123 3271 2201 3325; x_wconf 90' lang='lat' dir='ltr'>ari</span> <span class='ocrx_word' id='word_1_488' title='bbox 2225 3271 2439 3333; x_wconf 85' lang='lat' dir='ltr'><strong>nolunt,</strong></span> <span class='ocrx_word' id='word_1_489' title='bbox 2460 3269 2585 3338; x_wconf 89' lang='lat' dir='ltr'><strong>jure</strong></span> <span class='ocrx_word' id='word_1_490' title='bbox 2611 3268 2833 3322; x_wconf 82' lang='lat' dir='ltr'><strong>audient</strong></span> <span class='ocrx_word' id='word_1_491' title='bbox 2860 3286 2872 3319; x_wconf 86' lang='lat'><strong>:</strong></span> <span class='ocrx_word' id='word_1_492' title='bbox 2907 3267 3212 3322; x_wconf 85' lang='lat' dir='ltr'><strong>Censeatur</strong></span> <span class='ocrx_word' id='word_1_493' title='bbox 3239 3276 3426 3321; x_wconf 88' lang='lat' dir='ltr'><strong>nostro</strong></span> 
     </span>
    </p>
   </div>
   <div class='ocr_carea' id='block_1_64' title="bbox 167 3342 1831 3433">
    <p class='ocr_par' dir='ltr' id='par_1_64' title="bbox 167 3342 1746 3420">
     <span class='ocr_line' id='line_1_64' title="bbox 167 3342 1746 3420; baseline 0.011 -27"><span class='ocrx_word' id='word_1_494' title='bbox 167 3342 228 3392; x_wconf 90' lang='grc' dir='ltr'>ἐν</span> <span class='ocrx_word' id='word_1_495' title='bbox 261 3344 397 3413; x_wconf 80' lang='grc' dir='ltr'>ἡμῖν</span> <span class='ocrx_word' id='word_1_496' title='bbox 430 3344 552 3398; x_wconf 93' lang='grc' dir='ltr'>νοῦν</span> <span class='ocrx_word' id='word_1_497' title='bbox 583 3362 642 3398; x_wconf 90' lang='grc' dir='ltr'>τε</span> <span class='ocrx_word' id='word_1_498' title='bbox 673 3346 765 3399; x_wconf 78' lang='grc' dir='ltr'>καί</span> <span class='ocrx_word' id='word_1_499' title='bbox 805 3345 961 3416; x_wconf 91' lang='grc' dir='ltr'>λόγον</span> <span class='ocrx_word' id='word_1_500' title='bbox 984 3389 1000 3413; x_wconf 92' lang='grc'>,</span> <span class='ocrx_word' id='word_1_501' title='bbox 1032 3349 1131 3420; x_wconf 88' lang='grc' dir='ltr'>οὐχ</span> <span class='ocrx_word' id='word_1_502' title='bbox 1162 3350 1239 3414; x_wconf 85' lang='grc' dir='ltr'>ὡς</span> <span class='ocrx_word' id='word_1_503' title='bbox 1269 3352 1483 3420; x_wconf 86' lang='grc' dir='ltr'>λέγεται</span> <span class='ocrx_word' id='word_1_504' title='bbox 1527 3355 1746 3420; x_wconf 85' lang='grc' dir='ltr'>πάντως</span> 
     </span>
    </p>
   </div>
   <div class='ocr_carea' id='block_1_65' title="bbox 1751 3342 3415 3433">
    <p class='ocr_par' dir='ltr' id='par_1_65' title="bbox 1850 3359 3415 3433">
     <span class='ocr_line' id='line_1_65' title="bbox 1850 3359 3415 3433; baseline -0.003 -16"><span class='ocrx_word' id='word_1_505' title='bbox 1850 3378 2070 3433; x_wconf 83' lang='lat' dir='ltr'><strong>quoque</strong></span> <span class='ocrx_word' id='word_1_506' title='bbox 2129 3376 2280 3416; x_wconf 88' lang='lat' dir='ltr'><strong>more</strong></span> <span class='ocrx_word' id='word_1_507' title='bbox 2332 3359 2493 3415; x_wconf 87' lang='lat' dir='ltr'><strong>Pater</strong></span> <span class='ocrx_word' id='word_1_508' title='bbox 2549 3360 2811 3430; x_wconf 82' lang='lat' dir='ltr'><strong>gignere;</strong></span> <span class='ocrx_word' id='word_1_509' title='bbox 2875 3369 3064 3413; x_wconf 86' lang='lat' dir='ltr'><strong>uterus</strong></span> <span class='ocrx_word' id='word_1_510' title='bbox 3126 3366 3177 3411; x_wconf 89' lang='lat' dir='ltr'>et</span> <span class='ocrx_word' id='word_1_511' title='bbox 3230 3369 3415 3427; x_wconf 84' lang='lat' dir='ltr'><strong>partus</strong></span> 
     </span>
    </p>
   </div>
   <div class='ocr_carea' id='block_1_66' title="bbox 168 3433 1832 3520">
    <p class='ocr_par' dir='ltr' id='par_1_66' title="bbox 168 3433 1749 3515">
     <span class='ocr_line' id='line_1_66' title="bbox 168 3433 1749 3515; baseline 0.011 -32"><span class='ocrx_word' id='word_1_512' title='bbox 168 3433 512 3496; x_wconf 84' lang='grc' dir='ltr'>νοοῦντεςτά</span> <span class='ocrx_word' id='word_1_513' title='bbox 552 3436 681 3505; x_wconf 80' lang='grc' dir='ltr'>περὶ</span> <span class='ocrx_word' id='word_1_514' title='bbox 730 3436 923 3507; x_wconf 84' lang='grc' dir='ltr'>αὐτῆς,</span> <span class='ocrx_word' id='word_1_515' title='bbox 966 3439 1177 3504; x_wconf 78' lang='grc' dir='ltr'>ἀλλ’ὡς</span> <span class='ocrx_word' id='word_1_516' title='bbox 1218 3442 1353 3514; x_wconf 81' lang='grc' dir='ltr'>αὐτῇ</span> <span class='ocrx_word' id='word_1_517' title='bbox 1398 3444 1615 3515; x_wconf 78' lang='grc' dir='ltr'>πρέπει,</span> <span class='ocrx_word' id='word_1_518' title='bbox 1655 3448 1749 3503; x_wconf 81' lang='grc' dir='ltr'>καὶ</span> 
     </span>
    </p>
   </div>
   <div class='ocr_carea' id='block_1_67' title="bbox 1759 3433 3423 3520">
    <p class='ocr_par' dir='ltr' id='par_1_67' title="bbox 1850 3449 3423 3520">
     <span class='ocr_line' id='line_1_67' title="bbox 1850 3449 3423 3520; baseline -0.006 -11"><span class='ocrx_word' id='word_1_519' title='bbox 1850 3454 2070 3509; x_wconf 85' lang='lat' dir='ltr'><strong>dolores</strong></span> <span class='ocrx_word' id='word_1_520' title='bbox 2112 3453 2163 3508; x_wconf 90' lang='lat' dir='ltr'>ei</span> <span class='ocrx_word' id='word_1_521' title='bbox 2208 3467 2331 3508; x_wconf 88' lang='lat' dir='ltr'><strong>esse</strong></span> <span class='ocrx_word' id='word_1_522' title='bbox 2377 3466 2483 3505; x_wconf 91' lang='lat' dir='ltr'>non</span> <span class='ocrx_word' id='word_1_523' title='bbox 2538 3463 2823 3520; x_wconf 87' lang='lat' dir='ltr'><strong>negentur.</strong></span> <span class='ocrx_word' id='word_1_524' title='bbox 2862 3467 2880 3499; x_wconf 78' lang='grc' dir='ltr'>ι</span> <span class='ocrx_word' id='word_1_525' title='bbox 2918 3449 2991 3503; x_wconf 81' lang='lat' dir='ltr'>Ex</span> <span class='ocrx_word' id='word_1_526' title='bbox 3033 3457 3189 3502; x_wconf 85' lang='lat' dir='ltr'><strong>utero</strong></span> <span class='ocrx_word' id='word_1_527' title='bbox 3219 3468 3236 3499; x_wconf 76' lang='grc' dir='ltr'>ι</span> <span class='ocrx_word' id='word_1_528' title='bbox 3279 3449 3423 3502; x_wconf 78' lang='lat' dir='ltr'><strong>enim</strong></span> 
     </span>
    </p>
   </div>
   <div class='ocr_carea' id='block_1_68' title="bbox 169 3522 1833 3614">
    <p class='ocr_par' dir='ltr' id='par_1_68' title="bbox 169 3522 1750 3610">
     <span class='ocr_line' id='line_1_68' title="bbox 169 3522 1750 3610; baseline 0.011 -31"><span class='ocrx_word' id='word_1_529' title='bbox 169 3522 439 3579; x_wconf 72' lang='grc' dir='ltr'>Βούλεται.</span> <span class='ocrx_word' id='word_1_530' title='bbox 474 3526 544 3579; x_wconf 83' lang='grc' dir='ltr'>Ἦ</span> <span class='ocrx_word' id='word_1_531' title='bbox 590 3529 748 3599; x_wconf 81' lang='grc' dir='ltr'>εἰπερ</span> <span class='ocrx_word' id='word_1_532' title='bbox 784 3530 886 3584; x_wconf 89' lang='grc' dir='ltr'>οὐκ</span> <span class='ocrx_word' id='word_1_533' title='bbox 935 3530 1115 3602; x_wconf 81' lang='grc' dir='ltr'>ὀρθῶς</span> <span class='ocrx_word' id='word_1_534' title='bbox 1164 3536 1279 3598; x_wconf 84' lang='grc' dir='ltr'>τοῖς</span> <span class='ocrx_word' id='word_1_535' title='bbox 1316 3535 1576 3603; x_wconf 69' lang='grc' dir='ltr'>τοιούτοις</span> <span class='ocrx_word' id='word_1_536' title='bbox 1601 3542 1750 3610; x_wconf 80' lang='grc' dir='ltr'>ἡμᾶς</span> 
     </span>
    </p>
   </div>
   <div class='ocr_carea' id='block_1_69' title="bbox 1759 3522 3423 3614">
    <p class='ocr_par' dir='ltr' id='par_1_69' title="bbox 1855 3535 3423 3614">
     <span class='ocr_line' id='line_1_69' title="bbox 1855 3535 3423 3614; baseline -0.006 -17"><span class='ocrx_word' id='word_1_537' title='bbox 1855 3543 2072 3614; x_wconf 71' lang='lat' dir='ltr'><strong>«genui</strong></span> <span class='ocrx_word' id='word_1_538' title='bbox 2122 3550 2209 3605; x_wconf 90' lang='lat' dir='ltr'>te,</span> <span class='ocrx_word' id='word_1_539' title='bbox 2269 3560 2287 3592; x_wconf 74' lang='grc' dir='ltr'>ι</span> <span class='ocrx_word' id='word_1_540' title='bbox 2355 3540 2534 3609; x_wconf 87' lang='lat' dir='ltr'><strong>inquit</strong></span> <span class='ocrx_word' id='word_1_541' title='bbox 2602 3538 2761 3593; x_wconf 85' lang='lat' dir='ltr'><strong>Filio.</strong></span> <span class='ocrx_word' id='word_1_542' title='bbox 2835 3535 2941 3592; x_wconf 85' lang='lat' dir='ltr'><strong>Sed</strong></span> <span class='ocrx_word' id='word_1_543' title='bbox 3012 3536 3423 3607; x_wconf 73' lang='lat' dir='ltr'><strong>respondebunt</strong></span> 
     </span>
    </p>
   </div>
   <div class='ocr_carea' id='block_1_70' title="bbox 167 3614 1831 3701">
    <p class='ocr_par' dir='ltr' id='par_1_70' title="bbox 167 3614 1747 3701">
     <span class='ocr_line' id='line_1_70' title="bbox 167 3614 1747 3701; baseline 0.013 -37"><span class='ocrx_word' id='word_1_544' title='bbox 167 3614 587 3684; x_wconf 77' lang='grc' dir='ltr'>ἀποκεχρῆσθαι</span> <span class='ocrx_word' id='word_1_545' title='bbox 618 3617 794 3687; x_wconf 82' lang='grc' dir='ltr'>λόγοις</span> <span class='ocrx_word' id='word_1_546' title='bbox 815 3619 1016 3674; x_wconf 73' lang='grc' dir='ltr'>οἴονταί</span> <span class='ocrx_word' id='word_1_547' title='bbox 1047 3638 1191 3687; x_wconf 89' lang='grc' dir='ltr'>τινες</span> <span class='ocrx_word' id='word_1_548' title='bbox 1215 3624 1323 3678; x_wconf 88' lang='grc' dir='ltr'>τῶν</span> <span class='ocrx_word' id='word_1_549' title='bbox 1348 3627 1578 3681; x_wconf 83' lang='grc' dir='ltr'>ἀνοσίων</span> <span class='ocrx_word' id='word_1_550' title='bbox 1600 3632 1747 3701; x_wconf 87' lang='grc' dir='ltr'>αἰρε-</span> 
     </span>
    </p>
   </div>
   <div class='ocr_carea' id='block_1_71' title="bbox 1761 3614 3425 3701">
    <p class='ocr_par' dir='ltr' id='par_1_71' title="bbox 1849 3625 3425 3695">
     <span class='ocr_line' id='line_1_71' title="bbox 1849 3625 3425 3695; baseline -0.005 -9"><span class='ocrx_word' id='word_1_551' title='bbox 1849 3632 2057 3695; x_wconf 78' lang='lat' dir='ltr'><strong>forsan,</strong></span> <span class='ocrx_word' id='word_1_552' title='bbox 2078 3629 2249 3685; x_wconf 88' lang='lat' dir='ltr'><strong>nostri</strong></span> <span class='ocrx_word' id='word_1_553' title='bbox 2272 3628 2654 3693; x_wconf 89' lang='lat' dir='ltr'><strong>similitudine,</strong></span> <span class='ocrx_word' id='word_1_554' title='bbox 2679 3642 2867 3681; x_wconf 85' lang='lat' dir='ltr'><strong>verum</strong></span> <span class='ocrx_word' id='word_1_555' title='bbox 2895 3627 2948 3679; x_wconf 92' lang='lat' dir='ltr'>in</span> <span class='ocrx_word' id='word_1_556' title='bbox 2981 3625 3117 3679; x_wconf 84' lang='lat' dir='ltr'><strong>Filio</strong></span> <span class='ocrx_word' id='word_1_557' title='bbox 3155 3625 3425 3695; x_wconf 71' lang='lat' dir='ltr'><strong>gignendo</strong></span> 
     </span>
    </p>
   </div>
   <div class='ocr_carea' id='block_1_72' title="bbox 167 3703 1831 3795">
    <p class='ocr_par' dir='ltr' id='par_1_72' title="bbox 167 3703 1746 3795">
     <span class='ocr_line' id='line_1_72' title="bbox 167 3703 1746 3795; baseline 0.013 -40"><span class='ocrx_word' id='word_1_558' title='bbox 167 3703 359 3795; x_wconf 84' lang='grc' dir='ltr'>τικῶν,</span> <span class='ocrx_word' id='word_1_559' title='bbox 414 3706 515 3775; x_wconf 85' lang='grc' dir='ltr'>τήν</span> <span class='ocrx_word' id='word_1_560' title='bbox 561 3706 617 3760; x_wconf 86' lang='grc' dir='ltr'>δέ</span> <span class='ocrx_word' id='word_1_561' title='bbox 646 3709 768 3763; x_wconf 77' lang='grc' dir='ltr'>καθ’</span> <span class='ocrx_word' id='word_1_562' title='bbox 808 3711 959 3781; x_wconf 79' lang='grc' dir='ltr'>ἡμᾶς</span> <span class='ocrx_word' id='word_1_563' title='bbox 988 3713 1300 3769; x_wconf 86' lang='grc' dir='ltr'>ἀναϐαίνειν</span> <span class='ocrx_word' id='word_1_564' title='bbox 1327 3718 1615 3788; x_wconf 80' lang='grc' dir='ltr'>συνήθειαν</span> <span class='ocrx_word' id='word_1_565' title='bbox 1647 3722 1746 3776; x_wconf 89' lang='grc' dir='ltr'>οὐκ</span> 
     </span>
    </p>
   </div>
   <div class='ocr_carea' id='block_1_73' title="bbox 1760 3703 3424 3795">
    <p class='ocr_par' dir='ltr' id='par_1_73' title="bbox 1849 3718 3424 3795">
     <span class='ocr_line' id='line_1_73' title="bbox 1849 3718 3424 3795; baseline -0.004 -17"><span class='ocrx_word' id='word_1_566' title='bbox 1849 3733 2064 3795; x_wconf 91' lang='lat' dir='ltr'><strong>partum</strong></span> <span class='ocrx_word' id='word_1_567' title='bbox 2100 3721 2399 3792; x_wconf 83' lang='lat' dir='ltr'><strong>signiﬁcari</strong></span> <span class='ocrx_word' id='word_1_568' title='bbox 2433 3720 2635 3775; x_wconf 85' lang='lat' dir='ltr'><strong>Patris.</strong></span> <span class='ocrx_word' id='word_1_569' title='bbox 2674 3720 2863 3790; x_wconf 87' lang='lat' dir='ltr'><strong>Itaque</strong></span> <span class='ocrx_word' id='word_1_570' title='bbox 2905 3719 2993 3789; x_wconf 88' lang='lat' dir='ltr'>pie</span> <span class='ocrx_word' id='word_1_571' title='bbox 3038 3718 3172 3773; x_wconf 91' lang='lat' dir='ltr'><strong>illud</strong></span> <span class='ocrx_word' id='word_1_572' title='bbox 3222 3719 3424 3772; x_wconf 88' lang='lat' dir='ltr'><strong>intelli-</strong></span> 
     </span>
    </p>
   </div>
   <div class='ocr_carea' id='block_1_74' title="bbox 166 3794 1830 3887">
    <p class='ocr_par' dir='ltr' id='par_1_74' title="bbox 166 3794 1746 3887">
     <span class='ocr_line' id='line_1_74' title="bbox 166 3794 1746 3887; baseline 0.016 -43"><span class='ocrx_word' id='word_1_573' title='bbox 166 3794 528 3887; x_wconf 77' lang='grc' dir='ltr'>ἐπιτρέπουσι</span> <span class='ocrx_word' id='word_1_574' title='bbox 566 3798 628 3850; x_wconf 80' lang='grc' dir='ltr'>τὸ</span> <span class='ocrx_word' id='word_1_575' title='bbox 672 3800 856 3870; x_wconf 85' lang='grc' dir='ltr'>σχῆμα</span> <span class='ocrx_word' id='word_1_576' title='bbox 888 3802 980 3855; x_wconf 78' lang='grc' dir='ltr'>τυῦ</span> <span class='ocrx_word' id='word_1_577' title='bbox 1022 3802 1203 3872; x_wconf 87' lang='grc' dir='ltr'>λόγου,</span> <span class='ocrx_word' id='word_1_578' title='bbox 1234 3806 1455 3872; x_wconf 84' lang='grc' dir='ltr'>δικαίως</span> <span class='ocrx_word' id='word_1_579' title='bbox 1485 3811 1746 3869; x_wconf 84' lang='grc' dir='ltr'>ἀκούσον-</span> 
     </span>
    </p>
   </div>
   <div class='ocr_carea' id='block_1_75' title="bbox 1740 3794 3404 3887">
    <p class='ocr_par' dir='ltr' id='par_1_75' title="bbox 1740 3794 3404 3887">
     <span class='ocr_line' id='line_1_75' title="bbox 1740 3794 3404 3887; baseline -0.006 -17"><span class='ocrx_word' id='word_1_580' title='bbox 1740 3845 1746 3856; x_wconf 74' lang='grc' dir='ltr'>ι</span> <span class='ocrx_word' id='word_1_581' title='bbox 1849 3794 2039 3887; x_wconf 84' lang='lat' dir='ltr'><strong>gatur,</strong></span> <span class='ocrx_word' id='word_1_582' title='bbox 2093 3813 2306 3867; x_wconf 85' lang='lat' dir='ltr'><strong>tametsi</strong></span> <span class='ocrx_word' id='word_1_583' title='bbox 2360 3813 2596 3865; x_wconf 88' lang='lat' dir='ltr'><strong>humano</strong></span> <span class='ocrx_word' id='word_1_584' title='bbox 2633 3826 2781 3865; x_wconf 89' lang='lat' dir='ltr'><strong>more</strong></span> <span class='ocrx_word' id='word_1_585' title='bbox 2817 3810 3059 3875; x_wconf 82' lang='lat' dir='ltr'><strong>dicitur,</strong></span> <span class='ocrx_word' id='word_1_586' title='bbox 3116 3816 3280 3878; x_wconf 91' lang='lat' dir='ltr'><strong>atque</strong></span> <span class='ocrx_word' id='word_1_587' title='bbox 3333 3808 3404 3861; x_wconf 88' lang='lat' dir='ltr'>ita</span> 
     </span>
    </p>
   </div>
   <div class='ocr_carea' id='block_1_76' title="bbox 166 3886 1830 3979">
    <p class='ocr_par' dir='ltr' id='par_1_76' title="bbox 166 3886 1745 3979">
     <span class='ocr_line' id='line_1_76' title="bbox 166 3886 1745 3979; baseline 0.019 -46"><span class='ocrx_word' id='word_1_588' title='bbox 166 3902 255 3979; x_wconf 73' lang='lat'>11¢.</span> <span class='ocrx_word' id='word_1_589' title='bbox 278 3899 322 3979; x_wconf 30' lang='grc' dir='ltr'>’Δ</span> <span class='ocrx_word' id='word_1_590' title='bbox 350 3886 576 3979; x_wconf 74' lang='grc' dir='ltr'>νοείσθω</span> <span class='ocrx_word' id='word_1_591' title='bbox 643 3890 764 3943; x_wconf 82' lang='grc' dir='ltr'>καθ’</span> <span class='ocrx_word' id='word_1_592' title='bbox 796 3894 943 3962; x_wconf 79' lang='grc' dir='ltr'>ἡμᾶς</span> <span class='ocrx_word' id='word_1_593' title='bbox 986 3898 1081 3949; x_wconf 80' lang='grc' dir='ltr'>καὶ</span> <span class='ocrx_word' id='word_1_594' title='bbox 1137 3900 1340 3966; x_wconf 88' lang='grc' dir='ltr'>γεννῶν</span> <span class='ocrx_word' id='word_1_595' title='bbox 1370 3903 1398 3954; x_wconf 88' lang='grc' dir='ltr'>ὀ</span> <span class='ocrx_word' id='word_1_596' title='bbox 1427 3903 1636 3976; x_wconf 77' lang='grc' dir='ltr'>Πατὴρ,</span> <span class='ocrx_word' id='word_1_597' title='bbox 1670 3910 1745 3979; x_wconf 83' lang='grc' dir='ltr'>μὴ</span> 
     </span>
    </p>
   </div>
   <div class='ocr_carea' id='block_1_77' title="bbox 1757 3886 3421 3979">
    <p class='ocr_par' dir='ltr' id='par_1_77' title="bbox 1850 3897 3421 3972">
     <span class='ocr_line' id='line_1_77' title="bbox 1850 3897 3421 3972; baseline -0.008 -9"><span class='ocrx_word' id='word_1_598' title='bbox 1850 3907 2090 3963; x_wconf 88' lang='lat' dir='ltr'><strong>solvetur</strong></span> <span class='ocrx_word' id='word_1_599' title='bbox 2144 3903 2345 3957; x_wconf 85' lang='lat' dir='ltr'><strong>acerba</strong></span> <span class='ocrx_word' id='word_1_600' title='bbox 2392 3904 2636 3972; x_wconf 91' lang='lat' dir='ltr'><strong>ipsorum</strong></span> <span class='ocrx_word' id='word_1_601' title='bbox 2672 3911 2727 3955; x_wconf 85' lang='lat' dir='ltr'>et</span> <span class='ocrx_word' id='word_1_602' title='bbox 2767 3901 2929 3969; x_wconf 90' lang='lat' dir='ltr'><strong>impia</strong></span> <span class='ocrx_word' id='word_1_603' title='bbox 2962 3900 3220 3969; x_wconf 75' lang='lat' dir='ltr'><strong>obiectio.</strong></span> <span class='ocrx_word' id='word_1_604' title='bbox 3263 3897 3421 3952; x_wconf 87' lang='lat' dir='ltr'><strong>Sulli-</strong></span> 
     </span>
    </p>
   </div>
   <div class='ocr_carea' id='block_1_78' title="bbox 164 3974 1828 4062">
    <p class='ocr_par' dir='ltr' id='par_1_78' title="bbox 164 3974 1744 4062">
     <span class='ocr_line' id='line_1_78' title="bbox 164 3974 1744 4062; baseline 0.016 -37"><span class='ocrx_word' id='word_1_605' title='bbox 164 3974 438 4045; x_wconf 86' lang='grc' dir='ltr'>ἀρνείσθω</span> <span class='ocrx_word' id='word_1_606' title='bbox 486 3980 726 4050; x_wconf 82' lang='grc' dir='ltr'>γαστέρα</span> <span class='ocrx_word' id='word_1_607' title='bbox 770 3984 863 4037; x_wconf 76' lang='grc' dir='ltr'>καὶ</span> <span class='ocrx_word' id='word_1_608' title='bbox 908 3985 1006 4049; x_wconf 90' lang='grc' dir='ltr'>τάς</span> <span class='ocrx_word' id='word_1_609' title='bbox 1053 3989 1147 4042; x_wconf 74' lang='grc' dir='ltr'>ἐπὶ</span> <span class='ocrx_word' id='word_1_610' title='bbox 1188 3988 1265 4061; x_wconf 83' lang='grc' dir='ltr'>τῷ</span> <span class='ocrx_word' id='word_1_611' title='bbox 1290 3991 1495 4046; x_wconf 87' lang='grc' dir='ltr'>τίκτειν</span> <span class='ocrx_word' id='word_1_612' title='bbox 1522 3974 1744 4062; x_wconf 41' lang='grc' dir='ltr'>ὠδῖνας.-</span> 
     </span>
    </p>
   </div>
   <div class='ocr_carea' id='block_1_79' title="bbox 1755 3974 3419 4062">
    <p class='ocr_par' dir='ltr' id='par_1_79' title="bbox 1847 3990 3419 4059">
     <span class='ocr_line' id='line_1_79' title="bbox 1847 3990 3419 4059; baseline -0.008 -5"><span class='ocrx_word' id='word_1_613' title='bbox 1847 4004 2033 4054; x_wconf 89' lang='lat' dir='ltr'><strong>cerent</strong></span> <span class='ocrx_word' id='word_1_614' title='bbox 2060 3996 2270 4059; x_wconf 70' lang='lat' dir='ltr'><strong>isthtec,</strong></span> <span class='ocrx_word' id='word_1_615' title='bbox 2302 4003 2359 4048; x_wconf 88' lang='lat' dir='ltr'>ut</span> <span class='ocrx_word' id='word_1_616' title='bbox 2396 4008 2541 4048; x_wconf 88' lang='lat' dir='ltr'><strong>reor.</strong></span> <span class='ocrx_word' id='word_1_617' title='bbox 2573 3992 2677 4047; x_wconf 89' lang='lat' dir='ltr'><strong>Sed</strong></span> <span class='ocrx_word' id='word_1_618' title='bbox 2709 4006 2833 4045; x_wconf 90' lang='lat' dir='ltr'>cum</span> <span class='ocrx_word' id='word_1_619' title='bbox 2871 3990 3032 4045; x_wconf 89' lang='lat' dir='ltr'><strong>nobis</strong></span> <span class='ocrx_word' id='word_1_620' title='bbox 3076 3990 3419 4059; x_wconf 67' lang='lat' dir='ltr'><strong>propositum:</strong></span> 
     </span>
    </p>
   </div>
   <div class='ocr_carea' id='block_1_80' title="bbox 170 4068 1834 4160">
    <p class='ocr_par' dir='ltr' id='par_1_80' title="bbox 170 4068 1739 4160">
     <span class='ocr_line' id='line_1_80' title="bbox 170 4068 1739 4160; baseline 0.019 -45"><span class='ocrx_word' id='word_1_621' title='bbox 170 4084 187 4115; x_wconf 86' lang='grc' dir='ltr'>ι</span> <span class='ocrx_word' id='word_1_622' title='bbox 225 4068 322 4160; x_wconf 73' lang='grc' dir='ltr'>ἐκ</span> <span class='ocrx_word' id='word_1_623' title='bbox 349 4071 587 4140; x_wconf 76' lang='grc' dir='ltr'>γαστρὸς</span> <span class='ocrx_word' id='word_1_624' title='bbox 617 4090 633 4119; x_wconf 78' lang='grc' dir='ltr'>ι</span> <span class='ocrx_word' id='word_1_625' title='bbox 659 4075 765 4143; x_wconf 74' lang='grc' dir='ltr'>γὰρ</span> <span class='ocrx_word' id='word_1_626' title='bbox 786 4092 803 4124; x_wconf 83' lang='grc' dir='ltr'>ι</span> <span class='ocrx_word' id='word_1_627' title='bbox 843 4076 1166 4150; x_wconf 80' lang='grc' dir='ltr'>ἐξεγέννησά</span> <span class='ocrx_word' id='word_1_628' title='bbox 1194 4098 1273 4147; x_wconf 83' lang='grc' dir='ltr'>σε,</span> <span class='ocrx_word' id='word_1_629' title='bbox 1309 4101 1326 4134; x_wconf 74' lang='grc' dir='ltr'>ι</span> <span class='ocrx_word' id='word_1_630' title='bbox 1357 4085 1489 4154; x_wconf 80' lang='grc' dir='ltr'>φησὶ</span> <span class='ocrx_word' id='word_1_631' title='bbox 1512 4086 1589 4156; x_wconf 85' lang='grc' dir='ltr'>τῷ</span> <span class='ocrx_word' id='word_1_632' title='bbox 1609 4088 1739 4160; x_wconf 83' lang='grc' dir='ltr'>Υίῷ.</span> 
     </span>
    </p>
   </div>
   <div class='ocr_carea' id='block_1_81' title="bbox 1751 4068 3415 4160">
    <p class='ocr_par' dir='ltr' id='par_1_81' title="bbox 1848 4079 3415 4153">
     <span class='ocr_line' id='line_1_81' title="bbox 1848 4079 3415 4153; baseline -0.006 -10"><span class='ocrx_word' id='word_1_633' title='bbox 1848 4091 1917 4144; x_wconf 90' lang='lat' dir='ltr'>sit</span> <span class='ocrx_word' id='word_1_634' title='bbox 1941 4088 2154 4141; x_wconf 86' lang='lat' dir='ltr'><strong>illorum</strong></span> <span class='ocrx_word' id='word_1_635' title='bbox 2184 4084 2524 4153; x_wconf 79' lang='lat' dir='ltr'><strong>objectiones</strong></span> <span class='ocrx_word' id='word_1_636' title='bbox 2557 4080 2762 4136; x_wconf 81' lang='lat' dir='ltr'><strong>nefarie</strong></span> <span class='ocrx_word' id='word_1_637' title='bbox 2799 4079 3063 4135; x_wconf 85' lang='lat' dir='ltr'><strong>conﬂatas</strong></span> <span class='ocrx_word' id='word_1_638' title='bbox 3088 4095 3185 4134; x_wconf 90' lang='lat' dir='ltr'>ccu</span> <span class='ocrx_word' id='word_1_639' title='bbox 3227 4095 3415 4151; x_wconf 88' lang='lat' dir='ltr'><strong>quam-</strong></span> 
     </span>
    </p>
   </div>
   <div class='ocr_carea' id='block_1_82' title="bbox 178 4158 1842 4248">
    <p class='ocr_par' dir='ltr' id='par_1_82' title="bbox 178 4158 1743 4248">
     <span class='ocr_line' id='line_1_82' title="bbox 178 4158 1743 4248; baseline 0.018 -40"><span class='ocrx_word' id='word_1_640' title='bbox 178 4158 320 4211; x_wconf 80' lang='grc' dir='ltr'>Ἀλλ’</span> <span class='ocrx_word' id='word_1_641' title='bbox 374 4163 505 4225; x_wconf 75' lang='grc' dir='ltr'>ἴσως</span> <span class='ocrx_word' id='word_1_642' title='bbox 561 4164 760 4233; x_wconf 82' lang='grc' dir='ltr'>μᾶλλον</span> <span class='ocrx_word' id='word_1_643' title='bbox 796 4166 852 4219; x_wconf 88' lang='grc' dir='ltr'>δέ</span> <span class='ocrx_word' id='word_1_644' title='bbox 883 4170 1083 4233; x_wconf 87' lang='grc' dir='ltr'>πάντες</span> <span class='ocrx_word' id='word_1_645' title='bbox 1121 4173 1337 4244; x_wconf 85' lang='grc' dir='ltr'>ἐροῦσιν</span> <span class='ocrx_word' id='word_1_646' title='bbox 1384 4178 1447 4229; x_wconf 87' lang='grc' dir='ltr'>ἐκ</span> <span class='ocrx_word' id='word_1_647' title='bbox 1479 4179 1581 4248; x_wconf 84' lang='grc' dir='ltr'>τῆς</span> <span class='ocrx_word' id='word_1_648' title='bbox 1619 4158 1743 4237; x_wconf 79' lang='grc' dir='ltr'>καθ’</span> 
     </span>
    </p>
   </div>
   <div class='ocr_carea' id='block_1_83' title="bbox 1758 4158 3422 4248">
    <p class='ocr_par' dir='ltr' id='par_1_83' title="bbox 1845 4172 3422 4242">
     <span class='ocr_line' id='line_1_83' title="bbox 1845 4172 3422 4242; baseline -0.006 -9"><span class='ocrx_word' id='word_1_649' title='bbox 1845 4178 1969 4233; x_wconf 92' lang='lat' dir='ltr'>dam</span> <span class='ocrx_word' id='word_1_650' title='bbox 2017 4178 2255 4233; x_wconf 87' lang='lat' dir='ltr'><strong>hostium</strong></span> <span class='ocrx_word' id='word_1_651' title='bbox 2285 4182 2522 4228; x_wconf 88' lang='lat' dir='ltr'><strong>turmam</strong></span> <span class='ocrx_word' id='word_1_652' title='bbox 2559 4174 2771 4242; x_wconf 68' lang='lat' dir='ltr'><strong>piorum</strong></span> <span class='ocrx_word' id='word_1_653' title='bbox 2805 4172 3122 4241; x_wconf 77' lang='lat' dir='ltr'><strong>dogmatum</strong></span> <span class='ocrx_word' id='word_1_654' title='bbox 3185 4172 3422 4227; x_wconf 87' lang='lat' dir='ltr'><strong>sinceri-</strong></span> 
     </span>
    </p>
   </div>
   <div class='ocr_carea' id='block_1_84' title="bbox 163 4253 1827 4343">
    <p class='ocr_par' dir='ltr' id='par_1_84' title="bbox 163 4253 1743 4343">
     <span class='ocr_line' id='line_1_84' title="bbox 163 4253 1743 4343; baseline 0.008 -40"><span class='ocrx_word' id='word_1_655' title='bbox 163 4254 315 4321; x_wconf 72' lang='grc' dir='ltr'>ἡμᾶς</span> <span class='ocrx_word' id='word_1_656' title='bbox 353 4253 670 4324; x_wconf 85' lang='grc' dir='ltr'>ὁμοιότητος</span> <span class='ocrx_word' id='word_1_657' title='bbox 727 4256 827 4327; x_wconf 81' lang='grc' dir='ltr'>τὴν</span> <span class='ocrx_word' id='word_1_658' title='bbox 858 4259 944 4329; x_wconf 76' lang='grc' dir='ltr'>ἐφ’</span> <span class='ocrx_word' id='word_1_659' title='bbox 993 4261 1108 4332; x_wconf 88' lang='grc' dir='ltr'>Υἰῷ</span> <span class='ocrx_word' id='word_1_660' title='bbox 1151 4267 1380 4335; x_wconf 76' lang='grc' dir='ltr'>γνησίαν</span> <span class='ocrx_word' id='word_1_661' title='bbox 1428 4269 1590 4325; x_wconf 77' lang='grc' dir='ltr'>ὠδῖνα</span> <span class='ocrx_word' id='word_1_662' title='bbox 1644 4289 1743 4343; x_wconf 84' lang='grc' dir='ltr'>ση-</span> 
     </span>
    </p>
   </div>
   <div class='ocr_carea' id='block_1_85' title="bbox 1753 4253 3417 4343">
    <p class='ocr_par' dir='ltr' id='par_1_85' title="bbox 1848 4262 3417 4337">
     <span class='ocr_line' id='line_1_85' title="bbox 1848 4262 3417 4337; baseline -0.006 -12"><span class='ocrx_word' id='word_1_663' title='bbox 1848 4277 1958 4325; x_wconf 90' lang='lat' dir='ltr'><strong>tate</strong></span> <span class='ocrx_word' id='word_1_664' title='bbox 1984 4266 2367 4337; x_wconf 90' lang='lat' dir='ltr'><strong>comprimere,</strong></span> <span class='ocrx_word' id='word_1_665' title='bbox 2416 4262 2670 4334; x_wconf 84' lang='lat' dir='ltr'><strong>agedum,</strong></span> <span class='ocrx_word' id='word_1_666' title='bbox 2698 4262 2767 4317; x_wconf 89' lang='lat' dir='ltr'>iis</span> <span class='ocrx_word' id='word_1_667' title='bbox 2813 4262 3010 4317; x_wconf 85' lang='lat' dir='ltr'><strong>ordine</strong></span> <span class='ocrx_word' id='word_1_668' title='bbox 3043 4262 3244 4332; x_wconf 88' lang='lat' dir='ltr'><strong>cuique</strong></span> <span class='ocrx_word' id='word_1_669' title='bbox 3290 4277 3417 4317; x_wconf 74' lang='grc' dir='ltr'>(ὀπι-</span> 
     </span>
    </p>
   </div>
   <div class='ocr_carea' id='block_1_86' title="bbox 164 4343 1828 4429">
    <p class='ocr_par' dir='ltr' id='par_1_86' title="bbox 164 4343 1744 4425">
     <span class='ocr_line' id='line_1_86' title="bbox 164 4343 1744 4425; baseline 0.017 -31"><span class='ocrx_word' id='word_1_670' title='bbox 164 4343 453 4411; x_wconf 81' lang='grc' dir='ltr'>μαίνεσθαι</span> <span class='ocrx_word' id='word_1_671' title='bbox 506 4346 599 4400; x_wconf 89' lang='grc' dir='ltr'>τοῦ</span> <span class='ocrx_word' id='word_1_672' title='bbox 664 4349 893 4420; x_wconf 78' lang='grc' dir='ltr'>Πατρός.</span> <span class='ocrx_word' id='word_1_673' title='bbox 942 4354 1152 4407; x_wconf 88' lang='grc' dir='ltr'>Οὐκοῦν</span> <span class='ocrx_word' id='word_1_674' title='bbox 1222 4360 1461 4425; x_wconf 85' lang='grc' dir='ltr'>εὐσεϐῶς</span> <span class='ocrx_word' id='word_1_675' title='bbox 1518 4366 1744 4421; x_wconf 86' lang='grc' dir='ltr'>κάκεῖνο</span> 
     </span>
    </p>
   </div>
   <div class='ocr_carea' id='block_1_87' title="bbox 1754 4343 3418 4429">
    <p class='ocr_par' dir='ltr' id='par_1_87' title="bbox 1845 4353 3418 4429">
     <span class='ocr_line' id='line_1_87' title="bbox 1845 4353 3418 4429; baseline -0.006 -14"><span class='ocrx_word' id='word_1_676' title='bbox 1845 4360 2084 4417; x_wconf 86' lang='lat' dir='ltr'><strong>venienti</strong></span> <span class='ocrx_word' id='word_1_677' title='bbox 2115 4356 2412 4429; x_wconf 88' lang='lat' dir='ltr'><strong>propositis</strong></span> <span class='ocrx_word' id='word_1_678' title='bbox 2437 4395 2451 4419; x_wconf 91' lang='lat'>,</span> <span class='ocrx_word' id='word_1_679' title='bbox 2487 4353 2825 4409; x_wconf 89' lang='lat' dir='ltr'><strong>contrarium</strong></span> <span class='ocrx_word' id='word_1_680' title='bbox 2856 4367 3237 4421; x_wconf 81' lang='lat' dir='ltr'><strong>opponamus,</strong></span> <span class='ocrx_word' id='word_1_681' title='bbox 3279 4362 3332 4406; x_wconf 91' lang='lat' dir='ltr'>et</span> <span class='ocrx_word' id='word_1_682' title='bbox 3366 4353 3418 4406; x_wconf 90' lang='lat' dir='ltr'>in</span> 
     </span>
    </p>
   </div>
   <div class='ocr_carea' id='block_1_88' title="bbox 162 4433 1826 4525">
    <p class='ocr_par' dir='ltr' id='par_1_88' title="bbox 162 4433 1738 4525">
     <span class='ocr_line' id='line_1_88' title="bbox 162 4433 1738 4525; baseline 0.017 -41"><span class='ocrx_word' id='word_1_683' title='bbox 162 4433 412 4525; x_wconf 77' lang='grc' dir='ltr'>νοείσθω,</span> <span class='ocrx_word' id='word_1_684' title='bbox 444 4434 546 4489; x_wconf 75' lang='grc' dir='ltr'>κᾶν</span> <span class='ocrx_word' id='word_1_685' title='bbox 571 4436 648 4501; x_wconf 83' lang='grc' dir='ltr'>ὡς</span> <span class='ocrx_word' id='word_1_686' title='bbox 705 4440 763 4490; x_wconf 89' lang='grc' dir='ltr'>ἐν</span> <span class='ocrx_word' id='word_1_687' title='bbox 804 4441 1129 4515; x_wconf 83' lang='grc' dir='ltr'>ἀνθρωπίνῳ</span> <span class='ocrx_word' id='word_1_688' title='bbox 1180 4447 1422 4503; x_wconf 84' lang='grc' dir='ltr'>λαλεῖται</span> <span class='ocrx_word' id='word_1_689' title='bbox 1470 4456 1738 4525; x_wconf 79' lang='grc' dir='ltr'>σχήματι,</span> 
     </span>
    </p>
   </div>
   <div class='ocr_carea' id='block_1_89' title="bbox 1756 4433 3420 4525">
    <p class='ocr_par' dir='ltr' id='par_1_89' title="bbox 1847 4440 3420 4511">
     <span class='ocr_line' id='line_1_89' title="bbox 1847 4440 3420 4511; baseline -0.01 -3"><span class='ocrx_word' id='word_1_690' title='bbox 1847 4467 1942 4508; x_wconf 90' lang='lat' dir='ltr'>eas</span> <span class='ocrx_word' id='word_1_691' title='bbox 1973 4451 2302 4505; x_wconf 90' lang='lat' dir='ltr'><strong>instructam</strong></span> <span class='ocrx_word' id='word_1_692' title='bbox 2341 4445 2595 4499; x_wconf 88' lang='lat' dir='ltr'><strong>doctrina</strong></span> <span class='ocrx_word' id='word_1_693' title='bbox 2645 4457 2862 4511; x_wconf 89' lang='lat' dir='ltr'><strong>semper</strong></span> <span class='ocrx_word' id='word_1_694' title='bbox 2891 4440 3169 4497; x_wconf 88' lang='lat' dir='ltr'><strong>victricem</strong></span> <span class='ocrx_word' id='word_1_695' title='bbox 3221 4441 3420 4494; x_wconf 89' lang='lat' dir='ltr'><strong>verita-</strong></span> 
     </span>
    </p>
   </div>
   <div class='ocr_carea' id='block_1_90' title="bbox 162 4523 1826 4617">
    <p class='ocr_par' dir='ltr' id='par_1_90' title="bbox 162 4523 1817 4617">
     <span class='ocr_line' id='line_1_90' title="bbox 162 4523 1817 4617; baseline 0.018 -42"><span class='ocrx_word' id='word_1_696' title='bbox 162 4526 255 4577; x_wconf 75' lang='grc' dir='ltr'>καὶ</span> <span class='ocrx_word' id='word_1_697' title='bbox 278 4523 498 4579; x_wconf 79' lang='grc' dir='ltr'>λέλυται</span> <span class='ocrx_word' id='word_1_698' title='bbox 522 4528 582 4579; x_wconf 84' lang='grc' dir='ltr'>τὸ</span> <span class='ocrx_word' id='word_1_699' title='bbox 610 4530 807 4617; x_wconf 74' lang='grc' dir='ltr'>πικρὸν</span> <span class='ocrx_word' id='word_1_700' title='bbox 832 4534 1013 4587; x_wconf 88' lang='grc' dir='ltr'>αὐτῶν</span> <span class='ocrx_word' id='word_1_701' title='bbox 1053 4538 1147 4590; x_wconf 80' lang='grc' dir='ltr'>καὶ</span> <span class='ocrx_word' id='word_1_702' title='bbox 1175 4540 1387 4595; x_wconf 85' lang='grc' dir='ltr'>ἀνόσιον</span> <span class='ocrx_word' id='word_1_703' title='bbox 1423 4523 1734 4617; x_wconf 61' lang='grc' dir='ltr'>πρόϐλημα,</span> <span class='ocrx_word' id='word_1_704' title='bbox 1767 4535 1817 4596; x_wconf 82' lang='grc' dir='ltr'>Ῑ)</span> 
     </span>
    </p>
   </div>
   <div class='ocr_carea' id='block_1_91' title="bbox 1754 4523 3418 4617">
    <p class='ocr_par' dir='ltr' id='par_1_91' title="bbox 1767 4531 3418 4611">
     <span class='ocr_line' id='line_1_91' title="bbox 1767 4531 3418 4611; baseline -0.007 -15"><span class='ocrx_word' id='word_1_705' title='bbox 1767 4535 1817 4596; x_wconf 86' lang='grc'>1)</span> <span class='ocrx_word' id='word_1_706' title='bbox 1842 4552 1948 4597; x_wconf 91' lang='lat' dir='ltr'>tem</span> <span class='ocrx_word' id='word_1_707' title='bbox 1972 4552 2237 4611; x_wconf 88' lang='lat' dir='ltr'><strong>generosa</strong></span> <span class='ocrx_word' id='word_1_708' title='bbox 2261 4544 2440 4589; x_wconf 88' lang='lat' dir='ltr'><strong>mente</strong></span> <span class='ocrx_word' id='word_1_709' title='bbox 2459 4548 2755 4588; x_wconf 90' lang='lat' dir='ltr'><strong>armemus.</strong></span> <span class='ocrx_word' id='word_1_710' title='bbox 2782 4531 2995 4587; x_wconf 81' lang='lat' dir='ltr'><strong>Rursus</strong></span> <span class='ocrx_word' id='word_1_711' title='bbox 3009 4539 3187 4586; x_wconf 91' lang='lat' dir='ltr'><strong>autem</strong></span> <span class='ocrx_word' id='word_1_712' title='bbox 3208 4532 3418 4586; x_wconf 67' lang='lat' dir='ltr'><strong>haereti-</strong></span> 
     </span>
    </p>
   </div>
   <div class='ocr_carea' id='block_1_92' title="bbox 174 4616 1838 4710">
    <p class='ocr_par' dir='ltr' id='par_1_92' title="bbox 174 4616 1738 4710">
     <span class='ocr_line' id='line_1_92' title="bbox 174 4616 1738 4710; baseline 0.018 -45"><span class='ocrx_word' id='word_1_713' title='bbox 174 4616 429 4710; x_wconf 50' lang='lat' dir='ltr'>&#39;E§r’;pxs_t</span> <span class='ocrx_word' id='word_1_714' title='bbox 462 4618 559 4687; x_wconf 88' lang='grc' dir='ltr'>μὲν</span> <span class='ocrx_word' id='word_1_715' title='bbox 599 4616 713 4684; x_wconf 79' lang='grc' dir='ltr'>οῦν,</span> <span class='ocrx_word' id='word_1_716' title='bbox 740 4622 814 4685; x_wconf 83' lang='grc' dir='ltr'>ὡς</span> <span class='ocrx_word' id='word_1_717' title='bbox 845 4619 1019 4695; x_wconf 83' lang='grc' dir='ltr'>οῐμαι,</span> <span class='ocrx_word' id='word_1_718' title='bbox 1054 4628 1147 4681; x_wconf 80' lang='grc' dir='ltr'>καὶ</span> <span class='ocrx_word' id='word_1_719' title='bbox 1189 4630 1379 4686; x_wconf 86' lang='grc' dir='ltr'>ταῦτα.</span> <span class='ocrx_word' id='word_1_720' title='bbox 1437 4616 1649 4710; x_wconf 74' lang='grc' dir='ltr'>Ἐπειδὴ</span> <span class='ocrx_word' id='word_1_721' title='bbox 1681 4640 1738 4694; x_wconf 77' lang='grc' dir='ltr'>δὲ</span> 
     </span>
    </p>
   </div>
   <div class='ocr_carea' id='block_1_93' title="bbox 1755 4616 3419 4710">
    <p class='ocr_par' dir='ltr' id='par_1_93' title="bbox 1845 4623 3419 4700">
     <span class='ocr_line' id='line_1_93' title="bbox 1845 4623 3419 4700; baseline -0.008 -12"><span class='ocrx_word' id='word_1_722' title='bbox 1845 4647 2034 4689; x_wconf 89' lang='lat' dir='ltr'><strong>eorum</strong></span> <span class='ocrx_word' id='word_1_723' title='bbox 2052 4629 2283 4700; x_wconf 90' lang='lat' dir='ltr'><strong>objectio</strong></span> <span class='ocrx_word' id='word_1_724' title='bbox 2302 4625 2632 4698; x_wconf 83' lang='lat' dir='ltr'><strong>syllogismis</strong></span> <span class='ocrx_word' id='word_1_725' title='bbox 2648 4628 2817 4694; x_wconf 88' lang='lat' dir='ltr'><strong>ipsam</strong></span> <span class='ocrx_word' id='word_1_726' title='bbox 2836 4623 3171 4678; x_wconf 88' lang='lat' dir='ltr'><strong>diluentibus</strong></span> <span class='ocrx_word' id='word_1_727' title='bbox 3186 4623 3419 4691; x_wconf 65' lang='lat' dir='ltr'><strong>praemit-</strong></span> 
     </span>
    </p>
   </div>
   <div class='ocr_carea' id='block_1_94' title="bbox 161 4705 1825 4801">
    <p class='ocr_par' dir='ltr' id='par_1_94' title="bbox 161 4705 1739 4801">
     <span class='ocr_line' id='line_1_94' title="bbox 161 4705 1739 4801; baseline 0.008 -29"><span class='ocrx_word' id='word_1_728' title='bbox 161 4705 361 4801; x_wconf 61' lang='grc' dir='ltr'>Αξξῆνεξι</span> <span class='ocrx_word' id='word_1_729' title='bbox 393 4707 503 4760; x_wconf 84' lang='grc' dir='ltr'>δεῖν</span> <span class='ocrx_word' id='word_1_730' title='bbox 525 4710 908 4801; x_wconf 72' lang='grc' dir='ltr'>ὐπειλήφαμεν</span> <span class='ocrx_word' id='word_1_731' title='bbox 936 4716 1003 4769; x_wconf 64' lang='grc' dir='ltr'>τὰ</span> <span class='ocrx_word' id='word_1_732' title='bbox 1046 4719 1109 4771; x_wconf 88' lang='grc' dir='ltr'>ἐκ</span> <span class='ocrx_word' id='word_1_733' title='bbox 1136 4721 1234 4789; x_wconf 84' lang='grc' dir='ltr'>τῆς</span> <span class='ocrx_word' id='word_1_734' title='bbox 1267 4724 1489 4777; x_wconf 81' lang='grc' dir='ltr'>ἐκείνων</span> <span class='ocrx_word' id='word_1_735' title='bbox 1517 4705 1739 4801; x_wconf 79' lang='grc' dir='ltr'>δυστρο-</span> 
     </span>
    </p>
   </div>
   <div class='ocr_carea' id='block_1_95' title="bbox 1754 4705 3418 4801">
    <p class='ocr_par' dir='ltr' id='par_1_95' title="bbox 1847 4717 3418 4793">
     <span class='ocr_line' id='line_1_95' title="bbox 1847 4717 3418 4793; baseline -0.009 -10"><span class='ocrx_word' id='word_1_736' title='bbox 1847 4735 2011 4790; x_wconf 88' lang='lat' dir='ltr'><strong>tctur,</strong></span> <span class='ocrx_word' id='word_1_737' title='bbox 2032 4738 2152 4793; x_wconf 79' lang='lat' dir='ltr'><strong>qua:</strong></span> <span class='ocrx_word' id='word_1_738' title='bbox 2172 4719 2564 4793; x_wconf 89' lang='lat' dir='ltr'><strong>disputationis</strong></span> <span class='ocrx_word' id='word_1_739' title='bbox 2589 4720 2852 4772; x_wconf 87' lang='lat' dir='ltr'><strong>rationem</strong></span> <span class='ocrx_word' id='word_1_740' title='bbox 2879 4727 3138 4771; x_wconf 86' lang='lat' dir='ltr'><strong>accurato</strong></span> <span class='ocrx_word' id='word_1_741' title='bbox 3162 4717 3418 4784; x_wconf 82' lang='lat' dir='ltr'><strong>subjiciat</strong></span> 
     </span>
    </p>
   </div>
   <div class='ocr_carea' id='block_1_96' title="bbox 158 4794 1822 4881">
    <p class='ocr_par' dir='ltr' id='par_1_96' title="bbox 158 4794 1732 4879">
     <span class='ocr_line' id='line_1_96' title="bbox 158 4794 1732 4879; baseline 0.015 -35"><span class='ocrx_word' id='word_1_742' title='bbox 158 4794 295 4856; x_wconf 84' lang='grc' dir='ltr'>πίας</span> <span class='ocrx_word' id='word_1_743' title='bbox 326 4796 680 4867; x_wconf 85' lang='grc' dir='ltr'>ἐπινοηθέντα</span> <span class='ocrx_word' id='word_1_744' title='bbox 729 4802 1108 4872; x_wconf 85' lang='grc' dir='ltr'>προϐλήματα,</span> <span class='ocrx_word' id='word_1_745' title='bbox 1140 4807 1391 4879; x_wconf 80' lang='grc' dir='ltr'>καθάπερ</span> <span class='ocrx_word' id='word_1_746' title='bbox 1415 4812 1538 4865; x_wconf 87' lang='grc' dir='ltr'>τινὰ</span> <span class='ocrx_word' id='word_1_747' title='bbox 1575 4794 1732 4867; x_wconf 83' lang='grc' dir='ltr'>πολε-</span> 
     </span>
    </p>
   </div>
   <div class='ocr_carea' id='block_1_97' title="bbox 1752 4794 3416 4881">
    <p class='ocr_par' dir='ltr' id='par_1_97' title="bbox 1840 4808 3416 4881">
     <span class='ocr_line' id='line_1_97' title="bbox 1840 4808 3416 4881; baseline -0.01 -7"><span class='ocrx_word' id='word_1_748' title='bbox 1840 4816 2097 4878; x_wconf 82' lang='lat' dir='ltr'><strong>examini,</strong></span> <span class='ocrx_word' id='word_1_749' title='bbox 2119 4822 2172 4869; x_wconf 90' lang='lat' dir='ltr'>et</span> <span class='ocrx_word' id='word_1_750' title='bbox 2200 4812 2373 4868; x_wconf 89' lang='lat' dir='ltr'><strong>instar</strong></span> <span class='ocrx_word' id='word_1_751' title='bbox 2388 4811 2559 4881; x_wconf 86' lang='lat' dir='ltr'><strong>rapidi</strong></span> <span class='ocrx_word' id='word_1_752' title='bbox 2580 4809 2865 4879; x_wconf 87' lang='lat' dir='ltr'><strong>cujusdam</strong></span> <span class='ocrx_word' id='word_1_753' title='bbox 2895 4808 3134 4863; x_wconf 84' lang='lat' dir='ltr'><strong>ﬂuminis</strong></span> <span class='ocrx_word' id='word_1_754' title='bbox 3152 4809 3416 4862; x_wconf 89' lang='lat' dir='ltr'><strong>lectorum</strong></span> 
     </span>
    </p>
   </div>
   <div class='ocr_carea' id='block_1_98' title="bbox 162 4884 1826 4975">
    <p class='ocr_par' dir='ltr' id='par_1_98' title="bbox 162 4884 1736 4975">
     <span class='ocr_line' id='line_1_98' title="bbox 162 4884 1736 4975; baseline 0.016 -41"><span class='ocrx_word' id='word_1_755' title='bbox 162 4884 307 4951; x_wconf 85' lang='grc' dir='ltr'>μίων</span> <span class='ocrx_word' id='word_1_756' title='bbox 331 4886 519 4956; x_wconf 79' lang='grc' dir='ltr'>ἐσμὸν,</span> <span class='ocrx_word' id='word_1_757' title='bbox 572 4890 639 4959; x_wconf 79' lang='grc' dir='ltr'>τῇ</span> <span class='ocrx_word' id='word_1_758' title='bbox 686 4890 797 4942; x_wconf 86' lang='grc' dir='ltr'>τῶν</span> <span class='ocrx_word' id='word_1_759' title='bbox 853 4893 1092 4948; x_wconf 86' lang='grc' dir='ltr'>εὐσεϐῶν</span> <span class='ocrx_word' id='word_1_760' title='bbox 1140 4896 1424 4968; x_wconf 85' lang='grc' dir='ltr'>δογμάτων</span> <span class='ocrx_word' id='word_1_761' title='bbox 1483 4901 1736 4975; x_wconf 84' lang='grc' dir='ltr'>ὀρθότητι</span> 
     </span>
    </p>
   </div>
   <div class='ocr_carea' id='block_1_99' title="bbox 1749 4884 3413 4975">
    <p class='ocr_par' dir='ltr' id='par_1_99' title="bbox 1843 4898 3413 4971">
     <span class='ocr_line' id='line_1_99' title="bbox 1843 4898 3413 4971; baseline -0.01 -7"><span class='ocrx_word' id='word_1_762' title='bbox 1843 4908 2053 4964; x_wconf 88' lang='lat' dir='ltr'><strong>animos</strong></span> <span class='ocrx_word' id='word_1_763' title='bbox 2079 4906 2288 4960; x_wconf 87' lang='lat' dir='ltr'><strong>alacres</strong></span> <span class='ocrx_word' id='word_1_764' title='bbox 2323 4902 2463 4957; x_wconf 82' lang='lat' dir='ltr'><strong>ferat</strong></span> <span class='ocrx_word' id='word_1_765' title='bbox 2492 4900 2558 4955; x_wconf 88' lang='lat' dir='ltr'>ad</span> <span class='ocrx_word' id='word_1_766' title='bbox 2611 4900 2988 4971; x_wconf 89' lang='lat' dir='ltr'><strong>percipiendas</strong></span> <span class='ocrx_word' id='word_1_767' title='bbox 3014 4898 3413 4969; x_wconf 84' lang='lat' dir='ltr'><strong>oppositiones.</strong></span> 
     </span>
    </p>
   </div>
   <div class='ocr_carea' id='block_1_100' title="bbox 160 4976 3418 5073">
    <p class='ocr_par' dir='ltr' id='par_1_100' title="bbox 160 4976 3418 5073">
     <span class='ocr_line' id='line_1_100' title="bbox 160 4976 3418 5073; baseline -0.005 -14"><span class='ocrx_word' id='word_1_768' title='bbox 160 4976 620 5073; x_wconf 39' lang='lat'>“799°55‘93&quot;</span> <span class='ocrx_word' id='word_1_769' title='bbox 648 4980 781 5051; x_wconf 76' lang='grc' dir='ltr'>φέρε</span> <span class='ocrx_word' id='word_1_770' title='bbox 799 4981 863 5052; x_wconf 70' lang='grc' dir='ltr'>δὴ</span> <span class='ocrx_word' id='word_1_771' title='bbox 888 4984 1224 5054; x_wconf 75' lang='grc' dir='ltr'>παραθέντες</span> <span class='ocrx_word' id='word_1_772' title='bbox 1282 4991 1419 5046; x_wconf 74' lang='grc' dir='ltr'>αὐτὰ</span> <span class='ocrx_word' id='word_1_773' title='bbox 1446 4996 1587 5051; x_wconf 78' lang='grc' dir='ltr'>κατὰ</span> <span class='ocrx_word' id='word_1_774' title='bbox 1639 4999 1792 5070; x_wconf 89' lang='grc' dir='ltr'>λόγον</span> <span class='ocrx_word' id='word_1_775' title='bbox 1852 5002 2065 5071; x_wconf 82' lang='grc' dir='ltr'>ἐκάστῳ</span> <span class='ocrx_word' id='word_1_776' title='bbox 2122 5000 2212 5053; x_wconf 83' lang='grc' dir='ltr'>τὸν</span> <span class='ocrx_word' id='word_1_777' title='bbox 2254 4999 2468 5073; x_wconf 73' lang='grc' dir='ltr'>ῥέοντα,</span> <span class='ocrx_word' id='word_1_778' title='bbox 2502 4996 2563 5049; x_wconf 85' lang='grc' dir='ltr'>τὸ</span> <span class='ocrx_word' id='word_1_779' title='bbox 2607 4994 2956 5048; x_wconf 87' lang='grc' dir='ltr'>ἀντιστατοῦν</span> <span class='ocrx_word' id='word_1_780' title='bbox 2998 4994 3418 5065; x_wconf 82' lang='grc' dir='ltr'>ἀντεγείρωμεν,</span> 
     </span>
    </p>
   </div>
   <div class='ocr_carea' id='block_1_101' title="bbox 160 5064 3417 5167">
    <p class='ocr_par' dir='ltr' id='par_1_101' title="bbox 160 5064 3417 5167">
     <span class='ocr_line' id='line_1_101' title="bbox 160 5064 3417 5167; baseline 0.007 -51"><span class='ocrx_word' id='word_1_781' title='bbox 160 5064 778 5167; x_wconf 36' lang='grc' dir='ltr'>καίθερμοτέρως-καΐ</span> <span class='ocrx_word' id='word_1_782' title='bbox 802 5074 983 5127; x_wconf 89' lang='grc' dir='ltr'>αὐτῶν</span> <span class='ocrx_word' id='word_1_783' title='bbox 1012 5078 1379 5151; x_wconf 82' lang='grc' dir='ltr'>ἐξοπλίσωμεν</span> <span class='ocrx_word' id='word_1_784' title='bbox 1401 5064 1721 5159; x_wconf 73' lang='grc' dir='ltr'>θεωρήμασι</span> <span class='ocrx_word' id='word_1_785' title='bbox 1754 5094 1852 5167; x_wconf 84' lang='grc' dir='ltr'>τὴν</span> <span class='ocrx_word' id='word_1_786' title='bbox 1876 5094 1961 5148; x_wconf 79' lang='grc' dir='ltr'>ἀεὶ</span> <span class='ocrx_word' id='word_1_787' title='bbox 1990 5064 2225 5146; x_wconf 71' lang='grc' dir='ltr'>νικῶσαν</span> <span class='ocrx_word' id='word_1_788' title='bbox 2254 5064 2507 5159; x_wconf 76' lang='grc' dir='ltr'>ἀλήθειαν</span> <span class='ocrx_word' id='word_1_789' title='bbox 2525 5104 2537 5117; x_wconf 95' lang='grc'><strong>·</strong></span> <span class='ocrx_word' id='word_1_790' title='bbox 2566 5088 2857 5159; x_wconf 84' lang='grc' dir='ltr'>πρόϐλημα</span> <span class='ocrx_word' id='word_1_791' title='bbox 2892 5086 2947 5139; x_wconf 79' lang='grc' dir='ltr'>δὲ</span> <span class='ocrx_word' id='word_1_792' title='bbox 2976 5086 3154 5147; x_wconf 86' lang='grc' dir='ltr'>πάλιν,</span> <span class='ocrx_word' id='word_1_793' title='bbox 3183 5064 3258 5148; x_wconf 80' lang='grc' dir='ltr'>ὡς</span> <span class='ocrx_word' id='word_1_794' title='bbox 3287 5103 3417 5157; x_wconf 86' lang='grc' dir='ltr'>παρ’</span> 
     </span>
    </p>
   </div>
   <div class='ocr_carea' id='block_1_102' title="bbox 158 5157 3416 5254">
    <p class='ocr_par' dir='ltr' id='par_1_102' title="bbox 158 5157 3416 5254">
     <span class='ocr_line' id='line_1_102' title="bbox 158 5157 3416 5254; baseline 0.007 -48"><span class='ocrx_word' id='word_1_795' title='bbox 158 5157 386 5254; x_wconf 68' lang='grc' dir='ltr'>ἐκείνων</span> <span class='ocrx_word' id='word_1_796' title='bbox 537 5160 864 5217; x_wconf 85' lang='grc' dir='ltr'>ἐπιλυόντων</span> <span class='ocrx_word' id='word_1_797' title='bbox 909 5167 1042 5220; x_wconf 81' lang='grc' dir='ltr'>αὐτὸ</span> <span class='ocrx_word' id='word_1_798' title='bbox 1088 5170 1479 5243; x_wconf 85' lang='grc' dir='ltr'>συλλογισμῶν,</span> <span class='ocrx_word' id='word_1_799' title='bbox 1514 5157 1911 5249; x_wconf 73' lang='grc' dir='ltr'>προτετάξεται</span> <span class='ocrx_word' id='word_1_800' title='bbox 1964 5184 2063 5254; x_wconf 79' lang='grc' dir='ltr'>τὴν</span> <span class='ocrx_word' id='word_1_801' title='bbox 2084 5182 2175 5235; x_wconf 84' lang='grc' dir='ltr'>τοῦ</span> <span class='ocrx_word' id='word_1_802' title='bbox 2208 5157 2366 5249; x_wconf 80' lang='grc' dir='ltr'>λόγου</span> <span class='ocrx_word' id='word_1_803' title='bbox 2391 5178 2576 5248; x_wconf 79' lang='grc' dir='ltr'>νῆψιν,</span> <span class='ocrx_word' id='word_1_804' title='bbox 2614 5157 2701 5242; x_wconf 76' lang='grc' dir='ltr'>εἰς</span> <span class='ocrx_word' id='word_1_805' title='bbox 2761 5176 3158 5249; x_wconf 87' lang='grc' dir='ltr'>ἀκριϐεστέραν</span> <span class='ocrx_word' id='word_1_806' title='bbox 3221 5180 3416 5247; x_wconf 67' lang='grc' dir='ltr'>χωρεῖν</span> 
     </span>
    </p>
   </div>
   <div class='ocr_carea' id='block_1_103' title="bbox 158 5246 3416 5343">
    <p class='ocr_par' dir='ltr' id='par_1_103' title="bbox 158 5246 3416 5343">
     <span class='ocr_line' id='line_1_103' title="bbox 158 5246 3416 5343; baseline 0.008 -46"><span class='ocrx_word' id='word_1_807' title='bbox 158 5246 405 5343; x_wconf 51' lang='grc' dir='ltr'>ἐρεθίζον</span> <span class='ocrx_word' id='word_1_808' title='bbox 435 5246 686 5343; x_wconf 82' lang='grc' dir='ltr'>βάσανον,</span> <span class='ocrx_word' id='word_1_809' title='bbox 716 5254 809 5305; x_wconf 81' lang='grc' dir='ltr'>καὶ</span> <span class='ocrx_word' id='word_1_810' title='bbox 840 5254 1003 5309; x_wconf 75' lang='grc' dir='ltr'>οἱονεί</span> <span class='ocrx_word' id='word_1_811' title='bbox 1025 5275 1167 5322; x_wconf 86' lang='grc' dir='ltr'>τινος</span> <span class='ocrx_word' id='word_1_812' title='bbox 1190 5265 1435 5333; x_wconf 85' lang='grc' dir='ltr'>ποταμοῦ</span> <span class='ocrx_word' id='word_1_813' title='bbox 1500 5246 2031 5343; x_wconf 29' lang='grc' dir='ltr'>ρεὐματοςνφορὰνί</span> <span class='ocrx_word' id='word_1_814' title='bbox 2076 5272 2169 5324; x_wconf 74' lang='grc' dir='ltr'>ἐπὶ</span> <span class='ocrx_word' id='word_1_815' title='bbox 2218 5246 2291 5323; x_wconf 18' lang='lat'><strong>10‘</strong></span> <span class='ocrx_word' id='word_1_816' title='bbox 2320 5246 2526 5341; x_wconf 78' lang='grc' dir='ltr'>πρανές</span> <span class='ocrx_word' id='word_1_817' title='bbox 2572 5269 2690 5323; x_wconf 86' lang='grc' dir='ltr'>ἐκεῖ</span> <span class='ocrx_word' id='word_1_818' title='bbox 2740 5246 3183 5339; x_wconf 24' lang='grc' dir='ltr'>κατ-αφέρονντὴν</span> <span class='ocrx_word' id='word_1_819' title='bbox 3220 5246 3314 5320; x_wconf 74' lang='grc' dir='ltr'>ἐπὶ</span> <span class='ocrx_word' id='word_1_820' title='bbox 3356 5270 3416 5322; x_wconf 76' lang='grc' dir='ltr'>τὸ</span> 
     </span>
    </p>
   </div>
   <div class='ocr_carea' id='block_1_104' title="bbox 160 5338 2495 5434">
    <p class='ocr_par' dir='ltr' id='par_1_104' title="bbox 160 5338 2495 5434">
     <span class='ocr_line' id='line_1_104' title="bbox 160 5338 2495 5434; baseline 0.011 -44"><span class='ocrx_word' id='word_1_821' title='bbox 160 5338 449 5434; x_wconf 67' lang='grc' dir='ltr'>βρύλεσθαι</span> <span class='ocrx_word' id='word_1_822' title='bbox 497 5341 569 5434; x_wconf 56' lang='grc' dir='ltr'>τό</span> <span class='ocrx_word' id='word_1_823' title='bbox 581 5343 875 5399; x_wconf 86' lang='grc' dir='ltr'>ἀντιτεῖνον</span> <span class='ocrx_word' id='word_1_824' title='bbox 903 5350 1193 5417; x_wconf 86' lang='grc' dir='ltr'>μανθάνειν</span> <span class='ocrx_word' id='word_1_825' title='bbox 1234 5355 1319 5408; x_wconf 74' lang='grc' dir='ltr'>ἀεὶ</span> <span class='ocrx_word' id='word_1_826' title='bbox 1353 5356 1461 5411; x_wconf 89' lang='grc' dir='ltr'>τῶν</span> <span class='ocrx_word' id='word_1_827' title='bbox 1491 5338 1892 5434; x_wconf 77' lang='grc' dir='ltr'>ἐντευξομένων</span> <span class='ocrx_word' id='word_1_828' title='bbox 1920 5362 2129 5433; x_wconf 81' lang='grc' dir='ltr'>ἀγαθὴν</span> <span class='ocrx_word' id='word_1_829' title='bbox 2163 5338 2495 5433; x_wconf 64' lang='grc' dir='ltr'>προθυμίαν.</span> 
     </span>
    </p>
   </div>
   <div class='ocr_carea' id='block_1_105' title="bbox 158 5428 1822 5521">
    <p class='ocr_par' dir='ltr' id='par_1_105' title="bbox 158 5428 1731 5521">
     <span class='ocr_line' id='line_1_105' title="bbox 158 5428 1731 5521; baseline 0.017 -41"><span class='ocrx_word' id='word_1_830' title='bbox 158 5428 503 5521; x_wconf 51' lang='grc' dir='ltr'>Πρόϐλημα,</span> <span class='ocrx_word' id='word_1_831' title='bbox 532 5430 666 5499; x_wconf 67' lang='grc' dir='ltr'>ἦτοι</span> <span class='ocrx_word' id='word_1_832' title='bbox 706 5434 1007 5505; x_wconf 77' lang='grc' dir='ltr'>ἀντίθεσις</span> <span class='ocrx_word' id='word_1_833' title='bbox 1041 5442 1122 5507; x_wconf 84' lang='grc' dir='ltr'>ὡς</span> <span class='ocrx_word' id='word_1_834' title='bbox 1162 5443 1229 5497; x_wconf 82' lang='grc' dir='ltr'>ἐκ</span> <span class='ocrx_word' id='word_1_835' title='bbox 1258 5444 1376 5499; x_wconf 79' lang='grc' dir='ltr'>τῶν</span> <span class='ocrx_word' id='word_1_836' title='bbox 1405 5428 1731 5517; x_wconf 45' lang='grc' dir='ltr'>αἱρετικῶνί</span> 
     </span>
    </p>
   </div>
   <div class='ocr_carea' id='block_1_106' title="bbox 1507 5428 3171 5521">
    <p class='ocr_par' dir='ltr' id='par_1_106' title="bbox 1507 5428 3171 5521">
     <span class='ocr_line' id='line_1_106' title="bbox 1507 5428 3171 5521; baseline -0.001 -18"><span class='ocrx_word' id='word_1_837' title='bbox 1507 5428 1731 5507; x_wconf 44' lang='grc' dir='ltr'>ετικῶνί</span> <span class='ocrx_word' id='word_1_838' title='bbox 1971 5428 1981 5433; x_wconf 18' lang='lat' dir='ltr'><strong><em>ﬁ</em></strong></span> <span class='ocrx_word' id='word_1_839' title='bbox 2058 5428 2354 5521; x_wconf 70' lang='grc' dir='ltr'>ὀρροδίιίο,</span> <span class='ocrx_word' id='word_1_840' title='bbox 2392 5454 2497 5507; x_wconf 80' lang='lat' dir='ltr'><strong>sive</strong></span> <span class='ocrx_word' id='word_1_841' title='bbox 2541 5450 2760 5520; x_wconf 82' lang='lat' dir='ltr'><strong>objectio</strong></span> <span class='ocrx_word' id='word_1_842' title='bbox 2788 5449 3171 5504; x_wconf 73' lang='lat' dir='ltr'><strong>Itazreticornm.</strong></span> 
     </span>
    </p>
   </div>
   <div class='ocr_carea' id='block_1_107' title="bbox 232 5520 1896 5615">
    <p class='ocr_par' dir='ltr' id='par_1_107' title="bbox 232 5520 1737 5615">
     <span class='ocr_line' id='line_1_107' title="bbox 232 5520 1737 5615; baseline 0.018 -43"><span class='ocrx_word' id='word_1_843' title='bbox 232 5520 405 5615; x_wconf 59' lang='lat' dir='ltr'><strong>Et</strong></span> <span class='ocrx_word' id='word_1_844' title='bbox 425 5522 851 5615; x_wconf 79' lang='grc' dir='ltr'>ἐτερος,φασ“ιν,</span> <span class='ocrx_word' id='word_1_845' title='bbox 887 5529 1182 5603; x_wconf 77' lang='grc' dir='ltr'>ἐνυπάρχει</span> <span class='ocrx_word' id='word_1_846' title='bbox 1220 5535 1296 5605; x_wconf 80' lang='grc' dir='ltr'>τῷ</span> <span class='ocrx_word' id='word_1_847' title='bbox 1338 5537 1458 5609; x_wconf 85' lang='grc' dir='ltr'>Θεῷ</span> <span class='ocrx_word' id='word_1_848' title='bbox 1506 5542 1598 5595; x_wconf 76' lang='grc' dir='ltr'>καὶ</span> <span class='ocrx_word' id='word_1_849' title='bbox 1630 5545 1737 5598; x_wconf 85' lang='grc' dir='ltr'>Πα-</span> 
     </span>
    </p>
   </div>
   <div class='ocr_carea' id='block_1_108' title="bbox 1744 5520 3408 5615">
    <p class='ocr_par' dir='ltr' id='par_1_108' title="bbox 1905 5520 3408 5615">
     <span class='ocr_line' id='line_1_108' title="bbox 1905 5520 3408 5615; baseline -0.004 -17"><span class='ocrx_word' id='word_1_850' title='bbox 1905 5544 2041 5610; x_wconf 88' lang='lat' dir='ltr'><strong>Nisi,</strong></span> <span class='ocrx_word' id='word_1_851' title='bbox 2079 5520 2358 5615; x_wconf 88' lang='lat' dir='ltr'><strong>inquiunt,</strong></span> <span class='ocrx_word' id='word_1_852' title='bbox 2390 5544 2442 5597; x_wconf 91' lang='lat' dir='ltr'>in</span> <span class='ocrx_word' id='word_1_853' title='bbox 2476 5543 2583 5597; x_wconf 82' lang='lat' dir='ltr'><strong>Deo</strong></span> <span class='ocrx_word' id='word_1_854' title='bbox 2611 5552 2666 5597; x_wconf 91' lang='lat' dir='ltr'>et</span> <span class='ocrx_word' id='word_1_855' title='bbox 2698 5542 2859 5598; x_wconf 80' lang='lat' dir='ltr'><strong>Patre</strong></span> <span class='ocrx_word' id='word_1_856' title='bbox 2893 5536 3126 5596; x_wconf 81' lang='lat' dir='ltr'><strong>Verbum</strong></span> <span class='ocrx_word' id='word_1_857' title='bbox 3171 5541 3241 5595; x_wconf 89' lang='lat' dir='ltr'>sit</span> <span class='ocrx_word' id='word_1_858' title='bbox 3273 5554 3408 5593; x_wconf 65' lang='lat' dir='ltr'><strong>con.-</strong></span> 
     </span>
    </p>
   </div>
   <div class='ocr_carea' id='block_1_109' title="bbox 160 5609 1824 5705">
    <p class='ocr_par' dir='ltr' id='par_1_109' title="bbox 160 5609 1737 5703">
     <span class='ocr_line' id='line_1_109' title="bbox 160 5609 1737 5703; baseline 0.018 -41"><span class='ocrx_word' id='word_1_859' title='bbox 160 5612 251 5681; x_wconf 72' lang='grc' dir='ltr'>τρὶ</span> <span class='ocrx_word' id='word_1_860' title='bbox 281 5609 477 5679; x_wconf 85' lang='grc' dir='ltr'>Λόγος,</span> <span class='ocrx_word' id='word_1_861' title='bbox 501 5612 762 5686; x_wconf 81' lang='grc' dir='ltr'>οὐσιὼδης</span> <span class='ocrx_word' id='word_1_862' title='bbox 789 5636 845 5671; x_wconf 87' lang='grc' dir='ltr'>τε</span> <span class='ocrx_word' id='word_1_863' title='bbox 892 5621 986 5674; x_wconf 73' lang='grc' dir='ltr'>καὶ</span> <span class='ocrx_word' id='word_1_864' title='bbox 1020 5623 1317 5691; x_wconf 74' lang='grc' dir='ltr'>ἐνδιάθετος</span> <span class='ocrx_word' id='word_1_865' title='bbox 1371 5632 1518 5703; x_wconf 75' lang='grc' dir='ltr'>παρὰ</span> <span class='ocrx_word' id='word_1_866' title='bbox 1550 5635 1637 5688; x_wconf 76' lang='grc' dir='ltr'>τὸν</span> <span class='ocrx_word' id='word_1_867' title='bbox 1680 5634 1737 5698; x_wconf 78' lang='grc' dir='ltr'>ἐξ</span> 
     </span>
    </p>
   </div>
   <div class='ocr_carea' id='block_1_110' title="bbox 1745 5609 3409 5705">
    <p class='ocr_par' dir='ltr' id='par_1_110' title="bbox 1839 5609 3409 5705">
     <span class='ocr_line' id='line_1_110' title="bbox 1839 5609 3409 5705; baseline -0.003 -12"><span class='ocrx_word' id='word_1_868' title='bbox 1839 5609 2199 5694; x_wconf 82' lang='lat' dir='ltr'><strong>substantialc</strong></span> <span class='ocrx_word' id='word_1_869' title='bbox 2231 5645 2281 5693; x_wconf 88' lang='lat' dir='ltr'>ct</span> <span class='ocrx_word' id='word_1_870' title='bbox 2319 5636 2615 5701; x_wconf 80' lang='lat' dir='ltr'><strong>internum,</strong></span> <span class='ocrx_word' id='word_1_871' title='bbox 2656 5634 2799 5689; x_wconf 82' lang='lat' dir='ltr'><strong>aliud</strong></span> <span class='ocrx_word' id='word_1_872' title='bbox 2836 5635 2901 5689; x_wconf 84' lang='lat' dir='ltr'>ab</span> <span class='ocrx_word' id='word_1_873' title='bbox 2946 5633 3236 5705; x_wconf 84' lang='lat' dir='ltr'><strong>Unigcnito</strong></span> <span class='ocrx_word' id='word_1_874' title='bbox 3274 5630 3409 5688; x_wconf 84' lang='lat' dir='ltr'><strong>Filio</strong></span> 
     </span>
    </p>
   </div>
   <div class='ocr_carea' id='block_1_111' title="bbox 238 5786 1186 5864">
    <p class='ocr_par' dir='ltr' id='par_1_111' title="bbox 238 5786 1186 5864">
     <span class='ocr_line' id='line_1_111' title="bbox 238 5786 1186 5864; baseline 0.014 -20"><span class='ocrx_word' id='word_1_875' title='bbox 238 5786 288 5815; x_wconf 78' lang='lat'>&quot;</span> <span class='ocrx_word' id='word_1_876' title='bbox 329 5789 470 5846; x_wconf 75' lang='lat' dir='ltr'><strong>Psal.</strong></span> <span class='ocrx_word' id='word_1_877' title='bbox 515 5807 619 5855; x_wconf 75' lang='lat' dir='ltr'>ax.</span> <span class='ocrx_word' id='word_1_878' title='bbox 648 5794 697 5847; x_wconf 83' lang='grc'>’5.</span> <span class='ocrx_word' id='word_1_879' title='bbox 777 5797 817 5826; x_wconf 68' lang='grc' dir='ltr'>’ν</span> <span class='ocrx_word' id='word_1_880' title='bbox 860 5797 1002 5857; x_wconf 67' lang='lat' dir='ltr'><strong>Paul.</strong></span> <span class='ocrx_word' id='word_1_881' title='bbox 1040 5817 1098 5864; x_wconf 86' lang='lat' dir='ltr'>ll,</span> <span class='ocrx_word' id='word_1_882' title='bbox 1136 5802 1186 5857; x_wconf 83' lang='grc'>7.</span> 
     </span>
    </p>
   </div>
  </div>
