4214 6502
789 412 854 465 03
1770 400 1828 455 s.
1862 398 1945 453 ei
1963 396 2142 452 iuLLi
2183 392 2656 449 ALEXANDRINI
2683 390 3007 449 ARCHIEP.
3945 365 4007 420 64

789 526 879 592 qui
912 540 974 577 ev
1007 523 1125 591 ipso
1159 532 1261 586 est,
1303 520 1503 590 quique
1524 518 1591 573 ad
1616 517 1762 572 illius
1788 516 2149 571 imitationem
2177 528 2347 569 voca-
2388 518 2428 573 Α

2388 518 2428 573 Α
2460 511 2625 566 αὐτοῦ
2686 514 2950 582 μονογενῆ
3012 510 3159 571 Υἰὸν,
3197 509 3255 572 ὃς
3303 507 3368 579 δὴ
3398 508 3487 562 καὶ
3529 510 3663 562 κατᾶ
3688 507 3782 578 τὴν
3810 507 4011 561 ἐκείνου

791 624 879 666 tur
925 612 1183 677 Verbum,
1234 595 1545 667 absurditas
1580 610 1705 664 inde
1750 616 2037 677 sequetur,
2090 607 2358 676 nobisque

2345 622 2358 661 ξ
2465 603 2695 673 μίμησιν
2735 603 2979 656 καλεῖται
3018 601 3211 669 Λόγος,
3257 600 3456 654 ἄτοπόν
3494 600 3634 652 τιτὸ
3662 599 3901 652 ἐντεῦθεν
3929 598 4009 650 ὲκ-

794 715 960 767 reite,
997 715 1052 759 ut
1086 720 1181 774 p‘lr
1218 710 1323 770 est,
1370 702 1732 759 sentientibus
1765 699 2049 755 fatendum
2088 706 2174 756 est
2210 698 2357 768 quod

2346 698 2357 751 ι
2462 693 2687 764 6ήσεται
2749 694 2845 746 καί⁸
2884 693 3166 762 ὁμολογεῖν
3226 693 3375 762 ἡμας
3418 692 3710 757 ἀναγκαιον
3741 691 3862 751 τοὺς
3884 688 4010 759 ὀρθὰ

794 800 839 850 si
893 798 1039 851 Patri
1086 797 1318 851 Verbum
1368 804 1451 850 est
1517 794 2021 858 consubstantiale,
2090 801 2145 847 ct
2196 791 2358 846 Pater

2344 808 2358 845 τ
2460 785 2674 856 φρονεῖν
2702 782 3003 852 οἰομένους,
3028 782 3220 850 ὅτιπερ
3252 782 3300 833 εἰ
3322 778 3602 851 ὁμοούσιός
3638 781 3779 831 ἐστιν
3800 780 3827 830 6
3850 777 4008 843 Λόγος

794 887 1009 947 Verbo,
1064 887 1200 940 nihil
1248 888 1463 940 demum
1498 884 1718 939 obstare
1766 885 2018 937 videatur
2063 884 2357 951 quominus

2345 899 2357 937 ι
2458 876 2535 945 τῷ
2583 875 2776 946 Πατρί,
2827 875 2921 928 καὶ
2964 873 2993 926 6
3046 872 3238 944 Πατὴρ
3268 872 3325 926 δὲ
3372 871 3448 941 τῷ
3476 870 3651 941 Λόγῳ,
3682 870 3825 923 οὐδὲν
3856 868 3931 920 ἔτι
3958 869 4009 919 τὸ

793 979 951 1031 Pater
982 977 1218 1032 Verbum
1250 978 1339 1043 sit,
1373 984 1425 1031 et
1472 987 1717 1042 vocetur,
1755 984 1881 1045 puta
1908 973 2087 1028 Verbo
2117 975 2355 1029 consub-

2344 1004 2355 1014 .
2460 965 2665 1020 κωλύον
2718 967 2933 1036 ὁρᾶται,
2965 964 3138 1033 Λόγον
3199 962 3336 1016 εἷναί
3371 980 3430 1015 τε
3471 962 3565 1015 καὶ
3625 960 3901 1014 καλεῖσθαι
3928 959 4008 1011 τὸν

793 1065 1087 1119 staiitialis.

2460 1060 2696 1130 Πατέρα,
2720 1058 2795 1122 ὼς
2822 1056 3105 1128 όμοούσιον
3136 1054 3310 1123 Λόγῳ.

1285 1153 1495 1209 Salutio
1539 1154 1863 1223 objectionis.
1955 1189 1957 1192 ‹

1850 1194 1863 1208 .
1955 1189 1957 1192 ‹
2950 1146 3103 1214 Πρὸς
3123 1144 3297 1200 τοῦτο
3333 1144 3512 1208 λύσις

862 1248 1017 1302 Nulla
1045 1249 1185 1303 ratio
1214 1265 1333 1312 nos,
1360 1264 1392 1303 0
1433 1249 1583 1311 boni,
1614 1258 1770 1317 cobet
1803 1248 2080 1312 arbitrari,
2120 1247 2353 1302 Verbum

2345 1263 2353 1299 i
2527 1244 2733 1308 Οὐδεὶς,
2767 1235 2812 1294 ὦ
2837 1241 3121 1311 βέλτιστοι,
3146 1239 3345 1309 τρόπος
3368 1238 3512 1308 ἡμᾶς
3538 1232 3828 1302 ἀναγκάσει
3852 1229 4009 1297 Λόγον

794 1338 999 1393 ἰιίιὶιτεο
1032 1340 1247 1391 Patrem
1282 1338 1609 1392 censendum
1650 1353 1771 1391 esse
1799 1339 1881 1391 vel
1919 1336 2232 1399 dicendum,
2263 1346 2355 1390 aut
2456 1360 2458 1379 ι

2345 1346 2355 1390 ι
2456 1336 2663 1389 οἴεσθαι
2705 1335 2816 1388 δειν
2869 1335 2960 1387 τὸν
2992 1332 3209 1401 Πατέρα
3256 1331 3398 1383 νοτίν
3425 1346 3485 1381 τε
3516 1327 3609 1379 καὶ
3649 1322 4009 1392 λέγειν,ἢκαὶ

792 1428 1145 1491 credendum,
1182 1427 1436 1495 quoniam
1483 1435 1565 1493 est
1604 1424 1786 1479 Verbo
1841 1426 2348 1481 consubstantialis.

2345 1468 2348 1478 .
2456 1422 2594 1480 εἶναι
2634 1425 2891 1496 δύνασθαι.
2946 1422 3246 1485 πιστεύειν,
3310 1419 3500 1490 ὅτιπερ
3555 1420 3696 1471 ἐστιν
3738 1412 4009 1485 ὁμοοόσιος

793 1518 1067 1583 Νυειυειιιι
1097 1518 1240 1570 enim
1272 1532 1392 1584 quae
1416 1516 1661 1584 ejusdem
1700 1523 1829 1569 sunt
1867 1524 2072 1570 natura).
2110 1524 2353 1570 mutuam
2456 1566 2457 1569 η

2344 1532 2353 1568 i
2456 1518 2725 1588 Λόγῳ·οὑ
2760 1516 2869 1585 γὰρ
2897 1515 3116 1574 πάντως
3162 1512 3230 1565 τὰ
3276 1512 3375 1580 τῆς
3421 1511 3588 1578 αὐτῆς
3632 1506 3757 1560 ὅντα
3786 1504 4008 1572 φύσκης,

720 1668 725 1671 μ
794 1609 1140 1663 mutationem
1167 1607 1273 1677 35
1318 1616 1372 1661 et
1416 1608 1822 1677 perinistioneni
1853 1607 2020 1661 veluti
2063 1606 2352 1675 quamdam

2346 1624 2352 1659 I
2456 1612 2552 1682 τὴν
2597 1612 2675 1673 εἰς
2710 1609 2915 1679 ἄλληλα
2954 1607 3193 1679 χωρήσει
3237 1604 3539 1676 μεταϐολὴν
3574 1600 3666 1653 καὶ
3700 1598 4010 1665 ἀνάκρασιν,

792 1696 1017 1750 alterius
1051 1712 1102 1748 in
1140 1697 1365 1748 alterum
1400 1697 1650 1764 capient,
1701 1697 1771 1749 ita
1807 1704 1864 1748 ut
1896 1711 1926 1749 e
1956 1695 2264 1764 pluralitate
2295 1697 2350 1748 in

2346 1720 2350 1748 ι
2456 1702 2640 1773 ὥσπερ
2690 1700 2808 1754 τινὰ
2835 1701 2935 1767 τὴν
2978 1700 3036 1765 ἐξ
3067 1698 3254 1768 ἑτέρου
3290 1694 3426 1766 πρὸς
3473 1694 3655 1762 ἕτερον
3702 1688 4010 1752 ὲπιδέξεται,

792 1788 1051 1840 unitatem
1085 1788 1328 1841 contrahi
1362 1790 1572 1856 possint
1594 1803 1677 1841 res
1702 1788 2041 1855 signiﬁcata},
2068 1794 2163 1840 aut
2187 1786 2351 1841 etiam
2386 1851 2422 1859 _
2454 1823 2456 1834 η

2349 1815 2351 1839 ι
2386 1851 2422 1859 _
2454 1791 2529 1854 ὡς
2554 1792 2617 1843 ἐκ
2654 1789 2887 1859 πλήθους
2925 1790 3003 1853 εἰς
3054 1786 3215 1839 ὲνάδα
3271 1783 3529 1839 δύνασθαι
3582 1778 3902 1842 συσταλῆναι
3952 1776 4013 1826 τά

790 1893 854 1931 ex
871 1878 1125 1931 dualitate
1144 1879 1195 1930 in
1213 1878 1495 1931 unitatem.
1515 1877 1627 1929 Non
1648 1878 1790 1931 enim
1816 1892 1877 1931 ex
1901 1878 2119 1947 eoquod
2138 1878 2354 1947 generis
2386 1851 2427 1905 Β

2348 1895 2354 1931 ί
2386 1851 2427 1905 Β
2458 1851 2911 1953 σήμαινόμένα,ή
2948 1851 3041 1935 καὶ
3081 1883 3145 1935 ὲκ
3175 1879 3359 1941 δυάδος
3389 1880 3467 1940 εἰς
3524 1874 3681 1929 ὲνάδα
3723 1873 3899 1941 τυχόν.
3942 1870 4012 1920 Οὐ

794 1978 985 2027 auctor
1012 1967 1180 2019 Adam
1214 1977 1345 2021 nato
1376 1985 1437 2021 ex
1472 1984 1529 2022 se
1559 1969 1670 2021 ﬁlio
1693 1970 2181 2023 consubstantialis
2214 1977 2353 2032 erat,
2456 1993 2458 2001 ι

2349 2011 2353 2029 ν
2456 1974 2563 2043 γὰρ
2633 1972 2928 2042 ἐπειδήπερ
2989 1970 3270 2041 ὁμοούσιος
3340 1970 3579 2039 ὑπῆρχεν
3635 1967 3662 2018 ὁ
3726 1962 4013 2033 προπάτωρ

793 2058 1000 2111 idcirco
1029 2066 1180 2126 pater
1236 2059 1493 2126 migrabit
1524 2060 1575 2111 in
1626 2057 1816 2124 ﬁlium,
1847 2066 1900 2113 ct
1935 2058 2176 2113 vicissim
2209 2059 2354 2115 ﬁlius

2349 2079 2354 2110 ί
2470 2064 2639 2135 ’Λδὰμ
2660 2065 2738 2135 τῷ
2795 2064 2857 2128 ἐξ
2886 2065 3052 2118 αὑτοῦ
3088 2062 3246 2133 φύντι
3298 2061 3466 2121 παιδί,
3496 2059 3581 2113 διὰ
3610 2057 3761 2110 τοῦτο
3785 2056 4013 2125 χωρήσει

793 2150 848 2203 in
893 2158 1121 2218 patrem.
1171 2150 1275 2204 Sed
1336 2167 1501 2203 unum
1564 2151 1692 2219 quid
1735 2152 2011 2206 exsislens
2051 2167 2173 2204 cum
2212 2153 2352 2221 ipso,

2350 2195 2352 2207 ι
2460 2156 2556 2226 μὲν
2591 2158 2619 2209 6
2652 2155 2833 2229 πατὴρ
2858 2158 2935 2218 εἰς
2968 2156 3103 2219 υἱὸν,
3136 2152 3563 2229 ἀνταναϐήσεται
3598 2149 3651 2202 δὲ
3676 2143 3825 2209 αὖθις
3852 2148 3879 2198 6
3906 2143 4014 2205 υἱὸς

792 2246 937 2297 velut
978 2244 1042 2296 ad
1077 2243 1340 2297 unitatem
1379 2243 1760 2298 substantialis
1787 2244 2067 2312 qualitatis
2105 2259 2354 2313 proprie-

2351 2274 2354 2282 ι
2456 2249 2536 2313 εἰς
2578 2226 2830 2320 πατέρα’·
2876 2248 2990 2302 ἀλλ’
3021 2250 3079 2301 ἓν
3121 2247 3365 2318 ὑπάρχον
3405 2226 3543 2316 πρὸς
3583 2239 3853 2320 αὐτὸν,ὠς
3886 2235 4015 2307 πρὸς

790 2344 956 2390 tatem
991 2350 1146 2389 suam
1192 2335 1349 2400 feret,
1414 2343 1469 2389 et
1513 2336 1658 2389 ﬁlius
1693 2335 1911 2404 quidam
1944 2350 2007 2389 ex
2034 2346 2191 2404 patre
2222 2351 2355 2404 quo—

2347 2364 2355 2374 -
2456 2336 2550 2409 τὴν
2568 2338 2792 2408 ἑνότητα
2807 2338 2906 2408 τῆς
2927 2336 3214 2400 οὺσιὼδους
3240 2338 3519 2404 ποιότητος
3539 2332 3752 2401 φορέσει
3781 2328 3837 2381 τὺ
3868 2327 4011 2387 ἴδιον,

791 2423 914 2476 dum
941 2422 1288 2476 censebitur:
1318 2430 1472 2492 pater
1499 2439 1629 2477 vero
1660 2424 1909 2478 vicissim
1942 2425 2157 2494 genitor
2184 2424 2356 2479 alien--

2348 2458 2356 2465 -
2456 2429 2551 2483 καὶ
2600 2429 2714 2491 υἰὺς
2753 2429 2850 2497 μέν
2906 2445 2989 2492 τις
3041 2430 3067 2480 6
3103 2429 3167 2479 ἐκ
3227 2425 3430 2495 πατρός
3466 2438 3607 2483 τινος
3664 2418 4011 2488 νοηθήσεται·

788 2516 879 2583 jus
927 2532 1050 2573 esse
1094 2516 1389 2571 videbitur.
1420 2514 1575 2580 Quod
1609 2516 1654 2570 si
1690 2526 1910 2570 acutum
1965 2516 2223 2587 quiddam
2266 2518 2356 2571 hic

2347 2537 2356 2571 :
2458 2517 2637 2588 πατὴρ
2675 2518 2731 2570 δὲ
2782 2518 2944 2571 πάλιν
2978 2519 3007 2570 6
3048 2518 3326 2586 γεννήτωρ
3372 2513 3517 2576 τινὸς
3563 2504 4011 2576 ἀναδεδειγμένος.

792 2623 891 2663 vos
929 2610 1271 2663 comminisci
1308 2611 1535 2679 putatis,
1572 2619 1626 2665 et
1667 2611 2218 2667 consubstantialitas
2252 2614 2356 2666 uti-

2349 2643 2356 2653 -
2459 2611 2520 2663 Εἰ
2545 2610 2600 2662 δὲ
2630 2609 2807 2661 οἴεσθε
2861 2609 3023 2677 σοφὸν
3058 2609 3151 2660 ἐπὶ
3182 2622 3356 2675 τουτῳ
3399 2597 3813 2661 κατασκευάζειν
3842 2594 4013 2661 λόγον,

792 2715 898 2768 que
966 2709 1126 2771 coget
1171 2701 1644 2756 consubstantiale
1698 2717 1864 2755 unum
1899 2702 2031 2771 quid
2064 2717 2188 2757 esse
2224 2718 2359 2758 con-

2352 2733 2359 2743 -
2458 2702 2516 2754 ἒν
2578 2702 2633 2755 δὲ
2678 2695 2819 2754 εῖναι
2883 2700 3102 2762 πάντως
3149 2700 3182 2767 ἡ
3237 2694 3588 2766 όμοουσιότης
3613 2688 3903 2756 ἀναγκάσει
3960 2683 4016 2736 τὸ

789 2792 1161 2859 ciibstantiali,
1198 2809 1299 2848 nec
1359 2794 1529 2846 ullum
1580 2793 1878 2848 discrimen
1915 2808 2038 2848 esse
2093 2794 2355 2863 patietur,

2350 2834 2355 2855 ,
2457 2793 2737 2864 όμοούσιον
2766 2792 2842 2863 τῷ
2873 2791 3163 2862 ὀμοουσξῳ,
3194 2789 3287 2842 καὶ
3316 2785 3593 2854 διαστολὴν
3622 2780 3873 2849 οὐδεμίαν
3906 2778 4014 2829 ἐπι-

794 2882 867 2935 ita
903 2890 959 2936 ut
994 2884 1418 2953 unumquodque
1454 2886 1524 2939 sit
1562 2885 1614 2939 in
1648 2902 1705 2940 se
1738 2894 1793 2941 et
1840 2886 1894 2939 in
1929 2901 2037 2955 quo
2071 2892 2156 2940 est
2183 2901 2195 2937 :
2225 2885 2357 2955 quid

2344 2885 2357 2939 Ι
2458 2886 2643 2955 τρέψει
2676 2887 2916 2955 κρατεῖν,
2964 2884 3038 2945 ὡς
3071 2882 3297 2934 ἕκαστον
3325 2875 3463 2931 εἶναι
3514 2875 3632 2929 καθ’
3682 2868 3853 2937 ἑαυτῷ
3902 2866 4008 2937 [ἶσ.

793 2974 1007 3028 induxit
1033 2976 1276 3030 omnium
1323 2975 1590 3043 Jiidicem,
1633 2987 1692 3032 ut
1740 2985 1951 3047 patrem
1985 2977 2202 3047 quidem
2242 2994 2351 3032 non

2461 2973 2663 3046 satu-:6],
2694 2973 2789 3025 καὶ
2816 2975 2871 3025 ὲν
2900 2965 3052 3040 ᾧπέρ
3082 2972 3196 3021 ἐστι
3219 2986 3231 2999 ο
3279 2968 3331 3020 τί
3357 2967 3419 3019 τὸ
3444 2961 3697 3023 πεπτικὸς
3720 2959 3806 3011 τὸν
3854 2955 4016 3047 ἁπάν-

793 3064 986 3131 piiiiiat
1037 3080 1134 3134 pro
1196 3065 1331 3129 ﬁlio,
1379 3081 1479 3119 nec
1525 3065 1590 3120 de
1629 3042 1758 3120 ﬁlio_
1791 3042 2124 3137 supplic-inin
2175 3074 2356 3120 sumat

2352 3106 2356 3117 .
2459 3081 2566 3116 των
2601 3042 2815 3133 κριτὴν,
2848 3062 3061 3130 πατέρα
3084 3059 3181 3130 μὲν
3214 3056 3289 3128 μὴ
3314 3056 3559 3118 κολάζειν
3589 3050 3722 3119 ὑπὲρ
3752 3048 3889 3107 υἰου,
3909 3042 4016 3137 υἱὸν

795 3170 892 3222 pro
924 3164 1078 3224 patre
1110 3156 1132 3209 ῗ
1164 3174 1181 3206 ι
1221 3156 1415 3209 Anima
1445 3157 1615 3221 enim,
1662 3176 1681 3211 ι
1713 3134 1914 3228 inquit,
1955 3177 1973 3211 ι
2008 3174 2132 3228 quae
2167 3174 2360 3229 pecca-
2387 3180 2430 3238 ο

2355 3180 2430 3238 .C
2459 3158 2517 3211 δὲ
2564 3156 2704 3226 ὑπὲρ
2752 3155 2956 3224 πατρὸς
3004 3153 3077 3223 μὴ
3122 3147 3541 3221 εἰσπράττεσθαι
3592 3143 3739 3204 δίκας
3757 3158 3824 3238 ,Δι
3863 3134 4019 3238 ὶξυχὴ

794 3246 954 3309 verit,
984 3247 1104 3314 ipsa
1147 3248 1415 3300 morietur
1454 3266 1466 3302 :
1504 3247 1648 3305 ﬁlius
1710 3258 1890 3305 autem
1954 3266 2065 3305 non
2130 3250 2363 3320 accipiet
2397 3232 2429 3238 τ

2351 3258 2363 3303 L
2397 3232 2429 3238 τ
2464 3249 2592 3318 γὰρ,
2627 3266 2646 3298 ι
2694 3247 2878 3316 φησιν,
2907 3264 2924 3297 ι
2964 3246 2997 3315 ή
3050 3242 3462 3314 ἁμαρτάνουσα,
3502 3236 3633 3305 αὑτὴ
3663 3232 4015 3320 ἀποθανεῖται,

796 3336 1134 3405 iniquitatem
1172 3339 1367 3407 patris,
1400 3356 1579 3411 neque
1612 3350 1768 3413 pater
1818 3344 2058 3414 accipiet
2093 3317 2362 3413 iniquita-

2356 3375 2362 3383 -
2463 3341 2490 3392 6
2518 3317 2574 3391 δὲ
2607 3338 2719 3401 υίὸς
2744 3337 2803 3389 οὐ
2834 3336 3062 3407 λήψεται
3087 3334 3183 3400 τὴν
3206 3330 3476 3402 ἁμαρτίαν
3496 3346 3586 3380 του
3618 3323 3812 3394 πατρὸς
3838 3317 4020 3414 αὑτοῦ,

794 3436 903 3480 tein
941 3427 1034 3481 tilii
1071 3431 1156 3483 Siti
1191 3431 1258 3483 ³ο.
1300 3450 1317 3482 ι
1354 3432 1493 3487 Cum
1534 3450 1664 3490 vero
1698 3437 2236 3492 consubstantialem
2266 3452 2364 3492 ex-

2351 3468 2364 3478 -
2463 3430 2582 3485 οὐδὲ
2611 3433 2638 3483 ὁ
2666 3429 2846 3500 πατὴρ
2876 3428 3103 3497 λήψεται
3122 3425 3219 3495 τὴν
3234 3421 3504 3493 ἁμαρτίαν
3528 3418 3621 3471 τοῦ
3650 3415 3761 3469 υἰοῦ
3790 3410 3974 3466 αὑτοῦ.
3999 3429 4015 3461 ι

796 3516 1079 3571 sistentem
1120 3528 1327 3588 patrem
1383 3522 1495 3577 ﬁlio
1542 3523 1681 3593 justi
1744 3524 1956 3581 Judicis
1993 3529 2265 3582 sententia
2305 3527 2361 3582 in

2358 3550 2361 3581 ι
2476 3522 2691 3592 Ἐπειδῆ
2725 3522 2781 3575 δὲ
2812 3519 3096 3589 ὁμοούσιον
3132 3518 3259 3570 ὄντα
3295 3513 3384 3567 τὸν
3430 3510 3639 3578 πατέρα
3678 3506 3753 3576 τῷ
3797 3503 3897 3573 υἱῷ
3930 3504 4022 3556 οὐκ

797 3609 1079 3664 ﬁliationis
1113 3611 1294 3665 locum
1363 3630 1469 3668 non
1504 3614 1778 3681 detrudat,
1823 3633 2001 3688 neque
2030 3634 2160 3672 vero
2192 3618 2361 3673 ﬁlium

2358 3644 2361 3671 I
2469 3614 2547 3678 εἰς
2587 3613 2677 3665 τὸν
2708 3614 2807 3681 τῆς
2828 3611 3073 3680 υἱότητος
3104 3608 3266 3661 τόπον
3292 3606 3321 3659 6
3345 3603 3438 3658 τοῦ
3467 3602 3534 3654 τά
3560 3601 3737 3653 δίκαια
3755 3595 4022 3688 κρίνοντος

797 3698 852 3750 in
889 3700 1233 3767 paternitatis
1264 3718 1491 3757 numero
1515 3712 1741 3770 statuat,
1773 3706 1867 3762 sed
1897 3684 2131 3763 seorsim
2156 3719 2366 3762 utrum-

2358 3739 2366 3748 -
2466 3706 2765 3773 καταφέρει
2825 3704 3004 3770 λόγος,
3054 3700 3179 3753 οὕτε
3234 3698 3338 3768 μὴν
3364 3694 3648 3762 ἀνατίθησι
3677 3689 3762 3742 τὸν
3805 3688 3920 3738 υἱὸν
3950 3684 4022 3746 εἰς

798 3806 904 3857 que
940 3790 1112 3857 norit,
1137 3807 1313 3861 neque
1342 3794 1445 3849 hoc
1484 3795 1537 3848 in
1575 3796 1706 3850 illud
1732 3796 1990 3866 migrare,
2025 3813 2203 3868 neque
2232 3799 2365 3853 illud

2358 3799 2365 3852 ι
2467 3795 2565 3864 τὴν
2592 3794 2690 3862 τῆς
2710 3792 3045 3863 πατρότητος
3076 3790 3244 3853 θέσιν,
3272 3786 3384 3840 ἀλλ’
3435 3781 3735 3846 ἰδιαζόντως
3772 3775 4022 3842 ἑκάτερον

800 3881 853 3934 iu
887 3882 988 3935 hoc
1042 3883 1307 3947 vicissim,
1366 3885 1496 3939 licet
1536 3901 1641 3939 una
1687 3888 1989 3943 exsistente
2040 3889 2095 3942 in
2128 3898 2367 3959 utroque

2364 3914 2367 3940 ι
2469 3881 2631 3950 οἶδεν,
2658 3884 2780 3937 οὔτε
2818 3884 2978 3937 τοῦτο
3008 3881 3087 3945 εἰς
3118 3880 3294 3933 ἐκεῖνο
3322 3874 3551 3948 χωροῦν,
3577 3871 3697 3924 οὔτε
3726 3868 3829 3939 μὴν
3859 3866 4028 3918 ἐκεῖνο

798 3970 1532 4036 substaiitiazmanil‘eStuui
1598 3982 1682 4030 est
1734 3976 1923 4046 utique
1984 3978 2135 4032 nullo
2204 3958 2368 4032 mede

2364 4001 2368 4025 ι
2468 3977 2603 4048 πρὸς
2648 3976 2803 4029 τοῦτο
2863 3975 3099 4045 βαδίζον,
3134 3972 3311 4026 καίτοι
3345 3970 3472 4040 μιᾶς
3523 3964 3687 4033 οὔσης
3724 3958 4028 4048 ἐπ’ἁμιροῖν

799 4070 1047 4115 coact-um
1072 4064 1139 4117 iri
1206 4063 1373 4120 Deum
1405 4074 1458 4120 et
1483 4066 1700 4123 Patrem
1742 4077 1801 4122 ut
1836 4068 1908 4124 sit
1944 4069 2208 4134 Verbum,
2241 4085 2369 4139 pro-

2362 4101 2369 4110 '
2466 4047 2565 4139 τῖίς
2580 4069 2764 4133 οὐσίας
2784 4084 2798 4099 ⁸
2818 4067 3083 4140 πρόδηλον
3128 4062 3415 4135 δήπουθεν,
3438 4058 3511 4121 ὡς
3542 4054 3711 4115 οὐδεὶς
3730 4047 4026 4140 ἀναγκάσει

802 4164 983 4223 pterca
1041 4156 1187 4224 quod
1237 4166 1320 4213 est
1366 4157 1545 4214 Verbo
1599 4161 2091 4216 consubstantialis
2138 4136 2371 4218 :manet

2364 4201 2371 4215 ν
2467 4136 2667 4231 τρόπος
2714 4136 3099 4231 μεταχωρήσαι
3134 4154 3322 4209 λοιπὸν
3374 4152 3453 4213 εἰς
3484 4148 3543 4201 τὸ
3572 4141 3705 4199 εἷναι
3743 4142 3911 4231 Λόγον
3941 4136 4028 4189 τὸν

801 4246 945 4298 cnim
1011 4247 1169 4315 plane
1212 4248 1267 4303 in
1298 4249 1499 4319 seipse,
1537 4250 1640 4305 hoc
1689 4261 1774 4307 est
1807 4251 1993 4316 Pater,
2021 4254 2152 4308 licet
2182 4254 2276 4323 qui
2303 4270 2367 4309 ex

2362 4272 2367 4309 ;
2469 4230 2601 4308 Θεὸν
2653 4230 2749 4307 καὶ
2777 4252 3020 4324 Πατέρα,
3076 4248 3307 4317 ἐπείπερ
3365 4241 3512 4296 ἐστὶν
3541 4230 4026 4324 όμοούσιοςΛόγιρ·

804 4337 925 4405 ipso
952 4339 1170 4407 genitus
1194 4348 1299 4406 est,
1337 4341 1674 4411 intelligatur
1708 4351 1762 4397 et
1796 4343 1867 4398 sit
1896 4341 2159 4409 Verbum,
2194 4319 2363 4413 atque

2474 4348 2621 4417 μένει
2660 4347 2767 4417 γὰρ
2785 4319 3000 4408 πάντως
3036 4343 3117 4410 ἐφ’
3154 4337 3357 4407 ἑαυτῷ,
3381 4332 3523 4387 τοῦτ’
3548 4332 3660 4381 ἔστι
3692 4322 3899 4417 Πατὴρ,
3935 4319 4030 4417 κᾶν

806 4428 1015 4485 idcirco
1044 4430 1237 4496 Filius,
1268 4448 1337 4487 ne
1371 4449 1459 4490 res
1492 4434 1690 4489 divinae
1735 4433 2039 4490 deteriores
2074 4437 2369 4493 videantur

2470 4412 2498 4491 6
2529 4438 2587 4502 ἐξ
2622 4412 2789 4491 αὗτόῦ
2812 4432 3091 4503 γεννηθεὶς
3122 4430 3310 4499 νοῆυαι
3355 4425 3446 4477 καὶ
3478 4421 3691 4490 ὑπάρχῃ
3724 4414 3914 4481 Λόγος,
3945 4412 4034 4503 καὶ

804 4536 925 4577 esse
948 4537 1109 4591 quam
1134 4532 1353 4580 nostrae.
2397 4529 2440 4583 D
2467 4528 2551 4583 διὰ
2572 4544 2726 4581 τουτο
2760 4525 2889 4589 Υἰὺς
2942 4525 3029 4576 ἵνα
3064 4521 3139 4592 μὴ
3162 4520 3255 4573 καὶ
3279 4520 3335 4570 ὲν
3356 4513 3560 4586 χείροσι
3602 4509 3708 4562 τῶν
3737 4504 3858 4559 καθ’
3885 4502 4032 4572 ἡμᾶς

2469 4618 2723 4690 φαίνηται
2753 4614 2823 4670 τὰ
2851 4613 3116 4682 θειότερα.

872 4696 1099 4761 ALIUD,
1131 4699 1184 4753 in
1225 4700 1433 4753 modum
1491 4700 1821 4769 objectionis,
1876 4718 1967 4770 per
2009 4702 2364 4757 reductiona»:
2481 4681 2494 4690 ’

2481 4681 2494 4690 ’
2542 4681 2746 4771 Atilio,
2792 4705 2941 4773 πρὸς
2998 4681 3063 4756 τὸ
3099 4697 3238 4754 ἴσον
3264 4696 3337 4764 τῇ
3359 4691 3651 4750 ἀντιθέσει
3685 4686 3912 4756 σχῆμα,
3944 4681 4036 4734 διὰ

804 4789 871 4841 ad
908 4790 1216 4843 absurdum.
1245 4791 1445 4853 Filius,
1476 4801 1738 4863 tanquam
1768 4808 1798 4846 a
1832 4792 1992 4850 Patre
2022 4796 2175 4849 nullo
2207 4796 2367 4849 modo

2472 4798 2580 4867 τῆς
2634 4799 2720 4861 εἰς
2769 4796 2995 4848 ἄτοπον
3039 4786 3379 4859 ἀπαγωγῆς.
3436 4785 3525 4845 Ὠς
3576 4777 3827 4848 οὐδεμίαν
3896 4774 4032 4867 έχων

803 4881 1069 4940 diversus.
1129 4882 1222 4937 sed
1281 4884 1688 4939 absolutissima
1750 4886 1948 4955 imago,
1984 4894 2037 4941 et
2084 4888 2369 4941 character

2474 4860 2828 4960 παραλλαγὴν
2856 4885 2993 4956 πρὸς
3034 4883 3123 4936 τὸν
3150 4878 3341 4960 ἑαυτοῦ
3374 4874 3589 4944 Πατέρα
3624 4872 3652 4922 6
3689 4868 3833 4960 t'lbc,
3874 4860 4036 4960 εἰκίον

803 4972 1119 5027 substantia:
1165 4973 1286 5042 ejus
1345 4974 1647 5036 exsistens,
1706 4976 1825 5030 suis
1867 4953 2163 5046 discipulis
2201 4977 2361 5032 inﬁt:

2469 4981 2526 5035 δὲ
2550 4953 2808 5052 θπάρχων
2830 4953 3221 5047 άκ-ριϐεστάτή,
3249 4968 3343 5023 καὶ
3372 4963 3654 5037 χαρακτὴρ
3676 4959 3778 5052 τῆςΔ
3800 4954 4032 5052 ὑποστά-

810 5084 827 5113 ε
863 5064 965 5128 Qui
1020 5063 1155 5117 vidit
1218 5080 1323 5125 me,
1378 5066 1517 5120 vidit
1562 5075 1617 5121 et
1648 5066 1865 5122 Patrem
1895 5069 1963 5121 ει.
2009 5087 2028 5119 ι
2063 5070 2201 5124 Λιεί
2240 5086 2365 5125 cuin
2473 5107 2474 5112 η

2473 5089 2611 5136 σεως
2640 5046 2826 5131 αδτοῦ,
2880 5067 3018 5139 πρὸς
3046 5064 3170 5126 τοὺς
3210 5058 3403 5114 ἑαυτοῦ
3448 5052 3689 5126 μαθητὰς
3731 5046 4036 5139 εὑρίσκεται

806 5154 1113 5209 istiusmodi
1141 5154 1236 5219 sit,
1266 5157 1758 5213 consubstantialis
1776 5166 1859 5212 est
1888 5158 2058 5224 Patri,
2093 5158 2369 5216 conlusio.

2365 5189 2369 5198 ’
2471 5165 2641 5232 λέγων
2669 5180 2684 5194 ο
2719 5181 2737 5214 ‹
2790 5161 2846 5215 '0
2872 5154 3132 5231 ἑωρακὼς
3166 5153 3287 5225 ἐμὲ,
3318 5151 3526 5221 ἑώρακε
3577 5144 3665 5197 τὸν
3710 5138 3983 5232 Πατέρα..
4014 5154 4029 5185 ι

809 5264 925 5297 ιιιιιιι
970 5254 1152 5301 autem
1201 5245 1345 5301 inter
1384 5263 1443 5301 se
1495 5263 1585 5302 res
1639 5249 2146 5307 consubstantiales
2181 5253 2369 5321 utique

2364 5273 2369 5304 ι
2485 5226 2620 5308 Ἀλλ’
2644 5226 2981 5321 εἰπεροῦτως
3002 5249 3141 5319 ἔχων
3157 5241 3435 5316 ὁμοουσιός
3469 5241 3581 5290 ἐστι
3616 5232 3691 5303 τῷ
3714 5229 3914 5321 Harp},
3935 5226 4028 5321 τὴν

808 5339 1128 5407 suscipient,
1163 5338 1323 5406 nihil,
1360 5350 1417 5393 ut
1446 5349 1695 5408 apparet,
1725 5343 2039 5411 prohibebit
2080 5344 2377 5414 quominus

2369 5360 2377 5397 ι
2473 5346 2528 5397 δὲ
2554 5345 2633 5406 εἰς
2663 5313 2868 5412 ἅλλήλα
2901 5313 3119 5399 πάντως
3148 5313 3412 5402 ἀνάχυσιν
3444 5323 3741 5414 ἐπιδέξεται
3764 5320 3830 5369 τὰ
3850 5313 4033 5414 651.6623-

812 5430 970 5484 Pater
1005 5438 1297 5483 censeatur
1328 5447 1450 5485 esse
1488 5431 1682 5497 Filius,
1719 5441 1909 5502 utpote
1947 5404 2110 5487 Patri.
2132 5435 2375 5489 consub-

2371 5465 2375 5473 ν
2478 5453 2586 5500 σια,
2619 5434 2770 5487 οὐδὲν
2814 5430 3047 5484 κωλύσει
3102 5427 3243 5479 κατὰ
3277 5422 3333 5474 τὸ
3369 5418 3510 5478 εἰκὸς
3542 5411 3757 5481 Πατέρα
3809 5404 4035 5502 νοεῖσθαι

811 5520 1106 5585 staiilialis,
1146 5520 1351 5588 quique
1383 5522 1490 5591 36
1525 5522 1576 5574 in
1612 5523 1764 5575 illum
1802 5525 2044 5579 transire
2086 5526 2236 5579 nullo
2276 5526 2378 5577 iin-

2369 5554 2378 5564 -
2477 5494 2735 5585 τὸνῗίὸν,
2764 5521 2837 5586 ὡς
2874 5518 3158 5591 ὁμοούσιον
3204 5512 3406 5581 Πατρὶ,
3454 5506 3545 5560 καὶ
3599 5494 4033 5591 μεταχωρεῖίνμείς

812 5612 1061 5679 pedicntc
1115 5586 1275 5679 potis
1325 5586 1421 5671 sit,
1452 5586 1745 5680 vb'itlllltiClll
1786 5612 2378 5669 COIISIIbSlllllll:lill‘lllS

2370 5631 2378 5659 '-
2479 5619 2652 5670 ἐκεῖνο
2676 5616 2987 5685 δυνάμενον,
3020 5608 3226 5672 οὐδενὸς
3283 5602 3420 5676 πρὸς
3462 5598 3612 5653 τοῦτο
3651 5586 4034 5661 παριπώίῖοψ

888 5794 934 5821 ’τ’
971 5794 1167 5854 Ezccli.
1211 5817 1379 5866 λιίιι,
1423 5804 1508 5855 ‘20.
1591 5803 1628 5831 “
1677 5800 1837 5857 Juam.
1877 5820 1999 5865 XIV,
2039 5807 2088 5855 1'-
