4214 6502
168 432 242 489 55
1260 418 1325 475 IN
1362 417 1645 474 JOANNIS
1682 417 2129 473 EVANGELIUM
2171 416 2299 473 LIB.
2340 420 2377 473 I.
3374 427 3442 485 (,6

174 560 291 607 τος,
323 543 482 612 εἴπερ
522 539 743 612 ἐξαρκεῖ
792 538 884 591 τὸν
922 537 1023 608 τῆς
1067 535 1369 606 μεταϐολῆς
1416 534 1618 605 τρόπον
1643 534 1752 605 ἦτοι

1869 533 2014 587 ratio
2050 535 2541 592 transmutationis
2573 546 2667 592 aut
2693 539 3040 612 migrationis
3065 540 3289 597 modum
3315 558 3430 615 sup-

170 633 560 706 μεταστάσεως
601 634 630 683 6
671 631 774 701 τῆς
829 628 1254 700 όμοουσιότητος
1309 628 1485 695 λόγος.
1546 625 1757 680 Οὐκοῦν

167 724 397 779 νοείσθω
436 724 626 793 Πατὴρ
648 724 675 775 6
704 722 850 786 Υἱὸς,
879 720 1085 789 λεγέτω
1104 719 1183 782 δὲ,
1208 719 1285 781 ὡς
1314 719 1471 770 τοῦτο
1497 716 1757 787 ὑπάρχων

166 815 291 887 ἤδη,
332 815 469 886 πρὸς
496 814 588 866 τὸν
619 812 834 883 ἀληθῶς
870 812 1000 865 ὅντα
1032 809 1255 881 Πατέρα
1282 826 1296 839 ⁸
1340 827 1358 860 ι
1398 808 1494 860 Ἐκ
1522 807 1759 877 γαστρὸς

165 909 273 979 πρὸ
321 907 605 977 ἐωσφόρου
653 905 983 976 ὲξεγέννησά
1035 916 1133 955 σε’
1182 920 1201 953 ι
1240 898 1669 969 ἀναλαμϐανέτω
1699 897 1758 950 δὲ

163 1003 243 1063 είς
275 999 468 1053 ἑαυτὸν
502 999 594 1052 καὶ
643 999 824 1051 πᾶσαν
869 994 1057 1058 ἀπλῶς
1086 994 1188 1064 τὴν
1220 994 1351 1063 Harl
1374 993 1396 1043 ‘.
1439 990 1759 1061 πρέπουσαν

164 1091 377 1159 φωνήν.
437 1085 511 1142 Οῦ
564 1088 628 1159 δὴ
657 1086 961 1156 γεγονότος,
1000 1084 1062 1137 τὸ
1117 1085 1226 1136 πᾶν
1274 1083 1373 1152 ἤδη
1404 1082 1757 1150 συγκέχυται,

164 1180 259 1233 καὶ
290 1180 353 1232 τὺ
392 1179 479 1232 ἀεὶ
526 1176 786 1240 ὡσαύτως
831 1176 973 1247 ἔχον,
1025 1174 1171 1227 τοῦτ’
1209 1173 1380 1235 ἔστιν,
1426 1172 1461 1242 ἡ
1497 1172 1629 1240 ἁγία
1666 1170 1763 1224 καὶ

160 1269 455 1337 ὁμοούσιος
490 1269 660 1338 Τριάς
708 1266 1109 1336 συσταλήσεται
1162 1264 1300 1334 πρὸς
1348 1262 1508 1317 ἑνάδα
1549 1261 1760 1328 λοιπὸν,

161 1362 325 1433 εἴπερ
353 1361 413 1413 τὸ
438 1360 654 1430 ἑκάστῳ
708 1359 915 1429 κυρίως
942 1375 1003 1412 τε
1051 1357 1148 1411 καὶ
1182 1354 1492 1420 ἰδιαζόντως
1525 1354 1759 1426 προσὸν,

162 1452 241 1524 τῷ
300 1453 403 1523 τῆς
466 1450 887 1523 όμοουσιότητος
946 1448 1379 1519 ἀφανισθήσεται
1441 1446 1606 1517 λόγῳ,
1666 1444 1761 1498 καὶ

160 1544 461 1615 ἀνατρέψει
487 1544 587 1613 τὴν
612 1542 725 1595 τῶν
762 1540 1075 1611 προσώπων
1120 1539 1404 1612 διαστολὴν
1446 1541 1481 1611 ἡ
1527 1539 1625 1609 τῆς
1656 1537 1760 1607 φύ-

172 1654 318 1700 σεως
342 1636 632 1705 ταυτότης.
669 1632 831 1686 Ἀλλά
868 1632 1026 1685 τοῦτο
1074 1630 1294 1685 ἄτοπον.
1324 1631 1437 1684 Οὐκ
1466 1630 1574 1700 ἀρα
1610 1630 1760 1684 ἔσται

160 1724 339 1793 Λόγος
371 1725 400 1776 6
431 1722 641 1793 Πατὴρ,
677 1722 754 1785 ὡς
796 1719 1085 1791 ὁμοούσιος
1128 1720 1309 1789 Λόγῳ,
1345 1722 1496 1789 μενεῖ
1522 1718 1577 1770 δὲ
1607 1719 1760 1789 ἄτρε-

166 1832 330 1879 πτος,
358 1812 519 1867 τοῦτο
568 1811 831 1883 ὑπάρχων
870 1812 1007 1880 ὅπερ
1045 1808 1186 1875 ἐστὶ,
1221 1808 1323 1862 κᾶν
1366 1808 1465 1880 ἔχῃ
1508 1808 1643 1877 πρὸς
1665 1807 1757 1860 τὸν

1863 622 2097 691 peditat.
2131 622 2322 693 Itaque
2346 634 2641 680 censeatur
2687 627 2850 685 Pater
2876 645 3002 686 esse
3030 629 3225 695 Filius,
3268 648 3445 700 eoque

1861 716 2087 769 nomine
2144 715 2366 770 demum
2427 719 2493 773 ad
2547 735 2735 774 verum
2792 721 3011 778 Patrem
3072 724 3267 778 dicat:
3308 742 3328 775 ι
3365 725 3442 779 Ex

1859 815 2018 862 utero
2050 817 2179 863 ante
2225 807 2537 864 Luciferum
2568 813 2729 882 genui
2762 820 2817 867 te
2846 815 2912 877 η,
2945 831 2964 865 ι
2998 815 3213 884 sibique
3236 814 3291 869 in
3321 816 3445 869 uni-

1858 911 2077 953 versum
2113 899 2420 968 quamlibet
2473 917 2664 957 vocem
2722 901 2872 957 Patri
2902 905 3325 960 convenientem
3356 920 3445 959 ar-

1858 999 2033 1059 roget.
2066 989 2243 1056 Quod.
2259 990 2307 1045 si
2339 991 2545 1046 factum
2599 992 2785 1060 fuerit,
2829 994 3014 1048 omnia
3063 996 3281 1051 demum
3309 1011 3446 1051 cono

1859 1079 2178 1146 fundentur,
2212 1088 2268 1138 et
2293 1083 2439 1153 quod
2475 1083 2667 1138 eodem
2708 1098 2768 1139 se
2804 1085 2972 1140 modo
3006 1101 3223 1156 semper
3254 1087 3442 1151 habet,

1859 1170 1964 1226 hoc
2001 1179 2087 1226 est
2139 1178 2332 1226 sancta
2388 1178 2444 1226 et
2493 1172 2997 1231 consubstantialis
3045 1176 3308 1241 Trinitas,
3375 1177 3445 1230 ad

1861 1263 2131 1317 unitatem
2203 1263 2590 1332 contrahetur,
2633 1264 2680 1320 si
2718 1265 2866 1334 quod
2892 1268 3189 1338 unicuique
3220 1270 3448 1341 proprie

1858 1340 1913 1409 et
1952 1352 2310 1422 peculiariter
2362 1354 2530 1420 inest,
2578 1355 3184 1414 consubstantialitatis
3227 1340 3446 1415 ratione

1860 1445 2128 1509 deleatur,
2157 1453 2214 1501 et
2247 1461 2613 1517 personarum
2647 1448 3079 1506 distinctionem
3114 1462 3326 1509 evertat
3354 1470 3446 1509 na-

1860 1544 1997 1591 turae
2026 1536 2307 1594 identitas.
2347 1537 2456 1594 Sed
2525 1539 2634 1596 hoc
2692 1542 2999 1598 absurdum
3035 1551 3120 1601 est
3151 1564 3164 1599 :
3202 1562 3308 1602 non
3336 1548 3446 1602 erit

1859 1644 1991 1699 ergo
2016 1627 2258 1684 Verbum
2282 1629 2466 1698 Pater,
2497 1639 2689 1701 utpote
2703 1631 2887 1690 Verbo
2913 1636 3442 1708 consubstantialis;

1861 1719 1958 1775 sed
2018 1720 2383 1778 immutabilis
2443 1723 2711 1789 manebit,
2738 1724 3022 1781 exsistens
3052 1726 3109 1780 id
3139 1729 3287 1795 quod
3334 1742 3444 1797 est,

1860 1810 1990 1866 licet
2018 1826 2145 1866 cum
2186 1826 2289 1867 suo
2311 1809 2494 1867 Verbo
2527 1812 2775 1882 ejusdem
2806 1815 2877 1869 sit
2923 1822 3135 1870 naturae.
3161 1817 3280 1873 sive
3311 1819 3444 1874 sub—

162 1907 297 1960 ῐδιον
348 1905 524 1973 Λόγον
574 1901 635 1956 τὸ
667 1902 905 1973 όμοφυὲς
943 1902 1062 1973 ἦτοι
1089 1900 1150 1953 τὸ
1182 1899 1485 1969 όμοούσιον.
1517 1900 1628 1953 Καὶ
1668 1899 1752 1952 δέ-

1859 1901 2098 1957 stantite.
2163 1905 2346 1973 Atque
2406 1903 2483 1957 ita
2538 1901 2762 1959 demum
2799 1920 2943 1960 vana
2973 1921 3097 1963 esse
3128 1907 3444 1964 ostenditur

157 1998 376 2051 δεικται
395 1995 584 2049 λοιπὸν
608 1996 816 2047 εἰκαῖον
839 1993 901 2046 τὸ
931 1991 1158 2046 ἐκείνων
1190 1990 1505 2063 πρόϐλημα.
1578 1992 1581 2001 ⁷

229 2091 441 2145 ΑΛΛΟ.
478 2090 539 2143 El
570 2090 679 2152 πᾶς
714 2087 873 2157 λόγος
913 2085 1056 2149 τινός
1093 2086 1209 2138 ἐστι
1256 2084 1435 2153 λόγος,
1470 2082 1566 2137 τοῦ
1613 2099 1757 2153 προ-

157 2183 380 2253 χέοντος
425 2181 535 2235 ἀπὸ
591 2178 838 2250 γλώττης
900 2176 1163 2249 δηλονότι,
1208 2176 1242 2247 ἢ
1286 2175 1382 2231 καὶ
1424 2176 1489 2227 ἐκ
1531 2173 1757 2245 καρδίας

155 2273 528 2345 ἐρευγομένου
584 2271 679 2325 καὶ
732 2268 1097 2339 ἀναφέροντος
1131 2282 1145 2296 ’
1200 2265 1354 2320 ἔσται
1406 2265 1464 2318 δὲ
1512 2266 1682 2333 Λόγος
1728 2266 1757 2318 ό

158 2367 375 2439 Πατὴρ,
408 2365 638 2435 ἐπείπερ
660 2361 810 2415 ἐστὶν
831 2360 1119 2432 όμοούσιος
1144 2358 1303 2429 Λόγῳ
1327 2371 1341 2385 ·
1373 2356 1567 2411 ἑαυτοῦ
1584 2356 1757 2426 Λόγος

157 2461 315 2514 ἔσται
366 2456 575 2520 λοιπὸν,
632 2452 835 2524 μᾶλλον
899 2452 957 2506 δὲ
1019 2450 1255 2516 οὐδενὸς,
1286 2450 1319 2520 ἢ
1350 2451 1445 2503 καὶ
1475 2449 1611 2512 ὅλως
1658 2449 1757 2519 οὑχ

158 2550 423 2621 ὑπάρχει.
461 2546 587 2609 Πῶς
617 2545 729 2614 γὰρ
771 2542 925 2595 ἔσται
958 2541 1151 2609 Λόγος,
1191 2540 1269 2610 μὴ
1297 2540 1452 2603 ὄντος
1489 2538 1655 2605 τινὸς,
1689 2534 1751 2594 οὑ

159 2640 336 2707 Λόγος
366 2638 549 2703 tactv;
596 2636 680 2688 Ἄ)
691 2634 758 2689 λὰ
776 2633 933 2687 τοῦτο
958 2632 1177 2687 ἄτοπον.
1203 2632 1278 2685 Οὑ
1303 2632 1412 2703 γὰρ
1445 2631 1596 2685 ἔσται
1623 2630 1755 2685 ποτὲ

156 2728 256 2782 τοῦ
292 2728 369 2800 μὴ
418 2723 558 2780 εἶναι
605 2724 828 2796 δεκτικὴ
878 2726 913 2794 ὴ
976 2722 1097 2776 θεία
1130 2723 1225 2776 καὶ
1253 2723 1532 2791 ἀκήρατος
1567 2722 1751 2790 φύσις,

156 2817 283 2871 οὑδὲ
344 2815 728 2887 μεταχωρήσει
791 2814 871 2875 εἰς
931 2811 1109 2879 Λόγον
1164 2810 1292 2863 ποτὲ
1338 2812 1367 2861 6
1404 2810 1616 2881 Πατὴρ,
1650 2811 1756 2864 κᾶν

158 2910 463 2981 ὁμοούσιος
521 2907 744 2976 ὑπάρχῃ
807 2902 996 2973 Λόγῳ·
1028 2902 1178 2973 μένει
1228 2900 1286 2954 δὲ
1324 2899 1533 2972 Πατὴρ,
1567 2895 1628 2954 οῦ
1662 2904 1756 2955 καὶ

157 3002 340 3070 Λόγος
368 2999 520 3053 ἐστὶν
541 3000 569 3051 6
596 2997 744 3061 Υἱός.

230 3171 441 3225 ΑΛΛΟ.
493 3170 556 3222 El
612 3166 823 3239 τροπῆς
877 3166 1094 3235 ἀπάσης
1134 3165 1231 3218 καὶ
1266 3164 1603 3229 ἀλλοιώσεως
1654 3167 1754 3238 τῆς

158 3224 307 3316 κατά
336 3261 430 3314 τὸν
460 3258 562 3329 τῆς
608 3224 916 3319 οὑσιώσεως
949 3224 1109 3324 λόγον
1153 3258 1179 3326 ἡ
1210 3255 1331 3309 θεία
1356 3255 1517 3324 φύσις
1556 3224 1748 3310 averti:
1779 3224 1824 3286 ε

156 3358 349 3418 δεκτος
406 3350 548 3406 εἶναι
596 3350 913 3405 πιστεύεται
942 3389 958 3415 ,
1015 3348 1133 3411 πῶς
1188 3348 1281 3401 τὸν
1336 3350 1533 3404 οἰκεῖον
1560 3348 1747 3421 ὥσπερ

158 3448 322 3517 ἀφεὶς
354 3444 538 3508 τόπον,
565 3443 644 3507 εἰς
672 3441 734 3495 τὸ
765 3439 904 3494 εἷναι
934 3440 1108 3509 Λόγος
1132 3442 1160 3493 6
1191 3438 1378 3511 Πατὴρ
1408 3442 1747 3512 μεταστήσε-

159 3558 250 3593 ται
270 3557 285 3604 ;
318 3538 541 3609 Τροπῆς
563 3535 628 3605 γά
638 3553 669 3606 ρ
695 3534 847 3588 ἔσται
869 3533 1133 3597 δεκτικὸς,
1149 3532 1223 3596 ὡς
1244 3532 1302 3598 ἐξ
1323 3533 1568 3605 ἀνάγκης
1591 3535 1747 3588 τοῦτο

160 3631 422 3693 παθὼν,ὁ
451 3629 612 3691 αὐτὸς
637 3627 695 3681 δὲ
721 3626 820 3679 οὑκ
850 3625 1027 3690 ἔσται,
1050 3625 1123 3695 μὴ
1150 3625 1394 3696 τηρήσας
1423 3626 1560 3695 ὅπερ
1584 3622 1652 3697 ἦν
1683 3626 1740 3692 ἐξ

158 3718 358 3789 ἀρχῆς.
379 3718 441 3770 Εἰ
480 3716 537 3769 δὲ
555 3714 714 3768 τοῦτο
757 3716 957 3769 ἄτοπον
985 3730 1002 3747 ο
1031 3713 1091 3767 τὸ
1123 3714 1230 3785 γάρ
1271 3714 1611 3769 ἀλλοιοῦσθαι
1647 3717 1744 3787 τῆς

160 3811 314 3873 Θείας
344 3808 560 3878 φύσεως
590 3806 867 3870 παντελῶς
902 3805 1181 3876 ἀλλότριον
1203 3822 1217 3836 ⁸
1246 3806 1347 3860 οὑκ
1368 3806 1476 3877 ἆρα
1500 3807 1612 3874 ἕξει
1643 3809 1744 3878 τὴν

161 3899 472 3970 μεταϐολὴν
524 3900 623 3969 τὴν
674 3900 755 3961 είς
788 3898 958 3965 Λόγον
991 3900 1020 3950 6
1060 3896 1270 3968 Πατὴρ,
1301 3898 1415 3951 ἀλλ’
1444 3900 1597 3953 ἔσται
1630 3901 1741 3953 Πα-

157 3994 266 4065 τὴρ
320 3994 439 4060 ἀεὶ,
489 3991 551 4044 τὸ
610 3991 881 4060 ἄτρεπτον
942 3988 1079 4059 ἔχων
1126 3990 1220 4043 καὶ
1278 3991 1633 4047 ἀναλλοίωτον
1667 3994 1741 4057 ὡς

156 4085 313 4147 Θεός.

229 4173 416 4226 ΛΛΛΟ
462 4171 531 4224 ἐκ
564 4169 670 4223 τοῦ
699 4169 908 4233 αὑτοῦ,
947 4168 1404 4238 διηγηματικῶς.
1441 4170 1573 4224 Θεὸν
1604 4172 1739 4243 ἀλη-

157 4265 305 4319 θινὸν
332 4264 397 4315 ὲκ
444 4258 582 4314 Θεοῦ
640 4260 853 4331 Πατρδς
886 4259 1139 4330 ἀληθινοῦ
1171 4260 1446 4331 πεφηνότα
1482 4262 1741 4317 δεικνύων

158 4359 351 4413 ἑαυτὸν
378 4358 408 4409 6
450 4353 743 4425 μονογενὴς
769 4352 886 4422 ⁵τοῦ
945 4352 1080 4406 Θεοῦ
1122 4355 1293 4423 Λόγος
1345 4372 1404 4408 τε
1458 4357 1551 4409 καὶ
1590 4356 1737 4424 Υἱὸς,

162 4470 181 4502 ι
212 4451 424 4511 Πάντα,
462 4467 481 4500 ι
517 4446 704 4517 φησὶν,
735 4462 755 4496 ι
792 4446 893 4499 ὅσα
918 4444 1030 4515 ἔχει
1054 4447 1081 4498 6
1112 4447 1320 4517 Πατὴρ,
1360 4447 1471 4517 ἐμά
1498 4447 1645 4502 ἐστιν
1665 4466 1678 4480 ο
1714 4467 1732 4498 ι

1856 1993 2075 2048 illorum
2114 1992 2372 2063 objectio.

1926 2083 2156 2141 ALIUD.
2192 2084 2251 2140 Si
2282 2101 2445 2141 omne
2496 2085 2751 2152 verbum,
2806 2088 3044 2159 alicujus
3078 2092 3303 2147 verbum
3330 2101 3439 2158 est,

1854 2175 1976 2246 ejus
2002 2176 2256 2233 videlicet
2280 2178 2374 2247 qui
2418 2178 2603 2249 lingua
2632 2179 2766 2234 illud
2795 2178 3047 2248 eﬂundit,
3081 2191 3172 2236 aut
3204 2178 3235 2239 ε
3274 2185 3442 2242 corde

1855 2276 2074 2323 eructat
2094 2283 2157 2325 ac
2184 2267 2417 2337 profert;
2437 2270 2602 2326 Pater
2624 2279 2804 2327 autem
2820 2272 3064 2328 futurum
3083 2284 3167 2330 εει
3181 2273 3441 2341 Verbum,

1856 2358 2119 2428 quoniam
2152 2358 2399 2428 ejusdem
2457 2366 2543 2414 est
2582 2374 2707 2414 cum
2738 2359 2921 2417 Verbo
2948 2362 3275 2416 substantia:
3304 2380 3316 2413 :
3354 2363 3443 2417 sui

1856 2448 2035 2519 ipsius
2055 2450 2291 2506 Verbum
2316 2451 2445 2514 erit,
2473 2450 2583 2504 imo
2615 2467 2746 2507 vero
2762 2453 2987 2519 nullius,
3015 2462 3108 2507 aut
3130 2454 3185 2508 in
3221 2455 3444 2509 univer-

1855 2557 1977 2598 sum
2007 2557 2119 2596 non
2148 2541 2389 2597 exsistit.
2423 2541 2714 2608 Quomodo
2746 2544 2892 2598 enim
2929 2543 3165 2600 Verbum
3198 2548 3305 2602 erit
3332 2546 3443 2603 nisi

1856 2635 1932 2688 sit
1963 2633 2175 2703 aliquid
2209 2634 2375 2704 cujus
2405 2636 2476 2689 sit
2514 2632 2786 2689 Verbum?
2832 2636 2941 2692 Sed
2978 2636 3081 2693 hoc
3113 2638 3438 2694 absurdum.

1855 2722 2005 2780 Fieri
2035 2726 2183 2779 enim
2214 2726 2408 2794 nequit
2448 2732 2508 2778 ut
2543 2724 2729 2780 divina
2760 2734 2814 2781 et
2864 2726 3197 2784 immortalis
3236 2736 3441 2783 natura

1854 2832 1966 2871 non
1997 2817 2257 2881 exsistat,
2296 2830 2397 2870 nec
2456 2816 2510 2869 in
2552 2814 2793 2871 Verbum
2830 2820 3171 2875 transiturus
3201 2826 3289 2875 est
3328 2836 3442 2874 un-

1854 2924 2018 2979 quam
2048 2907 2237 2972 Pater,
2263 2907 2393 2963 licet
2441 2906 2691 2977 ejusdem
2723 2907 2941 2963 sitcum
2967 2908 3151 2965 Verbo
3191 2911 3443 2966 substan-

1856 3001 1944 3055 tize
1974 3018 1988 3053 :
2020 2998 2117 3055 sed
2148 2999 2271 3070 ejus
2301 2997 2467 3055 Pater
2495 2998 2739 3053 manebit
2764 3038 2780 3065 ,
2817 2999 2975 3071 cujus
3001 3009 3056 3057 et
3090 2998 3329 3057 Vtrbum
3353 3009 3443 3059 est

1856 3090 2049 3147 Filius.

1926 3180 2157 3239 ALIUD.
2187 3181 2244 3238 Si
2269 3182 2452 3238 omnis
2474 3181 2799 3237 mutationis
2822 3191 2875 3236 et
2899 3183 3242 3240 alterationis
3258 3186 3440 3255 quoad

1855 3273 2271 3331 substantialem
2365 3274 2632 3328 rationem
2713 3289 2912 3343 expers
3003 3284 3199 3330 natura
3255 3278 3440 3332 divina

1854 3365 2124 3427 creditur,
2163 3363 2443 3434 quomodo
2504 3364 2729 3433 proprio
2779 3364 2945 3419 veluti
2989 3366 3109 3421 loco
3158 3368 3349 3424 relicto
3382 3370 3438 3423 in

1856 3454 2018 3510 Verbi
2049 3464 2303 3509 naturam
2353 3451 2517 3508 Pater
2566 3455 2866 3525 migrabit?
2900 3456 2955 3509 Si
2986 3457 3133 3513 enim
3174 3458 3227 3514 id
3256 3459 3306 3513 ei
3340 3474 3438 3514 ac-

1853 3546 2067 3610 ciderit,
2098 3546 2457 3600 mutationem
2472 3546 2662 3614 utique
2680 3549 3003 3603 necessario
3028 3549 3229 3619 capiet,
3260 3567 3440 3621 neque

1853 3638 1990 3693 idem
2024 3638 2151 3701 erit,
2183 3652 2290 3691 non
2315 3646 2531 3691 servato
2559 3651 2627 3691 eo
2668 3638 2812 3708 quod
2844 3648 2963 3693 erat
2990 3636 3168 3696 initio.
3198 3640 3357 3708 Quod
3389 3644 3437 3698 si

1851 3730 2149 3785 absurdum
2177 3737 2259 3785 est
2288 3730 2542 3800 (mutatio
2575 3732 2720 3785 enim
2754 3746 2785 3785 a
2821 3742 3023 3786 natura
3062 3733 3245 3788 divina
3286 3750 3439 3805 pror-

1852 3836 1947 3875 sus
1967 3828 2052 3875 est
2075 3820 2297 3884 aliena),
2323 3834 2428 3873 non
2450 3834 2580 3890 ergo
2604 3820 2910 3875 mutabitur
2928 3821 2981 3876 in
3001 3820 3239 3877 Verbum
3255 3822 3436 3891 Pater,

1851 3914 1944 3967 sed
1981 3913 2084 3966 erit
2109 3926 2325 3980 semper
2356 3909 2538 3974 Pater,
2578 3912 2904 3968 mutationis
2935 3915 3115 3970 omnis
3155 3923 3209 3970 et
3236 3916 3432 3971 altera-

1852 4004 2019 4059 tionis
2049 4018 2269 4073 expers,
2300 4017 2407 4072 qua
2443 4002 2608 4058 Deus.

1916 4179 2127 4236 ALIUD
2202 4196 2267 4234 ea:
2336 4181 2536 4247 eodem,
2580 4182 2938 4250 explanatius.
3008 4183 3177 4240 Deum
3246 4201 3433 4243 verum

1847 4270 1916 4325 de
1969 4272 2079 4327 Deo
2120 4270 2287 4327 Patre
2340 4288 2473 4328 vero
2507 4272 2783 4330 eﬂ‘ulsisse
2837 4276 3082 4345 seipsum
3132 4279 3433 4337 ostendens

1852 4363 2198 4432 unigenitum
2261 4362 2359 4419 Dei
2414 4363 2678 4431 Verbum,
2718 4374 2772 4421 et
2822 4365 3014 4431 Filius,
3062 4386 3080 4418 ι
3139 4367 3357 4436 Omnia,
3405 4390 3425 4423 ι

1847 4454 2050 4524 inquit,
2090 4470 2487 4526 «quaecunque
2538 4457 2702 4512 habet
2761 4455 2947 4524 Pater,
2996 4473 3114 4514 mea
3153 4469 3285 4515 sunt
3316 4462 3424 4517 ⁸³.»

155 4540 295 4592 ἀλλά
319 4538 416 4591 καὶ
439 4538 657 4592 πάντων
678 4535 793 4589 ἐστὶ
804 4536 914 4588 τῶν
934 4536 1161 4589 ἐνόντων
1186 4536 1264 4606 τῷ
1290 4537 1465 4608 Πατρὶ
1494 4540 1739 4606 φυσικῶς

1852 4544 2019 4600 Porro
2071 4548 2315 4602 omnium
2384 4561 2725 4618 quaecunque
2792 4549 2985 4605 insunt
3030 4548 3182 4604 Patri
3231 4560 3431 4609 natura

159 4630 472 4699 ἰδιωμάτων
532 4617 868 4697 κληρονόμος
911 4629 940 4681 6
994 4626 1143 4690 Υἱὸς,
1180 4627 1273 4679 καὶ
1303 4626 1363 4691 ἐξ
1405 4628 1567 4681 αὑτοῦ
1595 4629 1736 4682 κατά

156 4722 324 4791 φύσιν
375 4718 671 4787 ὑπάρχων·
727 4718 865 4771 ἀλλά
919 4736 982 4787 γε
1016 4718 1076 4772 τδ
1108 4715 1248 4772 εἶναι
1283 4720 1471 4790 Πατὴρ
1503 4722 1600 4791 οὑχ
1627 4720 1735 4785 ἔξει

154 4810 287 4864 ποτέ
319 4825 330 4838 ·
352 4809 449 4861 καὶ
467 4808 623 4861 τοῦτο
653 4806 761 4879 γὰρ
788 4807 845 4858 ἓν
866 4808 975 4861 τῶν
990 4808 1299 4879 προσόντων
1322 4807 1400 4877 τῷ
1416 4810 1697 4880 γεννήτορι
1717 4825 1730 4838 ·

158 4904 316 4973 μενεῖ
344 4900 402 4953 δὲ
424 4901 451 4952 6
475 4899 603 4961 Υἱὸς
624 4898 836 4960 οὐδενὸς
879 4897 1348 4969 ἀποστερούμενος
1376 4897 1484 4951 τῶν
1514 4900 1744 4953 ἐνόντων

153 4995 231 5066 τῷ
264 4992 471 5062 Πατρὶ,
498 4992 600 5045 κᾶν
634 4990 710 5061 μὴ
739 4992 929 5061 νοῆται
984 4989 1193 5060 Πατὴρ,
1222 4990 1399 5043 πάντα
1430 4990 1485 5043 δὲ
1516 4990 1654 5062 ἔχων
1686 4994 1744 5046 ὲν

156 5083 341 5153 ἐαυτῷ
373 5080 600 5144 τελείως
643 5080 711 5133 τὰ
744 5080 855 5149 τῆς
886 5078 980 5131 τοῦ
1026 5078 1238 5149 Πατρὸς
1277 5079 1466 5142 οὐσίας
1506 5080 1612 5135 ἴδια
1651 5082 1745 5135 καὶ

155 5177 437 5246 ἐξαίρετα.
478 5173 583 5225 Τδν
626 5172 787 5227 αὑτὸν
834 5170 899 5241 δὴ
941 5169 1129 5224 τοῦτον
1174 5172 1463 5244 τοιγαροῦν
1523 5174 1615 5227 καὶ
1669 5174 1745 5246 τῷ

156 5266 441 5340 προσώπῳ
466 5262 562 5318 τοῦ
626 5263 839 5334 Πατρὸς
886 5260 1297 5331 ὲφαρμόσαντες
1337 5261 1493 5332 λόγον
1516 5304 1530 5328 ,
1564 5263 1741 5317 πάντα

159 5364 255 5431 μὲν
286 5359 435 5429 ἔχειν
459 5355 619 5409 αὑτὸν
647 5355 715 5408 τά
734 5353 827 5407 τοῦ
854 5352 983 5406 Υἱοῦ
1019 5370 1200 5424 φαμεν
1232 5354 1493 5423 φυσικῶς,
1536 5356 1609 5426 μὴ
1636 5356 1741 5427 μὴν

154 5448 421 5505 δύνασθαί
442 5464 595 5510 ποτε,
630 5446 724 5499 καὶ
755 5446 833 5508 εἰς
864 5444 1109 5513 υἱότητα,
1163 5446 1256 5498 καὶ
1286 5447 1364 5509 εἰς
1387 5446 1446 5499 τὸ
1475 5443 1611 5500 εἶναι
1638 5446 1742 5501 Λό-

156 5561 249 5612 γον
282 5542 644 5613 μεταχωρεῖν,
676 5539 751 5601 ὠς
803 5537 861 5591 δὲ
921 5537 1187 5608 ἄτρεπτον
1229 5538 1355 5591 ὅντα
1395 5538 1537 5593 κατά
1580 5542 1741 5609 φύσιν

157 5633 315 5687 τοῦτο
370 5631 554 5702 μένειν
602 5631 737 5701 ὅπερ
794 5628 963 5695 ἐστὶν,
996 5630 1082 5682 ἵνα
1134 5629 1267 5699 πρὸς
1306 5630 1384 5702 τῷ
1409 5627 1547 5688 εἶναι
1586 5635 1739 5698 Θεὸς,

223 5838 271 5869 ⁸³
312 5834 460 5892 Psal.
504 5847 625 5904 CIX,
665 5836 717 5889 5.
794 5836 839 5865 ⁸³
878 5834 1037 5889 Joan.
1080 5849 1173 5887 xvt
1200 5874 1213 5899 ,
1258 5832 1342 5886 15.

1841 4637 2235 4706 proprietatum
2275 4637 2457 4693 hzeres
2517 4646 2602 4694 est
2629 4638 2827 4705 Filius,
2873 4650 2927 4695 et
2957 4642 3048 4711 qui
3084 4657 3151 4697 ex
3184 4643 3304 4714 ipso
3339 4661 3430 4701 se-

1840 4727 2083 4781 cundum
2115 4738 2369 4782 naturam
2420 4730 2673 4794 exsistit;
2707 4739 3089 4787 verumtamen
3145 4749 3428 4805 nunquam

1839 4819 1946 4887 37
1981 4817 2142 4873 Pater
2169 4834 2292 4874 esse
2331 4820 2531 4889 poterit
2563 4821 2704 4891 (hoc
2736 4821 2885 4876 enim
2919 4838 3111 4878 eorum
3141 4840 3311 4880 unum
3343 4837 3430 4884 est

1840 4926 1961 4979 quae
2010 4912 2251 4981 genitori
2280 4912 2520 4981 insunt),
2542 4913 2637 4969 sed
2667 4915 2971 4971 remanebit
2996 4915 3189 4983 Filius,
3222 4919 3429 4977 nullius

1839 5017 2036 5072 expers
2069 5018 2263 5059 eorum
2300 5020 2425 5075 qua:
2472 5006 2624 5061 Patri
2675 5012 2901 5074 insunt,
2949 5009 3079 5065 licet
3116 5028 3230 5068 non
3262 5014 3429 5070 intel-

1840 5093 2041 5164 ligatur
2067 5094 2234 5150 Pater
2254 5135 2268 5161 ,
2301 5097 2600 5167 omniaque
2635 5098 2943 5160 habensin
2973 5102 3158 5173 seipso
3185 5105 3429 5175 perfecte

1840 5199 1963 5253 quae
1989 5186 2208 5254 propria
2257 5194 2312 5241 et
2358 5188 2655 5257 peculiaria
2695 5197 2823 5243 sunt
2864 5189 3045 5247 Patris
3078 5193 3423 5249 substantia.

1842 5274 2088 5346 ldipsum
2140 5278 2308 5348 igitur
2345 5278 2414 5335 de
2456 5280 2614 5336 l’atre
2645 5281 2930 5349 dicentes,
2963 5285 3163 5342 habere
3199 5288 3422 5358 quidem

1842 5367 2024 5437 ipsum
2053 5369 2238 5422 omnia
2265 5386 2386 5441 qua:
2413 5380 2543 5427 sunt
2566 5371 2687 5427 Filii
2710 5415 2724 5441 ,
2759 5377 3106 5443 naturaliter,
3142 5394 3424 5449 nunquam

1845 5463 2029 5511 tamen
2072 5456 2275 5514 Filium
2324 5477 2450 5519 esse
2495 5479 2695 5531 posse,
2741 5481 2843 5521 nec
2885 5467 2938 5521 in
2974 5467 3135 5523 Verbi
3167 5479 3423 5527 naturam

1844 5547 2081 5617 migrare
2116 5553 2418 5611 asserimus
2443 5594 2458 5619 ,
2496 5556 2614 5620 sed,
2655 5556 3025 5615 immutabilis
3062 5576 3185 5616 cum
3220 5562 3292 5618 sit
3322 5575 3424 5616 na-

1844 5645 1966 5692 tura
1998 5656 2120 5707 sua,
2148 5658 2370 5702 manere
2400 5646 2450 5702 id
2480 5649 2625 5718 quod
2658 5656 2764 5718 est,
2799 5658 2857 5705 ut
2882 5658 3244 5725 praeterquam
3277 5655 3421 5726 quod
