4214 6502
205 424 272 480 69
1275 422 1340 476 IN
1378 422 1663 479 JUANNIS
1695 421 2137 479 EVANGELIUM
2179 422 2305 478 LIB.
2349 422 2385 476 I.
3388 427 3452 481 70

204 540 297 593 δύο
338 539 405 611 δὴ
451 540 669 626 πάντως
713 540 1137 611 ὁμολογήσουσιν
1192 541 1353 604 Υἱοὺς
1414 537 1572 597 εἶναι.
1624 544 1685 595 Ei
1718 542 1772 593 δέ
1806 550 1847 604 Λ

1806 550 1847 604 Λ
1876 556 1999 596 esse
2051 540 2236 596 Filios.
2295 540 2393 596 Siti
2449 548 2630 595 autem
2689 541 2970 611 hypostasi
3014 542 3228 613 propria
3267 558 3454 600 carere

204 634 577 687 ἀνυπόστατον
622 634 839 705 ἐροῦσιν
866 635 1063 697 αὑτὸν,
1098 634 1307 697 οὐδενὸς
1353 635 1778 704 μεσολαϐοῦντος

205 722 285 774 ἔτι
330 723 427 775 καὶ
459 724 869 793 διατειχίζοντος
915 725 1007 778 τὸν
1048 724 1206 786 Υίὸν,
1239 725 1356 786 πῶς
1412 726 1562 777 ἐσται
1598 726 1779 797 τρίτος

205 817 269 867 ἐκ
297 816 531 886 Πατρὺς,
556 815 651 869 καὶ
675 816 795 886 οὐχὶ
828 816 1027 887 μᾶλλον
1054 817 1357 887 προσεχιῖκ,
1384 817 1460 881 ὡς
1490 818 1615 881 Υἱὸς
1642 818 1779 889 πρὸς

208 904 425 973 Πατέρα
454 922 467 969 ;

273 996 462 1049 ΑΛΛΟ
493 997 588 1050 διὰ
630 996 750 1050 τῶν
780 997 978 1051 αὐτῶν
1014 997 1361 1067 θεωρημήτιιι
1412 1042 1424 1053 .
1470 999 1643 1067 Λόγον
1677 998 1777 1070 μὲν

206 1085 473 1155 ὑπάρχειν
546 1085 624 1155 τῷ
668 1084 790 1155 Θεῷ
845 1085 941 1138 καὶ
1005 1086 1178 1156 Πατρὶ
1230 1085 1321 1138 τὸν
1374 1084 1675 1138 ἐνδιάθετον
1726 1085 1775 1137 oi

202 1175 266 1226 δι’
295 1176 548 1239 ἐναντίας
563 1177 853 1248 ὁρίζονται,
886 1177 954 1230 δι’
977 1172 1063 1243 οἶ),
1096 1177 1238 1231 κατὰ
1264 1178 1362 1247 τὴν
1396 1176 1575 1231 αὐτῶν
1607 1175 1777 1230 ἀκαλ-

203 1269 475 1339 λεστάτην
500 1270 778 1334 ὑπόνοιαν,
809 1270 908 1340 τὴν
933 1269 1026 1322 τοῦ
1056 1270 1268 1340 Πατρὸς
1297 1268 1550 1340 βούλησιν
1583 1271 1612 1321 6
1649 1269 1777 1332 Υίδς

209 1358 592 1411 ἐκδιδάσκεται
613 1373 627 1389 ·
659 1359 773 1412 ἀλλ’
808 1359 941 1429 ὅσην
974 1360 1085 1430 ἔχει
1126 1360 1337 1431 μωρίαν
1378 1360 1560 1422 αὑτοῖς
1586 1358 1646 1411 τὸ
1685 1360 1777 1411 ἐπὶ

202 1448 379 1518 τούτῳ
399 1448 575 1515 δόγμα
588 1487 602 1511 ,
621 1447 845 1519 θεωρεῖν
869 1450 1184 1517 ἀναγκαῖον.
1223 1449 1502 1519 Ἐννοῆσαι
1516 1449 1572 1501 δὲ
1591 1448 1774 1511 τοιῶς·

200 1538 256 1589 δε
321 1539 589 1607 προσήκει
634 1537 725 1590 τὸν
773 1539 865 1591 ἐπὶ
901 1537 979 1602 τῷ
1032 1537 1319 1607 πράγματι
1368 1538 1665 1607 λογισμόν·
1702 1537 1775 1588 Τὸ

204 1630 400 1698 Πατὴρ
443 1628 614 1698 ὄνομα
649 1627 723 1689 ὡς
753 1628 886 1699 πρὸς
908 1628 998 1681 τὸν
1024 1628 1152 1682 Υίὸν
1176 1629 1331 1682 οὐδὲν
1359 1628 1469 1697 ἔχει
1499 1629 1560 1681 τὺ
1586 1629 1770 1699 μέσον,

197 1720 275 1781 ὡς
321 1720 382 1786 ἐξ
436 1718 681 1788 ἀνάγκης
752 1718 1040 1772 είσϐαῖνον.
1101 1719 1167 1770 Τί
1236 1718 1345 1788 γάρ
1392 1718 1543 1772 ἔσται
1610 1721 1771 1789 μέσον

204 1813 421 1882 Πατρὸς
458 1811 594 1882 πρὸς
628 1811 757 1863 Υἰδν
785 1850 799 1873 ,
845 1811 878 1881 ἥ
909 1807 976 1864 αὖ
1006 1811 1168 1864 πάλιν
1198 1810 1328 1863 Υἱοῦ
1356 1812 1490 1879 πρὸς
1519 1810 1767 1880 Πατέρας

1882 635 2064 701 ipsum
2096 633 2324 700 dicent,
2377 648 2501 689 cum
2542 633 2674 686 nihil
2716 635 2785 688 sit
2816 632 2962 704 quod
3000 631 3195 689 Filium
3232 650 3261 689 a
3292 634 3456 691 Patre

1878 724 2160 793 dispescat
2184 766 2198 788 ,
2243 725 2520 794 quomodo
2565 724 2758 780 tertius
2787 726 2891 790 erit
2931 739 2961 779 a
2994 724 3158 781 Patre
3187 766 3202 792 ,
3238 742 3301 781 ac
3341 744 3452 783 non

1879 818 2064 885 potius
2094 817 2342 886 proxime
2373 828 2427 871 et
2458 816 2793 879 immediate,
2829 822 2887 869 ut
2917 814 3090 874 Filius
3124 816 3314 873 Patri?

1946 989 2157 1045 ALIUD
2180 1031 2193 1054 ,
2227 991 2282 1043 in
2319 990 2553 1045 eamdem
2584 991 2921 1049 sententiam.
2957 989 3196 1047 Verbum
3228 993 3450 1063 quidem

1878 1084 2060 1139 inesse
2110 1081 2220 1136 Deo
2269 1097 2334 1137 ac
2392 1081 2541 1135 Patri
2587 1083 2864 1137 internum
2916 1081 3095 1149 illud,
3144 1082 3449 1140 adversarii

1878 1181 2152 1239 statuunt,
2188 1188 2283 1242 per
2317 1172 2484 1242 quod,
2510 1182 2568 1227 ut
2597 1173 2697 1243 ipsi
2730 1174 3051 1230 stultissime
3076 1175 3447 1245 suspicantur,

1876 1268 2214 1321 voluntatem
2262 1265 2443 1321 Patris
2488 1265 2661 1320 Filius
2714 1266 2975 1322 edocetur
3027 1285 3040 1321 :
3098 1268 3194 1323 sed
3244 1280 3448 1338 quanta

1876 1356 2086 1410 insania
2134 1355 2347 1409 laboret
2383 1354 2529 1408 istud
2582 1370 2774 1409 eorum
2817 1354 3045 1425 dogma,
3100 1357 3450 1413 considerare

1883 1457 1967 1500 est
2004 1461 2186 1515 Opera:
2238 1447 2496 1515 pretium.
2535 1444 2649 1499 lloc
2679 1454 2857 1499 autem
2894 1454 3062 1515 pacto
3112 1445 3167 1499 in
3208 1462 3267 1501 re
3310 1461 3448 1516 pra:-

1875 1541 2017 1595 senti
2052 1539 2555 1609 philosophandum
2587 1540 2745 1595 nobis
2779 1547 2886 1595 est.
2921 1538 3056 1594 Illud
3088 1553 3306 1603 nomen,
3345 1535 3450 1591 Pa-

1875 1640 1977 1691 ter,
2008 1631 2073 1684 ad
2117 1630 2313 1685 Filium
2348 1632 2615 1696 relatum,
2654 1633 2793 1686 nihil
2829 1634 3147 1689 necessario
3182 1631 3327 1701 capit
3358 1631 3445 1685 in-

1874 1723 2142 1778 termedii.
2194 1711 2334 1789 Quid
2382 1725 2526 1779 enim
2566 1724 2872 1779 intercedet
2914 1723 3068 1779 Patri
3106 1739 3231 1779 cum
3271 1723 3443 1787 Filio,

1873 1823 1967 1866 aut
2014 1814 2259 1868 vicissim
2292 1813 2430 1869 Filio
2458 1830 2583 1869 cum
2619 1815 2824 1870 Patre?
2863 1814 2931 1868 At
2970 1815 3014 1868 si
3042 1854 3057 1878 ,
3088 1804 3446 1885 quemadmo-

207 1904 352 1956 ‘Aki'
405 1903 563 1974 εἴπερ
611 1902 752 1956 κατὰ
793 1902 891 1974 τὴν
931 1902 1155 1955 ἐκείνων
1183 1902 1421 1971 ἀμαθίαν
1452 1903 1765 1971 διατειχίζει
1800 1884 1871 1949 Bt

1800 1884 1839 1941 Β
1868 1902 1995 1956 dum
2026 1903 2104 1957 illi
2132 1904 2300 1958 stulte
2334 1905 2613 1970 sentiunt,
2666 1904 2883 1958 Patrem
2928 1920 2956 1957 a
3001 1884 3140 1959 Filio
3179 1905 3445 1974 dispescit

194 1996 291 2048 τοῦ
327 1996 540 2064 Πατρός
584 1995 678 2047 τὸν
733 1994 861 2047 Υίὸν
921 1992 1292 2064 μεσολασοῦσα
1349 1993 1631 2063 βούλησις,
1676 1994 1771 2047 καὶ

196 2090 372 2157 Λόγος
408 2086 731 2149 ἐνδιάθετος,
781 2086 840 2139 ὃν
867 2086 960 2139 καὶ
993 2085 1196 2156 ταύτης
1250 2080 1388 2139 εἷναί
1418 2100 1580 2154 φασιν
1605 2085 1771 2155 ἐρμη-

195 2179 475 2239 νευτικδν,
520 2180 619 2231 οὑκ
666 2178 740 2231 ἐτ’
789 2178 854 2232 ἂν
900 2179 1071 2231 νοοῖτο
1103 2176 1293 2246 Πατὴρ
1324 2175 1462 2239 ὅλως
1501 2178 1528 2229 6
1557 2174 1766 2247 Πατὴρ.

194 2273 313 2326 ἀλλ’
350 2271 470 2325 οὑδὲ
503 2271 628 2334 Υἱὸς
660 2272 687 2323 6
722 2270 850 2334 Υίδς
876 2311 889 2334 ,
926 2268 1085 2339 εἴπερ
1124 2269 1183 2321 ἐν
1231 2267 1387 2329 ἰδίαις
1437 2267 1767 2321 ὑποστάσεσι

195 2365 413 2417 κεῖσθαι
438 2364 721 2433 νοήσομεν.
754 2363 853 2430 τήν
881 2378 939 2414 τε
975 2360 1228 2430 βούλησιν
1258 2359 1353 2413 τοῦ
1377 2359 1517 2413 Θεοῦ
1556 2360 1651 2413 καὶ
1676 2359 1768 2413 τὸν

192 2453 401 2524 ταύτην
461 2452 886 2522 διερμηνεύοντα
938 2452 1131 2520 Λόγον.
1190 2452 1253 2504 El
1314 2450 1372 2504 δέ
1420 2450 1770 2503 ἀνυπόστατα

190 2542 442 2612 δώσομεν
473 2541 738 2613 ὑπάρχειν
765 2541 924 2604 αὐτὰ,
957 2541 1180 2610 ἀμέσως
1220 2542 1327 2612 ἄρα
1361 2540 1456 2594 καὶ
1486 2540 1770 2611 προσεχῶς

193 2637 225 2687 6
266 2635 394 2697 Υἱός
440 2634 588 2687 ἐστιν
618 2636 678 2686 ἐν
714 2632 834 2703 Θεῷ
868 2632 964 2686 καὶ
992 2632 1167 2704 Πατρί
1192 2648 1207 2664 ο
1236 2634 1329 2685 ποῖ
1352 2631 1417 2703 δὴ
1445 2633 1552 2701 ἄρα
1580 2631 1769 2686 λοιπὸν

190 2729 220 2779 6
264 2723 569 2786 ἐνδιάθετος
607 2724 847 2793 χωρήσει
907 2722 1110 2791 Λόγος,
1169 2722 1203 2792 ῆ
1242 2724 1391 2784 ποῖον
1433 2723 1544 2786 ἕξει
1604 2723 1769 2778 τόπον

188 2819 225 2883 ή
258 2814 533 2884 βούλησις,
565 2814 728 2882 ἐτὲρα
762 2812 1026 2883 νοουμένη
1067 2812 1217 2882 παρὰ
1245 2813 1337 2865 τὸν
1362 2813 1517 2881 Υίόν;

264 2994 454 3047 ΛΛΛΟ
485 2990 583 3045 διὰ
608 2989 717 3059 τῆς
752 2992 838 3055 είς
876 2988 1106 3043 ἄτοπον
1146 2987 1487 3058 ἀπαγωγῆς.
1541 2988 1765 3058 Ὀμοού-

122 3152 127 3157 Δ
187 3102 311 3138 σιον
361 3082 501 3136 εἶναι
537 3081 863 3152 πιστεύομεν
906 3080 1006 3151 τὴν
1043 3080 1203 3149 ἁγίαν
1241 3080 1334 3135 καὶ
1362 3077 1767 3150 προσκυνουμὲ-

185 3192 291 3245 νην
314 3174 544 3246 Τριάδα,
568 3172 668 3226 κᾶν
692 3174 725 3242 ή
747 3172 854 3226 τῶν
876 3171 1165 3242 αίρετικῶν
1190 3169 1354 3239 μανία
1382 3167 1458 3239 μὴ
1485 3167 1760 3237 βούληταιο

186 3266 312 3320 ἁλλ’
345 3261 505 3334 οἶμαι
540 3264 834 3334 προσήκειν
877 3262 967 3315 ἐπὶ
997 3260 1105 3313 τῶν
1136 3259 1436 3330 ὀμοουσίων
1473 3258 1767 3328 παραδέχε-

187 3358 318 3410 σθαι
365 3360 459 3409 καὶ
510 3356 572 3407 τὸ
618 3355 865 3424 ἀλλήλοις
898 3352 1036 3405 αὑτά
1070 3351 1211 3404 κατὰ
1244 3350 1421 3403 πάντα
1450 3348 1766 3419 προσεοικέ-

184 3466 319 3511 ναι,
358 3446 502 3501 κατά
556 3463 619 3514 γε
670 3445 761 3497 τὸν
808 3442 915 3496 τῶν
966 3440 1209 3510 φυσικῶν
1257 3440 1557 3510 ἰδιωμάτων
1585 3439 1762 3507 λόγον.

188 3540 370 3609 Εἴπερ
417 3535 510 3591 οὖν
548 3537 688 3591 κατὰ
721 3537 819 3605 τήν
860 3550 1021 3587 τινων
1053 3531 1307 3586 ἀϐουλίαν
1345 3530 1645 3600 ἐνυπάρχει
1689 3530 1765 3600 τῷ

186 3631 309 3699 Θεῷ
344 3630 438 3681 καὶ
483 3627 660 3697 llath
701 3626 870 3693 Λόγος
915 3640 999 3686 τις
1044 3622 1229 3691 ἕτερος
1277 3620 1578 3682 ἐνδιάθετος
1615 3619 1767 3691 παρὰ

184 3724 281 3774 τὸν
311 3720 443 3772 Υίδν
466 3759 480 3782 ,
516 3718 626 3781 ἕξει
677 3717 891 3778 πάντως
926 3715 1016 3767 καὶ
1048 3716 1075 3766 6
1113 3713 1238 3775 Υἱὸς
1263 3712 1432 3781 Λόγον
1463 3710 1767 3765 ἐνδιάθετον

186 3816 248 3865 ἐν
275 3812 459 3881 ἐαυτῷ
484 3852 499 3876 ,
529 3810 603 3873 ὡς
638 3808 801 3861 εἰκὼν
835 3805 999 3860 αὑτοῦ
1027 3847 1041 3869 ,
1075 3805 1169 3859 καὶ
1208 3802 1627 3875 ἀπαράλλακτος
1666 3802 1766 3872 τῆς

189 3904 548 3962 ὑποστάσεως
581 3897 866 3969 χαρακτὴρ
890 3937 905 3961 ,
949 3896 1129 3958 καθὼς
1180 3895 1487 3964 γέγραπται
1513 3909 1526 3921 ’
1557 3891 1666 3957 ἕξει
1709 3891 1766 3944 δέ

189 3994 395 4060 ὁμοίως
426 3991 574 4059 αύτῷ
602 3991 695 4042 καὶ
732 3988 794 4040 τὸ
819 3986 1042 4057 Πνεῦμα
1069 3985 1129 4039 τὸ
1154 3986 1327 4053 ἆγιον,
1352 3983 1493 4038 κατὰ
1520 3984 1619 4054 τὴν
1645 3985 1767 4053 ἴσην

184 4085 299 4137 τῶν
334 4083 624 4151 νοημάτων
654 4079 962 4147 ἀειλογίαν.
994 4078 1220 4145 Γέγονεν
1244 4071 1336 4129 οὖν
1374 4076 1504 4144 ήμῖν
1536 4076 1569 4145 ἡ
1600 4074 1768 4145 Τριὰς

187 4172 251 4222 ἐν
285 4167 465 4236 διπλῷ
490 4209 505 4230 ,
534 4167 630 4219 καὶ
684 4166 741 4218 ἐν
770 4165 1015 4219 συνθέσει
1066 4163 1249 4217 λοιπὸν
1298 4165 1331 4233 ἡ
1378 4162 1493 4214 θεία
1522 4163 1766 4231 φαίνεται

188 4261 375 4329 φύσις.
395 4258 556 4311 ’Λλλὰ
582 4258 738 4311 τοῦτο
762 4256 980 4310 ἄτοπονο
1009 4256 1065 4308 ἐν
1086 4255 1143 4309 δὲ
1165 4256 1283 4317 ταῖς
1320 4254 1515 4317 ἁπλαῖς
1532 4254 1763 4319 οὑσίαις,

182 4351 344 4404 οὐδὲν
371 4349 560 4419 ἕτερόν
587 4349 704 4401 ἐστι
735 4346 795 4399 τὸ
822 4347 951 4417 παρ’
983 4346 1153 4409 αὐτάς
1172 4361 1185 4376 ⁸
1222 4345 1374 4398 οὐδὲν
1417 4344 1526 4415 ἄρα
1567 4344 1766 4398 διακω-

186 4442 345 4496 λύσει
392 4441 492 4510 τὴν
530 4439 691 4508 ἁγίαν
749 4439 843 4492 καὶ
888 4438 1173 4509 ὁμοούσιον
1229 4437 1434 4507 Τριάδα
1484 4436 1766 4508 προσεχιῖκ

188 4532 470 4601 συνῆφθαι
485 4569 499 4592 ,
532 4527 953 4600 μεσολαϐοῦντος
974 4527 1203 4590 οὐδενός.

257 4623 455 4676 ΑΛΛο
494 4616 948 4688 διηγηματικῶς.
979 4619 1105 4670 Ὅτε
1151 4615 1218 4671 τά
1250 4617 1487 4685 ὀνόματα
1530 4632 1763 4687 προτατ-

187 4714 433 4784 τομένων
472 4710 579 4763 τῶν
610 4709 827 4779 ἄρθρων
853 4711 887 4779 ή
924 4709 1044 4762 θεία
1070 4708 1248 4777 τίθησι
1272 4707 1461 4778 Γραφὴ
1481 4746 1494 4767 ,
1518 4706 1638 4760 τότε
1672 4708 1767 4762 καὶ

188 4802 242 4850 ἓν
273 4816 329 4851 τι
362 4796 649 4865 σημαίνει,
677 4795 705 4846 ὃ
736 4796 895 4864 μόνον
926 4796 1041 4848 ἐστὶ
1078 4794 1280 4865 κυρίως
1328 4796 1421 4847 καὶ
1474 4794 1764 4864 ἀληθινῶς,

189 4890 376 4941 ὁποῖον
407 4881 550 4937 εἶναι
582 4883 799 4965 λέγεται
822 4899 833 4911 ο
876 4882 1075 4953 ἄρθρον
1120 4882 1177 4935 δὲ
1214 4883 1273 4933 οὑ
1308 4881 1605 4951 προσθεῖσα
1634 4881 1654 4953 [
1681 4882 1766 4937 ἵσ.

1873 1991 2124 2047 voluntas
2161 1992 2483 2066 intermedia
2508 2034 2523 2057 ,
2561 2000 2617 2046 et
2650 1992 2875 2047 verbum
2924 1994 3198 2047 internum
3231 2031 3246 2057 ,
3293 1992 3443 2062 quod

1868 2084 2032 2136 etiam
2068 2084 2168 2153 ipsi
2204 2085 2509 2139 voluntatis
2545 2086 2704 2139 istius
2749 2085 3020 2154 interpres
3049 2099 3172 2139 esse
3211 2084 3440 2148 dicunt,

1870 2185 1978 2224 non
2021 2171 2133 2239 jam
2180 2170 2346 2226 Pater
2377 2174 2566 2242 utique
2605 2172 2924 2227 censebitur
2953 2187 3076 2227 esse
3113 2173 3308 2240 Pater,
3345 2175 3441 2229 sed

1869 2277 2044 2331 neque
2061 2260 2234 2318 Filius
2260 2261 2467 2327 Filius,
2507 2264 2777 2332 siquidem
2812 2263 2865 2317 in
2909 2266 3148 2335 propriis
3179 2266 3441 2335 hyposta-

1870 2352 2019 2408 sibus
2066 2354 2335 2409 exsistere
2378 2354 2736 2411 censebimus
2769 2354 2946 2410 Patris
2977 2357 3311 2415 voluntatem
3337 2397 3352 2422 ,
3388 2364 3442 2411 et

1869 2445 2015 2514 quod
2042 2460 2161 2500 eam
2210 2446 2604 2517 interpretatur
2628 2447 2739 2517 39
2763 2447 3009 2501 verbum.
3043 2446 3142 2502 Sin
3173 2455 3352 2503 autem
3377 2462 3442 2503 ea

1870 2537 2091 2606 propria
2150 2537 2433 2607 hypostasi
2485 2554 2675 2594 carere
2731 2538 3061 2602 fatebimur,
3128 2540 3443 2595 immediate

1869 2641 2020 2696 ergo,
2051 2638 2104 2682 et
2132 2630 2382 2698 proxime
2414 2642 2502 2685 est
2533 2630 2586 2684 in
2624 2629 2732 2686 Deo
2768 2645 2831 2685 ac
2868 2629 3031 2687 Patre
3060 2630 3261 2698 Filius;
3300 2646 3440 2703 quo-

1870 2729 1997 2769 nam
2030 2716 2195 2787 igitur
2221 2718 2440 2771 demum
2475 2720 2667 2775 evadet
2702 2721 2983 2777 internum
3024 2721 3160 2776 illud
3186 2724 3440 2786 verbum.

1868 2813 1963 2860 aut
1990 2820 2151 2876 quem
2183 2807 2363 2862 locum
2397 2809 2649 2864 voluntas
2693 2811 2953 2867 habitura
3002 2820 3088 2868 est
3113 2854 3127 2879 ,
3179 2828 3302 2883 quae
3334 2814 3441 2868 alia

1868 2907 2122 2952 censetur
2163 2913 2285 2954 esse
2322 2914 2351 2952 a
2382 2898 2565 2954 Filio?

1936 2984 2172 3051 ALIUD,
2210 3004 2301 3057 per
2346 2989 2699 3043 reductionem
2732 2990 2802 3043 ad
2832 2990 3139 3045 absurdum.
3189 2990 3442 3049 Consuli-

1868 3078 2179 3132 stantialem
2222 3094 2346 3135 esse
2398 3080 2673 3135 credimus
2720 3090 2965 3136 sanctam
3016 3091 3069 3137 et
3106 3083 3439 3138 adorandam

1868 3162 2218 3231 Trinitatem,
2250 3167 2376 3221 licet
2416 3168 2803 3223 haereticorum
2839 3170 2993 3225 furor
3025 3170 3078 3225 id
3116 3187 3225 3227 non
3268 3174 3440 3242 patia-

1869 3263 1978 3310 tur.
2025 3256 2129 3311 Sed
2172 3256 2449 3313 fatendum
2492 3268 2594 3325 est,
2629 3250 2946 3330 Opinor,:ca
2976 3277 3097 3331 quas
3129 3272 3258 3317 sunt
3292 3265 3442 3333 ejus-

1867 3347 1987 3403 dem
2013 3348 2341 3403 substantiae
2367 3351 2508 3405 inter
2538 3366 2596 3406 se
2624 3353 2836 3408 ratione
2859 3355 3254 3424 proprietatum
3281 3365 3439 3408 natu-

1867 3440 2063 3493 ralium
2096 3442 2255 3511 plane
2288 3443 2600 3498 convenire.
2650 3442 2707 3497 Si
2739 3460 2906 3514 ergo,
2953 3454 3013 3500 ut
3064 3456 3266 3501 temere
3299 3463 3440 3500 non—

1867 3532 2003 3585 nulli
2049 3531 2285 3597 docent,
2322 3532 2464 3589 inest
2511 3533 2621 3588 Deo
2658 3550 2721 3589 ac
2753 3534 2903 3590 Patri
2948 3537 3175 3592 verbum
3217 3538 3440 3608 aliquod

1869 3621 2146 3675 internum
2182 3621 2460 3679 diversum
2509 3638 2540 3677 a
2577 3623 2736 3689 Filio,
2785 3626 3010 3681 habebit
3044 3627 3233 3697 utique
3266 3627 3440 3685 Filius

1866 3713 2094 3766 verbum
2142 3714 2419 3768 internum
2453 3731 2673 3785 quoque
2715 3718 2769 3771 in
2801 3721 3007 3789 seipse.
3034 3731 3225 3791 utpote
3258 3725 3442 3798 imago

1866 3804 2004 3872 ejus,
2057 3812 2111 3858 et
2148 3805 2344 3860 similis
2384 3822 2480 3877 per
2521 3810 2705 3863 omnia
2754 3811 3080 3867 substantia:
3127 3816 3434 3883 character,

1865 3894 2011 3948 sicut
2047 3896 2317 3965 scriptum
2348 3904 2433 3951 est
2464 3897 2530 3949 ⁸⁸.
2567 3895 2671 3952 Sed
2698 3907 2750 3952 et
2776 3899 2998 3956 habebit
3025 3906 3252 3973 perinde
3276 3918 3437 3978 atque

1868 3985 1983 4054 ipse
2014 3992 2239 4039 sanctus
2268 4000 2488 4055 quoque
2543 3984 2806 4057 Spiritus,
2855 3991 3043 4047 eadem
3089 4010 3316 4064 prorsus
3346 4014 3435 4052 ra-

1869 4076 2034 4130 tionis
2063 4077 2479 4132 consecutione.
2513 4078 2609 4133 Est
2639 4080 2807 4149 igitur
2831 4081 2943 4149 jam
2976 4084 3138 4139 nobis
3164 4087 3437 4157 duplicata

1868 4166 2145 4231 Trinitas,
2208 4178 2262 4221 et
2314 4170 2619 4236 composita
2681 4172 2902 4225 demum
2960 4184 3187 4245 apparet
3242 4188 3437 4234 natura

1868 4259 2074 4313 divina.
2118 4257 2225 4313 Sed
2254 4259 2356 4314 hoc
2392 4260 2716 4317 absurdum.
2762 4261 2819 4316 lu
2859 4263 3200 4336 simplicibus
3234 4272 3443 4342 quippe

1868 4349 2199 4404 substantiis
2234 4349 2373 4403 nihil
2405 4358 2489 4405 est
2518 4362 2713 4421 praeter
2744 4354 2912 4423 ipsas.
2956 4356 3100 4412 Nihil
3140 4375 3271 4431 ergo
3312 4379 3439 4432 pro-

1869 4440 2074 4495 bibebit
2105 4443 2403 4511 quominus
2439 4454 2628 4499 sancta
2654 4453 2711 4500 et
2737 4448 3228 4507 consubstantialis
3255 4453 3437 4510 Trini-

1800 4551 1841 4606 ῃ
1872 4540 1955 4586 tas
1983 4533 2230 4600 proxime
2253 4545 2310 4587 ct
2338 4534 2650 4590 immediate
2680 4537 2846 4592 simul
2878 4540 3167 4610 conjuncta
3200 4545 3291 4598 sit.

1942 4615 2191 4683 ALIUD,
2254 4620 2609 4687 explanatius.
2675 4623 2809 4677 Cum
2871 4628 3191 4685 nominibus
3247 4632 3435 4689 divina

1872 4703 2152 4774 Scriptura
2181 4708 2447 4776 praponit
2472 4710 2762 4777 articulos,
2804 4721 2935 4769 tunc
2974 4731 3141 4772 unum
3175 4721 3438 4789 quiddam

1870 4795 2165 4865 signiﬁcat,
2200 4798 2344 4866 quod
2377 4799 2551 4853 solum
2598 4804 2816 4870 prOprie
2862 4816 2928 4857 ac
2959 4819 3084 4860 vere
3115 4815 3220 4874 est,
3254 4811 3440 4878 cujus-

1868 4887 2016 4941 modi
2044 4902 2165 4943 esse
2187 4888 2409 4943 dicitur.
2459 4888 2598 4944 Cum
2631 4902 2813 4947 autem
2846 4896 3139 4951 articulum
3173 4916 3277 4955 non
3306 4919 3439 4972 prae.

191 4974 535 5049 προθεῖσα],
576 4973 942 5043 γενικωτέραν
975 4974 1208 5026 ποιεῖται
1251 4972 1391 5025 κατά
1443 4973 1643 5037 παντὸς
1672 4974 1763 5027 τοῦ

1868 4979 2053 5047 ponit,
2098 4980 2414 5048 generalius
2466 4980 2686 5050 quidvis
2733 4984 2983 5055 designat
3020 5004 3035 5041 ε
3066 4990 3216 5043 verbi
3261 4996 3441 5062 gratia

194 5065 603 5138 σημαινομένου
643 5066 740 5136 τήν
765 5064 994 5135 δήλωσιν
1016 5103 1030 5127 ,
1075 5057 1185 5115 οἷον
1220 5064 1361 5133 (ήξει
1405 5064 1512 5135 γὰρ
1557 5066 1585 5117 6
1612 5065 1766 5133 λόγος

1871 5068 1961 5138 (id
2010 5068 2153 5122 enim
2202 5071 2540 5138 propositum
2584 5088 2801 5142 quoque
2853 5074 3010 5130 nobis
3048 5086 3130 5133 est
3170 5057 3315 5138 clare
3346 5084 3437 5140 de!

193 5163 281 5212 καὶ
305 5158 387 5227 διζ
403 5156 666 5227 ἐναργοῦς
693 5154 1038 5223 ἀποδείξεως)
1073 5153 1256 5206 πολλοὶ
1302 5155 1587 5208 καλοῦνται
1618 5156 1729 5209 θεοί
1748 5173 1761 5187 ο

1873 5166 2179 5213 monstrare
2196 5159 2235 5229 ),
2270 5161 2531 5216 dicuntur
2561 5162 2746 5216 πολλοὶ
2778 5164 2910 5220 θεοί.
2940 5165 3044 5224 Sed
3071 5173 3288 5240 quando
3314 5190 3436 5229 cum

192 5249 305 5300 ἀλλ’
335 5248 471 5300 ὅταν
498 5246 636 5315 μετὰ
657 5244 749 5299 τοῦ
775 5243 978 5316 ἄρθρου
1007 5243 1230 5314 λέγηται
1255 5247 1287 5298 ό
1305 5246 1412 5303 Θεὸ
1423 5264 1470 5313 ς,
1485 5245 1574 5299 τὸν
1608 5247 1766 5316 μόνον

1863 5250 2096 5304 articulo
2152 5251 2357 5306 dicitur
2416 5254 2444 5306 ὁ
2496 5253 2667 5320 Θεός,
2732 5257 2884 5313 solus
2939 5275 3082 5327 esse,
3126 5273 3179 5317 et
3221 5268 3437 5336 proprie

194 5340 321 5392 ὅντα
373 5338 472 5391 καὶ
530 5337 735 5408 κυρίοις
787 5335 1076 5407 σημαίνει’
1124 5336 1490 5407 ἁπλούστερον
1544 5337 1639 5401 δὲ,
1676 5339 1769 5390 καὶ

1860 5339 2200 5410 signiﬁcatur
2236 5362 2247 5397 :
2283 5350 2338 5397 at
2368 5359 2492 5399 cum
2534 5345 2879 5417 simplicius,
2925 5359 2979 5404 et
3021 5350 3143 5408 sine
3176 5335 3434 5423 articulo,

194 5432 398 5501 ἄρθρου
433 5430 634 5499 χωρὶς.
666 5428 760 5481 ἕνα
789 5429 948 5497 τυχὸν
986 5429 1092 5482 τῶν
1130 5430 1208 5492 είς
1247 5429 1403 5483 τοῦτο
1436 5429 1576 5484 κατὰ
1610 5429 1767 5501 χάριν

1858 5432 1989 5495 Θεὸς
2063 5432 2305 5499 dicitur,
2361 5448 2535 5490 unum
2582 5435 2724 5492 forte
2772 5438 3043 5508 signiﬁcat
3102 5459 3166 5499 ex
3228 5446 3296 5502 iis
3345 5452 3436 5519 qui

195 5518 568 5587 κεκλημένων.
601 5518 708 5569 Καὶ
729 5518 888 5570 πάλιν
915 5517 1230 5584 Ἄνθρωποι
1259 5518 1480 5571 πολλοί
1499 5538 1507 5546 υ
1543 5518 1657 5572 ἀλλ’
1683 5520 1768 5570 ὅτε

1864 5536 1960 5591 per
1990 5522 2219 5592 gratiam
2258 5526 2436 5579 vocati
2468 5533 2598 5580 sunt
2635 5526 2729 5580 dii.
2772 5526 2918 5584 Idem
2962 5534 3297 5590 censendum
3328 5517 3434 5603 est,

197 5614 334 5677 μετὰ
361 5607 457 5658 τοῦ
489 5607 692 5675 ἄρθρου
722 5608 881 5677 φησὶν
901 5609 927 5660 6
949 5607 1153 5679 Σωτὴρ,
1181 5608 1234 5659 '0
1264 5608 1391 5672 Υἱὸς
1416 5608 1519 5662 τοῦ
1541 5609 1763 5676 ἀνθρώ-

1872 5628 2023 5671 cum.
2072 5615 2302 5684 exempli
2359 5616 2553 5685 gratia,
2615 5617 2891 5689 ἄνθρωποι
2938 5623 3118 5678 πολλοὶ
3178 5626 3435 5686 dicimus.

273 5805 313 5834 "
348 5802 508 5859 Hebr.
540 5820 577 5864 t,
616 5804 667 5855 5.
