4214 6502
779 441 837 494 1|
1808 416 1863 468 S.
1902 408 2181 467 CYRILLI
2210 406 2437 462 ALEXA

2478 438 2481 441 -
2506 402 2687 458 '1th!
2724 401 3046 457 ARClllEP.
3968 398 4036 452 72

775 571 885 629 Sed
917 581 1042 625 cum
1083 563 1338 619 Salvator
1366 555 1654 629 prmmisso
1712 550 1945 606 articulo
1987 549 2144 613 dicit,
2174 549 2201 599 6
2226 545 2354 606 Υἱὸς
2384 546 2427 600 Α

778 663 873 718 τοῦ
919 659 1229 729 ἀνθρώπου,
1261 654 1409 707 velut
1449 649 1679 703 electum
1721 660 1786 699 ex
1829 642 2073 695 millibus
2115 638 2353 706 seipsum

782 754 1077 821 signiﬁcat.
1119 749 1253 799 Cum
1301 741 1528 797 nomina
1569 739 1710 791 hanc
1740 743 1925 787 nolam
1964 730 2020 783 in
2070 729 2353 796 Scriptura

782 816 960 896 divina
999 839 1257 897 habeant,
1297 847 1404 902 quo
1458 835 1619 899 pacto
1670 824 1888 877 demum
1936 816 2355 887 intelligendum

783 942 866 989 est
901 930 1056 990 illud,
1093 947 1110 978 ι
1148 926 1205 980 In
1243 922 1513 994 principio
1562 927 1683 973 erat
1728 913 2009 968 Verbum?
2050 932 2069 961 ι
2106 908 2162 962 Si
2210 907 2357 962 enim

786 1024 1155 1096 quodcunque
1191 1019 1279 1072 Dei
1336 1014 1573 1068 Verbum
1612 1007 1954 1079 signiﬁcatur
1988 1004 2041 1057 in
2088 1000 2361 1073 principio

786 1116 1074 1175 exsistere,
1107 1111 1338 1163 doceant
1373 1104 1499 1170 ipsi,
1536 1107 1589 1153 et
1636 1114 1736 1152 nos
1772 1108 2048 1165 iungamur
2088 1112 2099 1145 :
2144 1094 2228 1146 sin
2260 1104 2361 1143 au-

787 1217 894 1261 tem
933 1202 1213 1275 praemisso
1259 1196 1491 1249 articulo
1540 1189 1870 1259 evangelista
1930 1200 2093 1238 unum
2128 1190 2181 1236 et
2224 1198 2355 1251 pro-

789 1298 902 1365 prie
931 1292 1201 1347 exsistens
1230 1283 1521 1355 signiﬁcat,
1543 1296 1665 1335 cum
1699 1279 1897 1332 clamat
1924 1293 1936 1329 :
1967 1294 1984 1327 ι
2008 1276 2065 1329 In
2095 1270 2361 1342 principio

786 1363 905 1441 erat
957 1384 1192 1439 Verbum
1221 1417 1235 1441 ,
1286 1380 1313 1430 6
1370 1377 1567 1442 Λόγος,
1615 1370 1742 1441 quid
1774 1369 1973 1423 frustra
2006 1363 2364 1427 contendunt,

790 1479 898 1550 [ιο
946 1474 1088 1529 aliud
1148 1470 1507 1527 inducentes,
1570 1465 1745 1517 solum
1802 1467 1860 1512 ut
1926 1458 1994 1512 de
2056 1454 2365 1512 substantia

794 1546 970 1621 Patris
1020 1563 1215 1617 Filium
1254 1555 1557 1626 dejiciant?
1608 1554 1675 1605 At
1723 1552 1915 1603 horum
1967 1546 2367 1601 absurditatem

790 1661 1151 1715 observantes
1182 1650 1566 1705 liwreticoruut
1608 1644 1971 1698 temeritatem
2001 1637 2254 1693 aversari
2282 1635 2369 1689 de-

792 1752 945 1805 benL

859 1854 1102 1916 ALIUD,
1147 1850 1420 1906 ostendens
1467 1844 1669 1898 Filium
1722 1842 1790 1895 ad
1838 1841 2101 1894 internum
2142 1834 2363 1889 Vcrbvm

793 1969 894 2007 non
923 1947 1168 2010 Ianuari,
1194 1952 1251 1997 ut
1284 1943 1363 1995 illi
1403 1940 1585 1995 aiunt:
1621 1935 1711 1990 sed
1742 1933 2025 2002 imaginem
2059 1944 2171 1983 esse
2196 1928 2362 1994 ipsius

799 2045 999 2098 Patris.
1048 2040 1103 2091 Si
1153 2035 1472 2106 unigenitus
1509 2030 1603 2084 Dei
1654 2028 1824 2081 Filius
1873 2024 2081 2078 idcirco
2124 2021 2365 2075 Verbum

792 2145 877 2189 est
912 2150 974 2185 ac
1018 2135 1264 2189 vocatur,
1302 2135 1359 2179 ut
1402 2123 1479 2175 illi
1529 2119 1754 2177 volunt.
1790 2113 2050 2185 quoniam
2092 2112 2366 2164 internum

798 2226 975 2279 Patris
1019 2220 1256 2276 Verbum
1308 2214 1617 2282 suscipiens
1662 2208 1728 2261 ad
1782 2205 1915 2260 illud
1966 2198 2370 2273 quodammodo

799 2320 1083 2378 formatur,
1126 2308 1316 2381 quidni
1367 2306 1550 2360 dicere
1591 2302 1803 2356 videtur
1860 2296 1980 2352 suis
2028 2291 2317 2361 discipulis
2353 2308 2365 2345 :

799 2407 908 2477 ligo
938 2414 992 2461 ct
1024 2380 1263 2457 Verbum
1290 2395 1474 2451 Patris
1508 2406 1676 2446 unum
1707 2403 1902 2445 sumus
1928 2383 2073 2449 :‘Qui
2102 2380 2239 2437 vidit
2262 2395 2369 2446 me,

798 2497 933 2553 vidit
981 2494 1215 2550 Verbum
1263 2486 1490 2542 Patris?
1537 2484 1673 2539 Cum
1731 2487 1914 2534 autem
1948 2482 2374 2547 praetergressus

797 2587 984 2644 omnia
1040 2586 1281 2653 seipsum
1334 2579 1485 2634 solus
1535 2576 1635 2630 soli
1696 2572 1843 2625 Patri
1897 2567 2188 2632 assimilet,
2223 2563 2374 2619 nullo

799 2683 963 2751 igitur
1004 2675 1329 2732 internicdio
1363 2671 1465 2741 ipsi
1501 2665 1772 2738 genitori,
1808 2670 1862 2717 et
1904 2677 2013 2716 non
2044 2660 2134 2714 alii
2156 2656 2375 2713 cuidam

799 2775 867 2829 ab
900 2788 1017 2843 ipso
1050 2769 1247 2825 siuulis
1277 2764 1450 2818 Filius
1488 2774 1612 2816 esse
1644 2755 1982 2813 censebitur.

1085 3022 1325 3094 Objectio
1358 3034 1419 3073 cx
1450 3015 1606 3069 a’ictis
1636 3010 2087 3067 adversariorum.

872 3124 1050 3177 Alium
1084 3133 1205 3172 esse
1239 3111 1632 3181 comperimus,
1665 3104 1942 3173 inquiunt,
1975 3097 2171 3152 Filium
2204 3094 2271 3148 ab
2298 3092 2382 3147 iu-

805 3225 964 3270 terno
998 3209 1089 3262 Dei
1122 3206 1309 3269 verbo,
1343 3216 1451 3255 non
1484 3204 1675 3251 nostro
1713 3208 1877 3249 sensu
1910 3205 1974 3245 eo
2010 3186 2251 3248 adducti,
2282 3182 2377 3237 sed
2407 3223 2449 3281 ο

804 3307 1002 3360 divina:
1026 3299 1321 3366 Scriptura:
1351 3285 1834 3346 observationibus
1864 3300 1875 3335 :
1906 3280 2039 3350 quid
2063 3276 2210 3332 enim
2233 3275 2381 3329 dice-

805 3412 927 3451 mus
959 3408 1080 3447 Clllll
1118 3387 1316 3443 Filium
1363 3382 1429 3436 ad
1470 3380 1689 3433 Patrem
1730 3375 2001 3429 dicentem
2050 3368 2380 3422 audiemus:

810 3505 829 3539 ι
866 3483 1121 3540 Clarilira
1160 3476 1360 3531 Filium
1410 3482 1602 3534 tuum;
1654 3486 1672 3519 ι
1708 3466 1924 3519 Patrem
1975 3473 2106 3514 vero
2150 3470 2384 3525 respon-

806 3578 1047 3631 dentem,
1079 3586 1139 3623 ac
1185 3569 1501 3621 dicentem:
1539 3580 1555 3611 ι
1596 3560 1661 3613 Et
1687 3551 1986 3611 clariﬂeavi
2012 3591 2025 3615 ,
2081 3556 2135 3604 et
2182 3548 2383 3601 iterum

808 3666 1121 3727 elarilirabo
1153 3664 1252 3715 ⁸⁷.»
1291 3661 1369 3713 An
1403 3672 1511 3709 non
1561 3654 1720 3722 plane
1754 3646 2048 3703 fatebimur
2078 3640 2293 3693 Patrem
2330 3635 2385 3689 in

812 3764 976 3818 verbo
1018 3753 1345 3826 respondere
1388 3745 1562 3801 Filio?
1591 3738 1878 3809 Quomodo
1918 3748 2050 3803 ergo
2098 3744 2207 3785 non
2238 3725 2386 3781 aliud

808 3864 893 3913 est
931 3869 959 3907 a
989 3820 1151 3913 Filio,
1184 3846 1238 3900 id
1274 3858 1371 3914 per
1401 3839 1547 3910 quod
1574 3836 1736 3891 Pater
1764 3830 1901 3884 Filio
1935 3820 2268 3895 respondet?

1070 4023 1242 4078 Varia:
1273 4018 1560 4075 solutiones
1594 4011 1749 4065 istius
1783 4002 2111 4075 objectionis.

885 4115 1290 4173 Admiratione,
1354 4110 1463 4162 imo
1506 4098 1988 4159 commiseratione
2042 4091 2194 4162 digni
2260 4095 2389 4144 sunt

814 4213 967 4281 impii
1017 4204 1281 4265 Ιιξυιριιυί,
1329 4199 1573 4267 illudque
1613 4188 1992 4262 prOpbetieum
2026 4185 2081 4237 in
2110 4182 2256 4251 ipsos
2298 4193 2389 4233 ca-

811 4303 891 4357 dit
918 4322 930 4355 :
964 4318 982 4350 ι
1014 4298 1189 4351 Nolite
1211 4295 1339 4346 (lere
1367 4298 1667 4345 mortuum,
1695 4296 1794 4335 nec
1822 4278 2035 4347 plorato
2063 4273 2245 4341 ipsum
2269 4269 2338 4321 ⁸⁸.
2364 4287 2382 4319 ι

816 4393 963 4449 Flete
998 4401 1047 4446 et
1077 4390 1289 4458 plorate
1321 4396 1445 4436 eum
1472 4377 1565 4448 qui
1610 4374 1739 4428 talia
1764 4371 1830 4425 de
1882 4364 2177 4435 Unigenito
2224 4368 2390 4417 sentit

816 4501 877 4540 ac
915 4484 1068 4537 dicit.
1103 4476 1244 4543 Quid
1274 4474 1419 4529 enim
1461 4477 1544 4524 est
1591 4466 1677 4521 bis
1708 4459 2103 4521 miserabilius,
2151 4455 2195 4509 si
2246 4454 2386 4506 lianc

815 4591 938 4631 esse
1000 4570 1218 4641 proprie
1272 4572 1327 4619 et
1384 4575 1514 4615 vere
1570 4555 1753 4610 Patris
1804 4564 1995 4605 vocem
2048 4546 2381 4607 existiment,
2417 4557 2461 4611 ι)

817 4680 980 4737 quam
1035 4638 1144 4716 non
1205 4657 1383 4711 solum
1436 4649 1716 4713 Salvator,
1749 4644 1844 4700 sed
1889 4650 1944 4697 et
1991 4639 2110 4709 ipsa
2147 4638 2387 4691 circum-

818 4756 1077 4813 stantium
1120 4749 1428 4804 Judaeorum
1456 4738 1775 4801 multitudo,
1810 4734 2053 4801 adeoque
2085 4728 2386 4797 discipulo-

820 4863 939 4902 rum
1000 4843 1206 4897 chorus
1236 4833 1452 4890 audiit?
1512 4830 1804 4885 Praestaret
1866 4823 2011 4876 enim
2060 4834 2154 4873 eos
2220 4816 2381 4869 aliter

820 4940 887 4993 de
917 4933 1118 4991 divinis
1181 4921 1555 5000 prierogativis
1616 4911 1976 4975 ratiocinari,
2028 4920 2205 4975 neque
2277 4918 2377 4957 uo-

819 5031 951 5085 stris
982 5042 1045 5081 ea
1087 5022 1358 5089 subjicere
1400 5011 1651 5083 legibus,
1692 5020 1813 5076 quas
1873 5014 2037 5069 supra
2085 5012 2184 5051 nos
2237 5002 2386 5050 sunt.

818 5118 1080 5189 Corporis
1109 5113 1249 5169 enim
1282 5110 1527 5164 auditum
1565 5113 1826 5169 corporea
1859 5111 1958 5148 vox
1990 5090 2093 5162 41
2127 5089 2307 5159 pulsat
2336 5094 2390 5141 et

821 5204 1109 5267 labiorum“
1160 5218 1330 5261 sonus
1388 5210 1686 5265 erumpens
1742 5194 1793 5244 in
1853 5201 2067 5247 aerem.
2126 5189 2219 5235 aut
2282 5179 2390 5234 alio

821 5304 1058 5377 quodam
1114 5298 1483 5351 instrumento
1541 5288 1740 5343 editus.
1795 5280 1972 5333 Patris
2054 5284 2237 5328 autem
2291 5286 2388 5325 vo-

824 5364 1087 5449 luntatem
1130 5402 1249 5457 quae
1288 5385 1343 5439 in
1395 5378 1626 5433 vocibus
1676 5368 2041 5427 ineil‘abilibus
2096 5364 2293 5417 leuiter
2327 5376 2391 5415 ac

821 5484 963 5535 velut
999 5482 1053 5533 in
1088 5455 1269 5530 mente
1300 5482 1583 5529 versatur,
1632 5464 1783 5519 solus
1811 5459 1960 5514 novit
1994 5456 2048 5509 iu
2082 5455 2200 5525 ipso
2230 5461 2388 5507 natu-

825 5577 1009 5629 rali.er
1050 5570 1324 5625 essisteus
1364 5563 1562 5621 Filius.
1625 5564 1809 5625 utpote
1862 5550 2125 5620 sapientia
2173 5546 2295 5615 ejus
2319 5545 2387 5599 ⁸⁸.

830 5666 973 5721 Voce
1006 5676 1130 5717 veru
1153 5664 1266 5715 ictu
1296 5657 1438 5711 aeris
1465 5649 1801 5707 conformata
1826 5642 2049 5698 credere
2087 5638 2254 5692 Deum
2288 5636 2387 5697 uti,

930 5869 971 5895 ¹’
1004 5864 1159 5920 Joau.
1200 5876 1297 5915 III.
1330 5861 1417 5912 ‘28.

2459 536 2598 583 που,
2625 520 2696 579 ὡς
2728 552 2774 568 ς,
2838 516 3174 586 ,λοχισμένον
3201 512 3311 567 ἀπὸ
3346 512 3623 585 μυριάδων
3650 509 3842 565 ἐαυτὸν
3873 529 4043 566 κατα-

2462 611 2738 680 σημαίνει.
2768 610 2970 661 Τοῦτον
3008 607 3242 676 ἐχόντων
3271 607 3378 659 τῶν
3424 606 3703 674 ὀνομάτων
3736 606 3827 656 τὸν
3873 603 4043 657 τύπον

2462 702 2613 771 παρά
2649 703 2714 769 τῇ
2743 699 2863 769 θείᾳ
2890 699 3080 769 Γραφῇ
3108 740 3123 763 ,
3156 697 3272 759 πῶς
3295 698 3403 767 ἄρα
3435 696 3702 765 προσήκει
3730 697 3917 763 νοῆσαι
3959 695 4042 758 τὸ,

2467 812 2484 843 ι
2528 794 2615 845 Ἐν
2647 792 2791 861 ἀρχῇ
2812 786 2881 859 ἦν
2907 791 2936 841 6
2960 790 3133 857 Λόγος
3158 804 3172 852 ;
3199 806 3217 837 ι
3254 787 3318 840 Εἰ
3350 786 3449 856 μὲν
3480 785 3590 854 γὰρ
3617 786 3723 846 πᾶς
3752 783 3912 851 λόγος
3949 784 4041 835 τοῦ

2461 884 2596 937 Θεοῦ
2624 883 2712 935 διὰ
2756 880 2949 935 τούτου
2980 879 3340 950 σημαίνεται,
3374 877 3449 940 ὡς
3490 876 3750 945 ὑπάρχων
3789 876 3845 925 ἐν
3874 876 4041 944 ἀρχῇ,

2461 974 2826 1028 δεικνύτωσαν
2855 970 3031 1036 αὐτοὶ,
3066 971 3161 1024 καὶ
3194 968 3469 1041 ληροῦμεν
3492 971 3655 1039 ἡμεῖς
3678 984 3690 995 ·
3733 969 3780 1019 εἰ
3815 968 3871 1019 δὲ
3907 983 4043 1035 προ-

2462 1067 2633 1132 τάξας
2658 1065 2722 1118 τὸ
2746 1064 2949 1135 ἄρθρον
2978 1064 3007 1115 6
3033 1061 3452 1131 εὑαγγελιστὴς,
3484 1061 3560 1121 ὡς
3596 1060 3689 1111 Eva
3718 1058 3810 1111 καὶ
3839 1057 4043 1127 κυρίως

2463 1160 2593 1211 ὄντα
2644 1157 2899 1227 σημαίνει
2922 1195 2937 1221 ,
2987 1155 3125 1225 βοῶν
3168 1174 3187 1206 ι
3226 1156 3313 1207 Ἐν
3345 1155 3487 1225 ἀρχῇ
3532 1150 3597 1224 ἦν
3642 1154 3671 1204 6
3705 1151 3910 1217 Λόγος·
3942 1168 3961 1198 ι
3994 1148 4045 1199 τί

2468 1250 2647 1320 μάτην
2671 1247 3070 1317 φιλονεικοῦσιν
3112 1245 3299 1316 ἕτερον
3330 1244 3746 1314 ἐπεισφέροντες
3768 1282 3783 1306 ,
3827 1242 3916 1294 ἵνα
3948 1240 4045 1309 μό-

2465 1358 2555 1393 νον
2602 1340 2931 1408 ἐκπέμπωσι
2978 1341 3077 1409 τῆς
3108 1337 3295 1399 οὐσίας
3341 1335 3437 1388 τοῦ
3487 1335 3699 1403 Πατρὸς
3746 1332 3839 1385 τὸν
3870 1332 4041 1393 Υἱόν;

2479 1432 2825 1495 Ἐννοοῦντας
2865 1431 2921 1484 δὲ
2960 1430 3022 1482 τὸ
3065 1430 3158 1482 ἐπὶ
3186 1430 3397 1490 τούτοις
3426 1428 3624 1481 ἄτοπον
3661 1422 4047 1494 παραιτεῖσθαι

2468 1526 2738 1596 προσήκει
2767 1523 2866 1594 τὴν
2898 1524 3006 1577 τῶν
3037 1520 3488 1592 ἐτεροδοξούντων
3519 1518 3795 1572 ἀϐουλίαν.

2538 1782 2742 1845 AAAO,
2769 1779 3048 1833 δεικνύον
3066 1778 3268 1848 ὅτιπερ
3295 1780 3367 1832 οὺ
3398 1776 3549 1831 κατὰ
3573 1776 3679 1829 τὸν
3702 1774 4049 1829 ἐνδιάθετον

2397 1892 2436 1944 Β
2467 1873 2680 1940 Λόγον,
2708 1871 2792 1936 ὠς
2823 1870 3043 1923 ἐκεῖνοί
3080 1884 3263 1938 φασι,
3288 1865 3619 1937 μορφοῦται
3644 1868 3677 1918 ό
3711 1865 3873 1929 Υἱός,
3909 1865 4047 1918 ἀλλ’

2470 1962 2646 2018 εἰκών
2672 1963 2842 2015 ἐστιν
2880 1960 3067 2015 αὑτοῦ
3100 1961 3208 2014 τοῦ
3238 1960 3489 2027 Πατρός.
3529 1958 3591 2010 Εἰ
3630 1955 3716 2009 διὰ
3744 1955 3905 2009 τοῦτο
3947 1955 4052 2008 Λόο

2470 2073 2563 2123 γος
2587 2054 2703 2106 ἐστί
2746 2071 2805 2106 τε
2855 2054 2949 2106 καὶ
2978 2052 3309 2121 ὀνομάζεται
3350 2052 3470 2104 κατ’
3495 2050 3736 2114 ἐκείνους
3761 2051 3788 2102 6
3824 2066 4054 2119 μονογε-

2471 2150 2568 2215 νὴς
2596 2146 2723 2209 Υἱὸς
2744 2145 2837 2197 τοῦ
2868 2143 3025 2209 Θεοῦ,
3057 2144 3226 2215 ὁτιδὴ
3260 2144 3350 2196 τὸν
3380 2142 3683 2195 ἐνδιάθετον
3713 2142 3805 2194 τοῦ
3836 2143 4056 2211 Πατρὸς

2470 2236 2760 2306 δεχόμενος
2789 2235 2983 2303 Λόγον,
3010 2235 3172 2288 οἱονεὶ
3205 2232 3505 2305 μορφοῦται
3540 2232 3675 2303 πρὸς
3715 2235 3921 2285 ἐκεῖνον
3943 2270 3960 2295 ,
4006 2232 4059 2283 τί

2475 2328 2551 2399 μὴ
2601 2326 2778 2397 λέγων
2815 2329 3009 2400 ὁρᾶται
3040 2326 3179 2399 πρὸς
3211 2327 3336 2389 τοὺς
3365 2325 3557 2379 ἐαυτοῦ
3590 2326 3859 2395 μαθητάς·
3912 2326 4060 2393 Ἐγὼ

2474 2421 2567 2474 καὶ
2596 2422 2623 2474 ὁ
2668 2418 2840 2489 Λόγος
2872 2418 2967 2472 τοῦ
3002 2418 3214 2489 Πατρός
3236 2418 3294 2471 ἓν
3324 2419 3490 2488 ἐσμεν
3510 2457 3525 2481 ,
3575 2420 3604 2471 6
3635 2416 3896 2487 ἑωρακὼς
3933 2419 4057 2487 ἐμὲ,

2475 2511 2687 2582 ἑώρακε
2737 2513 2829 2566 τὸν
2862 2512 3034 2580 Λόγον
3084 2510 3174 2564 τοῦ
3212 2511 3461 2581 Πατρός;
3506 2509 3722 2580 Ἐπειδὴ
3768 2510 3825 2561 δὲ
3877 2511 4061 2563 πάντα

2477 2604 2719 2675 ὑπερϐάς
2747 2602 2939 2657 ἐαυτὸν
2962 2602 3200 2673 ἐξομοιοῖ
3236 2604 3381 2671 μόνῳ
3413 2602 3571 2672 μόνος
3609 2600 3687 2670 τῷ
3724 2602 3933 2672 Πατρὶ,
3970 2604 4062 2654 οὐ·

2476 2697 2622 2758 δενὸς
2653 2696 2762 2765 ἄρα
2801 2695 2967 2765 μέσου
3001 2694 3302 2765 χωροῦντος
3337 2693 3434 2763 τὴν
3467 2692 3725 2763 ὁμοίωσιν
3747 2734 3762 2759 ,
3799 2693 3951 2762 αὑτῷ
3982 2694 4063 2764 τῷ

2475 2788 2783 2857 γεννήτορι,
2810 2785 2906 2839 καὶ
2934 2785 3031 2853 οὐχ
3054 2785 3225 2854 ἑτέρῳ
3252 2783 3355 2836 τινί
3382 2784 3510 2853 παρ’
3536 2782 3699 2835 αὑτὸν
3722 2782 4064 2852 προσεοικὼς

2477 2881 2506 2933 6
2544 2880 2669 2942 Υἱὸς
2693 2878 3037 2949 νοηθήσεταιμ

2704 2968 3057 3033 Ἀντίθεσις,
3096 2967 3177 3032 ὠς
3202 2968 3269 3021 ἐκ
3298 2967 3416 3021 τῶν
3433 2966 3508 3021 δι’
3541 2968 3842 3034 ἐναντίας.

2555 3064 2780 3132 Ἕτερον
2814 3060 2962 3122 ὄντα,
2991 3058 3148 3129 φησὶ,
3186 3059 3275 3111 τὸν
3311 3060 3437 3112 Υίὸν
3463 3060 3612 3130 παρὰ
3636 3061 3726 3112 τὸν
3750 3058 4065 3113 ἐνδιάθετον

2479 3154 2574 3209 τοῦ
2605 3154 2739 3207 Θεοῦ
2767 3153 2937 3220 Λόγον
2960 3152 3308 3221 εὑρίσκομεν,
3341 3153 3402 3204 οὐ
3432 3155 3552 3214 ταῖς
3582 3151 3789 3204 ἑαυτῶν
3828 3152 4064 3213 ἐννοίαις

2482 3249 2559 3308 εἰς
2586 3244 2744 3298 τοῦτο
2769 3243 3154 3312 προσέχοντες,
3184 3242 3319 3295 ἀλλὰ
3347 3244 3458 3305 τοῖς
3484 3243 3591 3295 ἀπὸ
3613 3242 3712 3310 τῆς
3741 3242 3888 3304 θείας
3915 3242 4064 3310 Γρα-

2484 3339 2592 3407 φῆς
2625 3336 2943 3405 θεωρήμασι
2969 3350 2983 3363 ο
3036 3333 3089 3384 τί
3138 3333 3245 3403 γάρ
3295 3332 3528 3404 ἐροῦμεν
3571 3334 3700 3386 ὅταν
3732 3331 4067 3401 ἀκούσωμεν

2482 3429 2730 3494 λέγοντος
2759 3427 2851 3480 τοῦ
2891 3428 3022 3481 Υίοῦ
3067 3426 3201 3494 πρὸς
3229 3424 3317 3477 τὸν
3343 3424 3579 3493 Πατέρα⁹
3642 3442 3662 3475 ι
3696 3423 3933 3488 Δόξασόν
3968 3439 4066 3474 σου

2483 3518 2572 3571 τὸν
2604 3518 2730 3571 Υἰόν
2757 3536 2769 3548 ·
2802 3536 2821 3568 ι
2854 3516 2949 3570 τοῦ
2972 3519 3029 3571 δέ
3056 3517 3265 3586 Πατρὸς
3295 3510 3362 3568 αὖ
3404 3514 3565 3568 πάλιν
3598 3512 4064 3582 ἀποκρινομένου,

2484 3609 2579 3661 καὶ
2628 3610 2876 3677 λέγοντος
2900 3624 2916 3639 ⁸
2962 3609 3101 3662 (Καὶ
3133 3608 3361 3671 ἐδόξασα
3385 3645 3399 3669 ,
3435 3606 3529 3659 καὶ
3562 3603 3720 3657 πάλιν
3748 3601 3964 3666 δοξάσω
3990 3620 4007 3668 ;
4042 3621 4062 3652 ι

2484 3697 2629 3771 *Λρα
2662 3702 2783 3771 οὐχὶ
2834 3702 3052 3765 πάντως
3096 3702 3153 3753 ἐν
3180 3698 3339 3767 Λόγῳ
3384 3696 3626 3766 δώσομεν
3674 3694 4071 3761 ἀπολογεῖσθαι

2485 3797 2561 3865 τῷ
2594 3798 2704 3865 Υἰιξ)
2741 3795 2830 3850 τὸν
2858 3796 3115 3866 Πατέρα;
3160 3792 3285 3856 Πιῖις
3312 3787 3403 3846 οὖν
3433 3790 3529 3859 οὐχ
3572 3790 3757 3859 ἕτερος
3786 3788 3939 3859 παρᾶ
3972 3789 4068 3841 τὸν

2492 3890 2618 3940 Υἱὸν
2652 3891 2681 3940 6
2710 3890 2774 3939 δι’
2806 3882 2866 3939 οῦ
2898 3888 3034 3957 πρὸς
3061 3886 3223 3938 αὑτὸν
3259 3887 3287 3937 6
3322 3883 3511 3953 Πατὴρ
3543 3881 3967 3950 ἀντιφθέγγεται
4001 3898 4015 3943 ;

2686 3980 2842 4047 Πρὸς
2866 3979 3041 4032 τοῦτο
3068 3978 3277 4042 λύσεις
3308 3973 3529 4043 ἐφεξῆς
3556 3972 3845 4040 διάφοροι.

2570 4072 3003 4141 ’Λποθαυμάζειν
3037 4071 3184 4136 ἄξιον
3207 4108 3222 4133 ,
3272 4067 3469 4137 μᾶλλον
3497 4066 3553 4117 ἃ
3598 4065 3697 4134 ἤδη
3744 4064 3841 4115 καὶ.
3866 4063 4068 4130 όλοςρύ-

2493 4162 2681 4234 ρεσθαι
2712 4163 2837 4226 τοὺς
2874 4162 3125 4223 ἀνοσίους
3163 4158 3473 4229 αἱρετικοὺς
3496 4196 3511 4221 ,
3554 4156 3649 4208 καὶ
3679 4156 3742 4224 δὴ
3793 4153 3805 4225 Ι
3833 4155 3907 4207 al.
3943 4153 4068 4225 δεῖ]

2489 4258 2709 4309 κάκεῖνο
2737 4254 2916 4321 λέγειν
2958 4252 3043 4304 ἐπ’
3084 4252 3265 4313 αὐτοῖς
3309 4250 3370 4302 τὸ
3406 4252 3463 4301 ἐν
3500 4248 3750 4317 προφήτῃ
3793 4244 4072 4315 λαλούμε-

2490 4365 2614 4400 νον·
2671 4346 2805 4414 «Μὴ
2853 4344 3066 4396 κλαίετε
3121 4344 3212 4395 τὸν
3260 4339 3595 4409 τεθνηκότα,
3638 4337 3772 4407 μηδὲ
3812 4336 4070 4407 θρηνεῖτε

2488 4438 2670 4492 αὐτόν.
2713 4454 2733 4487 ι
2796 4434 3084 4489 κλαύσατε
3132 4430 3395 4501 κλαυθμῷ
3430 4429 3521 4482 τὸν
3559 4428 3628 4480 τὰ
3669 4426 3893 4479 τοιαῦτα
3935 4429 4073 4495 περὶ

2488 4531 2581 4584 τοῦ
2620 4528 2957 4595 Μονογενοῦς
3020 4525 3321 4597 φρονοῦντα
3383 4523 3477 4575 καὶ⁵
3530 4521 3757 4588 λέγοντα
3784 4536 3799 4549 ·
3846 4519 3900 4571 τί
3959 4520 4070 4588 γὰρ

2492 4622 2559 4675 ἂν
2588 4623 2798 4691 γένοιτο
2838 4620 2947 4672 τῶν
2986 4617 3238 4669 τοιούτων
3275 4612 3621 4678 ἀθλιώτερον,
3670 4609 3724 4662 εῐ
3751 4626 3813 4676 γε
3857 4608 4071 4677 κυρίως

2489 4733 2561 4768 τε·
2580 4716 2675 4769 καὶ
2708 4712 2922 4781 άληθῶς
2946 4710 3149 4777 ταύτην
3178 4703 3314 4760 εἶναι
3341 4705 3433 4758 τοῦ
3481 4704 3689 4773 Πατρὸς
3714 4701 4072 4753 ὑπετόπασαν

2487 4807 2587 4876 τὴν
2621 4804 2803 4874 φωνὴν
2828 4844 2841 4866 ,
2876 4798 2942 4873 ἦς
2975 4801 3035 4853 οὒ
3091 4800 3248 4869 μόνος
3279 4797 3583 4865 ἐπήκουσεν
3616 4796 3643 4846 ὁ
3667 4792 3859 4861 Σωτὴρ
3879 4829 3893 4853 ,
3929 4789 4075 4842 ἀλλά

2491 4898 2587 4951 καὶ
2617 4895 2754 4964 αὑτὴ
2778 4894 2886 4947 τῶν
2927 4890 3192 4945 Ἰουδαίων
3223 4890 3256 4957 ἡ
3286 4885 3625 4958 περιεστῶτα
3653 4881 3885 4952 πληθὺς,
3926 4880 4043 4950 μᾶλ
4064 4910 4075 4918 -

2496 4990 2587 5041 λον
2630 4987 2686 5040 δὲ
2737 4986 2846 5038 τῶν
2896 4983 3065 5050 ἁγίων
3129 4978 3385 5050 μαθητῶν
3440 4978 3469 5028 6
3515 4973 3705 5044 χορός;
3758 4972 3907 5024 Ἔδει
3960 4970 4077 5040 γὰρ

2500 5079 2702 5148 μᾶλλον
2732 5075 2926 5135 αὐτοὺς
2949 5072 3016 5124 τά
3047 5068 3324 5138 θεοπρεπῆ
3354 5063 3715 5133 φαντάζεσθαι
3747 5060 4084 5128 πλεονεκτή-

2501 5187 2667 5241 ματα,
2702 5169 2797 5221 καὶ
2838 5166 2911 5236 μὴ
2938 5166 3048 5226 τοῖς
3078 5161 3197 5215 καθ’
3222 5161 3371 5229 ἡμᾶς
3397 5157 3581 5226 νόμοις
3607 5153 3838 5219 ὑπάγειν
3856 5153 4075 5221 ἀπειρεὶ-

2500 5263 2623 5316 σθαι
2668 5259 2739 5313 τά
2770 5258 2910 5327 ὑπὲρ
2956 5255 3124 5325 ἡμᾶς.
3154 5253 3267 5322 Τὴν
3322 5250 3420 5319 μὲν
3449 5248 3557 5316 γὰρ
3596 5244 3848 5313 σώματος
3897 5244 4078 5312 ἀκοὴν

2500 5349 2787 5422 σωματικὴ
2847 5346 3219 5417 προσαράσσει
3256 5341 3442 5411 φωνὴ,
3491 5338 3584 5392 καὶ
3638 5336 3844 5396 κτύπος
3901 5336 3932 5387 6
3984 5334 4078 5386 διά

2499 5445 2720 5514 χειλέων
2761 5443 2840 5503 εἰς
2880 5440 3017 5509 ἀέρα
3054 5435 3377 5507 προκύψας,
3422 5433 3456 5501 ἦ
3511 5430 3598 5483 διά
3641 5443 3784 5489 τινος
3822 5424 4078 5495 μηχανῆς

2499 5540 2693 5609 ἐτέρας
2716 5534 3041 5603 ἐπινοηθείς.
3068 5531 3179 5599 Τὴν
3203 5530 3256 5582 δὲ
3282 5530 3337 5579 ἐν
3360 5526 3615 5596 ἀρρήτοις
3637 5521 3840 5590 φωναῖς
3861 5518 4079 5589 ἠρέμα,

2500 5633 2593 5685 καὶ
2632 5628 2789 5682 οἱονεὶ
2844 5626 2984 5679 κατὰ
3048 5623 3170 5675 νοῦν
3234 5618 3606 5691 στρεφομένην
3666 5612 3924 5683 ﬁctili-.63
3978 5608 4080 5662 τοῦ

1525 5856 1569 5887 ⁸⁸
1600 5851 1706 5907 Jcr.
1744 5863 1874 5911 nn,
1912 5844 1990 5898 10.
2055 5845 2097 5873 ’⁸
2123 5842 2139 5894 ι
2165 5841 2292 5897 Cor.
2326 5855 2363 5908 ι,
2395 5837 2485 5891 il.
