4214 6502
259 329 333 384 73
1348 341 1416 397 IN
1445 342 1726 400 JOANNIS
1766 347 2216 410 EVANGELIUM
2253 357 2379 414 LIB.
2414 360 2456 414 Ι.
3468 381 3531 436 τι

256 444 508 515 Πατρὶς,
547 446 708 516 μόνος
748 443 890 502 οἶδεν
942 450 1002 504 ἑν
1030 450 1182 523 αὐτῷ
1215 456 1463 522 φυσικῶς
1519 458 1781 530 ὑπάρχων

256 533 385 563 νιλ-
411 533 487 563 θ.-
518 537 675 563 --.-!..
719 538 882 563 -.'._-.'.
930 541 1081 563 1.-.”:
1122 542 1169 563 ιιι
1206 547 1259 563 ,9.
1297 544 1321 563 α
1355 546 1366 563 ι
1451 562 1457 563 ,
1488 547 1499 560 ο
1783 551 1803 563 α

1908 465 2243 525 ,ιώειιτόυηι
2285 471 2443 539 plane
2479 484 2595 539 est,
2645 481 2919 550 siquidem
2969 493 3224 553 putamus
3261 507 3531 563 supremae

255 533 385 595 Υἱὸς
411 533 487 598 ὡς
516 537 678 604 σοφία
716 538 905 593 αὑτοῦ.
930 541 1085 611 Φωνῇ
1117 542 1172 596 δὲ
1199 547 1263 615 τῇ
1292 544 1380 599 διὰ
1404 547 1612 601 κτύπου
1646 551 1842 621 κεχρῆ-

252 624 380 677 σθαι
435 627 526 679 τὸν
573 628 704 682 Θεὸν
756 631 1194 703 ὑπολαμϐάνειν,
1222 638 1503 702 παντελῶς
1550 642 1837 707 ἀπίθανον,

247 718 408 789 εἰπερ
442 720 667 790 οἰόμεθα
706 722 818 776 δεῖν
842 724 1149 791 ἀποσώζειν
1190 730 1257 799 τῇ
1286 730 1427 801 ὑπὲρ
1458 733 1634 786 πάντα
1677 734 1837 803 φύσει

243 809 313 862 τά
350 810 495 881 ὑπὲρ
529 812 629 884 τὴν
660 815 859 868 κτίσιν.
902 818 1114 882 ’Ἄλλως
1143 836 1203 872 τε
1242 822 1335 874 καὶ
1373 822 1536 886 αὐτὸς
1572 827 1602 877 ό
1633 825 1837 892 Κύριος

242 901 406 971 ἡμῶν
455 904 662 974 Ἰησοῦς
692 909 718 959 6
748 909 981 978 Χριστὸς
1013 913 1115 965 οὐκ
1144 912 1249 983 ἔφη
1282 916 1419 988 αὑτὴ
1480 918 1664 987 φωνὴν
1696 915 1835 973 εἶναι

239 994 336 1046 τοῦ
386 995 524 1049 Θεοῦ
593 999 686 1052 καὶ
743 1001 992 1072 Πατρὸς,
1034 1004 1151 1057 ἀλλ’
1182 1004 1303 1060 οὐδὲ
1342 1008 1441 1077 τῆς
1484 1013 1617 1081 παρ’
1645 1011 1833 1081 ἑτέρου

237 1084 500 1156 δεόμενον
542 1089 840 1161 ἑρμηνείας
898 1095 1036 1166 πρὸς
1088 1096 1150 1150 τὸ
1194 1098 1456 1154 δύνασθαι
1506 1102 1697 1169 μαθεῖν
1733 1104 1832 1174 τὴν

236 1177 336 1231 τοῦ
377 1180 589 1252 Πατρδς
626 1182 883 1253 βούλησιν
908 1188 1101 1241 ἑαυτὸν
1133 1190 1466 1247 ἐπιδεικνύει
1496 1189 1691 1263 λὲγων·
1724 1199 1827 1250 «ού

235 1268 305 1320 δι’
343 1271 445 1340 ἐμὲ
491 1274 522 1341 ἡ
562 1275 711 1344 φωνὴ
743 1275 881 1346 αὕτη
905 1278 1120 1346 γέγονε,
1150 1280 1286 1334 ἀλλά
1310 1282 1376 1334 δι’
1408 1283 1552 1352 ὑμᾶς
1580 1299 1593 1312 ·
1634 1304 1650 1336 ι
1691 1287 1829 1354 χρῆν

234 1360 292 1413 δέ
316 1378 404 1429 γε,
439 1357 485 1416 ὦ
517 1364 807 1432 βέλτιστοι,
844 1369 1044 1439 μᾶλλον
1099 1373 1273 1425 εἰπεῖν
1294 1413 1307 1435 ,
1358 1375 1411 1427 ετ
1455 1391 1515 1443 γε
1541 1376 1723 1441 καλῶς
1760 1379 1826 1431 τά

234 1450 466 1505 τοιαῦτα
493 1456 621 1524 περὶ⁵
655 1456 789 1509 Θεοῦ
822 1456 1072 1523 δοξάζετε
1096 1479 1109 1493 ·
1152 1483 1170 1515 ‹
1209 1463 1508 1517 Ἠκούσατε
1543 1468 1659 1536 μετ’
1688 1469 1825 1536 ἐμοῦ

232 1542 333 1611 τῆς
366 1547 549 1615 φωνῆς
574 1549 664 1600 τοῦ
701 1552 912 1620 Πατρός
938 1569 949 1580 ·
977 1572 995 1604 ι
1029 1555 1146 1606 νυνὶ
1170 1556 1224 1607 δὲ
1256 1558 1334 1617 εἰς
1369 1558 1478 1609 πᾶν
1516 1560 1825 1614 τούναντίον

230 1636 571 1705 περιτρέψας
602 1640 660 1691 τὸ
688 1641 1019 1711 δηλούμενον
1044 1685 1057 1707 ,
1093 1645 1217 1697 οὗτε
1269 1651 1453 1719 φωνῆς
1496 1651 1688 1703 ἑαυτὸν
1730 1653 1820 1706 δε-

226 1724 454 1794 δεῆσθαι
490 1732 916 1800 προσομολογεῖ,
949 1736 1277 1807 γεγενῆσθαι
1312 1739 1367 1791 δὲ
1425 1742 1623 1809 μᾶλλον
1659 1745 1820 1798 αὑτὸν

1942 555 2191 609 omnium
2235 567 2443 616 naturae
2482 579 2545 618 ea
2578 570 2844 623 servanda
2884 587 3010 628 esse
3044 591 3166 642 quae.
3202 592 3330 637 sunt
3362 598 3524 653 supra

1942 657 2277 703 creaturam.
2316 654 2574 723 Alioquin
2628 658 2744 728 ipse
2776 678 2994 733 quoque
3041 665 3305 728 Dominus
3341 684 3530 731 noster

1937 735 2098 793 Jesus
2125 739 2380 798 Christus
2424 762 2529 800 non
2563 749 2700 804 dixit
2737 752 2911 822 ipsam
2948 772 3135 813 vocem
3165 778 3291 818 esse
3334 763 3429 821 Dei
3459 782 3524 822 ac

1938 827 2142 894 Patris,
2176 836 2271 888 sed
2305 851 2482 905 neque
2505 840 2731 897 alterius
2764 845 3213 917 interpretatione
3243 858 3348 911 sibi
3381 874 3523 929 opus

1934 937 2057 976 esse
2103 926 2169 979 ad
2225 929 2631 999 percipiendam
2669 934 2849 993 Patris
2889 942 3219 1002 voluntatem
3254 926 3519 1018 ostendit,

1933 1014 2121 1071 dicens
2151 1036 2164 1070 :
2205 1037 2221 1067 ε
2258 1017 2375 1074 Non
2410 1032 2630 1094 propter
2663 1044 2746 1084 me
2772 1031 2886 1087 inec
2921 1051 3021 1090 vox
3063 1038 3231 1105 venit,
3264 1043 3361 1096 sed
3394 1059 3520 1113 pro-

1935 1114 2054 1174 pter
2085 1125 2187 1166 vos
2209 1113 2275 1166 ⁹¹.
2304 1133 2321 1165 ι
2348 1113 2536 1172 Dicere
2570 1120 2774 1191 quippe
2803 1124 3024 1183 deberet
3052 1132 3264 1199 potius,
3305 1152 3338 1189 υ
3365 1136 3517 1200 boni,

1932 1198 1977 1251 si
2009 1210 2157 1256 recta
2188 1213 2272 1257 est
2306 1205 2395 1260 illa
2426 1218 2606 1264 vestra
2644 1214 2711 1267 de
2733 1212 2843 1270 Deo
2873 1198 3144 1276 sententia
3172 1242 3185 1278 :
3214 1240 3235 1277 ι
3265 1226 3517 1285 Audistis

1932 1305 2141 1345 meeum
2191 1311 2380 1351 vocem
2420 1298 2632 1369 Patris;
2676 1325 2693 1357 ι
2750 1323 2896 1363 nunc
2943 1323 3121 1367 autem
3176 1322 3513 1377 contrariqu

1929 1383 2089 1451 plane
2112 1386 2453 1456 signiﬁcans,
2484 1409 2663 1465 neque
2694 1398 2797 1453 sibi
2827 1417 2966 1471 opus
2998 1405 3168 1462 fuisse
3194 1424 3326 1465 voce
3344 1419 3515 1467 testa-

1927 1484 2053 1542 tur,
2090 1481 2185 1534 sed
2214 1496 2332 1535 eam
2364 1487 2547 1553 potius
2590 1500 2810 1561 propter
2841 1495 2963 1553 illos
3001 1498 3200 1556 factam
3232 1519 3356 1560 esse
3377 1521 3511 1561 con-

1928 1569 2106 1624 ﬁrmat
2130 1617 2143 1637 ,
2201 1591 2312 1630 non
2342 1580 2607 1647 prolatam
2666 1586 2834 1641 fuisse
2868 1604 2898 1642 a
2930 1590 3121 1661 Patre,
3179 1595 3276 1651 sed
3311 1597 3512 1654 fartam

1922 1676 2046 1717 esse
2076 1668 2241 1719 etiam
2280 1681 2504 1740 propter
2538 1674 2677 1730 illos.
2736 1677 2891 1743 Quod
2914 1682 2957 1736 si
2983 1686 3167 1739 omnia
3204 1703 3299 1756 per
3330 1690 3510 1758 ipsum

1921 1768 2181 1823 operatur
2202 1757 2345 1815 Deus
2382 1778 2444 1815 ac
2473 1763 2633 1820 Pater
2655 1769 2721 1834 θ’,
2762 1787 2857 1839 per
2885 1772 3063 1843 ipsum
3102 1778 3313 1847 utique,
3345 1783 3509 1837 etiam

227 1813 350 1886 [Ῐσ.
386 1820 595 1894 αὐτὴν]
626 1823 693 1875 δι’
748 1825 991 1890 ὲκείνους
1025 1828 1451 1900 διισχυρίζεται,
1498 1835 1597 1886 οὐκ
1648 1838 1803 1889 ἐκπε-

227 1910 509 1934 .-.....‘!-lt-._
547 1931 613 1934 -.ν
640 1915 681 1934 .9
808 1918 833 1928 ο
884 1920 925 1934 ΙΙ
1040 1920 1052 1934 ι
1172 1923 1243 1934 ..ς
1272 1923 1280 1934 ι
1445 1927 1454 1934 .
1500 1926 1519 1934 ..
1698 1930 1706 1934 -
1755 1929 1771 1934 -

1960 1813 1972 1823 '
2328 1813 2338 1815 ἡ
2387 1813 2440 1815 --_
2473 1813 2492 1816 _
2517 1813 2623 1820 ..-ν-
2708 1813 2721 1834 ,
2763 1813 2845 1839 γυ.
2885 1813 3063 1843 ιγουιιι
3103 1813 3313 1847 ιιιιιιυυ,
3345 1813 3508 1837 cucull

1924 1845 2071 1900 istud
2105 1848 2309 1905 factum
2346 1864 2466 1920 est,
2505 1858 2613 1911 imo
2644 1876 2775 1915 vero
2806 1864 2921 1933 ipse
2951 1882 3052 1921 vox
3084 1879 3234 1934 erat,
3262 1884 3369 1926 non
3403 1874 3508 1928 sibi

224 1910 513 1979 φωνῆσθαι
543 1915 693 1985 παρὰ
740 1918 835 1969 τοῦ
882 1920 1095 1989 Πατρὸς
1117 1963 1131 1985 ,
1160 1923 1293 1976 ἀλλὰ
1332 1926 1585 1991 γενέσθαι
1625 1930 1718 1981 καὶ
1749 1929 1818 1982 δι’

221 2001 491 2067 ἐκείνους.
527 2007 635 2061 Καὶ
671 2011 719 2061 εί
753 2010 927 2063 πάντα
958 2013 1027 2065 δι’
1054 2014 1218 2067 αὐτοῦ
1249 2018 1275 2068 ὁ
1301 2017 1434 2082 Θεὸς
1479 2022 1572 2073 καὶ
1622 2025 1813 2094 Πατὴρ

1921 1940 2188 2007 genitoris
2222 1945 2557 2001 voluntatem
2588 1952 2839 2020 aperiens
2874 1957 3074 2028 (norat
3108 1963 3254 2016 enim
3283 1979 3390 2034 qua
3422 1964 3509 2018 Fi-

1921 2030 2073 2101 lius),
2099 2035 2191 2089 sed
2222 2037 2698 2097 circumstantium
2730 2049 2958 2105 auribus
2980 2093 2995 2117 ,
3033 2062 3091 2107 ut
3123 2057 3432 2112 crederent.

2035 2094 2043 2101 '
2064 2094 2068 2095 ⁷
2550 2094 2557 2095 7
2616 2094 2697 2097 "W'
2730 2094 2957 2105 -“““““⁴““υ
2980 2094 2995 2117 ν
3035 2094 3091 2107 “¹.
3124 2094 3432 2112 υιυυιιυιιι.

218 2094 542 2163 ἐργάζεται,
566 2099 630 2152 διΔ
666 2102 827 2154 αυτοῦ
857 2102 921 2173 δὴ
954 2094 1173 2170 πάντως
1208 2110 1500 2176 καὶτοῦτο,
1533 2114 1729 2182 μᾶλλον
1751 2116 1807 2169 δὲ
1848 2120 2011 2185 αὐτὸς
2044 2120 2110 2194 ἦν
2150 2128 2180 2196 ή
2230 2130 2381 2200 φωνὴ
2409 2172 2422 2195 ,
2489 2136 2589 2203 οὐχ
2634 2138 2811 2209 ἑαυτῷ
2853 2141 2950 2213 τὴν
2986 2145 3079 2198 τοῦ
3147 2151 3505 2222 γεννήσαντος

218 2186 547 2222 δΛην-υειῖιηυ
576 2193 618 2222 Χ.
634 2193 843 2222 ,ιη--....
887 2197 998 2222 εὶ-.
1055 2199 1156 2222 “1.-
1211 2200 1245 2222 _‘,
1271 2221 1280 2222 κ
1324 2203 1416 2222 νῦν
1534 2206 1608 2222 0“
1636 2206 1646 2222 ι
1762 2212 1781 2222 .-
1891 2213 1915 2222 -
2235 2219 2242 2222 .

2068 2186 2078 2194 .
2171 2186 2180 2196 .
2243 2186 2252 2195 .
2371 2186 2421 2200 .,
2559 2186 2589 2203 Α
2864 2186 2945 2213 -.,.
2998 2186 3079 2198 η...
3158 2186 3168 2215 γ

214 2186 547 2258 ἑρμηνεύων
575 2193 843 2247 διάθεσιν·
887 2197 1003 2267 ᾔδει
1054 2199 1161 2270 γάρ
1206 2200 1283 2265 ὡς
1324 2203 1449 2268 Υἱός
1476 2222 1489 2234 ’
1522 2206 1658 2259 ἀλλὰ
1692 2212 1809 2273 ταῖς
1850 2213 1957 2266 τῶν
1985 2219 2368 2285 περιεστώτων
2399 2224 2621 2290 ἀκοαῖς,
2656 2230 2741 2282 ἵνα
2794 2235 3178 2295 πιστεύσωσιν,

284 2283 500 2337 ΑΛΛΟ.
551 2286 614 2339 Εί
651 2288 823 2355 Λόγου
866 2291 1015 2354 τινὸς
1067 2293 1313 2362 ἐμφύτου
1348 2296 1629 2367 δεδεῆσθαί
1679 2318 1811 2367 φασι

212 2371 308 2423 τὸν
339 2373 469 2425 Υἱὸν
495 2417 509 2439 ,
545 2376 631 2429 ἵνα
680 2378 1000 2450 διδάσκηται
1031 2384 1160 2454 παρ’
1212 2388 1377 2439 αὑτοῦ
1418 2390 1514 2459 τὴν
1554 2391 1811 2462 βούλησιν

210 2463 308 2516 τοῦ
333 2464 472 2518 Θεοῦ
506 2468 599 2521 καὶ
635 2471 880 2541 Πατρός⁶
916 2478 1007 2527 ποῖ
1037 2493 1166 2529 ποτε
1220 2480 1325 2549 ἄρα
1357 2484 1598 2554 χωρήσει
1636 2486 1811 2555 λέγων

209 2558 240 2608 6
265 2558 504 2622 Παῦλος,
546 2580 564 2611 ι
594 2562 831 2632 Χριστὸς
861 2564 996 2619 Θεοῦ
1021 2569 1272 2641 δύναμις,
1304 2575 1397 2626 καὶ
1414 2575 1548 2628 Θεοῦ
1586 2578 1801 2647 σοφίας»

210 2648 341 2712 Πῶς
378 2651 487 2721 γάρ
530 2652 646 2705 ἐστι
682 2656 843 2723 σοφία
876 2658 969 2709 τοῦ
1012 2660 1223 2731 Πατρός
1273 2664 1301 2715 ὁ
1332 2665 1455 2729 Υἱὸς
1479 2709 1492 2733 ,
1534 2670 1580 2721 εί
1619 2669 1814 2739 σοφίας

210 2742 481 2811 ὑπάρχων
518 2745 758 2817 ἐπιδεὴς,
801 2747 861 2800 τὸ
884 2750 1087 2802 τέλειον
1119 2756 1246 2824 παρ’
1279 2755 1465 2827 ἑτέρου
1499 2759 1805 2829 κομίζεται,

205 2833 296 2886 διὰ
343 2834 441 2888 τοῦ
470 2837 801 2906 μανθάνειν,
839 2842 982 2913 ἅπερ
1034 2845 1134 2897 οὐκ
1180 2841 1286 2899 οἶδε
1316 2848 1549 2920 δηλαδήξ
1590 2856 1658 2906 Ἢ
1692 2856 1807 2920 πῶς

204 2927 311 2981 οὐκ
366 2928 580 2999 ἀνάγκη
608 2929 823 2997 λέγειν,
855 2935 957 2986 οὐκ
998 2930 1136 2989 εἶναι
1167 2939 1377 2991 τελείαν
1421 2942 1478 2992 ἐν
1522 2945 1598 3014 τῷ
1631 2947 1805 3017 Πατρὶ

202 3021 308 3090 τὴν
345 3022 540 3089 σοφίαν
569 3023 765 3091 αὐτοῦς
802 3026 909 3078 Καὶ
950 3030 997 3079 εί
1033 3031 1195 3098 σοφία
1231 3032 1325 3084 τοῦ
1356 3035 1569 3107 Πατρός
1596 3039 1742 3092 ἐστιν
1770 3044 1798 3094 6

204 3110 371 3173 Υἱὸς,
400 3112 515 3174 πῶς
548 3113 613 3166 ἂν
650 3116 813 3183 ἑτέρα
843 3121 1015 3170 νοοῖτο
1062 3122 1194 3191 παρ’
1226 3124 1388 3177 αὐτὸν
1427 3127 1458 3196 ὴ
1497 3126 1750 3200 βούλησις
1781 3148 1794 3196 ;

1990 2307 2217 2364 ALIUD.
2264 2312 2317 2369 Si
2354 2313 2532 2371 Verbo
2566 2322 2802 2389 quodam
2837 2326 3000 2381 insito
3030 2329 3274 2404 indigere
3302 2336 3500 2395 Filium

1915 2412 2208 2467 asserunt,
2260 2414 2317 2459 nt
2347 2410 2414 2461 ah
2449 2410 2567 2480 ipso
2599 2416 2930 2473 voluntatem
2971 2421 3064 2477 Dei
3104 2440 3167 2479 ac
3196 2426 3375 2486 Patris
3399 2433 3501 2487 do-

1914 2504 2137 2560 ceatur,
2205 2515 2443 2569 quonam
2494 2505 2716 2560 domum
2766 2511 2962 2567 evadet
3008 2513 3211 2574 Paulus
3264 2523 3497 2587 dicens.

1918 2598 1939 2635 ι
1958 2584 2238 2643 Christum
2264 2608 2386 2647 esse
2408 2592 2500 2649 Dei
2535 2599 2789 2656 virtutem
2815 2612 2868 2657 et
2887 2604 2977 2659 Dei
3008 2609 3333 2677 sapientiam
3361 2617 3449 2671 "‘3
3474 2638 3490 2668 ι

1912 2675 2198 2745 Quomodo
2238 2688 2382 2738 enim
2410 2697 2494 2741 est
2534 2692 2803 2759 sapientia
2849 2694 3032 2752 Patris
3070 2675 3275 2764 Filius.
3331 2704 3377 2759 si
3409 2722 3496 2761 sa-

1910 2770 2128 2839 pientia:
2161 2786 2357 2846 expers
2384 2780 2769 2848 perfectionem
2798 2789 3001 2858 accipit
3043 2792 3111 2847 ab
3145 2795 3252 2851 alio
3275 2837 3289 2861 ,
3318 2814 3382 2853 ea
3411 2800 3496 2856 di-

1908 2867 2130 2929 scendo,
2170 2870 2459 2938 nimirum,
2516 2891 2637 2945 quas
2686 2893 2792 2933 non
2842 2872 3033 2937 novit?
3082 2894 3175 2940 aut
3218 2894 3494 2957 quomodo

1908 2962 2225 3015 necessario
2247 2963 2537 3020 dicendum
2566 2985 2674 3024 non
2697 2982 2804 3035 est,
2829 2977 3151 3044 sapientiam
3175 2979 3354 3040 Patris
3382 3001 3491 3041 non

1905 3063 2027 3102 esse
2060 3049 2112 3102 in
2142 3050 2301 3107 Patre
2323 3057 2795 3122 perfectamHam
2829 3067 2871 3117 si
2902 3067 3082 3123 Patris
3120 3074 3387 3141 sapientia
3407 3084 3492 3131 est

1905 3135 2106 3205 Filius,
2158 3150 2432 3212 quomodo
2466 3150 2570 3203 alia
2602 3154 2919 3209 censebitur
2951 3160 3203 3219 voluntas
3235 3166 3303 3220 ab
3332 3170 3494 3238 ipso?

200 3202 325 3271 ὥρα
369 3202 479 3274 γὰρ
503 3203 680 3271 λέγειν
707 3208 779 3278 μὴ
806 3210 862 3260 ὲν
899 3211 1061 3281 σοφίᾳ⁵
1098 3213 1367 3269 τελεῖσθαι
1401 3218 1500 3286 τὴν
1541 3220 1797 3291 βούλησιν

200 3291 295 3328 μηῆ
340 3293 481 3328 nam“.
511 3296 600 3328 νηὶ
643 3298 854 3328 Πηιυιλ-
916 3301 1073 3328 una.
1119 3305 1280 3328 _-\\.r
1333 3310 1412 3328 ,μ
1463 3314 1473 3328 ε
1665 3316 1676 3328 .
1743 3317 1752 3328 .

2096 3202 2102 3205 _
2176 3202 2188 3212 _
2566 3202 2570 3203 ,
2610 3202 2906 3209 _-_-_-_--...
2960 3202 3203 3219 ,υηηηη
3235 3202 3303 3220 ..υ
3332 3202 3485 3238 ψυυ.

1908 3229 2163 3301 Sequitur
2202 3238 2349 3291 enim
2382 3241 2677 3297 dicendum
2729 3262 2837 3300 non
2893 3248 2947 3303 in
2988 3254 3255 3322 sapientia
3299 3262 3486 3328 perﬁci

198 3291 295 3344 τοῦ
340 3293 481 3347 Θεοῦ
511 3296 605 3347 καὶ
642 3298 874 3366 Πατρός.
916 3301 1073 3355 Ἀλλὰ
1118 3305 1285 3377 πολλή
1330 3310 1414 3372 τίς
1458 3314 1604 3363 ἐστιν
1655 3316 1687 3384 ἡ
1738 3317 1794 3366 ὲν

196 3386 419 3448 τούτοις
448 3387 693 3451 ἀσέϐεια,
734 3393 827 3444 καὶ
858 3396 1198 3465 πανταχόθεν
1226 3399 1253 3451 6
1301 3398 1460 3467 λόγος
1501 3402 1563 3454 τὸ
1588 3402 1791 3475 δυσφη-

198 3494 302 3546 μον
334 3478 470 3548 ἔχει.
496 3480 613 3533 Οὐκ
656 3482 763 3549 ἀρα
807 3484 907 3554 τῆς
942 3491 1072 3557 παρ’
1097 3490 1289 3561 ἑτέρου
1332 3492 1631 3564 μαθητείας
1662 3499 1789 3566 μέτ-

193 3588 324 3639 οχος
356 3570 435 3623 ὢν
459 3573 488 3625 6
523 3573 650 3638 Υἱός
677 3574 786 3630 οἶδε
814 3579 884 3630 τὰ
918 3579 975 3632 ὲν
1006 3580 1085 3649 τῷ
1118 3582 1232 3652 ἰδίῳ
1254 3585 1428 3654 Πατρὶ
1452 3626 1465 3646 ,
1496 3586 1609 3640 ἀλλ’
1631 3590 1791 3654 αὐτὸς

197 3660 274 3714 ὣν
314 3663 346 3715 6
376 3663 585 3732 Λόγος,
630 3668 723 3720 καὶ
750 3668 782 3737 ἡ
814 3670 997 3737 σοφία,
1039 3670 1133 3723 καὶ
1172 3674 1204 3743 ἡ
1237 3672 1510 3745 βούλησις,
1554 3697 1570 3729 ι
1604 3679 1789 3731 Πάντα

198 3755 423 3826 ἐρευνᾷ,
454 3759 546 3810 καὶ
580 3758 647 3812 τά
666 3760 803 3830 βάθη
830 3762 923 3814 τοῦ
952 3762 1110 3828 Θεοῦ,
1137 3783 1153 3816 ι
1184 3764 1326 3819 καθά
1346 3766 1654 3839 γέγραπταί
1685 3788 1786 3827 που

193 3848 291 3901 καὶ
320 3849 570 3919 περὶτοῦ
604 3852 937 3922 Πνεύματος.

259 3938 477 3994 ΔΛΛΟ.
525 3940 613 4003 Ὠς
646 3942 866 4008 εἰκόνα,
917 3947 1013 3998 καὶ
1058 3950 1383 4021 χαρακτῆρα
1434 3951 1529 4005 τοῦ
1573 3954 1787 4024 Πατρός

189 4030 621 4101 ἀπαράλλακτον
674 4035 1018 4104 εἰσφέρουσιν
1057 4040 1187 4108 ἡμῖν
1238 4043 1332 4094 τὸν
1384 4044 1508 4096 my
1556 4047 1612 4096 αἱ
1645 4045 1783 4100 θεῖαι

194 4116 415 4189 Γραφαί
447 4138 458 4149 ·
494 4121 585 4173 καὶ
635 4122 799 4185 αὐτὸς
851 4124 906 4177 δέ
949 4127 1053 4178 πού
1114 4147 1279 4198 φησιν
1331 4133 1360 4186 6
1403 4134 1626 4204 Σωτήρ·
1671 4154 1688 4186 t
1726 4136 1784 4190 '0

193 4210 467 4281 ἑωρακὼς
515 4214 646 4281 ἐμὲ,
699 4216 912 4286 ἑώρακε
964 4220 1055 4272 τὸν
1107 4221 1345 4294 Πατέρα.
1374 4242 1392 4275 ι
1442 4225 1579 4278 Ἀλλ’
1625 4230 1783 4300 είπερ

185 4300 329 4371 ἔχων
361 4303 539 4366 οὕτως
567 4306 881 4376 ὁμοιότητος
908 4311 1040 4381 πρὸς
1067 4312 1230 4367 αὑτὸν
1266 4316 1365 4369 ούκ
1389 4312 1529 4372 οἶδεν
1564 4320 1623 4384 ἐξ
1656 4322 1781 4375 ἑαυ-

183 4391 277 4444 τοῦ
330 4392 400 4444 τά
450 4394 507 4445 ἐν
549 4393 728 4463 αὐτῷ,
783 4396 954 4450 δεῖται
986 4399 1042 4451 δὲ
1073 4399 1260 4472 ὥσπερ
1289 4404 1397 4456 τῶν
1432 4409 1561 4478 παρ’
1592 4409 1779 4480 ἐτέρου

182 4484 553 4556 διηγημάτων
578 4490 658 4552 εἰς
683 4489 741 4543 τὸ
773 4491 964 4558 μαθεῖν
988 4508 1001 4521 ο
1032 4492 1149 4564 ὥρα
1178 4497 1271 4549 καὶ
1296 4498 1459 4551 αὑτὸν
1490 4501 1549 4554 ὲν
1570 4503 1779 4568 τούτοις

183 4570 322 4629 εἶναι
358 4577 454 4630 τὸν
485 4579 705 4651 Πατέρα
738 4582 1000 4652 νομίζειν.
1038 4583 1209 4657 Εἴπερ
1240 4590 1385 4641 ἐστὶν
1416 4592 1473 4643 ἑν
1498 4594 1775 4666 ὁμοιότητι

181 4670 245 4738 τῇ
281 4669 427 4738 πρὸς
462 4670 554 4722 τόν
575 4671 722 4735 Υίὸν,
757 4674 1008 4745 δεήσεται
1031 4678 1085 4732 δὲ
1121 4680 1212 4732 καὶ
1234 4681 1395 4744 αὐτὸς
1425 4682 1518 4735 τοῦ
1548 4685 1773 4755 διερμη-

183 4759 438 4824 νεύοντος
474 4761 542 4815 τά
575 4763 633 4815 ὲν
672 4764 753 4835 τῷ
790 4769 1091 4839 γεννήματι
1129 4773 1265 4826 κατά
1315 4774 1376 4827 τὸ
1404 4775 1606 4844 ἀφανὲς
1655 4778 1769 4831 κεί-

1905 3324 2241 3382 voluntatem
2278 3329 2373 3385 Dei
2404 3348 2467 3387 ac
2492 3335 2664 3391 Patris
2700 3358 2712 3392 :
2748 3355 2870 3408 qua:
2914 3358 3165 3415 magnam
3201 3324 3351 3406 certe
3384 3354 3488 3407 im-

1902 3416 2161 3484 pietatem
2209 3428 2353 3475 omni
2394 3441 2458 3479 ex
2498 3437 2651 3495 parte
2685 3436 2992 3499 continent,
3027 3448 3191 3509 atque
3230 3443 3486 3515 blasphe-

1900 3509 2089 3564 miam.
2145 3510 2261 3567 Non
2303 3532 2433 3586 ergo
2476 3520 2544 3572 ab
2575 3522 2683 3576 alio
2721 3524 2951 3583 edoctus
3000 3528 3179 3587 Patris
3230 3537 3484 3592 volunta-

1900 3607 2007 3655 tem
2032 3604 2182 3657 novit
2216 3604 2385 3663 Filius
2408 3650 2420 3673 ,
2455 3611 2547 3665 sed
2578 3613 2693 3685 ipse
2719 3632 2841 3671 cum
2876 3620 2947 3674 sit
2970 3620 3232 3688 Verbum,
3264 3630 3484 3699 sapien-
3590 3660 3591 3663 η

1897 3692 1969 3744 tia
1998 3696 2340 3763 etvoluntas,
2374 3720 2390 3749 ι
2414 3704 2595 3758 omnia
2622 3718 3005 3776 perscrutatur
3022 3718 3184 3770 etiam
3208 3692 3479 3788 profunda

1898 3781 2048 3850 Dei,»
2072 3786 2232 3843 sicuti
2262 3794 2527 3863 scriptum
2555 3805 2637 3852 est
2665 3800 2862 3856 alicubi
2880 3804 2942 3837 ⁶³⁶
2971 3806 3134 3862 etiam
3162 3781 3230 3865 de
3248 3809 3475 3882 Spiritu.

1966 3964 2198 4022 ALIUD.
2240 3968 2524 4040 Tanquam
2562 3976 2855 4048 imaginem
2887 3990 2940 4037 et
2970 3985 3343 4046 characterem
3375 3992 3476 4049 Pa—

1892 4055 1992 4109 tris
2027 4072 2119 4125 per
2159 4062 2342 4115 omnia
2396 4065 2629 4121 similem
2685 4071 2884 4128 divina:
2929 4074 3227 4149 Scriptura:
3276 4082 3471 4140 Filium

1891 4148 2048 4205 nobis
2085 4150 2369 4207 inducunt.
2402 4154 2465 4209 Et
2489 4157 2605 4227 ipse
2630 4161 2829 4217 alicubi
2853 4148 3137 4223 Salvator-
3169 4191 3187 4221 σ
3213 4174 3315 4239 Qui
3337 4176 3471 4231 vidit

1890 4254 1999 4304 me,
2024 4240 2159 4295 vidit
2186 4252 2239 4297 et
2266 4242 2478 4301 Patrem
2501 4248 2569 4303 “.
2598 4269 2615 4302 ι
2671 4254 2741 4305 At
2768 4255 2813 4308 si
2854 4263 3058 4313 tantam
3095 4260 3304 4319 habens
3343 4283 3467 4321 Cum

1890 4331 2007 4400 ipso
2058 4334 2470 4395 similitudinem
2519 4359 2584 4398 ex
2623 4347 2806 4416 seipso
2840 4364 2947 4403 non
2997 4354 3147 4408 novit
3182 4372 3303 4425 quae
3339 4372 3467 4413 sunt

1890 4420 2084 4489 Patris,
2133 4426 2228 4481 sed
2271 4430 2336 4483 ad
2370 4446 2433 4486 ea
2465 4439 2844 4505 cognoscenda
2888 4440 3117 4500 alterius
3150 4445 3464 4519 interpretis

1888 4514 2292 4582 quodammodo
2322 4521 2525 4594 indiget
2553 4541 2716 4597 Opera
2736 4572 2749 4594 ,
2775 4530 2884 4601 42
2914 4514 3345 4595 consentaneum
3381 4555 3467 4599 est

1807 4597 1850 4653 D
1880 4605 2117 4676 idipsum
2146 4626 2364 4681 quoque
2387 4615 2453 4670 dc
2471 4615 2632 4673 Patre
2651 4597 2882 4679 sentire;
2908 4624 3124 4682 Sienim
3149 4597 3464 4689 similitudi;

1880 4711 2001 4751 nem
2028 4699 2187 4756 habet
2219 4718 2343 4757 cum
2377 4703 2534 4770 Filio,
2562 4709 2678 4777 ipse
2700 4728 2917 4783 quoque
2956 4732 3095 4786 opus
3127 4719 3348 4777 habebit
3381 4725 3463 4781 in-

1877 4790 2146 4854 terprete,
2186 4805 2279 4858 per
2312 4809 2472 4861 quem
2510 4811 2571 4850 ea
2607 4799 2785 4854 discat
2819 4819 2942 4871 qua:
2974 4807 3208 4864 obscura
3244 4821 3373 4867 sunt
3405 4815 3458 4869 in

190 4868 353 4919 μενα.
392 4854 505 4907 Καὶ
534 4855 756 4923 γέγονεν
783 4862 914 4928 ἡμῖν
954 4862 1088 4931 πρὸς
1119 4868 1230 4929 τοῖς
1263 4866 1511 4921 ἐντεῦθεν
1548 4870 1772 4934 ἀτόποις

1908 4872 2014 4929 'ilio
2048 4896 2059 4929 :
2098 4854 2348 4951 adeoque
2380 4895 2580 4954 praeter
2614 4854 2983 4950 absurditates
3010 4912 3132 4966 qua:
3167 4899 3292 4955 hinc
3322 4917 3459 4957 con-

187 4943 216 5010 ἡ
263 4942 388 4996 θεία
425 4943 620 5010 φύσις,
652 4948 745 5000 καὶ
791 4950 1014 5017 ἀγνοίας
1068 4952 1311 5027 δεκτική.
1359 4957 1576 5032 Ἐπειδὴ
1621 4961 1771 5015 δὲτὸ

2256 4942 2269 4951 _
2380 4942 2395 4954 _
2790 4942 2983 4950 ηρ---
3011 4942 3131 4966 ηπ.
3322 4942 3425 4957 νυ..

1908 4978 2200 5037 equuntur,
2235 4973 2287 5026 in
2321 4975 2562 5031 divinam
2602 4981 2762 5033 etiam
2795 4991 3046 5039 naturam
3098 4988 3246 5043 cadit
3296 4990 3457 5052 igno-

180 5033 327 5087 οὓτω
363 5040 586 5106 φρονεῖν
636 5041 832 5105 ἀσεϐὲς
858 5082 873 5105 ,
914 5048 1191 5117 χωρητέον
1226 5051 1315 5103 ἐπὶ
1365 5051 1435 5105 τὰ
1489 5055 1766 5125 πρεπωδέο

183 5142 355 5198 στερα
381 5145 395 5157 ο
453 5128 614 5183 τοῦτο
659 5133 767 5205 γὰρ
811 5134 873 5186 τὸ
915 5138 1194 5210 συμφέρον
1243 5142 1435 5212 ὁρᾶται
1497 5144 1590 5197 καὶ
1633 5147 1769 5217 χρή·

222 5236 368 5273 ιμον.

185 5234 236 5269 σι
285 5237 368 5273 ον.

243 5237 464 5366 PAMO.
499 5333 518 5365 ι
550 5314 763 5379 Πάντα.
819 5336 837 5369 ι
882 5321 1047 5391 φησιν
1070 5324 1098 5376 6
1130 5325 1398 5397 μακάριος
1433 5327 1641 5392 Παῦλος
1663 5371 1677 5393 ,
1706 5331 1768 5384 τὸ

1873 5060 2035 5115 ratio.
2066 5062 2220 5127 Quod
2253 5067 2458 5122 sentire
2497 5086 2620 5123 cum
2657 5073 2724 5126 sit
2757 5074 3014 5145 impium,
3046 5079 3115 5134 ad
3148 5082 3455 5141 doctrinam

1873 5153 2045 5223 magis
2074 5168 2501 5215 consentaneam
2543 5178 2642 5219 nos
2686 5168 3016 5238 recipiamus
3049 5184 3282 5244 oportet.
3341 5176 3455 5235 Hoc

1869 5245 2013 5299 enim
2046 5255 2305 5316 prrestare
2338 5251 2551 5310 videtur
2577 5263 2630 5310 et
2658 5272 2780 5313 cum
2809 5263 3042 5319 utilitate
3070 5268 3450 5335 coniunctum.

1939 5337 2167 5393 ALIUD.
2205 5340 2462 5412 Spiritus,
2497 5348 2673 5417 inquit
2710 5350 2900 5408 beatus
2931 5353 3153 5422 Paulus,
3208 5375 3227 5410 ι
3265 5362 3452 5417 omnia

183 5401 409 5474 Πνεῦμα
448 5423 465 5456 ι
498 5406 694 5479 ἐρευνᾷ
724 5449 737 5473 ,
768 5410 863 5464 καὶ
902 5412 968 5466 τὰ
1006 5413 1144 5486 βάθη
1164 5417 1260 5471 τοῦ
1289 5418 1445 5474 Θεοῦ.
1478 5440 1497 5473 ι
1537 5422 1680 5493 Πρὸς
1704 5424 1760 5478 δέ

1908 5437 2169 5496 crutatur,
2200 5401 2362 5490 etiam
2388 5401 2656 5509 proiurida
2696 5440 2809 5499 Dei.
2844 5462 2862 5496 ι
2911 5444 3217 5504 Ρι-ειοτεει
3258 5469 3277 5505 ι
3315 5450 3449 5519 Quis

191 5511 243 5562 τε
263 5495 440 5564 τούτῳ
459 5514 472 5527 ο
527 5515 546 5548 ι
574 5498 667 5562 Τίς
699 5501 808 5571 γάρ
840 5501 978 5558 οἶδεν
1011 5506 1311 5579 ἀνθρώπων
1331 5512 1399 5565 τὰ
1426 5514 1519 5566 τοῦ
1545 5514 1759 5585 ἀνθρώ-

180 5599 321 5652 που,
353 5588 402 5638 εί
442 5585 517 5659 μὴ
550 5589 610 5640 τὸ
654 5592 869 5663 πνεῦμα
912 5595 1003 5648 τοῦ
1044 5598 1333 5670 ἀνθρώπου
1376 5602 1436 5654 τὸ
1475 5604 1532 5656 ὲν
1572 5604 1756 5677 αύτῷ;

1865 5520 2009 5575 enim
2038 5522 2315 5579 hominum
2354 5529 2456 5583 scit
2485 5546 2608 5600 quae
2634 5541 2763 5588 sunt
2795 5532 3052 5603 hominis,
3086 5540 3191 5594 nisi
3222 5542 3448 5613 spiritus

1868 5611 2125 5679 hominis,
2156 5618 2248 5686 qui
2275 5620 2327 5673 in
2366 5619 2483 5691 ipso
2512 5622 2636 5677 est?
2664 5623 2742 5679 ita
2772 5636 2822 5683 et
2850 5641 2971 5698 quae
3000 5628 3090 5686 Dei
3126 5611 3265 5688 sunt
3286 5646 3445 5690 nemo

250 5759 292 5793 ⁶¹
325 5761 487 5819 Joan.
522 5779 637 5830 xu,
669 5766 758 5823 30.
835 5770 882 5803 "
922 5769 1041 5828 Col.
1082 5787 1131 5837 ι,
1168 5775 1258 5830 16.
1335 5778 1381 5812 ’³
1421 5777 1592 5839 lCor.
1629 5796 1682 5850 ι,
1718 5783 1803 5841 2i.

1912 5787 1954 5820 ³·
1984 5787 2003 5844 ι
2035 5788 2162 5846 Cor.
2200 5808 2256 5861 ιι,
2296 5794 2379 5849 10.
2459 5797 2505 5829 ⁸⁸
2542 5797 2699 5857 Joan.
2737 5819 2860 5871 xiv,
2899 5805 2951 5862 9.

454 5858 729 5923 Ρηιιοι.
778 5863 894 5928 Gn.
949 5866 1217 5934 LXXII].

3154 5901 3190 5960 3
