  <div class='ocr_page' id='page_1' title='image "/cluster/home/n/w/nwhite01/storage/ocr_20150623/73/nnc1.0046980245/047.png"; bbox 0 0 4214 6502; ppageno 0'>
   <div class='ocr_carea' id='block_1_1' title="bbox 734 401 4004 478">
    <p class='ocr_par' dir='ltr' id='par_1_1' title="bbox 734 401 4004 478">
     <span class='ocr_line' id='line_1_1' title="bbox 734 401 4004 478; baseline 0.009 -26"><span class='ocrx_word' id='word_1_1' title='bbox 734 424 801 478; x_wconf 68' lang='lat'><strong>75</strong></span> <span class='ocrx_word' id='word_1_2' title='bbox 1721 414 1775 469; x_wconf 63' lang='grc' dir='ltr'>ε.</span> <span class='ocrx_word' id='word_1_3' title='bbox 1814 413 2094 468; x_wconf 77' lang='lat' dir='ltr'><strong>CYRILIJ</strong></span> <span class='ocrx_word' id='word_1_4' title='bbox 2136 406 2609 465; x_wconf 67' lang='lat' dir='ltr'><strong>ALEXANDRINI</strong></span> <span class='ocrx_word' id='word_1_5' title='bbox 2646 406 2973 464; x_wconf 79' lang='lat' dir='ltr'><strong>ARClllEP.</strong></span> <span class='ocrx_word' id='word_1_6' title='bbox 3938 401 4004 461; x_wconf 73' lang='grc' dir='ltr'><strong>τε</strong></span> 
     </span>
    </p>
   </div>
   <div class='ocr_carea' id='block_1_2' title="bbox 732 518 2318 609">
    <p class='ocr_par' dir='ltr' id='par_1_2' title="bbox 732 525 2317 609">
     <span class='ocr_line' id='line_1_2' title="bbox 732 525 2317 609; baseline -0.008 -18"><span class='ocrx_word' id='word_1_7' title='bbox 732 536 1007 609; x_wconf 77' lang='lat' dir='ltr'><strong>cognovit,</strong></span> <span class='ocrx_word' id='word_1_8' title='bbox 1038 534 1141 588; x_wconf 82' lang='lat' dir='ltr'><strong>nisi</strong></span> <span class='ocrx_word' id='word_1_9' title='bbox 1173 531 1409 603; x_wconf 82' lang='lat' dir='ltr'><strong>Spiritus</strong></span> <span class='ocrx_word' id='word_1_10' title='bbox 1430 528 1543 594; x_wconf 80' lang='lat' dir='ltr'><strong>Dei,</strong></span> <span class='ocrx_word' id='word_1_11' title='bbox 1574 528 1666 597; x_wconf 91' lang='lat' dir='ltr'><strong>qui</strong></span> <span class='ocrx_word' id='word_1_12' title='bbox 1696 527 1750 580; x_wconf 91' lang='lat' dir='ltr'><strong>in</strong></span> <span class='ocrx_word' id='word_1_13' title='bbox 1786 528 1907 598; x_wconf 84' lang='lat' dir='ltr'><strong>ipso</strong></span> <span class='ocrx_word' id='word_1_14' title='bbox 1935 536 2019 582; x_wconf 89' lang='lat' dir='ltr'><strong>est</strong></span> <span class='ocrx_word' id='word_1_15' title='bbox 2040 528 2107 579; x_wconf 83' lang='lat'><strong>&quot;.</strong></span> <span class='ocrx_word' id='word_1_16' title='bbox 2137 545 2160 578; x_wconf 72' lang='grc' dir='ltr'><strong>ι</strong></span> <span class='ocrx_word' id='word_1_17' title='bbox 2181 525 2317 579; x_wconf 82' lang='lat' dir='ltr'><strong>Cum</strong></span> 
     </span>
    </p>
   </div>
   <div class='ocr_carea' id='block_1_3' title="bbox 2422 518 4006 609">
    <p class='ocr_par' dir='ltr' id='par_1_3' title="bbox 2422 518 4006 591">
     <span class='ocr_line' id='line_1_3' title="bbox 2422 518 4006 591; baseline -0.001 -16"><span class='ocrx_word' id='word_1_18' title='bbox 2422 523 2581 577; x_wconf 84' lang='grc' dir='ltr'>υῦτω</span> <span class='ocrx_word' id='word_1_19' title='bbox 2614 524 2709 577; x_wconf 80' lang='grc' dir='ltr'>καὶ</span> <span class='ocrx_word' id='word_1_20' title='bbox 2760 522 2829 575; x_wconf 74' lang='grc' dir='ltr'><strong>τὰ.</strong></span> <span class='ocrx_word' id='word_1_21' title='bbox 2855 521 2948 574; x_wconf 85' lang='grc' dir='ltr'><strong>τοῦ</strong></span> <span class='ocrx_word' id='word_1_22' title='bbox 2994 518 3130 573; x_wconf 85' lang='grc' dir='ltr'>Θεοῦ</span> <span class='ocrx_word' id='word_1_23' title='bbox 3181 519 3356 583; x_wconf 67' lang='grc' dir='ltr'>οὐδεὶς</span> <span class='ocrx_word' id='word_1_24' title='bbox 3403 520 3677 589; x_wconf 83' lang='grc' dir='ltr'>ἔγνωκεν,</span> <span class='ocrx_word' id='word_1_25' title='bbox 3730 520 3779 573; x_wconf 75' lang='grc' dir='ltr'><strong>εί</strong></span> <span class='ocrx_word' id='word_1_26' title='bbox 3827 521 3901 591; x_wconf 81' lang='grc' dir='ltr'>μὴ</span> <span class='ocrx_word' id='word_1_27' title='bbox 3946 523 4006 573; x_wconf 74' lang='grc' dir='ltr'>τὸ</span> 
     </span>
    </p>
   </div>
   <div class='ocr_carea' id='block_1_4' title="bbox 730 620 2315 696">
    <p class='ocr_par' dir='ltr' id='par_1_4' title="bbox 730 620 2315 696">
     <span class='ocr_line' id='line_1_4' title="bbox 730 620 2315 696; baseline -0.009 -13"><span class='ocrx_word' id='word_1_28' title='bbox 730 646 860 689; x_wconf 61' lang='lat' dir='ltr'><strong>ergo</strong></span> <span class='ocrx_word' id='word_1_29' title='bbox 900 636 1125 684; x_wconf 82' lang='lat' dir='ltr'><strong>sanctus</strong></span> <span class='ocrx_word' id='word_1_30' title='bbox 1154 627 1393 696; x_wconf 74' lang='lat' dir='ltr'><strong>Spiritus</strong></span> <span class='ocrx_word' id='word_1_31' title='bbox 1433 625 1525 692; x_wconf 88' lang='lat' dir='ltr'><strong>qui</strong></span> <span class='ocrx_word' id='word_1_32' title='bbox 1559 620 1742 676; x_wconf 81' lang='lat' dir='ltr'><strong>omnia</strong></span> <span class='ocrx_word' id='word_1_33' title='bbox 1780 626 2161 691; x_wconf 83' lang='lat' dir='ltr'><strong>perscrutatur</strong></span> <span class='ocrx_word' id='word_1_34' title='bbox 2208 630 2315 670; x_wconf 91' lang='lat' dir='ltr'><strong>non</strong></span> 
     </span>
    </p>
   </div>
   <div class='ocr_carea' id='block_1_5' title="bbox 732 709 2314 780">
    <p class='ocr_par' dir='ltr' id='par_1_5' title="bbox 732 709 2314 780">
     <span class='ocr_line' id='line_1_5' title="bbox 732 709 2314 780; baseline -0.008 -7"><span class='ocrx_word' id='word_1_35' title='bbox 732 720 906 775; x_wconf 77' lang='lat' dir='ltr'><strong>solum</strong></span> <span class='ocrx_word' id='word_1_36' title='bbox 944 718 1117 773; x_wconf 88' lang='lat' dir='ltr'><strong>Patris</strong></span> <span class='ocrx_word' id='word_1_37' title='bbox 1158 720 1248 777; x_wconf 91' lang='lat' dir='ltr'><strong>sit,</strong></span> <span class='ocrx_word' id='word_1_38' title='bbox 1300 716 1392 770; x_wconf 83' lang='lat' dir='ltr'><strong>sed</strong></span> <span class='ocrx_word' id='word_1_39' title='bbox 1424 716 1588 769; x_wconf 88' lang='lat' dir='ltr'><strong>etiam</strong></span> <span class='ocrx_word' id='word_1_40' title='bbox 1624 713 1765 777; x_wconf 82' lang='lat' dir='ltr'><strong>Filii,</strong></span> <span class='ocrx_word' id='word_1_41' title='bbox 1794 711 2069 780; x_wconf 88' lang='lat' dir='ltr'><strong>quomodo</strong></span> <span class='ocrx_word' id='word_1_42' title='bbox 2094 709 2314 764; x_wconf 90' lang='lat' dir='ltr'><strong>demum</strong></span> 
     </span>
    </p>
   </div>
   <div class='ocr_carea' id='block_1_6' title="bbox 731 801 2316 883">
    <p class='ocr_par' dir='ltr' id='par_1_6' title="bbox 731 801 2316 883">
     <span class='ocr_line' id='line_1_6' title="bbox 731 801 2316 883; baseline -0.009 -18"><span class='ocrx_word' id='word_1_43' title='bbox 731 814 932 883; x_wconf 69' lang='lat' dir='ltr'><strong>aliquid</strong></span> <span class='ocrx_word' id='word_1_44' title='bbox 970 826 1158 866; x_wconf 89' lang='lat' dir='ltr'><strong>eorum</strong></span> <span class='ocrx_word' id='word_1_45' title='bbox 1195 824 1317 880; x_wconf 60' lang='lat' dir='ltr'><strong>quae</strong></span> <span class='ocrx_word' id='word_1_46' title='bbox 1351 819 1480 864; x_wconf 88' lang='lat' dir='ltr'><strong>sunt</strong></span> <span class='ocrx_word' id='word_1_47' title='bbox 1533 808 1584 860; x_wconf 93' lang='lat' dir='ltr'><strong>in</strong></span> <span class='ocrx_word' id='word_1_48' title='bbox 1618 804 1777 859; x_wconf 86' lang='lat' dir='ltr'><strong>Patre</strong></span> <span class='ocrx_word' id='word_1_49' title='bbox 1811 803 1979 857; x_wconf 85' lang='lat' dir='ltr'><strong>Filius</strong></span> <span class='ocrx_word' id='word_1_50' title='bbox 2023 801 2316 871; x_wconf 80' lang='lat' dir='ltr'><strong>ignorabit,</strong></span> 
     </span>
    </p>
   </div>
   <div class='ocr_carea' id='block_1_7' title="bbox 734 892 2318 978">
    <p class='ocr_par' dir='ltr' id='par_1_7' title="bbox 734 892 2318 978">
     <span class='ocr_line' id='line_1_7' title="bbox 734 892 2318 978; baseline -0.01 -17"><span class='ocrx_word' id='word_1_51' title='bbox 734 908 994 978; x_wconf 83' lang='lat' dir='ltr'><strong>Spiritum</strong></span> <span class='ocrx_word' id='word_1_52' title='bbox 1049 904 1258 958; x_wconf 84' lang='lat' dir='ltr'><strong>liabens</strong></span> <span class='ocrx_word' id='word_1_53' title='bbox 1309 902 1362 955; x_wconf 89' lang='lat' dir='ltr'><strong>in</strong></span> <span class='ocrx_word' id='word_1_54' title='bbox 1406 902 1589 969; x_wconf 81' lang='lat' dir='ltr'><strong>seipso</strong></span> <span class='ocrx_word' id='word_1_55' title='bbox 1629 896 1954 951; x_wconf 74' lang='lat' dir='ltr'><strong>naturaliter</strong></span> <span class='ocrx_word' id='word_1_56' title='bbox 1996 894 2088 964; x_wconf 91' lang='lat' dir='ltr'><strong>qui</strong></span> <span class='ocrx_word' id='word_1_57' title='bbox 2130 892 2318 947; x_wconf 84' lang='lat' dir='ltr'><strong>omnia</strong></span> 
     </span>
    </p>
   </div>
   <div class='ocr_carea' id='block_1_8' title="bbox 733 986 2319 1067">
    <p class='ocr_par' dir='ltr' id='par_1_8' title="bbox 733 986 2319 1067">
     <span class='ocr_line' id='line_1_8' title="bbox 733 986 2319 1067; baseline -0.01 -12"><span class='ocrx_word' id='word_1_58' title='bbox 733 1000 921 1056; x_wconf 83' lang='lat' dir='ltr'><strong>novit?</strong></span> <span class='ocrx_word' id='word_1_59' title='bbox 965 998 1134 1067; x_wconf 78' lang='lat' dir='ltr'><strong>Igitur</strong></span> <span class='ocrx_word' id='word_1_60' title='bbox 1187 998 1348 1050; x_wconf 91' lang='lat' dir='ltr'><strong>inane</strong></span> <span class='ocrx_word' id='word_1_61' title='bbox 1400 994 1619 1047; x_wconf 88' lang='lat' dir='ltr'><strong>deuuun</strong></span> <span class='ocrx_word' id='word_1_62' title='bbox 1672 990 1947 1043; x_wconf 84' lang='lat' dir='ltr'><strong>videbitur</strong></span> <span class='ocrx_word' id='word_1_63' title='bbox 1998 986 2319 1041; x_wconf 76' lang='lat' dir='ltr'><strong>existimare</strong></span> 
     </span>
    </p>
   </div>
   <div class='ocr_carea' id='block_1_9' title="bbox 732 1083 2317 1149">
    <p class='ocr_par' dir='ltr' id='par_1_9' title="bbox 732 1083 2317 1149">
     <span class='ocr_line' id='line_1_9' title="bbox 732 1083 2317 1149; baseline -0.012 0"><span class='ocrx_word' id='word_1_64' title='bbox 732 1095 926 1149; x_wconf 78' lang='lat' dir='ltr'><strong>Filium</strong></span> <span class='ocrx_word' id='word_1_65' title='bbox 952 1092 1135 1147; x_wconf 82' lang='lat' dir='ltr'><strong>Patris</strong></span> <span class='ocrx_word' id='word_1_66' title='bbox 1164 1090 1497 1144; x_wconf 76' lang='lat' dir='ltr'><strong>voluntatem</strong></span> <span class='ocrx_word' id='word_1_67' title='bbox 1543 1088 1611 1139; x_wconf 88' lang='lat' dir='ltr'><strong>ab</strong></span> <span class='ocrx_word' id='word_1_68' title='bbox 1646 1085 1753 1138; x_wconf 89' lang='lat' dir='ltr'><strong>alio</strong></span> <span class='ocrx_word' id='word_1_69' title='bbox 1782 1083 2029 1145; x_wconf 85' lang='lat' dir='ltr'><strong>discere,</strong></span> <span class='ocrx_word' id='word_1_70' title='bbox 2086 1087 2140 1134; x_wconf 89' lang='lat' dir='ltr'><strong>et</strong></span> <span class='ocrx_word' id='word_1_71' title='bbox 2179 1093 2317 1132; x_wconf 79' lang='lat' dir='ltr'><strong>vana</strong></span> 
     </span>
    </p>
   </div>
   <div class='ocr_carea' id='block_1_10' title="bbox 731 1170 2317 1254">
    <p class='ocr_par' dir='ltr' id='par_1_10' title="bbox 731 1170 2317 1254">
     <span class='ocr_line' id='line_1_10' title="bbox 731 1170 2317 1254; baseline -0.012 -12"><span class='ocrx_word' id='word_1_72' title='bbox 731 1202 957 1254; x_wconf 77' lang='lat' dir='ltr'><strong>prorsus</strong></span> <span class='ocrx_word' id='word_1_73' title='bbox 1005 1186 1108 1239; x_wconf 83' lang='lat' dir='ltr'><strong>erit</strong></span> <span class='ocrx_word' id='word_1_74' title='bbox 1148 1196 1314 1251; x_wconf 84' lang='lat' dir='ltr'><strong>opera</strong></span> <span class='ocrx_word' id='word_1_75' title='bbox 1346 1176 1508 1233; x_wconf 83' lang='lat' dir='ltr'><strong>Verbi</strong></span> <span class='ocrx_word' id='word_1_76' title='bbox 1552 1178 1700 1229; x_wconf 90' lang='lat' dir='ltr'><strong>illius</strong></span> <span class='ocrx_word' id='word_1_77' title='bbox 1725 1191 1789 1229; x_wconf 83' lang='lat' dir='ltr'><strong>ex</strong></span> <span class='ocrx_word' id='word_1_78' title='bbox 1823 1187 2013 1227; x_wconf 88' lang='lat' dir='ltr'><strong>eorum</strong></span> <span class='ocrx_word' id='word_1_79' title='bbox 2048 1170 2317 1226; x_wconf 76' lang='lat' dir='ltr'><strong>sententia</strong></span> 
     </span>
    </p>
   </div>
   <div class='ocr_carea' id='block_1_11' title="bbox 731 1264 2317 1339">
    <p class='ocr_par' dir='ltr' id='par_1_11' title="bbox 731 1264 2317 1339">
     <span class='ocr_line' id='line_1_11' title="bbox 731 1264 2317 1339; baseline -0.01 -6"><span class='ocrx_word' id='word_1_80' title='bbox 731 1281 931 1335; x_wconf 78' lang='lat' dir='ltr'><strong>frustra</strong></span> <span class='ocrx_word' id='word_1_81' title='bbox 960 1275 1370 1331; x_wconf 80' lang='lat' dir='ltr'><strong>intercedentis.</strong></span> <span class='ocrx_word' id='word_1_82' title='bbox 1398 1271 1593 1327; x_wconf 84' lang='lat' dir='ltr'><strong>Omnia</strong></span> <span class='ocrx_word' id='word_1_83' title='bbox 1629 1272 1829 1339; x_wconf 84' lang='lat' dir='ltr'><strong>quippe</strong></span> <span class='ocrx_word' id='word_1_84' title='bbox 1861 1267 2009 1321; x_wconf 76' lang='lat' dir='ltr'><strong>novit</strong></span> <span class='ocrx_word' id='word_1_85' title='bbox 2045 1264 2217 1319; x_wconf 87' lang='lat' dir='ltr'><strong>Filius</strong></span> <span class='ocrx_word' id='word_1_86' title='bbox 2252 1280 2317 1318; x_wconf 84' lang='lat' dir='ltr'><strong>ex</strong></span> 
     </span>
    </p>
   </div>
   <div class='ocr_carea' id='block_1_12' title="bbox 733 1371 929 1440">
    <p class='ocr_par' dir='ltr' id='par_1_12' title="bbox 733 1371 929 1440">
     <span class='ocr_line' id='line_1_12' title="bbox 733 1371 929 1440; baseline -0.041 -13"><span class='ocrx_word' id='word_1_87' title='bbox 733 1371 929 1440; x_wconf 81' lang='lat' dir='ltr'><strong>seipso.</strong></span> 
     </span>
    </p>
   </div>
   <div class='ocr_carea' id='block_1_13' title="bbox 798 1444 2319 1528">
    <p class='ocr_par' dir='ltr' id='par_1_13' title="bbox 798 1444 2319 1528">
     <span class='ocr_line' id='line_1_13' title="bbox 798 1444 2319 1528; baseline -0.014 -11"><span class='ocrx_word' id='word_1_88' title='bbox 798 1462 1031 1518; x_wconf 79' lang='lat' dir='ltr'><strong>ALIUD.</strong></span> <span class='ocrx_word' id='word_1_89' title='bbox 1078 1460 1181 1526; x_wconf 84' lang='lat' dir='ltr'><strong>Qui</strong></span> <span class='ocrx_word' id='word_1_90' title='bbox 1215 1455 1489 1528; x_wconf 84' lang='lat' dir='ltr'><strong>Unigeniti</strong></span> <span class='ocrx_word' id='word_1_91' title='bbox 1521 1449 1839 1507; x_wconf 63' lang='lat' dir='ltr'><strong>substantiae</strong></span> <span class='ocrx_word' id='word_1_92' title='bbox 1872 1447 2196 1507; x_wconf 68' lang='lat' dir='ltr'><strong>detrahunt,</strong></span> <span class='ocrx_word' id='word_1_93' title='bbox 2238 1444 2319 1498; x_wconf 87' lang='lat' dir='ltr'><strong>di-</strong></span> 
     </span>
    </p>
   </div>
   <div class='ocr_carea' id='block_1_14' title="bbox 731 1540 2319 1625">
    <p class='ocr_par' dir='ltr' id='par_1_14' title="bbox 731 1540 2319 1625">
     <span class='ocr_line' id='line_1_14' title="bbox 731 1540 2319 1625; baseline -0.014 -12"><span class='ocrx_word' id='word_1_94' title='bbox 731 1560 901 1613; x_wconf 71' lang='lat' dir='ltr'><strong>oenilo</strong></span> <span class='ocrx_word' id='word_1_95' title='bbox 932 1558 1112 1625; x_wconf 83' lang='lat' dir='ltr'><strong>ipsum</strong></span> <span class='ocrx_word' id='word_1_96' title='bbox 1163 1555 1415 1623; x_wconf 83' lang='lat' dir='ltr'><strong>ignorare</strong></span> <span class='ocrx_word' id='word_1_97' title='bbox 1450 1548 1628 1601; x_wconf 83' lang='lat' dir='ltr'><strong>Patris</strong></span> <span class='ocrx_word' id='word_1_98' title='bbox 1662 1546 1999 1599; x_wconf 79' lang='lat' dir='ltr'><strong>voluntatem</strong></span> <span class='ocrx_word' id='word_1_99' title='bbox 2025 1584 2038 1607; x_wconf 91' lang='lat'><strong>,</strong></span> <span class='ocrx_word' id='word_1_100' title='bbox 2086 1541 2178 1595; x_wconf 88' lang='lat' dir='ltr'><strong>sed</strong></span> <span class='ocrx_word' id='word_1_101' title='bbox 2211 1540 2319 1592; x_wconf 90' lang='lat' dir='ltr'><strong>alio</strong></span> 
     </span>
    </p>
   </div>
   <div class='ocr_carea' id='block_1_15' title="bbox 730 1634 2319 1719">
    <p class='ocr_par' dir='ltr' id='par_1_15' title="bbox 730 1634 2319 1719">
     <span class='ocr_line' id='line_1_15' title="bbox 730 1634 2319 1719; baseline -0.012 -15"><span class='ocrx_word' id='word_1_102' title='bbox 730 1652 992 1719; x_wconf 73' lang='lat' dir='ltr'><strong>magistro</strong></span> <span class='ocrx_word' id='word_1_103' title='bbox 1026 1648 1099 1701; x_wconf 89' lang='lat' dir='ltr'><strong>uti</strong></span> <span class='ocrx_word' id='word_1_104' title='bbox 1130 1640 1532 1714; x_wconf 81' lang='lat' dir='ltr'><strong>quodammodo</strong></span> <span class='ocrx_word' id='word_1_105' title='bbox 1554 1639 1619 1691; x_wconf 87' lang='lat' dir='ltr'><strong>ad</strong></span> <span class='ocrx_word' id='word_1_106' title='bbox 1648 1652 1766 1691; x_wconf 84' lang='lat' dir='ltr'><strong>eam</strong></span> <span class='ocrx_word' id='word_1_107' title='bbox 1791 1634 2225 1705; x_wconf 80' lang='lat' dir='ltr'><strong>perripieudam,</strong></span> <span class='ocrx_word' id='word_1_108' title='bbox 2253 1647 2319 1686; x_wconf 93' lang='lat' dir='ltr'><strong>eo</strong></span> 
     </span>
    </p>
   </div>
   <div class='ocr_carea' id='block_1_16' title="bbox 731 1727 2314 1809">
    <p class='ocr_par' dir='ltr' id='par_1_16' title="bbox 731 1727 2314 1809">
     <span class='ocr_line' id='line_1_16' title="bbox 731 1727 2314 1809; baseline -0.013 -11"><span class='ocrx_word' id='word_1_109' title='bbox 731 1746 987 1798; x_wconf 84' lang='lat' dir='ltr'><strong>nimirum</strong></span> <span class='ocrx_word' id='word_1_110' title='bbox 1022 1740 1163 1809; x_wconf 89' lang='lat' dir='ltr'><strong>quod</strong></span> <span class='ocrx_word' id='word_1_111' title='bbox 1198 1736 1300 1806; x_wconf 87' lang='lat' dir='ltr'><strong>ipsi</strong></span> <span class='ocrx_word' id='word_1_112' title='bbox 1339 1732 1837 1789; x_wconf 85' lang='lat' dir='ltr'><strong>comminiscuntur</strong></span> <span class='ocrx_word' id='word_1_113' title='bbox 1871 1728 2050 1782; x_wconf 82' lang='lat' dir='ltr'><strong>Verbo</strong></span> <span class='ocrx_word' id='word_1_114' title='bbox 2080 1727 2314 1789; x_wconf 88' lang='lat' dir='ltr'><strong>interno,</strong></span> 
     </span>
    </p>
   </div>
   <div class='ocr_carea' id='block_1_17' title="bbox 730 1820 2319 1896">
    <p class='ocr_par' dir='ltr' id='par_1_17' title="bbox 730 1820 2319 1896">
     <span class='ocr_line' id='line_1_17' title="bbox 730 1820 2319 1896; baseline -0.011 -9"><span class='ocrx_word' id='word_1_115' title='bbox 730 1839 915 1892; x_wconf 67' lang='lat' dir='ltr'><strong>dicunt</strong></span> <span class='ocrx_word' id='word_1_116' title='bbox 955 1835 1145 1896; x_wconf 73' lang='lat' dir='ltr'><strong>nobis,</strong></span> <span class='ocrx_word' id='word_1_117' title='bbox 1192 1831 1235 1886; x_wconf 84' lang='lat' dir='ltr'><strong>si</strong></span> <span class='ocrx_word' id='word_1_118' title='bbox 1280 1844 1434 1884; x_wconf 82' lang='lat' dir='ltr'><strong>suam</strong></span> <span class='ocrx_word' id='word_1_119' title='bbox 1469 1824 1791 1881; x_wconf 86' lang='lat' dir='ltr'><strong>sententiam</strong></span> <span class='ocrx_word' id='word_1_120' title='bbox 1826 1820 2161 1891; x_wconf 85' lang='lat' dir='ltr'><strong>sequendam</strong></span> <span class='ocrx_word' id='word_1_121' title='bbox 2196 1833 2319 1873; x_wconf 89' lang='lat' dir='ltr'><strong>esse</strong></span> 
     </span>
    </p>
   </div>
   <div class='ocr_carea' id='block_1_18' title="bbox 730 1912 2315 1999">
    <p class='ocr_par' dir='ltr' id='par_1_18' title="bbox 730 1912 2315 1999">
     <span class='ocr_line' id='line_1_18' title="bbox 730 1912 2315 1999; baseline -0.011 -18"><span class='ocrx_word' id='word_1_122' title='bbox 730 1937 939 1999; x_wconf 82' lang='lat' dir='ltr'><strong>putant,</strong></span> <span class='ocrx_word' id='word_1_123' title='bbox 982 1935 1162 1981; x_wconf 89' lang='lat' dir='ltr'><strong>utrmu</strong></span> <span class='ocrx_word' id='word_1_124' title='bbox 1199 1921 1408 1991; x_wconf 68' lang='lat' dir='ltr'><strong>aequale</strong></span> <span class='ocrx_word' id='word_1_125' title='bbox 1450 1915 1752 1973; x_wconf 84' lang='lat' dir='ltr'><strong>secundum</strong></span> <span class='ocrx_word' id='word_1_126' title='bbox 1786 1924 2036 1969; x_wconf 84' lang='lat' dir='ltr'><strong>naturam</strong></span> <span class='ocrx_word' id='word_1_127' title='bbox 2073 1912 2315 1967; x_wconf 86' lang='lat' dir='ltr'><strong>Verbum</strong></span> 
     </span>
    </p>
   </div>
   <div class='ocr_carea' id='block_1_19' title="bbox 730 2006 2317 2077">
    <p class='ocr_par' dir='ltr' id='par_1_19' title="bbox 730 2006 2317 2077">
     <span class='ocr_line' id='line_1_19' title="bbox 730 2006 2317 2077; baseline -0.011 0"><span class='ocrx_word' id='word_1_128' title='bbox 730 2023 862 2077; x_wconf 86' lang='lat' dir='ltr'><strong>illud</strong></span> <span class='ocrx_word' id='word_1_129' title='bbox 888 2024 1161 2076; x_wconf 83' lang='lat' dir='ltr'><strong>internum</strong></span> <span class='ocrx_word' id='word_1_130' title='bbox 1192 2016 1245 2070; x_wconf 92' lang='lat' dir='ltr'><strong>in</strong></span> <span class='ocrx_word' id='word_1_131' title='bbox 1279 2014 1418 2069; x_wconf 80' lang='lat' dir='ltr'><strong>Filio</strong></span> <span class='ocrx_word' id='word_1_132' title='bbox 1442 2013 1625 2066; x_wconf 91' lang='lat' dir='ltr'><strong>dicent</strong></span> <span class='ocrx_word' id='word_1_133' title='bbox 1647 2010 1915 2064; x_wconf 83' lang='lat' dir='ltr'><strong>exsistere</strong></span> <span class='ocrx_word' id='word_1_134' title='bbox 1936 2006 2317 2076; x_wconf 84' lang='lat' dir='ltr'><strong>(supponimus</strong></span> 
     </span>
    </p>
   </div>
   <div class='ocr_carea' id='block_1_20' title="bbox 730 2098 2316 2183">
    <p class='ocr_par' dir='ltr' id='par_1_20' title="bbox 730 2098 2316 2183">
     <span class='ocr_line' id='line_1_20' title="bbox 730 2098 2316 2183; baseline -0.01 -16"><span class='ocrx_word' id='word_1_135' title='bbox 730 2118 871 2169; x_wconf 71' lang='lat' dir='ltr'><strong>cnim</strong></span> <span class='ocrx_word' id='word_1_136' title='bbox 926 2115 1101 2183; x_wconf 89' lang='lat' dir='ltr'><strong>ipsum</strong></span> <span class='ocrx_word' id='word_1_137' title='bbox 1143 2124 1236 2179; x_wconf 89' lang='lat' dir='ltr'><strong>per</strong></span> <span class='ocrx_word' id='word_1_138' title='bbox 1277 2123 1334 2163; x_wconf 88' lang='lat' dir='ltr'><strong>se</strong></span> <span class='ocrx_word' id='word_1_139' title='bbox 1371 2104 1710 2175; x_wconf 73' lang='lat' dir='ltr'><strong>liypOstatice</strong></span> <span class='ocrx_word' id='word_1_140' title='bbox 1749 2098 2056 2169; x_wconf 76' lang='lat' dir='ltr'><strong>exsistere),</strong></span> <span class='ocrx_word' id='word_1_141' title='bbox 2092 2106 2185 2151; x_wconf 89' lang='lat' dir='ltr'><strong>aut</strong></span> <span class='ocrx_word' id='word_1_142' title='bbox 2209 2112 2316 2151; x_wconf 92' lang='lat' dir='ltr'><strong>non</strong></span> 
     </span>
    </p>
   </div>
   <div class='ocr_carea' id='block_1_21' title="bbox 730 2188 2319 2278">
    <p class='ocr_par' dir='ltr' id='par_1_21' title="bbox 730 2188 2319 2278">
     <span class='ocr_line' id='line_1_21' title="bbox 730 2188 2319 2278; baseline -0.015 -15"><span class='ocrx_word' id='word_1_143' title='bbox 730 2208 936 2278; x_wconf 64' lang='lat' dir='ltr'><strong>aequale</strong></span> <span class='ocrx_word' id='word_1_144' title='bbox 980 2205 1231 2275; x_wconf 84' lang='lat' dir='ltr'><strong>quidem,</strong></span> <span class='ocrx_word' id='word_1_145' title='bbox 1292 2197 1387 2253; x_wconf 78' lang='lat' dir='ltr'><strong>sed</strong></span> <span class='ocrx_word' id='word_1_146' title='bbox 1439 2196 1682 2251; x_wconf 86' lang='lat' dir='ltr'><strong>deterius</strong></span> <span class='ocrx_word' id='word_1_147' title='bbox 1728 2188 2163 2262; x_wconf 86' lang='lat' dir='ltr'><strong>quodammodo,</strong></span> <span class='ocrx_word' id='word_1_148' title='bbox 2224 2193 2319 2241; x_wconf 89' lang='lat' dir='ltr'><strong>aut</strong></span> 
     </span>
    </p>
   </div>
   <div class='ocr_carea' id='block_1_22' title="bbox 730 2285 2317 2367">
    <p class='ocr_par' dir='ltr' id='par_1_22' title="bbox 730 2285 2317 2367">
     <span class='ocr_line' id='line_1_22' title="bbox 730 2285 2317 2367; baseline -0.013 -16"><span class='ocrx_word' id='word_1_149' title='bbox 730 2310 879 2355; x_wconf 61' lang='lat' dir='ltr'><strong>certe</strong></span> <span class='ocrx_word' id='word_1_150' title='bbox 920 2297 1193 2367; x_wconf 86' lang='lat' dir='ltr'><strong>superius.</strong></span> <span class='ocrx_word' id='word_1_151' title='bbox 1252 2292 1307 2345; x_wconf 86' lang='lat' dir='ltr'><strong>Si</strong></span> <span class='ocrx_word' id='word_1_152' title='bbox 1357 2305 1486 2357; x_wconf 74' lang='lat' dir='ltr'><strong>ergo</strong></span> <span class='ocrx_word' id='word_1_153' title='bbox 1524 2286 1708 2341; x_wconf 90' lang='lat' dir='ltr'><strong>minus</strong></span> <span class='ocrx_word' id='word_1_154' title='bbox 1758 2285 1935 2353; x_wconf 91' lang='lat' dir='ltr'><strong>ipsum</strong></span> <span class='ocrx_word' id='word_1_155' title='bbox 1983 2296 2105 2335; x_wconf 89' lang='lat' dir='ltr'><strong>esse</strong></span> <span class='ocrx_word' id='word_1_156' title='bbox 2160 2286 2317 2349; x_wconf 90' lang='lat' dir='ltr'><strong>puta-</strong></span> 
     </span>
    </p>
   </div>
   <div class='ocr_carea' id='block_1_23' title="bbox 734 2372 2321 2454">
    <p class='ocr_par' dir='ltr' id='par_1_23' title="bbox 734 2372 2321 2454">
     <span class='ocr_line' id='line_1_23' title="bbox 734 2372 2321 2454; baseline -0.013 -10"><span class='ocrx_word' id='word_1_157' title='bbox 734 2394 889 2451; x_wconf 89' lang='lat' dir='ltr'><strong>bunt,</strong></span> <span class='ocrx_word' id='word_1_158' title='bbox 920 2389 972 2441; x_wconf 93' lang='lat' dir='ltr'><strong>in</strong></span> <span class='ocrx_word' id='word_1_159' title='bbox 998 2389 1173 2454; x_wconf 87' lang='lat' dir='ltr'><strong>ipsum</strong></span> <span class='ocrx_word' id='word_1_160' title='bbox 1200 2384 1367 2437; x_wconf 88' lang='lat' dir='ltr'><strong>etiam</strong></span> <span class='ocrx_word' id='word_1_161' title='bbox 1401 2378 1617 2432; x_wconf 84' lang='lat' dir='ltr'><strong>Patrem</strong></span> <span class='ocrx_word' id='word_1_162' title='bbox 1644 2374 1806 2444; x_wconf 89' lang='lat' dir='ltr'><strong>impie</strong></span> <span class='ocrx_word' id='word_1_163' title='bbox 1836 2372 2143 2443; x_wconf 87' lang='lat' dir='ltr'><strong>peccabunt</strong></span> <span class='ocrx_word' id='word_1_164' title='bbox 2177 2372 2321 2425; x_wconf 90' lang='lat' dir='ltr'><strong>:erit</strong></span> 
     </span>
    </p>
   </div>
   <div class='ocr_carea' id='block_1_24' title="bbox 730 2462 2321 2547">
    <p class='ocr_par' dir='ltr' id='par_1_24' title="bbox 730 2462 2321 2547">
     <span class='ocr_line' id='line_1_24' title="bbox 730 2462 2321 2547; baseline -0.011 -14"><span class='ocrx_word' id='word_1_165' title='bbox 730 2481 875 2534; x_wconf 73' lang='lat' dir='ltr'><strong>enim</strong></span> <span class='ocrx_word' id='word_1_166' title='bbox 912 2476 1171 2547; x_wconf 88' lang='lat' dir='ltr'><strong>utiquein</strong></span> <span class='ocrx_word' id='word_1_167' title='bbox 1208 2475 1326 2543; x_wconf 91' lang='lat' dir='ltr'><strong>ipso</strong></span> <span class='ocrx_word' id='word_1_168' title='bbox 1359 2469 1561 2539; x_wconf 87' lang='lat' dir='ltr'><strong>aliquid</strong></span> <span class='ocrx_word' id='word_1_169' title='bbox 1594 2467 1776 2521; x_wconf 91' lang='lat' dir='ltr'><strong>minus</strong></span> <span class='ocrx_word' id='word_1_170' title='bbox 1819 2467 1968 2534; x_wconf 89' lang='lat' dir='ltr'><strong>ipso,</strong></span> <span class='ocrx_word' id='word_1_171' title='bbox 1995 2473 2047 2517; x_wconf 91' lang='lat' dir='ltr'><strong>et</strong></span> <span class='ocrx_word' id='word_1_172' title='bbox 2075 2462 2223 2517; x_wconf 88' lang='lat' dir='ltr'><strong>aliud</strong></span> <span class='ocrx_word' id='word_1_173' title='bbox 2252 2462 2321 2516; x_wconf 91' lang='lat' dir='ltr'><strong>ab</strong></span> 
     </span>
    </p>
   </div>
   <div class='ocr_carea' id='block_1_25' title="bbox 733 2554 2318 2640">
    <p class='ocr_par' dir='ltr' id='par_1_25' title="bbox 733 2554 2318 2640">
     <span class='ocr_line' id='line_1_25' title="bbox 733 2554 2318 2640; baseline -0.011 -15"><span class='ocrx_word' id='word_1_174' title='bbox 733 2574 853 2640; x_wconf 76' lang='lat' dir='ltr'><strong>ipso</strong></span> <span class='ocrx_word' id='word_1_175' title='bbox 876 2610 889 2631; x_wconf 91' lang='lat'><strong>,</strong></span> <span class='ocrx_word' id='word_1_176' title='bbox 918 2571 1020 2624; x_wconf 88' lang='lat' dir='ltr'><strong>boc</strong></span> <span class='ocrx_word' id='word_1_177' title='bbox 1053 2576 1135 2622; x_wconf 90' lang='lat' dir='ltr'><strong>est</strong></span> <span class='ocrx_word' id='word_1_178' title='bbox 1156 2605 1169 2628; x_wconf 89' lang='lat'><strong>,</strong></span> <span class='ocrx_word' id='word_1_179' title='bbox 1214 2565 1486 2619; x_wconf 82' lang='lat' dir='ltr'><strong>internum</strong></span> <span class='ocrx_word' id='word_1_180' title='bbox 1519 2558 1650 2613; x_wconf 87' lang='lat' dir='ltr'><strong>illud</strong></span> <span class='ocrx_word' id='word_1_181' title='bbox 1688 2556 1951 2612; x_wconf 72' lang='lat' dir='ltr'><strong>Verbum.</strong></span> <span class='ocrx_word' id='word_1_182' title='bbox 2008 2554 2105 2608; x_wconf 89' lang='lat' dir='ltr'><strong>Sin</strong></span> <span class='ocrx_word' id='word_1_183' title='bbox 2135 2562 2318 2608; x_wconf 89' lang='lat' dir='ltr'><strong>autem</strong></span> 
     </span>
    </p>
   </div>
   <div class='ocr_carea' id='block_1_26' title="bbox 733 2646 2322 2731">
    <p class='ocr_par' dir='ltr' id='par_1_26' title="bbox 733 2646 2322 2731">
     <span class='ocr_line' id='line_1_26' title="bbox 733 2646 2322 2731; baseline -0.008 -18"><span class='ocrx_word' id='word_1_184' title='bbox 733 2662 976 2718; x_wconf 79' lang='lat' dir='ltr'><strong>deterius</strong></span> <span class='ocrx_word' id='word_1_185' title='bbox 1005 2659 1225 2731; x_wconf 85' lang='lat' dir='ltr'><strong>quidem</strong></span> <span class='ocrx_word' id='word_1_186' title='bbox 1261 2671 1383 2711; x_wconf 78' lang='lat' dir='ltr'><strong>esse</strong></span> <span class='ocrx_word' id='word_1_187' title='bbox 1417 2669 1523 2708; x_wconf 93' lang='lat' dir='ltr'><strong>non</strong></span> <span class='ocrx_word' id='word_1_188' title='bbox 1555 2653 1756 2715; x_wconf 88' lang='lat' dir='ltr'><strong>dicent,</strong></span> <span class='ocrx_word' id='word_1_189' title='bbox 1791 2650 1886 2705; x_wconf 88' lang='lat' dir='ltr'><strong>sed</strong></span> <span class='ocrx_word' id='word_1_190' title='bbox 1922 2646 2322 2719; x_wconf 71' lang='lat' dir='ltr'><strong>praestantioris</strong></span> 
     </span>
    </p>
   </div>
   <div class='ocr_carea' id='block_1_27' title="bbox 734 2736 2311 2823">
    <p class='ocr_par' dir='ltr' id='par_1_27' title="bbox 734 2736 2311 2823">
     <span class='ocr_line' id='line_1_27' title="bbox 734 2736 2311 2823; baseline -0.009 -14"><span class='ocrx_word' id='word_1_191' title='bbox 734 2764 914 2809; x_wconf 86' lang='lat' dir='ltr'><strong>status</strong></span> <span class='ocrx_word' id='word_1_192' title='bbox 945 2766 1106 2823; x_wconf 88' lang='lat' dir='ltr'><strong>quam</strong></span> <span class='ocrx_word' id='word_1_193' title='bbox 1126 2750 1345 2811; x_wconf 80' lang='lat' dir='ltr'><strong>Filium,</strong></span> <span class='ocrx_word' id='word_1_194' title='bbox 1371 2744 1620 2800; x_wconf 75' lang='lat' dir='ltr'><strong>bifariam</strong></span> <span class='ocrx_word' id='word_1_195' title='bbox 1650 2742 1810 2797; x_wconf 88' lang='lat' dir='ltr'><strong>Pater</strong></span> <span class='ocrx_word' id='word_1_196' title='bbox 1837 2741 2063 2795; x_wconf 66' lang='lat' dir='ltr'><strong>lmdetur</strong></span> <span class='ocrx_word' id='word_1_197' title='bbox 2086 2739 2140 2794; x_wconf 91' lang='lat' dir='ltr'><strong>in</strong></span> <span class='ocrx_word' id='word_1_198' title='bbox 2157 2736 2311 2795; x_wconf 79' lang='lat' dir='ltr'><strong>Filio.</strong></span> 
     </span>
    </p>
   </div>
   <div class='ocr_carea' id='block_1_28' title="bbox 734 2830 2321 2902">
    <p class='ocr_par' dir='ltr' id='par_1_28' title="bbox 734 2830 2321 2902">
     <span class='ocr_line' id='line_1_28' title="bbox 734 2830 2321 2902; baseline -0.01 -3"><span class='ocrx_word' id='word_1_199' title='bbox 734 2846 977 2900; x_wconf 90' lang='lat' dir='ltr'><strong>Primum</strong></span> <span class='ocrx_word' id='word_1_200' title='bbox 1013 2842 1157 2896; x_wconf 90' lang='lat' dir='ltr'><strong>enim</strong></span> <span class='ocrx_word' id='word_1_201' title='bbox 1198 2839 1463 2892; x_wconf 84' lang='lat' dir='ltr'><strong>minorem</strong></span> <span class='ocrx_word' id='word_1_202' title='bbox 1505 2851 1565 2891; x_wconf 90' lang='lat' dir='ltr'><strong>se</strong></span> <span class='ocrx_word' id='word_1_203' title='bbox 1600 2833 1796 2887; x_wconf 85' lang='lat' dir='ltr'><strong>Filium</strong></span> <span class='ocrx_word' id='word_1_204' title='bbox 1836 2832 2093 2902; x_wconf 79' lang='lat' dir='ltr'><strong>genuisse</strong></span> <span class='ocrx_word' id='word_1_205' title='bbox 2128 2830 2321 2899; x_wconf 80' lang='lat' dir='ltr'><strong>depre-</strong></span> 
     </span>
    </p>
   </div>
   <div class='ocr_carea' id='block_1_29' title="bbox 739 2922 2320 2995">
    <p class='ocr_par' dir='ltr' id='par_1_29' title="bbox 739 2922 2320 2995">
     <span class='ocr_line' id='line_1_29' title="bbox 739 2922 2320 2995; baseline -0.013 -4"><span class='ocrx_word' id='word_1_206' title='bbox 739 2936 1005 2991; x_wconf 75' lang='lat' dir='ltr'><strong>lieivletur</strong></span> <span class='ocrx_word' id='word_1_207' title='bbox 1030 2951 1041 2985; x_wconf 93' lang='lat'>:</span> <span class='ocrx_word' id='word_1_208' title='bbox 1068 2928 1265 2983; x_wconf 88' lang='lat' dir='ltr'><strong>deinde</strong></span> <span class='ocrx_word' id='word_1_209' title='bbox 1284 2929 1539 2995; x_wconf 61' lang='lat' dir='ltr'><strong>superius</strong></span> <span class='ocrx_word' id='word_1_210' title='bbox 1559 2939 1624 2979; x_wconf 88' lang='lat' dir='ltr'><strong>se</strong></span> <span class='ocrx_word' id='word_1_211' title='bbox 1643 2922 1928 2977; x_wconf 86' lang='lat' dir='ltr'><strong>habiturus</strong></span> <span class='ocrx_word' id='word_1_212' title='bbox 1949 2922 2320 2975; x_wconf 89' lang='lat' dir='ltr'><strong>estiuternum</strong></span> 
     </span>
    </p>
   </div>
   <div class='ocr_carea' id='block_1_30' title="bbox 744 3010 2321 3087">
    <p class='ocr_par' dir='ltr' id='par_1_30' title="bbox 744 3010 2321 3087">
     <span class='ocr_line' id='line_1_30' title="bbox 744 3010 2321 3087; baseline -0.01 -8"><span class='ocrx_word' id='word_1_213' title='bbox 744 3029 1010 3087; x_wconf 66' lang='lat' dir='ltr'><strong>Verbum,</strong></span> <span class='ocrx_word' id='word_1_214' title='bbox 1053 3024 1100 3077; x_wconf 92' lang='lat' dir='ltr'><strong>si</strong></span> <span class='ocrx_word' id='word_1_215' title='bbox 1134 3021 1296 3074; x_wconf 89' lang='lat' dir='ltr'><strong>Pater</strong></span> <span class='ocrx_word' id='word_1_216' title='bbox 1334 3028 1418 3073; x_wconf 80' lang='lat' dir='ltr'><strong>est</strong></span> <span class='ocrx_word' id='word_1_217' title='bbox 1470 3014 1959 3071; x_wconf 89' lang='lat' dir='ltr'><strong>consubstantialis</strong></span> <span class='ocrx_word' id='word_1_218' title='bbox 2001 3010 2179 3074; x_wconf 86' lang='lat' dir='ltr'><strong>Filio,</strong></span> <span class='ocrx_word' id='word_1_219' title='bbox 2225 3010 2321 3080; x_wconf 92' lang='lat' dir='ltr'><strong>qui</strong></span> 
     </span>
    </p>
   </div>
   <div class='ocr_carea' id='block_1_31' title="bbox 735 3100 2323 3173">
    <p class='ocr_par' dir='ltr' id='par_1_31' title="bbox 735 3100 2323 3173">
     <span class='ocr_line' id='line_1_31' title="bbox 735 3100 2323 3173; baseline -0.009 -4"><span class='ocrx_word' id='word_1_220' title='bbox 735 3131 922 3169; x_wconf 80' lang='lat' dir='ltr'><strong>eorum</strong></span> <span class='ocrx_word' id='word_1_221' title='bbox 956 3111 1224 3167; x_wconf 83' lang='lat' dir='ltr'><strong>sententia</strong></span> <span class='ocrx_word' id='word_1_222' title='bbox 1254 3108 1429 3162; x_wconf 84' lang='lat' dir='ltr'><strong>minor</strong></span> <span class='ocrx_word' id='word_1_223' title='bbox 1455 3115 1539 3161; x_wconf 85' lang='lat' dir='ltr'><strong>est</strong></span> <span class='ocrx_word' id='word_1_224' title='bbox 1572 3104 1767 3159; x_wconf 88' lang='lat' dir='ltr'><strong>Verbo.</strong></span> <span class='ocrx_word' id='word_1_225' title='bbox 1804 3103 1910 3159; x_wconf 90' lang='lat' dir='ltr'><strong>Sed</strong></span> <span class='ocrx_word' id='word_1_226' title='bbox 1943 3102 2172 3173; x_wconf 86' lang='lat' dir='ltr'><strong>fugient,</strong></span> <span class='ocrx_word' id='word_1_227' title='bbox 2203 3100 2323 3170; x_wconf 89' lang='lat' dir='ltr'><strong>opi-</strong></span> 
     </span>
    </p>
   </div>
   <div class='ocr_carea' id='block_1_32' title="bbox 2421 610 4003 685">
    <p class='ocr_par' dir='ltr' id='par_1_32' title="bbox 2421 610 4003 685">
     <span class='ocr_line' id='line_1_32' title="bbox 2421 610 4003 685; baseline -0.003 -17"><span class='ocrx_word' id='word_1_228' title='bbox 2421 614 2649 685; x_wconf 80' lang='grc' dir='ltr'><strong>Πνεῦμα</strong></span> <span class='ocrx_word' id='word_1_229' title='bbox 2675 614 2770 668; x_wconf 88' lang='grc' dir='ltr'><strong>τοῦ</strong></span> <span class='ocrx_word' id='word_1_230' title='bbox 2790 613 2928 668; x_wconf 84' lang='grc' dir='ltr'>Θεοῦ</span> <span class='ocrx_word' id='word_1_231' title='bbox 2960 613 3022 665; x_wconf 76' lang='grc' dir='ltr'>τὸ</span> <span class='ocrx_word' id='word_1_232' title='bbox 3047 615 3112 666; x_wconf 76' lang='lat' dir='ltr'><strong>tv</strong></span> <span class='ocrx_word' id='word_1_233' title='bbox 3135 610 3306 682; x_wconf 79' lang='grc' dir='ltr'>αὐτῷ.</span> <span class='ocrx_word' id='word_1_234' title='bbox 3344 612 3503 665; x_wconf 75' lang='grc' dir='ltr'>»Ὅτε</span> <span class='ocrx_word' id='word_1_235' title='bbox 3535 612 3713 665; x_wconf 65' lang='grc' dir='ltr'>τοίων</span> <span class='ocrx_word' id='word_1_236' title='bbox 3733 614 3793 665; x_wconf 77' lang='grc' dir='ltr'>τὸ</span> <span class='ocrx_word' id='word_1_237' title='bbox 3832 612 4003 665; x_wconf 84' lang='grc' dir='ltr'>πάντα</span> 
     </span>
    </p>
   </div>
   <div class='ocr_carea' id='block_1_33' title="bbox 2422 703 4002 779">
    <p class='ocr_par' dir='ltr' id='par_1_33' title="bbox 2422 703 4002 779">
     <span class='ocr_line' id='line_1_33' title="bbox 2422 703 4002 779; baseline -0.002 -21"><span class='ocrx_word' id='word_1_238' title='bbox 2422 706 2749 779; x_wconf 77' lang='grc' dir='ltr'>ἐξακριϐοῦν</span> <span class='ocrx_word' id='word_1_239' title='bbox 2771 707 2929 775; x_wconf 79' lang='grc' dir='ltr'>άγιον</span> <span class='ocrx_word' id='word_1_240' title='bbox 2945 705 3191 775; x_wconf 86' lang='grc' dir='ltr'>Πνεῦμα.</span> <span class='ocrx_word' id='word_1_241' title='bbox 3218 705 3281 757; x_wconf 81' lang='grc' dir='ltr'><strong>οὑ</strong></span> <span class='ocrx_word' id='word_1_242' title='bbox 3311 705 3471 773; x_wconf 83' lang='grc' dir='ltr'>μόνον</span> <span class='ocrx_word' id='word_1_243' title='bbox 3493 703 3588 756; x_wconf 89' lang='grc' dir='ltr'><strong>τοῦ</strong></span> <span class='ocrx_word' id='word_1_244' title='bbox 3605 704 3815 774; x_wconf 82' lang='grc' dir='ltr'>Πατρός</span> <span class='ocrx_word' id='word_1_245' title='bbox 3838 707 4002 767; x_wconf 85' lang='grc' dir='ltr'>ἐστιν,</span> 
     </span>
    </p>
   </div>
   <div class='ocr_carea' id='block_1_34' title="bbox 2418 795 4006 875">
    <p class='ocr_par' dir='ltr' id='par_1_34' title="bbox 2418 795 4006 875">
     <span class='ocr_line' id='line_1_34' title="bbox 2418 795 4006 875; baseline -0.002 -24"><span class='ocrx_word' id='word_1_246' title='bbox 2418 801 2556 852; x_wconf 67' lang='grc' dir='ltr'>ἀλλὰ</span> <span class='ocrx_word' id='word_1_247' title='bbox 2586 801 2680 853; x_wconf 78' lang='grc' dir='ltr'>καὶ</span> <span class='ocrx_word' id='word_1_248' title='bbox 2711 799 2807 852; x_wconf 85' lang='grc' dir='ltr'><strong>τοῦ</strong></span> <span class='ocrx_word' id='word_1_249' title='bbox 2852 797 3014 861; x_wconf 83' lang='grc' dir='ltr'>Υίοῦ,</span> <span class='ocrx_word' id='word_1_250' title='bbox 3055 797 3174 860; x_wconf 83' lang='grc' dir='ltr'><strong>πῶς</strong></span> <span class='ocrx_word' id='word_1_251' title='bbox 3198 796 3278 850; x_wconf 76' lang='grc' dir='ltr'><strong>ἐτι</strong></span> <span class='ocrx_word' id='word_1_252' title='bbox 3308 797 3493 875; x_wconf 72' lang='grc' dir='ltr'>λοιπὸν</span> <span class='ocrx_word' id='word_1_253' title='bbox 3516 798 3779 867; x_wconf 74' lang='grc' dir='ltr'>άγνοήσαι</span> <span class='ocrx_word' id='word_1_254' title='bbox 3809 814 3862 849; x_wconf 85' lang='grc' dir='ltr'><strong>τι</strong></span> <span class='ocrx_word' id='word_1_255' title='bbox 3898 795 4006 848; x_wconf 85' lang='grc' dir='ltr'><strong>τῶν</strong></span> 
     </span>
    </p>
   </div>
   <div class='ocr_carea' id='block_1_35' title="bbox 2420 886 4005 963">
    <p class='ocr_par' dir='ltr' id='par_1_35' title="bbox 2420 886 4005 963">
     <span class='ocr_line' id='line_1_35' title="bbox 2420 886 4005 963; baseline -0.003 -17"><span class='ocrx_word' id='word_1_256' title='bbox 2420 894 2476 946; x_wconf 87' lang='grc' dir='ltr'><strong>ἐν</strong></span> <span class='ocrx_word' id='word_1_257' title='bbox 2495 893 2573 963; x_wconf 84' lang='grc' dir='ltr'>τῷ</span> <span class='ocrx_word' id='word_1_258' title='bbox 2598 894 2949 963; x_wconf 82' lang='grc' dir='ltr'><strong>γεγεννηκότι</strong></span> <span class='ocrx_word' id='word_1_259' title='bbox 2974 890 3037 944; x_wconf 81' lang='grc' dir='ltr'>τὸ</span> <span class='ocrx_word' id='word_1_260' title='bbox 3058 890 3280 961; x_wconf 82' lang='grc' dir='ltr'>Πνεῦμα</span> <span class='ocrx_word' id='word_1_261' title='bbox 3307 889 3447 960; x_wconf 77' lang='grc' dir='ltr'>ἔχων</span> <span class='ocrx_word' id='word_1_262' title='bbox 3471 891 3528 943; x_wconf 85' lang='grc' dir='ltr'><strong>ἐν</strong></span> <span class='ocrx_word' id='word_1_263' title='bbox 3557 888 3736 959; x_wconf 81' lang='grc' dir='ltr'>ἐαυτῷ</span> <span class='ocrx_word' id='word_1_264' title='bbox 3762 886 4005 957; x_wconf 80' lang='grc' dir='ltr'>φυσικῶς</span> 
     </span>
    </p>
   </div>
   <div class='ocr_carea' id='block_1_36' title="bbox 2417 981 4007 1053">
    <p class='ocr_par' dir='ltr' id='par_1_36' title="bbox 2417 981 4007 1053">
     <span class='ocr_line' id='line_1_36' title="bbox 2417 981 4007 1053; baseline -0.002 -18"><span class='ocrx_word' id='word_1_265' title='bbox 2417 984 2479 1037; x_wconf 82' lang='grc' dir='ltr'>τὸ</span> <span class='ocrx_word' id='word_1_266' title='bbox 2533 985 2711 1038; x_wconf 86' lang='grc' dir='ltr'>πάντα</span> <span class='ocrx_word' id='word_1_267' title='bbox 2760 984 2939 1048; x_wconf 73' lang='grc' dir='ltr'>εἰδός;</span> <span class='ocrx_word' id='word_1_268' title='bbox 2980 983 3191 1036; x_wconf 88' lang='grc' dir='ltr'>Οὑκοῦν</span> <span class='ocrx_word' id='word_1_269' title='bbox 3230 982 3487 1053; x_wconf 73' lang='grc' dir='ltr'>περιττὸν</span> <span class='ocrx_word' id='word_1_270' title='bbox 3519 982 3620 1051; x_wconf 71' lang='grc' dir='ltr'>ἤδη</span> <span class='ocrx_word' id='word_1_271' title='bbox 3658 985 3903 1050; x_wconf 82' lang='grc' dir='ltr'>φανεῖται</span> <span class='ocrx_word' id='word_1_272' title='bbox 3947 981 4007 1033; x_wconf 71' lang='grc' dir='ltr'>τὸ</span> 
     </span>
    </p>
   </div>
   <div class='ocr_carea' id='block_1_37' title="bbox 2418 1074 4003 1148">
    <p class='ocr_par' dir='ltr' id='par_1_37' title="bbox 2418 1074 4003 1148">
     <span class='ocr_line' id='line_1_37' title="bbox 2418 1074 4003 1148; baseline -0.003 -18"><span class='ocrx_word' id='word_1_273' title='bbox 2418 1076 2487 1130; x_wconf 84' lang='grc' dir='ltr'><strong>δι’</strong></span> <span class='ocrx_word' id='word_1_274' title='bbox 2524 1078 2710 1148; x_wconf 83' lang='grc' dir='ltr'>ἐτέρου</span> <span class='ocrx_word' id='word_1_275' title='bbox 2763 1076 3056 1147; x_wconf 77' lang='grc' dir='ltr'>μανθάνειν</span> <span class='ocrx_word' id='word_1_276' title='bbox 3087 1075 3298 1129; x_wconf 70' lang='grc' dir='ltr'>οἴεσθαι</span> <span class='ocrx_word' id='word_1_277' title='bbox 3329 1076 3423 1129; x_wconf 79' lang='grc' dir='ltr'>τὸν</span> <span class='ocrx_word' id='word_1_278' title='bbox 3459 1074 3591 1128; x_wconf 76' lang='grc' dir='ltr'>Υῑδν</span> <span class='ocrx_word' id='word_1_279' title='bbox 3625 1074 3724 1146; x_wconf 74' lang='grc' dir='ltr'>τὴν</span> <span class='ocrx_word' id='word_1_280' title='bbox 3748 1075 3843 1127; x_wconf 83' lang='grc' dir='ltr'><strong>τοῦ</strong></span> <span class='ocrx_word' id='word_1_281' title='bbox 3893 1075 4003 1127; x_wconf 85' lang='grc' dir='ltr'>Πα·</span> 
     </span>
    </p>
   </div>
   <div class='ocr_carea' id='block_1_38' title="bbox 2418 1165 4003 1240">
    <p class='ocr_par' dir='ltr' id='par_1_38' title="bbox 2418 1165 4003 1240">
     <span class='ocr_line' id='line_1_38' title="bbox 2418 1165 4003 1240; baseline -0.001 -20"><span class='ocrx_word' id='word_1_282' title='bbox 2418 1170 2547 1240; x_wconf 83' lang='grc' dir='ltr'>τρδς</span> <span class='ocrx_word' id='word_1_283' title='bbox 2578 1168 2818 1239; x_wconf 75' lang='grc' dir='ltr'>θέλησιν,</span> <span class='ocrx_word' id='word_1_284' title='bbox 2848 1167 3078 1239; x_wconf 81' lang='grc' dir='ltr'><strong>ἀργήσει</strong></span> <span class='ocrx_word' id='word_1_285' title='bbox 3105 1168 3162 1221; x_wconf 81' lang='grc' dir='ltr'>δὲ</span> <span class='ocrx_word' id='word_1_286' title='bbox 3200 1167 3419 1231; x_wconf 86' lang='grc' dir='ltr'>πάντως</span> <span class='ocrx_word' id='word_1_287' title='bbox 3442 1168 3476 1238; x_wconf 82' lang='grc' dir='ltr'><strong>ή</strong></span> <span class='ocrx_word' id='word_1_288' title='bbox 3499 1168 3655 1238; x_wconf 86' lang='grc' dir='ltr'>χρεία</span> <span class='ocrx_word' id='word_1_289' title='bbox 3692 1165 3784 1220; x_wconf 89' lang='grc' dir='ltr'><strong>τοῦ</strong></span> <span class='ocrx_word' id='word_1_290' title='bbox 3828 1167 4003 1237; x_wconf 82' lang='grc' dir='ltr'>μάτην</span> 
     </span>
    </p>
   </div>
   <div class='ocr_carea' id='block_1_39' title="bbox 2424 1258 4002 1329">
    <p class='ocr_par' dir='ltr' id='par_1_39' title="bbox 2424 1258 4002 1329">
     <span class='ocr_line' id='line_1_39' title="bbox 2424 1258 4002 1329; baseline -0.001 -17"><span class='ocrx_word' id='word_1_291' title='bbox 2424 1259 2801 1329; x_wconf 82' lang='grc' dir='ltr'>μεσιτεύοντος</span> <span class='ocrx_word' id='word_1_292' title='bbox 2824 1260 2997 1327; x_wconf 81' lang='grc' dir='ltr'><strong>Λόγου</strong></span> <span class='ocrx_word' id='word_1_293' title='bbox 3017 1300 3033 1322; x_wconf 94' lang='grc'><strong>,</strong></span> <span class='ocrx_word' id='word_1_294' title='bbox 3066 1262 3209 1311; x_wconf 70' lang='grc' dir='ltr'>κατὰ</span> <span class='ocrx_word' id='word_1_295' title='bbox 3239 1259 3341 1328; x_wconf 84' lang='grc' dir='ltr'>τὴν</span> <span class='ocrx_word' id='word_1_296' title='bbox 3374 1258 3598 1312; x_wconf 80' lang='grc' dir='ltr'>ἐκείνων</span> <span class='ocrx_word' id='word_1_297' title='bbox 3626 1259 4002 1313; x_wconf 81' lang='grc' dir='ltr'>ἀπαιδευσίαν.</span> 
     </span>
    </p>
   </div>
   <div class='ocr_carea' id='block_1_40' title="bbox 2421 1351 3473 1422">
    <p class='ocr_par' dir='ltr' id='par_1_40' title="bbox 2421 1351 3473 1422">
     <span class='ocr_line' id='line_1_40' title="bbox 2421 1351 3473 1422; baseline -0.001 -15"><span class='ocrx_word' id='word_1_298' title='bbox 2421 1355 2607 1407; x_wconf 80' lang='grc' dir='ltr'>Πάντα</span> <span class='ocrx_word' id='word_1_299' title='bbox 2647 1354 2758 1422; x_wconf 83' lang='grc' dir='ltr'>γὰρ</span> <span class='ocrx_word' id='word_1_300' title='bbox 2782 1351 2920 1406; x_wconf 72' lang='grc' dir='ltr'>οἶδεν</span> <span class='ocrx_word' id='word_1_301' title='bbox 2953 1356 2984 1406; x_wconf 75' lang='grc' dir='ltr'><strong>ὁ</strong></span> <span class='ocrx_word' id='word_1_302' title='bbox 3014 1354 3141 1417; x_wconf 69' lang='grc' dir='ltr'>Υἱὸς</span> <span class='ocrx_word' id='word_1_303' title='bbox 3170 1354 3227 1419; x_wconf 81' lang='grc' dir='ltr'>ἐξ</span> <span class='ocrx_word' id='word_1_304' title='bbox 3257 1354 3473 1407; x_wconf 77' lang='grc' dir='ltr'>ἑαυτοῦ.</span> 
     </span>
    </p>
   </div>
   <div class='ocr_carea' id='block_1_41' title="bbox 2490 1443 4006 1516">
    <p class='ocr_par' dir='ltr' id='par_1_41' title="bbox 2490 1443 4006 1516">
     <span class='ocr_line' id='line_1_41' title="bbox 2490 1443 4006 1516; baseline 0 -21"><span class='ocrx_word' id='word_1_305' title='bbox 2490 1445 2696 1497; x_wconf 87' lang='grc' dir='ltr'>ΑΛΛΟ.</span> <span class='ocrx_word' id='word_1_306' title='bbox 2730 1444 2794 1496; x_wconf 86' lang='grc' dir='ltr'><strong>υἱ</strong></span> <span class='ocrx_word' id='word_1_307' title='bbox 2819 1444 2917 1509; x_wconf 87' lang='grc' dir='ltr'>τῆς</span> <span class='ocrx_word' id='word_1_308' title='bbox 2939 1444 3031 1496; x_wconf 82' lang='grc' dir='ltr'><strong>τοῦ</strong></span> <span class='ocrx_word' id='word_1_309' title='bbox 3070 1445 3409 1511; x_wconf 84' lang='grc' dir='ltr'>Μονογενοῦς</span> <span class='ocrx_word' id='word_1_310' title='bbox 3453 1443 3885 1516; x_wconf 86' lang='grc' dir='ltr'>κατηγοροῦντες</span> <span class='ocrx_word' id='word_1_311' title='bbox 3917 1444 4006 1496; x_wconf 77' lang='grc' dir='ltr'>οὑ-</span> 
     </span>
    </p>
   </div>
   <div class='ocr_carea' id='block_1_42' title="bbox 2421 1535 4004 1607">
    <p class='ocr_par' dir='ltr' id='par_1_42' title="bbox 2421 1535 4004 1607">
     <span class='ocr_line' id='line_1_42' title="bbox 2421 1535 4004 1607; baseline 0.001 -20"><span class='ocrx_word' id='word_1_312' title='bbox 2421 1537 2563 1597; x_wconf 84' lang='grc' dir='ltr'>σίας,</span> <span class='ocrx_word' id='word_1_313' title='bbox 2597 1535 2684 1589; x_wconf 85' lang='grc' dir='ltr'>διὰ</span> <span class='ocrx_word' id='word_1_314' title='bbox 2712 1536 2807 1587; x_wconf 88' lang='grc' dir='ltr'><strong>τοῦ</strong></span> <span class='ocrx_word' id='word_1_315' title='bbox 2837 1535 2911 1605; x_wconf 84' lang='grc' dir='ltr'>μὴ</span> <span class='ocrx_word' id='word_1_316' title='bbox 2944 1536 3141 1588; x_wconf 81' lang='grc' dir='ltr'>εἰδέναι</span> <span class='ocrx_word' id='word_1_317' title='bbox 3178 1537 3359 1604; x_wconf 83' lang='grc' dir='ltr'>λέγειν</span> <span class='ocrx_word' id='word_1_318' title='bbox 3394 1537 3557 1591; x_wconf 76' lang='grc' dir='ltr'>αὑτὸν</span> <span class='ocrx_word' id='word_1_319' title='bbox 3589 1539 3650 1591; x_wconf 78' lang='grc' dir='ltr'>τὸ</span> <span class='ocrx_word' id='word_1_320' title='bbox 3670 1538 3761 1591; x_wconf 89' lang='grc' dir='ltr'><strong>τοῦ</strong></span> <span class='ocrx_word' id='word_1_321' title='bbox 3792 1536 4004 1607; x_wconf 74' lang='grc' dir='ltr'>Πατρὸς</span> 
     </span>
    </p>
   </div>
   <div class='ocr_carea' id='block_1_43' title="bbox 2421 1624 4004 1697">
    <p class='ocr_par' dir='ltr' id='par_1_43' title="bbox 2421 1624 4004 1697">
     <span class='ocr_line' id='line_1_43' title="bbox 2421 1624 4004 1697; baseline 0.001 -20"><span class='ocrx_word' id='word_1_322' title='bbox 2421 1624 2665 1694; x_wconf 77' lang='grc' dir='ltr'>θέλημα,</span> <span class='ocrx_word' id='word_1_323' title='bbox 2699 1624 3007 1692; x_wconf 77' lang='grc' dir='ltr'>διδασκάλῳ</span> <span class='ocrx_word' id='word_1_324' title='bbox 3046 1625 3101 1678; x_wconf 76' lang='grc' dir='ltr'>δὲ</span> <span class='ocrx_word' id='word_1_325' title='bbox 3134 1625 3323 1696; x_wconf 76' lang='grc' dir='ltr'>ὥσπερ</span> <span class='ocrx_word' id='word_1_326' title='bbox 3350 1626 3760 1697; x_wconf 79' lang='grc' dir='ltr'>άποκεχρῆσθαι</span> <span class='ocrx_word' id='word_1_327' title='bbox 3788 1627 3921 1697; x_wconf 80' lang='grc' dir='ltr'>πρὸς</span> <span class='ocrx_word' id='word_1_328' title='bbox 3944 1626 4004 1679; x_wconf 70' lang='grc' dir='ltr'><strong>τὸ</strong></span> 
     </span>
    </p>
   </div>
   <div class='ocr_carea' id='block_1_44' title="bbox 2424 1716 4003 1790">
    <p class='ocr_par' dir='ltr' id='par_1_44' title="bbox 2424 1716 4003 1790">
     <span class='ocr_line' id='line_1_44' title="bbox 2424 1716 4003 1790; baseline 0.003 -23"><span class='ocrx_word' id='word_1_329' title='bbox 2424 1717 2639 1783; x_wconf 84' lang='grc' dir='ltr'>μαθεῖν,</span> <span class='ocrx_word' id='word_1_330' title='bbox 2671 1716 2843 1787; x_wconf 78' lang='grc' dir='ltr'>ἑτέρῳ</span> <span class='ocrx_word' id='word_1_331' title='bbox 2878 1717 2954 1786; x_wconf 81' lang='grc' dir='ltr'>τῷ</span> <span class='ocrx_word' id='word_1_332' title='bbox 2982 1716 3112 1785; x_wconf 83' lang='grc' dir='ltr'>παρ’</span> <span class='ocrx_word' id='word_1_333' title='bbox 3144 1718 3327 1769; x_wconf 75' lang='grc' dir='ltr'>αὐτῶν</span> <span class='ocrx_word' id='word_1_334' title='bbox 3352 1719 3692 1789; x_wconf 81' lang='grc' dir='ltr'>ἐπινοηθέντι</span> <span class='ocrx_word' id='word_1_335' title='bbox 3722 1720 3878 1790; x_wconf 80' lang='grc' dir='ltr'>Λόγῳ</span> <span class='ocrx_word' id='word_1_336' title='bbox 3900 1760 3915 1784; x_wconf 94' lang='grc'><strong>,</strong></span> <span class='ocrx_word' id='word_1_337' title='bbox 3942 1720 4003 1773; x_wconf 80' lang='grc' dir='ltr'>ὃν</span> 
     </span>
    </p>
   </div>
   <div class='ocr_carea' id='block_1_45' title="bbox 2420 1805 4002 1883">
    <p class='ocr_par' dir='ltr' id='par_1_45' title="bbox 2420 1805 4002 1883">
     <span class='ocr_line' id='line_1_45' title="bbox 2420 1805 4002 1883; baseline 0.005 -25"><span class='ocrx_word' id='word_1_338' title='bbox 2420 1805 2483 1876; x_wconf 73' lang='grc' dir='ltr'>δὴ</span> <span class='ocrx_word' id='word_1_339' title='bbox 2521 1807 2615 1859; x_wconf 74' lang='grc' dir='ltr'>καὶ</span> <span class='ocrx_word' id='word_1_340' title='bbox 2656 1807 2961 1861; x_wconf 79' lang='grc' dir='ltr'>ἐνδιάθετον</span> <span class='ocrx_word' id='word_1_341' title='bbox 2994 1808 3355 1878; x_wconf 73' lang='grc' dir='ltr'>ὀνομάζουσι,</span> <span class='ocrx_word' id='word_1_342' title='bbox 3386 1810 3695 1879; x_wconf 75' lang='grc' dir='ltr'>λεγέτωσαν</span> <span class='ocrx_word' id='word_1_343' title='bbox 3730 1815 3896 1883; x_wconf 80' lang='grc' dir='ltr'>ἡμῖν,</span> <span class='ocrx_word' id='word_1_344' title='bbox 3924 1815 4002 1866; x_wconf 76' lang='grc' dir='ltr'>εἰ·</span> 
     </span>
    </p>
   </div>
   <div class='ocr_carea' id='block_1_46' title="bbox 2420 1899 4004 1976">
    <p class='ocr_par' dir='ltr' id='par_1_46' title="bbox 2420 1899 4004 1976">
     <span class='ocr_line' id='line_1_46' title="bbox 2420 1899 4004 1976; baseline 0.003 -25"><span class='ocrx_word' id='word_1_345' title='bbox 2420 1916 2526 1969; x_wconf 85' lang='grc' dir='ltr'><strong>περ</strong></span> <span class='ocrx_word' id='word_1_346' title='bbox 2547 1899 2744 1954; x_wconf 74' lang='grc' dir='ltr'>οἷονται</span> <span class='ocrx_word' id='word_1_347' title='bbox 2769 1900 2879 1953; x_wconf 86' lang='grc' dir='ltr'>δεῖν</span> <span class='ocrx_word' id='word_1_348' title='bbox 2907 1900 3005 1970; x_wconf 80' lang='grc' dir='ltr'>τὴν</span> <span class='ocrx_word' id='word_1_349' title='bbox 3031 1901 3235 1954; x_wconf 76' lang='grc' dir='ltr'>οἰκείαν</span> <span class='ocrx_word' id='word_1_350' title='bbox 3263 1902 3558 1972; x_wconf 75' lang='grc' dir='ltr'>κρατύνειν</span> <span class='ocrx_word' id='word_1_351' title='bbox 3578 1904 3755 1969; x_wconf 78' lang='grc' dir='ltr'>δόξαν,</span> <span class='ocrx_word' id='word_1_352' title='bbox 3781 1904 4004 1976; x_wconf 74' lang='grc' dir='ltr'>πότερόν</span> 
     </span>
    </p>
   </div>
   <div class='ocr_carea' id='block_1_47' title="bbox 2420 1986 4004 2065">
    <p class='ocr_par' dir='ltr' id='par_1_47' title="bbox 2420 1986 4004 2065">
     <span class='ocr_line' id='line_1_47' title="bbox 2420 1986 4004 2065; baseline 0.004 -23"><span class='ocrx_word' id='word_1_353' title='bbox 2420 2006 2551 2043; x_wconf 87' lang='grc' dir='ltr'>ποτε</span> <span class='ocrx_word' id='word_1_354' title='bbox 2587 1990 2730 2043; x_wconf 83' lang='grc' dir='ltr'>κατὰ</span> <span class='ocrx_word' id='word_1_355' title='bbox 2762 1989 2927 2060; x_wconf 77' lang='grc' dir='ltr'>φύσιν</span> <span class='ocrx_word' id='word_1_356' title='bbox 2950 1986 3069 2043; x_wconf 77' lang='grc' dir='ltr'>ἴσον</span> <span class='ocrx_word' id='word_1_357' title='bbox 3107 1990 3325 2061; x_wconf 83' lang='grc' dir='ltr'>ἐροῦσιν</span> <span class='ocrx_word' id='word_1_358' title='bbox 3355 1993 3623 2065; x_wconf 78' lang='grc' dir='ltr'>ὑπάρχειν</span> <span class='ocrx_word' id='word_1_359' title='bbox 3661 1995 3739 2064; x_wconf 84' lang='grc' dir='ltr'>τῷ</span> <span class='ocrx_word' id='word_1_360' title='bbox 3771 1994 3883 2065; x_wconf 83' lang='grc' dir='ltr'>Υἰῴ</span> <span class='ocrx_word' id='word_1_361' title='bbox 3912 1995 4004 2048; x_wconf 74' lang='grc' dir='ltr'>τὸν</span> 
     </span>
    </p>
   </div>
   <div class='ocr_carea' id='block_1_48' title="bbox 2419 2082 4004 2156">
    <p class='ocr_par' dir='ltr' id='par_1_48' title="bbox 2419 2082 4004 2156">
     <span class='ocr_line' id='line_1_48' title="bbox 2419 2082 4004 2156; baseline 0.001 -20"><span class='ocrx_word' id='word_1_362' title='bbox 2419 2082 2725 2137; x_wconf 81' lang='grc' dir='ltr'>ἐνδιάθετον</span> <span class='ocrx_word' id='word_1_363' title='bbox 2764 2085 2937 2151; x_wconf 85' lang='grc' dir='ltr'>Λόγον</span> <span class='ocrx_word' id='word_1_364' title='bbox 2977 2083 3321 2155; x_wconf 78' lang='grc' dir='ltr'>(ὑποκείσθω</span> <span class='ocrx_word' id='word_1_365' title='bbox 3362 2084 3470 2156; x_wconf 77' lang='grc' dir='ltr'><strong>γὰρ</strong></span> <span class='ocrx_word' id='word_1_366' title='bbox 3499 2086 3574 2149; x_wconf 85' lang='grc' dir='ltr'>ὡς</span> <span class='ocrx_word' id='word_1_367' title='bbox 3620 2089 3713 2140; x_wconf 60' lang='grc' dir='ltr'><strong>κα)⁸</strong></span> <span class='ocrx_word' id='word_1_368' title='bbox 3757 2087 4004 2156; x_wconf 79' lang='grc' dir='ltr'>ὑφεστὼς</span> 
     </span>
    </p>
   </div>
   <div class='ocr_carea' id='block_1_49' title="bbox 2419 2170 4000 2249">
    <p class='ocr_par' dir='ltr' id='par_1_49' title="bbox 2419 2170 4000 2249">
     <span class='ocr_line' id='line_1_49' title="bbox 2419 2170 4000 2249; baseline 0.001 -21"><span class='ocrx_word' id='word_1_369' title='bbox 2419 2175 2522 2245; x_wconf 78' lang='grc' dir='ltr'><strong>ήδη</strong></span> <span class='ocrx_word' id='word_1_370' title='bbox 2544 2174 2666 2228; x_wconf 83' lang='grc' dir='ltr'>καθ’</span> <span class='ocrx_word' id='word_1_371' title='bbox 2705 2175 2921 2244; x_wconf 81' lang='grc' dir='ltr'>ἑαυτόν)</span> <span class='ocrx_word' id='word_1_372' title='bbox 2950 2192 2961 2203; x_wconf 80' lang='grc'><em>’</em></span> <span class='ocrx_word' id='word_1_373' title='bbox 2990 2174 3023 2246; x_wconf 80' lang='grc' dir='ltr'>ἢ</span> <span class='ocrx_word' id='word_1_374' title='bbox 3068 2175 3168 2228; x_wconf 83' lang='grc' dir='ltr'>οὐκ</span> <span class='ocrx_word' id='word_1_375' title='bbox 3208 2170 3325 2228; x_wconf 77' lang='grc' dir='ltr'>ἴσον</span> <span class='ocrx_word' id='word_1_376' title='bbox 3376 2175 3496 2246; x_wconf 79' lang='grc' dir='ltr'>μὲν,</span> <span class='ocrx_word' id='word_1_377' title='bbox 3532 2177 3749 2249; x_wconf 75' lang='grc' dir='ltr'>χείρονα</span> <span class='ocrx_word' id='word_1_378' title='bbox 3774 2177 3833 2231; x_wconf 80' lang='grc' dir='ltr'>δέ</span> <span class='ocrx_word' id='word_1_379' title='bbox 3863 2194 4000 2241; x_wconf 83' lang='grc' dir='ltr'>πως.</span> 
     </span>
    </p>
   </div>
   <div class='ocr_carea' id='block_1_50' title="bbox 2419 2266 4002 2340">
    <p class='ocr_par' dir='ltr' id='par_1_50' title="bbox 2419 2266 4002 2340">
     <span class='ocr_line' id='line_1_50' title="bbox 2419 2266 4002 2340; baseline 0.002 -19"><span class='ocrx_word' id='word_1_380' title='bbox 2419 2268 2452 2338; x_wconf 86' lang='grc' dir='ltr'><strong>ἧ</strong></span> <span class='ocrx_word' id='word_1_381' title='bbox 2484 2269 2577 2321; x_wconf 75' lang='grc' dir='ltr'>καὶ</span> <span class='ocrx_word' id='word_1_382' title='bbox 2600 2268 2844 2339; x_wconf 60' lang='lat' dir='ltr'><strong>ditabis);</strong></span> <span class='ocrx_word' id='word_1_383' title='bbox 2878 2269 2939 2320; x_wconf 78' lang='lat' dir='ltr'><strong>Et</strong></span> <span class='ocrx_word' id='word_1_384' title='bbox 2977 2269 3076 2339; x_wconf 80' lang='grc' dir='ltr'>μὲν</span> <span class='ocrx_word' id='word_1_385' title='bbox 3099 2266 3193 2322; x_wconf 77' lang='grc' dir='ltr'>οὖν</span> <span class='ocrx_word' id='word_1_386' title='bbox 3215 2268 3473 2323; x_wconf 84' lang='grc' dir='ltr'>ἐλάττονα</span> <span class='ocrx_word' id='word_1_387' title='bbox 3502 2270 3779 2340; x_wconf 82' lang='grc' dir='ltr'>νομιοῦσιν</span> <span class='ocrx_word' id='word_1_388' title='bbox 3819 2270 4002 2333; x_wconf 71' lang='grc' dir='ltr'>αὑτὸν.</span> 
     </span>
    </p>
   </div>
   <div class='ocr_carea' id='block_1_51' title="bbox 2421 2360 4002 2432">
    <p class='ocr_par' dir='ltr' id='par_1_51' title="bbox 2421 2360 4002 2432">
     <span class='ocr_line' id='line_1_51' title="bbox 2421 2360 4002 2432; baseline -0.001 -18"><span class='ocrx_word' id='word_1_389' title='bbox 2421 2361 2515 2414; x_wconf 71' lang='grc' dir='ltr'>καὶ</span> <span class='ocrx_word' id='word_1_390' title='bbox 2546 2362 2626 2423; x_wconf 83' lang='grc' dir='ltr'><strong>είς</strong></span> <span class='ocrx_word' id='word_1_391' title='bbox 2658 2360 2819 2413; x_wconf 81' lang='grc' dir='ltr'>αὑτὸν</span> <span class='ocrx_word' id='word_1_392' title='bbox 2850 2361 3185 2431; x_wconf 81' lang='grc' dir='ltr'>ἀσεόήσουσι</span> <span class='ocrx_word' id='word_1_393' title='bbox 3212 2360 3304 2413; x_wconf 81' lang='grc' dir='ltr'><strong>τὸν</strong></span> <span class='ocrx_word' id='word_1_394' title='bbox 3334 2361 3552 2431; x_wconf 80' lang='grc' dir='ltr'>Πατέρα</span> <span class='ocrx_word' id='word_1_395' title='bbox 3575 2377 3588 2390; x_wconf 71' lang='grc' dir='ltr'><strong>ο</strong></span> <span class='ocrx_word' id='word_1_396' title='bbox 3621 2360 3772 2414; x_wconf 79' lang='grc' dir='ltr'>ἔσται</span> <span class='ocrx_word' id='word_1_397' title='bbox 3806 2362 3915 2432; x_wconf 85' lang='grc' dir='ltr'><strong>γάρ</strong></span> <span class='ocrx_word' id='word_1_398' title='bbox 3950 2380 4002 2414; x_wconf 84' lang='grc' dir='ltr'><strong>τι</strong></span> 
     </span>
    </p>
   </div>
   <div class='ocr_carea' id='block_1_52' title="bbox 2422 2452 4002 2525">
    <p class='ocr_par' dir='ltr' id='par_1_52' title="bbox 2422 2452 4002 2525">
     <span class='ocr_line' id='line_1_52' title="bbox 2422 2452 4002 2525; baseline 0.001 -20"><span class='ocrx_word' id='word_1_399' title='bbox 2422 2452 2642 2516; x_wconf 87' lang='grc' dir='ltr'>πάντως</span> <span class='ocrx_word' id='word_1_400' title='bbox 2676 2456 2735 2506; x_wconf 85' lang='grc' dir='ltr'><strong>ἐν</strong></span> <span class='ocrx_word' id='word_1_401' title='bbox 2774 2454 2923 2523; x_wconf 86' lang='grc' dir='ltr'>αὑτῷ</span> <span class='ocrx_word' id='word_1_402' title='bbox 2969 2453 3029 2506; x_wconf 85' lang='grc' dir='ltr'>τὸ</span> <span class='ocrx_word' id='word_1_403' title='bbox 3068 2456 3249 2524; x_wconf 85' lang='grc' dir='ltr'>χεῖρον</span> <span class='ocrx_word' id='word_1_404' title='bbox 3286 2453 3482 2520; x_wconf 85' lang='grc' dir='ltr'>αὑτοῦ,</span> <span class='ocrx_word' id='word_1_405' title='bbox 3515 2456 3609 2507; x_wconf 77' lang='grc' dir='ltr'>καὶ</span> <span class='ocrx_word' id='word_1_406' title='bbox 3650 2454 3834 2524; x_wconf 72' lang='grc' dir='ltr'>ἕτερον</span> <span class='ocrx_word' id='word_1_407' title='bbox 3871 2456 4002 2525; x_wconf 81' lang='grc' dir='ltr'>παρ’</span> 
     </span>
    </p>
   </div>
   <div class='ocr_carea' id='block_1_53' title="bbox 2423 2544 3998 2617">
    <p class='ocr_par' dir='ltr' id='par_1_53' title="bbox 2423 2544 3998 2617">
     <span class='ocr_line' id='line_1_53' title="bbox 2423 2544 3998 2617; baseline 0.001 -20"><span class='ocrx_word' id='word_1_408' title='bbox 2423 2544 2585 2599; x_wconf 83' lang='grc' dir='ltr'>αὑτὸν</span> <span class='ocrx_word' id='word_1_409' title='bbox 2605 2584 2619 2607; x_wconf 85' lang='grc'><strong>,</strong></span> <span class='ocrx_word' id='word_1_410' title='bbox 2652 2544 2795 2598; x_wconf 74' lang='grc' dir='ltr'><strong>τοῦτ³</strong></span> <span class='ocrx_word' id='word_1_411' title='bbox 2826 2545 2997 2609; x_wconf 80' lang='grc' dir='ltr'>ἐστιν,</span> <span class='ocrx_word' id='word_1_412' title='bbox 3032 2547 3062 2599; x_wconf 86' lang='grc' dir='ltr'><strong>ό</strong></span> <span class='ocrx_word' id='word_1_413' title='bbox 3117 2546 3421 2610; x_wconf 81' lang='grc' dir='ltr'>ἐνδιάθετος</span> <span class='ocrx_word' id='word_1_414' title='bbox 3452 2547 3643 2615; x_wconf 89' lang='grc' dir='ltr'>Λόγος.</span> <span class='ocrx_word' id='word_1_415' title='bbox 3716 2548 3776 2600; x_wconf 84' lang='grc' dir='ltr'><strong>Εἰ</strong></span> <span class='ocrx_word' id='word_1_416' title='bbox 3802 2547 3861 2601; x_wconf 84' lang='grc' dir='ltr'>δὲ</span> <span class='ocrx_word' id='word_1_417' title='bbox 3886 2548 3998 2617; x_wconf 81' lang='grc' dir='ltr'>χεί-</span> 
     </span>
    </p>
   </div>
   <div class='ocr_carea' id='block_1_54' title="bbox 2425 2636 4005 2708">
    <p class='ocr_par' dir='ltr' id='par_1_54' title="bbox 2425 2636 4005 2708">
     <span class='ocr_line' id='line_1_54' title="bbox 2425 2636 4005 2708; baseline 0.001 -20"><span class='ocrx_word' id='word_1_418' title='bbox 2425 2652 2557 2703; x_wconf 84' lang='grc' dir='ltr'>ρονα</span> <span class='ocrx_word' id='word_1_419' title='bbox 2605 2636 2703 2706; x_wconf 86' lang='grc' dir='ltr'>μὲν</span> <span class='ocrx_word' id='word_1_420' title='bbox 2761 2637 2861 2690; x_wconf 75' lang='grc' dir='ltr'>οὐκ</span> <span class='ocrx_word' id='word_1_421' title='bbox 2904 2636 3119 2706; x_wconf 87' lang='grc' dir='ltr'>ἐροῦσιν</span> <span class='ocrx_word' id='word_1_422' title='bbox 3146 2676 3161 2698; x_wconf 88' lang='grc'><strong>,</strong></span> <span class='ocrx_word' id='word_1_423' title='bbox 3213 2638 3563 2707; x_wconf 76' lang='grc' dir='ltr'>ἐπιτρέψουσι</span> <span class='ocrx_word' id='word_1_424' title='bbox 3591 2638 3647 2691; x_wconf 83' lang='grc' dir='ltr'>δὲ</span> <span class='ocrx_word' id='word_1_425' title='bbox 3675 2638 3823 2708; x_wconf 83' lang='grc' dir='ltr'><strong>αὑτῷ</strong></span> <span class='ocrx_word' id='word_1_426' title='bbox 3854 2638 3915 2691; x_wconf 80' lang='grc' dir='ltr'><strong>τὺ</strong></span> <span class='ocrx_word' id='word_1_427' title='bbox 3946 2639 4005 2690; x_wconf 79' lang='grc' dir='ltr'><strong>ἐν</strong></span> 
     </span>
    </p>
   </div>
   <div class='ocr_carea' id='block_1_55' title="bbox 2422 2727 4005 2798">
    <p class='ocr_par' dir='ltr' id='par_1_55' title="bbox 2422 2727 4005 2798">
     <span class='ocr_line' id='line_1_55' title="bbox 2422 2727 4005 2798; baseline 0.001 -18"><span class='ocrx_word' id='word_1_428' title='bbox 2422 2727 2673 2798; x_wconf 83' lang='grc' dir='ltr'>ἀμείνοσι</span> <span class='ocrx_word' id='word_1_429' title='bbox 2696 2728 2909 2781; x_wconf 85' lang='grc' dir='ltr'>κεῖσθαι</span> <span class='ocrx_word' id='word_1_430' title='bbox 2941 2728 3093 2797; x_wconf 72' lang='grc' dir='ltr'>παρὰ</span> <span class='ocrx_word' id='word_1_431' title='bbox 3126 2728 3217 2781; x_wconf 78' lang='grc' dir='ltr'>τὸν</span> <span class='ocrx_word' id='word_1_432' title='bbox 3248 2729 3393 2789; x_wconf 82' lang='grc' dir='ltr'>Υίδν,</span> <span class='ocrx_word' id='word_1_433' title='bbox 3418 2728 3646 2790; x_wconf 73' lang='grc' dir='ltr'>διπλοῦν</span> <span class='ocrx_word' id='word_1_434' title='bbox 3680 2729 3832 2783; x_wconf 77' lang='grc' dir='ltr'>ἔσται</span> <span class='ocrx_word' id='word_1_435' title='bbox 3866 2730 4005 2782; x_wconf 83' lang='grc' dir='ltr'>πάν-</span> 
     </span>
    </p>
   </div>
   <div class='ocr_carea' id='block_1_56' title="bbox 2420 2818 4005 2893">
    <p class='ocr_par' dir='ltr' id='par_1_56' title="bbox 2420 2818 4005 2893">
     <span class='ocr_line' id='line_1_56' title="bbox 2420 2818 4005 2893; baseline 0.003 -22"><span class='ocrx_word' id='word_1_436' title='bbox 2420 2836 2530 2882; x_wconf 84' lang='grc' dir='ltr'><strong>τως</strong></span> <span class='ocrx_word' id='word_1_437' title='bbox 2555 2818 2691 2872; x_wconf 81' lang='grc' dir='ltr'>κατὰ</span> <span class='ocrx_word' id='word_1_438' title='bbox 2723 2818 2816 2871; x_wconf 85' lang='grc' dir='ltr'><strong>τοῦ</strong></span> <span class='ocrx_word' id='word_1_439' title='bbox 2847 2819 3059 2891; x_wconf 76' lang='grc' dir='ltr'>Πατρδς</span> <span class='ocrx_word' id='word_1_440' title='bbox 3087 2820 3149 2872; x_wconf 73' lang='grc' dir='ltr'>τὸ</span> <span class='ocrx_word' id='word_1_441' title='bbox 3177 2822 3263 2889; x_wconf 79' lang='grc' dir='ltr'>ἐφ’</span> <span class='ocrx_word' id='word_1_442' title='bbox 3297 2820 3411 2890; x_wconf 85' lang='grc' dir='ltr'>Υἱῴ</span> <span class='ocrx_word' id='word_1_443' title='bbox 3440 2822 3819 2893; x_wconf 77' lang='grc' dir='ltr'>κατηγόρημα.</span> <span class='ocrx_word' id='word_1_444' title='bbox 3846 2821 4005 2892; x_wconf 73' lang='grc' dir='ltr'>Πρῶο</span> 
     </span>
    </p>
   </div>
   <div class='ocr_carea' id='block_1_57' title="bbox 2422 2908 4010 2984">
    <p class='ocr_par' dir='ltr' id='par_1_57' title="bbox 2422 2908 4010 2984">
     <span class='ocr_line' id='line_1_57' title="bbox 2422 2908 4010 2984; baseline 0.003 -21"><span class='ocrx_word' id='word_1_445' title='bbox 2422 2928 2514 2963; x_wconf 80' lang='grc' dir='ltr'><strong>τον</strong></span> <span class='ocrx_word' id='word_1_446' title='bbox 2551 2910 2651 2980; x_wconf 76' lang='grc' dir='ltr'>μὲν</span> <span class='ocrx_word' id='word_1_447' title='bbox 2690 2912 2798 2982; x_wconf 81' lang='grc' dir='ltr'>γὰρ</span> <span class='ocrx_word' id='word_1_448' title='bbox 2832 2913 3100 2982; x_wconf 77' lang='grc' dir='ltr'>γεννήσας</span> <span class='ocrx_word' id='word_1_449' title='bbox 3136 2912 3402 2965; x_wconf 77' lang='grc' dir='ltr'>ἁλώσεται</span> <span class='ocrx_word' id='word_1_450' title='bbox 3445 2913 3504 2966; x_wconf 87' lang='grc' dir='ltr'>τὸ</span> <span class='ocrx_word' id='word_1_451' title='bbox 3547 2917 3723 2984; x_wconf 87' lang='grc' dir='ltr'>χεῖρον</span> <span class='ocrx_word' id='word_1_452' title='bbox 3758 2913 3790 2983; x_wconf 76' lang='grc' dir='ltr'>ἢ</span> <span class='ocrx_word' id='word_1_453' title='bbox 3825 2914 3885 2965; x_wconf 81' lang='grc' dir='ltr'><strong>ἐν</strong></span> <span class='ocrx_word' id='word_1_454' title='bbox 3922 2908 4010 2969; x_wconf 77' lang='grc' dir='ltr'><strong>οἷς</strong></span> 
     </span>
    </p>
   </div>
   <div class='ocr_carea' id='block_1_58' title="bbox 2424 3000 4006 3077">
    <p class='ocr_par' dir='ltr' id='par_1_58' title="bbox 2424 3000 4006 3077">
     <span class='ocr_line' id='line_1_58' title="bbox 2424 3000 4006 3077; baseline 0.003 -23"><span class='ocrx_word' id='word_1_455' title='bbox 2424 3005 2571 3055; x_wconf 81' lang='grc' dir='ltr'>ἐστιν</span> <span class='ocrx_word' id='word_1_456' title='bbox 2596 3002 2778 3065; x_wconf 78' lang='grc' dir='ltr'>αὑτός.</span> <span class='ocrx_word' id='word_1_457' title='bbox 2814 3000 2946 3056; x_wconf 79' lang='grc' dir='ltr'>Εἶτα</span> <span class='ocrx_word' id='word_1_458' title='bbox 2982 3005 3118 3075; x_wconf 81' lang='grc' dir='ltr'>πρὸς</span> <span class='ocrx_word' id='word_1_459' title='bbox 3150 3004 3325 3077; x_wconf 83' lang='grc' dir='ltr'>τούτῳ</span> <span class='ocrx_word' id='word_1_460' title='bbox 3364 3008 3457 3059; x_wconf 69' lang='grc' dir='ltr'>καὶ</span> <span class='ocrx_word' id='word_1_461' title='bbox 3482 3008 3643 3069; x_wconf 82' lang='grc' dir='ltr'>αὑτὸς</span> <span class='ocrx_word' id='word_1_462' title='bbox 3683 3005 3793 3070; x_wconf 71' lang='grc' dir='ltr'>ἕξει</span> <span class='ocrx_word' id='word_1_463' title='bbox 3820 3004 4006 3077; x_wconf 81' lang='grc' dir='ltr'>κρείτ-</span> 
     </span>
    </p>
   </div>
   <div class='ocr_carea' id='block_1_59' title="bbox 2423 3094 4006 3171">
    <p class='ocr_par' dir='ltr' id='par_1_59' title="bbox 2423 3094 4006 3171">
     <span class='ocr_line' id='line_1_59' title="bbox 2423 3094 4006 3171; baseline 0.004 -26"><span class='ocrx_word' id='word_1_464' title='bbox 2423 3110 2551 3145; x_wconf 89' lang='grc' dir='ltr'>τονα</span> <span class='ocrx_word' id='word_1_465' title='bbox 2589 3096 2681 3146; x_wconf 76' lang='grc' dir='ltr'>τὸν</span> <span class='ocrx_word' id='word_1_466' title='bbox 2734 3094 3037 3149; x_wconf 81' lang='grc' dir='ltr'>ἐνδιάθετον</span> <span class='ocrx_word' id='word_1_467' title='bbox 3085 3097 3256 3164; x_wconf 89' lang='grc' dir='ltr'>Λόγον</span> <span class='ocrx_word' id='word_1_468' title='bbox 3282 3137 3296 3160; x_wconf 89' lang='grc'><strong>,</strong></span> <span class='ocrx_word' id='word_1_469' title='bbox 3342 3100 3497 3171; x_wconf 73' lang='grc' dir='ltr'>εἴπερ</span> <span class='ocrx_word' id='word_1_470' title='bbox 3546 3100 3695 3153; x_wconf 75' lang='grc' dir='ltr'>ἐστὶν</span> <span class='ocrx_word' id='word_1_471' title='bbox 3739 3100 3768 3151; x_wconf 84' lang='grc' dir='ltr'><strong>ὁ</strong></span> <span class='ocrx_word' id='word_1_472' title='bbox 3814 3100 4006 3171; x_wconf 73' lang='grc' dir='ltr'>Πατὴρ</span> 
     </span>
    </p>
   </div>
   <div class='ocr_carea' id='block_1_60' title="bbox 739 3185 2318 3283">
    <p class='ocr_par' dir='ltr' id='par_1_60' title="bbox 739 3192 2318 3271">
     <span class='ocr_line' id='line_1_60' title="bbox 739 3192 2318 3271; baseline -0.009 -11"><span class='ocrx_word' id='word_1_473' title='bbox 739 3223 839 3260; x_wconf 77' lang='lat' dir='ltr'><strong>nor</strong></span> <span class='ocrx_word' id='word_1_474' title='bbox 862 3247 877 3271; x_wconf 93' lang='lat'><strong>,</strong></span> <span class='ocrx_word' id='word_1_475' title='bbox 921 3202 1219 3259; x_wconf 79' lang='lat' dir='ltr'><strong>adversarii</strong></span> <span class='ocrx_word' id='word_1_476' title='bbox 1253 3208 1542 3268; x_wconf 69' lang='lat' dir='ltr'><strong>ull&#39;alllun</strong></span> <span class='ocrx_word' id='word_1_477' title='bbox 1584 3196 1998 3267; x_wconf 76' lang='lat' dir='ltr'><strong>blasphemiam,</strong></span> <span class='ocrx_word' id='word_1_478' title='bbox 2025 3202 2079 3249; x_wconf 90' lang='lat' dir='ltr'><strong>et</strong></span> <span class='ocrx_word' id='word_1_479' title='bbox 2108 3192 2318 3264; x_wconf 60' lang='lat' dir='ltr'><strong>aequale</strong></span> 
     </span>
    </p>
   </div>
   <div class='ocr_carea' id='block_1_61' title="bbox 2422 3185 4007 3283">
    <p class='ocr_par' dir='ltr' id='par_1_61' title="bbox 2424 3185 4007 3258">
     <span class='ocr_line' id='line_1_61' title="bbox 2424 3185 4007 3258; baseline 0.004 -20"><span class='ocrx_word' id='word_1_480' title='bbox 2424 3185 2711 3255; x_wconf 79' lang='grc' dir='ltr'>ὁμοούσιος</span> <span class='ocrx_word' id='word_1_481' title='bbox 2740 3186 2816 3255; x_wconf 84' lang='grc' dir='ltr'>τῷ</span> <span class='ocrx_word' id='word_1_482' title='bbox 2849 3187 2963 3258; x_wconf 84' lang='grc' dir='ltr'>Υἱῷ</span> <span class='ocrx_word' id='word_1_483' title='bbox 3004 3188 3081 3257; x_wconf 84' lang='grc' dir='ltr'>τῷ</span> <span class='ocrx_word' id='word_1_484' title='bbox 3112 3192 3232 3244; x_wconf 79' lang='grc' dir='ltr'>κατ’</span> <span class='ocrx_word' id='word_1_485' title='bbox 3257 3190 3499 3254; x_wconf 77' lang='grc' dir='ltr'>ἐκείνους</span> <span class='ocrx_word' id='word_1_486' title='bbox 3527 3190 3587 3244; x_wconf 77' lang='grc' dir='ltr'>τὸ</span> <span class='ocrx_word' id='word_1_487' title='bbox 3613 3192 3831 3244; x_wconf 75' lang='grc' dir='ltr'>ἔλαττον</span> <span class='ocrx_word' id='word_1_488' title='bbox 3867 3194 4007 3245; x_wconf 66' lang='grc' dir='ltr'>ἀπος</span> 
     </span>
    </p>
   </div>
   <div class='ocr_carea' id='block_1_62' title="bbox 738 3285 2317 3355">
    <p class='ocr_par' dir='ltr' id='par_1_62' title="bbox 738 3285 2317 3355">
     <span class='ocr_line' id='line_1_62' title="bbox 738 3285 2317 3355; baseline -0.012 0"><span class='ocrx_word' id='word_1_489' title='bbox 738 3298 1040 3355; x_wconf 80' lang='lat' dir='ltr'><strong>secundum</strong></span> <span class='ocrx_word' id='word_1_490' title='bbox 1079 3294 1441 3350; x_wconf 87' lang='lat' dir='ltr'><strong>substantiam</strong></span> <span class='ocrx_word' id='word_1_491' title='bbox 1472 3306 1595 3345; x_wconf 86' lang='lat' dir='ltr'><strong>esse</strong></span> <span class='ocrx_word' id='word_1_492' title='bbox 1637 3289 1819 3343; x_wconf 83' lang='lat' dir='ltr'><strong>dicent</strong></span> <span class='ocrx_word' id='word_1_493' title='bbox 1856 3286 1994 3341; x_wconf 85' lang='lat' dir='ltr'><strong>Filio</strong></span> <span class='ocrx_word' id='word_1_494' title='bbox 2038 3285 2317 3340; x_wconf 90' lang='lat' dir='ltr'><strong>internum</strong></span> 
     </span>
    </p>
   </div>
   <div class='ocr_carea' id='block_1_63' title="bbox 740 3376 2319 3456">
    <p class='ocr_par' dir='ltr' id='par_1_63' title="bbox 740 3376 2319 3456">
     <span class='ocr_line' id='line_1_63' title="bbox 740 3376 2319 3456; baseline -0.009 -11"><span class='ocrx_word' id='word_1_495' title='bbox 740 3393 919 3445; x_wconf 63' lang='lat' dir='ltr'><strong>Patris</strong></span> <span class='ocrx_word' id='word_1_496' title='bbox 941 3388 1196 3443; x_wconf 80' lang='lat' dir='ltr'><strong>Verbum.</strong></span> <span class='ocrx_word' id='word_1_497' title='bbox 1250 3384 1416 3456; x_wconf 81' lang='lat' dir='ltr'><strong>Igitur</strong></span> <span class='ocrx_word' id='word_1_498' title='bbox 1441 3384 1618 3437; x_wconf 89' lang='lat' dir='ltr'><strong>soluta</strong></span> <span class='ocrx_word' id='word_1_499' title='bbox 1643 3389 1726 3435; x_wconf 88' lang='lat' dir='ltr'><strong>est</strong></span> <span class='ocrx_word' id='word_1_500' title='bbox 1753 3378 2003 3448; x_wconf 66' lang='lat' dir='ltr'><strong>quaestio.</strong></span> <span class='ocrx_word' id='word_1_501' title='bbox 2033 3376 2319 3442; x_wconf 86' lang='lat' dir='ltr'><strong>Quomodo</strong></span> 
     </span>
    </p>
   </div>
   <div class='ocr_carea' id='block_1_64' title="bbox 738 3472 2315 3541">
    <p class='ocr_par' dir='ltr' id='par_1_64' title="bbox 738 3472 2315 3541">
     <span class='ocr_line' id='line_1_64' title="bbox 738 3472 2315 3541; baseline -0.007 -9"><span class='ocrx_word' id='word_1_502' title='bbox 738 3485 883 3536; x_wconf 72' lang='grc' dir='ltr'>σοιιῑιιι</span> <span class='ocrx_word' id='word_1_503' title='bbox 938 3482 1074 3534; x_wconf 76' lang='lat' dir='ltr'><strong>alter</strong></span> <span class='ocrx_word' id='word_1_504' title='bbox 1118 3479 1347 3531; x_wconf 88' lang='lat' dir='ltr'><strong>alterum</strong></span> <span class='ocrx_word' id='word_1_505' title='bbox 1379 3473 1630 3537; x_wconf 86' lang='lat' dir='ltr'><strong>docebit,</strong></span> <span class='ocrx_word' id='word_1_506' title='bbox 1680 3472 1839 3541; x_wconf 88' lang='lat' dir='ltr'><strong>quasi</strong></span> <span class='ocrx_word' id='word_1_507' title='bbox 1870 3476 2167 3539; x_wconf 80' lang='lat' dir='ltr'><strong>cognoscat</strong></span> <span class='ocrx_word' id='word_1_508' title='bbox 2193 3484 2315 3522; x_wconf 91' lang='lat' dir='ltr'><strong>eum</strong></span> 
     </span>
    </p>
   </div>
   <div class='ocr_carea' id='block_1_65' title="bbox 741 3553 2319 3641">
    <p class='ocr_par' dir='ltr' id='par_1_65' title="bbox 741 3553 2319 3641">
     <span class='ocr_line' id='line_1_65' title="bbox 741 3553 2319 3641; baseline -0.011 -18"><span class='ocrx_word' id='word_1_509' title='bbox 741 3596 766 3623; x_wconf 70' lang='grc' dir='ltr'><strong>ιι</strong></span> <span class='ocrx_word' id='word_1_510' title='bbox 816 3587 923 3641; x_wconf 89' lang='lat' dir='ltr'><strong>quo</strong></span> <span class='ocrx_word' id='word_1_511' title='bbox 971 3570 1287 3639; x_wconf 74' lang='lat' dir='ltr'><strong>ignoratur,</strong></span> <span class='ocrx_word' id='word_1_512' title='bbox 1339 3563 1383 3619; x_wconf 88' lang='lat' dir='ltr'><strong>si</strong></span> <span class='ocrx_word' id='word_1_513' title='bbox 1429 3561 1665 3631; x_wconf 67' lang='lat' dir='ltr'><strong>aequales</strong></span> <span class='ocrx_word' id='word_1_514' title='bbox 1706 3564 1836 3613; x_wconf 86' lang='lat' dir='ltr'><strong>sunt</strong></span> <span class='ocrx_word' id='word_1_515' title='bbox 1873 3557 2034 3611; x_wconf 91' lang='lat' dir='ltr'><strong>ambo</strong></span> <span class='ocrx_word' id='word_1_516' title='bbox 2081 3553 2319 3608; x_wconf 84' lang='lat' dir='ltr'><strong>natura?</strong></span> 
     </span>
    </p>
   </div>
   <div class='ocr_carea' id='block_1_66' title="bbox 740 3642 2317 3735">
    <p class='ocr_par' dir='ltr' id='par_1_66' title="bbox 740 3642 2317 3735">
     <span class='ocr_line' id='line_1_66' title="bbox 740 3642 2317 3735; baseline -0.016 -17"><span class='ocrx_word' id='word_1_517' title='bbox 740 3663 845 3735; x_wconf 69' lang='grc'><strong>43</strong></span> <span class='ocrx_word' id='word_1_518' title='bbox 873 3664 1008 3715; x_wconf 70' lang='lat' dir='ltr'><strong>tium</strong></span> <span class='ocrx_word' id='word_1_519' title='bbox 1040 3672 1169 3727; x_wconf 83' lang='lat' dir='ltr'><strong>ergo</strong></span> <span class='ocrx_word' id='word_1_520' title='bbox 1201 3655 1413 3708; x_wconf 88' lang='lat' dir='ltr'><strong>illorum</strong></span> <span class='ocrx_word' id='word_1_521' title='bbox 1446 3649 1594 3705; x_wconf 87' lang='lat' dir='ltr'><strong>omni</strong></span> <span class='ocrx_word' id='word_1_522' title='bbox 1624 3663 1688 3703; x_wconf 83' lang='lat' dir='ltr'><strong>ex</strong></span> <span class='ocrx_word' id='word_1_523' title='bbox 1708 3656 1868 3716; x_wconf 76' lang='lat' dir='ltr'><strong>parte</strong></span> <span class='ocrx_word' id='word_1_524' title='bbox 1896 3645 2037 3697; x_wconf 82' lang='lat' dir='ltr'><strong>ratio</strong></span> <span class='ocrx_word' id='word_1_525' title='bbox 2084 3642 2317 3707; x_wconf 83' lang='lat' dir='ltr'><strong>laboret,</strong></span> 
     </span>
    </p>
   </div>
   <div class='ocr_carea' id='block_1_67' title="bbox 742 3735 2317 3824">
    <p class='ocr_par' dir='ltr' id='par_1_67' title="bbox 742 3735 2317 3824">
     <span class='ocr_line' id='line_1_67' title="bbox 742 3735 2317 3824; baseline -0.013 -16"><span class='ocrx_word' id='word_1_526' title='bbox 742 3764 1208 3824; x_wconf 72' lang='lat' dir='ltr'><strong>supervacaneum</strong></span> <span class='ocrx_word' id='word_1_527' title='bbox 1228 3746 1445 3801; x_wconf 88' lang='lat' dir='ltr'><strong>tandem</strong></span> <span class='ocrx_word' id='word_1_528' title='bbox 1469 3744 1575 3798; x_wconf 91' lang='lat' dir='ltr'><strong>erit</strong></span> <span class='ocrx_word' id='word_1_529' title='bbox 1605 3739 1920 3796; x_wconf 75' lang='lat' dir='ltr'><strong>existimare</strong></span> <span class='ocrx_word' id='word_1_530' title='bbox 1942 3737 2084 3791; x_wconf 89' lang='lat' dir='ltr'><strong>inter</strong></span> <span class='ocrx_word' id='word_1_531' title='bbox 2102 3735 2317 3789; x_wconf 86' lang='lat' dir='ltr'><strong>Patrem</strong></span> 
     </span>
    </p>
   </div>
   <div class='ocr_carea' id='block_1_68' title="bbox 740 3826 2321 3910">
    <p class='ocr_par' dir='ltr' id='par_1_68' title="bbox 740 3826 2321 3910">
     <span class='ocr_line' id='line_1_68' title="bbox 740 3826 2321 3910; baseline -0.013 -11"><span class='ocrx_word' id='word_1_532' title='bbox 740 3857 792 3899; x_wconf 85' lang='lat' dir='ltr'><strong>et</strong></span> <span class='ocrx_word' id='word_1_533' title='bbox 823 3845 1020 3898; x_wconf 80' lang='lat' dir='ltr'><strong>Filium</strong></span> <span class='ocrx_word' id='word_1_534' title='bbox 1040 3839 1244 3910; x_wconf 92' lang='lat' dir='ltr'><strong>aliquid</strong></span> <span class='ocrx_word' id='word_1_535' title='bbox 1273 3836 1632 3899; x_wconf 85' lang='lat' dir='ltr'><strong>intercedere,</strong></span> <span class='ocrx_word' id='word_1_536' title='bbox 1664 3846 1729 3886; x_wconf 87' lang='lat' dir='ltr'><strong>ac</strong></span> <span class='ocrx_word' id='word_1_537' title='bbox 1750 3844 1859 3885; x_wconf 89' lang='lat' dir='ltr'><strong>non</strong></span> <span class='ocrx_word' id='word_1_538' title='bbox 1887 3828 2068 3898; x_wconf 81' lang='lat' dir='ltr'><strong>potius</strong></span> <span class='ocrx_word' id='word_1_539' title='bbox 2095 3826 2321 3882; x_wconf 84' lang='lat' dir='ltr'><strong>credere</strong></span> 
     </span>
    </p>
   </div>
   <div class='ocr_carea' id='block_1_69' title="bbox 744 3919 2321 4005">
    <p class='ocr_par' dir='ltr' id='par_1_69' title="bbox 744 3919 2321 4005">
     <span class='ocr_line' id='line_1_69' title="bbox 744 3919 2321 4005; baseline -0.013 -15"><span class='ocrx_word' id='word_1_540' title='bbox 744 3940 920 4005; x_wconf 86' lang='lat' dir='ltr'><strong>ipsum</strong></span> <span class='ocrx_word' id='word_1_541' title='bbox 954 3948 1077 3988; x_wconf 87' lang='lat' dir='ltr'><strong>esse</strong></span> <span class='ocrx_word' id='word_1_542' title='bbox 1118 3930 1171 3985; x_wconf 91' lang='lat' dir='ltr'><strong>in</strong></span> <span class='ocrx_word' id='word_1_543' title='bbox 1202 3928 1310 3983; x_wconf 91' lang='lat' dir='ltr'><strong>Deo</strong></span> <span class='ocrx_word' id='word_1_544' title='bbox 1339 3927 1499 3981; x_wconf 82' lang='lat' dir='ltr'><strong>Patre</strong></span> <span class='ocrx_word' id='word_1_545' title='bbox 1534 3925 1699 3980; x_wconf 86' lang='lat' dir='ltr'><strong>Deum</strong></span> <span class='ocrx_word' id='word_1_546' title='bbox 1733 3920 1991 3984; x_wconf 88' lang='lat' dir='ltr'><strong>Verbum,</strong></span> <span class='ocrx_word' id='word_1_547' title='bbox 2024 3919 2168 3989; x_wconf 88' lang='lat' dir='ltr'><strong>quod</strong></span> <span class='ocrx_word' id='word_1_548' title='bbox 2198 3923 2321 3971; x_wconf 87' lang='lat' dir='ltr'><strong>erat</strong></span> 
     </span>
    </p>
   </div>
   <div class='ocr_carea' id='block_1_70' title="bbox 743 4027 1113 4099">
    <p class='ocr_par' dir='ltr' id='par_1_70' title="bbox 743 4027 1113 4099">
     <span class='ocr_line' id='line_1_70' title="bbox 743 4027 1113 4099; baseline -0.016 -15"><span class='ocrx_word' id='word_1_549' title='bbox 743 4032 795 4084; x_wconf 89' lang='lat' dir='ltr'><strong>in</strong></span> <span class='ocrx_word' id='word_1_550' title='bbox 822 4027 1113 4099; x_wconf 79' lang='lat' dir='ltr'><strong>principio.</strong></span> 
     </span>
    </p>
   </div>
   <div class='ocr_carea' id='block_1_71' title="bbox 814 4276 2322 4345">
    <p class='ocr_par' dir='ltr' id='par_1_71' title="bbox 814 4276 2322 4345">
     <span class='ocr_line' id='line_1_71' title="bbox 814 4276 2322 4345; baseline -0.008 0"><span class='ocrx_word' id='word_1_551' title='bbox 814 4288 1041 4345; x_wconf 71' lang='lat' dir='ltr'><strong>ALIUD.</strong></span> <span class='ocrx_word' id='word_1_552' title='bbox 1078 4287 1285 4344; x_wconf 81' lang='lat' dir='ltr'><strong>Beatus</strong></span> <span class='ocrx_word' id='word_1_553' title='bbox 1324 4284 1527 4342; x_wconf 80' lang='lat' dir='ltr'><strong>Paulus</strong></span> <span class='ocrx_word' id='word_1_554' title='bbox 1568 4282 1643 4337; x_wconf 85' lang='lat' dir='ltr'><strong>ait</strong></span> <span class='ocrx_word' id='word_1_555' title='bbox 1679 4280 1733 4335; x_wconf 93' lang='lat' dir='ltr'><strong>in</strong></span> <span class='ocrx_word' id='word_1_556' title='bbox 1780 4277 1919 4334; x_wconf 86' lang='lat' dir='ltr'><strong>Filio</strong></span> <span class='ocrx_word' id='word_1_557' title='bbox 1963 4276 2322 4334; x_wconf 78' lang='lat' dir='ltr'><strong>absconditos</strong></span> 
     </span>
    </p>
   </div>
   <div class='ocr_carea' id='block_1_72' title="bbox 742 4366 2324 4444">
    <p class='ocr_par' dir='ltr' id='par_1_72' title="bbox 742 4366 2324 4444">
     <span class='ocr_line' id='line_1_72' title="bbox 742 4366 2324 4444; baseline -0.011 -7"><span class='ocrx_word' id='word_1_558' title='bbox 742 4398 865 4437; x_wconf 65' lang='lat' dir='ltr'><strong>esse</strong></span> <span class='ocrx_word' id='word_1_559' title='bbox 890 4394 1081 4435; x_wconf 87' lang='lat' dir='ltr'><strong>omnes</strong></span> <span class='ocrx_word' id='word_1_560' title='bbox 1116 4377 1406 4433; x_wconf 83' lang='lat' dir='ltr'><strong>thesauros</strong></span> <span class='ocrx_word' id='word_1_561' title='bbox 1449 4370 1734 4444; x_wconf 72' lang='lat' dir='ltr'><strong>sapientia:</strong></span> <span class='ocrx_word' id='word_1_562' title='bbox 1770 4376 1825 4425; x_wconf 90' lang='lat' dir='ltr'><strong>et</strong></span> <span class='ocrx_word' id='word_1_563' title='bbox 1874 4368 2205 4423; x_wconf 64' lang='lat' dir='ltr'><strong>scientiae&quot;.</strong></span> <span class='ocrx_word' id='word_1_564' title='bbox 2254 4366 2324 4419; x_wconf 88' lang='lat' dir='ltr'><strong>At</strong></span> 
     </span>
    </p>
   </div>
   <div class='ocr_carea' id='block_1_73' title="bbox 743 4460 2323 4541">
    <p class='ocr_par' dir='ltr' id='par_1_73' title="bbox 743 4460 2323 4541">
     <span class='ocr_line' id='line_1_73' title="bbox 743 4460 2323 4541; baseline -0.011 -11"><span class='ocrx_word' id='word_1_565' title='bbox 743 4476 788 4530; x_wconf 87' lang='lat' dir='ltr'><strong>si</strong></span> <span class='ocrx_word' id='word_1_566' title='bbox 826 4477 939 4528; x_wconf 71' lang='lat' dir='ltr'><strong>lnec</strong></span> <span class='ocrx_word' id='word_1_567' title='bbox 970 4488 1095 4528; x_wconf 84' lang='lat' dir='ltr'><strong>vere</strong></span> <span class='ocrx_word' id='word_1_568' title='bbox 1120 4470 1277 4536; x_wconf 90' lang='lat' dir='ltr'><strong>dicit,</strong></span> <span class='ocrx_word' id='word_1_569' title='bbox 1316 4466 1591 4541; x_wconf 89' lang='lat' dir='ltr'><strong>quomodo</strong></span> <span class='ocrx_word' id='word_1_570' title='bbox 1618 4462 1850 4520; x_wconf 87' lang='lat' dir='ltr'><strong>alterius</strong></span> <span class='ocrx_word' id='word_1_571' title='bbox 1878 4460 2123 4516; x_wconf 88' lang='lat' dir='ltr'><strong>doctoris</strong></span> <span class='ocrx_word' id='word_1_572' title='bbox 2155 4475 2323 4531; x_wconf 88' lang='lat' dir='ltr'><strong>opera</strong></span> 
     </span>
    </p>
   </div>
   <div class='ocr_carea' id='block_1_74' title="bbox 2426 3277 4005 3354">
    <p class='ocr_par' dir='ltr' id='par_1_74' title="bbox 2426 3277 4005 3354">
     <span class='ocr_line' id='line_1_74' title="bbox 2426 3277 4005 3354; baseline 0.004 -25"><span class='ocrx_word' id='word_1_573' title='bbox 2426 3277 2732 3348; x_wconf 77' lang='grc' dir='ltr'>φερομένῳ.</span> <span class='ocrx_word' id='word_1_574' title='bbox 2778 3279 2917 3331; x_wconf 79' lang='grc' dir='ltr'>Ἀλλ’</span> <span class='ocrx_word' id='word_1_575' title='bbox 2943 3282 3090 3345; x_wconf 84' lang='grc' dir='ltr'>εἰκός</span> <span class='ocrx_word' id='word_1_576' title='bbox 3122 3299 3186 3349; x_wconf 88' lang='grc' dir='ltr'><strong>γε</strong></span> <span class='ocrx_word' id='word_1_577' title='bbox 3229 3284 3399 3354; x_wconf 81' lang='grc' dir='ltr'>δήπου</span> <span class='ocrx_word' id='word_1_578' title='bbox 3425 3283 3525 3353; x_wconf 81' lang='grc' dir='ltr'>τῆς</span> <span class='ocrx_word' id='word_1_579' title='bbox 3558 3284 3643 3336; x_wconf 83' lang='grc' dir='ltr'>ἐπ’</span> <span class='ocrx_word' id='word_1_580' title='bbox 3683 3286 3848 3353; x_wconf 75' lang='grc' dir='ltr'>ἄμφω</span> <span class='ocrx_word' id='word_1_581' title='bbox 3874 3284 4005 3337; x_wconf 88' lang='grc' dir='ltr'>δυσ-</span> 
     </span>
    </p>
   </div>
   <div class='ocr_carea' id='block_1_75' title="bbox 2423 3366 4009 3439">
    <p class='ocr_par' dir='ltr' id='par_1_75' title="bbox 2423 3366 4009 3439">
     <span class='ocr_line' id='line_1_75' title="bbox 2423 3366 4009 3439; baseline 0.004 -21"><span class='ocrx_word' id='word_1_582' title='bbox 2423 3367 2634 3437; x_wconf 83' lang='grc' dir='ltr'>φημίας</span> <span class='ocrx_word' id='word_1_583' title='bbox 2685 3368 2976 3439; x_wconf 80' lang='grc' dir='ltr'>ἀποπηδᾷν</span> <span class='ocrx_word' id='word_1_584' title='bbox 3034 3371 3159 3433; x_wconf 80' lang='grc' dir='ltr'>τοὺς</span> <span class='ocrx_word' id='word_1_585' title='bbox 3213 3371 3277 3423; x_wconf 81' lang='grc' dir='ltr'>δι’</span> <span class='ocrx_word' id='word_1_586' title='bbox 3314 3372 3596 3435; x_wconf 79' lang='grc' dir='ltr'>ἐναντίας·</span> <span class='ocrx_word' id='word_1_587' title='bbox 3633 3366 3746 3424; x_wconf 77' lang='grc' dir='ltr'>ἴσον</span> <span class='ocrx_word' id='word_1_588' title='bbox 3787 3372 3844 3424; x_wconf 75' lang='grc' dir='ltr'>δὲ</span> <span class='ocrx_word' id='word_1_589' title='bbox 3888 3374 4009 3425; x_wconf 80' lang='grc' dir='ltr'>κατ’</span> 
     </span>
    </p>
   </div>
   <div class='ocr_carea' id='block_1_76' title="bbox 2419 3459 4008 3533">
    <p class='ocr_par' dir='ltr' id='par_1_76' title="bbox 2419 3459 4008 3533">
     <span class='ocr_line' id='line_1_76' title="bbox 2419 3459 4008 3533; baseline 0.004 -21"><span class='ocrx_word' id='word_1_590' title='bbox 2419 3459 2608 3513; x_wconf 74' lang='grc' dir='ltr'>οὐσίαν</span> <span class='ocrx_word' id='word_1_591' title='bbox 2654 3460 2923 3531; x_wconf 84' lang='grc' dir='ltr'>ὑπάρχειν</span> <span class='ocrx_word' id='word_1_592' title='bbox 2952 3462 3137 3532; x_wconf 82' lang='grc' dir='ltr'>ἐροῦσι</span> <span class='ocrx_word' id='word_1_593' title='bbox 3182 3464 3259 3532; x_wconf 79' lang='grc' dir='ltr'>τῷ</span> <span class='ocrx_word' id='word_1_594' title='bbox 3292 3464 3407 3533; x_wconf 84' lang='grc' dir='ltr'><strong>Υἱῷ</strong></span> <span class='ocrx_word' id='word_1_595' title='bbox 3450 3464 3541 3517; x_wconf 78' lang='grc' dir='ltr'><strong>τὸν</strong></span> <span class='ocrx_word' id='word_1_596' title='bbox 3574 3465 3877 3519; x_wconf 73' lang='grc' dir='ltr'>ἐνδιάθετον</span> <span class='ocrx_word' id='word_1_597' title='bbox 3912 3465 4008 3519; x_wconf 91' lang='grc' dir='ltr'><strong>τοῦ</strong></span> 
     </span>
    </p>
   </div>
   <div class='ocr_carea' id='block_1_77' title="bbox 2421 3546 4010 3625">
    <p class='ocr_par' dir='ltr' id='par_1_77' title="bbox 2421 3546 4010 3625">
     <span class='ocr_line' id='line_1_77' title="bbox 2421 3546 4010 3625; baseline 0.003 -21"><span class='ocrx_word' id='word_1_598' title='bbox 2421 3546 2636 3621; x_wconf 83' lang='grc' dir='ltr'>Πατρὸς</span> <span class='ocrx_word' id='word_1_599' title='bbox 2664 3552 2855 3621; x_wconf 88' lang='grc' dir='ltr'>Λόγον.</span> <span class='ocrx_word' id='word_1_600' title='bbox 2887 3554 3097 3606; x_wconf 79' lang='grc' dir='ltr'>Οὐκοῦν</span> <span class='ocrx_word' id='word_1_601' title='bbox 3127 3554 3342 3608; x_wconf 84' lang='grc' dir='ltr'>λέλυται</span> <span class='ocrx_word' id='word_1_602' title='bbox 3388 3554 3449 3607; x_wconf 88' lang='grc' dir='ltr'>τὸ</span> <span class='ocrx_word' id='word_1_603' title='bbox 3500 3555 3848 3625; x_wconf 79' lang='grc' dir='ltr'>ζητούμενον.</span> <span class='ocrx_word' id='word_1_604' title='bbox 3883 3556 4010 3618; x_wconf 79' lang='grc' dir='ltr'>Πῶς</span> 
     </span>
    </p>
   </div>
   <div class='ocr_carea' id='block_1_78' title="bbox 2424 3637 4011 3715">
    <p class='ocr_par' dir='ltr' id='par_1_78' title="bbox 2424 3637 4011 3715">
     <span class='ocr_line' id='line_1_78' title="bbox 2424 3637 4011 3715; baseline 0.003 -22"><span class='ocrx_word' id='word_1_605' title='bbox 2424 3640 2532 3713; x_wconf 77' lang='grc' dir='ltr'><strong>γάρ</strong></span> <span class='ocrx_word' id='word_1_606' title='bbox 2562 3642 2591 3693; x_wconf 86' lang='grc' dir='ltr'>ὁ</span> <span class='ocrx_word' id='word_1_607' title='bbox 2619 3637 2698 3704; x_wconf 75' lang='grc' dir='ltr'>εἷς</span> <span class='ocrx_word' id='word_1_608' title='bbox 2726 3640 2927 3709; x_wconf 80' lang='grc' dir='ltr'>διδάξει</span> <span class='ocrx_word' id='word_1_609' title='bbox 2967 3642 3058 3696; x_wconf 80' lang='grc' dir='ltr'>τὸν</span> <span class='ocrx_word' id='word_1_610' title='bbox 3090 3643 3298 3714; x_wconf 80' lang='grc' dir='ltr'>ἕτερον,</span> <span class='ocrx_word' id='word_1_611' title='bbox 3321 3643 3400 3707; x_wconf 83' lang='grc' dir='ltr'>ὠς</span> <span class='ocrx_word' id='word_1_612' title='bbox 3429 3644 3584 3707; x_wconf 82' lang='grc' dir='ltr'>εἰδὼς</span> <span class='ocrx_word' id='word_1_613' title='bbox 3612 3644 3686 3715; x_wconf 84' lang='grc' dir='ltr'>μὴ</span> <span class='ocrx_word' id='word_1_614' title='bbox 3714 3644 4011 3711; x_wconf 84' lang='grc' dir='ltr'>γινώσκον-</span> 
     </span>
    </p>
   </div>
   <div class='ocr_carea' id='block_1_79' title="bbox 2426 3734 4011 3806">
    <p class='ocr_par' dir='ltr' id='par_1_79' title="bbox 2426 3734 4011 3806">
     <span class='ocr_line' id='line_1_79' title="bbox 2426 3734 4011 3806; baseline 0.003 -19"><span class='ocrx_word' id='word_1_615' title='bbox 2426 3750 2516 3797; x_wconf 84' lang='grc' dir='ltr'><strong>τα,</strong></span> <span class='ocrx_word' id='word_1_616' title='bbox 2549 3735 2706 3806; x_wconf 81' lang='grc' dir='ltr'>εἴπερ</span> <span class='ocrx_word' id='word_1_617' title='bbox 2747 3734 2851 3788; x_wconf 76' lang='grc' dir='ltr'>ἴσοι</span> <span class='ocrx_word' id='word_1_618' title='bbox 2897 3736 3039 3789; x_wconf 77' lang='grc' dir='ltr'>κατὰ</span> <span class='ocrx_word' id='word_1_619' title='bbox 3070 3735 3231 3805; x_wconf 82' lang='grc' dir='ltr'>φύσιν</span> <span class='ocrx_word' id='word_1_620' title='bbox 3265 3737 3401 3789; x_wconf 75' lang='grc' dir='ltr'>εἰσὶν</span> <span class='ocrx_word' id='word_1_621' title='bbox 3432 3736 3767 3806; x_wconf 80' lang='grc' dir='ltr'>άμφότεροις</span> <span class='ocrx_word' id='word_1_622' title='bbox 3797 3739 4011 3791; x_wconf 83' lang='grc' dir='ltr'>Παντα-</span> 
     </span>
    </p>
   </div>
   <div class='ocr_carea' id='block_1_80' title="bbox 2423 3826 4011 3899">
    <p class='ocr_par' dir='ltr' id='par_1_80' title="bbox 2423 3826 4011 3899">
     <span class='ocr_line' id='line_1_80' title="bbox 2423 3826 4011 3899; baseline 0 -17"><span class='ocrx_word' id='word_1_623' title='bbox 2423 3826 2578 3898; x_wconf 84' lang='grc' dir='ltr'>χόθεν</span> <span class='ocrx_word' id='word_1_624' title='bbox 2628 3827 2917 3899; x_wconf 84' lang='grc' dir='ltr'>τοιγαροῦν</span> <span class='ocrx_word' id='word_1_625' title='bbox 2960 3828 3311 3891; x_wconf 81' lang='grc' dir='ltr'>ἀσθενοῦντος</span> <span class='ocrx_word' id='word_1_626' title='bbox 3352 3827 3446 3880; x_wconf 87' lang='grc' dir='ltr'><strong>τοῦ</strong></span> <span class='ocrx_word' id='word_1_627' title='bbox 3490 3829 3619 3899; x_wconf 82' lang='grc' dir='ltr'>παρ’</span> <span class='ocrx_word' id='word_1_628' title='bbox 3658 3828 3884 3891; x_wconf 82' lang='grc' dir='ltr'>ἐκείνοις</span> <span class='ocrx_word' id='word_1_629' title='bbox 3918 3827 4011 3882; x_wconf 76' lang='grc' dir='ltr'>λό-</span> 
     </span>
    </p>
   </div>
   <div class='ocr_carea' id='block_1_81' title="bbox 2422 3918 4014 3993">
    <p class='ocr_par' dir='ltr' id='par_1_81' title="bbox 2422 3918 4014 3993">
     <span class='ocr_line' id='line_1_81' title="bbox 2422 3918 4014 3993; baseline 0.001 -21"><span class='ocrx_word' id='word_1_630' title='bbox 2422 3935 2559 3986; x_wconf 86' lang='grc' dir='ltr'>γου,</span> <span class='ocrx_word' id='word_1_631' title='bbox 2611 3919 2885 3992; x_wconf 79' lang='grc' dir='ltr'>παρέλκον</span> <span class='ocrx_word' id='word_1_632' title='bbox 2936 3918 3002 3972; x_wconf 82' lang='grc' dir='ltr'>ἂν</span> <span class='ocrx_word' id='word_1_633' title='bbox 3066 3920 3149 3989; x_wconf 80' lang='grc' dir='ltr'>εἴη</span> <span class='ocrx_word' id='word_1_634' title='bbox 3200 3919 3383 3972; x_wconf 79' lang='grc' dir='ltr'>λοιπὸν</span> <span class='ocrx_word' id='word_1_635' title='bbox 3428 3919 3808 3991; x_wconf 74' lang='grc' dir='ltr'>μεσιτεῦεσθαι</span> <span class='ocrx_word' id='word_1_636' title='bbox 3858 3922 4014 3993; x_wconf 84' lang='grc' dir='ltr'>παρά</span> 
     </span>
    </p>
   </div>
   <div class='ocr_carea' id='block_1_82' title="bbox 2422 4008 4011 4082">
    <p class='ocr_par' dir='ltr' id='par_1_82' title="bbox 2422 4008 4011 4082">
     <span class='ocr_line' id='line_1_82' title="bbox 2422 4008 4011 4082; baseline 0 -18"><span class='ocrx_word' id='word_1_637' title='bbox 2422 4029 2565 4075; x_wconf 85' lang='grc' dir='ltr'>τινος</span> <span class='ocrx_word' id='word_1_638' title='bbox 2592 4012 2839 4065; x_wconf 85' lang='grc' dir='ltr'>ὑπονοεῖν</span> <span class='ocrx_word' id='word_1_639' title='bbox 2872 4012 2964 4065; x_wconf 85' lang='grc' dir='ltr'>τὸν</span> <span class='ocrx_word' id='word_1_640' title='bbox 2996 4012 3147 4075; x_wconf 79' lang='grc' dir='ltr'>Υίὸν,</span> <span class='ocrx_word' id='word_1_641' title='bbox 3186 4013 3281 4064; x_wconf 70' lang='grc' dir='ltr'>καὶ</span> <span class='ocrx_word' id='word_1_642' title='bbox 3308 4012 3426 4081; x_wconf 74' lang='grc' dir='ltr'>οὐχὶ</span> <span class='ocrx_word' id='word_1_643' title='bbox 3458 4014 3655 4082; x_wconf 80' lang='grc' dir='ltr'>μᾶλλον</span> <span class='ocrx_word' id='word_1_644' title='bbox 3682 4012 3842 4065; x_wconf 86' lang='grc' dir='ltr'>αὑτὸν</span> <span class='ocrx_word' id='word_1_645' title='bbox 3872 4008 4011 4065; x_wconf 77' lang='grc' dir='ltr'>εἶναι</span> 
     </span>
    </p>
   </div>
   <div class='ocr_carea' id='block_1_83' title="bbox 2425 4100 4012 4176">
    <p class='ocr_par' dir='ltr' id='par_1_83' title="bbox 2425 4100 4012 4176">
     <span class='ocr_line' id='line_1_83' title="bbox 2425 4100 4012 4176; baseline 0 -19"><span class='ocrx_word' id='word_1_646' title='bbox 2425 4104 2703 4157; x_wconf 85' lang='grc' dir='ltr'>πιστεύειν</span> <span class='ocrx_word' id='word_1_647' title='bbox 2747 4105 2839 4159; x_wconf 84' lang='grc' dir='ltr'>τὸν</span> <span class='ocrx_word' id='word_1_648' title='bbox 2870 4106 2929 4159; x_wconf 84' lang='grc' dir='ltr'><strong>ἐν</strong></span> <span class='ocrx_word' id='word_1_649' title='bbox 2973 4104 3093 4175; x_wconf 75' lang='grc' dir='ltr'>θεῷ</span> <span class='ocrx_word' id='word_1_650' title='bbox 3134 4106 3308 4176; x_wconf 77' lang='grc' dir='ltr'>Πατρὶ</span> <span class='ocrx_word' id='word_1_651' title='bbox 3344 4106 3478 4159; x_wconf 76' lang='grc' dir='ltr'>Θεὸν</span> <span class='ocrx_word' id='word_1_652' title='bbox 3517 4106 3718 4174; x_wconf 85' lang='grc' dir='ltr'>Λόγον,</span> <span class='ocrx_word' id='word_1_653' title='bbox 3766 4106 3825 4168; x_wconf 86' lang='grc' dir='ltr'>ὃς</span> <span class='ocrx_word' id='word_1_654' title='bbox 3855 4100 3922 4175; x_wconf 83' lang='grc' dir='ltr'>ἦν</span> <span class='ocrx_word' id='word_1_655' title='bbox 3955 4108 4012 4158; x_wconf 89' lang='grc' dir='ltr'><strong>ἐν</strong></span> 
     </span>
    </p>
   </div>
   <div class='ocr_carea' id='block_1_84' title="bbox 2424 4198 2587 4267">
    <p class='ocr_par' dir='ltr' id='par_1_84' title="bbox 2424 4198 2587 4267">
     <span class='ocr_line' id='line_1_84' title="bbox 2424 4198 2587 4267; baseline 0 0"><span class='ocrx_word' id='word_1_656' title='bbox 2424 4198 2587 4267; x_wconf 72' lang='grc' dir='ltr'><strong>ἀρχῇ·</strong></span> 
     </span>
    </p>
   </div>
   <div class='ocr_carea' id='block_1_85' title="bbox 2494 4289 4012 4362">
    <p class='ocr_par' dir='ltr' id='par_1_85' title="bbox 2494 4289 4012 4362">
     <span class='ocr_line' id='line_1_85' title="bbox 2494 4289 4012 4362; baseline -0.001 -19"><span class='ocrx_word' id='word_1_657' title='bbox 2494 4291 2699 4344; x_wconf 77' lang='grc' dir='ltr'><strong>ΔΑΜ).</strong></span> <span class='ocrx_word' id='word_1_658' title='bbox 2753 4290 2841 4342; x_wconf 83' lang='grc' dir='ltr'>Ἑν</span> <span class='ocrx_word' id='word_1_659' title='bbox 2870 4289 2985 4360; x_wconf 63' lang='lat' dir='ltr'><strong>mp</strong></span> <span class='ocrx_word' id='word_1_660' title='bbox 3035 4308 3200 4360; x_wconf 80' lang='grc' dir='ltr'>φησιν</span> <span class='ocrx_word' id='word_1_661' title='bbox 3238 4293 3268 4343; x_wconf 86' lang='grc' dir='ltr'><strong>ό</strong></span> <span class='ocrx_word' id='word_1_662' title='bbox 3307 4290 3574 4362; x_wconf 81' lang='grc' dir='ltr'>μακάριος</span> <span class='ocrx_word' id='word_1_663' title='bbox 3620 4290 3831 4353; x_wconf 78' lang='grc' dir='ltr'>Παῦλος</span> <span class='ocrx_word' id='word_1_664' title='bbox 3880 4289 4012 4352; x_wconf 68' lang='grc' dir='ltr'>τοὺς</span> 
     </span>
    </p>
   </div>
   <div class='ocr_carea' id='block_1_86' title="bbox 2427 4382 4014 4454">
    <p class='ocr_par' dir='ltr' id='par_1_86' title="bbox 2427 4382 4014 4454">
     <span class='ocr_line' id='line_1_86' title="bbox 2427 4382 4014 4454; baseline -0.001 -18"><span class='ocrx_word' id='word_1_665' title='bbox 2427 4383 2647 4453; x_wconf 87' lang='grc' dir='ltr'>ἁπάσης</span> <span class='ocrx_word' id='word_1_666' title='bbox 2688 4383 2881 4451; x_wconf 82' lang='grc' dir='ltr'>σοφίας</span> <span class='ocrx_word' id='word_1_667' title='bbox 2938 4383 3034 4435; x_wconf 76' lang='grc' dir='ltr'>καὶ</span> <span class='ocrx_word' id='word_1_668' title='bbox 3084 4384 3263 4454; x_wconf 88' lang='grc' dir='ltr'>πάσης</span> <span class='ocrx_word' id='word_1_669' title='bbox 3296 4382 3550 4450; x_wconf 83' lang='grc' dir='ltr'>γνώσεως</span> <span class='ocrx_word' id='word_1_670' title='bbox 3593 4382 4014 4454; x_wconf 74' lang='grc' dir='ltr'>ἀποκεκρύφθαι</span> 
     </span>
    </p>
   </div>
   <div class='ocr_carea' id='block_1_87' title="bbox 2427 4473 4012 4546">
    <p class='ocr_par' dir='ltr' id='par_1_87' title="bbox 2427 4473 4012 4546">
     <span class='ocr_line' id='line_1_87' title="bbox 2427 4473 4012 4546; baseline 0 -19"><span class='ocrx_word' id='word_1_671' title='bbox 2427 4473 2737 4546; x_wconf 78' lang='grc' dir='ltr'>θησαυρούς</span> <span class='ocrx_word' id='word_1_672' title='bbox 2760 4491 2774 4505; x_wconf 91' lang='grc'><strong>·</strong></span> <span class='ocrx_word' id='word_1_673' title='bbox 2819 4474 2935 4527; x_wconf 77' lang='grc' dir='ltr'>ἀλλ’</span> <span class='ocrx_word' id='word_1_674' title='bbox 2969 4475 3127 4546; x_wconf 77' lang='grc' dir='ltr'>εἴπερ</span> <span class='ocrx_word' id='word_1_675' title='bbox 3171 4475 3289 4527; x_wconf 64' lang='grc' dir='ltr'><strong>ἐστ)⁵</strong></span> <span class='ocrx_word' id='word_1_676' title='bbox 3322 4475 3495 4543; x_wconf 82' lang='grc' dir='ltr'>λέγων</span> <span class='ocrx_word' id='word_1_677' title='bbox 3521 4476 3591 4529; x_wconf 81' lang='grc' dir='ltr'>τὰ</span> <span class='ocrx_word' id='word_1_678' title='bbox 3626 4474 3851 4528; x_wconf 82' lang='grc' dir='ltr'>τοιαῦτα</span> <span class='ocrx_word' id='word_1_679' title='bbox 3876 4476 4012 4546; x_wconf 82' lang='grc' dir='ltr'>άλη-</span> 
     </span>
    </p>
   </div>
   <div class='ocr_carea' id='block_1_88' title="bbox 743 4550 2318 4637">
    <p class='ocr_par' dir='ltr' id='par_1_88' title="bbox 743 4550 2318 4637">
     <span class='ocr_line' id='line_1_88' title="bbox 743 4550 2318 4637; baseline -0.011 -16"><span class='ocrx_word' id='word_1_680' title='bbox 743 4569 923 4637; x_wconf 91' lang='lat' dir='ltr'><strong>ipsum</strong></span> <span class='ocrx_word' id='word_1_681' title='bbox 966 4565 1215 4635; x_wconf 77' lang='lat' dir='ltr'><strong>indigere</strong></span> <span class='ocrx_word' id='word_1_682' title='bbox 1248 4560 1591 4633; x_wconf 89' lang='lat' dir='ltr'><strong>putabimus,</strong></span> <span class='ocrx_word' id='word_1_683' title='bbox 1622 4562 1715 4609; x_wconf 85' lang='lat' dir='ltr'><strong>aut</strong></span> <span class='ocrx_word' id='word_1_684' title='bbox 1750 4555 1806 4609; x_wconf 91' lang='lat' dir='ltr'><strong>in</strong></span> <span class='ocrx_word' id='word_1_685' title='bbox 1830 4567 2070 4625; x_wconf 86' lang='lat' dir='ltr'><strong>quonam</strong></span> <span class='ocrx_word' id='word_1_686' title='bbox 2103 4550 2318 4606; x_wconf 88' lang='lat' dir='ltr'><strong>demum</strong></span> 
     </span>
    </p>
   </div>
   <div class='ocr_carea' id='block_1_89' title="bbox 2422 4550 4015 4637">
    <p class='ocr_par' dir='ltr' id='par_1_89' title="bbox 2429 4558 4015 4637">
     <span class='ocr_line' id='line_1_89' title="bbox 2429 4558 4015 4637; baseline -0.001 -17"><span class='ocrx_word' id='word_1_687' title='bbox 2429 4567 2548 4637; x_wconf 79' lang='grc' dir='ltr'>θὴς,</span> <span class='ocrx_word' id='word_1_688' title='bbox 2581 4567 2696 4630; x_wconf 84' lang='grc' dir='ltr'>πῶς</span> <span class='ocrx_word' id='word_1_689' title='bbox 2729 4566 2795 4619; x_wconf 82' lang='grc' dir='ltr'>ἂν</span> <span class='ocrx_word' id='word_1_690' title='bbox 2828 4565 2910 4619; x_wconf 75' lang='grc' dir='ltr'>ἔτι</span> <span class='ocrx_word' id='word_1_691' title='bbox 2941 4566 3041 4635; x_wconf 80' lang='grc' dir='ltr'>τῆς</span> <span class='ocrx_word' id='word_1_692' title='bbox 3072 4567 3196 4637; x_wconf 78' lang='grc' dir='ltr'>παρ’</span> <span class='ocrx_word' id='word_1_693' title='bbox 3231 4567 3418 4637; x_wconf 83' lang='grc' dir='ltr'>ἐτέρου</span> <span class='ocrx_word' id='word_1_694' title='bbox 3442 4558 3723 4635; x_wconf 80' lang='grc' dir='ltr'>δεδεῆσθαι</span> <span class='ocrx_word' id='word_1_695' title='bbox 3756 4566 4015 4619; x_wconf 82' lang='grc' dir='ltr'>διδασκα-</span> 
     </span>
    </p>
   </div>
   <div class='ocr_carea' id='block_1_90' title="bbox 743 4643 2320 4727">
    <p class='ocr_par' dir='ltr' id='par_1_90' title="bbox 743 4643 2320 4727">
     <span class='ocr_line' id='line_1_90' title="bbox 743 4643 2320 4727; baseline -0.011 -14"><span class='ocrx_word' id='word_1_696' title='bbox 743 4660 989 4713; x_wconf 66' lang='grc' dir='ltr'>ειτίειιιίιυ</span> <span class='ocrx_word' id='word_1_697' title='bbox 1031 4655 1427 4727; x_wconf 76' lang='lat' dir='ltr'><strong>perfectionem</strong></span> <span class='ocrx_word' id='word_1_698' title='bbox 1497 4649 1879 4719; x_wconf 87' lang='lat' dir='ltr'><strong>requiremus,</strong></span> <span class='ocrx_word' id='word_1_699' title='bbox 1945 4644 1993 4700; x_wconf 84' lang='lat' dir='ltr'><strong>si</strong></span> <span class='ocrx_word' id='word_1_700' title='bbox 2049 4643 2147 4714; x_wconf 91' lang='lat' dir='ltr'><strong>qui</strong></span> <span class='ocrx_word' id='word_1_701' title='bbox 2200 4658 2320 4697; x_wconf 87' lang='lat' dir='ltr'><strong>eam</strong></span> 
     </span>
    </p>
   </div>
   <div class='ocr_carea' id='block_1_91' title="bbox 740 4737 2323 4809">
    <p class='ocr_par' dir='ltr' id='par_1_91' title="bbox 740 4737 2323 4809">
     <span class='ocr_line' id='line_1_91' title="bbox 740 4737 2323 4809; baseline -0.009 -6"><span class='ocrx_word' id='word_1_702' title='bbox 740 4768 961 4806; x_wconf 81' lang='lat' dir='ltr'><strong>onmem</strong></span> <span class='ocrx_word' id='word_1_703' title='bbox 1017 4750 1182 4803; x_wconf 86' lang='lat' dir='ltr'><strong>habet</strong></span> <span class='ocrx_word' id='word_1_704' title='bbox 1239 4748 1308 4803; x_wconf 91' lang='lat' dir='ltr'><strong>ab</strong></span> <span class='ocrx_word' id='word_1_705' title='bbox 1359 4746 1469 4799; x_wconf 89' lang='lat' dir='ltr'><strong>alio</strong></span> <span class='ocrx_word' id='word_1_706' title='bbox 1518 4740 1801 4797; x_wconf 78' lang='lat' dir='ltr'><strong>docetur?</strong></span> <span class='ocrx_word' id='word_1_707' title='bbox 1853 4737 2131 4809; x_wconf 86' lang='lat' dir='ltr'><strong>quomodo</strong></span> <span class='ocrx_word' id='word_1_708' title='bbox 2194 4752 2323 4791; x_wconf 67' lang='lat' dir='ltr'><strong>vero</strong></span> 
     </span>
    </p>
   </div>
   <div class='ocr_carea' id='block_1_92' title="bbox 746 4827 2325 4913">
    <p class='ocr_par' dir='ltr' id='par_1_92' title="bbox 746 4827 2325 4913">
     <span class='ocr_line' id='line_1_92' title="bbox 746 4827 2325 4913; baseline -0.009 -18"><span class='ocrx_word' id='word_1_709' title='bbox 746 4842 1013 4913; x_wconf 75' lang='lat' dir='ltr'><strong>sapientia</strong></span> <span class='ocrx_word' id='word_1_710' title='bbox 1048 4840 1183 4894; x_wconf 89' lang='lat' dir='ltr'><strong>illud</strong></span> <span class='ocrx_word' id='word_1_711' title='bbox 1218 4845 1303 4893; x_wconf 87' lang='lat' dir='ltr'><strong>est</strong></span> <span class='ocrx_word' id='word_1_712' title='bbox 1342 4835 1490 4907; x_wconf 92' lang='lat' dir='ltr'><strong>quod</strong></span> <span class='ocrx_word' id='word_1_713' title='bbox 1532 4834 1597 4887; x_wconf 88' lang='lat' dir='ltr'><strong>ad</strong></span> <span class='ocrx_word' id='word_1_714' title='bbox 1643 4831 1973 4902; x_wconf 83' lang='lat' dir='ltr'><strong>sapientiam</strong></span> <span class='ocrx_word' id='word_1_715' title='bbox 2027 4827 2325 4884; x_wconf 82' lang='lat' dir='ltr'><strong>eruditur?</strong></span> 
     </span>
    </p>
   </div>
   <div class='ocr_carea' id='block_1_93' title="bbox 744 4919 2322 4995">
    <p class='ocr_par' dir='ltr' id='par_1_93' title="bbox 744 4919 2322 4995">
     <span class='ocr_line' id='line_1_93' title="bbox 744 4919 2322 4995; baseline -0.01 -7"><span class='ocrx_word' id='word_1_716' title='bbox 744 4936 881 4988; x_wconf 68' lang='lat' dir='ltr'><strong>Cum</strong></span> <span class='ocrx_word' id='word_1_717' title='bbox 910 4945 1087 4987; x_wconf 85' lang='lat' dir='ltr'><strong>autem</strong></span> <span class='ocrx_word' id='word_1_718' title='bbox 1120 4945 1229 4985; x_wconf 79' lang='lat' dir='ltr'><strong>non</strong></span> <span class='ocrx_word' id='word_1_719' title='bbox 1255 4928 1476 4983; x_wconf 91' lang='lat' dir='ltr'><strong>illorum</strong></span> <span class='ocrx_word' id='word_1_720' title='bbox 1503 4924 1687 4995; x_wconf 84' lang='lat' dir='ltr'><strong>nugis,</strong></span> <span class='ocrx_word' id='word_1_721' title='bbox 1705 4922 1803 4978; x_wconf 86' lang='lat' dir='ltr'><strong>sed</strong></span> <span class='ocrx_word' id='word_1_722' title='bbox 1836 4919 2083 4990; x_wconf 76' lang='lat' dir='ltr'><strong>Spiritus</strong></span> <span class='ocrx_word' id='word_1_723' title='bbox 2105 4935 2322 4974; x_wconf 83' lang='lat' dir='ltr'><strong>sermo-</strong></span> 
     </span>
    </p>
   </div>
   <div class='ocr_carea' id='block_1_94' title="bbox 747 5012 2325 5084">
    <p class='ocr_par' dir='ltr' id='par_1_94' title="bbox 747 5012 2325 5084">
     <span class='ocr_line' id='line_1_94' title="bbox 747 5012 2325 5084; baseline -0.009 -3"><span class='ocrx_word' id='word_1_724' title='bbox 747 5027 910 5081; x_wconf 85' lang='lat' dir='ltr'><strong>nibus</strong></span> <span class='ocrx_word' id='word_1_725' title='bbox 938 5022 1330 5077; x_wconf 80' lang='lat' dir='ltr'><strong>attendendum</strong></span> <span class='ocrx_word' id='word_1_726' title='bbox 1360 5018 1519 5074; x_wconf 90' lang='lat' dir='ltr'><strong>nobis</strong></span> <span class='ocrx_word' id='word_1_727' title='bbox 1551 5016 1645 5083; x_wconf 88' lang='lat' dir='ltr'><strong>sit,</strong></span> <span class='ocrx_word' id='word_1_728' title='bbox 1671 5014 2000 5084; x_wconf 76' lang='lat' dir='ltr'><strong>habeatque,</strong></span> <span class='ocrx_word' id='word_1_729' title='bbox 2031 5021 2092 5068; x_wconf 77' lang='lat' dir='ltr'><strong>ut</strong></span> <span class='ocrx_word' id='word_1_730' title='bbox 2121 5012 2325 5068; x_wconf 86' lang='lat' dir='ltr'><strong>Paulus</strong></span> 
     </span>
    </p>
   </div>
   <div class='ocr_carea' id='block_1_95' title="bbox 746 5106 2325 5188">
    <p class='ocr_par' dir='ltr' id='par_1_95' title="bbox 746 5106 2325 5188">
     <span class='ocr_line' id='line_1_95' title="bbox 746 5106 2325 5188; baseline -0.008 -16"><span class='ocrx_word' id='word_1_731' title='bbox 746 5121 844 5182; x_wconf 83' lang='lat' dir='ltr'><strong>ait,</strong></span> <span class='ocrx_word' id='word_1_732' title='bbox 880 5116 1166 5188; x_wconf 66' lang='lat' dir='ltr'><strong>sapientiae</strong></span> <span class='ocrx_word' id='word_1_733' title='bbox 1192 5122 1247 5168; x_wconf 86' lang='lat' dir='ltr'><strong>et</strong></span> <span class='ocrx_word' id='word_1_734' title='bbox 1278 5111 1463 5168; x_wconf 87' lang='lat' dir='ltr'><strong>omnis</strong></span> <span class='ocrx_word' id='word_1_735' title='bbox 1494 5109 1740 5165; x_wconf 70' lang='lat' dir='ltr'><strong>scientia:</strong></span> <span class='ocrx_word' id='word_1_736' title='bbox 1775 5106 1829 5161; x_wconf 93' lang='lat' dir='ltr'><strong>in</strong></span> <span class='ocrx_word' id='word_1_737' title='bbox 1872 5107 2060 5178; x_wconf 84' lang='lat' dir='ltr'><strong>seipse</strong></span> <span class='ocrx_word' id='word_1_738' title='bbox 2098 5108 2325 5161; x_wconf 85' lang='lat' dir='ltr'><strong>thesau-</strong></span> 
     </span>
    </p>
   </div>
   <div class='ocr_carea' id='block_1_96' title="bbox 750 5204 2328 5276">
    <p class='ocr_par' dir='ltr' id='par_1_96' title="bbox 750 5204 2328 5276">
     <span class='ocr_line' id='line_1_96' title="bbox 750 5204 2328 5276; baseline -0.006 -9"><span class='ocrx_word' id='word_1_739' title='bbox 750 5230 843 5267; x_wconf 85' lang='lat' dir='ltr'><strong>rus</strong></span> <span class='ocrx_word' id='word_1_740' title='bbox 891 5211 1096 5273; x_wconf 75' lang='lat' dir='ltr'><strong>Filius,</strong></span> <span class='ocrx_word' id='word_1_741' title='bbox 1153 5224 1261 5262; x_wconf 90' lang='lat' dir='ltr'><strong>non</strong></span> <span class='ocrx_word' id='word_1_742' title='bbox 1311 5208 1378 5261; x_wconf 92' lang='lat' dir='ltr'><strong>ab</strong></span> <span class='ocrx_word' id='word_1_743' title='bbox 1424 5205 1532 5259; x_wconf 89' lang='lat' dir='ltr'><strong>alio</strong></span> <span class='ocrx_word' id='word_1_744' title='bbox 1589 5204 1831 5273; x_wconf 86' lang='lat' dir='ltr'><strong>quodam</strong></span> <span class='ocrx_word' id='word_1_745' title='bbox 1877 5217 1943 5257; x_wconf 87' lang='lat' dir='ltr'><strong>ea</strong></span> <span class='ocrx_word' id='word_1_746' title='bbox 1996 5204 2197 5275; x_wconf 90' lang='lat' dir='ltr'><strong>accipit</strong></span> <span class='ocrx_word' id='word_1_747' title='bbox 2231 5220 2328 5276; x_wconf 89' lang='lat' dir='ltr'><strong>per</strong></span> 
     </span>
    </p>
   </div>
   <div class='ocr_carea' id='block_1_97' title="bbox 747 5294 2326 5375">
    <p class='ocr_par' dir='ltr' id='par_1_97' title="bbox 747 5294 2326 5375">
     <span class='ocr_line' id='line_1_97' title="bbox 747 5294 2326 5375; baseline -0.004 -16"><span class='ocrx_word' id='word_1_748' title='bbox 747 5322 868 5375; x_wconf 81' lang='lat' dir='ltr'><strong>qua:</strong></span> <span class='ocrx_word' id='word_1_749' title='bbox 897 5312 983 5359; x_wconf 89' lang='lat' dir='ltr'><strong>est</strong></span> <span class='ocrx_word' id='word_1_750' title='bbox 1012 5303 1303 5371; x_wconf 69' lang='lat' dir='ltr'><strong>sapientia,</strong></span> <span class='ocrx_word' id='word_1_751' title='bbox 1348 5297 1467 5363; x_wconf 86' lang='lat' dir='ltr'><strong>sed,</strong></span> <span class='ocrx_word' id='word_1_752' title='bbox 1508 5297 1785 5352; x_wconf 77' lang='lat' dir='ltr'><strong>exsistens</strong></span> <span class='ocrx_word' id='word_1_753' title='bbox 1825 5294 1882 5350; x_wconf 90' lang='lat' dir='ltr'><strong>in</strong></span> <span class='ocrx_word' id='word_1_754' title='bbox 1917 5295 2100 5361; x_wconf 83' lang='lat' dir='ltr'><strong>Patre,</strong></span> <span class='ocrx_word' id='word_1_755' title='bbox 2141 5298 2326 5353; x_wconf 91' lang='lat' dir='ltr'><strong>omnia</strong></span> 
     </span>
    </p>
   </div>
   <div class='ocr_carea' id='block_1_98' title="bbox 747 5390 2248 5469">
    <p class='ocr_par' dir='ltr' id='par_1_98' title="bbox 747 5390 2248 5469">
     <span class='ocr_line' id='line_1_98' title="bbox 747 5390 2248 5469; baseline -0.006 -16"><span class='ocrx_word' id='word_1_756' title='bbox 747 5414 870 5469; x_wconf 68' lang='lat' dir='ltr'><strong>qua:</strong></span> <span class='ocrx_word' id='word_1_757' title='bbox 896 5406 1023 5453; x_wconf 86' lang='lat' dir='ltr'><strong>sunt</strong></span> <span class='ocrx_word' id='word_1_758' title='bbox 1071 5394 1243 5450; x_wconf 82' lang='lat' dir='ltr'><strong>Patris</strong></span> <span class='ocrx_word' id='word_1_759' title='bbox 1273 5391 1543 5461; x_wconf 77' lang='lat' dir='ltr'><strong>agnoscit,</strong></span> <span class='ocrx_word' id='word_1_760' title='bbox 1578 5398 1765 5459; x_wconf 85' lang='lat' dir='ltr'><strong>utpote</strong></span> <span class='ocrx_word' id='word_1_761' title='bbox 1806 5390 2078 5460; x_wconf 87' lang='lat' dir='ltr'><strong>sapientia</strong></span> <span class='ocrx_word' id='word_1_762' title='bbox 2109 5391 2248 5461; x_wconf 76' lang='lat' dir='ltr'><strong>ejus.</strong></span> 
     </span>
    </p>
   </div>
   <div class='ocr_carea' id='block_1_99' title="bbox 818 5657 1898 5724">
    <p class='ocr_par' dir='ltr' id='par_1_99' title="bbox 818 5657 1898 5724">
     <span class='ocr_line' id='line_1_99' title="bbox 818 5657 1898 5724; baseline -0.005 -8"><span class='ocrx_word' id='word_1_763' title='bbox 818 5662 862 5692; x_wconf 78' lang='lat'><strong>”</strong></span> <span class='ocrx_word' id='word_1_764' title='bbox 908 5663 921 5715; x_wconf 92' lang='lat' dir='ltr'><strong>l</strong></span> <span class='ocrx_word' id='word_1_765' title='bbox 958 5659 1084 5716; x_wconf 85' lang='lat' dir='ltr'><strong>Cor.</strong></span> <span class='ocrx_word' id='word_1_766' title='bbox 1125 5674 1199 5724; x_wconf 82' lang='grc' dir='ltr'><strong>ιι,</strong></span> <span class='ocrx_word' id='word_1_767' title='bbox 1234 5657 1418 5715; x_wconf 71' lang='lat' dir='ltr'><strong>l0-l2.</strong></span> <span class='ocrx_word' id='word_1_768' title='bbox 1502 5657 1548 5689; x_wconf 84' lang='lat'><strong>&quot;</strong></span> <span class='ocrx_word' id='word_1_769' title='bbox 1585 5658 1707 5713; x_wconf 87' lang='lat' dir='ltr'><strong>Col.</strong></span> <span class='ocrx_word' id='word_1_770' title='bbox 1740 5672 1814 5723; x_wconf 85' lang='lat' dir='ltr'><strong>tt,</strong></span> <span class='ocrx_word' id='word_1_771' title='bbox 1847 5659 1898 5712; x_wconf 79' lang='lat'><strong>3.</strong></span> 
     </span>
    </p>
   </div>
   <div class='ocr_carea' id='block_1_100' title="bbox 2430 4654 4014 4726">
    <p class='ocr_par' dir='ltr' id='par_1_100' title="bbox 2430 4654 4014 4726">
     <span class='ocr_line' id='line_1_100' title="bbox 2430 4654 4014 4726; baseline -0.002 -18"><span class='ocrx_word' id='word_1_772' title='bbox 2430 4655 2551 4718; x_wconf 84' lang='grc' dir='ltr'>λίας</span> <span class='ocrx_word' id='word_1_773' title='bbox 2589 4656 2990 4726; x_wconf 81' lang='grc' dir='ltr'>ὑπονοήσαιμεν</span> <span class='ocrx_word' id='word_1_774' title='bbox 3033 4656 3229 4720; x_wconf 80' lang='grc' dir='ltr'>αὑτὸν,</span> <span class='ocrx_word' id='word_1_775' title='bbox 3282 4656 3313 4726; x_wconf 77' lang='grc' dir='ltr'><strong>ἧ</strong></span> <span class='ocrx_word' id='word_1_776' title='bbox 3367 4656 3425 4709; x_wconf 91' lang='grc' dir='ltr'><strong>ἐν</strong></span> <span class='ocrx_word' id='word_1_777' title='bbox 3469 4655 3574 4707; x_wconf 85' lang='grc' dir='ltr'>τίνι</span> <span class='ocrx_word' id='word_1_778' title='bbox 3624 4654 3808 4708; x_wconf 82' lang='grc' dir='ltr'>λοιπὸν</span> <span class='ocrx_word' id='word_1_779' title='bbox 3852 4657 3914 4709; x_wconf 77' lang='grc' dir='ltr'>τὸ</span> <span class='ocrx_word' id='word_1_780' title='bbox 3956 4659 4014 4707; x_wconf 82' lang='grc' dir='ltr'><strong>ἐν</strong></span> 
     </span>
    </p>
   </div>
   <div class='ocr_carea' id='block_1_101' title="bbox 2430 4748 4013 4818">
    <p class='ocr_par' dir='ltr' id='par_1_101' title="bbox 2430 4748 4013 4818">
     <span class='ocr_line' id='line_1_101' title="bbox 2430 4748 4013 4818; baseline -0.001 -17"><span class='ocrx_word' id='word_1_781' title='bbox 2430 4748 2629 4817; x_wconf 86' lang='grc' dir='ltr'>γνώσει</span> <span class='ocrx_word' id='word_1_782' title='bbox 2668 4749 2873 4802; x_wconf 79' lang='grc' dir='ltr'>τέλειον</span> <span class='ocrx_word' id='word_1_783' title='bbox 2920 4750 3344 4818; x_wconf 80' lang='grc' dir='ltr'>ἐπιζητήσομεν,</span> <span class='ocrx_word' id='word_1_784' title='bbox 3394 4748 3551 4818; x_wconf 82' lang='grc' dir='ltr'>εἴπερ</span> <span class='ocrx_word' id='word_1_785' title='bbox 3582 4749 3611 4801; x_wconf 83' lang='grc' dir='ltr'>ὁ</span> <span class='ocrx_word' id='word_1_786' title='bbox 3652 4749 3831 4800; x_wconf 84' lang='grc' dir='ltr'>πᾶσαν</span> <span class='ocrx_word' id='word_1_787' title='bbox 3874 4748 4013 4817; x_wconf 72' lang='grc' dir='ltr'>ἔχων</span> 
     </span>
    </p>
   </div>
   <div class='ocr_carea' id='block_1_102' title="bbox 2428 4840 4016 4911">
    <p class='ocr_par' dir='ltr' id='par_1_102' title="bbox 2428 4840 4016 4911">
     <span class='ocr_line' id='line_1_102' title="bbox 2428 4840 4016 4911; baseline -0.003 -16"><span class='ocrx_word' id='word_1_788' title='bbox 2428 4840 2599 4909; x_wconf 81' lang='grc' dir='ltr'>αὐτὴν</span> <span class='ocrx_word' id='word_1_789' title='bbox 2629 4841 2756 4911; x_wconf 78' lang='grc' dir='ltr'>παρ’</span> <span class='ocrx_word' id='word_1_790' title='bbox 2792 4841 2979 4911; x_wconf 81' lang='grc' dir='ltr'>ἐτέρου</span> <span class='ocrx_word' id='word_1_791' title='bbox 3024 4841 3311 4909; x_wconf 44' lang='grc' dir='ltr'>σοφοῦ-τας</span> <span class='ocrx_word' id='word_1_792' title='bbox 3359 4840 3474 4903; x_wconf 85' lang='grc' dir='ltr'><strong>πῶς</strong></span> <span class='ocrx_word' id='word_1_793' title='bbox 3507 4840 3562 4893; x_wconf 82' lang='grc' dir='ltr'>δὲ</span> <span class='ocrx_word' id='word_1_794' title='bbox 3590 4840 3722 4904; x_wconf 82' lang='grc' dir='ltr'>ὅλως</span> <span class='ocrx_word' id='word_1_795' title='bbox 3755 4840 3917 4909; x_wconf 80' lang='grc' dir='ltr'>σοφία</span> <span class='ocrx_word' id='word_1_796' title='bbox 3958 4841 4016 4893; x_wconf 81' lang='grc' dir='ltr'>τὸ</span> 
     </span>
    </p>
   </div>
   <div class='ocr_carea' id='block_1_103' title="bbox 2430 4930 4011 5004">
    <p class='ocr_par' dir='ltr' id='par_1_103' title="bbox 2430 4930 4011 5004">
     <span class='ocr_line' id='line_1_103' title="bbox 2430 4930 4011 5004; baseline -0.003 -19"><span class='ocrx_word' id='word_1_797' title='bbox 2430 4933 2790 5004; x_wconf 82' lang='grc' dir='ltr'>σοφούμενον;</span> <span class='ocrx_word' id='word_1_798' title='bbox 2838 4933 3055 5002; x_wconf 76' lang='grc' dir='ltr'>Ἐπειδὴ</span> <span class='ocrx_word' id='word_1_799' title='bbox 3084 4932 3141 4986; x_wconf 82' lang='grc' dir='ltr'>δὲ</span> <span class='ocrx_word' id='word_1_800' title='bbox 3173 4934 3233 4986; x_wconf 82' lang='grc' dir='ltr'><strong>οὑ</strong></span> <span class='ocrx_word' id='word_1_801' title='bbox 3260 4935 3370 4995; x_wconf 74' lang='grc' dir='ltr'>τοῖς</span> <span class='ocrx_word' id='word_1_802' title='bbox 3402 4933 3530 5002; x_wconf 77' lang='grc' dir='ltr'>παρ’</span> <span class='ocrx_word' id='word_1_803' title='bbox 3552 4932 3775 4985; x_wconf 82' lang='grc' dir='ltr'>ἐκείνων</span> <span class='ocrx_word' id='word_1_804' title='bbox 3810 4930 4011 4999; x_wconf 75' lang='grc' dir='ltr'>λόγεις,</span> 
     </span>
    </p>
   </div>
   <div class='ocr_carea' id='block_1_104' title="bbox 2426 5024 4013 5096">
    <p class='ocr_par' dir='ltr' id='par_1_104' title="bbox 2426 5024 4013 5096">
     <span class='ocr_line' id='line_1_104' title="bbox 2426 5024 4013 5096; baseline -0.002 -17"><span class='ocrx_word' id='word_1_805' title='bbox 2426 5025 2564 5079; x_wconf 83' lang='grc' dir='ltr'>ἀλλὰ</span> <span class='ocrx_word' id='word_1_806' title='bbox 2598 5029 2711 5089; x_wconf 86' lang='grc' dir='ltr'>τοῖς</span> <span class='ocrx_word' id='word_1_807' title='bbox 2743 5027 2831 5080; x_wconf 85' lang='grc' dir='ltr'><strong>διὰ</strong></span> <span class='ocrx_word' id='word_1_808' title='bbox 2865 5027 2958 5080; x_wconf 90' lang='grc' dir='ltr'><strong>τοῦ</strong></span> <span class='ocrx_word' id='word_1_809' title='bbox 2994 5024 3310 5095; x_wconf 77' lang='grc' dir='ltr'>Πνεῦματος</span> <span class='ocrx_word' id='word_1_810' title='bbox 3339 5026 3627 5096; x_wconf 81' lang='grc' dir='ltr'>προσέχειν</span> <span class='ocrx_word' id='word_1_811' title='bbox 3668 5025 3813 5093; x_wconf 80' lang='grc' dir='ltr'>ἡμᾶς</span> <span class='ocrx_word' id='word_1_812' title='bbox 3845 5026 4013 5090; x_wconf 72' lang='grc' dir='ltr'>ἀνατο</span> 
     </span>
    </p>
   </div>
   <div class='ocr_carea' id='block_1_105' title="bbox 2427 5116 4013 5189">
    <p class='ocr_par' dir='ltr' id='par_1_105' title="bbox 2427 5116 4013 5189">
     <span class='ocr_line' id='line_1_105' title="bbox 2427 5116 4013 5189; baseline 0.006 -18"><span class='ocrx_word' id='word_1_813' title='bbox 2427 5120 2601 5181; x_wconf 82' lang='grc' dir='ltr'>καῖον,</span> <span class='ocrx_word' id='word_1_814' title='bbox 2638 5118 2751 5189; x_wconf 74' lang='grc' dir='ltr'>ἔχει</span> <span class='ocrx_word' id='word_1_815' title='bbox 2794 5119 2872 5187; x_wconf 88' lang='grc' dir='ltr'>δὲ,</span> <span class='ocrx_word' id='word_1_816' title='bbox 2900 5120 2976 5183; x_wconf 86' lang='grc' dir='ltr'>ὡς</span> <span class='ocrx_word' id='word_1_817' title='bbox 3004 5122 3031 5172; x_wconf 89' lang='grc' dir='ltr'>ὁ</span> <span class='ocrx_word' id='word_1_818' title='bbox 3064 5118 3271 5180; x_wconf 86' lang='grc' dir='ltr'>Παῦλός</span> <span class='ocrx_word' id='word_1_819' title='bbox 3307 5134 3492 5188; x_wconf 76' lang='grc' dir='ltr'>φησιν,</span> <span class='ocrx_word' id='word_1_820' title='bbox 3527 5118 3555 5168; x_wconf 87' lang='grc' dir='ltr'>ὁ</span> <span class='ocrx_word' id='word_1_821' title='bbox 3586 5117 3709 5179; x_wconf 77' lang='grc' dir='ltr'>Υἱὸς</span> <span class='ocrx_word' id='word_1_822' title='bbox 3757 5118 3884 5179; x_wconf 72' lang='grc' dir='ltr'>τοὺς</span> <span class='ocrx_word' id='word_1_823' title='bbox 3915 5116 4013 5184; x_wconf 69' lang='grc' dir='ltr'><strong>τῆς</strong></span> 
     </span>
    </p>
   </div>
   <div class='ocr_carea' id='block_1_106' title="bbox 2430 5206 4015 5282">
    <p class='ocr_par' dir='ltr' id='par_1_106' title="bbox 2430 5206 4015 5282">
     <span class='ocr_line' id='line_1_106' title="bbox 2430 5206 4015 5282; baseline -0.002 -20"><span class='ocrx_word' id='word_1_824' title='bbox 2430 5210 2624 5279; x_wconf 84' lang='grc' dir='ltr'>σοφίας</span> <span class='ocrx_word' id='word_1_825' title='bbox 2668 5212 2763 5265; x_wconf 67' lang='grc' dir='ltr'>καὶ</span> <span class='ocrx_word' id='word_1_826' title='bbox 2802 5212 2984 5282; x_wconf 86' lang='grc' dir='ltr'>πάσης</span> <span class='ocrx_word' id='word_1_827' title='bbox 3016 5210 3268 5279; x_wconf 70' lang='grc' dir='ltr'>γνώσεως,</span> <span class='ocrx_word' id='word_1_828' title='bbox 3305 5212 3363 5261; x_wconf 84' lang='grc' dir='ltr'><strong>ἐν</strong></span> <span class='ocrx_word' id='word_1_829' title='bbox 3394 5206 3571 5278; x_wconf 78' lang='grc' dir='ltr'>ἐαυτῷ</span> <span class='ocrx_word' id='word_1_830' title='bbox 3600 5207 3929 5276; x_wconf 77' lang='grc' dir='ltr'>θησαυροὺς,</span> <span class='ocrx_word' id='word_1_831' title='bbox 3958 5209 4015 5259; x_wconf 64' lang='grc' dir='ltr'>ο)</span> 
     </span>
    </p>
   </div>
   <div class='ocr_carea' id='block_1_107' title="bbox 2430 5298 4009 5375">
    <p class='ocr_par' dir='ltr' id='par_1_107' title="bbox 2430 5298 4009 5375">
     <span class='ocr_line' id='line_1_107' title="bbox 2430 5298 4009 5375; baseline -0.004 -18"><span class='ocrx_word' id='word_1_832' title='bbox 2430 5306 2581 5374; x_wconf 85' lang='grc' dir='ltr'>παρά</span> <span class='ocrx_word' id='word_1_833' title='bbox 2614 5322 2756 5367; x_wconf 80' lang='grc' dir='ltr'>τινος</span> <span class='ocrx_word' id='word_1_834' title='bbox 2792 5305 2981 5375; x_wconf 78' lang='grc' dir='ltr'>ἑτέρου</span> <span class='ocrx_word' id='word_1_835' title='bbox 3030 5304 3100 5356; x_wconf 77' lang='grc' dir='ltr'><strong>τά</strong></span> <span class='ocrx_word' id='word_1_836' title='bbox 3145 5304 3215 5357; x_wconf 77' lang='grc' dir='ltr'>δι’</span> <span class='ocrx_word' id='word_1_837' title='bbox 3263 5298 3339 5356; x_wconf 81' lang='grc' dir='ltr'>ὧν</span> <span class='ocrx_word' id='word_1_838' title='bbox 3382 5304 3499 5354; x_wconf 87' lang='grc' dir='ltr'>ἐστι</span> <span class='ocrx_word' id='word_1_839' title='bbox 3534 5300 3691 5368; x_wconf 66' lang='grc' dir='ltr'>σοφία</span> <span class='ocrx_word' id='word_1_840' title='bbox 3733 5299 4009 5368; x_wconf 77' lang='grc' dir='ltr'>γνώσεως,</span> 
     </span>
    </p>
   </div>
   <div class='ocr_carea' id='block_1_108' title="bbox 2428 5391 4010 5467">
    <p class='ocr_par' dir='ltr' id='par_1_108' title="bbox 2428 5391 4010 5467">
     <span class='ocr_line' id='line_1_108' title="bbox 2428 5391 4010 5467; baseline -0.003 -16"><span class='ocrx_word' id='word_1_841' title='bbox 2428 5396 2567 5451; x_wconf 71' lang='grc' dir='ltr'>ἀλλὰ</span> <span class='ocrx_word' id='word_1_842' title='bbox 2596 5397 2859 5467; x_wconf 80' lang='grc' dir='ltr'>ὑπάρχων</span> <span class='ocrx_word' id='word_1_843' title='bbox 2885 5399 2943 5448; x_wconf 80' lang='grc' dir='ltr'><strong>ἐν</strong></span> <span class='ocrx_word' id='word_1_844' title='bbox 2976 5397 3150 5466; x_wconf 69' lang='lat' dir='ltr'><strong>Ila.th</strong></span> <span class='ocrx_word' id='word_1_845' title='bbox 3186 5397 3360 5451; x_wconf 83' lang='grc' dir='ltr'>πάντα</span> <span class='ocrx_word' id='word_1_846' title='bbox 3391 5394 3647 5464; x_wconf 68' lang='grc' dir='ltr'>γινώσκει</span> <span class='ocrx_word' id='word_1_847' title='bbox 3681 5392 3751 5448; x_wconf 73' lang='lat'><strong>1&#39;;</strong></span> <span class='ocrx_word' id='word_1_848' title='bbox 3780 5391 3871 5445; x_wconf 79' lang='grc' dir='ltr'><strong>τοῦ</strong></span> <span class='ocrx_word' id='word_1_849' title='bbox 3903 5393 4010 5446; x_wconf 77' lang='lat' dir='ltr'><strong>Ila.-</strong></span> 
     </span>
    </p>
   </div>
   <div class='ocr_carea' id='block_1_109' title="bbox 2438 5488 3103 5559">
    <p class='ocr_par' dir='ltr' id='par_1_109' title="bbox 2438 5488 3103 5559">
     <span class='ocr_line' id='line_1_109' title="bbox 2438 5488 3103 5559; baseline 0.005 -19"><span class='ocrx_word' id='word_1_850' title='bbox 2438 5488 2583 5559; x_wconf 72' lang='grc' dir='ltr'>τρδς,</span> <span class='ocrx_word' id='word_1_851' title='bbox 2617 5488 2689 5553; x_wconf 82' lang='grc' dir='ltr'>ὡς</span> <span class='ocrx_word' id='word_1_852' title='bbox 2719 5489 2878 5559; x_wconf 80' lang='grc' dir='ltr'>σοφία</span> <span class='ocrx_word' id='word_1_853' title='bbox 2912 5488 3103 5544; x_wconf 71' lang='grc' dir='ltr'>αὑτοῦ.</span> 
     </span>
    </p>
   </div>
  </div>
