4214 6502
211 437 282 489 π
1309 429 1374 484 IN
1414 427 1702 485 manuus
1742 426 2188 484 EV’ANCELlU-M
2227 426 2353 481 LIB.
2399 425 2438 481 l.
3422 436 3491 488 vs

825 547 1076 601 ΚΕΦΛΛ.
1113 546 1186 600 E'.

215 642 345 694 ‘Otr
379 637 528 691 κατὰ
555 639 744 705 φύσιν
771 637 1128 707 δημιουργὸς
1156 642 1189 692 ὁ
1224 638 1352 704 Υἱὸς
1373 638 1521 706 μετὰ
1547 636 1796 703 Πατρός,

280 711 366 774 ὡς
394 710 463 760 ἐκ
495 707 600 775 τῆς
641 709 858 772 οὐσίας
892 707 1179 776 ὑπάρχων
1207 707 1415 772 αὑτοῦ,
1452 710 1546 761 καὶ
1579 709 1692 775 οὺχ
1721 707 1798 771 ὡς

283 779 588 847 ὑπουργὸς
613 779 1246 847 παραλαμϐανόμενος.

287 870 492 924 Πάντα
545 869 619 922 δι’
661 868 846 922 αὑτοῦ
894 868 1174 940 ἐγένετο,
1231 869 1329 923 καὶ
1391 868 1570 940 χωρὶς
1615 866 1801 922 αὐτοῦ

202 965 454 1032 ἐγένετο
481 962 623 1017 οὐδὲ
649 961 737 1016 ἓν.

285 1055 368 1106 Τὰ
400 1054 715 1106 πολύπλοκα
746 1053 852 1106 τῶν
885 1053 1112 1107 ἀνοσίων
1157 1054 1448 1124 αἱρετικῶν
1498 1051 1802 1122 ἀνατρέψας

213 1143 604 1214 προϐλήματα,
632 1144 724 1195 καὶ
751 1143 945 1196 λεπτὸν
966 1146 1094 1214 ἡμῖν
1146 1144 1239 1196 καὶ
1262 1143 1652 1212 ἀκριϐέστατον
1679 1143 1804 1212 περὶ

214 1237 311 1290 τοῦ
344 1237 683 1306 Μονογενοῦς
706 1239 977 1308 ὲξυφήνας
1007 1238 1096 1290 τὸν
1120 1239 1275 1306 λόγον
1299 1240 1326 1290 ό
1350 1239 1618 1308 μακάριος
1646 1237 1806 1304 εύαγ·

215 1327 511 1397 γελιστὴς,
565 1329 651 1397 ἐφ’
686 1329 879 1398 ἑτέραν
914 1327 1130 1398 ἔρχεται
1165 1327 1260 1380 τοῦ
1311 1329 1552 1381 διαΰόλου
1606 1325 1805 1394 παγίδα

213 1416 696 1487 συμπεπηγμὲνην
725 1417 784 1481 ἐξ
813 1418 1046 1487 ἀρχαίας
1089 1418 1324 1486 ἀπάτης,
1374 1419 1467 1470 καὶ
1512 1419 1610 1486 τῆς
1645 1416 1806 1470 πολυ-

214 1508 344 1561 θέου
379 1509 585 1580 πλάνης
617 1511 678 1562 τὸ
716 1510 939 1581 κέντρον
968 1511 1102 1580 ἡμῖν
1145 1511 1548 1571 ἀνατείνουσαν,
1593 1510 1626 1579 ἥ
1674 1509 1805 1561 πολ-

213 1600 344 1662 λοὺς
369 1601 467 1669 μὲν
493 1600 751 1670 τρώσασα
781 1601 1178 1670 καταϐέϐληκε,
1204 1602 1299 1672 τὴν
1322 1602 1375 1653 δὲ
1404 1602 1504 1669 τῆς
1533 1601 1807 1663 ἀπωλείας

211 1690 337 1743 ὁδὸν
363 1691 818 1760 ἀνευροῦσα,μκαὶ
852 1693 951 1762 τὴν
982 1692 1240 1744 πλατεῖάν
1274 1709 1331 1742 τε
1374 1693 1466 1744 καὶ
1500 1692 1808 1762 εὐρύχωρον

213 1779 570 1830 ἐκπετάσασα
602 1778 694 1832 τού
732 1777 962 1832 Θανάτου
1020 1779 1214 1849 πύλην,
1266 1781 1525 1848 ἀγεληδὸν
1579 1783 1676 1850 μὲν
1726 1782 1806 1844 είς

2550 542 2703 597 CAP.
2741 542 2804 596 V.

1903 634 2057 701 Quod
2106 645 2299 688 natura
2349 650 2446 687 sua
2489 645 2700 688 creator
2741 636 2808 687 sit
2866 633 3034 688 Filius
3075 651 3194 688 eum
3244 635 3402 689 Patre
3429 650 3486 690 ut

1971 705 2061 773 qui
2097 721 2161 758 ea:
2183 706 2296 769 ejus
2347 715 2424 757 est
2459 705 2780 772 substrmtia,
2819 715 2867 758 ct
2897 722 2999 758 non
3032 716 3285 772 tanquam
3326 708 3486 759 mint-

1974 785 2079 828 δίεν
2102 776 2170 828 ad
2204 777 2256 827 id
2282 786 2602 842 assumptus.

1975 867 2014 926 Ι.
2051 868 2103 921 ὖ.
2156 868 2350 920 Omnia
2397 882 2488 934 per
2538 868 2708 936 ipsum
2743 867 2886 937 facta
2931 878 3084 922 sunt.
3138 877 3187 922 et
3222 870 3334 923 sine
3371 871 3485 937 ipso

1905 957 2107 1026 factum
2144 970 2221 1013 est
2256 960 2408 1013 nihil.

1981 1050 2204 1105 Eversis
2247 1052 2539 1121 impiorum
2605 1051 2989 1105 hmretieorum
3045 1054 3286 1108 versutis
3332 1054 3484 1122 obje-

1905 1145 2184 1197 ctionibus
2242 1152 2296 1197 et
2338 1145 2521 1198 subtili
2570 1153 2736 1213 atque
2770 1144 3192 1199 accuratissima
3229 1146 3390 1200 nobis
3419 1148 3485 1199 de

1911 1235 2209 1307 Unigenito
2247 1237 2499 1290 doctrina
2541 1247 2800 1292 contexta
2829 1279 2842 1300 ,
2894 1238 3092 1293 beatus
3145 1240 3486 1308 evangelista

1903 1329 2018 1398 jam
2067 1330 2131 1382 ad
2197 1330 2608 1384 dissolvendum
2676 1331 2910 1384 alterum
2961 1330 3165 1384 diaboli
3225 1331 3482 1399 laqueum

1909 1422 2157 1483 accedit,
2204 1438 2271 1477 ex
2304 1424 2477 1475 veteri
2529 1421 2719 1476 fraude
2760 1431 3108 1492 compactum
3137 1463 3151 1483 ,
3191 1433 3247 1477 et
3295 1436 3488 1476 errore

1908 1513 2294 1582 multipiicium
2328 1513 2558 1568 deorum
2606 1514 2698 1580 qui
2746 1513 2904 1567 nobis
2932 1515 3182 1567 aculeum
3228 1513 3484 1570 intentat.

1910 1619 2022 1674 quo
2050 1605 2270 1672 disjecti
2300 1615 2431 1659 sum
2475 1606 2630 1659 multi
2664 1605 2960 1667 vulnerati,
3000 1614 3055 1659 et
3101 1605 3327 1660 invento
3360 1621 3489 1674 per-

1909 1695 2140 1747 ditionis
2177 1696 2398 1756 itinere,
2444 1695 2660 1762 lataque
2687 1703 2742 1748 et
2776 1694 3017 1762 spatiosa
3070 1695 3264 1747 mortis
3297 1703 3489 1762 aperta

1907 1785 2096 1854 jauua,
2124 1785 2408 1837 hominum
2440 1784 2653 1838 animas
2690 1785 2744 1838 in
2780 1785 3057 1838 infernum
3098 1785 3366 1855 gregatim
3392 1786 3489 1837 de-

211 1868 347 1939 ᾆδου
367 1868 464 1930 τὰς
491 1870 596 1922 τῶν
623 1868 926 1936 ἀνθρώπων
955 1868 1291 1940 συνεσώρευε
1314 1869 1512 1938 ψυχὰς,
1545 1869 1805 1922 πλουσίαν

1906 1879 2065 1947 jecit,
2121 1879 2412 1945 lautasque
2477 1878 2625 1930 velut
2673 1878 2866 1947 epulas
2921 1878 3146 1932 diabolo
3210 1880 3486 1948 apposuit,

208 1961 270 2012 δὲ
327 1960 518 2032 ὥσπερ
540 1960 615 2030 τῷ
645 1959 873 2030 διαϐόλῳ
901 1959 1180 2029 παρετίθει
1209 1961 1431 2030 τροφὴν,
1460 1961 1552 2013 καὶ
1574 1961 1640 2012 τά
1665 1959 1804 2030 βρώ-

217 2070 370 2122 ματα
404 2052 552 2122 αύτῴ
583 2052 858 2122 προσῆγεν
889 2051 1142 2106 ἐκλεκτά.
1191 2053 1410 2122 Ἐπειδὴ
1460 2053 1568 2122 γαρ
1615 2051 1806 2122 Ἐλλήο

211 2164 326 2198 νων
357 2145 544 2208 παῖδες
586 2146 651 2214 τῇ
686 2143 776 2198 τού
821 2145 1027 2215 κόσμου
1061 2145 1222 2216 σοφίᾳ
1252 2145 1667 2216 προσκείμενοι,
1713 2146 1807 2198 καὶ

214 2237 280 2290 τὸ
309 2239 526 2308 πνεῦμα
561 2237 653 2290 τοῦ
683 2239 942 2309 ἄρχοντος
973 2237 1065 2292 τοῦ
1097 2239 1292 2301 αἰῶνος
1324 2238 1514 2290 τούτου
1537 2238 1806 2301 πλουσίως

213 2331 433 2400 ἔχοντες
463 2330 540 2391 είς
573 2329 716 2390 νοῦν,
755 2331 833 2383 είς
869 2328 1127 2382 πολύθεον
1172 2330 1535 2400 κατεφέροντο
1574 2329 1804 2400 πλάνην,

216 2425 315 2474 καὶ
346 2422 407 2474 τὸ
443 2423 540 2490 μὲν
573 2421 671 2490 τῆς
707 2420 963 2486 ἀληθείας
997 2421 1192 2484 κάλλος
1227 2421 1652 2491 ἀπεστρέφοντο,
1693 2426 1806 2488 τοῖς

212 2515 271 2566 δὲ
300 2516 358 2566 ὲν
388 2511 546 2582 ἀχλύῖ
583 2513 673 2564 καὶ
712 2511 884 2580 σκότῳ
918 2511 1188 2580 βαδίζουσι
1220 2514 1610 2583 παραπλήσιοι,
1671 2514 1808 2584 πρὸς

215 2605 307 2658 τὸν
335 2607 398 2656 ὲκ
430 2605 526 2672 τῆς
551 2603 756 2664 οἰκείας
787 2604 1026 2672 ἀμαθίας
1061 2605 1368 2674 κατῲχοντο
1405 2605 1614 2674 βόθρον,
1649 2606 1806 2658 εἰδώ-

216 2697 332 2758 λοις
363 2695 589 2764 ἀψύχοις
610 2694 982 2765 λατρεύοντες,
1016 2698 1110 2747 καὶ
1138 2696 1216 2766 τῷ
1248 2696 1342 2766 μὲν
1371 2697 1510 2767 ξύλῳ
1535 2698 1805 2766 λέγοντες·

219 2807 239 2838 ε
266 2787 399 2849 Θεός
432 2804 532 2856 μου
565 2783 615 2838 εἷ
646 2788 764 2840 σὺ.»
798 2785 875 2856 τῷ
902 2786 954 2838 δὲ
982 2786 1134 2856 λίθῳ,
1169 2808 1187 2838 ‹
1215 2789 1282 2839 Σὺ
1317 2779 1605 2858 ἐγέννησάς
1641 2806 1707 2858 με
1733 2807 1744 2818 ·
1783 2809 1804 2841 ι

211 2880 395 2948 ἕτεροι
457 2879 512 2931 δὲ
574 2879 734 2930 πάλιν
784 2879 1225 2948 πλημμελοῦντες
1290 2880 1356 2931 τὰ
1416 2881 1654 2948 συγγενῆ
1710 2882 1808 2947 μὲν

217 2971 486 3036 ἐκείνοις,
538 2970 886 3038 ἀστειοτέραν
944 2969 987 3021 δ’
1035 2966 1126 3022 οὖν
1191 2971 1336 3039 ὅμως
1401 2971 1808 3038 ἐπιτηδεύοντες

222 3064 282 3116 π)
298 3065 453 3130 άνην,
477 3066 540 3132 τῇ
578 3061 752 3114 κτίσει
787 3061 1068 3130 λατρεύειν
1102 3062 1271 3130 ῷοντο
1301 3065 1494 3132 χρῆναι
1528 3063 1676 3131 παρά
1716 3062 1807 3114 τὸν

219 3157 502 3215 κτίσαντα,
540 3155 630 3205 καὶ
679 3155 774 3223 τὴν
830 3156 964 3224 μόνῃ
1019 3155 1336 3223 πρέπουσαν
1385 3153 1542 3218 δόξαν
1585 3155 1650 3223 τῇ
1689 3152 1809 3223 θείᾳ

1912 1971 2072 2040 eique
2104 1971 2261 2025 cibos
2303 1969 2510 2023 obtulit
2544 1969 2799 2024 eximios.
2831 1969 2963 2022 Nam
3007 1985 3131 2022 cum
3162 1969 3485 2026 Graecorum

1913 2065 2090 2134 pueri,
2156 2063 2451 2116 mundanae
2501 2062 2706 2116 addicti
2766 2063 3076 2131 sapic-mine,
3107 2073 3161 2117 et
3227 2065 3487 2134 spiritum

1908 2157 2176 2226 principis
2207 2157 2394 2210 seculi
2429 2155 2592 2223 hujus
2629 2163 2742 2208 tota
2795 2157 2963 2209 veluti
3015 2163 3196 2209 niente
3229 2156 3491 2210 haurien-

1903 2258 2009 2316 tes,
2041 2248 2105 2301 ad
2132 2249 2338 2300 cultum
2375 2247 2673 2300 multorum
2707 2247 2938 2300 deorum
2973 2247 3138 2300 delati
3195 2255 3404 2310 essent,
3434 2258 3490 2301 et

1907 2341 2158 2395 veritatis
2221 2341 2442 2408 quidem
2496 2337 2961 2408 pulchritudinem
3011 2339 3270 2403 aversati,
3311 2339 3491 2408 iisque

1909 2433 2118 2487 similes
2158 2435 2248 2503 qui
2305 2434 2358 2486 in
2391 2433 2632 2487 tenebris
2683 2431 3006 2493 ambulant,
3061 2431 3114 2484 in
3168 2432 3491 2500 ignorantiae

1914 2539 2026 2578 suae
2061 2524 2270 2577 foveam
2306 2524 2662 2587 decidissent,
2693 2523 2837 2576 idola
2883 2523 3185 2576 inanimata
3215 2525 3484 2583 colentes.

1907 2626 1958 2669 et
2002 2616 2152 2684 ligno
2189 2615 2406 2684 quidem
2453 2615 2702 2668 dicentes
2740 2615 2785 2646 ’⁷
2817 2632 2830 2668 :
2875 2634 2893 2665 ι
2933 2613 3074 2669 Deus
3107 2630 3258 2669 meus
3294 2630 3352 2669 es
3389 2626 3485 2679 tu;

1907 2715 1960 2759 et
1999 2706 2166 2774 lapidi
2217 2723 2229 2756 :
2271 2703 2352 2758 Tu
2402 2705 2639 2774 genuisti
2689 2721 2805 2770 me;
2851 2724 2867 2755 ι
2904 2704 3014 2777 44
3054 2706 3256 2776 aliique
3298 2707 3485 2760 eadem

1909 2807 2221 2864 peccantes,
2263 2796 2355 2850 sed
2399 2797 2746 2850 urbaniorem
2795 2813 2907 2864 prae
2958 2815 3015 2850 sc
3054 2797 3299 2853 ferentes
3332 2815 3485 2852 erro-

1910 2902 2054 2950 rem,
2096 2895 2406 2938 creaturam
2443 2887 2724 2939 (olendam
2754 2903 3000 2956 essepra:
3026 2889 3287 2943 Creatore
3323 2900 3484 2956 puta-

1909 2984 2052 3037 rent,
2080 2983 2133 3029 et
2172 2976 2272 3028 soli
2312 2984 2522 3029 natura:
2563 2975 2762 3030 divina:
2801 2977 3028 3042 gloriam
3067 2979 3485 3032 convenientem

1909 3062 2109 3115 creatis
2146 3063 2216 3114 ab
2267 3064 2380 3131 ipsa
2435 3064 2722 3118 elementis
2779 3065 3108 3130 tribuerent,
3171 3068 3487 3121 necessario

1912 3153 2070 3206 nobis
2100 3152 2412 3222 Tlieulugus
2438 3155 2690 3221 Opiﬁcem
2725 3155 3025 3208 secundum
3049 3166 3301 3210 naturam
3330 3174 3484 3212 suam

217 3247 417 3316 φύσει,
472 3248 585 3307 τοῖς
639 3245 768 3314 παρ’
813 3246 996 3308 αὺτοῖς
1046 3243 1462 3312 γεγεννημένοις
1511 3243 1638 3314 [ἵσ.
1677 3245 1803 3314 παρ’

1907 3261 2030 3300 esse
2077 3247 2372 3314 persuadet
2426 3247 2816 3312 Unigenitum.
2867 3248 3098 3311 dicens,
3153 3251 3338 3304 omnia
3390 3267 3485 3319 per

216 3340 388 3409 αὐτῆς
431 3339 852 3412 γεγενημένοις]
920 3339 1235 3410 ἐχαρίζοντο
1287 3337 1597 3405 στοιχείοις,
1640 3338 1807 3403 ἀναγ-

219 3433 390 3495 καίως
419 3435 451 3502 ἡ
463 3436 554 3502 μίν
586 3434 615 3484 ό
646 3432 906 3500 Θεολόγος
936 3434 1162 3502 ποιητὴν
1197 3431 1325 3483 ὄντα
1354 3431 1445 3482 καὶ
1479 3429 1806 3498 δημιουργὸν

218 3525 364 3576 κατα
395 3523 558 3590 φύσιν
594 3525 834 3594 εἰσφέρει
863 3525 954 3576 τὸν
996 3524 1295 3591 Μονογενῆ,
1337 3521 1511 3574 πάντα
1543 3520 1713 3588 λέγων
1740 3519 1805 3570 δι’

219 3613 385 3666 αὐτοῦ
438 3614 788 3683 γεγενῆσθαι,
825 3615 923 3666 καὶ
973 3613 1141 3684 χωρὶς
1191 3611 1356 3665 αὑτοῦ
1410 3611 1572 3680 μηδὲν
1617 3613 1696 3672 εἰς
1747 3610 1808 3662 τὸ

217 3701 360 3760 εἶναι
408 3706 734 3776 παρελθεῖν,
800 3707 884 3758 ἵνα
936 3710 1053 3768 ταῖς
1119 3704 1248 3771 παρ’
1299 3701 1521 3754 ἐκείνων
1572 3702 1806 3765 ἀπάταις

218 3795 526 3868 ἀποκλείσῃ
568 3797 666 3867 τὴν
695 3799 774 3860 εἰς
801 3798 860 3850 τὸ
891 3798 1078 3868 πρόσω
1109 3795 1358 3865 πάροδον,
1399 3793 1491 3844 καὶ
1524 3791 1672 3863 δείξῃ
1706 3793 1804 3862 μὲν

219 3893 333 3950 τοῖς
373 3890 476 3941 οὐκ
507 3890 671 3942 εἰδόσι
699 3889 788 3941 τὸν
823 3889 1078 3942 ἁπάντων
1108 3885 1508 3954 γενεσιουργὸν,
1553 3886 1617 3937 δι’
1644 3879 1718 3936 ὦν
1749 3885 1806 3936 δὲ

219 3981 321 4050 τὴν
355 3981 534 4034 κτίσιν
571 3981 899 4050 πεποιῆσθαί
931 3997 1084 4050 φησι,
1115 3979 1202 4033 διὰ
1235 3979 1436 4031 τούτων
1467 3979 1640 4031 αὐτῶν
1671 3978 1809 4028 ἐκδι-

219 4072 397 4142 δάσκῃ
445 4073 666 4141 σαφῶς,
715 4075 905 4143 ὅτιπερ
956 4071 1140 4140 ἕτερός
1184 4073 1298 4122 ἐστι
1341 4070 1470 4140 παρ’
1519 4070 1733 4140 εκείνην
1779 4069 1808 4120 ὁ

221 4166 362 4235 πρὸς
395 4165 456 4218 τὸ
494 4161 633 4217 εἶναι
665 4165 867 4226 καλῶν,
905 4166 996 4216 καὶ
1030 4164 1252 4233 ἀρρήτῳ
1283 4162 1509 4230 δυνάμει
1538 4177 1808 4231 παρενεγ⁶

221 4257 337 4309 κὼν
372 4258 436 4308 ὲκ
479 4255 554 4325 μὴ
599 4256 766 4307 όντων
814 4255 881 4306 τα
924 4254 1054 4307 ὅντα
1103 4254 1237 4322 πρὸς
1283 4254 1513 4322 γένεσιν.
1553 4248 1658 4304 Ἦν
1699 4252 1806 4321 γὰρ

213 4349 369 4403 οὕτω
398 4350 583 4402 λοιπὸν
614 4350 722 4402 ἀπὸ
752 4350 1016 4418 καλλονῆς
1048 4348 1364 4418 κτισμάτων
1410 4349 1688 4416 ἀναλόγως
1717 4348 1808 4401 τὸν

216 4443 477 4512 τεχνίτην
504 4443 660 4512 ὁρᾷν,
698 4443 792 4493 καὶ
826 4442 915 4494 τὸν
949 4441 1078 4494 ὄντα
1116 4440 1234 4493 κατ’
1268 4441 1525 4511 ἀλήθειαν
1557 4437 1808 4506 ἐπιγινώ-

220 4551 382 4587 σκειν
412 4532 567 4594 Θεὸν,
617 4533 681 4586 δι’
717 4526 777 4585 οὗ
811 4535 876 4584 τὰ
907 4533 1085 4586 πάντα
1116 4534 1305 4601 γέγονέ
1339 4551 1397 4586 τε
1427 4532 1548 4602 ἠδη,
1588 4530 1681 4583 καὶ
1713 4545 1806 4596 γε-

217 4624 422 4692 γονότα
474 4624 724 4688 σώζεται.
783 4625 913 4687 Ταῖς
960 4625 1058 4693 μὲν
1093 4620 1184 4677 οὖν
1240 4625 1506 4693 Ἐλλήνων
1545 4621 1806 4690 ψευδολα-

216 4717 422 4786 τρίαις,
447 4715 619 4778 οὔτως
649 4716 714 4769 ἀν
743 4712 894 4786 οἶμαι
927 4717 1108 4780 καλῶς
1136 4718 1226 4771 τὸν
1253 4718 1602 4786 εύαγγελικδν
1631 4735 1805 4788 παρα-

215 4808 491 4871 τάξασθαι
523 4808 697 4876 λόγον,
729 4809 928 4878 ταύτης
957 4825 1015 4861 τε
1049 4809 1210 4863 ἕνεκα
1239 4811 1338 4880 τῆς
1371 4811 1548 4871 αἰτίας
1580 4808 1805 4879 ποιητὴν

217 4899 478 4968 είσῆχθαι
539 4902 633 4953 καὶ
663 4901 1012 4973 δημιουργὸν,
1048 4903 1136 4956 διὰ
1170 4904 1269 4969 τῆς
1303 4902 1396 4956 τοῦ
1429 4903 1583 4969 ἁγίου
1625 4902 1807 4972 φωνῆς

1910 3334 2088 3404 ipsum
2129 3334 2270 3389 facta
2313 3351 2459 3397 esse.
2492 3346 2545 3390 et
2592 3336 2715 3391 sine
2757 3339 2876 3405 ipso
2916 3339 3148 3394 nihilad
3194 3355 3316 3395 esse
3357 3357 3485 3411 pro-

1908 3425 2132 3478 ductum
2160 3464 2174 3487 ,
2207 3434 2264 3478 ut
2307 3442 2497 3480 eurum
2549 3426 2772 3482 fraudes
2815 3429 3172 3494 retunderet,
3207 3441 3262 3486 et
3301 3447 3482 3487 rerum

1908 3517 2152 3569 onminm
2187 3525 2471 3570 auctorem
2507 3517 2715 3587 ignaris
2766 3522 3105 3586 ostenderet,
3143 3535 3196 3576 et
3242 3538 3337 3591 per
3365 3539 3487 3592 qum

1912 3607 2111 3661 factam
2150 3624 2273 3662 esse.
2317 3620 2628 3664 creaturam
2679 3614 2794 3678 ait,
2851 3628 2946 3682 per
3003 3615 3116 3668 haec
3169 3613 3285 3683 ipsa
3339 3617 3488 3668 clare

1909 3699 2135 3752 doceret
2167 3699 2333 3752 alium
2362 3717 2482 3754 che
2513 3702 2580 3754 ab
2610 3703 2724 3770 ipsa
2760 3719 2885 3756 cum
2921 3705 3013 3774 qui
3049 3705 3113 3758 ad
3145 3721 3268 3760 esse
3303 3720 3484 3771 vocat,

1909 3801 1963 3844 et
1999 3792 2262 3845 iuetl'abili
2289 3793 2490 3846 virtute
2519 3810 2605 3848 res
2642 3811 2670 3850 ο
2694 3796 2866 3850 nihilo
2898 3798 3151 3866 producit
3182 3799 3238 3851 in
3273 3807 3482 3852 ortum.

1911 3881 2026 3938 Hoc
2079 3885 2224 3938 enim
2285 3895 2442 3953 pacto
2506 3901 2570 3938 ex
2649 3888 3060 3955 pulchritudine
3101 3900 3484 3946 creaturarum

1909 3977 2159 4046 opiﬁcem
2215 3978 2584 4034 similitudine
2632 3982 2872 4048 quadam
2922 3996 3153 4037 cernere
3213 3983 3380 4044 licet,
3430 3992 3486 4037 et

1909 4087 2096 4125 revera
2157 4073 2510 4126 exsistentem
2561 4073 2728 4127 Deum
2783 4090 3118 4144 agitoscere,
3185 4092 3280 4146 per
3325 4092 3486 4145 quem

1908 4165 2091 4217 omnia
2128 4162 2268 4218 facta
2310 4175 2474 4230 sunt,
2510 4174 2563 4220 et
2606 4175 2790 4221 creata
2826 4179 3250 4223 conservantur.
3279 4169 3490 4222 Adver-

1909 4273 2006 4311 sus
2041 4256 2356 4312 Greecorum
2397 4259 2561 4328 igitur
2595 4260 2962 4314 idololatriam
2999 4269 3144 4316 recte
3192 4262 3293 4315 hoc
3329 4272 3487 4330 pacto

1909 4364 2221 4404 sermonem
2269 4350 2644 4420 evangelicum
2702 4352 2852 4406 velut
2903 4352 2957 4406 in
3009 4353 3183 4408 aciem
3227 4353 3487 4408 eduxisse

1910 4442 2171 4505 arbitror,
2208 4457 2438 4512 eamque
2475 4444 2542 4494 ob
2582 4458 2804 4498 causam
2837 4444 3100 4499 factorem
3139 4457 3190 4498 et
3229 4446 3481 4514 opificem

1913 4542 2188 4589 assertum
2238 4550 2360 4590 esse
2390 4535 2567 4590 sancti
2614 4551 2746 4590 voce
2788 4537 3068 4590 credimus
3110 4536 3484 4606 Unigenitum.

1911 4625 2371 4693 Quandoquidem
2422 4642 2551 4681 vero
2599 4635 3028 4682 consentaneum
3072 4636 3158 4681 est
3201 4626 3488 4681 lneretico-

1914 4733 2034 4771 rum
2064 4733 2320 4787 perversa
2349 4727 2656 4772 commenta
2695 4719 2858 4773 etiam
2905 4719 3241 4787 intelligere,
3280 4718 3480 4783 opinor

1914 4809 1979 4862 ad
2012 4809 2229 4863 illorum
2261 4824 2444 4864 mores
2472 4810 2823 4881 respiciendo
2855 4809 3055 4880 subjici
3090 4825 3264 4880 pauca
3291 4825 3487 4864 rursus

1912 4909 2190 4968 Oportere.

217 4994 313 5047 τὴν
344 4996 620 5065 Μονογενῆ
649 4996 996 5064 πιστεύομεν.
1043 4995 1258 5066 Ἐπειδὴ
1327 4997 1384 5049 δὲ
1427 4996 1716 5078 ἀκόλουθον
1786 4995 1984 5047 ἐννοεῖν
2030 4993 2125 5047 καὶ
2192 4992 2289 5055 τὰς
2355 4993 2462 5045 τῶν
2507 4992 2799 5062 αἱρετικῶν
2845 4991 3174 5062 δυστρόπους
3215 4989 3488 5061 εὑρεσιλο-

219 5089 373 5157 γίας,
407 5091 700 5160 προσήκειν
737 5089 977 5160 ἡγοῦμαι
1019 5092 1112 5144 καὶ
1149 5093 1287 5162 πρὸς
1316 5093 1384 5145 τα
1415 5092 1638 5145 ἐκείνων
1663 5089 2069 5151 ἀποϐλέποντας
2105 5088 2200 5158 ἔθη
2240 5087 2410 5158 μικρά
2440 5088 2602 5141 πάλιν
2634 5090 2828 5142 εἰπεῖν.

297 5178 523 5245 Πάντα,
569 5181 723 5250 φησι,
767 5181 838 5233 δι’
862 5181 1047 5237 αὐτοῦ
1075 5181 1333 5252 ἐγένετο,
1373 5183 1470 5236 καὶ
1499 5182 1674 5251 χωρὶς
1699 5181 1806 5234 αὺ-

220 5269 333 5323 τοῦ
357 5270 595 5337 ἐγένετο
625 5270 765 5324 οὐδὲ
799 5272 886 5325 ἓν.

297 5361 613 5432 Θεοπρεπὲς
663 5365 755 5415 καὶ
807 5363 964 5416 τοῦτο
1014 5364 1322 5436 περιτίθησι
1362 5365 1423 5417 τὸ
1464 5365 1680 5436 ἀξίωμα
1726 5367 1804 5436 τῷ

222 5451 364 5520 Υἱῷ,
399 5453 492 5505 καὶ
519 5454 852 5523 πανταχόθεν
890 5456 1168 5525 ὁμοούσιον
1196 5457 1324 5508 ὄντα
1353 5456 1611 5511 δεικνύων
1643 5459 1804 5512 αὑτὸν

220 5543 303 5614 τῷ
344 5544 632 5615 Γεννήτορι
681 5545 820 5614 Θεῷ,
861 5547 954 5598 καὶ
997 5548 1171 5600 πάντα
1208 5547 1275 5600 τὰ
1312 5548 1506 5618 ἐκείνῳ
1538 5551 1804 5619 προσόντα

224 5637 476 5704 φυσικῶς
509 5637 832 5706 ἐνυπάρχειν
876 5639 953 5708 τῷ
979 5642 1272 5709 γεννήματι
1302 5639 1475 5706 λέγων
1499 5655 1512 5667 '
1564 5642 1648 5695 ἵνα
1670 5642 1803 5706 Θεὸς

222 5731 292 5781 ἐκ
335 5726 474 5779 Θευῦ
520 5729 701 5798 νοῆται
752 5729 890 5782 κατὰ
919 5731 1192 5802 ἀλήθειαν,
1246 5731 1304 5784 ού
1354 5732 1602 5804 καθάπερ
1645 5735 1804 5805 ἡμεῖς

293 5886 346 5919 ’³
375 5884 577 5942 Jereui.
613 5901 650 5941 ιι
673 5926 686 5953 ,
713 5888 801 5942 ‘27.

1985 5178 2199 5242 Omnia,
2236 5179 2435 5247 inquit.
2470 5193 2561 5246 per
2592 5180 2762 5247 ipsum
2793 5181 2938 5245 facta
2971 5184 3116 5243 sunt,
3144 5187 3193 5230 et
3218 5178 3332 5232 sine
3370 5179 3487 5247 ipse

1912 5273 2109 5342 factum
2137 5279 2213 5323 est
2243 5269 2394 5323 nihil.

1980 5363 2230 5417 Divinam
2263 5362 2405 5414 hanc
2443 5375 2663 5430 quoque
2700 5359 3023 5428 dignitatem
3077 5357 3220 5412 Filio
3268 5360 3480 5422 tribuit,

1911 5471 2033 5510 cum
2087 5456 2272 5525 ipsum
2317 5453 2468 5506 omni
2499 5469 2564 5507 ex
2605 5459 2760 5522 parte
2796 5451 3328 5505 consubstantialem
3361 5467 3481 5506 esse

1910 5548 2017 5602 Deo
2048 5547 2194 5600 Patri
2225 5547 2539 5607 ostendens,
2592 5554 2705 5597 tum
2734 5543 2918 5596 omnia
2951 5544 3217 5595 exsistere
3250 5542 3302 5594 in
3333 5543 3482 5611 geni-

1911 5641 2055 5693 mine
2089 5654 2344 5693 asserens
2371 5678 2384 5700 ,
2429 5651 2768 5706 (μιαείευιιιιυο
2801 5633 2947 5688 Patri
2996 5635 3188 5687 insunt
3239 5645 3433 5688 natura
3464 5651 3477 5686 :

1913 5741 1970 5787 ut
1999 5731 2140 5788 Deus
2171 5732 2234 5787 de
2266 5731 2374 5785 Deo
2401 5729 2742 5800 intelligatur
2772 5743 2894 5784 esse
2923 5739 3137 5792 revera,
3166 5739 3275 5781 non
3315 5725 3460 5780 sicut
