4214 6502
710 418 783 477 π
930 462 935 467 .
1706 411 1768 465 S.
1811 410 2091 465 (IYRILLI
2128 402 2601 465 ALEXANDRI'NI
2633 404 2954 461 ARCHIEP.
3920 409 3988 463 80

716 552 819 590 nos
868 530 1236 588 ‘advcntitiem
1303 529 1515 583 habens
1571 529 2032 598 appellationem,
2086 535 2141 582 et
2201 539 2289 597 pet

2404 524 2694 593 ἑπίκτητον
2738 522 2878 593 ἔχων
2921 522 3021 593 τὴν
3066 522 3475 594 προσηγορίαν,
3530 516 3625 577 καὶ
3670 523 3761 578 διὰ
3817 526 3985 594 μόνης

714 626 889 683 solam
926 626 1156 695 gratiam
1191 622 1353 677 nobis
1388 621 1627 675 additam
1656 662 1672 687 ,
1708 620 1865 691 juxta
1911 619 2042 674 illud
2075 637 2087 673 :
2126 638 2145 670 ι
2182 618 2295 687 Ego

713 718 828 771 dixi
860 735 872 769 :
905 714 1173 779 Dii'estis,
1206 722 1260 769 et
1288 713 1383 766 lilii
1414 712 1625 767 Excelsi
1671 726 1867 766 omnes
1887 711 1954 765 ".
2005 730 2023 763 ι
2060 708 2119 763 Si
2146 710 2293 764 enim

699 810 897 864 omnia
915 806 1074 862 tanta
1102 816 1230 861 sunt
1253 822 1349 877 per
1385 803 1596 876 ipsum,
1634 806 1889 860 diversus
1918 804 2025 859 erit
2065 803 2181 873 ipse
2225 802 2292 855 ab

709 899 996 956 omnibus.
1046 898 1183 953 Nam
1228 913 1355 952 eum
1397 896 1580 961 dicat,
1631 915 1649 947 ι
1688 892 1909 960 omnia,
1950 914 1969 948 ι
2022 894 2157 948 nihil
2208 902 2295 949 est

710 992 861 1065 quod
892 992 958 1047 in
1000 990 1262 1046 omnibus
1297 1005 1406 1045 non
1448 988 1990 1060 comprehendatur,
2028 987 2294 1058 quemad-

712 1083 936 1139 modum
971 1098 1167 1153 nempe
1226 1083 1421 1138 beatus
1473 1097 1695 1152 quoque
1746 1079 1953 1136 Paulus
2004 1079 2076 1134 ita
2132 1080 2287 1144 illud,

707 1197 735 1229 ιι
776 1176 988 1239 omnia,
1023 1194 1043 1229 ›
1108 1175 1446 1230 intellexisse
1499 1173 1855 1244 comperilur.
1897 1173 2030 1227 Nam
2080 1188 2204 1228 cum
2235 1175 2291 1227 ln

713 1268 948 1338 miadam
974 1268 1221 1338 Epistola
1248 1266 1311 1321 de
1344 1264 1627 1321 Salvatore
1662 1273 1855 1320 nostro
1882 1265 2043 1320 verba
2070 1264 2290 1330 faceret,

702 1362 1034 1432 diceretque
1063 1360 1244 1414 omnia
1291 1359 1536 1425 subjecta
1572 1374 1698 1414 esse
1747 1359 1851 1413 sub
1888 1358 2114 1428 pedibus
2149 1358 2291 1428 ejus,

714 1458 855 1513 bene
921 1455 1113 1526 utique
1168 1453 1461 1525 subiungit
1516 1472 1529 1508 :
1590 1471 1609 1505 ι
1671 1452 1808 1508 Cum
1871 1463 2051 1508 autem
2122 1453 2290 1517 dicat,

711 1551 950 1610 Omnia.
1027 1548 1165 1604 nihil
1240 1548 1447 1603 dimisit
1509 1563 1617 1603 non
1676 1548 1992 1618 subjectum
2063 1548 2109 1602 ei
2141 1550 2207 1605 θ’.
2269 1567 2287 1601 ι

710 1643 818 1716 ιδ
846 1641 1037 1714 Itaque
1072 1657 1194 1697 cum
1241 1640 1425 1695 omnia
1465 1656 1560 1709 per
1590 1637 1788 1693 Filium
1838 1639 1979 1693 facta
2014 1654 2137 1694 esse
2170 1655 2291 1694 cre-

711 1733 946 1795 damus,
1006 1744 1114 1784 non
1176 1738 1355 1783 tamen
1405 1729 1589 1798 ipsum
1643 1744 1810 1783 unum
1864 1729 2107 1782 omnium
2167 1744 2291 1785 esse

713 1831 992 1893 putemus,
1030 1820 1125 1877 sed
1152 1831 1309 1877 extra
1340 1822 1523 1876 omnia
1560 1821 1781 1890 quidem
1826 1821 2069 1890 positum
2101 1836 2289 1876 cense-

713 1916 926 1979 bimus,
987 1928 1222 1983 ριιιιιιμιε
1277 1927 1307 1965 a
1360 1920 1746 1966 creaturarum
1794 1921 1988 1965 natura
2027 1920 2079 1966 et
2110 1912 2290 1981 specie

687 2009 1097 2078 .sejungentes,
1152 2005 1287 2060 nihil
1322 2004 1469 2058 aliud
1514 2018 1679 2072 quam
1728 2002 1897 2058 Deum
1948 2002 2017 2059 de
2049 2002 2161 2058 Deo
2190 2019 2290 2058 na-

711 2109 832 2155 tura
870 2114 967 2155 sna
993 2114 1114 2154 esse
1147 2097 1455 2153 fatebimur.
1495 2094 1634 2162 Quid
1667 2097 1810 2150 enim
1840 2096 1983 2150 inter
2029 2095 2195 2151 Deum
2236 2108 2289 2151 et

709 2204 1018 2249 creaturam
1066 2190 1403 2246 intercedere
1438 2188 1836 2253 concedemus,
1889 2205 2000 2244 non
2036 2190 2166 2244 dico
2196 2207 2288 2245 ra-

711 2287 863 2340 tione
915 2285 1241 2339 substantia:
1291 2284 1525 2353 (magna
1569 2281 1715 2337 enim
1760 2290 1845 2337 est
1876 2281 2285 2353 intercapedo),

708 2378 802 2433 sed
833 2378 980 2448 quod
1031 2377 1410 2431 tantummodo
1467 2376 1614 2429 aliud
1671 2391 1796 2430 esse
1845 2376 2151 2444 cogitetur?
2196 2383 2289 2428 aut

707 2486 870 2539 quem
903 2470 1084 2524 locum
1116 2470 1284 2522 alium
1317 2467 1612 2522 habiturus
1649 2474 1732 2519 est
1762 2465 1956 2531 Filius,
2001 2467 2093 2536 qui
2142 2480 2289 2519 erea-

707 2572 959 2616 tnrarmn
1006 2571 1260 2617 naturam
1295 2572 1515 2631 superat
1542 2604 1555 2628 ,
1609 2564 1719 2616 imo
1753 2577 1882 2615 vero
1910 2566 2286 2614 creaturarum

708 2663 793 2710 est
818 2653 1041 2723 opifex?
1078 2654 1270 2708 Omnia
1314 2654 1517 2725 quippe
1574 2654 1716 2708 facta
1776 2659 1905 2707 sunt
1943 2666 2037 2720 per
2083 2652 2285 2720 ipsum,

710 2756 974 2817 tanquam
1008 2763 1102 2816 per
1134 2747 1389 2800 virtutem
1416 2757 1470 2801 et
1505 2744 1834 2816 sapientiam
1877 2742 1970 2798 Dei
1997 2759 2059 2798 ac
2084 2742 2286 2807 Patris,

710 2856 816 2893 non
835 2839 1051 2909 quidem
1081 2839 1134 2892 iu
1159 2846 1351 2892 natura
1384 2837 1651 2907 genitoris
1678 2833 2079 2896 absconditam,
2102 2834 2287 2902 cujus-

710 2929 857 2982 modi
886 2929 1105 2983 exsistit
1151 2928 1205 2981 in
1245 2929 1469 2983 hemine
1515 2928 1784 2997 sapientia
1830 2934 1884 2982 et
1931 2926 2145 2991 virtus,
2193 2926 2286 2980 sed

710 3019 933 3087 proprie
974 3026 1027 3072 et
1074 3033 1169 3087 per
1218 3032 1277 3072 se
1312 3016 1709 3072 subsistentem
1736 3056 1749 3081 ,
1808 3030 1995 3071 verum
2031 3013 2285 3070 ineﬂ‘abili

709 3108 1080 3178 generationis
1122 3107 1286 3161 modo
1318 3107 1681 3162 nihilominus
1711 3123 1775 3163 ex
1808 3106 1972 3161 Patre
2011 3106 2289 3177 prodeun-

2396 617 2528 685 ἡμῖν
2565 613 3005 686 προσγενομένην
3033 613 3277 685 χάριτος,
3312 616 3452 669 κατὰ
3480 614 3575 682 τδ,
3605 634 3624 668 ι
3666 615 3807 685 Ἐγὼ
3831 612 3983 680 εἶπα,

2394 707 2519 759 Θεοί
2550 707 2693 767 ὲστε,
2726 708 2820 759 καὶ
2846 708 2951 760 υἱοὶ
2992 706 3248 776 Ὑψίστου
3277 709 3497 771 πάντες.
3533 727 3552 760 ι
3587 709 3648 762 Ei
3674 710 3784 781 γάρ
3807 711 3986 764 πάντα

2393 800 2459 851 δι’
2494 800 2656 852 αὑτοῦ
2684 798 2932 867 ἐγένετο,
2974 799 3162 873 ἕτερος
3196 800 3263 855 ἂν
3291 802 3377 872 εἴη
3404 801 3515 855 τῶν
3541 802 3759 855 πάντων
3789 802 3982 865 αὑτός⁸

2395 894 2451 944 ὲν
2476 892 2583 963 γὰρ
2609 890 2686 960 τῷ
2713 910 2728 941 ι
2753 893 2949 954 πάντα,
2975 910 2994 943 ι
3028 893 3182 946 οὐδέν
3219 896 3389 957 ἐστιν,
3418 894 3447 945 ὃ
3478 893 3553 963 μὴ
3580 894 3640 945 ἐν
3675 897 3788 958 τοῖς
3816 896 3985 948 πᾶσιν

2394 986 2607 1053 ὁρᾶται,
2652 983 2840 1054 ὥσπερ
2869 980 2962 1039 οὖν
2995 984 3187 1053 ἀμέλει
3230 984 3327 1037 καὶ
3369 986 3397 1037 ὀ
3440 986 3710 1057 μακάριος
3745 986 3981 1050 Παῦλος.

2394 1076 2534 1128 οὑτω
2568 1076 2627 1128 τὸ
2659 1076 2897 1132 «πάντα»
2934 1077 3133 1149 νοήσας
3164 1078 3497 1149 εὑρίσκεται.
3540 1079 3758 1152 Ἐπειδὴ
3789 1079 3899 1148 γὰρ
3925 1082 3984 1133 ἐν

2398 1170 2496 1238 μιᾷ
2532 1185 2631 1220 που
2660 1168 2769 1222 τῶν
2800 1169 3097 1223 ἐπιστολῶν
3124 1171 3215 1223 τὸν
3250 1171 3376 1241 περὶ
3415 1170 3508 1224 τοῦ
3537 1172 3787 1242 Σωτῆρος
3824 1173 3985 1242 ἡμῶν

2395 1264 2633 1316 ἐποιεῖτο
2666 1262 2842 1331 λόγον,
2878 1263 3057 1316 πάντα
3102 1280 3163 1315 τε
3207 1263 3443 1332 ἔφασκεν
3482 1264 3844 1334 ὑποτετάχθαι
3878 1263 3985 1317 ὑπὸ

2395 1356 2521 1419 τοὺς
2552 1356 2716 1419 πόδας
2747 1356 2934 1420 αὑτοῦ,
2968 1355 3148 1419 καλῶς
3171 1373 3233 1425 γε
3266 1355 3469 1427 σφόδρα
3500 1356 3665 1409 ποιῶν
3690 1358 3944 1427 ἐπιφέρει
3965 1374 3982 1389 θ

2401 1469 2417 1499 ι
2460 1450 2547 1501 Ἑν
2590 1452 2701 1518 γάρ
2744 1447 2821 1519 τῷ
2850 1450 3022 1501 εἰπεῖν
3055 1449 3121 1502 τὰ
3150 1449 3348 1512 πάντα,
3393 1449 3545 1503 οὐδὲν
3571 1447 3786 1520 ἀφῆκεν
3830 1449 3983 1521 αὑτῷ

2394 1538 2789 1593 ἀνυπότακτον.
2843 1558 2860 1590 ι
2921 1539 3133 1595 Οὐκοῦν
3194 1539 3491 1612 ἐπειδήπερ
3538 1541 3607 1594 τὰ
3660 1541 3839 1595 πάντα
3884 1560 3981 1611 γε·

2394 1631 2653 1702 γενῆσοαι
2680 1633 2748 1685 δι’
2783 1634 2911 1686 Υἰοῦ
2943 1632 3290 1704 πιστεύομεν,
3321 1634 3420 1688 οὑκ
3459 1633 3524 1687 ἂν
3556 1632 3717 1687 αὑτὸν
3749 1634 3844 1686 ἕνα
3871 1634 3983 1686 τῶν

2395 1724 2612 1777 πάντων
2638 1719 2778 1777 εἶναι
2800 1727 3104 1796 νοήσωμεν,
3130 1725 3244 1778 ἀλλ’
3271 1725 3375 1793 ἔξω
3404 1725 3506 1798 μὲν
3530 1728 3739 1781 κεῖσθαι
3760 1730 3981 1782 πάντων

2394 1815 2740 1887 λογιούμεθα,
2773 1821 2873 1889 τῆς
2906 1818 2962 1871 δὲ
2995 1819 3104 1872 τῶν
3136 1821 3380 1890 γενητῶν
3408 1821 3842 1893 ἀποδιορίζοντες
3876 1822 3982 1890 φύ-

2394 1909 2534 1973 σεώς
2585 1928 2643 1962 τε
2686 1912 2780 1963 καὶ
2813 1910 3105 1980 ὀμοειδίας,
3139 1911 3290 1966 οὐδὲν
3322 1913 3506 1984 ἕτερον
3533 1908 3672 1966 εἶναι
3708 1914 3913 1976 λοιπὸν,
3943 1914 3978 1983 ἢ

2391 2001 2524 2053 Θεὸν
2562 2004 2625 2055 ὲκ
2668 2001 2805 2055 Θεοῦ
2836 2002 2977 2057 κατὰ
3014 2002 3175 2071 φύσιν
3202 2004 3629 2075 ὁμολογήσομεν.
3676 2006 3741 2058 Τί
3772 2005 3883 2076 γὰρ
3911 2007 3981 2060 ἄν

2390 2110 2471 2157 τις
2518 2094 2632 2165 δοίη
2669 2095 2728 2147 τὸ
2780 2096 2978 2165 μεταξὺ
3011 2096 3145 2149 Θεοῦ
3200 2096 3294 2150 καὶ
3333 2096 3560 2160 κτίσεως
3603 2098 3717 2167 (καὶ
3746 2098 3805 2150 οὑ
3834 2098 3982 2151 κατᾶ

2388 2186 2545 2256 λόγον
2588 2189 2730 2259 φημὶ
2759 2190 2848 2241 τὸν
2880 2189 2982 2259 τῆς
3026 2191 3215 2255 οὐσίας
3238 2207 3253 2221 ·
3304 2190 3438 2245 πολὺ
3489 2190 3598 2261 γὰρ
3631 2190 3692 2243 τὸ
3727 2190 3974 2258 μεταξύ·

2389 2278 2531 2331 κατὰ
2579 2278 2746 2350 μόνην
2778 2279 2835 2333 δὲ
2882 2280 2980 2351 τὴν
3012 2281 3197 2352 ἐτέρου
3230 2282 3375 2345 τινὸς
3416 2281 3525 2335 τῶν
3575 2281 3764 2345 ὄντων,
3808 2280 3886 2345 ὡς
3918 2287 3977 2335 ὲν

2390 2371 2571 2442 νοήσει
2604 2370 2776 2440 θέσιν)
2800 2372 2868 2441 ςῆ
2903 2376 3052 2426 ποῖον
3081 2374 3191 2437 ἕξει
3222 2374 3383 2427 τόπον
3417 2374 3602 2445 ἕτερον
3634 2375 3663 2427 ὁ
3693 2374 3841 2440 Υἱὸς,
3873 2377 3976 2447 τὴν

2387 2462 2496 2514 τῶν
2520 2465 2841 2534 ποιημάτων
2870 2464 3030 2535 φύσιν
3063 2466 3475 2537 ὑπερκείμενος,
3504 2468 3705 2538 μᾶλλον
3729 2468 3784 2522 δὲ
3810 2469 3975 2530 αὑτὸς

2390 2555 2656 2626 ὑπάρχων
2687 2559 2714 2610 ὁ
2747 2558 3009 2631 ποιητής;
3058 2559 3251 2627 Γέγονε
3289 2561 3386 2630 μὲν
3430 2559 3539 2631 γὰρ
3572 2561 3639 2613 τὰ
3688 2562 3864 2614 πάντα
3905 2562 3974 2614 δι’

2391 2648 2591 2711 αὑτοῦ,¹
2611 2649 2686 2711 ὡς
2711 2648 2798 2701 διὰ
2825 2650 3125 2720 δυνάμεως,
3150 2651 3224 2715 ὡς
3254 2651 3341 2705 διὰ
3374 2652 3564 2720 σοφίας
3589 2652 3682 2705 τοῦ
3712 2653 3847 2706 Θεοῦ
3878 2655 3975 2706 καὶ

2391 2739 2635 2810 Πατρὸς,
2686 2742 2785 2793 οὑκ
2818 2744 2875 2795 ὲν
2905 2744 2971 2814 τῇ
3014 2742 3173 2811 φύσει
3215 2742 3308 2795 τοῦ
3337 2745 3696 2815 γεννήσαντος
3730 2762 3973 2815 κρυπτο-

2392 2832 2598 2902 μένης,
2653 2832 2840 2904 ὧσπερ
2886 2829 2979 2887 οὖν
3030 2836 3144 2887 ἐστι
3189 2836 3282 2887 καὶ
3317 2835 3373 2886 ὲν
3406 2833 3677 2908 ἀνθρώπῳ
3728 2838 3891 2907 τυχὸν
3938 2839 3972 2908 ὴ

2388 2925 2770 2995 ἐνυπάρχουσα
2802 2925 2951 2997 αὑτῷ
2986 2927 3147 2995 σοφία
3204 2928 3299 2980 καὶ
3348 2927 3595 2998 δύναμις,
3646 2929 3760 2983 ἀλλ’
3826 2930 3974 2994 ἰδίως

2392 3017 2489 3086 μὲν
2523 3017 2614 3070 καὶ
2663 3017 2784 3070 καθ’
2816 3018 3017 3089 ἑαυτὴν
3062 3019 3415 3090 ὑφεστώσης,
3464 3023 3884 3094 προκυπτούσης
3926 3024 3973 3077 δ’

2388 3104 2480 3160 οὖν
2513 3108 2661 3179 ὅμως
2706 3109 2965 3163 κατὰλτὸν
3002 3110 3241 3182 ᾶρῤητον
3287 3114 3383 3182 τῆς
3418 3115 3722 3182 γεννήσεως
3769 3117 3976 3186 τρόπον

710 3214 852 3266 tem,
905 3209 963 3255 ut
999 3201 1166 3255 etiam
1210 3200 1548 3269 intelligatur
1580 3214 1704 3255 esse
1751 3213 1945 3255 revera
1985 3197 2157 3254 Filius
2194 3214 2285 3254 sa-

2392 3200 2456 3252 ὲκ
2503 3200 2736 3270 Πατρὸς,
2774 3201 2859 3253 ἵνα
2895 3200 2989 3255 καὶ
3016 3202 3201 3273 νοῆται
3238 3204 3378 3258 κατὰ
3416 3204 3674 3275 ἀλήθειαν
3708 3205 3975 3279 ὑπάρχων

710 3293 913 3363 pientia
954 3299 1007 3348 et
1052 3293 1230 3346 virtus
1276 3290 1480 3346 Patris.
1530 3289 1635 3347 Sed
1688 3292 1905 3348 tametsi
1956 3292 2141 3346 omnia
2192 3307 2289 3362 per

708 3388 889 3455 ipsum
932 3388 1125 3441 beatus
1155 3385 1491 3454 evangelista
1548 3383 1691 3439 facta
1748 3398 1876 3441 esse
1922 3384 2109 3451 dicat,
2152 3385 2288 3440 nihil

705 3487 890 3542 tamen
939 3494 1002 3532 ea
1043 3494 1165 3549 quae
1217 3478 1287 3533 de
1325 3477 1446 3548 ipso
1498 3476 1764 3533 dicuntur
1813 3476 1938 3532 inde
1988 3478 2177 3534 lazsum
2222 3478 2288 3533 iri

702 3577 860 3639 puto.
896 3569 1013 3624 Non
1043 3570 1189 3625 enim
1219 3570 1347 3640 quia
1378 3585 1463 3639 per
1495 3569 1674 3640 ipsum
1703 3585 1791 3625 res
1817 3568 1976 3624 facta:
2004 3570 2285 3634 dicuntur,

709 3663 915 3716 idcirco
960 3676 1155 3717 servus
1202 3671 1255 3717 et
1301 3663 1492 3717 alienae
1541 3662 1843 3716 voluntatis
1888 3660 2138 3715 minister
2163 3676 2289 3716 cen-

707 3753 914 3810 sendus
941 3755 1067 3818 erit,
1114 3770 1183 3809 ue
1212 3764 1264 3809 ct
1293 3762 1490 3808 natura
1532 3768 1633 3808 sua
1664 3762 1883 3809 creator
1919 3753 2108 3808 haberi
2138 3754 2287 3808 desi-

708 3857 822 3909 nat,
850 3854 945 3901 aut
967 3847 1034 3901 ab
1057 3846 1166 3900 alio
1184 3844 1419 3916 quodam
1444 3844 1669 3900 creandi
1696 3851 2020 3915 potestatem
2042 3846 2290 3915 accipere

707 3940 959 3994 videatur
994 3956 1008 3993 :
1041 3937 1297 4007 quinimo
1335 3937 1451 4007 ipse
1495 3936 1648 3991 solus
1685 3936 1865 3991 virtus
1899 3951 2026 3990 cum
2071 3936 2143 3992 sit
2193 3933 2286 3990 Dei

709 4046 771 4083 ac
792 4028 992 4095 Patris,
1021 4046 1127 4099 qua
1153 4027 1328 4082 Filius
1352 4038 1406 4082 et
1430 4024 1761 4098 Unigenitus
1792 4028 1976 4082 omnia
2004 4034 2285 4096 operatur,

707 4130 1038 4193 cooperante
1084 4122 1349 4176 nimirum
1396 4128 1451 4176 et
1479 4120 1843 4175 coexsistente
1875 4119 1980 4188 ipsi
2020 4117 2203 4181 Patre,
2237 4131 2290 4174 et

707 4227 899 4272 salicto
945 4215 1176 4286 Spiritu,
1244 4215 1427 4269 omnia
1467 4214 1667 4284 quippe
1704 4223 1835 4268 sunt
1880 4227 1946 4267 ex
1988 4212 2147 4267 Patre
2192 4227 2290 4282 per

702 4309 927 4376 Filium,
950 4310 1003 4363 in
1035 4316 1224 4364 sancto
1253 4306 1482 4378 Spiritu.
1526 4305 1741 4361 Patrem
1784 4321 1914 4361 vero
1955 4305 2289 4361 coexsistere

702 4402 866 4466 Filio,
886 4415 1200 4461 censemus,
1222 4413 1330 4452 non
1356 4397 1513 4467 quasi
1553 4396 1619 4451 ad
1653 4395 1859 4465 aliquid
1890 4396 2185 4450 creandum
2218 4395 2291 4451 sit

700 4497 996 4562 impotens,
1033 4491 1127 4545 sed
1152 4489 1297 4561 quod
1334 4497 1484 4545 totus
1518 4488 1592 4544 sit
1622 4489 1679 4543 in
1710 4487 1829 4559 ipso
1858 4495 2081 4557 propter
2108 4486 2287 4540 omni-

2393 3294 2515 3357 Υίὺς
2543 3296 2575 3364 ἠ
2615 3295 2774 3362 σοφία
2823 3296 2915 3348 καὶ
2949 3296 3177 3367 δύναμις
3230 3296 3323 3352 τοῦ
3354 3299 3583 3371 Πατρός.
3628 3300 3765 3353 Ἀλλ’
3795 3304 3845 3354 εί
3878 3303 3973 3355 καὶ

2392 3387 2570 3439 πάντα
2599 3388 2664 3439 δι’
2691 3388 2853 3440 αὑτοῦ
2885 3389 3212 3460 γεγενῆσθαί
3244 3408 3408 3460 φησιν
3436 3393 3463 3445 ὁ
3492 3392 3760 3464 μακάριος
3793 3394 3974 3462 Εὐαγ-

2388 3478 2659 3549 γελιστὴς,
2715 3481 2863 3533 οὐδὲν
2915 3477 3067 3551 οἶμαι
3124 3482 3185 3535 τὸ
3239 3482 3431 3554 βλάϐος
3474 3486 3583 3548 τοῖς
3629 3486 3757 3555 περὶ
3806 3487 3974 3541 αὑτοῦ

2390 3571 2742 3642 προξενήσειν
2775 3574 2951 3642 λόγοις
2997 3575 3058 3627 τὸ
3104 3575 3275 3645 ῥῆμα.
3327 3576 3400 3629 Ού
3432 3577 3536 3645 γάρ
3571 3578 3869 3649 ἐπειδήπερ
3903 3579 3974 3638 δι’

2388 3663 2551 3716 αὑτοῦ
2591 3664 2844 3732 γενέσθαι
2873 3666 2940 3718 τὰ
2967 3666 3094 3719 ὄντα
3122 3665 3362 3734 λέγεται,
3408 3668 3623 3730 πάντως
3651 3668 3823 3739 δήπου
3875 3670 3974 3722 καὶ

2390 3756 2660 3827 ὑπουργὸς
2696 3758 2844 3826 ἡμῖν,
2884 3757 2916 3829 ἢ
2950 3757 3042 3809 καὶ
3086 3757 3379 3827 ἀλλοτρίων
3407 3757 3727 3829 θελημάτων
3756 3761 3971 3832 ὑπηρέ-

2388 3864 2487 3916 της
2510 3849 2538 3900 ὁ
2570 3848 2694 3911 Υἱὸς
2723 3847 3056 3919 είσϐήσεται,
3088 3849 3175 3902 ἵνα
3204 3851 3403 3920 μηκέτι
3424 3851 3607 3922 νοῆται
3640 3852 3780 3906 κατὰ
3807 3854 3975 3921 φύσιν

2390 3939 2650 4011 ὑπάρχων
2682 3939 3030 4011 δημιουργὸς,
3061 3939 3093 4012 ἢ
3131 3943 3225 3995 καὶ
3252 3941 3310 4008 ἐξ
3344 3941 3527 4013 ἐτέρου
3561 3942 3705 4008 τινος
3743 3945 3845 4015 τὴν
3879 3946 3975 3998 ἐπὶ

2387 4031 2465 4101 τῷ
2516 4031 2770 4085 δύνασθαι
2822 4032 3026 4096 κτίζειν
3076 4034 3479 4105 χορηγούμενος
3521 4034 3785 4107 δύναμιν,
3833 4037 3974 4090 ἀλλὰ

2392 4123 2590 4193 μᾶλλον
2622 4123 2784 4186 αὑτὸς
2818 4125 2910 4177 καὶ
2948 4126 3106 4194 μόνος
3155 4127 3186 4194 ἡ
3225 4125 3375 4195 ἰσχὺς
3404 4126 3663 4199 ὑπάρχων
3705 4126 3800 4181 τοῦ
3832 4127 3973 4183 Θεοῦ

2390 4216 2480 4270 καὶ
2515 4217 2747 4287 Πατρὸς,
2773 4217 2846 4281 ὡς
2876 4217 3023 4281 Υἱὸς,
3057 4218 3132 4280 ὡς
3161 4220 3469 4289 Μονογενὴς
3498 4220 3565 4273 τά
3592 4220 3770 4273 πάντα
3803 4222 3973 4291 ἐργά-

2390 4307 2560 4374 ζεται,
2596 4311 3061 4382 συνεργαζομένου
3119 4311 3358 4383 δηλονότι
3407 4314 3500 4367 καὶ
3546 4316 3795 4382 συνόντος
3819 4320 3970 4391 αὑτῷ

2387 4398 2480 4451 τοῦ
2507 4400 2717 4471 [ἰατρὸς
2763 4402 2856 4453 καὶ
2882 4401 2973 4455 τοῦ
2998 4403 3153 4471 ἁγίου
3184 4405 3497 4475 Πνεύματος
3520 4422 3533 4435 ⁸
3569 4408 3743 4461 πάντα
3768 4414 3879 4481 γάρ
3905 4414 3968 4465 ἐκ

2390 4489 2602 4558 Πατρὸς
2647 4490 2714 4543 δι’
2751 4491 2881 4544 Υίοῦ
2923 4494 2981 4545 ἐν
3025 4494 3167 4564 ἁγίῳ
3201 4495 3499 4564 Πνεύματι.
3535 4498 3778 4554 Συνεῖναι
3806 4502 3862 4555 δὲ
3894 4504 3970 4572 τῷ

695 4551 919 4637 oiodam
957 4551 1296 4636 identitatem
1336 4580 1683 4645 substantiae,
1726 4551 1783 4634 et
1827 4551 2098 4633 summam
2137 4578 2283 4631 illam

2392 4551 2620 4651 Yiijii'rb—v
2650 4583 2864 4655 Πατέρα
2889 4551 3151 4656 νοοῦμεν,⁸
3181 4588 3278 4657 οὑχ
3420 4551 3697 4645 ἀτονοῦντι

703 4676 1194 4747 coniunctionem,
1262 4682 1315 4728 et
1373 4672 1745 4728 immediatam
1823 4670 2283 4743 propinquitatem

698 4768 825 4835 ejus
854 4766 922 4819 ad
947 4781 1069 4821 eam
1091 4764 1184 4834 qui
1209 4778 1273 4819 ex
1306 4764 1425 4833 ipso
1443 4762 1773 4817 naturaliter
1795 4760 2064 4830 procedit.
2087 4758 2285 4826 Quem-

703 4857 996 4912 admodum
1035 4856 1081 4911 si
1113 4856 1238 4925 quis
1270 4856 1418 4910 dicat
1466 4869 1571 4909 una
1602 4868 1729 4907 cum
1772 4851 1928 4907 (loris
1982 4851 2150 4906 odore
2183 4850 2281 4904 ad-

702 4964 827 5003 esse
862 4949 1038 5018 ipsum
1076 4948 1264 5018 utique
1295 4944 1485 5001 ﬂorem
1512 4945 1579 4998 ad
1610 4942 1951 4999 elllciendam
1985 4942 2136 4997 illam
2170 4940 2281 4995 fra—

704 5043 999 5111 grantiam,
1040 5042 1302 5110 quoniam
1334 5053 1400 5094 ex
1457 5037 1578 5107 ipso
1633 5036 1876 5107 erumpit
1911 5044 2132 5091 natura.
2170 5032 2278 5089 Sed

700 5135 897 5203 exigua
951 5132 1032 5185 vis
1087 5129 1321 5200 exempli
1374 5128 1599 5199 quidem
1644 5134 1729 5182 est
1780 5126 1836 5181 in
1891 5124 2041 5181 hisce
2087 5124 2277 5187 rebus,

701 5221 949 5287 adeoque
979 5232 1145 5286 supra
1172 5216 1274 5269 hoc
1307 5217 1485 5286 posita
1515 5223 1601 5269 est
1630 5222 1828 5268 natura
1853 5213 2060 5281 divina,
2085 5222 2279 5269 tenues

701 5319 1149 5381 argumentorum
1207 5317 1365 5363 notas
1426 5309 1630 5379 quibus
1696 5318 2032 5379 agnoscatur
2093 5323 2161 5363 ex
2217 5322 2283 5362 eo

700 5405 946 5473 capiens.
1023 5401 1158 5457 Nam
1220 5415 1330 5472 quo
1397 5411 1557 5471 pacto
1628 5402 2002 5472 intelligemus
2070 5400 2203 5455 illud
2263 5415 2278 5453 :

704 5515 720 5548 σ
765 5494 922 5549 Pater
962 5509 1118 5549 meus
1150 5508 1325 5563 usque
1364 5490 1529 5547 modo
1573 5505 1852 5564 operatur,
1888 5500 1944 5548 et
1993 5506 2094 5563 ego
2150 5507 2280 5562 ope-

2389 4675 2715 4745 ὲργάζεσθαί
2748 4694 2798 4730 τι
2831 4677 2937 4730 τῶν
2968 4678 3155 4744 ὄντων,
3192 4680 3304 4733 ἀλλ’
3336 4682 3411 4745 ὡς
3442 4682 3560 4737 ὅλον
3594 4683 3721 4737 ὄντα
3740 4686 3798 4738 ὲν
3820 4687 3968 4757 αὐτῷ

2386 4767 2475 4822 διὰ
2524 4769 2584 4822 τὸ
2634 4770 3052 4841 ἀπαράλλακτον
3109 4772 3208 4842 τῆς
3266 4773 3485 4837 οὐσίας,
3540 4776 3631 4828 καὶ
3674 4777 3738 4829 τὺ
3779 4777 3970 4849 5x90);

2387 4861 2655 4930 προσεχές
2701 4877 2761 4914 τε
2832 4864 2925 4917 καὶ
2976 4864 3177 4932 ἄμεσον
3219 4864 3407 4928 αὑτοῦ,
3443 4866 3575 4936 πρὸς
3617 4867 3679 4920 τὸ
3708 4868 3767 4935 ἐξ
3804 4870 3967 4923 αὑτοῦ

2387 4952 2631 5021 φυσικῶς
2661 4953 2918 5024 προελθόν
2943 4973 2955 4986 ·
2984 4954 3172 5025 ὥσπερ
3199 4956 3264 5010 ἂν
3293 4957 3345 5009 εἴ
3372 4974 3451 5021 τις
3483 4957 3649 5026 λέγει,
3681 4960 3778 5013 καὶ
3811 4964 3876 5032 τῇ
3907 4961 3971 5025 ἐξ

2385 5042 2578 5107 ἄνθους
2626 5044 2825 5116 εὐωδίᾳ
2882 5050 3118 5100 συνεῖναι
3149 5048 3266 5101 κατ’
3301 5049 3576 5119 ἐνέργειαν
3604 5050 3704 5122 τὴν
3750 5054 3815 5106 ὲκ
3864 5053 3969 5119 τῆς

2385 5132 2647 5203 εὑοσμίας
2672 5133 2803 5186 αὑτὸ
2832 5134 2896 5206 δὴ
2939 5135 3001 5188 τὸ
3030 5135 3190 5199 ἄνθος
3209 5177 3222 5199 ,
3276 5138 3507 5210 ἐπείπερ
3541 5141 3599 5207 ἐξ
3637 5142 3805 5198 αὑτοῦ
3834 5145 3969 5215 προ-

2385 5241 2488 5277 εισι
2541 5226 2804 5294 φυσικῶς.
2869 5227 3008 5279 Ἀλλ’
3057 5229 3212 5300 ὀλίγη
3266 5232 3363 5300 μὲν
3410 5233 3468 5284 ὲν
3523 5233 3735 5297 τούτοις
3785 5236 3819 5305 ἡ
3870 5236 3970 5290 τοῦ

2384 5313 2825 5385 παραδείγματος
2854 5314 3100 5387 δύναμις,
3128 5321 3162 5388 ἠ
3193 5320 3249 5372 δὲ
3286 5322 3423 5391 ὑπὲρ
3458 5322 3634 5375 πάντα
3667 5324 3830 5392 φύσις
3870 5328 3969 5377 καὶ⁵

2379 5405 2539 5458 τοῦτο
2576 5405 2983 5479 ὑπερκείσεται,
3016 5414 3244 5482 μικροὺς
3281 5412 3339 5478 ἐξ
3368 5413 3533 5467 αὑτοῦ
3565 5416 3830 5489 δεχομένη
3856 5418 3970 5470 τῶν

2381 5493 2750 5568 θεωρημάτων
2782 5500 2906 5564 τοὺς
2936 5504 3305 5574 χαρακτῆρας.
3352 5505 3503 5558 Ἐπεὶ
3532 5505 3644 5569 πῶς
3673 5510 3969 5578 νοήσομεν,

699 5585 890 5641 ror‘?
944 5603 961 5637 ι
1010 5582 1128 5638 Νοιι
1198 5584 1348 5638 enim
1418 5583 1653 5639 seorsim
1713 5593 1764 5639 et
1829 5583 2011 5640 solum
2070 5582 2277 5652 aliquid

2390 5588 2478 5651 τὸ,
2544 5608 2562 5640 ι
2601 5591 2657 5641 '0
2711 5592 2899 5663 Πατήρ
2954 5611 3054 5663 μου
3100 5596 3204 5658 ἓως
3250 5597 3373 5667 άρτι
3432 5599 3754 5669 ἐργάζεται,
3811 5602 3973 5666 κάγὼ

700 5675 919 5748 operari
950 5674 1097 5729 circa
1121 5686 1211 5729 res
1240 5672 1574 5730 exsistentes
1594 5672 1764 5729 Deum
1794 5688 1859 5728 ae
1885 5672 2103 5729 Patrem
2146 5672 2283 5729 dicit

2390 5677 2717 5750 ίργάζομαι;
2752 5700 2768 5729 ι
2814 5684 2886 5734 Ού
2920 5684 3027 5754 γὰρ
3060 5686 3163 5755 ἰδίᾳ
3219 5686 3315 5755 μὲν
3364 5687 3454 5739 xa‘t
3488 5688 3608 5740 καθ’
3642 5689 3839 5743 ἑαυτὸν
3873 5691 3968 5741 ὲν-

770 5875 813 5909 "
840 5875 986 5935 Psal.
1024 5889 1223 5942 Luxu,
1257 5874 1289 5931 6
1311 5914 1325 5930 .

1399 5878 1444 5915 ι’
1486 5873 1651 5931 llebr.
1688 5888 1764 5943 ιι,
1800 5874 1854 5930 8.
1932 5876 1948 5907 ¹
1991 5873 2149 5931 Joan.
2187 5891 2252 5945 γ,
2292 5876 2377 5932 17.
