4214 6502
194 418 256 473 81
1255 414 1321 469 ικ
1364 412 1649 469 ιοΛΝΝιδ
1686 411 1764 465 Εν

1865 410 2131 467 ’GELIUM
2167 410 2289 467 LIB.
2338 409 2375 465 ῐ.
3392 412 3465 470 81

194 541 379 611 εργεῖν
417 556 463 593 τι
489 541 617 612 περὶ
644 539 711 593 τὰ
754 541 882 594 ὄντα
920 541 1009 595 τὸν
1039 539 1169 593 θεὸν
1230 539 1325 593 καὶ
1358 537 1577 607 Πατέρα
1611 536 1764 606 φησὶι

1875 532 1986 605 ιθ
2018 531 2210 599 Filius,
2245 547 2299 588 et
2326 534 2567 604 seipsum
2602 534 2850 591 vicissim
2880 536 3095 605 operari
3125 537 3253 592 sine
3270 532 3452 603 Patre,

194 635 221 683 ό
268 632 416 696 Υἱὸς,
463 632 651 685 ἑαυτὸν
697 631 755 684 δὲ
802 632 963 686 πάλιν
1008 630 1207 702 ὁμοίως
1253 627 1579 701 ἐργάζεσθαι
1623 626 1772 693 λέγει

193 722 319 792 δίχα
351 721 443 775 τοὺ
477 722 709 794 Πατρὸς,
755 724 847 776 καὶ
880 722 1229 794 ἀτρεμούσης
1268 720 1466 791 τρόπον
1510 718 1628 771 τινα
1674 718 1774 788 τῆς

191 815 288 881 ἀφ’
314 810 383 885 ἦς
404 817 549 868 ἐστιν
571 816 756 878 οὐσίας
777 831 792 845 ο
829 810 937 868 εἷεν
962 814 1069 885 γάρ
1098 813 1162 866 ἂν
1182 813 1324 865 οὑτω
1342 812 1433 864 δύο
1452 810 1516 881 δὴ
1536 810 1773 874 πάντως,

194 906 289 956 καὶ
317 906 417 974 οὑχ
446 899 525 968 εἷς
552 906 581 959 6
611 904 957 975 δημιουργὸς,
983 905 1140 975 εἴπερ
1188 904 1291 956 ἀνά
1326 902 1488 972 ιοέρος
1520 901 1776 970 ἑκάτερος

193 998 290 1050 καὶ
354 996 776 1068 κεχωρισμένως
830 997 1159 1068 ἐργάζεται,
1229 992 1532 1056 έπιδεξεται
1582 990 1639 1042 δὲ
1684 988 1776 1041 καὶ

192 1068 488 1161 ἑτέρωςτὸ
513 1088 768 1143 δύνασθαι
801 1088 876 1161 μὴ
902 1088 1045 1159 ἔχειν
1070 1086 1240 1140 είσαεὶ
1263 1084 1352 1138 τὸν
1378 1083 1504 1136 Υἱὸν
1528 1083 1557 1135 6
1587 1081 1776 1151 Πατὴρ

190 1182 250 1233 ὲν
286 1180 487 1251 ἑαυτῷ,
526 1181 619 1234 καὶ
660 1182 688 1235 6
736 1180 863 1243 Υἱὸς
908 1178 1108 1250 ὁμοίως
1156 1178 1257 1230 οὑκ
1301 1176 1389 1229 ἀεὶ⁸
1438 1174 1527 1227 τὸν
1560 1173 1777 1241 Πατέρα

188 1274 333 1343 ἔχων
360 1275 419 1325 ὲν
447 1271 625 1341 ἑαυτῷ
647 1271 961 1341 ὀφθήσεται,
998 1270 1155 1340 εἰπερ
1187 1268 1323 1330 ὅλως
1352 1265 1624 1335 ἐνδέχεται
1650 1262 1776 1331 περί

187 1378 241 1412 τι
268 1362 380 1414 τῶν
402 1362 572 1415 ὄντων
599 1364 844 1433 ἐνεργεῖν
891 1359 995 1415 ἀνά
1028 1355 1193 1430 μέρος
1232 1359 1327 1411 καὶ
1355 1354 1771 1427 κεχωρισμένως

189 1454 475 1525 ἑκάτερον,
506 1454 757 1524 καθάπερ
783 1455 884 1523 ἥδη
918 1453 1272 1523 προείπομεν·
1314 1450 1408 1503 καὶ
1449 1450 1511 1502 οὑ
1558 1447 1775 1509 πάντως

186 1544 485 1615 ἀληθεύσει
518 1546 692 1615 λέγων
714 1546 743 1597 6
774 1545 926 1608 Υἱός·
972 1562 991 1596 ι
1025 1541 1164 1611 Ἐγὼ
1192 1542 1250 1593 tv
1281 1540 1359 1611 τῷ
1393 1538 1585 1609 Πατρὶ,
1620 1537 1717 1591 καὶ
1746 1538 1774 1589 6

188 1636 384 1707 Πατὴρ
429 1637 486 1689 tv
536 1637 681 1707 ἐμοί.
718 1655 737 1687 ι
798 1636 872 1689 Οὐ
906 1634 1013 1705 γὰρ
1051 1633 1224 1702 δήπου
1274 1629 1416 1684 κατά
1466 1630 1633 1699 μόνην
1674 1626 1775 1697 τὴν

185 1725 488 1795 ὁμοιότητα
540 1726 637 1797 τῆς
680 1725 901 1789 οὑσίας,
952 1724 1029 1787 ὡς
1061 1724 1386 1793 χαρακτῆρα
1415 1720 1505 1773 τὸν
1554 1720 1681 1773 Υῑὸν
1714 1720 1772 1771 tv

185 1816 365 1887 Πατρὶ
410 1816 789 1887 θεωρήσομεν,
833 1814 867 1885 ἢ
910 1810 975 1868 αὖ
1030 1812 1190 1867 πάλιν
1235 1812 1311 1877 ὡς
1363 1811 1669 1883 ἀρχέτυπον
1714 1810 1771 1862 tv

184 1883 323 1976 γίιῖί
349 1907 440 1960 τὸν
470 1883 709 1977 Πατέρα,
759 1883 872 1959 ἀλλλ
916 1904 1044 1960 Υίὸν
1077 1904 1177 1975 μὲν
1214 1904 1279 1957 ὲκ
1304 1901 1401 1973 τῆς
1433 1900 1526 1954 τοῦ
1557 1899 1768 1969 Πατρὸς
1799 1883 1844 1943 B

180 1996 375 2059 οὐσίας
406 1997 683 2069 raw-qni);
729 1997 1099 2069 ὲκλάμποντα,
1151 1996 1245 2050 καὶ
1285 1997 1342 2047 ὲν
1388 1994 1549 2063 αὑτῇ,
1581 1992 1675 2046 καὶ
1708 1994 1765 2060 ἐξ

180 2090 361 2159 αὑτῆς
402 2090 782 2154 ίδιοσυστάτως
822 2089 1155 2161 ὑπάρχοντα,
1199 2087 1292 2140 καὶ
1320 2085 1607 2155 ὑφεστῶτα
1633 2084 1766 2138 Θεὸν

181 2184 361 2251 Λόγον
388 2182 804 2255 παραδεξόμεθα
828 2198 841 2212 ·
888 2181 1103 2251 Πατέρα
1130 2179 1187 2233 δὲ
1216 2178 1377 2233 πάλιν
1414 2178 1473 2231 ὲν
1514 2175 1647 2247 Υίῷ,
1689 2175 1765 2241 ὡς

178 2276 243 2329 tv
265 2275 539 2346 ὀμοουσίῳ
566 2277 887 2346 γεννήματι,
914 2272 1178 2344 ωμφυῶς
1206 2270 1324 2341 μὲν,
1349 2269 1487 2324 κατά
1513 2269 1570 2323 δὲ
1597 2268 1767 2339 μόνην

177 2367 283 2437 τὴν
328 2366 624 2438 ἑτερότητα
672 2360 831 2430 εἶναι,
870 2366 965 2419 κα)⁵
1008 2362 1246 2417 νοεῖσθαι
1284 2360 1431 2413 τοῦθ’
1472 2363 1611 2433 ὅπερ
1648 2360 1765 2415 ἐστὶ

180 2458 627 2529 μεμερισμένως.
674 2458 840 2512 Μένει
880 2456 990 2529 γὰρ
1016 2460 1045 2512 6
1075 2458 1263 2530 Πατὴρ
1289 2452 1435 2510 τοῦθ’
1462 2454 1595 2527 ὅπερ
1624 2454 1761 2521 ἐστὶ,

178 2551 285 2605 κᾶν
319 2551 543 2624 ὑπάρχη
581 2551 845 2622 ωμφυῶς
882 2554 939 2605 ὲν
972 2551 1104 2622 Υίῷ,
1136 2551 1388 2621 καθάπερ
1415 2547 1553 2603 εἷναί
1581 2563 1762 2619 φαμεν

177 2647 241 2695 ἐν
270 2642 350 2713 τῷ
378 2644 771 2715 ἀπαυγάσματι
803 2644 893 2697 τὸν
921 2643 1092 2713 ἣλιον.
1126 2643 1232 2696 Καὶ
1264 2642 1425 2696 πάλιν
1453 2643 1481 2694 6
1512 2640 1639 2703 Υῑὸς
1666 2639 1764 2710 οὑχ

175 2737 371 2807 ἔτερόν
422 2753 474 2789 τι
524 2736 651 2805 παρ’
687 2736 823 2808 ὅπερ
861 2736 978 2791 ἐστὶ
1008 2736 1352 2806 νοηθήσεται,
1400 2733 1503 2787 κάν
1538 2731 1764 2806 ὑπάρχῃ

175 2827 452 2898 συμφυῶς
486 2828 544 2881 tv
573 2828 770 2897 Πατρὶ,
801 2826 1051 2896 καθάπερ
1083 2826 1139 2877 tv
1169 2824 1305 2895 ἡλίῳ
1331 2823 1393 2876 τὸ
1422 2822 1764 2892 ἀπαύγασμα

173 2918 372 2972 αὑτοῦ.
421 2916 577 2970 Οὑτω
621 2917 751 2988 γὰρ,
787 2918 997 2989 Πατρὸς
1039 2918 1136 2987 μὲν
1181 2917 1298 2969 κατ’
1328 2915 1585 2986 ἀλήθειαν
1613 2931 1762 2968 νοου-

174 3007 372 3076 μένου,
397 3009 492 3061 καὶ
519 3008 669 3071 δντος
689 3008 781 3060 τοῦ
811 3008 1043 3079 Πατρὸς,
1074 3007 1204 3061 Υἱοῦ
1232 3007 1288 3060 δὲ
1321 3008 1480 3060 πάλιν
1504 3007 1656 3069 ὄντος
1680 3023 1741 3058 τε

173 3101 274 3155 καὶ
299 3100 591 3170 νοουμένου
618 3100 714 3154 τοῦ
750 3100 901 3165 Υίοῦ,
943 3099 1400 3162 συνεισὸαίνοντος
1432 3098 1635 3168 δηλαδὴ
1667 3097 1759 3152 τοῦ

169 3193 341 3261 ἀγίου
372 3192 707 3261 Πνεὺματος,
748 3193 777 3244 6
815 3194 912 3260 τῆς
950 3191 1107 3260 ἀγῐας
1140 3190 1365 3284 Τ-ριάδος
1408 3188 1638 3284 apt—Otto;
1682 3189 1761 3284 εἰς
1789 3225 1831 3284 c

176 3286 315 3354 μίαν
356 3284 448 3337 καὶ
478 3284 578 3351 τὴν
616 3284 783 3352 αὑτὴν
828 3282 1107 3336 ἀναϐαίνει
1175 3281 1423 3350 θεότητα.
1468 3280 1617 3333 Ἐπεὶ
1645 3279 1761 3343 πῶς

170 3379 241 3429 ἀν
268 3376 410 3440 ὅλως
440 3376 533 3428 καὶ
561 3370 641 3438 εἷς
674 3374 937 3444 ὑπάρχειν
967 3376 1137 3427 νοοῖτο
1161 3373 1311 3437 Θεὸς,
1336 3374 1495 3442 εἰπερ
1534 3372 1761 3425 ἕκαστον

172 3467 287 3519 τῶν
343 3464 758 3536 σημαινομένων
822 3463 1167 3535 ἀναχωρήσει
1228 3464 1327 3532 μὲν
1387 3464 1466 3526 είς
1523 3462 1761 3533 ἰδιότητα

173 3557 443 3626 παντελῆ,
471 3557 777 3627 ὁλοκλήρως
812 3555 867 3608 δὲ
890 3556 988 3625 τῆς
1019 3554 1154 3626 πρὸς
1190 3555 1251 3608 τὸ
1276 3555 1460 3625 ἕτερον
1484 3554 1759 3624 συμφυΐας

172 3666 234 3701 τε
265 3649 363 3700 καὶ
390 3648 627 3717 σχέσεως
657 3645 945 3709 οὑσιώδους
980 3645 1416 3716 ἀπενηνεγμένον
1444 3643 1759 3715 ὀνομάζοιτο

167 3737 313 3800 θεός
334 3754 347 3765 ·
399 3738 608 3791 Οὐκοῦν
637 3737 780 3790 κατά
811 3737 909 3806 μὲν
948 3737 1040 3789 τὸν
1068 3736 1224 3805 λόγον
1258 3735 1353 3789 τοὺ
1384 3734 1522 3789 εἶναι
1564 3736 1758 3789 ἰδιοσυ-

172 3830 414 3892 στάτως,
438 3831 531 3882 καὶ
566 3830 655 3881 τὸν
678 3829 917 3899 Πατέρα,
942 3829 1143 3882 καὶτὸν
1168 3828 1315 3890 Υἱὸν,
1342 3829 1435 3881 καὶ
1456 3830 1511 3881 τὸ
1534 3829 1623 3880 Πν»
1646 3826 1753 3897 τμη

168 3924 497 3992 νοήσαιμεν,
522 3922 621 3973 οὑκ
650 3922 1040 3990 ἀναμίσγοντες
1075 3922 1154 3983 εἰς
1176 3918 1273 3989 τὴν
1294 3922 1430 3989 ὅπερ
1455 3920 1600 3972 ἐστιν
1623 3918 1755 3972 ἕκα-

168 4030 303 4067 στον
335 4013 503 4078 θέσιν,
537 4014 633 4083 τὴν
664 4013 771 4067 τῶν
815 4012 1151 4084 προσώπων,
1186 4014 1302 4082 ἦτοι
1338 4012 1445 4065 τῶν
1477 4011 1757 4081 ὀνομάτων

165 4106 478 4175 διαφοράνο
520 4105 655 4158 ἀλλά
700 4106 990 4175 τηροῦντες
1040 4105 1139 4174 μὲν
1185 4103 1495 4167 ἰδιαζόντως
1542 4102 1757 4172 ἑκάστῳ

166 4198 234 4249 τὸ
270 4190 433 4257 εἶναι,
467 4196 560 4247 καὶ
596 4195 845 4263 λέγεσθαι
868 4195 1009 4248 τοῦθ’
1038 4196 1175 4266 ὅπερ
1201 4194 1338 4256 ἐστὶ,
1380 4212 1471 4247 και
1497 4193 1639 4247 οὑτω
1675 4210 1756 4245 πι-

166 4286 481 4350 στεύοντες·
524 4288 603 4348 εἰς
642 4286 770 4356 μίαν
806 4286 851 4337 δ’
896 4283 990 4341 οὖν
1038 4288 1185 4357 ὅμως
1232 4286 1463 4355 θεότητα
1511 4287 1758 4355 φυσικῶς

161 4378 542 4449 ἀναφέροντες
593 4379 768 4439 αὑτά,
835 4379 927 4430 καὶ
976 4378 1038 4430 τὸ
1092 4378 1269 4448 πάντη
1326 4379 1755 4449 διενηνεγμένως

162 4467 337 4532 εἶναι,
370 4473 510 4522 νοεῖν
537 4469 798 4541 παραιτοῦ
811 4487 977 4538 μενοι,
1001 4468 1087 4522 διά
1110 4470 1169 4522 τὸ
1198 4470 1389 4539 Λόγον,
1415 4470 1509 4523 καὶ
1540 4469 1750 4539 σοφίαν,

163 4562 266 4613 καὶ
318 4560 678 4631 ἀπαύγασμα,
727 4561 818 4613 καὶ
866 4563 1211 4630 χαρακτῆρα,
1264 4562 1356 4613 καὶ
1384 4559 1613 4629 δύναμιν
1652 4559 1744 4611 τοῦ
1782 4566 1825 4620 ι)
1856 4554 2056 4621 plenlia
2131 4554 2337 4609 dicitur
2370 4594 2385 4620 ,

1875 631 1929 678 et
1958 639 2021 677 ea
2062 625 2471 693 quodammodo
2529 634 2790 682 cessante
2844 628 3159 683 substantia
3225 645 3291 683 cx
3341 647 3453 699 qua

1876 718 2143 787 procedit.
2174 717 2268 773 Sic
2294 720 2439 773 enim
2482 719 2594 773 duo
2629 727 2815 787 erunt,
2847 734 2957 776 non
2990 737 3136 777 unus
3169 721 3377 792 opifer,
3408 726 3453 776 si

1876 810 2117 865 vicissim
2143 824 2207 865 ac
2236 812 2469 866 seorsim
2506 821 2767 881 operatur
2798 819 3047 882 uterque,
3094 828 3157 868 ac
3189 824 3452 885 praeterea

1877 902 1994 957 ﬁeri
2020 903 2218 973 poterit
2253 913 2312 956 ut
2345 900 2509 956 Pater
2540 902 2734 959 Filium
2776 919 2886 959 non
2927 919 3142 976 semper
3170 906 3369 961 habeat
3396 908 3451 961 in

1877 994 2079 1063 seipso,
2116 1004 2171 1049 et
2212 992 2383 1048 Filius
2437 994 2691 1050 similiter
2745 1011 2858 1051 non
2910 1011 3130 1068 semper
3172 997 3228 1051 in
3270 999 3453 1068 seipso

1877 1084 2094 1140 Patrem
2150 1085 2354 1141 habere
2408 1085 2725 1152 videbitur,
2791 1087 2838 1143 si
2888 1104 3115 1143 ommno
3184 1090 3454 1159 contingit

1876 1170 2023 1225 circa
2072 1187 2159 1228 res
2192 1176 2405 1243 operari
2464 1173 2705 1230 vicissim
2756 1190 2820 1231 ac
2853 1177 3087 1232 seorsim
3133 1187 3449 1250 utrumque,

1876 1272 2035 1318 Siculi
2091 1263 2205 1334 jam
2270 1275 2430 1321 antea
2482 1265 2765 1334 diximus;
2828 1269 3232 1340 meutieturque
3277 1270 3452 1328 Filius

1875 1350 2110 1407 dicens;
2150 1370 2168 1403 ι
2205 1352 2317 1422 Ego
2370 1354 2424 1408 in
2458 1352 2639 1422 Patre,
2675 1366 2729 1412 et
2774 1356 2935 1412 Pater
2987 1359 3042 1413 in
3100 1364 3241 1416 me'.
3272 1382 3291 1415 ›
3330 1361 3450 1417 Non

1875 1445 2019 1499 enim
2074 1445 2378 1500 secundum
2430 1448 2604 1502 solam
2651 1449 3070 1506 similitudinem
3124 1452 3453 1510 substantiae

1876 1546 2137 1609 tanquam
2174 1538 2549 1595 characterem
2582 1540 2783 1595 Filium
2829 1559 2883 1596 ιιι
2914 1541 3075 1599 Patre
3108 1547 3451 1616 contempla-

1875 1629 2093 1693 bimur,
2147 1640 2241 1685 aut
2295 1632 2538 1687 vicissim
2590 1633 2740 1687 velut
2789 1633 3150 1705 archetypum
3204 1636 3258 1692 in
3313 1636 3451 1693 Filio

1874 1721 2086 1777 Patrem
2114 1764 2129 1790 ,
2180 1723 2277 1779 sed
2322 1723 2516 1779 Filium
2563 1727 2782 1794 quidem
2811 1743 2876 1783 ex
2908 1725 3090 1783 Patris
3136 1729 3449 1791 substantia

1874 1828 1970 1884 per
2002 1823 2415 1885 generationem
2445 1814 2820 1887 eﬁulgentem,
2860 1826 2914 1872 et
2955 1835 3008 1872 in
3039 1834 3155 1889 Ipsa
3187 1829 3352 1891 atque
3377 1837 3446 1876 ex

1873 1905 1989 1974 ipsa
2072 1905 2415 1977 hypostatice
2511 1915 2870 1963 exsistentem
2943 1909 3449 1981 subsistentemque

1869 1993 2038 2051 Deum
2078 1996 2313 2051 Verbum
2343 1998 2769 2066 conﬁtebimur;
2814 1999 3030 2053 Patrem
3062 2010 3244 2055 autem
3275 2002 3447 2058 vicis-

1868 2092 1973 2142 sim
2001 2090 2057 2143 in
2078 2086 2240 2157 Filio,
2271 2096 2530 2159 tanquam
2566 2090 2619 2144 in
2652 2091 3115 2146 consubstantiali
3141 2094 3450 2164 geniminae,

1866 2181 2303 2237 connaturaliter
2332 2180 2573 2252 quidem,
2618 2182 2712 2237 sed
2744 2184 2860 2239 sola
2901 2185 3114 2241 ratione
3152 2201 3259 2256 qua
3286 2185 3447 2243 Pater

1864 2278 1950 2329 est
2007 2281 2063 2329 et
2094 2273 2437 2345 intelligitur,
2472 2274 2819 2329 distinctum.
2874 2274 3054 2331 Manet
3103 2278 3253 2332 enim
3284 2276 3447 2333 Pater

1865 2366 1920 2423 id
1968 2365 2115 2438 quod
2144 2374 2251 2432 est,
2287 2368 2411 2423 licet
2458 2368 2890 2423 connaturaliter
2918 2372 3149 2424 exsi~tat
3184 2371 3237 2425 in
3284 2370 3442 2438 Filio,

1862 2455 2329 2527 quemadmodum
2360 2472 2483 2514 esse
2528 2459 2766 2515 dicimus
2800 2460 2853 2514 in
2906 2460 3203 2531 splendore
3245 2463 3440 2519 solem.

1865 2547 2081 2605 Rursus
2120 2558 2301 2605 autem
2344 2549 2519 2608 Filius
2577 2568 2685 2608 non
2740 2554 2889 2609 aliud
2939 2556 3201 2625 quiddam
3254 2558 3324 2612 ab
3377 2574 3444 2613 eo

1863 2639 2011 2711 quod
2042 2649 2126 2696 est
2157 2642 2475 2698 censebitur
2499 2684 2514 2709 ,
2554 2644 2684 2699 licet
2729 2646 2962 2701 exsistat
3012 2649 3340 2705 naturaliter
3387 2650 3441 2705 in

1862 2728 2051 2797 Patre,
2082 2732 2547 2802 quemadmodum
2582 2736 2636 2790 in
2684 2736 2797 2791 sole
2827 2738 3104 2807 splendor.
3136 2738 3251 2796 Hoc
3285 2750 3445 2809 pacto

1863 2822 2010 2874 enim
2051 2836 2179 2875 cum
2214 2819 2374 2878 Pater
2416 2838 2605 2879 revera
2662 2826 3001 2897 intelligatur
3053 2836 3107 2884 et
3146 2830 3217 2885 sit
3259 2830 3440 2897 Pater,

1864 2907 2147 2981 Filiusqne
2196 2913 2442 2969 vicissim
2488 2916 2822 2985 intelligatur
2873 2926 2927 2974 et
2969 2920 3039 2973 sit
3075 2918 3288 2989 Filius,
3334 2939 3439 2975 una

1862 3000 2119 3057 videlicet
2160 3017 2284 3057 cum
2340 3016 2533 3060 sancto
2593 3006 2845 3075 Spiritu,
2898 3018 3102 3065 sanctas
3154 3011 3441 3070 Trinitatis

1864 3105 2127 3149 numerus
2163 3110 2217 3147 in
2265 3109 2430 3149 unam
2465 3104 2520 3151 et
2564 3098 2810 3153 eamdem
2864 3099 3120 3157 deitatem
3156 3106 3435 3164 coalescit.

1863 3183 1996 3238 Nam
2025 3186 2303 3255 quomodo
2334 3204 2475 3244 unus
2505 3204 2725 3260 quoque
2758 3189 2905 3246 Deus
2935 3202 3207 3250 exsrstere
3245 3211 3438 3252 cense-

1863 3275 2040 3343 bitur,
2083 3276 2130 3333 si
2177 3294 2519 3349 unaquaaque
2567 3280 2856 3338 Trinitatis
2891 3299 3124 3352 persona
3165 3288 3231 3341 ad
3274 3304 3431 3357 pecu-

1862 3360 2052 3415 liarem
2088 3370 2143 3416 et
2173 3362 2465 3433 perfectam
2501 3367 2891 3435 proprietatem
2940 3385 3001 3424 se
3046 3372 3293 3441 recipiet,
3327 3383 3381 3427 et
3407 3390 3436 3428 ιι

1862 3456 2099 3514 naturali
2153 3468 2318 3528 atque
2365 3460 2713 3516 substantiali
2763 3462 3154 3533 conjunctione
3185 3479 3435 3536 separatu

1861 3547 2004 3604 Deus
2070 3550 2521 3619 nuncupabitur?
2587 3552 2776 3623 Itaque
2851 3556 2995 3623 quod
3051 3556 3116 3609 ad
3167 3559 3435 3613 rationem

1861 3644 2081 3709 proprie
2112 3654 2178 3695 ac
2214 3656 2309 3711 per
2357 3658 2416 3697 se
2451 3642 2786 3699 subsistemli
2826 3647 3052 3713 attinet,
3110 3655 3163 3701 et
3194 3646 3436 3715 Patrem,

1859 3739 1913 3785 et
1950 3731 2149 3786 Filium
2175 3773 2190 3797 ,
2230 3742 2283 3787 et
2313 3732 2575 3803 Spiritum
2619 3738 3023 3807 intelligamus,
3058 3756 3167 3794 non
3202 3741 3438 3797 coniun-

1859 3820 2052 3877 dentes
2083 3837 2207 3876 cum
2232 3830 2427 3877 natura
2458 3826 2724 3895 cujusque
2754 3842 3115 3897 personarum
3138 3840 3233 3885 aut
3259 3832 3437 3886 nomi-

1860 3929 1991 3967 nnm
2031 3912 2416 3980 diﬂ'erentiam,
2450 3918 2544 3971 sed
2582 3920 2883 3975 tribuentes
2933 3921 3231 3991 unicuique
3267 3938 3436 3987 pecu-

1860 4003 2072 4058 liariter
2103 4004 2154 4058 id
2184 4005 2342 4075 quod-
2364 4013 2451 4061 est
2483 4022 2545 4061 ac
2577 4006 2802 4073 dicitur,
2834 4018 2997 4080 atque
3029 4011 3100 4064 ita
3122 4012 3434 4077 credentes,

1859 4101 2241 4150 verumtamen
2311 4095 2362 4149 in
2421 4111 2586 4149 unam
2659 4097 2920 4152 deitatem
2981 4102 3310 4156 naturaliter
3371 4119 3437 4157 ea

1858 4186 2183 4251 referentes,
2217 4202 2313 4241 nec
2343 4187 2397 4241 in
2428 4188 2672 4242 animum
2714 4189 3038 4246 inducentes
3084 4207 3180 4247 eos
3208 4208 3435 4262 prorsus

1859 4274 2003 4329 inter
2072 4292 2132 4332 se
2177 4278 2481 4349 distingui,
2539 4286 2827 4349 propterea
2886 4281 3029 4351 quod
3085 4280 3322 4338 Verbum
3380 4295 3435 4337 et

1857 4370 2127 4438 sapientia
2179 4379 2232 4424 et
2271 4370 2563 4441 splendor,
2625 4384 2678 4425 et
2720 4372 3009 4427 character
3056 4382 3220 4445 atque
3256 4377 3435 4431 virtus

1857 4458 2056 4524 Patris.
2090 4458 2262 4517 Filius
2296 4464 2604 4533 appellatur
2626 4464 2667 4518 ³.
2707 4463 2943 4520 Verbum
2985 4467 3187 4536 quippe
3237 4475 3293 4521 et
3341 4483 3431 4523 sa-

2463 4564 2751 4626 prOpterea
2824 4561 2969 4628 quod
3018 4570 3025 4577 ‘
3071 4575 3137 4614 ex
3222 4571 3429 4622 mentc.

164 4653 390 4721 Πατρὸς
453 4651 842 4705 ἀποκαλεῖσθαι
892 4652 984 4704 τὸν
1044 4652 1190 4704 Υἰόν.
1265 4652 1433 4719 Λόγος
1488 4652 1588 4721 μὲν
1647 4652 1756 4722 γάρ

1865 4643 1958 4715 47
2003 4653 2056 4699 et
2092 4645 2146 4700 in
2176 4657 2356 4702 mente
2388 4655 2475 4702 est
2498 4649 2741 4718 proxime
2770 4657 2825 4704 ct
2865 4650 3138 4706 indivulse
3159 4690 3173 4713 .
3205 4662 3259 4705 et
3289 4669 3418 4721 pro-

162 4745 266 4796 καὶ
327 4742 523 4811 σοφία,
568 4742 655 4794 διὰ
699 4742 761 4794 τὸ
800 4745 864 4794 ὲκ
916 4740 1040 4803 νοῦ,
1090 4743 1182 4795 καὶ
1222 4744 1279 4794 ὲν
1322 4742 1397 4811 νῷ
1450 4743 1753 4813 προσεχῶς,

161 4835 262 4887 καὶ
293 4833 631 4895 ἀδιαστάτως
651 4871 666 4894 ,
697 4835 791 4885 καὶ
819 4833 916 4903 τὴν
945 4835 1023 4896 είς
1055 4833 1258 4902 ἄλληλα
1287 4833 1395 4885 τῶν
1422 4835 1756 4904 σημαινομέ-

158 4942 301 4987 νων,
322 4921 400 4984 ώς
426 4921 492 4974 ἂν
516 4923 658 4974 εἴποι
686 4938 788 4986 τις,
820 4921 1177 4992 ἀντεμϐολήν.
1200 4921 1341 4984 Νοῦς
1364 4920 1470 4992 γά’ρ
1505 4924 1563 4976 tv
1592 4922 1757 4995 λόγῳ,

160 5012 262 5065 καὶ
304 5010 465 5079 σοφία
497 5012 589 5062 καὶ
639 5010 792 5077 λόγος
821 5012 899 5074 είς
932 5010 1056 5063 νοὺν
1078 5011 1373 5080 ἀμοιϐαδὸν
1402 5013 1751 5083 ὀφθήσονται,

158 5106 263 5158 καὶ
300 5104 362 5155 τὸ
400 5101 733 5172 μεσολαὸοὑν
756 5102 927 5166 οὐδὲν,
975 5103 1008 5173 ἢ
1039 5103 1271 5173 χωρίζον
1324 5104 1417 5157 τοῦ
1465 5106 1653 5176 ἑτέρου
1692 5107 1754 5160 τὸ

154 5200 379 5267 ἓτερον.
421 5194 660 5264 Δύναμις
693 5196 749 5248 δὲ
776 5196 958 5259 πάλιν,
994 5196 1070 5259 ὼς
1113 5196 1446 5261 ἀδιαστάτως
1466 5203 1575 5262 τοῖς
1609 5198 1755 5268 ἔχειν

155 5286 342 5357 αὐτὴν
365 5284 663 5352 πεφυκόσιν
686 5285 1089 5356 ἐνυπάρχουσα.
1120 5287 1215 5339 καὶ
1236 5287 1549 5358 μηδαμόθεν
1572 5288 1754 5343 αὑτῶν

150 5378 235 5438 ὡς
273 5378 334 5427 έν
355 5373 507 5438 τάξει
532 5373 940 5445 συμὸεὗηκότος
965 5375 1234 5447 δυναμένη
1268 5377 1595 5448 χωρίζεσθαι
1626 5379 1748 5450 δίχα

149 5470 260 5535 τῆς
310 5465 409 5518 τοῦ
456 5467 813 5535 ὑποκειμένου
860 5466 1104 5537 φθορᾶς·
1144 5468 1423 5539 χαρακτὴρ
1462 5470 1519 5524 δὲ
1562 5472 1744 5539 πάλιν,

150 5558 234 5622 ὡς
269 5558 361 5610 ἀεὶ
393 5556 764 5625 συμπεφυκὼς
789 5598 802 5618 ,
839 5559 932 5610 καὶ
976 5558 1301 5631 χωρίζεσθαι
1348 5561 1421 5631 μὴ
1450 5562 1747 5633 δυνάμενος

151 5651 261 5723 τῆς
293 5647 506 5712 οὑσίας,
548 5642 613 5721 ἧς
663 5650 776 5701 ἔστι
820 5652 1129 5721 χαρακτήρ.
1175 5651 1415 5717 Οὑκοῦν,
1447 5655 1746 5728 ἐπειδήπερ

236 5823 255 5851 ³
295 5832 460 5889 Jaan.
500 5850 565 5899 ι,
600 5833 687 5888 58.
769 5835 785 5865 ’
829 5834 843 5889 ι
882 5832 1005 5888 Cor.
1046 5848 1097 5890 ι.
1138 5833 1247 5902 2.1,
1291 5833 1455 5893 Hebr.
1494 5854 1539 5897 ι.
1578 5838 1629 5891 5.

1854 4746 1975 4804 pter
2016 4744 2259 4790 mutuam
2280 4778 2294 4802 ,
2323 4745 2382 4791 ut
2434 4739 2506 4792 ita
2534 4739 2713 4794 dicam
2736 4780 2749 4805 ,
2788 4757 2976 4795 eorum
3012 4743 3429 4798 immissionem.

1856 4827 2007 4883 Mens
2037 4829 2183 4882 enim
2234 4830 2286 4883 in
2324 4831 2516 4896 verbo,
2564 4841 2618 4888 et
2664 4834 2964 4904 sapientia,
3008 4843 3062 4891 et
3104 4837 3325 4891 verbum
3376 4838 3429 4891 in

1856 4926 2039 4971 menle
2077 4918 2319 4973 vicissim
2354 4931 2679 4986 cernuntur,
2715 4923 2969 4994 nihilque
3022 4925 3307 4996 interjacet
3337 4937 3430 4981 aut

1856 5010 2087 5063 alterum
2123 5010 2191 5065 ab
2220 5011 2393 5065 altero
2424 5020 2662 5083 separat.
2691 5012 2882 5069 Virtus
2905 5025 3086 5072 autem
3107 5056 3124 5080 .
3159 5027 3430 5087 quatenus

1857 5100 2129 5155 indivulse
2176 5102 2317 5158 inest
2365 5104 2431 5159 iis
2482 5121 2602 5176 qua
2636 5115 2831 5162 natura
2886 5123 2984 5161 sua
3030 5124 3150 5163 eam
3189 5110 3426 5176 habent,

1858 5205 1958 5244 nec
1992 5192 2266 5247 ullatenus
2314 5194 2381 5247 ab
2417 5194 2483 5249 iis
2509 5196 2683 5250 instar
2710 5195 3009 5251 accidentis
3053 5196 3265 5268 absque
3296 5200 3429 5253 sub-

1854 5282 1982 5354 jecti
2034 5284 2261 5338 interitu
2320 5300 2561 5355 separari
2622 5295 2821 5355 potest.
2879 5288 3180 5345 Character
3239 5305 3424 5360 porro,

1858 5385 1989 5447 puta
2041 5376 2187 5447 quod
2246 5379 2411 5433 simul
2461 5395 2675 5447 semper
2718 5381 2934 5435 exsistit
2963 5391 3189 5449 natura,
3243 5398 3343 5437 nec
3396 5400 3426 5437 a

1855 5471 2172 5525 substantia
2208 5474 2451 5542 separari
2500 5481 2715 5544 potest,
2766 5474 2927 5543 cujus
2978 5483 3063 5529 est
3116 5473 3425 5530 character.

1854 5563 2023 5634 Igitur
2047 5581 2171 5619 cum
2199 5568 2335 5622 alter
2368 5568 2419 5621 in
2450 5569 2623 5623 altero
2665 5570 2990 5623 naturaliter
3014 5585 3079 5623 ac
3115 5586 3429 5626 necessario

1855 5658 2019 5715 insit.
2074 5659 2265 5731 utique
2326 5661 2487 5717 Patre
2538 5670 2833 5732 operante,
2903 5660 3075 5719 Filius
3146 5670 3426 5734 operatur,
