4214 6502
767 372 837 427 ετ
1760 371 1817 427 S.
1861 370 2139 428 CYRILLl
2179 365 2655 426 ALEXANDBINI
2692 368 3023 424 AllCllll-Il’.
3962 376 4029 433 Μ

766 496 1023 554 tanquam
1051 484 1319 540 naturalis
1344 492 1399 539 et
1424 484 1916 543 consubstantialis
1942 503 2005 541 ac
2029 487 2316 543 subsisten:

2446 482 2707 554 ἑκάτερος
2728 485 2786 537 ἐν
2813 484 3063 556 ἑκατέρῳ
3086 484 3331 553 φυσικῶς
3352 487 3411 541 τι
3447 488 3563 541 ἐστι
3586 488 3679 543 καὶ
3702 490 4033 561 ἀναγκαίωςέ

764 580 940 633 virtus
968 580 1113 647 ejus.
1151 576 1417 633 Similiter
1447 588 1711 649 operante
1761 578 1921 646 Filio,
1957 578 2121 634 Pater
2169 581 2337 635 etiam

762 681 1043 740 operatur,
1100 677 1160 725 ut
1206 670 1490 741 cperantis
1526 669 1689 725 Verbi
1726 670 1885 737 fons,
1925 674 2149 743 proprio
2179 674 2335 744 geni-

763 760 893 813 niini
936 759 1262 814 naturaliter
1303 759 1669 823 inexsistcns,
1722 760 1885 814 sicuti
1934 777 2153 831 quoque
2195 762 2335 831 ignis

760 852 930 905 calori
980 866 1144 922 quem
1182 868 1246 905 ex
1296 867 1353 905 se
1403 851 1602 905 fundit.
1654 852 1886 907 Constat
1939 854 2106 923 igitur
2138 868 2333 907 vanam

758 958 879 997 esse
939 942 1321 997 brereticorum
1384 943 1650 999 adversus
1713 944 2064 1014 Unigenitum
2124 944 2336 997 calum-

759 1035 904 1087 niam
930 1075 946 1099 ,
978 1037 1073 1104 qui
1103 1035 1394 1104 disciplina
1436 1036 1653 1106 quidem
1690 1035 1868 1105 ipsum
1901 1037 2184 1105 opificem,
2223 1036 2334 1089 imo

758 1143 888 1182 vero
920 1129 1237 1182 ministrum
1266 1128 1455 1191 aiunt,
1484 1144 1550 1183 ex
1581 1144 1647 1181 eo
1684 1127 1829 1197 quod
1874 1128 2101 1197 scripsit
2136 1128 2334 1182 beatus

753 1221 1088 1289 evangelista
1116 1238 1127 1272 :
1167 1237 1185 1270 ο
1216 1218 1415 1274 Omnia
1449 1235 1545 1289 per
1577 1220 1754 1289 ipsum
1781 1218 1923 1273 facta
1957 1227 2108 1286 sunt,
2138 1230 2193 1274 et
2213 1220 2332 1275 sine

756 1315 873 1380 ipso
921 1311 1125 1364 factum
1177 1322 1260 1365 est
1310 1310 1464 1364 nihil.
1508 1309 1661 1379 iEgo
1707 1320 1889 1365 autem
1946 1326 2054 1364 non
2104 1325 2329 1382 possum

752 1403 889 1455 satis
940 1403 1156 1455 illorum
1206 1400 1605 1473 impudentiam
1639 1400 1923 1455 admirari.
1975 1400 2330 1471 Quaecunque

750 1496 895 1546 enim
933 1494 999 1547 ad
1037 1509 1190 1547 suam
1232 1501 1470 1548 mentem
1527 1492 1707 1547 facere
1750 1492 2024 1560 videntur,
2049 1503 2101 1547 et
2148 1494 2329 1565 digni-

751 1594 916 1639 tatem
954 1584 1228 1655 Unigeniti
1264 1584 1650 1655 quoquomodo
1680 1594 1947 1648 evertere,
1980 1586 2327 1655 eumquein-

750 1679 833 1729 l‘ra
866 1675 1184 1730 Genitorem
1231 1676 1527 1739 collocare,
1566 1691 1628 1729 ea
1678 1675 1967 1730 confestim
2020 1677 2322 1746 arripiunt,

748 1778 799 1822 et
846 1768 1091 1838 undique
1152 1783 1265 1823 sua:
1320 1768 1692 1837 improbitatis
1744 1784 1953 1822 venena
2016 1770 2320 1839 colligunt:

2446 574 2819 645 ἐργαζομένου
2854 576 3100 646 δηλονότι
3129 575 3225 628 τοῦ
3256 578 3470 647 Πατρὸς
3500 582 3529 634 δ
3555 581 3679 644 Υίδς
3715 582 4027 653 ἐργάζεται,

2444 662 2522 726 ὡς
2539 664 2772 735 δύναμις
2801 666 3007 735 φυσική
3036 682 3097 718 τε
3128 665 3220 717 καὶ
3252 667 3515 738 οὑσιώόης
3556 671 3646 721 καὶ
3673 672 4029 737 ὲνυπόστατος

2445 756 2609 808 αὑτοῦ
2646 772 2659 786 ·
2691 756 3058 827 ἐργαζομένου
3086 756 3142 809 δὲ
3181 758 3383 827 ὁμοίως
3416 760 3509 813 τοῦ
3545 761 3707 827 Υίοῦ,
3738 764 3833 817 καὶ
3862 767 3893 818 ὁ
3922 766 4026 818 Πα-

2441 848 2547 916 τὴρ
2571 847 2865 917 ἐργάζεται
2886 889 2900 911 ,
2927 849 3001 911 ὠς
3230 849 3323 901 τοῦ
3351 849 3809 921 δημιουργοῦντος
3828 856 4023 923 Λόγου.

2440 938 2823 1010 ἐνυπάρχουσα
2860 940 3103 1007 φυσικῶς
3157 939 3237 1010 τῷ
3283 940 3400 1011 ἰδίῳ
3451 945 3781 1014 γεννήματι,
3810 945 4023 1017 ὠσπερ·

2438 1030 2556 1081 ανεὶ
2594 1030 2780 1081 καὶτὸ
2817 1030 2930 1101 πῦρ
2976 1034 3041 1101 τῇ
3082 1030 3142 1095 ἐξ
3188 1031 3355 1084 αὑτοῦ
3400 1032 3662 1107 προϊούσῃ
3709 1034 4020 1106 θερμότητι.

2440 1119 2713 1190 Πρόδηλον
2746 1118 2860 1185 οὖν,
2893 1124 2974 1175 ὅτι
3023 1124 3254 1192 μάταιον
3298 1123 3643 1193 ἀναπέφαται
3670 1127 3729 1178 τὸ
3764 1129 3911 1181 κατὰ
3931 1129 4021 1182 τοῦ

2439 1213 2775 1281 Μονογενοῦς
2816 1213 2925 1267 τῶν
2955 1214 3022 1266 δι’
3070 1215 3320 1279 ἐναντίας
3350 1218 3731 1289 κατηγόρημα,
3758 1220 4019 1292 δημιουρ-

2437 1303 2532 1371 γὸν
2572 1306 2636 1356 ὲκ
2672 1304 2983 1375 μαθήσεως,
3014 1306 3214 1374 μᾶλλον
3242 1307 3298 1360 δὲ
3326 1309 3425 1379 ἤδη
3470 1311 3564 1363 καὶ
3605 1311 3879 1383 ὑπουργὸν
3911 1316 4021 1365 εἱσ-

2437 1395 2712 1466 φερόντων
2769 1396 2905 1466 ἡμῖν
2959 1395 3141 1460 αὑτὸν,
3184 1396 3273 1449 διὰ
3326 1397 3386 1450 τὸ
3428 1399 3592 1465 φάναι
3622 1400 3711 1455 τὸν
3749 1404 4020 1473 μακάριον

2435 1487 2852 1559 εὑαγγελιστήν·
2890 1507 2909 1539 ι
2952 1488 3136 1541 Πάντα
3164 1490 3233 1541 δι“
3254 1489 3419 1543 αὑτοῦ
3465 1492 3699 1560 ἐγένετο,
3726 1494 3817 1547 καὶ
3850 1497 4019 1565 χωρὶς

2433 1580 2596 1633 αὑτοῦ
2632 1579 2849 1648 ἐγένετο
2876 1580 2995 1633 οὑδὲ
3026 1580 3105 1635 ἓν.
3156 1598 3176 1631 ι
3211 1580 3521 1651 Θαυμάζειν
3551 1584 3607 1637 δέ
3638 1603 3727 1655 μοι
3757 1587 3854 1639 καὶ
3899 1587 4018 1643 λίαν

2434 1671 2725 1742 ἐπέρχεται
2774 1672 2900 1736 τοὺς
2946 1672 3197 1737 ἀνοσίους
3243 1675 3576 1745 αἱρετικοὺς.
3610 1677 3690 1729 Τὰ
3742 1679 3843 1749 μὲν
3883 1680 4013 1751 γὰρ,

2432 1762 2533 1815 ὅσα
2583 1764 2883 1834 παραλύειν
2922 1764 3069 1818 δοκεῖ
3098 1780 3214 1826 πως
3243 1764 3425 1829 αὑτοῖς
3461 1766 3554 1818 τοῦ
3585 1768 3925 1834 Μονογενοῦς
3954 1769 4017 1822 τὸ

745 1876 868 1927 quae
903 1874 1032 1914 vero
1066 1870 1211 1913 recte
1239 1868 1293 1911 et
1330 1858 1547 1912 sincere
1593 1856 1800 1926 scripta
1835 1864 1995 1921 sunt,
2038 1866 2092 1911 et
2122 1858 2190 1911 ad
2222 1856 2316 1912 Pa-

2427 1856 2664 1925 ἀξίωμα,
2694 1857 2787 1909 καὶ
2825 1856 3076 1926 δεύτερον
3130 1854 3295 1908 αὑτὸν
3344 1858 3672 1927 ἀποφαίνειν
3700 1860 3792 1913 τοῦ
3823 1864 4015 1933 γεννη-

747 1956 849 2009 tris
880 1952 1111 2024 gloriam
1144 1950 1345 2004 Filium
1378 1950 1682 2014 deducunt,
1728 1964 1791 2003 ea
1842 1957 1991 2004 certe
2039 1950 2149 2004 alto
2184 1965 2324 2020 quo—

744 2049 869 2098 dam
900 2045 1143 2098 obruunt
1208 2043 1451 2105 silentio,
1485 2042 1687 2112 quippe
1728 2042 1823 2112 qui
1867 2057 2039 2096 unum
2084 2042 2188 2097 hoc
2217 2042 2322 2097 sibi

744 2135 1087 2205 prepositum
1140 2133 1363 2197 habent,
1416 2132 1466 2187 ei
1516 2132 1837 2198 detrahere,
1901 2148 2062 2202 quem
2129 2148 2322 2190 omnes

740 2229 1055 2282 eollaudant
1085 2234 1371 2281 creaturae.
1403 2225 1705 2281 Audientes
1735 2228 1883 2281 enim
1923 2226 1993 2280 ab
2019 2224 2140 2295 ipso
2174 2226 2318 2280 facta

739 2336 863 2375 esse
894 2321 1100 2382 omnia,
1134 2318 1565 2373 ministrationis
1591 2333 1789 2372 nomen
1819 2318 1967 2372 illico
1992 2318 2317 2387 subjiciunt,

739 2428 957 2467 servum
984 2428 1082 2481 pro
1115 2412 1309 2476 libero,
1346 2419 1399 2466 et
1423 2410 1690 2465 famulum
1730 2414 1914 2482 potius
1943 2428 2108 2483 quam
2138 2414 2319 2467 domi-

740 2521 869 2559 num
916 2505 1085 2559 lilium
1138 2505 1499 2559 somniantes.
1526 2502 1741 2558 Rursus
1783 2520 1936 2570 ,νει-ο,
1995 2520 2122 2559 cum
2170 2506 2318 2559 acci-

739 2599 895 2667 piunt
942 2598 1077 2651 nihil
1139 2596 1259 2651 sine
1306 2596 1429 2665 ipso
1481 2594 1687 2649 factum
1728 2612 1883 2662 esse,
1946 2612 2053 2651 non
2102 2598 2167 2651 ad
2208 2612 2318 2650 ma-

736 2706 907 2760 gnum
962 2689 1224 2758 quiddam
1278 2699 1331 2743 et
1380 2688 1706 2743 admirabile
1762 2690 1828 2743 de
1885 2690 2006 2759 ipso
2067 2691 2316 2760 cogitan-

736 2784 865 2835 dum
919 2784 1164 2835 animum
1213 2779 1473 2834 evehunt.
1526 2778 1873 2849 Evangelisla
1913 2770 2119 2850 quippe
2180 2781 2314 2835 nihil

734 2877 854 2930 sine
888 2876 1009 2945 ipso
1040 2873 1243 2927 factum
1305 2872 1567 2935 esseait,
1613 2873 1875 2941 quoniam
1928 2874 2087 2927 aliter
2123 2887 2315 2929 creare

735 2982 844 3022 non
874 2974 1054 3037 potest
1095 2966 1238 3021 Deus
1272 2979 1335 3018 ac
1367 2965 1527 3020 Pater
1568 2980 1732 3033 quam
1766 2979 1865 3033 per
1897 2980 2057 3018 suum
2084 2962 2311 3031 Filium,

734 3060 830 3129 qui
868 3059 1137 3126 sapientia
1178 3067 1230 3111 et
1269 3059 1452 3113 virtus
1479 3067 1563 3112 est
1606 3056 1746 3126 ejus.
1778 3056 1991 3111 Idcirco
2019 3057 2166 3112 enim
2193 3057 2310 3127 gloa

736 3154 817 3206 ria
854 3151 947 3206 Dei
976 3167 1039 3205 ac
1072 3151 1249 3206 Patris
1276 3158 1362 3206 est
1392 3150 1720 3219 Unigenitus
1746 3170 1757 3204 :
1785 3149 2133 3220 gloriﬁcatur
2162 3149 2308 3212 enim

736 3255 794 3299 ιιι
832 3255 1048 3301 creator
1072 3243 1257 3305 Pater,
1286 3259 1381 3312 per
1422 3244 1619 3299 Filium
1662 3245 1922 3299 universa
1956 3257 2215 3312 operans,
2258 3252 2311 3297 et

731 3355 795 3391 ex
837 3338 1007 3391 nihilo
1049 3337 1115 3390 ad
1140 3351 1262 3392 esse
1297 3351 1385 3390 res
1415 3336 1751 3401 producens.
1777 3334 1888 3406 48
1919 3335 2029 3390 Sed
2062 3344 2119 3389 et
2150 3333 2307 3398 illud,

739 3450 757 3480 ι
798 3430 927 3484 Sine
960 3430 1081 3499 ipso
1126 3427 1332 3481 factum
1368 3436 1451 3482 est
1499 3428 1653 3492 nihil,
1692 3447 1710 3479 ι
1751 3428 1818 3483 de
1854 3427 2093 3481 hominis
2134 3425 2309 3481 fabri-

741 3521 961 3573 catione
1001 3530 1149 3573 recte
1195 3519 1463 3587 accipies,
1500 3518 1641 3591 apud
1675 3526 1727 3572 te
1770 3518 1886 3571 hmo
1922 3517 2307 3587 perpendens:

739 3631 758 3661 ε
801 3610 1095 3665 Faciamus
1140 3608 1417 3663 hominem
1458 3608 1523 3661 ad
1575 3608 1869 3677 imaginem
1923 3615 2206 3669 nostram,
2258 3615 2313 3661 et

734 3703 1155 3758 similitudinem
1185 3702 1260 3756 ⁸.»
1290 3700 1388 3754 llic
1410 3701 1555 3755 enim
1586 3700 1738 3754 clare
1760 3699 2126 3769 contemplari
2159 3700 2310 3762 licet,

733 3796 870 3849 nihil
913 3810 1036 3849 esse
1091 3795 1146 3847 in
1180 3792 1318 3847 Filio
1366 3792 1573 3846 humile
1604 3800 1869 3861 tanquam
1919 3791 1975 3845 in
2018 3791 2311 3853 ministro,

734 3897 793 3941 ut
872 3887 949 3940 illi
1008 3886 1201 3939 volunt
1259 3882 1418 3938 :Non
1479 3884 1626 3938 enim
1686 3883 2007 3953 imperando
2070 3882 2314 3952 loquitur

736 3978 919 4033 Verbo
997 3976 1141 4033 Deus
1220 3991 1285 4031 ac
1355 3975 1515 4029 l’ater
1585 3995 1597 4030 :
1664 3973 1772 4028 Fac
1825 3973 2144 4039 hominem,
2217 3972 2312 4028 sed

736 4082 1000 4142 tanquam
1060 4071 1152 4141 qui
1200 4068 1503 4123 coexsistat
1558 4068 1860 4124 secundum
1922 4076 2214 4132 naturam,
2258 4075 2314 4120 et

736 4164 1012 4219 imlivulse
1062 4163 1194 4217 insit
1242 4173 1594 4234 cooperator,
1636 4169 1695 4216 ut
1741 4161 2081 4231 operationis
2121 4160 2202 4213 sic
2258 4166 2313 4214 et

734 4255 1148 4310 deliberationis
1196 4254 1318 4308 vult
1394 4269 1519 4309 esse
1570 4253 1923 4323 participem,
1978 4250 2313 4319 cogitatione

732 4343 955 4412 quidem
1015 4341 1144 4396 Filii
1198 4344 1567 4413 cognitionem
1630 4357 1740 4397 non
1794 4341 2169 4411 przeveniens,
2214 4341 2309 4396 sed

735 4448 996 4504 umquam
1025 4450 1177 4489 mens
1222 4434 1493 4489 indivulse
1527 4442 1582 4489 et
1608 4434 1674 4488 ab
1708 4442 1915 4488 aeterno
1950 4432 2220 4500 impresso
2256 4440 2311 4485 et

2424 1969 2602 2023 τορος,
2630 1954 2773 2007 κατά
2805 1970 2866 2023 γε
2888 1953 2978 2006 τὸν
3002 1952 3227 2005 ἐκείνων
3255 1951 3384 2005 ὄντα
3418 1955 3641 2018 σκοπὸν,
3670 1956 3842 2009 ταῦτα
3876 1957 4011 2026 μετὰ

2424 2044 2624 2115 πολλῆς
2663 2063 2808 2109 τινος
2856 2044 3129 2117 θηρῶνται
3159 2050 3415 2118 σπουδῆς,
3455 2048 3549 2101 καὶ
3584 2049 3917 2118 πανταχόθεν
3943 2051 4011 2103 τὰ

2420 2135 2521 2206 τῆς
2568 2136 2776 2189 ἑαυτῶν
2820 2138 3147 2208 δυστροπίας
3206 2140 3538 2212 ἐρανίζονται
3590 2140 3855 2209 φάρμακα
3896 2156 3910 2169 ⁸
3943 2142 4010 2195 τὰ

2420 2226 2477 2281 δὲ
2522 2229 2621 2282 ὅσα
2658 2230 2817 2283 πάλιν
2873 2231 3020 2284 ἐστὶν
3054 2232 3222 2301 ὑγιῶς
3278 2250 3336 2287 τε
3372 2231 3670 2303 καὶδρθῶς
3716 2233 4007 2303 εἰρημένα,

2421 2322 2514 2373 καὶ
2546 2322 2626 2384 είς
2661 2321 2758 2392 τὴν
2791 2322 2885 2374 τοῦ
2933 2323 3144 2395 Πατρδς
3178 2325 3519 2396 ἀναφέροντα
3545 2324 3724 2389 δόξαν,
3759 2325 3819 2377 τὸ
3856 2326 4005 2390 Υἰὸν,

2422 2412 2595 2465 ταῦτα
2624 2412 2689 2483 δὴ
2714 2414 2807 2465 καὶ
2838 2414 2988 2483 μάλα
3012 2414 3257 2483 βαθείαις
3286 2415 3720 2487 καταχωννύουσι
3750 2418 4005 2481 σιοιπαῖς,

2420 2501 2610 2573 ὥσπερ
2658 2504 2754 2558 ’ἐνα
2810 2507 2902 2557 καὶ
2981 2508 3139 2575 μόνον
3188 2507 3402 2578 ἔχοντες
3449 2507 3647 2560 σκοπὸν
3697 2508 3758 2559 τὸ
3808 2508 4006 2560 διαλοι-

2418 2594 2693 2665 δηρεῖσθαι
2733 2598 2909 2667 μάτην
2946 2597 3021 2667 τῷ
3057 2598 3207 2669 παρὰ
3237 2600 3415 2670 πάσης
3444 2598 3879 2668 δοξολογουμένῳ
3906 2598 4009 2667 τῆς

2418 2686 2669 2751 κτίσεως.
2719 2688 3031 2753 Ἀκούοντες
3066 2690 3165 2759 μὲν
3206 2690 3333 2760 γὰρ,
3383 2693 3464 2744 ὅτι
3516 2692 3693 2743 πάντα
3742 2691 3807 2743 δι’
3835 2690 4005 2743 αὑτοῦ

2418 2778 2655 2845 ἐγένετο,
2674 2779 2733 2831 τὸ
2754 2780 2851 2849 τῆς
2879 2781 3182 2850 ὑπουργίας
3212 2782 3383 2852 ὄνομα
3414 2782 3634 2853 θερμῶς
3660 2783 4005 2852 ἐπιφέρουσι,

2416 2870 2604 2924 δοῦλον
2648 2873 2763 2925 ἀντ’
2788 2873 3104 2943 ἐλευθέρου.
3132 2874 3224 2926 καὶ
3260 2874 3621 2947 θεραπευτὴν,
3655 2876 3687 2945 ἢ
3739 2875 4007 2945 δεσπότην

2416 2962 2889 3035 ὀνειροπολοῦντες
2929 2966 3021 3018 τὸν
3069 2967 3215 3019 Υἱὸν.
3282 2967 3663 3029 Μανθάνοντες
3714 2967 3767 3019 δὲ
3816 2967 4003 3029 πάλιν,

2415 3055 2498 3108 ὅτι
2528 3057 2694 3127 χωρὶς
2728 3057 2891 3110 αὑτοῦ
2928 3057 3144 3125 ἐγένετο
3183 3058 3302 3109 οὑδὲ
3348 3058 3425 3122 ἓν,
3454 3058 3545 3111 ἐπὶ
3588 3058 3645 3110 τὸ
3673 3061 3889 3127 φρονεῖν
3916 3058 4005 3109 ἐπ’

2416 3149 2562 3219 αὑτῷ
2593 3150 2733 3218 μέγα
2782 3167 2832 3202 τι
2870 3150 2965 3202 και¹
2995 3151 3323 3218 ἀξιάγαστον
3360 3152 3459 3203 οὑκ
3490 3150 3885 3203 ἀναϐαίνουσιν.
3918 3150 4005 3211 Ὡς

2414 3240 2523 3311 γὰρ
2558 3240 2760 3313 ἑτέρως
2791 3244 2850 3295 οὑ
2887 3243 3197 3312 πεφυκότος
3219 3242 3571 3312 δημιουργεῖν
3604 3242 3695 3295 τοῦ
3725 3241 3859 3294 Θεοῦ
3905 3243 4003 3294 καὶ

2414 3334 2668 3403 Πατρὸς,
2700 3335 2746 3385 εί
2794 3335 2868 3405 μὴ
2902 3335 2990 3387 διὰ
3030 3334 3119 3386 τοῦ
3166 3333 3299 3390 ίδίου
3346 3337 3681 3403 γεννήματος
3705 3376 3717 3395 ,
3752 3337 3810 3397 ὃς
3857 3337 4005 3388 ἐστιν

2414 3425 2563 3495 αὑτῷ
2618 3426 2776 3495 σοφία
2825 3427 2916 3479 καὶ
2948 3428 3208 3495 δύναμις,
3239 3428 3391 3479 οὐδὲν
3443 3428 3579 3487 ὅλως
3628 3428 3794 3499 χωρὶς
3825 3426 3994 3480 αὑτοῦ

2412 3516 2737 3585 γεγενῆσθαί
2775 3534 2936 3587 φησιν
2965 3518 2990 3567 ό
3021 3517 3435 3586 εὑαγγελιστής·
3459 3517 3544 3569 διὰ
3578 3517 3685 3587 γὰρ
3705 3518 3862 3569 τοῦτο
3893 3517 3993 3569 καὶ

2413 3608 2539 3672 δόξα
2568 3608 2663 3660 τοῦ
2690 3607 2823 3660 Θεοῦ
2869 3610 2961 3660 καὶ
2997 3610 3207 3685 Πατρός
3243 3613 3390 3661 ἐστιν
3421 3612 3447 3662 ὀ
3479 3611 3814 3677 Μονογενής⁶
3850 3609 4006 3672 δοξὰ-

2414 3698 2567 3762 ζεται
2596 3698 2704 3769 γὰρ
2729 3699 2803 3761 ὡς
2832 3700 3183 3771 δημιουργὸς,
3208 3700 3272 3752 δι’
3298 3694 3356 3752 οὗ
3395 3702 3502 3771 [Ion
3532 3698 3685 3771 Υἱοῦ]
3721 3700 3788 3752 τὰ
3824 3700 4007 3752 πάντα

2414 3792 2673 3861 ἐνεργῶν,
2707 3790 2801 3842 καὶ
2832 3791 2910 3854 είς
2957 3790 3017 3841 τὸ
3052 3785 3192 3843 εἶναι
3240 3790 3308 3843 τὰ
3342 3793 3416 3861 μὴ
3464 3778 3591 3843 ὄντα
3640 3791 4003 3861 παραφέρων.

2414 3882 2623 3953 Νοήσαι
2651 3882 2693 3934 δ’
2710 3882 2775 3935 ἄν
2802 3900 2885 3945 τις
2910 3882 3087 3943 καλῶς
3113 3883 3195 3943 τὸ,
3228 3904 3243 3934 ι
3266 3884 3447 3954 Χωρὶς
3468 3882 3629 3937 αὑτοῦ
3650 3885 3866 3951 ἐγένετο
3882 3884 4007 3937 οὐδὲ

2415 3975 2493 4041 ἓν,
2523 3994 2541 4026 ι
2576 3975 2636 4027 τὸ
2669 3976 2954 4045 εἰρημένον
2985 3976 3074 4027 ἐπὶ
3108 3978 3173 4046 τῇ
3209 3976 3301 4028 τοῦ
3342 3976 3629 4046 ἀνθρώπου
3664 3979 4005 4045 κατασκευῇ,

2415 4066 2536 4119 καθ’
2558 4066 2749 4119 ἑαυτὸν
2768 4067 3169 4136 ἐνθυμούμενος
3189 4085 3202 4097 ·
3242 4087 3259 4117 ς
3298 4069 3622 4137 Ποιήσωμεν
3652 4068 3963 4137 ἄνθρωπον,
3982 4086 4000 4117 ι

2415 4160 2600 4227 φησιν,
2638 4178 2655 4209 ι
2688 4162 2805 4213 κατ’
2835 4160 3019 4212 εἰκόνα
3061 4162 3333 4231 ἡμετέραν
3388 4161 3479 4213 καὶ
3513 4162 3633 4212 καθ’
3668 4160 3948 4229 ὁμοίωσιν.
3981 4176 4000 4207 ι

2418 4252 2633 4315 Ἔξεστι
2673 4253 2782 4321 γὰρ
2815 4253 2871 4304 ὲν
2919 4253 3094 4321 τούτῳ
3137 4253 3200 4321 δὴ
3237 4252 3468 4321 μάλιστα
3503 4250 3873 4303 καταθεᾶσθαι
3906 4266 4006 4301 σα-

2415 4342 2531 4411 φῶς
2585 4341 2737 4394 οὐδὲν
2768 4342 2826 4394 ὲν
2862 4341 2975 4411 Υἱῷ
3022 4341 3309 4403 ταπεινὸν,
3346 4340 3420 4400 ὡς
3470 4341 3525 4391 ἐν
3566 4338 3824 4408 ὑπουργῷ
3858 4336 4007 4389 κατὰ

2413 4434 2505 4487 τὸν
2566 4434 2789 4487 ἐκείνων
2859 4433 3048 4501 λόγον’
3093 4434 3153 4485 οὑ
3202 4433 3330 4501 γὰρ,
3398 4431 3630 4499 Ποίησον
3684 4429 4003 4499 ἄνθρωπον,

734 4526 902 4579 ιιιεὶιο
930 4522 1108 4578 Verbo
1165 4525 1544 4579 manifestata.
1596 4524 1811 4578 Rursus
1867 4533 2047 4577 autem
2095 4538 2216 4592 quae
2243 4522 2309 4576 de

2421 4526 2691 4578 ἐπιτάττει
2720 4525 2797 4595 τῷ
2830 4526 2987 4593 Λόγῳ
3018 4525 3045 4575 ὁ
3076 4524 3207 4585 Θεὸς
3256 4525 3349 4576 καὶ
3387 4523 3594 4591 Πατὴρ,
3637 4521 3751 4572 ἀλλ’
3778 4520 3851 4581 ὡς
3878 4538 4004 4572 συν-

737 4612 843 4665 l'leo
894 4610 1160 4666 dicuntur
1213 4612 1373 4682 longe
1419 4627 1585 4681 supra
1640 4613 1887 4681 exempla
1946 4612 2125 4681 posita
2185 4627 2311 4667 esse

734 4702 1013 4758 fatendum
1053 4713 1155 4760 est.
1190 4704 1487 4773 Cooperari
1530 4711 1710 4757 tamen
1742 4702 1883 4756 Filio
1920 4702 2139 4757 Patrem
2170 4703 2308 4757 dici-

734 4812 889 4857 mus,
923 4811 1032 4849 non
1063 4796 1293 4851 seorsim
1327 4796 1467 4850 duos
1505 4794 1899 4864 iutelligentes,
1938 4808 2004 4847 ne
2039 4794 2148 4849 duo
2174 4811 2306 4850 cen-

738 4895 966 4940 seantur
992 4902 1115 4941 esse
1145 4886 1250 4950 Dii,
1286 4903 1384 4940 nec
1418 4904 1585 4941 unum
1606 4896 1904 4955 utrumque
1926 4887 2114 4949 simul,
2148 4903 2215 4942 ne
2249 4888 2304 4941 in

738 4980 953 5032 l'atrem
1007 4977 1211 5044 Filius,
1260 4987 1313 5033 et
1354 4978 1515 5033 Pater
1565 4979 1620 5032 in
1670 4978 1868 5032 Filium
1920 4980 2303 5039 contrahatur,

742 5070 835 5123 sed
890 5071 982 5123 illo
1022 5071 1208 5141 potius
1259 5071 1418 5125 modo
1459 5086 1569 5141 quo
1620 5070 1895 5141 splendori
1950 5071 2177 5125 luminis
2220 5070 2306 5123 lu-

732 5179 856 5215 men
902 5162 1084 5218 inesse
1123 5163 1375 5217 creditur
1422 5178 1486 5217 ex
1528 5179 1636 5231 quo
1676 5162 1938 5233 splendor
1985 5162 2211 5217 eﬂ‘ulsit.
2252 5162 2306 5216 ln

736 5256 821 5309 his
847 5254 993 5309 enim
1021 5256 1351 5324 cogitatione
1376 5256 1598 5325 quidem
1633 5255 1876 5325 separari
1902 5255 2310 5325 quodammodo

735 5346 956 5398 videtur
992 5346 1043 5398 id
1074 5346 1219 5415 quod
1260 5347 1431 5415 gignit
1464 5347 1532 5400 ab
1563 5361 1629 5401 eo
1652 5346 1799 5416 quod
1828 5346 2093 5418 gignitur,
2133 5356 2186 5401 et
2219 5347 2303 5401 iu-

734 5436 1087 5490 tlivisibilitcr
1128 5436 1311 5505 prodit
1339 5457 1353 5492 :
1387 5438 1481 5493 sed
1510 5453 1675 5492 unum
1700 5447 1782 5493 est
1813 5452 1877 5490 ac
1918 5436 2058 5491 idem
2094 5445 2307 5492 utrum-

736 5544 842 5595 que
875 5528 1037 5582 simul
1069 5542 1285 5593 natura,
1322 5546 1423 5586 nec
1449 5531 1679 5586 alterum
1717 5531 1836 5586 sine
1868 5530 2041 5585 altero
2075 5546 2307 5601 usquam

738 5628 842 5673 est.
877 5616 982 5674 Sed
1020 5622 1131 5677 luec
1158 5640 1351 5680 rursus
1373 5624 1515 5681 Deus
1541 5633 1799 5696 superat,
1839 5623 2142 5695 praesertim
2181 5638 2308 5678 eum

814 5801 835 5833 ⁵
874 5800 1006 5854 CL‘tl.
1046 5818 1093 5867 ι,
1129 5803 1215 5855 ῗῧ.

2412 4618 2541 4671 όντα
2590 4616 2730 4670 κατὰ
2758 4616 2937 4686 φύσιν,
2975 4617 3068 4669 καὶ
3101 4615 3436 4677 ἀδιαστάτως
3464 4616 3835 4684 ἐνυπάρχοντα
3873 4630 4004 4663 συν-

2409 4712 2667 4780 εργάτην,
2692 4708 2881 4779 ὥσπερ
2904 4711 3160 4771 ἐποιεῖτο,
3202 4708 3293 4760 καὶ
3327 4708 3426 4774 τῆς
3474 4707 3560 4757 ἐπ’
3583 4703 3853 4774 ἀνθρώπῳ
3880 4704 4003 4772 βου-

2408 4803 2615 4873 λήσεως
2661 4806 2970 4868 κοινωνεῖν,
3004 4803 3066 4855 οὑ
3113 4802 3508 4871 προλαμϐάνων
3548 4800 3643 4868 μὲν
3684 4802 3781 4867 τὴν
3818 4801 3875 4850 ἐν
3923 4797 4006 4864 τῷ

2408 4895 2522 4965 Υίῷ
2556 4893 2759 4959 γνῶσιν
2789 4895 2846 4948 ὲν
2876 4895 2953 4965 τῷ
2994 4912 3051 4947 τι
3100 4897 3261 4956 νοεῖν,
3294 4894 3369 4956 ὡς
3408 4892 3463 4944 δὲ
3496 4890 3616 4952 νοῦς
3660 4890 4003 4950 ἀδιαστατως

2403 5002 2462 5037 τε
2512 4985 2605 5038 καὶ
2639 4986 2881 5055 ἀχρονως
2908 4984 2985 5054 τῷ
3014 4985 3478 5053 ἐγκεχαραγμένη)
3522 4983 3612 5032 καὶ
3641 4980 4003 5048 ὲνυπάρχιντι

2414 5072 2572 5143 Λόγῳ
2620 5073 3039 5143 φανερούμενος.
3078 5075 3260 5127 Ἔστω
3304 5074 3360 5125 δὲ
3415 5074 3573 5125 πᾶλιν
3605 5073 3745 5142 ὑπὲρ
3776 5072 3877 5142 τὴν
3906 5070 4002 5122 τοῦ

2415 5165 2857 5236 παραδείγματος
2892 5165 3120 5235 δύναμιν
3170 5164 3237 5218 τὰ
3289 5166 3560 5235 θεοπρεπῆ
3616 5165 3953 5235 θεωρήματα
3984 5179 3996 5189 ·

2417 5257 2841 5329 συνεργάζεσθαι
2878 5256 2937 5310 δέ
2984 5275 3163 5327 φαμεν
3206 5257 3369 5311 αὐτοῦ
3398 5257 3500 5327 U0.-
3537 5254 3721 5327 αὐτὸν]
3747 5254 3823 5324 τῷ
3861 5255 3998 5322 ΥΕ,

2415 5351 2512 5421 οὑχ
2541 5351 2615 5413 ὡς
2641 5350 2731 5403 δύο
2750 5348 2995 5412 νοοῦντες
3025 5350 3385 5422 διῃρημένως,
3413 5351 3497 5401 ἵνα
3534 5350 3604 5418 μὴ
3638 5348 3728 5401 δύο
3767 5348 3999 5400 νοῶνται

2414 5441 2549 5508 θεοὶ,
2585 5442 2692 5493 οὐδ’
2722 5441 2797 5504 ὡς
2838 5440 2896 5492 ἓν
2939 5440 2997 5493 τὸ
3029 5443 3451 5513 συναμφότερον.
3486 5443 3572 5494 ἵνα
3603 5442 3738 5510 μήτε
3776 5442 3853 5502 εἰς
3887 5440 3994 5491 Πα-

2414 5534 2547 5605 τέρα
2585 5534 2731 5596 Υίὸς,
2768 5534 2904 5603 μήτε
2932 5531 3036 5603 μὴν
3067 5536 3093 5585 ὁ
3123 5535 3311 5603 Πατὴρ
3341 5537 3417 5596 εἰς
3461 5534 3585 5588 Υἱὸν
3620 5531 3997 5600 συατέλληται,

2418 5626 2550 5679 ἀλλὰ
2595 5626 2794 5695 μᾶλλον
2834 5624 3077 5691 ἐκείνως,
3123 5625 3195 5689 ὡς
3242 5627 3305 5681 ἄν
3354 5645 3432 5689 τις
3476 5626 3587 5695 δοίη
3638 5626 3874 5677 συνεῖναι
3920 5621 3997 5690 τῲ
