4214 6502
229 410 300 468 ss
1302 407 1368 462 IN
1403 403 1693 462 JOANNIS
1729 401 2178 459 EVANGELIUM
2208 402 2339 458 LIB.
2376 401 2414 457 l.
3078 388 3087 397 '
3443 405 3514 462 εδ

224 536 289 583 ὲκ
319 532 496 600 φωτὸς
514 528 935 599 ἀπαυγάσματι,
953 529 1013 580 τὸ
1036 527 1096 593 ἐξ
1112 522 1282 599 οὗπερ
1308 526 1660 599 ὲξηστράφθη
1682 525 1824 594 φῶς.

1934 525 2007 581 sit
2051 540 2225 595 supra
2274 522 2686 591 substantiam,
2739 540 2841 579 nec
2879 530 3137 577 accurata
3177 520 3284 575 ulla
3330 520 3406 578 sit
3456 539 3520 578 ac

239 624 333 673 Ἐν
364 622 475 689 γάρ
502 624 615 686 τοῖς
648 620 912 685 τοιούτοις
942 619 1276 692 χωρίζεσθαι
1313 620 1411 690 μέν
1444 635 1561 682 πως
1610 616 1826 689 ἐπινοίᾳ

219 713 371 763 δοκεί
399 712 456 763 τὸ
485 712 689 778 γεννῶν
722 711 817 764 τοῦ
847 711 1326 781 γεννωμένου,καὶ
1352 708 1826 780 προεκκύπτοντος

220 802 536 874 ἁμερίστως
564 821 576 834 ·
604 804 662 857 ἓν
691 804 747 857 δέ
784 807 931 857 ἐστιν
967 806 1062 858 καὶ
1094 804 1289 858 ταυτὸν
1327 805 1392 874 τῇ
1425 802 1584 872 φύσει
1607 802 1667 854 τὸ
1699 819 1825 854 συν-

220 896 557 967 αμφότερον,
592 897 687 949 καὶ
712 897 834 967 δίχα
870 897 966 950 τοῦ
1010 898 1200 968 ἑτέρου
1230 896 1290 949 τὸ
1318 896 1507 957 ἕτερον
1536 893 1788 964 οὐδαμῶς
1808 908 1822 921 ⁸

221 983 377 1035 ἔσται
398 984 451 1036 δὲ
487 985 649 1037 πάλιν
672 986 765 1039 καὶ
794 987 934 1056 ὑπὲρ
958 986 1119 1039 τοῦτο
1138 985 1292 1050 Θεὸς,
1317 987 1413 1041 ἁτε
1446 986 1509 1056 δὴ
1534 986 1628 1037 καὶ
1658 986 1826 1055 ὑπερ-

221 1076 412 1139 ούσιος
448 1077 546 1142 ὢν,
572 1079 666 1131 καὶ
704 1080 764 1132 τὸ
794 1080 981 1151 ἄκρως
1008 1080 1327 1151 προσεοικὸς
1363 1080 1463 1132 οὐκ
1492 1079 1630 1148 ἔχων
1651 1079 1711 1130 ἐν
1737 1094 1829 1146 γε-

221 1174 427 1238 νητοῖς,
452 1172 539 1225 ἵνα
559 1172 622 1243 δὴ
652 1175 746 1227 καὶ
767 1176 845 1236 είς
874 1173 1059 1227 εἰκόνα
1087 1172 1441 1245 λαμϐάνηται
1470 1189 1522 1224 τι
1545 1173 1643 1241 τῆς
1661 1171 1825 1237 ἁγίας

221 1264 475 1333 ἰ’ριὰδος,
505 1266 658 1318 οὐδὲν
682 1266 915 1336 ἔχουσαν
944 1267 1005 1320 τὸ
1035 1267 1371 1331 διαλλάττον,
1397 1264 1473 1327 ὼς
1504 1265 1584 1328 είς
1617 1262 1827 1333 δογμά-

218 1372 332 1406 των
354 1357 636 1426 ἀκρίϐειαν
690 1360 750 1411 Εἰ
780 1359 835 1411 δὲ
858 1359 1138 1429 νομίζουσι
1167 1358 1427 1411 δύνασθαι
1476 1358 1558 1422 τὸ,
1608 1356 1682 1410 δι’
1728 1352 1824 1421 οὗ,

220 1447 519 1518 λεγόμενον
554 1450 638 1518 ἐφ’
681 1450 843 1511 Υἰοῦ,
882 1450 1215 1522 καταφέρειν
1266 1450 1433 1503 αὐτοῦ
1489 1450 1588 1519 τὴν
1635 1448 1824 1501 οὐσίαν

218 1537 324 1605 τῆς
349 1537 483 1608 πρὸς
522 1538 612 1590 τὸν
647 1539 862 1608 Πατέρα
890 1538 1133 1607 ἱσὸτητός
1162 1556 1221 1593 τε
1251 1539 1346 1592 καὶ
1382 1538 1617 1607 φυσικῆς
1642 1538 1824 1607 ὁμοιόρ

218 1646 407 1699 τητος,
433 1629 508 1694 ὡς
542 1631 815 1703 ὑπουργὸν
844 1627 981 1685 εἶναι
1016 1631 1239 1702 μᾶλλον,
1273 1632 1304 1701 ἢ
1337 1629 1689 1701 δημιουργόν,
1712 1630 1825 1683 δια-

221 1722 655 1777 σκεπτέσθωσαν
695 1727 744 1777 οί
797 1724 1190 1795 παράφρονες,
1241 1722 1335 1776 καὶ
1379 1724 1459 1787 εἰς
1489 1724 1652 1792 μέσον
1696 1724 1826 1793 ἡμῖν

214 1814 471 1881 ἡκόντων
495 1814 983 1887 ἀπολογησόμενοι,
1012 1816 1062 1868 τί
1090 1832 1219 1868 ποτε
1253 1817 1363 1887 ἀρα
1388 1817 1480 1869 καὶ
1504 1816 1632 1885 περὶ
1659 1814 1824 1870 αὐτοῦ

1936 616 2181 688 perfecta
2208 616 2263 670 in
2304 615 2471 672 rebus
2506 617 2712 673 creatis
2741 617 3051 672 similitudo
3082 631 3191 685 qua
3220 616 3287 669 ad
3329 616 3519 685 expri-

1936 709 2196 764 mendam
2247 716 2455 765 sancta:
2505 707 2793 765 Trinitatis
2840 709 3135 780 imaginem
3192 709 3279 762 uti
3336 708 3521 778 possi-

1934 817 2081 856 mus.
2119 801 2280 868 Quod
2322 804 2370 858 si
2401 803 2726 859 existiment
2757 803 2917 871 illud,
2945 820 3036 871 per
3058 819 3241 873 quem,
3282 812 3352 858 de
3379 801 3521 857 ἰεἾῒίο

1930 894 2179 959 dictum,
2224 894 2594 950 substantiam
2638 896 2759 964 ejus
2789 896 2857 950 de
2889 895 3201 965 mqualitate
3243 906 3298 950 et
3353 903 3518 949 natu-

1933 987 2033 1039 rali
2088 970 2457 1042 similitudine
2501 1004 2625 1043 cum
2676 986 2842 1044 Patre
2889 987 3150 1059 dejicere,
3194 988 3267 1041 ita
3309 997 3370 1042 ut
3416 988 3522 1042 mi-

1933 1086 2117 1132 nister
2159 1079 2230 1135 sit
2275 1080 2459 1148 potius
2504 1095 2669 1149 quam
2704 1087 2943 1146 creator,
2974 1080 3040 1135 ad
3073 1096 3133 1136 se
3169 1081 3397 1135 redeant
3436 1088 3521 1134 in-

1934 1173 2080 1237 sani,
2111 1181 2164 1226 et
2214 1172 2268 1226 in
2328 1173 2569 1228 medium
2620 1172 2889 1242 prodeant
2939 1174 3099 1229 nobis
3153 1174 3517 1245 responsuri.

1932 1263 2199 1334 quidnam
2239 1265 2308 1319 de
2349 1268 2465 1334 ipso
2503 1263 2665 1320 Patre
2714 1265 2935 1321 tandem
2972 1267 3267 1338 cngitaturi
3306 1269 3518 1331 simus.

1933 1364 1988 1410 et
2031 1370 2327 1424 quemnam
2383 1357 2562 1425 ipsum
2599 1373 2722 1411 esse
2752 1358 3098 1428 suspicaturi
3149 1359 3359 1420 simus,
3391 1375 3522 1413 cum

1934 1454 2120 1518 pateat
2153 1448 2319 1502 verba
2353 1448 2469 1512 illa,
2494 1463 2583 1515 per
2620 1463 2807 1518 quem,
2854 1449 2962 1518 ipsi
3000 1450 3168 1505 etiam
3202 1464 3232 1503 a
3266 1447 3520 1517 Scriptu-

1936 1553 1995 1593 ra
2025 1539 2213 1593 divina
2274 1541 2722 1594 accommodari?
2757 1561 2774 1592 ι
2809 1538 3011 1597 Fidelis
3044 1542 3214 1606 enim,
3244 1561 3261 1592 ι
3299 1543 3477 1611 inquit
3502 1582 3517 1604 ,

1940 1649 1958 1682 ι
2000 1630 2147 1686 Deus
2169 1674 2181 1694 .
2214 1647 2310 1700 per
2342 1647 2503 1701 quem
2538 1633 2723 1685 vocati
2765 1633 2902 1687 estis
2935 1633 2989 1687 in
3036 1633 3353 1688 societatem
3393 1631 3518 1687 Filii

1932 1727 2054 1795 ejus
2074 1728 2117 1781 ⁸.
2157 1746 2175 1780 ι
2222 1725 2285 1780 Ει
2317 1744 2329 1780 :
2377 1746 2395 1779 ι
2430 1725 2635 1780 Paulus
2670 1726 2956 1796 apostolus
2992 1725 3125 1783 Jesu
3180 1727 3387 1783 Christi
3424 1743 3522 1796 per

1934 1820 2275 1873 voluntatem
2337 1819 2495 1874 Dei‘.
2534 1838 2551 1868 ι
2614 1820 2776 1883 Item,
2823 1817 3028 1874 Paulus
3089 1819 3155 1873 ad
3216 1820 3519 1874 nonnullus

219 1903 320 1955 τοῦ
354 1904 564 1977 Πατρὸς
591 1908 954 1975 ὲννοήσομενι
980 1907 1101 1959 τίνα
1126 1907 1181 1960 δὲ
1216 1902 1357 1960 εἶναι
1382 1914 1474 1959 και
1503 1906 1666 1959 αυτὸν
1695 1907 1828 1958 ὑπο-

1935 1911 2136 1967 εοτῑιιίι
2172 1930 2182 1961 ;
2225 1931 2242 1963 ι
2276 1912 2468 1979 itaque
2515 1911 2628 1980 jam
2674 1926 2783 1965 non
2814 1927 2874 1966 es
2906 1927 3132 1975 servus,
3175 1912 3271 1967 sed
3316 1910 3465 1966 illius
3502 1932 3513 1965 :

219 1996 531 2067 ληψόμεθα,
574 2000 702 2054 ὅταν
732 2002 985 2071 φαίνηται
1022 1999 1311 2070 δεχόμενος
1338 1998 1418 2064 τὸ,
1452 2000 1524 2051 δι’
1550 1993 1645 2062 οὗ,
1676 1997 1830 2068 παρὰ

217 2096 287 2164 τῇ
321 2094 441 2165 θείᾳ
468 2094 694 2163 Γραφῇ;
733 2112 750 2144 ι
791 2092 984 2154 Πιστὸς
1037 2095 1166 2163 γὰρ,
1208 2111 1224 2144 t
1261 2093 1450 2161 φησὶν,
1479 2110 1496 2142 ι
1530 2093 1563 2145 ὁ
1589 2090 1828 2153 Θεὸς,δι’

218 2177 284 2236 οἷ)
310 2184 574 2255 ἐκλήθητε
591 2186 669 2247 είς
694 2184 977 2237 κοινωνίαν
994 2182 1086 2237 τοῦ
1111 2183 1239 2237 Υἱοῦ
1262 2182 1445 2237 αυτοῦ
1478 2202 1496 2235 ι
1520 2183 1630 2247 καὶ,
1651 2202 1667 2233 ι
1684 2180 1828 2234 Παῦο

220 2281 317 2342 λος
351 2278 649 2341 ἀπόστολος
683 2276 858 2348 Ἰησοῦ
890 2276 1125 2349 Χριστοῦ
1152 2277 1241 2332 διὰ
1276 2276 1579 2347 θελήματος
1607 2274 1765 2329 Θεοῦ.
1800 2294 1818 2325 ι

222 2372 338 2424 Καὶ
371 2370 533 2424 πάλιν
574 2370 710 2439 πρός
753 2387 906 2433 τινας
932 2371 959 2422 ὁ
1001 2368 1210 2432 Παῦλος
1254 2367 1585 2422 ἐπιστέλλει·
1614 2386 1631 2417 ι
1666 2366 1829 2421 ’Ὡσεε

220 2463 412 2515 οὐκέτι
446 2455 497 2513 εί
533 2460 740 2524 δοῦλος,
781 2460 922 2514 ἀλλὰ
965 2461 1078 2524 υἱός
1106 2476 1119 2489 ·
1148 2462 1196 2513 εί
1242 2461 1297 2513 δὲ
1340 2460 1474 2523 υἱὸς,
1506 2459 1600 2512 καὶ
1634 2458 1827 2529 κληρον

222 2554 391 2626 νόμος
425 2553 512 2607 διὰ
543 2552 700 2607 θεοῦ.
753 2552 940 2606 Ταῦτα
984 2552 1048 2622 δὴ
1092 2552 1387 2622 σύμπαντα
1416 2550 1515 2620 τὴν
1552 2548 1832 2619 ἀναφορὰν

220 2651 305 2710 είς
339 2646 399 2701 τὸ
438 2646 531 2699 τοῦ
569 2645 704 2698 Θεοῦ
740 2646 832 2697 καὶ
868 2645 1081 2716 Πατρὸς
1127 2645 1241 2715 ἔχει
1306 2646 1617 2716 πρόσωπον,
1644 2643 1736 2695 καὶ
1769 2642 1830 2694 οὐ

220 2739 402 2809 δήπου
430 2738 566 2809 πρὸς
589 2736 748 2791 τοῦτο
774 2737 968 2807 μανίας
994 2737 1205 2790 ἐλάσειέ
1237 2755 1340 2801 τις,
1365 2726 1514 2808 εἰμὴ
1542 2735 1694 2807 τύχοι
1718 2737 1832 2798 τοῖς

226 2831 658 2903 προειρημένοις
703 2830 771 2883 τὰ
804 2831 893 2883 ἴσα
933 2829 1167 2900 φρονῶν,
1196 2828 1272 2892 ὼς
1296 2829 1354 2882 τὸ
1392 2829 1491 2896 τῆς
1525 2828 1831 2898 ὑπουργίας

222 2924 400 2992 ὄνομά
428 2940 485 2975 τε
518 2924 616 2975 καὶ
651 2924 905 2993 πρᾶγμα,
939 2921 1034 2973 καὶ
1069 2922 1241 2990 αὐτῆς
1273 2918 1697 2990 κατηγορεῖσθαι
1733 2918 1831 2988 τῆς

222 3016 322 3069 τοῦ
366 3015 578 3085 Πατρός
621 3014 779 3084 δόξης
819 3013 1055 3082 εὐλόγως
1110 3014 1317 3075 εἰπεῖν,
1355 3012 1582 3082 ἐπείπερ
1632 3010 1832 3080 ἠνέχθη

225 3109 326 3162 καὶ
374 3105 645 3160 ὲπ“αὒτοῦ
692 3107 772 3167 τὸ,
813 3107 890 3157 δι’
925 3102 1020 3161 οὗ.
1080 3104 1388 3174 Ἀδιαφορεῖ
1426 3104 1535 3173 γὰρ
1597 3102 1708 3155 ἐσθ’
1744 3102 1834 3154 ὅτε

219 3199 360 3268 περὶ
406 3197 505 3260 τὰς
556 3196 729 3261 λέξεις
758 3200 792 3266 ὴ
824 3195 943 3249 θεία
992 3195 1220 3265 Γραφὴ,
1261 3194 1426 3264 μηδὲν
1463 3192 1725 3247 ἀδικοῦσα
1772 3192 1833 3244 τὸ

226 3285 613 3359 ὑποκείμενον,
644 3286 1125 3357 καταχρηστικὼτε
1138 3304 1227 3357 ρον
1256 3285 1313 3339 δέ
1346 3303 1461 3348 πως
1490 3285 1829 3354 ἐπιφέρουσα

220 3384 341 3444 τοῖς
378 3380 800 3451 σημαινομένοις
828 3378 897 3432 τά
939 3394 997 3430 τε
1032 3380 1277 3448 ῥήματα,
1321 3375 1415 3429 καὶ
1452 3376 1518 3429 τὰ
1557 3378 1623 3429 δι’
1656 3369 1731 3428 ὧν
1764 3374 1831 3428 ἂν

227 3474 408 3541 ἄηται
445 3470 879 3541 καταδηλοῦσθαι
913 3470 1113 3533 καλῶς.
1148 3468 1294 3538 Πλὴν
1332 3470 1509 3521 ἐκεῖνο
1556 3468 1830 3537 συμφέρον

234 3565 328 3618 ἐπὶ
373 3562 584 3626 τούτοις
632 3564 826 3624 εἰπεῖν,
858 3562 939 3613 ὅτι
972 3560 1099 3624 δόξα
1127 3558 1334 3629 Κυρίου
1370 3557 1602 3628 κρύπτει
1627 3555 1782 3623 Λόγον
1814 3571 1830 3587 ο

226 3655 386 3724 ὣίγη
433 3656 542 3725 γὰρ
600 3656 749 3707 πᾶσα
798 3653 971 3720 λόγων
1030 3650 1320 3720 ίσχὺς,ὼ;
1377 3650 1513 3720 πρὸς
1566 3647 1830 3717 ἐξήγησιν

224 3744 434 3816 ἀκριϐη
468 3746 570 3815 τῆς
608 3748 849 3817 ἀρρήτου
894 3744 1051 3812 δόξης
1092 3744 1188 3795 καὶ
1238 3739 1598 3811 θεοπρεποῦς.
1629 3739 1830 3810 Διόπερ

224 3839 289 3889 ob
324 3837 738 3891 σκανδαλιστέον
759 3838 850 3890 ἐπὶ
882 3840 949 3907 τῇ
978 3836 1087 3890 τῶν
1118 3834 1463 3905 λαλουμένων
1500 3847 1835 3901 σμικροπρε-

1932 2001 2077 2073 quod
2100 2004 2146 2057 si
2178 2002 2347 2067 illius,
2375 2010 2429 2059 et
2457 2004 2636 2058 hatrcs
2670 2019 2765 2073 per
2789 2003 2957 2060 Deum
2977 2005 3015 2053 ⁷.
3047 2022 3067 2055 ο
3088 2002 3282 2059 Omnia
3316 2006 3520 2075 quippe

1932 2098 2046 2151 haec
2091 2094 2411 2150 referuntur
2464 2096 2529 2149 ad
2578 2112 2868 2166 personam
2913 2095 3005 2151 Dei
3049 2111 3113 2151 ac
3165 2095 3377 2162 Patris,
3421 2114 3517 2152 nc-

1931 2205 2040 2261 que
2089 2203 2224 2244 sane
2281 2204 2351 2244 eo
2406 2188 2699 2245 dementiae
2756 2190 3049 2259 quisquam
3105 2192 3357 2252 venerit,
3406 2192 3517 2245 nisi

1933 2281 2143 2338 nostris
2188 2281 2464 2338 hzereticis
2506 2280 2697 2337 forsan
2747 2282 3102 2353 astipuletur,
3137 2293 3195 2339 ut
3228 2285 3518 2339 ministra-

1934 2375 2103 2431 tionis
2129 2390 2328 2431 nomen
2365 2383 2421 2430 et
2448 2389 2563 2431 rem
2594 2375 2757 2431 etiam
2787 2375 2855 2431 de
2882 2376 3001 2446 ipsa
3035 2376 3147 2449 49
3184 2374 3278 2433 Dei
3320 2394 3385 2434 ac
3414 2376 3519 2433 Pa-

1933 2471 2037 2527 tris
2072 2468 2369 2538 majestate
2404 2476 2778 2525 consentanee
2827 2469 2936 2525 dici
2968 2471 3130 2538 velit,
3173 2487 3238 2527 ex
3270 2488 3337 2527 eo
3369 2474 3523 2544 quod

1932 2564 2101 2618 etiam
2151 2562 2285 2615 illud
2309 2601 2324 2626 ,
2359 2577 2452 2630 per
2487 2576 2660 2630 quem,
2699 2560 2768 2616 de
2798 2562 2919 2631 ipso
2959 2562 3165 2617 dictum
3195 2562 3304 2620 εει.
3340 2561 3517 2620 litter-

1934 2657 2063 2711 dum
2096 2655 2245 2711 enim
2299 2653 2589 2725 Scriptura
2619 2668 2779 2710 sacra
2828 2656 2949 2711 sine
2987 2655 3319 2713 discrimine
3353 2675 3519 2715 voces

1935 2757 2204 2819 usurpat,
2259 2763 2441 2819 neque
2494 2757 2677 2803 tamen
2741 2749 2821 2803 rei
2871 2754 3169 2820 preposita:
3218 2751 3518 2821 quidquam

1933 2850 2129 2908 nocet,
2159 2841 2255 2896 sed
2286 2840 2522 2897 abusive
2550 2840 2963 2910 quodammodo
2996 2842 3161 2896 rebus
3200 2843 3519 2906 signiﬁcau-

1934 2936 2021 2991 dis
2055 2949 2222 2989 voces
2268 2934 2693 3000 accommodat,
2722 2940 2777 2987 et
2821 2948 2886 2987 ea
2930 2948 3027 3002 per
3050 2950 3173 3003 quae
3224 2942 3374 2989 recte
3423 2940 3520 2990 de-

1934 3026 2237 3083 monstrari
2273 3034 2444 3096 putet.
2481 3025 2754 3081 Carterum
2790 3026 2973 3082 dehis
3002 3027 3137 3081 illud
3169 3028 3354 3083 dicere
3380 3044 3519 3083 eon-

1935 3120 2125 3183 venit,
2153 3119 2417 3174 nimirum
2472 3118 2708 3189 gloriam
2752 3120 2966 3174 Domini
3021 3120 3363 3176 abscondere
3401 3138 3521 3178 ser-

1943 3225 2185 3266 monem.
2223 3209 2393 3265 Valde
2417 3209 2561 3264 enim
2585 3210 2747 3265 exilis
2767 3217 2851 3265 est
2874 3210 3057 3265 omnis
3083 3211 3173 3264 illa
3200 3226 3519 3266 sermonum

1943 3304 2027 3358 vis
2062 3309 2117 3355 et
2146 3302 2308 3365 ratio,
2341 3301 2409 3355 ad
2448 3300 2831 3370 explicandam
2885 3311 3143 3355 accurate
3187 3300 3519 3356 ineffabilem

1939 3408 2003 3449 ac
2032 3393 2277 3448 div'nam
2323 3391 2691 3460 maiestatem.
2726 3392 3075 3461 Quapropter
3109 3407 3216 3445 non
3251 3391 3521 3448 debemus

1934 3484 2246 3539 humilitate
2278 3482 2577 3537 verborum
2610 3482 2857 3548 turbari,
2889 3482 2987 3536 sed
3023 3481 3253 3537 credere
3282 3491 3519 3551 oportet,

1935 3574 2230 3627 humanam
2273 3585 2664 3641 quamcunque
2710 3568 3028 3624 facundiam
3057 3577 3115 3624 et
3151 3570 3351 3624 mentis
3388 3584 3519 3622 acu-

1934 3682 2061 3722 men
2091 3665 2277 3720 divina
2304 3674 2359 3720 et
2387 3662 2656 3719 ineffabili
2682 3673 2879 3717 natura
2913 3662 3162 3733 superari
3199 3682 3211 3717 :
3242 3662 3348 3717 hoc
3372 3663 3519 3716 enim

1935 3766 2097 3831 pacto
2128 3774 2237 3813 non
2275 3772 2471 3829 parum
2513 3759 2639 3827 pios
2673 3771 2776 3812 nos
2817 3755 3251 3828 praestabimus!

223 3930 361 4001 πείᾳ
388 3972 403 3995 ,
438 3931 864 4002 παραχωρητέον
910 3930 968 3983 δὲ
1023 3929 1224 3999 μᾶλλον
1265 3929 1325 3981 τὸ
1378 3928 1556 3996 νικᾷν,
1596 3926 1688 3978 καὶ
1735 3924 1833 3993 τὴν
1873 3921 1930 3973 ὲν
1953 3919 2166 3990 γλώττῃ
2205 3917 2458 3987 δύναμιν,
2496 3914 2590 3969 xui.
2619 3913 2820 3978 παντὸς
2859 3911 3096 3982 ὀξύτητα
3128 3912 3221 3965 νοῦ
3283 3915 3350 3984 τῇ
3399 3912 3520 3983 θείᾳ

226 4026 327 4079 καὶ
356 4027 623 4095 αφρ’σέῳ
670 4024 821 4094 φύσει
854 4040 869 4055 ο
902 4024 996 4077 καὶ
1043 4022 1185 4077 κατά
1227 4021 1414 4076 τοῦτον
1461 4019 1571 4091 γὰρ
1611 4019 1674 4089 δὴ
1727 4019 1817 4071 τὸν
1855 4014 2055 4087 τρόπον
2086 4013 2147 4066 ού
2182 4011 2394 4083 μικρώς
2421 4008 2816 4078 εὐσεϐήσομεν.

841 4118 1091 4171 κεψΑΑ.
1131 4119 1221 4183 q'.

234 4208 364 4260 Ὀτι
396 4206 509 4275 ζωὴ
541 4208 690 4261 κατὰ
713 4209 906 4277 φύσιν
950 4206 1122 4277 ἐστὶν
1147 4209 1179 4259 ό
1216 4204 1367 4277 Υἱὸς.
1398 4202 1501 4277 καί
1522 4202 1621 4277 διὰ
1652 4206 1828 4277 τουτο

302 4280 375 4332 οὐ
411 4271 662 4346 τεκητὸς
688 4271 865 4343 [ἀλλ’
897 4278 965 4331 ἐκ
1003 4275 1110 4346 τῆς
1148 4276 1363 4341 οὐσίας
1403 4271 1505 4327 τοῦ
1536 4272 1683 4327 Θεοῦ
1728 4271 1827 4325 καὶ

302 4349 560 4417 Πατρός.

310 4442 374 4493 Ὃ
403 4439 672 4508 γέγονεν,
702 4439 773 4492 ἐν
802 4439 963 4505 αὐτῷ
998 4438 1108 4506 ζωὴ
1137 4434 1235 4509 ἦν.

311 4531 437 4583 Ἔτι
466 4529 567 4593 τὰς
608 4529 735 4600 περὶ
774 4528 866 4581 τοῦ
899 4529 1033 4582 Θεοῦ
1078 4529 1252 4596 Λόγου
1297 4525 1557 4590 διαλέξεις
1593 4525 1828 4576 ποιεῖται

232 4624 374 4694 πρὸς
414 4624 562 4692 ἡμᾶς
595 4624 623 4674 ὁ
666 4622 933 4693 μακάριος
966 4621 1357 4689 εὐαγγελιστής
1382 4637 1393 4647 ·
1429 4618 1520 4671 καί
1558 4635 1647 4686 μοι
1684 4616 1826 4668 δοκει

2580 4098 2714 4156 CAP
2779 4096 2870 4156 Vl.

1937 4198 2092 4265 Quod
2121 4198 2229 4252 vita
2259 4194 2547 4265 secundum
2585 4204 2835 4248 naturam
2867 4197 2936 4249 sit
2973 4195 3181 4257 Filius,
3218 4202 3375 4265 atque
3404 4195 3519 4249 ideo

2043 4286 2146 4325 non
2178 4276 2389 4323 creatus
2408 4306 2421 4332 ,
2451 4264 2541 4319 sed
2568 4279 2630 4320 ex
2656 4266 2961 4323 substantia
2983 4265 3081 4322 Dei
3110 4281 3173 4318 ac
3205 4264 3411 4320 Patris.

2007 4428 2049 4493 l,
2080 4428 2135 4492 3,
2166 4428 2220 4481 ιι.
2254 4427 2409 4496 Quod
2451 4427 2649 4497 factum
2684 4435 2784 4493 est,
2815 4429 2869 4482 in
2902 4429 3015 4499 ipso
3037 4430 3147 4483 uita
3177 4436 3315 4483 erat.

2008 4519 2199 4573 Adhuc
2228 4518 2296 4573 de
2328 4518 2420 4573 Dei
2459 4517 2639 4573 Verbo
2668 4520 3007 4590 evangelista
3045 4521 3237 4575 beatus
3271 4520 3516 4580 disserit.

1939 4611 2183 4681 mihique
2230 4610 2450 4665 videtur
2499 4610 2709 4665 utiliter
2743 4612 2930 4665 omnia
2976 4628 3324 4681 percurrere,
3366 4628 3516 4681 qua:-

230 4714 323 4766 διὰ
357 4712 574 4765 πάντων
615 4711 748 4765 ἰέναι
800 4710 1083 4781 χρησίμως
1128 4712 1236 4761 τὼν
1301 4706 1513 4776 ὅσαπέρ
1549 4708 1663 4757 ἐστι
1691 4703 1829 4756 κατᾶ

1936 4721 2157 4771 cunque
2210 4706 2400 4760 insunt
2429 4704 2478 4760 ei
2515 4713 2733 4766 natura,
2769 4713 2825 4758 ut
2852 4712 2906 4758 ct
2937 4704 3322 4758 lmr‘eticormn
3362 4706 3514 4757 turo—

234 4804 403 4870 φύσιν
454 4800 625 4871 αὐτῷ,
661 4802 750 4855 ἵνα
795 4802 889 4854 καὶ
925 4800 1023 4862 τὰς
1052 4800 1161 4853 τῶν
1204 4797 1655 4868 ὲτεροδοξούντων
1706 4796 1830 4845 δυσ-

233 4896 442 4967 ωπήσῃ
458 4894 763 4964 παροινίας,
783 4894 877 4946 καὶ
892 4894 1015 4955 τοὺς
1044 4892 1175 4962 ὀρθῇ
1202 4890 1521 4959 διαπρέπειν
1548 4887 1832 4948 ἐθέλοντας

236 4987 444 5047 πίστει,
472 4991 583 5048 τοῖς
621 4985 700 5047 είς
746 4984 907 5037 αὑτὸν
944 4982 1196 5053 ὀχυρώσῃ
1230 4981 1603 5049 θεωρήμασιν,
1634 4979 1736 5031 οὐκ
1768 4980 1833 5031 ἐκ

239 5081 415 5144 λόγων
464 5076 656 5145 σοφίας
696 5077 965 5146 κοσμικῆς
996 5076 1056 5128 τὸ
1088 5075 1351 5129 ἀπίθανον
1391 5073 1831 5143 ὲρανιζομὲνους,

239 5171 354 5227 ἀλλ’
392 5172 450 5221 ὲν
504 5168 774 5233 ἀποδείξει
813 5168 1129 5239 Πνεύματος
1159 5166 1220 5220 τὸ
1268 5166 1366 5228 τῆς
1406 5163 1666 5226 ἀληθείας
1699 5162 1834 5215 θαυ-

240 5261 517 5333 μάζοντας
565 5262 778 5323 κάλλος.
816 5260 993 5330 Ὅπερ
1033 5258 1127 5313 οὖν
1177 5256 1423 5329 βούλεται
1458 5256 1543 5309 διὰ
1574 5254 1668 5308 τοῦ
1699 5273 1835 5325 προ-

239 5354 494 5425 κειμένου
518 5354 807 5408 διδάσκειν.
826 5352 1002 5405 ἐκεῖνό
1023 5353 1157 5405 ἐστι·
1186 5348 1420 5420 Ποιητὴν
1455 5350 1587 5418 ἡμῖν
1637 5346 1838 5417 ἀρτίως

239 5447 385 5501 κατά
412 5445 573 5515 φύσιν
611 5446 740 5499 ὄντα
784 5446 879 5499 καὶ
910 5444 1249 5515 δημιουργὸν
1278 5439 1529 5506 ἀπέδειξε
1563 5440 1655 5491 τὸν
1684 5438 1834 5505 Υίὸν,

240 5540 321 5593 πά
364 5555 426 5592 ,α
454 5537 520 5589 δι’
552 5537 714 5590 αὑτο⁹
749 5536 1082 5606 γεγενῆσθαι
1117 5534 1312 5602 λέγων,
1344 5532 1439 5587 καὶ
1467 5531 1637 5601 χωρὶς
1670 5528 1835 5583 αὑτοῦ

245 5631 380 5701 μηδὲ
412 5630 467 5682 ἓν
490 5630 788 5700 κεκλῆσθαι
810 5630 944 5700 πρὸς
982 5628 1213 5697 γένεσιν
1263 5625 1479 5696 Ἐπειδὴ
1507 5624 1561 5677 δὲ
1588 5624 1647 5676 οὐ
1679 5624 1838 5694 μόνον

240 5728 309 5791 τῇ
369 5722 544 5774 κτίσει
597 5723 658 5773 τὸ
704 5726 838 5792 πρὸς
885 5722 945 5775 τὸ
989 5718 1126 5774 εἶναι
1184 5720 1480 5791 κεκλῆσθαι
1534 5719 1836 5789 χαρίζεται,

246 5814 461 5883 συνέχει
494 5814 549 5865 δὲ
576 5816 667 5867 καὶ
696 5814 1069 5884 γεγενημένην
1091 5813 1157 5864 δι’
1190 5812 1405 5875 ἑαυτοῦ,
1433 5814 1541 5873 τοῖς
1572 5811 1631 5863 τὸ
1654 5811 1837 5873 ἁῖδίως

314 5907 335 5937 ⁸
379 5906 559 5961 lCor.
600 5923 649 5974 ι,
689 5909 741 5962 9.
820 5909 840 5938 ⁸
882 5906 1081 5979 Ephes.
1121 5924 1171 5973 ι,
1214 5908 1256 5961 ι.

1938 4815 2027 4855 res
2052 4798 2367 4859 confundat.
2396 4806 2453 4851 et
2506 4807 2671 4852 recta:
2702 4797 2823 4851 ﬁdei
2847 4798 3088 4851 cultores
3114 4810 3240 4851 vera
3264 4796 3518 4849 doctrina

1937 4893 2262 4954 confirmet,
2322 4906 2431 4944 non
2506 4906 2571 4944 ex
2639 4888 2889 4943 saeculari
2961 4887 3230 4957 sapientia
3306 4886 3519 4941 fabulas

1940 4992 2236 5041 sectantes.
2290 4988 2385 5039 sed
2437 4984 2493 5035 in
2532 4980 3010 5036 demonstratione
3067 4981 3299 5042 spiritus
3346 4982 3521 5034 adnu-

1938 5086 2125 5130 rantes
2150 5074 2617 5131 pulchritudinem
2648 5074 2899 5129 veritatis
2922 5074 2964 5126 ⁸.
3001 5072 3056 5127 Id
3092 5085 3273 5127 autem
3313 5074 3360 5127 ei
3396 5090 3518 5124 Dl'u-

1940 5169 2181 5241 positum
2215 5176 2319 5223 est.
2355 5169 2671 5221 Creatorem
2715 5178 2768 5219 et
2799 5168 3052 5231 opiﬁcem
3087 5174 3283 5220 natura
3319 5163 3519 5218 Filium

1938 5262 2227 5323 exsistere,
2285 5260 2450 5331 paulo
2506 5268 2634 5314 ante
2682 5260 2841 5315 nobis
2894 5260 3162 5323 ostendit,
3189 5258 3376 5314 omnia
3426 5274 3521 5329 per

1936 5354 2115 5423 ipsum
2162 5351 2300 5407 facta
2322 5367 2446 5408 esse
2468 5352 2683 5417 dicens,
2715 5360 2770 5406 et
2792 5352 2910 5407 sine
2943 5352 3063 5422 ipso
3089 5352 3225 5407 nihil
3252 5351 3306 5406 in
3340 5361 3520 5405 ortum

1939 5445 2221 5500 eductum.
2278 5442 2414 5498 Cum
2469 5456 2651 5499 autem
2706 5453 2976 5500 creaturae
3024 5461 3134 5501 non
3186 5444 3365 5501 solum
3399 5459 3522 5498 esse

1945 5536 2233 5606 largiatur,
2263 5539 2356 5592 sed
2389 5554 2507 5593 eam
2540 5554 2759 5609 quoque
2792 5554 2821 5592 a
2850 5553 2910 5594 se
2945 5548 3186 5592 creatam
3216 5538 3521 5601 contineat,

1945 5628 2188 5697 seipsum
2242 5629 2561 5685 immisccns
2605 5628 3012 5699 quodammodo
3046 5632 3114 5683 iis
3155 5643 3278 5698 quae
3324 5638 3519 5682 natura

1944 5729 2201 5772 a‘tcrnum
2263 5719 2608 5775 duratioaem
2662 5736 2769 5774 non
2828 5719 3055 5787 habent,
3090 5725 3146 5774 et
3193 5718 3301 5772 vita
3356 5719 3520 5772 rebus

1944 5810 2252 5869 exsistens.
2283 5818 2339 5862 ut
2369 5823 2566 5866 creata:
2594 5821 2851 5866 maneant
2894 5826 2961 5867 ac
2996 5818 3285 5866 serventur
3314 5809 3367 5864 in
3407 5824 3525 5865 sua:

1342 5908 1359 5938 "
1405 5906 1585 5963 Gulat.
1625 5922 1675 5960 tv
1710 5947 1723 5973 ,
1765 5906 1815 5959 ’7.
1896 5906 1914 5936 ⁸
1958 5906 1972 5959 l
2009 5907 2135 5960 Cor.
2178 5920 2214 5957 ιι
2243 5943 2256 5968 ,
2294 5906 2345 5957 εί.
