4214 6502
712 391 789 448 87
1724 396 1779 452 s.
1832 394 2107 453 cvniLLI
2168 393 2297 448 ALE

2407 395 2640 452 NDRINI
2681 398 3003 461 ARCIIIEP.
3919 419 3983 478 88

712 522 925 569 natura:
975 531 1210 588 quaeque
1245 517 1484 583 ratione,
1522 517 1735 574 idcirco
1789 520 2019 590 subjicit
2062 536 2297 587 evange-

2403 517 2543 576 είναι
2576 525 2719 578 κατά
2751 525 2915 594 φύσιν
2945 526 3081 581 ίδίαν
3110 528 3211 583 οὐκ
3238 532 3455 601 ἔχουσιν
3479 534 3668 588 ἑαυτὸν
3689 536 3851 591 οἱονεί
3878 557 3985 605 πως

710 606 841 662 lista
876 623 889 659 :
922 626 941 660 ι
973 608 1132 676 Quod
1166 609 1372 665 factum
1401 620 1524 677 est,
1555 614 1609 667 in
1655 616 1777 684 ipso
1807 615 1918 669 vita
1952 621 2091 669 erat.
2136 633 2154 666 ι
2182 612 2302 667 Non

710 701 892 755 solum
944 701 1051 767 ait,
1090 721 1109 755 ι
1142 702 1246 757 Per
1293 704 1473 775 ipsum
1510 707 1695 760 omnia
1746 706 1892 761 facta
1945 716 2113 773 sunt,
2149 725 2168 759 ι
2207 721 2304 761 vc-

712 808 835 846 rum
870 795 1033 849 etiam
1074 796 1344 867 quidquid
1388 797 1608 852 Tactum
1665 808 1785 863 est,
1842 820 1860 852 ι
1900 800 1956 855 in
2013 802 2136 872 ipso
2189 804 2302 857 vita

707 894 863 949 erat,
908 905 927 939 ι
962 888 1070 943 hoc
1097 898 1183 945 est
1211 891 1558 962 unigenitum
1594 890 1686 947 Dei
1741 892 2018 960 Verbum,
2050 895 2300 949 omnium

710 980 1047 1052 principium
1092 998 1157 1037 ac
1194 982 1655 1051 fundamentum,
1687 985 1988 1041 visibilium
2023 994 2079 1042 et
2098 987 2300 1042 invisi-

705 1072 934 1137 bilium,
981 1075 1336 1141 caelestium,
1403 1078 1754 1133 terrestrium
1816 1093 1881 1133 ac
1928 1079 2296 1135 infernarum.

704 1162 829 1234 ipse
866 1166 1014 1221 enim
1046 1167 1156 1221 vita
1187 1183 1313 1223 cum
1345 1170 1747 1225 sitsecunilum
1782 1181 2062 1236 naturam,
2087 1178 2295 1235 ortum,

703 1257 815 1329 50
900 1260 1069 1315 vitam
1143 1270 1198 1317 et
1265 1271 1479 1318 motum
1551 1263 1921 1319 diversimode
1971 1265 2139 1320 rebus
2186 1264 2297 1318 lar-

702 1352 874 1420 gitur,
901 1368 1007 1405 nou
1044 1368 1143 1423 per
1167 1352 1499 1410 divisionem
1522 1362 1615 1409 aut
1639 1354 2084 1410 immutationem
2110 1370 2299 1426 quam-

701 1442 830 1497 dam
883 1444 1134 1515 singulas
1186 1455 1381 1502 natura
1413 1445 1744 1504 dissidentes
1798 1448 2161 1519 permeando,
2198 1447 2294 1504 sed

702 1544 958 1589 creatura
990 1537 1259 1593 ineffabili
1292 1540 1564 1609 sapientia
1593 1547 1647 1595 et
1696 1540 1896 1595 virtute
1933 1541 2205 1596 creatoris
2235 1540 2294 1594 in

702 1627 886 1697 seipsa
922 1631 1195 1685 variatur.
1231 1629 1351 1686 Una
1392 1640 1575 1686 autem
1608 1634 1718 1686 vita
1750 1641 1836 1688 est
1866 1633 2138 1698 omnium,
2171 1632 2291 1688 sin—

702 1721 852 1790 gulis
893 1737 993 1791 pro
1024 1722 1299 1793 cujusque
1321 1733 1483 1794 captu
1509 1731 1561 1778 et
1593 1724 1856 1779 facultate
1892 1741 1952 1780 se
1981 1723 2293 1779 communi-

701 1829 859 1867 cans.
898 1812 1035 1869 Cum
1076 1827 1260 1869 autem
1310 1815 1363 1869 id
1415 1816 1561 1886 quod
1604 1832 1635 1871 e
1682 1815 1857 1871 nihilo
1887 1816 1954 1872 ad
1994 1831 2118 1873 esse
2170 1832 2293 1887 pro-

701 1906 930 1958 ductum
998 1914 1083 1960 est
1156 1912 1477 1963 necessario
1543 1918 1957 1978 corrumpatur,
2015 1917 2070 1963 et
2139 1908 2288 1979 quod

705 1997 1032 2067 principium
1059 1999 1247 2062 habet.
1276 2000 1342 2055 ad
1370 2002 1529 2055 linem
1562 2002 1751 2055 tendat
1773 2001 1889 2070 (uni
1909 2000 2056 2055 enim
2086 2001 2289 2056 divinae

701 2109 765 2146 ac
796 2107 1069 2161 supremae
1094 2101 1308 2149 natura:
1339 2093 1600 2148 convenit
1638 2092 1800 2147 initio
1822 2102 1880 2148 et
1906 2093 2017 2148 [ine
2041 2094 2285 2163 carere),

702 2186 1010 2241 inﬁrmitati
1050 2194 1434 2241 creaturarum
1468 2187 1743 2253 consulit,
1776 2194 1831 2241 et
1864 2186 2287 2257 perpetuitatem

702 2278 997 2348 quamdam
1032 2278 1117 2334 eis
1148 2278 1451 2335 artiﬁciose
1510 2279 1759 2333 molitur.
1786 2277 1995 2333 Rerum
2026 2278 2173 2334 enim
2208 2278 2288 2334 si-

704 2373 916 2428 milium
941 2412 956 2436 ,
989 2388 1222 2443 quaeque
1253 2372 1478 2443 generis
1510 2382 1643 2429 sunt
1689 2372 1942 2442 ejusdem
1982 2387 2047 2427 ac
2086 2371 2288 2442 speciei

703 2466 1093 2521 successiones
1127 2474 1182 2521 et
1215 2464 1499 2520 naturales
1533 2464 1987 2527 vicissitudines,
2036 2462 2288 2518 eumdem

702 2574 917 2629 semper
939 2566 993 2613 (ξι
1023 2558 1349 2612 continuum
1388 2573 1615 2613 cursum
1647 2564 1925 2625 tenentes,
1948 2565 2008 2611 ιιι
2033 2564 2290 2610 creatura

704 2659 964 2721 perpetua
1012 2648 1265 2707 videatur
1292 2650 1572 2715 eiﬁciunt,
1604 2664 1841 2720 eamque
1884 2648 2133 2704 creatori
2180 2646 2291 2701 Deo

703 2743 955 2798 stabilem
984 2757 1049 2797 ac
1083 2751 1405 2813 perpetuam
1434 2751 1792 2798 conservant.
1821 2743 2003 2813 Atque
2038 2740 2174 2796 illud
2204 2750 2291 2795 est

708 2836 991 2903 nimirum,
1018 2835 1167 2905 quod
1196 2834 1461 2890 ineﬂ‘abili
1489 2836 1777 2891 Creatoris
1808 2850 1941 2891 voce
1966 2836 2291 2905 pronuntia-

706 2938 822 2981 tum
866 2938 989 2995 est,
1033 2943 1483 2998 unamquamque
1534 2944 1648 2983 rem
1693 2928 1967 2984 seminare
2012 2929 2066 2982 in
2104 2928 2289 2996 seipsa

706 3034 891 3075 semen
914 3020 1073 3088 juxta
1096 3036 1271 3091 genus
1300 3036 1461 3075 suum
1486 3063 1500 3087 ,
1525 3028 1579 3075 et
1615 3020 1919 3075 secundum
1966 3018 2290 3074 similitudi-

706 3128 851 3167 nem.
893 3110 1022 3165 Erat
1064 3111 1231 3182 igitur
1258 3111 1314 3166 in
1341 3113 1605 3169 omnibus
1635 3112 1770 3177 vita,
1809 3111 1861 3165 id
1893 3110 2040 3165 enim
2074 3110 2292 3179 impne-

706 3206 1005 3259 sentiarum
1033 3206 1320 3274 quaeritur.
1346 3203 1474 3271 Sed,
1494 3219 1528 3259 o
1554 3204 1696 3260 bone
1720 3204 1965 3274 (rursum
1996 3202 2088 3257 hic
2115 3217 2291 3272 oppo-
2322 3244 2366 3304 ο

708 3310 799 3355 net
826 3299 1101 3369 quispiam
1137 3299 1389 3354 veritatis
1420 3299 1783 3369 nppugnatori
1809 3295 2113 3365 haeretico),
2153 3294 2286 3364 quid

708 3391 775 3445 ad
792 3393 932 3455 .lioc,
968 3406 1181 3461 (μείρεο,
1217 3391 1605 3461 respondebis,
1632 3406 1757 3445 cum
1782 3389 2029 3443 divinum
2053 3402 2290 3458 evange-

710 3486 889 3538 listam
922 3483 1197 3539 dicentem
1228 3484 1419 3537 audies
1463 3483 1610 3553 quod
1666 3482 1726 3537 in
1776 3481 2037 3537 omnibus
2092 3480 2293 3534 creatis

709 3579 877 3633 rebus
910 3578 1023 3632 vita
1074 3586 1226 3644 erat,
1262 3576 1502 3632 Verbum
1562 3591 1758 3645 nempe
1796 3595 1814 3626 ι
1869 3572 2017 3644 quod
2062 3581 2180 3627 erat
2236 3573 2290 3625 in

710 3672 1018 3742 principio?
1047 3691 1066 3725 ι
1102 3672 1183 3725 Λη
1220 3669 1452 3725 audebis
1499 3670 1805 3725 etiamnum
1859 3682 2058 3739 negare
2090 3665 2288 3720 Filium

707 3780 773 3818 ex
823 3763 916 3817 Dei
968 3752 1147 3817 Patris
1198 3762 1507 3818 substantia
1562 3762 1851 3828 exsistere,
1881 3769 1938 3814 ut
1980 3768 2201 3815 creatus
2236 3767 2293 3815 et

708 3856 887 3910 factus
918 3856 1299 3925 intelligatur?
1326 3853 1616 3921 Quomodo
1648 3869 1781 3909 vero
1809 3861 1957 3906 tuam
1989 3852 2288 3917 inscitiam,

708 3966 739 4000 ιι
769 3949 1021 4018 quisquis
1045 3964 1129 4012 es,
1165 3964 1273 4003 non
1299 3949 1425 4017 jure
1474 3946 1671 4002 merito
1711 3944 2131 4001 incusabimus?
2154 3944 2291 3999 Nam

710 4044 758 4097 si
784 4042 1019 4097 Verbum
1059 4050 1118 4095 ut
1153 4057 1250 4112 per
1286 4049 1565 4103 naturam,
1610 4038 1721 4093 vita
1765 4038 1821 4093 in
1878 4040 2084 4093 creatis
2122 4038 2293 4093 rebus

709 4144 848 4196 erat,
876 4133 1010 4205 ipsis
1037 4149 1132 4204 per
1158 4133 1637 4203 participationem
1659 4131 1902 4201 seipsum
1930 4130 2245 4185 immisceus
2275 4169 2291 4194 ,

711 4226 858 4279 aliud
910 4233 1061 4280 certe
1097 4232 1183 4279 est
1234 4223 1304 4278 ab
1353 4223 1476 4277 aliis
1526 4222 1733 4291 quibus
1791 4221 1978 4275 inesse
2026 4218 2290 4275 creditur.

710 4314 867 4381 Quod
904 4322 1088 4368 autem
1138 4322 1336 4367 natura
1373 4328 1473 4367 sua
1508 4323 1594 4367 est
1628 4328 1656 4365 a
1692 4318 1949 4365 creatura
1989 4310 2291 4374 diversum,

710 4405 1010 4474 quomodo,
1051 4419 1175 4460 cum
1212 4418 1332 4458 eam
1352 4404 1606 4470 excedat,
1642 4417 1750 4457 non
1784 4403 1891 4456 erit
1921 4400 2103 4457 Deus?
2133 4400 2294 4467 Quod

713 4499 758 4551 si
796 4496 1146 4567 impudenter
1178 4494 1329 4566 loqui
1367 4509 1726 4566 perseveras,
1768 4509 1871 4549 nec
1903 4500 2098 4563 putare
2142 4492 2292 4548 desi-

714 4589 800 4643 nis
834 4587 1261 4642 intcllectualem
1288 4600 1411 4641 esse
1451 4584 1649 4639 Filium
1681 4585 1775 4653 qui
1809 4583 1863 4638 in
1894 4584 2100 4638 creatis
2128 4582 2294 4654 rebus
2328 4618 2374 4673 Β

712 4680 937 4735 exsistit
972 4688 1033 4734 ut
1063 4680 1193 4745 vita,
1253 4680 1492 4749 primum
1521 4677 1743 4748 quidem
1770 4677 1891 4746 ipse
1924 4674 2134 4745 aliquid
2156 4675 2212 4729 in
2236 4689 2298 4731 se

712 4771 987 4827 exsistere
1018 4770 1357 4834 censebitur,
1391 4768 1593 4825 deinde
1627 4769 1751 4840 ipse
1805 4767 2077 4838 suiipsius
2126 4768 2299 4837 parti-

714 4880 846 4935 ceps
889 4874 943 4919 et
990 4864 1126 4928 vita,
1170 4862 1240 4927 si,
1268 4877 1393 4917 cum
1428 4862 1501 4917 sit
1547 4861 1603 4915 in
1633 4862 1934 4923 creaturis,
1982 4859 2099 4929 ipse
2128 4860 2296 4914 etiam

714 4972 903 5011 carum
937 4971 1045 5010 una
1074 4954 1410 5010 censebitur.
1425 4950 1532 5008 Sed
1563 4953 1790 5023 ipsemet
1809 4951 1901 5006 Dei
1919 4950 2093 5005 hostis
2117 4950 2297 5005 anim-

718 5048 955 5103 advertit
991 5049 1213 5103 demum
1241 5056 1509 5117 quantum
1547 5046 1601 5100 in
1643 5058 1705 5099 ea
1751 5044 2029 5099 sententia
2070 5043 2143 5099 sit
2199 5044 2295 5097 ab-

720 5139 1029 5195 surditatis.
1058 5139 1244 5209 Itaque
1275 5138 1319 5191 si
1356 5152 1453 5207 per
1484 5136 1966 5207 participationem
1998 5136 2054 5189 in
2104 5136 2306 5190 creatis

721 5234 889 5288 rebus
946 5240 1032 5288 cst
1085 5230 1328 5285 Verbum
1362 5228 1505 5300 quod
1559 5244 1654 5284 eas
1710 5228 1984 5295 viviﬁcat,
2025 5244 2134 5283 non
2196 5230 2303 5283 erit

721 5328 902 5397 ipsum
931 5340 1154 5396 quoque
1194 5324 1337 5378 inter
1362 5336 1427 5377 ea
1452 5336 1573 5392 quae
1610 5321 1946 5392 participant
1966 5360 1981 5383 .
2010 5322 2104 5376 sed
2151 5320 2301 5375 aliud

724 5420 983 5472 nimirum
1016 5417 1085 5470 ab
1116 5414 1243 5469 illis.
1272 5412 1426 5479 Quod
1465 5413 1513 5468 si
1568 5412 1694 5474 hoc,
1724 5426 1831 5466 non
1878 5426 2013 5481 ergo
2055 5419 2301 5465 creatum

722 5514 862 5575 erit,
904 5510 998 5565 sed
1042 5508 1144 5579 51
1184 5515 1242 5560 ut
1285 5506 1393 5559 vita
1424 5521 1520 5575 per
1563 5512 1818 5559 naturam
1853 5503 1907 5557 in
1938 5502 2096 5573 ipsis.
2140 5500 2295 5569 Quod

720 5622 785 5659 ex
826 5602 1092 5673 subjectis
1118 5600 1432 5655 rationibus
1464 5614 1658 5653 rursus
1684 5596 1911 5667 patebit.

724 5700 835 5759 τοῖς
878 5671 1194 5769 μετέχουσιν
1226 5695 1377 5748 ἔσται
1430 5694 1523 5747 καὶ
1565 5693 1747 5757 αὐτὸς,
1780 5691 1894 5745 ἀλλ’
1931 5690 2115 5761 ἕτερος
2152 5688 2394 5757 δηλονότι
2428 5688 2559 5757 παρ’
2595 5685 2796 5735 ἐκεῖνα.
2835 5680 2897 5733 ΕΞ
2944 5676 2999 5729 δὲ
3037 5671 3216 5769 τοῦτο,

2406 616 2841 685 ἐγκαταμιγνὺς,
2876 620 2972 674 καὶ
3001 620 3115 694 ζωὴ
3138 624 3250 686 τοῖς
3269 620 3391 678 οὖσι
3405 626 3708 696 γινόμενος,
3741 630 3827 683 ἴνα
3857 631 3984 705 μένῃ

2405 709 2668 778 γεγονότα
2686 752 2703 775 ,
2731 713 2825 767 καὶ
2858 713 3100 785 σώζηται
3137 718 3281 773 κατά
3312 719 3407 773 τὸν
3428 722 3625 776 οίκετον
3649 723 3875 781 ἕκαστον
3895 728 3983 798 τῆς

2404 802 2623 871 φύσεως
2668 806 2826 876 ὅρον
2869 808 3192 878 ἀναγκαίως
3220 813 3418 883 φησίν·
3462 834 3481 867 ι
3542 817 3608 869 Ὃ
3661 817 3901 886 γέγονεν,
3930 820 3983 874 ὲν

2401 897 2552 969 αὐτῷ
2581 896 2695 971 ζωὴ
2720 896 2809 972 ἦν.
2843 920 2864 955 ι
2893 902 2968 956 οὐ
3000 904 3163 974 μόνον
3184 905 3339 977 φησι,
3378 928 3395 959 ι
3414 909 3493 961 Δι’
3526 908 3691 963 αὑτοῦ
3719 912 3787 966 τὰ
3816 913 3982 967 πάντα

2401 992 2641 1061 ἐγένετο,
2663 1012 2682 1047 ι
2716 995 2856 1051 ἀλλά
2893 998 2989 1051 καὶ
3012 1000 3066 1052 et
3087 1015 3140 1052 τι
3166 1000 3388 1069 γέγονεν
3410 1022 3428 1054 ι
3449 999 3516 1075 ἦν
3538 1004 3596 1056 ὲν
3619 1006 3818 1078 αὺτῷή
3853 1008 3979 1079 ζωὴ,

2398 1088 2545 1142 τοῦτ’
2572 1088 2721 1142 ἔστιν
2752 1089 2781 1142 δ
2829 1092 3129 1165 μονογενὴς
3169 1093 3264 1148 τοῦ
3307 1094 3443 1150 Θεοῦ
3477 1098 3680 1167 Λόγος,
3710 1101 3742 1170 ή
3772 1102 3982 1157 πάντων

2398 1180 2542 1254 ἀρχὴ
2575 1182 2671 1237 καὶ
2701 1183 2962 1251 σύστασις
3008 1186 3219 1258 ὁρατῶν
3251 1206 3311 1243 τε
3340 1190 3437 1243 καὶ
3466 1191 3730 1262 ἀοράτων,
3756 1195 3983 1266 ἐπουρα-

2398 1274 2529 1329 νίων
2557 1316 2571 1339 ,
2602 1275 2699 1330 καὶ
2750 1276 3012 1346 ἐπιγείων
3034 1322 3049 1345 ,
3081 1282 3176 1334 καὶ
3215 1282 3606 1352 καταχθονίων.
3655 1285 3825 1340 Αὐτὸς
3877 1288 3982 1358 γὰρ

2398 1366 2723 1441 ὐπάρχωνή
2758 1372 2901 1425 κατά
2950 1372 3113 1441 φύσιν
3160 1372 3295 1446 ζωὴ,
3322 1376 3383 1428 τὸ
3433 1374 3573 1431 εἴναι
3604 1378 3697 1431 καὶ
3749 1380 3847 1450 ζῇν
3895 1382 3982 1433 καὶ

2396 1463 2663 1516 κινεῖσθαι
2712 1464 3071 1537 πολυτρόπως
3101 1469 3215 1531 τοῖς
3266 1462 3386 1522 οὖσι
3420 1469 3732 1541 χαρίζεται,
3754 1473 3814 1524 οὐ
3848 1468 3981 1525 κατὰ

2399 1555 2669 1625 μερισμόν
2718 1574 2841 1611 τινα
2891 1558 2987 1613 καὶ
3036 1557 3325 1613 ἀλλοίωσιν
3380 1562 3461 1625 εἰς
3512 1562 3717 1616 ἕκαστα
3754 1563 3863 1617 τῶν
3914 1567 3977 1635 τῇ

2395 1645 2557 1713 φύσει
2609 1647 2973 1721 διεστηκότων
3017 1652 3213 1721 χωρῶν
3240 1669 3252 1683 ·
3284 1652 3397 1706 ἀλλ’
3436 1654 3469 1725 ἡ
3524 1654 3621 1724 μὲν
3665 1655 3837 1717 κτίσις
3862 1697 3875 1717 ,
3907 1656 3980 1717 ὡς

2396 1740 2534 1811 πρὸς
2587 1742 2780 1796 ἑαυτὸν
2821 1741 2935 1815 [Ἰν.
2993 1745 3215 1817 ἑαυτὴν]
3250 1747 3444 1819 ἀφάτῳ
3492 1750 3655 1820 σοφία
3690 1752 3781 1805 καὶ
3827 1752 3980 1807 δυνά-

2399 1854 2492 1907 μει
2541 1837 2633 1891 τοῦ
2688 1839 3033 1911 Δημιουργοῦ
3079 1843 3414 1899 ποικίλλεται
3452 1862 3465 1875 ⁸
3510 1847 3611 1917 μία
3669 1849 3723 1902 δὲ
3766 1850 3799 1920 ἠ
3842 1850 3979 1902 πάν-

2393 1948 2503 1986 των
2549 1932 2663 2006 ζωὴ
2702 1933 2955 2006 χωροῦσα
2986 1936 3121 2007 πρὸς
3166 1937 3425 2006 ἕκαστον,
3452 1942 3528 2004 ὡς
3578 1939 3645 1996 ἂν
3672 1941 3819 2012 αὐτῷ
3853 1944 3979 2013 πρέ-

2389 2042 2506 2096 πῃ,
2560 2026 2654 2081 καὶ
2717 2028 2943 2103 δύνηται
3032 2035 3345 2105 μετασχεῖν.
3418 2037 3633 2108 Ἐπειδὴ
3683 2039 3738 2093 δὲ
3787 2039 3847 2093 τὸ
3915 2041 3980 2092 ὲκ

2389 2119 2483 2173 τοῦ
2530 2120 2605 2193 μὴ
2659 2121 2813 2189 ὄντος
2858 2126 2938 2189 είς
2977 2127 3041 2180 τὸ
3088 2122 3227 2181 εἶναι
3277 2131 3609 2201 παρενεχθὲν
3639 2133 3847 2202 ἀνάγκη
3885 2133 3979 2186 καὶ

2390 2212 2730 2287 φθείρεσθαι,
2764 2221 2859 2275 καὶ
2913 2222 2974 2276 τὸ
3014 2222 3191 2294 ἀρχὴν
3235 2224 3371 2287 ὅλως
3409 2224 3532 2296 ἔχον
3577 2227 3656 2291 είς
3692 2226 3843 2291 τέλος
3882 2228 3979 2281 ιπ-

2388 2316 2597 2385 είγεται
2654 2316 2817 2391 (μόνῃ
2868 2318 2978 2389 γάρ
3020 2322 3086 2391 τῇ
3128 2318 3248 2389 θείᾳ
3308 2319 3449 2373 κατὰ
3500 2321 3675 2374 πάντα
3732 2322 3982 2393 ὑπερκει-

2394 2412 2535 2486 μένῃ
2578 2411 2758 2482 φύσει,
2807 2413 2870 2465 τὸ
2910 2416 3050 2486 μήτε
3080 2413 3189 2469 ἀπὸ
3223 2414 3397 2487 ἀρχῆς
3434 2409 3637 2488 ἦρχθαί
3673 2432 3814 2478 τινος
3838 2456 3853 2478 ,
3884 2414 3981 2470 καὶ

2389 2505 2765 2579 ἀτελευτήτως
2815 2503 2956 2561 εἶναι
3005 2507 3264 2579 πρέπει)⁶
3302 2508 3582 2579 σοφίζεται
3622 2509 3818 2580 τρόπον
3855 2507 3978 2562 τινὰ

2388 2602 2490 2675 τὴν
2521 2604 2578 2657 ὲν
2605 2606 2718 2664 τοῖς
2743 2602 3133 2676 πεποιημένοις
3161 2602 3446 2658 ἀσθένειαν
3474 2603 3503 2655 ὁ
3520 2600 3867 2673 δημιουργὸς,
3884 2598 3980 2653 καὶ

2394 2702 2705 2775 μηχανᾶταί
2739 2720 2855 2765 πως
2899 2702 2964 2754 ὲκ
2993 2701 3188 2772 τέχνης
3230 2700 3413 2760 αὐτοῖς
3438 2697 3499 2751 τὸ
3532 2696 3721 2751 ἀΐδιον.
3761 2697 3827 2749 Ai.
3870 2693 3979 2764 γὰρ

2391 2798 2473 2861 εἰς
2520 2796 2753 2849 ἕκαστον
2784 2796 2871 2849 ἀεὶ
2904 2793 3016 2847 τῶν
3057 2792 3256 2862 ὁμοίων
3293 2790 3555 2861 διαδοχαὶ,
3592 2790 3683 2842 καὶ
3710 2786 3817 2841 τῶν
3846 2790 3977 2855 ὁμο-

2391 2890 2566 2961 γενῶν
2618 2889 2651 2961 ἢ
2684 2890 2945 2958 ὁμοειδῶν
2968 2890 3024 2941 αἱ
3054 2890 3133 2952 εἰς
3162 2886 3368 2957 ἄλληλα
3398 2884 3725 2955 μεταϐάσεις
3758 2880 3981 2951 φυσικαὶ

2394 2979 2494 3054 [αι.
2527 2978 2712 3053 φύσει]
2747 2979 2885 3051 πρὸς
2927 2980 3019 3031 τὸν
3052 2978 3252 3048 ἑφεξῆς
3294 2977 3384 3029 ἀεὶ
3426 2976 3715 3045 βλέπουσαι
3758 2974 3979 3044 δρόμον,

2393 3073 2631 3143 ἀειφανῆ
2670 3074 2768 3144 μὲν
2794 3073 2893 3144 τὴν
2936 3072 3115 3125 κτίσιν
3147 3069 3505 3141 ἐργάζονται,
3534 3067 3886 3121 ἀεισύστατον
3925 3066 3983 3119 δὲ

2393 3166 2475 3237 τῷ
2517 3164 2841 3235 πεποιηκότι
2884 3164 3113 3235 τηροῦσι
3146 3162 3281 3233 Θεῷ.
3323 3162 3434 3216 Καὶ
3460 3160 3618 3213 τοῦτο
3641 3159 3749 3228 ἄρα
3782 3158 3899 3211 ἐστὶ
3924 3156 3986 3209 τὸ

2398 3260 2506 3313 τῶν
2552 3260 2720 3312 ὄντων
2750 3258 2980 3311 ἕκαστον
3019 3257 3079 3311 ἐν
3108 3256 3282 3325 ἐαυτῷ
3332 3256 3555 3325 σπεῖρον
3596 3252 3813 3323 σπέρμα
3843 3250 3986 3302 κατά

2400 3353 2555 3423 γένος
2606 3351 2701 3403 καὶ
2743 3350 2867 3403 καθ’
2906 3350 3168 3418 ὁμοίωσιν
3189 3387 3204 3412 ,
3235 3348 3377 3402 κατά
3406 3347 3503 3416 τὴν
3544 3346 3747 3413 ἄφατον
3774 3341 3866 3394 τοῦ
3894 3343 3987 3409 δη-

2402 3444 2785 3518 μιουργοῦντος
2831 3443 3123 3511 ἀπόφασιν.
3160 3435 3269 3493 Ἦν
3328 3434 3422 3492 οὖν
3460 3440 3516 3490 ὲν
3552 3438 3752 3490 ἃπασαν
3784 3435 3815 3503 ὴ
3850 3432 3982 3502 ζωή

2398 3544 2557 3595 τοῦτο
2590 3544 2699 3609 γὰρ
2729 3540 2790 3591 τὸ
2841 3536 3221 3609 προκείμενον.
3269 3533 3408 3585 Ἀλλ’
3436 3526 3480 3586 ὦ
3510 3530 3749 3599 βέλτιστε
3801 3526 3987 3594 (πάλιν

2399 3636 2515 3706 ὲρεῖ
2563 3651 2647 3696 τις
2679 3634 2812 3703 πρὸς
2844 3631 2933 3684 τὸν
2972 3633 3037 3701 τῇ
3066 3628 3297 3699 ἀληθείᾳ
3330 3627 3637 3695 μαχόμενον
3663 3618 3986 3691 αἱρετικὸν),

2399 3727 2450 3783 τί
2483 3728 2578 3781 καὶ
2608 3727 2741 3797 πρὸς
2772 3725 2929 3779 τοῦτο
2976 3728 3141 3796 ἐρεῖς,
3174 3724 3301 3776 ὅταν
3334 3721 3572 3789 ἀκούσῃς
3612 3716 3705 3770 τοῦ
3737 3730 3987 3781 πνευμα-

2399 3821 2633 3891 τοφόρου
2657 3820 2930 3888 λέγοντος,
2967 3818 3041 3880 ὼς
3080 3821 3137 3871 ὲν
3182 3817 3318 3869 πᾶσι
3350 3815 3462 3876 τοῖς
3488 3806 3874 3879 γεγενημένοις
3919 3800 3991 3875 ἦν

2401 3915 2434 3985 ὴ
2467 3914 2602 3985 ζωὴ,
2633 3914 2775 3967 τοῦτ’
2810 3911 2977 3973 ἐστιν,
3000 3910 3029 3961 ό
3065 3909 3234 3975 Λόγος
3275 3927 3291 3957 ι
3328 3909 3355 3958 ὁ
3382 3904 3456 3957 ὢν
3487 3905 3544 3954 ἐν
3584 3903 3725 3973 ἀρχῇ
3752 3918 3766 3964 ;
3797 3918 3814 3949 ι
3837 3893 3989 3966 ’Λρα

2402 4012 2497 4065 καὶ
2534 4009 2628 4063 νῦν
2662 4007 3067 4077 ἀποτολμήσεις
3107 4004 3301 4065 εἰπεῖν,
3326 3999 3401 4061 ὡς
3438 3998 3539 4050 οὐκ
3590 3995 3735 4047 ἐστιν
3774 3993 3838 4044 ὲκ
3886 3990 3989 4058 τῆς

2401 4105 2587 4165 οὐσίας
2618 4102 2712 4156 τοῦ
2746 4099 2882 4152 Θεοῦ
2910 4099 3119 4169 [ἰατρὸς
3151 4100 3179 4150 ὁ
3210 4096 3357 4157 Υἱὸς,
3404 4094 3489 4145 ἵνα
3524 4087 3747 4158 γενητὸς
3796 4087 3987 4154 νοῆται

2403 4200 2497 4253 καὶ
2537 4196 2935 4266 πεποιημένοςς
2970 4192 3081 4246 Καὶ
3114 4190 3228 4251 πῶς
3273 4189 3375 4240 οὐκ
3424 4188 3489 4241 ἄν
3537 4201 3617 4246 τις
3652 4181 3748 4250 τῆς
3780 4179 3906 4247 σῆς,
3943 4169 3991 4228 ὦ

2403 4282 2579 4353 οὗτος,
2624 4287 2865 4354 ἀμαθίας
2918 4283 3236 4353 καταδοήσῃ
3264 4321 3277 4346 ,
3311 4279 3404 4333 καὶ
3452 4277 3596 4348 μάλα
3639 4272 3896 4335 δικαίως
3923 4268 3989 4321 Ei

2402 4382 2511 4452 γὰρ
2539 4384 2596 4434 ὲν
2616 4383 2728 4443 τοῖς
2754 4377 3033 4448 γεγονόσιν
3056 4376 3084 4427 ὁ
3107 4375 3276 4441 Λόγος
3294 4369 3382 4444 ἦν,
3401 4372 3475 4433 ὡς
3497 4370 3608 4440 ζωὴ
3628 4365 3769 4420 κατᾶ
3797 4363 3988 4432 φύσιν,

2403 4476 2491 4529 διὰ
2541 4474 2774 4545 μετοχῆς
2822 4472 2935 4535 τοῖς
2976 4467 3127 4525 οὖσιν
3179 4466 3370 4521 ἑαυτὸν
3425 4460 3763 4532 ἀναμιγνύς·
3797 4458 3988 4526 ἔτερος

2404 4570 2511 4639 ἄρα
2558 4568 2675 4622 ἐστὶ
2730 4567 2837 4619 τῶν
2889 4568 2946 4617 ὲν
2999 4558 3078 4627 οἷς
3129 4556 3271 4614 εἶναι
3318 4556 3650 4611 πιστεύεται.
3696 4552 3754 4604 Ὀ
3792 4551 3847 4604 δὲ
3886 4549 3989 4619 τὴν

2402 4662 2565 4732 φύσιν
2595 4663 2780 4730 ἔτερος
2810 4658 2904 4722 ῶν,
2946 4658 2979 4727 ἢ
3010 4656 3147 4726 ὅπερ
3180 4653 3327 4706 ἐστὶν
3362 4652 3394 4721 ἡ
3429 4648 3624 4710 κτίσις,
3656 4645 3771 4708 πῶς
3794 4643 3895 4697 οὐκ
3922 4642 3991 4695 ἂν

2397 4756 2484 4825 εἴη
2515 4752 2699 4806 λοιπὸν
2718 4754 2746 4805 ὁ
2766 4750 2907 4820 ὑπὲρ
2934 4748 3140 4817 ταύτην
3168 4744 3298 4808 Θεός
3321 4761 3336 4808 ;
3364 4743 3499 4797 Εἱδὲ
3529 4737 3804 4809 ὲπιμένεις
3831 4736 3988 4789 ἀναι-

2403 4846 2664 4918 σχυντῶν,
2698 4846 2792 4897 καὶ
2832 4839 3070 4912 νομίζων
3127 4832 3265 4890 εἶναι
3319 4832 3508 4903 νοητὸν
3550 4830 3611 4882 οὐ
3654 4825 3990 4894 καταλήγεις

2399 4917 2490 4995 τόν
2515 4940 2641 4993 Υἱδν
2666 4936 2755 4991 τὸν
2782 4936 2911 4989 ὅντα
2933 4934 2991 4985 ὲν
3016 4933 3129 4995 τοῖς
3162 4928 3464 4999 γεγονόσιν,
3482 4924 3557 4986 ὡς
3577 4921 3721 4991 ζωήν
3737 4936 3749 4947 ·
3770 4917 3993 4987 πρῶτον

2402 5034 2500 5106 μὲν
2530 5034 2693 5093 αὑτός
2729 5046 2781 5082 τι
2827 5027 2923 5101 [αἱ.
2975 5022 3105 5078 αὐτό
3149 5020 3226 5092 τιι
3270 5018 3528 5106 ὑπάρχων
3556 5015 3626 5106 ἐν
3657 5009 3835 5106 inut-(Ei
3863 5025 3991 5106 νοη-

2401 5098 2660 5195 θήσεται·
2704 5098 2846 5173 εἶτα-
2870 5115 3008 5188 πρὸς
3045 5112 3240 5183 τούτῳ,
3285 5107 3377 5162 καὶ
3405 5105 3566 5168 αὐτὸς
3602 5098 3833 5195 εαυτοῦ-
3855 5098 3989 5195 μέτῖ

2403 5184 2526 5286 οχος
2559 5214 2649 5268 καὶ
2703 5210 2837 5280 ζωὴ,
2874 5184 3028 5277 είπερ
3056 5204 3130 5257 ῶν
3160 5203 3217 5255 ὲν
3258 5200 3370 5259 τοῖς
3416 5185 3860 5286 γενομένοις,είς
3895 5184 3993 5286 καὶ

2404 5280 2565 5374 «ista;
2608 5308 2669 5374 ἐξ
2720 5304 2903 5360 αὐτῶν
2932 5301 3200 5371 ὑπάρχειν
3240 5291 3674 5363 ὐποληφθήσεται
3694 5302 3705 5312 ·
3738 5281 3855 5337 ἀλλ’
3887 5280 3995 5374 ὁρᾷ

2404 5422 2507 5458 που
2563 5403 2777 5463 πάντως
2837 5399 2929 5451 καὶ
2978 5394 3139 5456 αὐτὸς
3181 5392 3209 5444 ό
3239 5387 3505 5458 θεομάχος
3530 5426 3542 5445 ,
3570 5381 3700 5447 ὅσην
3731 5376 3843 5444 ἔχει
3891 5371 3994 5439 τὴν

2406 5494 2759 5551 ἀπαιδευσίαν
2803 5491 2863 5544 τὸ
2909 5488 3053 5542 οὕτω
3092 5486 3251 5538 νοεῖν.
3284 5476 3491 5533 Οὐκοῦν
3530 5475 3575 5525 εξ
3625 5464 3899 5539 μεθεκτῶς
3935 5464 3994 5513 ἐν

2407 5592 2518 5653 τοῖς
2546 5588 2789 5659 γενητοῖς
2823 5587 2970 5638 ἐστιν
3001 5582 3029 5633 ὁ
3068 5574 3349 5644 ζωογονῶν
3388 5567 3523 5623 αὐτὰ
3563 5564 3730 5630 Λόγος
3754 5601 3767 5621 ,
3794 5556 3995 5659 obitus-‘1

3250 5668 3349 5719 οὐκ
3383 5664 3488 5736 ἄρα
3555 5653 3809 5725 γενητὸς.
3876 5650 3978 5702 ἀλλ

723 5788 798 5853 «1-;
821 5787 933 5862 ζωὴ
958 5787 1096 5843 κατὰ
1124 5786 1281 5857 φύσιν
1313 5788 1368 5843 ιν
1397 5788 1598 5849 αὐτοῖς.
1629 5786 1725 5840 Διά
1767 5785 1818 5838 δὲ
1860 5784 1964 5838 τῶν
1993 5782 2416 5854 ὑπεζευγμέιων
2457 5778 2676 5836 ἐννοιῶν
2712 5775 2866 5829 τοῦτο
2902 5772 3060 5825 πάλιν
3087 5762 3364 5835 εἰσόμεθα.
