4214 6502
175 421 244 476 89
1286 415 1352 471 ΙΝ
1394 415 1682 473 JOANMS
1707 412 2158 473 EVANGELIUM
2191 413 2320 473 LIB.
2362 415 2401 468 Ι.
3399 418 3471 478 go

523 530 812 592 'Errocal,
834 527 963 597 ἦτοι
993 531 1420 600 συλλογισμοί.
1811 540 1856 594 Α

1811 540 1856 594 Α
2259 531 2611 600 Argumenta,
2643 534 2749 586 sive
2778 534 3100 604 syllogismi.

241 618 311 672 Εἰ
338 623 413 692 μὴ
441 625 505 676 ἐκ
540 623 638 691 τῆς
666 621 855 683 οὐσίας
889 619 984 672 τοῦ
1007 619 1141 674 Θεοῦ
1184 622 1276 674 καὶ
1304 622 1516 692 Πατρός
1562 623 1717 676 ἐστιν
1751 623 1779 675 6

1953 620 2010 678 Si
2045 639 2111 678 ex
2150 624 2466 678 substantia
2522 622 2617 678 Dei
2669 640 2734 678 ac
2783 626 2967 681 Patris
3004 623 3179 684 Filius
3224 639 3333 679 non
3365 637 3476 692 est,

174 714 328 777 Υἱὸς,
357 712 555 778 ἔξωθεν
587 713 644 766 δὲ
683 712 845 765 αὑτὸν
878 713 996 765 κατ’
1021 712 1260 774 ἐκείνους
1295 713 1590 782 ὑπέστησε,
1617 729 1777 780 γενη-

1881 715 1975 770 sed
2029 716 2381 770 extrinsecus
2422 718 2624 786 ipsum,
2669 725 2729 770 ut
2787 718 2868 772 illi
2909 719 3136 783 volunt,
3189 717 3474 788 produxit.

177 808 267 870 τὸς
319 806 425 874 ἄρα
472 805 591 857 ἐστὶ
657 804 751 858 καὶ
797 805 1189 874 πεποιημένος.
1230 803 1353 868 Πῶς
1383 800 1478 857 οὖν
1506 807 1536 857 6
1581 805 1638 856 ἑν
1668 807 1778 866 τοῖς

1881 821 2105 866 creatus
2135 825 2268 876 ergo
2299 817 2386 865 est
2409 826 2471 864 ac
2509 811 2715 866 factus.
2747 811 3038 878 Quomodo
3075 812 3246 882 igitur
3277 812 3372 881 qui
3418 812 3471 864 in

177 899 463 967 γεγονόσιν
493 897 611 951 ἐστὶ
645 898 712 950 τὰ
743 897 923 951 πάντα
952 897 1238 965 ζωογονῶν
1259 916 1272 962 ;
1293 897 1357 951 Τί
1395 897 1451 950 δὲ
1482 897 1542 950 τὸ
1565 897 1779 967 ἐξαίρε-

1881 913 2263 959 creaturarum
2325 917 2554 958 numero
2605 913 2713 969 est,
2767 904 2953 958 omnia
3004 903 3280 958 viviﬁcat?
3329 901 3469 970 Quid

175 1008 270 1043 τον
297 993 356 1044 ὲν
381 993 450 1061 τῇ
487 989 608 1060 θείᾳ⁴
639 989 798 1059 φύσει
823 989 1008 1043 λοιπὸν
1037 991 1344 1062 εὑρήσομεν
1372 1007 1382 1017 ·
1419 990 1452 1060 ἣ
1478 989 1594 1052 πῶς
1623 992 1648 1042 6
1689 1007 1779 1042 σο-

1883 1009 2066 1053 autem
2120 997 2175 1052 in
2227 1007 2424 1053 natura
2478 996 2666 1050 divina
2717 997 3062 1066 reperiemus
3114 995 3328 1058 eximii,
3376 1001 3473 1047 aut

178 1083 430 1154 φὼτατος
477 1082 731 1149 Παῦλος,
762 1083 838 1146 ὡς
879 1081 1212 1150 άξιάγαστόν
1261 1081 1314 1136 τί
1368 1101 1501 1153 φησι
1549 1083 1640 1136 ἐπὶ
1685 1082 1779 1136 τοῦ

1883 1090 2163 1160 quomodo
2206 1087 2652 1158 sapientissimus
2683 1086 2892 1144 Paulus
2943 1086 3269 1142 admirabile
3311 1086 3364 1140 id
3404 1086 3474 1140 de

179 1176 322 1228 κατά
355 1175 518 1244 φύσιν
549 1175 700 1238 δντος
729 1174 888 1238 Θεοῦ,
912 1174 1004 1228 τοῦ
1041 1174 1437 1244 ζωογονοῦντος
1468 1175 1538 1228 τά
1566 1175 1778 1241 πάντα;

1884 1181 1997 1237 Deo
2032 1179 2272 1234 naturali
2311 1179 2467 1239 dicit.
2505 1177 2652 1247 quod
2695 1177 2940 1232 viviﬁcet
2985 1176 3206 1232 omnia?
3235 1176 3293 1231 Si
3325 1177 3471 1231 enim

177 1264 243 1319 Εί
274 1266 386 1338 γάρ
414 1267 641 1335 γενητὸς
677 1267 942 1339 ὑπάρχων
971 1270 1000 1321 6
1027 1267 1155 1329 Υἱὸς
1192 1267 1261 1321 τά
1295 1269 1474 1322 πάντα
1501 1265 1778 1332 ζωοποιεῖ,

1884 1283 2106 1331 creatus
2159 1290 2286 1328 eum
2342 1275 2416 1330 sit
2446 1271 2619 1328 Filius
2655 1271 2845 1326 omnia
2887 1270 3124 1325 viviﬁcat
3154 1271 3200 1334 ⁸,
3235 1269 3473 1338 seipaam

175 1359 380 1430 ἑαυτὴν
404 1361 436 1430 ἡ
463 1360 640 1424 κτίσις
660 1360 918 1424 ζωοποιεῖ
937 1360 1213 1432 χρῄζουσα
1236 1362 1504 1433 μηδαμῶς
1521 1365 1599 1426 είς
1627 1362 1784 1416 τοῦτο

1885 1374 2139 1422 creatura
2173 1365 2431 1428 viviﬁcat,
2463 1363 2574 1419 Deo
2615 1363 2756 1417 nihil
2787 1361 2856 1417 ad
2895 1361 2998 1416 hoc
3045 1361 3308 1434 indigens
3351 1361 3475 1432 opi-

174 1450 273 1504 τοῦ
331 1455 655 1523 ποιήσαντος
699 1453 857 1506 Θεοῦ.
903 1453 1068 1505 Οὐδὲν
1106 1449 1200 1506 οὖν
1253 1453 1460 1525 ἄρα-τὸ
1507 1455 1690 1508 πλεῖον
1724 1457 1783 1508 ὲν

1887 1459 2025 1516 tice:
2059 1459 2197 1514 nihil
2226 1473 2360 1528 ergo
2393 1459 2518 1528 plus
2544 1464 2630 1512 est
2666 1457 2722 1510 in
2765 1457 2880 1510 Deo
2911 1468 3077 1524 quam
3103 1453 3160 1508 in
3190 1460 3475 1518 creatura,

175 1544 302 1614 Θεῴ
333 1546 485 1615 παρὰ
513 1545 612 1615 τὴν
643 1545 840 1601 κτίσιν.
887 1547 1131 1616 Ἐνεργεῖ
1158 1547 1266 1616 γάρ
1297 1547 1396 1617 οὐχ
1428 1543 1611 1619 ἦττον,
1641 1547 1674 1617 ἢ
1706 1546 1780 1610 ὡς

1885 1567 1994 1606 non
2030 1553 2176 1606 enim
2237 1551 2425 1604 minus
2474 1549 2540 1602 ad
2582 1547 2926 1618 aperandum
2963 1559 3128 1617 quam
3176 1544 3321 1600 Deus
3376 1545 3476 1598 ha-

176 1635 246 1689 av
276 1635 501 1705 δύνηται
525 1636 679 1698 Θεός.
720 1635 883 1689 Ἀλλά
907 1636 1067 1690 τοῦτο
1093 1637 1294 1692 ἄτοπον
1316 1655 1328 1668 ·
1359 1639 1462 1691 οὐκ
1492 1638 1603 1709 ἄρα
1627 1655 1783 1709 γενη-

1886 1647 1977 1700 bet
2009 1643 2310 1698 facultatis.
2339 1643 2443 1698 Sed
2479 1643 2583 1696 hoc
2611 1639 2938 1695 absurdum.
2993 1638 3112 1694 Non
3151 1654 3287 1709 ergo
3309 1651 3477 1694 crea-

177 1728 265 1790 τὰ
289 1729 318 1781 6
344 1727 490 1792 Υἱὸς,
516 1726 648 1791 Θεὸς
674 1727 730 1781 δὲ
766 1727 991 1800 μᾶλλον,
1024 1730 1118 1783 καὶ
1147 1729 1234 1782 διὰ
1260 1728 1417 1783 τοῦτο
1445 1729 1586 1785 κατὰ
1620 1729 1781 1800 φύσιν

1885 1745 1976 1792 tus
2022 1746 2110 1793 est
2167 1736 2361 1798 Filius.
2405 1734 2500 1792 sed
2555 1734 2699 1791 Deus
2749 1733 2958 1804 potius,
2991 1740 3046 1787 et
3111 1729 3322 1786 idcirco
3362 1729 3479 1786 vita

175 1821 273 1873 και
308 1819 444 1889 ζωή.
1816 1893 1833 1901 _

1816 1893 1852 1901 η
1885 1845 2107 1901 quoque
2134 1846 2231 1900 per
2260 1837 2541 1882 naturam.

247 1915 456 1968 AAAO.
489 1913 603 1983 Τὴν
641 1912 794 1967 Θείαν
825 1912 1240 1984 ὑπερθαυμάζει
1267 1913 1427 1982 φύσιν
1454 1949 1470 1976 ,
1505 1914 1599 1968 καὶ
1635 1913 1781 1984 μάλα
1816 1893 1858 1948 Β
1903 1893 1911 1901 Ι

1819 1893 1858 1948 Β
1903 1893 1921 1901 -
1956 1893 2186 1975 ALIUD.
2222 1920 2475 1974 Divinam
2535 1933 2702 1988 supra
2754 1917 2978 1972 modum
3021 1923 3276 1970 naturam
3327 1910 3483 1969 Psal-

173 2007 408 2070 εἱκότως
444 2009 472 2060 6
501 2006 828 2078 Ψαλμῳδὸς,
859 2009 954 2060 καὶ
991 2007 1054 2077 δὴ
1091 2009 1184 2060 καὶ
1226 2006 1447 2078 ἀξίωμα
1496 2007 1784 2061 κάλλιστον

1885 2015 2048 2069 mista
2081 2013 2207 2082 jure
2256 2012 2512 2075 miratur,
2548 2011 2712 2080 eique
2742 2008 3083 2078 singularem
3126 2021 3191 2061 ac
3222 2005 3480 2076 pulcher-

172 2099 498 2169 ἀνατίθησιν
517 2100 678 2169 αὐτῇ,
697 2100 892 2168 λέγων·
922 2118 939 2150 ι
967 2100 1086 2152 Ὅτι
1110 2100 1262 2170 παρὰ
1290 2100 1371 2152 σοὶ
1401 2100 1551 2169 πηγὴ
1577 2099 1740 2166 ζωῆς.
1758 2115 1777 2150 ι

1886 2107 2086 2162 rimam
2136 2103 2559 2176 praerogativam
2617 2102 2835 2164 tribuit.
2883 2099 3078 2154 dicens
3133 2116 3152 2148 ι
3205 2096 3476 2163 Quoniam

187 2191 330 2245 Ἀλλ’
367 2192 528 2263 εἴπερ
555 2192 831 2262 ὑπέστησε
861 2191 953 2244 τὸν
992 2192 1121 2246 Υἱὸν
1155 2194 1184 2245 6
1214 2191 1423 2262 Πατὴρ,
1461 2191 1556 2245 καὶ
1587 2192 1688 2244 οὐκ
1716 2193 1781 2244 ὲκ

1883 2199 2028 2270 apud
2083 2206 2136 2252 te
2180 2205 2268 2252 est
2316 2196 2440 2250 fons
2498 2196 2622 2248 vita:
2668 2195 2734 2246 ".
2777 2214 2795 2246 ι
2840 2192 2910 2246 At
2963 2192 3008 2247 si
3067 2189 3268 2244 Filium
3314 2187 3479 2243 Pater

174 2288 276 2357 τῆς
307 2284 502 2348 οὐσίας
545 2284 659 2354 ἔχει
691 2284 794 2354 τῆς
836 2284 1057 2348 ἑαυτοῦ,
1095 2283 1348 2350 ζωοποιεῖ
1380 2283 1434 2337 δὲ
1479 2283 1575 2337 καὶ
1607 2281 1783 2346 οὕτως

1885 2289 2170 2362 produxit,
2199 2303 2303 2344 nec
2345 2288 2525 2358 ipsum
2569 2285 2736 2341 habet
2765 2301 2830 2340 ex
2873 2298 2976 2339 sua
3018 2282 3354 2344 substantia,
3390 2278 3480 2335 bic

175 2378 322 2448 ἔχων
364 2377 434 2432 τά
482 2377 651 2448 νοητά
698 2376 808 2449 [ῖσ.
844 2375 1098 2450 γενητὰ],
1131 2377 1226 2430 καὶ
1267 2376 1380 2447 ζωὴ
1437 2375 1578 2429 κατά
1622 2375 1783 2444 φύσιν

1887 2391 2071 2436 autem
2108 2383 2298 2446 etiam,
2349 2381 2477 2436 talis
2519 2394 2646 2433 cum
2709 2377 2803 2444 sit,
2833 2385 3121 2431 creaturas
3155 2374 3481 2427 viviﬁcatet

174 2472 329 2526 ἐστὶν
366 2469 440 2534 ῶς
478 2468 744 2534 ζωοποιός
767 2485 779 2496 ⁸
812 2469 864 2523 τί
903 2468 1083 2540 μάτην
1113 2469 1142 2522 6
1173 2467 1478 2539 Ψαλμῳδὸς
1523 2466 1785 2520 διατείνει

1888 2478 1998 2532 vita
2031 2483 2112 2530 est
2155 2474 2463 2530 secundum
2503 2481 2762 2527 naturam
2795 2480 2988 2542 utpote
3027 2468 3343 2536 viviﬁcana,
3377 2481 3480 2524 cur

173 2582 289 2622 ται.
330 2565 484 2633 παρὰ
534 2562 682 2634 μόνῳ
711 2561 790 2634 τῷ
816 2561 939 2633 Θεῷ
976 2562 1162 2632 πηγὴν
1191 2561 1335 2632 ζωῆς
1381 2557 1522 2614 εἶναι
1568 2559 1779 2628 leg/(av;

1885 2566 2182 2622 Psalmista
2236 2565 2381 2634 apud
2437 2564 2618 2618 solum
2677 2561 2854 2618 Deum
2910 2576 3037 2617 esse
3090 2560 3300 2614 fontem
3353 2558 3481 2614 vita:

187 2655 538 2725 Ἐπιδέχεται
567 2655 679 2726 γὰρ
725 2655 858 2708 αὐτὸ
893 2655 984 2707 καὶ
1009 2657 1042 2722 ἠ
1080 2653 1189 2706 τῶν
1223 2654 1465 2724 γενητῶν
1506 2652 1702 2723 φύσις,
1734 2653 1784 2704 εί

1888 2659 2096 2714 frustra
2145 2654 2468 2712 contendit?
2511 2652 2567 2706 ιιι
2621 2652 2772 2707 enim
2825 2651 2878 2705 in
2920 2665 3107 2705 rerum
3159 2656 3478 2704 creatararn

178 2748 460 2811 ζωοποιεῖ,
499 2747 674 2801 καίτοι
713 2748 811 2817 τῆς
837 2747 990 2810 Θείας
1016 2750 1114 2816 οὑχ
1150 2747 1412 2819 ὑπάρχων
1436 2749 1464 2800 6
1490 2747 1617 2808 Υίὸς
1641 2745 1784 2798 κατὰ

1887 2759 2142 2805 naturam
2206 2761 2428 2818 quoque
2494 2744 2666 2810 cadit,
2711 2743 2757 2798 si
2819 2740 3021 2808 Filius,
3088 2757 3218 2796 cum
3280 2739 3481 2795 divina:

174 2844 280 2912 τήν
334 2859 494 2894 τινων
547 2841 826 2895 ἀδουλίαν.
879 2840 1043 2893 Ἀλλά
1095 2841 1254 2895 τοῦτο
1314 2841 1553 2895 ἄτοπον·
1589 2841 1784 2894 οὐκοῦν

1887 2851 2104 2896 natura
2135 2856 2246 2893 non
2283 2838 2378 2904 sit,
2399 2845 2458 2891 ut
2490 2836 2657 2891 stulte
2682 2833 2936 2889 nonnulli
2960 2833 3183 2895 docent,
3217 2829 3479 2885 viviﬁcat.

175 2935 295 3004 ζωὴ
328 2932 469 2987 κατά
517 2933 678 3005 φύσιν
715 2935 743 2988 6
783 2933 933 2998 Υῦὸς,
963 2934 1039 2998 ὡς
1076 2934 1210 2997 Θεὸς
1251 2936 1314 2986 ὲκ
1345 2934 1504 2998 Θεοῦ,
1534 2935 1630 2988 καὶ
1667 2933 1782 3004 ζωὴ

1889 2933 1996 2989 Sed
2034 2933 2142 2988 hoc
2171 2931 2497 2986 absurdum.
2532 2928 2708 3000 Igitur
2738 2926 2852 2981 vita
2897 2933 2983 2980 est
3029 2923 3339 2980 secundum
3380 2936 3482 2977 na-

176 3027 242 3078 ἐκ
277 3026 444 3094 ξωῆςο
1888 3036 2066 3081 turam
2107 3024 2299 3089 Filius,
2328 3033 2386 3077 ut
2412 3022 2554 3078 Deus
2586 3037 2652 3076 ex
2689 3019 2821 3081 Deo,
2848 3029 2901 3073 et
2934 3018 3045 3072 vita
3073 3033 3139 3072 ex
3177 3017 3309 3071 vita.

249 3121 458 3172 ΑΛΛΟ.
502 3119 567 3172 El
594 3117 707 3188 ζωὴ
731 3118 870 3170 κατά
900 3118 1064 3186 φύσιν
1092 3117 1355 3187 ὑπάρχων
1388 3119 1416 3170 6
1449 3118 1592 3185 Υἱὸς,
1618 3135 1783 3187 γενη-

1957 3116 2188 3172 ALIUD.
2211 3116 2267 3170 Si
2290 3116 2397 3168 vita
2414 3116 2690 3169 exsistens
2717 3111 3023 3166 secundum
3049 3121 3308 3163 naturam
3324 3121 3482 3161 suam

173 3213 269 3274 τός
301 3214 416 3263 ὲστι
457 3211 551 3263 καὶ
593 3211 997 3279 πεποιημένος,
1052 3210 1148 3263 an
1179 3212 1244 3279 δὴ
1275 3211 1335 3263 τὸ
1361 3213 1425 3264 ἐκ
1461 3211 1562 3280 τῆς
1594 3212 1783 3274 οὐσίας
1810 3237 1837 3296 ί

1821 3237 1856 3296 ε
1889 3210 2086 3275 Filius,
2119 3216 2338 3263 creatus
2369 3215 2425 3261 et
2461 3205 2646 3260 factus
2676 3212 2785 3264 est.
2820 3201 3058 3256 maxime
3082 3216 3207 3254 cum
3232 3215 3297 3253 ex
3319 3197 3485 3253 Deiet

178 3299 322 3357 εἶναι
353 3303 447 3355 τοῦ
480 3303 616 3356 Θεοῦ
653 3303 745 3355 καὶ
788 3302 1001 3372 Πατρὸς
1031 3304 1132 3356 οὐκ
1173 3303 1312 3373 ἔχων
1343 3305 1483 3356 κατά
1518 3305 1615 3374 τὴν
1650 3304 1784 3356 ἐκεί·
1822 3291 1842 3296 ’

1822 3291 1853 3296 v
1891 3303 2072 3356 Patris
2128 3302 2439 3356 substantia
2504 3314 2611 3352 nou
2680 3297 2796 3360 sit,
2861 3303 2919 3348 ut
2972 3293 3050 3346 illi
3096 3291 3481 3360 suspicantur,

177 3416 287 3448 νων
337 3396 615 3460 ὑπόνοιαν,
653 3395 959 3460 ὲπιδέξεται
1003 3397 1115 3448 τῶν
1162 3397 1470 3467 γενητῶνή
1524 3397 1686 3465 φύσις
1725 3397 1784 3449 τὸ

1890 3411 2075 3450 rerum
2140 3401 2452 3447 creaturam
2527 3398 2722 3443 natura
2792 3388 2897 3441 erit
2957 3402 3021 3438 ac
3083 3384 3301 3438 dicetur
3354 3383 3481 3442 vita,

177 3485 321 3543 εἷναί
367 3507 426 3542 τε
477 3491 570 3542 καὶ
609 3489 888 3543 καλεῖσθαι
937 3490 1048 3560 ζωή
1079 3505 1094 3522 ο
1135 3489 1286 3542 ἔσται
1332 3490 1388 3542 δὲ
1440 3489 1617 3541 πάντα
1670 3489 1782 3556 ζωὴ

1889 3497 2167 3555 eruntque
2200 3486 2383 3538 omnia
2415 3485 2549 3546 vita,
2584 3490 2862 3552 potestate
2893 3479 3178 3540 nimirum,
3213 3477 3318 3531 etsi
3344 3489 3485 3529 tion-

178 3582 326 3633 κατά
350 3598 412 3648 γε
439 3581 532 3633 τὸν
561 3581 618 3634 ἐν
651 3581 878 3649 δυνάμει
912 3579 1090 3646 λόγον,
1127 3580 1222 3633 καὶ
1258 3582 1304 3631 εί
1339 3581 1412 3650 μή
1456 3598 1539 3631 πω
1564 3579 1662 3648 τὴν
1689 3579 1783 3629 τοῦ

1889 3581 2018 3633 dum
2073 3586 2198 3632 actu
2253 3577 2303 3631 id
2353 3577 2613 3630 habeant.
2645 3573 2804 3640 Quod
2835 3573 2984 3628 enim
3014 3579 3211 3625 natura
3236 3584 3336 3625 sua
3361 3583 3486 3625 esse

180 3675 509 3744 πράγματος
560 3675 842 3744 ἐνέργειαν
893 3673 1004 3742 ἔχει
1039 3689 1050 3701 ο
1083 3673 1143 3724 τὸ
1197 3672 1307 3744 γάρ
1355 3673 1490 3736 ὅλως
1545 3669 1684 3724 εἷναί
1734 3690 1786 3724 τι

1893 3681 2093 3743 potest.
2126 3673 2234 3726 erit
2287 3672 2477 3739 utique
2533 3669 2692 3731 illud,
2740 3669 2868 3721 licet
2917 3665 3162 3720 nondum
3209 3665 3483 3719 exsistat:

177 3767 449 3835 πεφυκὸς,
487 3767 571 3836 εἴη
617 3766 787 3835 δήπου
819 3766 1039 3828 πάντως
1085 3765 1183 3826 ἂν,
1211 3765 1306 3817 καὶ
1344 3765 1390 3816 εί
1433 3767 1599 3834 μήπω
1626 3765 1786 3832 γέγο-

1892 3767 2053 3820 habet
2099 3767 2249 3819 enim
2302 3763 2356 3816 in
2406 3779 2505 3818 sua
2555 3772 2754 3816 natura
2801 3757 3104 3814 easistendi
3159 3755 3482 3827 potentiam.

177 3879 271 3914 νεν
307 3878 319 3888 ·
346 3860 460 3929 ἔχει
505 3859 614 3929 γάρ
647 3860 705 3909 ἐν
745 3860 811 3928 τῇ
847 3858 1006 3926 φύσει
1037 3858 1095 3910 τὸ
1130 3856 1413 3911 δύνασθαι.
1440 3858 1569 3911 Ὅτε
1607 3859 1788 3910 τοίνυν

1890 3861 2026 3914 Cum
2067 3875 2201 3929 ergo
2243 3865 2518 3913 creatura:
2547 3869 2845 3909 commune
2878 3855 2949 3906 sit
2979 3866 3106 3907 esse
3137 3850 3331 3914 vitam,
3361 3847 3485 3904 nul-

179 3951 363 4004 κοινὸν
395 3950 492 4019 μὲν
530 3953 595 4019 τῇ
633 3949 807 4001 κτίσει
836 3949 898 4000 τὸ
933 3945 1074 4001 εἶναι
1110 3948 1244 4020 ζωὴ.
1283 3949 1413 4002 ἴδιον
1443 3949 1500 4001 δὲ
1557 3949 1652 4000 καὶ
1689 3948 1786 4019 μό-

1892 3953 2000 4007 lius
2032 3959 2214 4006 autem
2275 3951 2564 4021 proprium
2621 3964 2684 4004 ac
2725 3947 3036 4016 singulare,
3083 3960 3183 3999 cur
3230 3943 3376 4014 apud
3426 3957 3486 3996 se

180 4059 288 4101 νως
313 4040 546 4099 οὐδενός·
581 4039 634 4091 τί
677 4038 853 4108 μάτην
879 4039 963 4105 ἐφ’
992 4039 1170 4106 ἑαυτῷ
1218 4038 1494 4108 κομπάζει
1544 4038 1724 4107 λέγων
1761 4039 1789 4090 6

1893 4043 2100 4099 frustra
2165 4045 2442 4114 gloriatur
2503 4041 2700 4107 Filius,
2765 4043 2960 4095 dicens
3029 4057 3041 4093 :
3113 4055 3134 4088 ι
3183 4036 3294 4106 Ego
3361 4051 3483 4090 sum

180 4133 332 4196 Υἱὸς.
372 4151 390 4181 ι
438 4132 580 4198 Ἐγώ
611 4132 726 4200 εἰμι
759 4135 792 4199 ὴ
820 4129 932 4200 ζωή
962 4147 975 4193 ;
1014 4149 1030 4180 ι
1071 4131 1216 4199 χρῆν
1241 4130 1350 4200 γάρ
1384 4130 1555 4198 δήπου
1587 4131 1788 4200 μᾶλλον

1893 4139 2003 4191 vita
2039 4137 2119 4188 “?
2159 4156 2177 4187 ι
2240 4134 2432 4189 Dicere
2490 4135 2635 4188 enim
2690 4133 2885 4204 utique
2945 4130 3133 4200 potius
3191 4127 3416 4184 deberet
3468 4145 3481 4180 :

181 4228 391 4278 εἰπεῖν·
469 4225 611 4292 Ἐγώ
657 4226 772 4293 είμι
818 4223 936 4294 μεθ’
1003 4223 1161 4294 ἡμῶν
1197 4223 1307 4294 llo’.
1360 4222 1602 4293 ὐμῶν]ή
1653 4221 1788 4291 ζωή.

1893 4230 2007 4298 Ego
2088 4242 2209 4281 sum
2289 4227 2583 4280 vobiscum
2675 4225 2809 4279 vita.
2893 4221 3007 4278 Hoc
3074 4222 3222 4277 enim
3296 4219 3485 4276 verius

181 4318 357 4374 Τοῦτο
388 4317 444 4370 δὲ
475 4313 542 4387 ἦν
573 4335 687 4379 πως
710 4317 802 4369 καὶ
827 4314 1209 4386 ἀληθέστερον,
1235 4315 1392 4383 εἴπερ
1430 4314 1598 4377 ὅντως
1628 4326 1790 4382 γενη-

1892 4328 2068 4384 esset,
2103 4318 2381 4387 siquidem
2430 4332 2618 4372 revera
2665 4322 2889 4371 creatus
2929 4323 3034 4380 est,
3069 4327 3135 4367 ac
3170 4313 3302 4366 vita.
3347 4309 3484 4365 Cum

180 4409 273 4470 τὸς
319 4407 584 4476 ὑπάρχων
623 4407 740 4458 ἐστὶ
804 4405 897 4457 καὶ
958 4403 1095 4474 ζωή.
1145 4405 1366 4474 Ἐπειδὴ
1421 4403 1478 4456 δὲ
1533 4401 1608 4465 ὡς
1659 4403 1790 4454 ίδιον

1896 4420 2077 4464 autem
2114 4425 2238 4465 esse
2285 4409 2478 4474 vitam,
2528 4408 2699 4462 veluti
2753 4405 3038 4476 proprium
3092 4418 3158 4458 ac
3204 4402 3488 4474 peculiare

178 4498 388 4567 ἀγαθὸν
423 4497 602 4568 ἐαυτῷ
643 4497 956 4569 περιτίθησι
1004 4497 1152 4566 μόνῳ
1195 4497 1256 4549 τὸ
1286 4493 1425 4548 εἶναι
1463 4493 1599 4565 ζωὴ,
1632 4493 1791 4564 δῆλος

1895 4504 2104 4557 bonum
2133 4502 2237 4556 sibi
2265 4501 2358 4554 uni
2394 4511 2634 4570 arroget,
2663 4505 2815 4568 patet
2846 4497 3039 4562 utique
3064 4495 3248 4566 ipsum
3282 4508 3343 4549 se
3371 4507 3484 4548 non

178 4591 245 4643 ἄν
276 4592 364 4662 εἴη
413 4591 599 4644 λοιπὸν
642 4591 701 4642 οὐ
736 4591 849 4652 τοῖς
878 4591 1128 4658 γενητοῖς
1171 4587 1384 4650 ἑαυτὸν,
1410 4585 1546 4639 ἀλλά
1665 4586 1786 4654 θεία
1821 4580 1842 4633 ῐ

1821 4580 1862 4633 ί)
1895 4598 1946 4650 in
2003 4596 2168 4648 rebus
2227 4593 2452 4656 creatis,
2505 4593 2599 4647 sed
2660 4591 2768 4661 52
2815 4590 2871 4644 in
2927 4590 3115 4643 divina
3173 4587 3485 4644 substantia

179 4678 276 4730 τοῦ
319 4680 533 4749 [ἰατρὸς
585 4677 896 4731 συντάττων
932 4673 1192 4750 οὐσίᾳ,ᾖ
1242 4678 1338 4730 καὶ
1375 4683 1436 4730 τὸ
1483 4673 1625 4730 εἶναι
1670 4677 1784 4747 ζωὴ

1752 4677 1784 4747 ἦ
1893 4690 2193 4753 collocare,
2222 4686 2310 4740 cui
2341 4687 2505 4740 etiam
2540 4697 2599 4739 ut
2629 4685 2702 4740 sit
2731 4685 2841 4737 vita
2879 4682 3213 4737 naturaliter
3242 4681 3411 4736 inest.

183 4772 451 4842 πρόσεστι
487 4770 752 4839 φυσικῶς.

253 4888 462 4939 ΛΑΜ).
522 4886 595 4937 Τὸ
633 4886 731 4955 τῆς
774 4883 919 4956 ζωῆς
978 4886 1206 4955 μετέχον
1247 4884 1346 4937 οὐκ
1407 4884 1539 4936 αὐτὸ
1579 4882 1780 4953 κυρίως

1964 4883 2194 4939 ALIUD.
2229 4882 2386 4948 Quod
2431 4883 2600 4936 vitam
2650 4882 2973 4952 participat,
3024 4884 3207 4951 ipsum
3257 4895 3366 4934 non
3401 4889 3488 4934 est

181 4981 328 5033 ἐστὶν
355 4981 389 5048 ἡ
415 4977 548 5049 ζωή’
583 4979 771 5049 ἕτερον
810 4981 915 5051 γάρ
949 4997 1001 5032 τι
1023 4980 1267 5050 ὑπάρχον
1303 4980 1361 5030 ὲν
1387 4975 1563 5046 ἑαυτῷ
1596 4977 1781 5044 φαίνε-

1890 4978 2110 5048 proprie
2144 4977 2271 5036 vita,
2301 4977 2449 5029 aliud
2476 4977 2622 5030 enim
2651 4975 2912 5044 quiddam
2942 4975 2995 5029 in
3050 4974 3234 5042 seipso
3267 4973 3486 5026 videtur

181 5090 290 5125 ται.
319 5072 384 5124 Ei
424 5072 606 5122 τοίνυν
643 5071 906 5140 μεθεκτὸς
939 5073 968 5124 6
1009 5071 1138 5132 Υἱὸς
1188 5071 1301 5131 τοῖς
1342 5069 1621 5137 γεννητοῖς
1667 5066 1781 5138 [γρ.

1889 5085 2036 5125 esse.
2092 5068 2148 5121 Si
2201 5083 2332 5136 ergo
2384 5066 2868 5122 communicabilis
2917 5072 3004 5120 est
3060 5066 3227 5119 rebus
3277 5062 3483 5118 creatis

183 5161 460 5234 γενητοῖς]
485 5163 562 5226 ὡς
598 5162 732 5234 ζωὴ,
754 5162 942 5235 ἕτερος
974 5163 1040 5216 ἂν
1074 5161 1158 5232 εἴη
1195 5161 1347 5233 παρὰ
1381 5161 1449 5214 τά
1485 5160 1785 5230 μετέχοντα

1889 5162 2088 5225 Filius,
2137 5170 2195 5214 ut
2247 5163 2377 5226 vita,
2414 5160 2563 5212 aliud
2599 5159 2705 5213 erit
2753 5159 2821 5212 ab
2872 5158 2941 5212 iis
2975 5173 3096 5227 qua:
3133 5157 3312 5224 ipsum
3352 5169 3482 5224 par-

181 5253 350 5309 αὑτοῦ
373 5295 388 5320 ,
420 5254 513 5307 καὶ
543 5253 690 5324 ζωῆς
730 5255 984 5325 δεόμενα.
1027 5253 1238 5308 Οὐκοῦν
1270 5254 1330 5306 οὐ
1375 5252 1629 5324 γενητὸς,
1660 5250 1786 5304 οὔτε

1879 5258 2138 5327 ticipant,
2159 5271 2222 5308 ac
2257 5255 2366 5307 vita
2402 5253 2671 5323 indigent.
2697 5251 2867 5319 Igitur
2898 5267 3006 5306 non
3039 5259 3279 5309 creatus.
3306 5263 3483 5318 neque

184 5347 292 5415 μὴν
328 5344 714 5408 ζωοποιεῐσθαι
757 5345 935 5414 ζητῶν
966 5347 1094 5417 παρ’
1129 5345 1334 5416 ἑτέρου·
1374 5344 1507 5407 Θεὸς
1545 5339 1638 5396 οὖν
1676 5344 1784 5414 ἄρα

1889 5350 2027 5404 adeo
2059 5347 2319 5401 viviﬁcari
2368 5360 2622 5416 qua-rens
2671 5342 2744 5396 ab
2795 5344 2926 5397 alio.
2977 5341 3120 5395 Deus
3170 5341 3357 5409 itaque
3399 5348 3483 5393 est

184 5437 372 5491 λοιπὸν
403 5438 430 5489 6
465 5436 746 5500 ζωοποιός.
787 5439 847 5491 El
893 5439 949 5491 δὲ
978 5440 1156 5503 τοῦτο,
1185 5439 1281 5490 καὶ
1311 5436 1414 5505 τῆς
1446 5435 1540 5488 τοῦ
1567 5434 1784 5505 Πατρὸς

1888 5440 2195 5495 vivificaris.
2261 5438 2421 5505 Quod
2469 5437 2512 5492 si
2562 5437 2636 5490 ita
2682 5443 2786 5497 est,
2819 5451 2885 5490 es
2915 5432 3222 5489 substantia
3261 5445 3482 5502 quoque

182 5529 378 5592 οὐσίας
426 5527 931 5599 δμολογηθήσεται,
986 5530 1144 5600 εἴπερ
1213 5529 1307 5582 ἕνα
1367 5526 1784 5598 προσκυνοῦμεν

1889 5532 2070 5590 Patris
2105 5550 2233 5589 esse
2263 5531 2618 5591 concedetur,
2657 5528 2928 5598 siquidem
2971 5540 3138 5580 unum
3185 5522 3477 5578 adoramus

183 5618 351 5684 Θεὸν,
382 5616 477 5671 καὶ
525 5620 622 5687 οὐχ
666 5620 836 5688 ἑτέρῳ
877 5621 980 5672 τινὶ
1027 5621 1176 5691 παρὰ
1218 5620 1306 5671 τὸν
1343 5619 1473 5670 ὄντα
1521 5617 1778 5688 λατρεύοο

1459 5636 1473 5670 ι
1521 5617 1778 5688 λατρεύοο
1890 5622 2060 5678 Deum
2111 5638 2210 5678 nec
2236 5623 2400 5678 alium
2431 5620 2500 5676 ab
2526 5633 2592 5676 eo
2626 5618 2827 5690 quiest
2868 5615 3123 5671 colimus.

189 5728 312 5782 μεν.

261 5892 280 5924 ⁹
327 5889 347 5945 ι
387 5889 525 5944 “Iun.
566 5907 651 5956 ιι,
697 5892 778 5946 15.
861 5893 899 5922 ¹⁶
946 5887 1090 5947 Psal.
1137 5906 1314 5956 xxxv,
1358 5887 1442 5946 10.
1523 5891 1559 5922 “
1607 5887 1762 5944 Joan.
1802 5902 1927 5955 xlv,
1965 5887 2019 5942 6.
