  <div class='ocr_page' id='page_1' title='image "/cluster/home/n/w/nwhite01/storage/ocr_20150623/73/nnc1.0046980245/055.png"; bbox 0 0 4214 6502; ppageno 0'>
   <div class='ocr_carea' id='block_1_1' title="bbox 760 375 4019 444">
    <p class='ocr_par' dir='ltr' id='par_1_1' title="bbox 760 375 4019 444">
     <span class='ocr_line' id='line_1_1' title="bbox 760 375 4019 444; baseline 0.002 -10"><span class='ocrx_word' id='word_1_1' title='bbox 760 375 819 435; x_wconf 70' lang='lat' dir='ltr'><strong>9i</strong></span> <span class='ocrx_word' id='word_1_2' title='bbox 1762 386 1820 442; x_wconf 91' lang='lat' dir='ltr'><strong>S.</strong></span> <span class='ocrx_word' id='word_1_3' title='bbox 1863 386 2141 442; x_wconf 65' lang='lat' dir='ltr'><strong>CYRIILI</strong></span> <span class='ocrx_word' id='word_1_4' title='bbox 2186 389 2653 444; x_wconf 58' lang='lat' dir='ltr'><strong>ALEVANDRINI</strong></span> <span class='ocrx_word' id='word_1_5' title='bbox 2705 389 3029 444; x_wconf 66' lang='lat' dir='ltr'><strong>ARCIIIEP.</strong></span> <span class='ocrx_word' id='word_1_6' title='bbox 3953 386 4019 443; x_wconf 66' lang='grc' dir='ltr'>οξ</span> 
     </span>
    </p>
   </div>
   <div class='ocr_carea' id='block_1_2' title="bbox 828 495 2411 575">
    <p class='ocr_par' dir='ltr' id='par_1_2' title="bbox 828 495 2411 575">
     <span class='ocr_line' id='line_1_2' title="bbox 828 495 2411 575; baseline 0.008 -25"><span class='ocrx_word' id='word_1_7' title='bbox 828 495 1060 553; x_wconf 78' lang='lat' dir='ltr'><strong>ALIUD.</strong></span> <span class='ocrx_word' id='word_1_8' title='bbox 1128 495 1328 553; x_wconf 80' lang='lat' dir='ltr'><strong>Rerum</strong></span> <span class='ocrx_word' id='word_1_9' title='bbox 1400 508 1651 554; x_wconf 84' lang='lat' dir='ltr'><strong>naturam</strong></span> <span class='ocrx_word' id='word_1_10' title='bbox 1722 503 2016 575; x_wconf 86' lang='lat' dir='ltr'><strong>diligenter</strong></span> <span class='ocrx_word' id='word_1_11' title='bbox 2082 508 2411 569; x_wconf 76' lang='lat' dir='ltr'><strong>conside-A</strong></span> 
     </span>
    </p>
   </div>
   <div class='ocr_carea' id='block_1_3' title="bbox 752 586 2337 668">
    <p class='ocr_par' dir='ltr' id='par_1_3' title="bbox 752 586 2337 668">
     <span class='ocr_line' id='line_1_3' title="bbox 752 586 2337 668; baseline 0.009 -29"><span class='ocrx_word' id='word_1_12' title='bbox 752 595 960 646; x_wconf 83' lang='lat' dir='ltr'><strong>rantes,</strong></span> <span class='ocrx_word' id='word_1_13' title='bbox 1008 586 1175 642; x_wconf 87' lang='lat' dir='ltr'><strong>Deum</strong></span> <span class='ocrx_word' id='word_1_14' title='bbox 1214 598 1267 642; x_wconf 90' lang='lat' dir='ltr'><strong>et</strong></span> <span class='ocrx_word' id='word_1_15' title='bbox 1312 598 1648 656; x_wconf 82' lang='lat' dir='ltr'><strong>creaturam,</strong></span> <span class='ocrx_word' id='word_1_16' title='bbox 1692 594 1941 666; x_wconf 82' lang='lat' dir='ltr'><strong>nihilque</strong></span> <span class='ocrx_word' id='word_1_17' title='bbox 1990 607 2189 668; x_wconf 62' lang='lat' dir='ltr'><strong>praeter</strong></span> <span class='ocrx_word' id='word_1_18' title='bbox 2223 605 2337 654; x_wconf 63' lang='lat' dir='ltr'><strong>haec</strong></span> 
     </span>
    </p>
   </div>
   <div class='ocr_carea' id='block_1_4' title="bbox 751 678 2336 745">
    <p class='ocr_par' dir='ltr' id='par_1_4' title="bbox 751 678 2336 745">
     <span class='ocr_line' id='line_1_4' title="bbox 751 678 2336 745; baseline 0.011 -17"><span class='ocrx_word' id='word_1_19' title='bbox 751 678 904 731; x_wconf 84' lang='lat' dir='ltr'><strong>aliud</strong></span> <span class='ocrx_word' id='word_1_20' title='bbox 938 679 1203 734; x_wconf 77' lang='lat' dir='ltr'><strong>videmus.</strong></span> <span class='ocrx_word' id='word_1_21' title='bbox 1240 678 1402 745; x_wconf 87' lang='lat' dir='ltr'><strong>Quod</strong></span> <span class='ocrx_word' id='word_1_22' title='bbox 1460 685 1606 738; x_wconf 88' lang='lat' dir='ltr'><strong>enim</strong></span> <span class='ocrx_word' id='word_1_23' title='bbox 1663 684 1804 741; x_wconf 80' lang='lat' dir='ltr'><strong>Dens</strong></span> <span class='ocrx_word' id='word_1_24' title='bbox 1855 704 1964 742; x_wconf 87' lang='lat' dir='ltr'><strong>non</strong></span> <span class='ocrx_word' id='word_1_25' title='bbox 2005 702 2089 745; x_wconf 84' lang='lat' dir='ltr'><strong>est</strong></span> <span class='ocrx_word' id='word_1_26' title='bbox 2136 708 2336 745; x_wconf 80' lang='lat' dir='ltr'><strong>secun-</strong></span> 
     </span>
    </p>
   </div>
   <div class='ocr_carea' id='block_1_5' title="bbox 752 768 2336 844">
    <p class='ocr_par' dir='ltr' id='par_1_5' title="bbox 752 768 2336 844">
     <span class='ocr_line' id='line_1_5' title="bbox 752 768 2336 844; baseline 0.013 -25"><span class='ocrx_word' id='word_1_27' title='bbox 752 768 886 823; x_wconf 89' lang='lat' dir='ltr'><strong>dum</strong></span> <span class='ocrx_word' id='word_1_28' title='bbox 920 780 1192 834; x_wconf 87' lang='lat' dir='ltr'><strong>naturam,</strong></span> <span class='ocrx_word' id='word_1_29' title='bbox 1223 775 1413 844; x_wconf 87' lang='lat' dir='ltr'><strong>utique</strong></span> <span class='ocrx_word' id='word_1_30' title='bbox 1447 786 1686 831; x_wconf 80' lang='lat' dir='ltr'><strong>creatum</strong></span> <span class='ocrx_word' id='word_1_31' title='bbox 1724 779 1867 834; x_wconf 81' lang='lat' dir='ltr'><strong>istud</strong></span> <span class='ocrx_word' id='word_1_32' title='bbox 1906 790 2010 844; x_wconf 81' lang='lat' dir='ltr'><strong>est,</strong></span> <span class='ocrx_word' id='word_1_33' title='bbox 2051 792 2105 836; x_wconf 87' lang='lat' dir='ltr'><strong>ct</strong></span> <span class='ocrx_word' id='word_1_34' title='bbox 2140 799 2336 839; x_wconf 86' lang='lat' dir='ltr'><strong>rursus</strong></span> 
     </span>
    </p>
   </div>
   <div class='ocr_carea' id='block_1_6' title="bbox 752 859 2333 936">
    <p class='ocr_par' dir='ltr' id='par_1_6' title="bbox 752 859 2333 936">
     <span class='ocr_line' id='line_1_6' title="bbox 752 859 2333 936; baseline 0.014 -27"><span class='ocrx_word' id='word_1_35' title='bbox 752 859 1017 926; x_wconf 73' lang='lat' dir='ltr'><strong>quidquid</strong></span> <span class='ocrx_word' id='word_1_36' title='bbox 1054 873 1305 917; x_wconf 80' lang='lat' dir='ltr'><strong>creatura</strong></span> <span class='ocrx_word' id='word_1_37' title='bbox 1342 878 1570 936; x_wconf 81' lang='lat' dir='ltr'><strong>negatur</strong></span> <span class='ocrx_word' id='word_1_38' title='bbox 1597 884 1740 934; x_wconf 88' lang='lat' dir='ltr'><strong>esse,</strong></span> <span class='ocrx_word' id='word_1_39' title='bbox 1775 870 1830 925; x_wconf 84' lang='lat' dir='ltr'><strong>id</strong></span> <span class='ocrx_word' id='word_1_40' title='bbox 1866 881 2015 928; x_wconf 88' lang='lat' dir='ltr'><strong>certe</strong></span> <span class='ocrx_word' id='word_1_41' title='bbox 2054 873 2195 929; x_wconf 78' lang='lat' dir='ltr'><strong>Deus</strong></span> <span class='ocrx_word' id='word_1_42' title='bbox 2228 886 2333 932; x_wconf 85' lang='lat' dir='ltr'><strong>est.</strong></span> 
     </span>
    </p>
   </div>
   <div class='ocr_carea' id='block_1_7' title="bbox 756 947 2331 1035">
    <p class='ocr_par' dir='ltr' id='par_1_7' title="bbox 756 947 2331 1035">
     <span class='ocr_line' id='line_1_7' title="bbox 756 947 2331 1035; baseline 0.013 -36"><span class='ocrx_word' id='word_1_43' title='bbox 756 947 849 1002; x_wconf 80' lang='lat' dir='ltr'><strong>Itis</strong></span> <span class='ocrx_word' id='word_1_44' title='bbox 877 950 1042 1019; x_wconf 87' lang='lat' dir='ltr'><strong>igitur</strong></span> <span class='ocrx_word' id='word_1_45' title='bbox 1074 953 1149 1006; x_wconf 87' lang='lat' dir='ltr'><strong>ita</strong></span> <span class='ocrx_word' id='word_1_46' title='bbox 1183 955 1285 1009; x_wconf 86' lang='lat' dir='ltr'><strong>rite</strong></span> <span class='ocrx_word' id='word_1_47' title='bbox 1326 964 1653 1026; x_wconf 75' lang='lat' dir='ltr'><strong>perspectis,</strong></span> <span class='ocrx_word' id='word_1_48' title='bbox 1685 964 2073 1030; x_wconf 80' lang='lat' dir='ltr'><strong>respondeant,</strong></span> <span class='ocrx_word' id='word_1_49' title='bbox 2120 982 2331 1035; x_wconf 51' lang='lat' dir='ltr'><strong>quaso,</strong></span> 
     </span>
    </p>
   </div>
   <div class='ocr_carea' id='block_1_8' title="bbox 752 1039 2331 1124">
    <p class='ocr_par' dir='ltr' id='par_1_8' title="bbox 752 1039 2331 1124">
     <span class='ocr_line' id='line_1_8' title="bbox 752 1039 2331 1124; baseline 0.013 -35"><span class='ocrx_word' id='word_1_50' title='bbox 752 1039 843 1105; x_wconf 85' lang='lat' dir='ltr'><strong>qui</strong></span> <span class='ocrx_word' id='word_1_51' title='bbox 894 1055 924 1093; x_wconf 89' lang='lat' dir='ltr'><strong>a</strong></span> <span class='ocrx_word' id='word_1_52' title='bbox 982 1044 1287 1098; x_wconf 88' lang='lat' dir='ltr'><strong>substantia</strong></span> <span class='ocrx_word' id='word_1_53' title='bbox 1333 1047 1423 1101; x_wconf 87' lang='lat' dir='ltr'><strong>Det</strong></span> <span class='ocrx_word' id='word_1_54' title='bbox 1480 1064 1544 1103; x_wconf 87' lang='lat' dir='ltr'><strong>ae</strong></span> <span class='ocrx_word' id='word_1_55' title='bbox 1594 1049 1770 1107; x_wconf 81' lang='lat' dir='ltr'><strong>Patris</strong></span> <span class='ocrx_word' id='word_1_56' title='bbox 1806 1052 2008 1108; x_wconf 79' lang='lat' dir='ltr'><strong>Filium</strong></span> <span class='ocrx_word' id='word_1_57' title='bbox 2057 1067 2331 1124; x_wconf 83' lang='lat' dir='ltr'><strong>amment,</strong></span> 
     </span>
    </p>
   </div>
   <div class='ocr_carea' id='block_1_9' title="bbox 751 1134 2335 1209">
    <p class='ocr_par' dir='ltr' id='par_1_9' title="bbox 751 1134 2335 1209">
     <span class='ocr_line' id='line_1_9' title="bbox 751 1134 2335 1209; baseline 0.016 -27"><span class='ocrx_word' id='word_1_58' title='bbox 751 1134 1027 1199; x_wconf 87' lang='lat' dir='ltr'><strong>quomodo</strong></span> <span class='ocrx_word' id='word_1_59' title='bbox 1062 1136 1333 1195; x_wconf 80' lang='lat' dir='ltr'><strong>vivificare</strong></span> <span class='ocrx_word' id='word_1_60' title='bbox 1388 1145 1559 1209; x_wconf 86' lang='lat' dir='ltr'><strong>possit</strong></span> <span class='ocrx_word' id='word_1_61' title='bbox 1610 1153 1666 1198; x_wconf 93' lang='lat' dir='ltr'><strong>ut</strong></span> <span class='ocrx_word' id='word_1_62' title='bbox 1711 1146 1841 1209; x_wconf 81' lang='lat' dir='ltr'><strong>vita,</strong></span> <span class='ocrx_word' id='word_1_63' title='bbox 1872 1165 2000 1201; x_wconf 88' lang='lat' dir='ltr'><strong>cum</strong></span> <span class='ocrx_word' id='word_1_64' title='bbox 2035 1150 2089 1202; x_wconf 80' lang='lat' dir='ltr'><strong>id’</strong></span> <span class='ocrx_word' id='word_1_65' title='bbox 2124 1160 2335 1207; x_wconf 67' lang='lat' dir='ltr'><strong>natura:</strong></span> 
     </span>
    </p>
   </div>
   <div class='ocr_carea' id='block_1_10' title="bbox 752 1221 2331 1300">
    <p class='ocr_par' dir='ltr' id='par_1_10' title="bbox 752 1221 2331 1300">
     <span class='ocr_line' id='line_1_10' title="bbox 752 1221 2331 1300; baseline 0.017 -28"><span class='ocrx_word' id='word_1_66' title='bbox 752 1221 956 1277; x_wconf 58' lang='lat' dir='ltr'><strong>divina}</strong></span> <span class='ocrx_word' id='word_1_67' title='bbox 992 1229 1277 1296; x_wconf 88' lang='lat' dir='ltr'><strong>proprium</strong></span> <span class='ocrx_word' id='word_1_68' title='bbox 1326 1232 1419 1297; x_wconf 87' lang='lat' dir='ltr'><strong>sit,</strong></span> <span class='ocrx_word' id='word_1_69' title='bbox 1454 1251 1552 1288; x_wconf 84' lang='lat' dir='ltr'><strong>nec</strong></span> <span class='ocrx_word' id='word_1_70' title='bbox 1581 1238 1672 1288; x_wconf 86' lang='lat' dir='ltr'><strong>ulli</strong></span> <span class='ocrx_word' id='word_1_71' title='bbox 1712 1240 1786 1291; x_wconf 85' lang='lat' dir='ltr'><strong>rei</strong></span> <span class='ocrx_word' id='word_1_72' title='bbox 1836 1241 1993 1295; x_wconf 85' lang='lat' dir='ltr'><strong>alteri</strong></span> <span class='ocrx_word' id='word_1_73' title='bbox 2036 1244 2331 1300; x_wconf 87' lang='lat' dir='ltr'><strong>tribuatur.</strong></span> 
     </span>
    </p>
   </div>
   <div class='ocr_carea' id='block_1_11' title="bbox 752 1314 2331 1405">
    <p class='ocr_par' dir='ltr' id='par_1_11' title="bbox 752 1314 2331 1405">
     <span class='ocr_line' id='line_1_11' title="bbox 752 1314 2331 1405; baseline 0.016 -38"><span class='ocrx_word' id='word_1_74' title='bbox 752 1314 907 1379; x_wconf 81' lang='lat' dir='ltr'><strong>Quod</strong></span> <span class='ocrx_word' id='word_1_75' title='bbox 929 1319 997 1379; x_wconf 89' lang='lat' dir='ltr'><strong>si,</strong></span> <span class='ocrx_word' id='word_1_76' title='bbox 1024 1331 1245 1377; x_wconf 85' lang='lat' dir='ltr'><strong>creatus</strong></span> <span class='ocrx_word' id='word_1_77' title='bbox 1267 1340 1391 1377; x_wconf 85' lang='lat' dir='ltr'><strong>eum</strong></span> <span class='ocrx_word' id='word_1_78' title='bbox 1412 1327 1503 1390; x_wconf 84' lang='lat' dir='ltr'><strong>sit,</strong></span> <span class='ocrx_word' id='word_1_79' title='bbox 1534 1329 1640 1381; x_wconf 82' lang='lat' dir='ltr'><strong>vita</strong></span> <span class='ocrx_word' id='word_1_80' title='bbox 1661 1347 1878 1400; x_wconf 83' lang='lat' dir='ltr'><strong>quoque</strong></span> <span class='ocrx_word' id='word_1_81' title='bbox 1895 1349 2017 1388; x_wconf 86' lang='lat' dir='ltr'><strong>esse</strong></span> <span class='ocrx_word' id='word_1_82' title='bbox 2041 1347 2240 1405; x_wconf 78' lang='lat' dir='ltr'><strong>potest.</strong></span> <span class='ocrx_word' id='word_1_83' title='bbox 2265 1340 2331 1393; x_wconf 85' lang='lat' dir='ltr'><strong>ad</strong></span> 
     </span>
    </p>
   </div>
   <div class='ocr_carea' id='block_1_12' title="bbox 753 1421 2333 1498">
    <p class='ocr_par' dir='ltr' id='par_1_12' title="bbox 753 1421 2333 1498">
     <span class='ocr_line' id='line_1_12' title="bbox 753 1421 2333 1498; baseline 0.016 -40"><span class='ocrx_word' id='word_1_84' title='bbox 753 1421 1041 1464; x_wconf 80' lang='lat' dir='ltr'><strong>universas</strong></span> <span class='ocrx_word' id='word_1_85' title='bbox 1082 1421 1230 1466; x_wconf 79' lang='lat' dir='ltr'><strong>certe.</strong></span> <span class='ocrx_word' id='word_1_86' title='bbox 1262 1424 1551 1472; x_wconf 87' lang='lat' dir='ltr'><strong>creaturas</strong></span> <span class='ocrx_word' id='word_1_87' title='bbox 1577 1422 1738 1474; x_wconf 79' lang='lat' dir='ltr'><strong>istius</strong></span> <span class='ocrx_word' id='word_1_88' title='bbox 1766 1429 2140 1495; x_wconf 58' lang='lat' dir='ltr'><strong>praerogativa:</strong></span> <span class='ocrx_word' id='word_1_89' title='bbox 2155 1430 2333 1498; x_wconf 85' lang='lat' dir='ltr'><strong>gratia</strong></span> 
     </span>
    </p>
   </div>
   <div class='ocr_carea' id='block_1_13' title="bbox 750 1499 2334 1576">
    <p class='ocr_par' dir='ltr' id='par_1_13' title="bbox 750 1499 2334 1576">
     <span class='ocr_line' id='line_1_13' title="bbox 750 1499 2334 1576; baseline 0.016 -26"><span class='ocrx_word' id='word_1_90' title='bbox 750 1499 1065 1567; x_wconf 76' lang='lat' dir='ltr'><strong>pertinebit,</strong></span> <span class='ocrx_word' id='word_1_91' title='bbox 1124 1515 1403 1576; x_wconf 86' lang='lat' dir='ltr'><strong>eruntque</strong></span> <span class='ocrx_word' id='word_1_92' title='bbox 1456 1513 1641 1565; x_wconf 83' lang='lat' dir='ltr'><strong>omnia</strong></span> <span class='ocrx_word' id='word_1_93' title='bbox 1694 1513 1803 1566; x_wconf 82' lang='lat' dir='ltr'><strong>vita</strong></span> <span class='ocrx_word' id='word_1_94' title='bbox 1873 1519 2174 1571; x_wconf 77' lang='lat' dir='ltr'><strong>secundum</strong></span> <span class='ocrx_word' id='word_1_95' title='bbox 2235 1538 2334 1575; x_wconf 87' lang='lat' dir='ltr'><strong>na-</strong></span> 
     </span>
    </p>
   </div>
   <div class='ocr_carea' id='block_1_14' title="bbox 751 1590 2329 1676">
    <p class='ocr_par' dir='ltr' id='par_1_14' title="bbox 751 1590 2329 1676">
     <span class='ocr_line' id='line_1_14' title="bbox 751 1590 2329 1676; baseline 0.016 -36"><span class='ocrx_word' id='word_1_96' title='bbox 751 1597 949 1643; x_wconf 89' lang='lat' dir='ltr'><strong>turam.</strong></span> <span class='ocrx_word' id='word_1_97' title='bbox 979 1590 1120 1657; x_wconf 87' lang='lat' dir='ltr'><strong>Quid</strong></span> <span class='ocrx_word' id='word_1_98' title='bbox 1152 1609 1286 1665; x_wconf 85' lang='lat' dir='ltr'><strong>ergo</strong></span> <span class='ocrx_word' id='word_1_99' title='bbox 1317 1612 1458 1666; x_wconf 90' lang='lat' dir='ltr'><strong>opus</strong></span> <span class='ocrx_word' id='word_1_100' title='bbox 1488 1602 1593 1653; x_wconf 88' lang='lat' dir='ltr'><strong>erit</strong></span> <span class='ocrx_word' id='word_1_101' title='bbox 1626 1603 1694 1655; x_wconf 71' lang='lat' dir='ltr'><strong>iis</strong></span> <span class='ocrx_word' id='word_1_102' title='bbox 1726 1607 2148 1676; x_wconf 82' lang='lat' dir='ltr'><strong>participatione</strong></span> <span class='ocrx_word' id='word_1_103' title='bbox 2186 1609 2329 1675; x_wconf 83' lang='lat' dir='ltr'><strong>Filii,</strong></span> 
     </span>
    </p>
   </div>
   <div class='ocr_carea' id='block_1_15' title="bbox 750 1684 2331 1774">
    <p class='ocr_par' dir='ltr' id='par_1_15' title="bbox 750 1684 2331 1774">
     <span class='ocr_line' id='line_1_15' title="bbox 750 1684 2331 1774; baseline 0.018 -42"><span class='ocrx_word' id='word_1_104' title='bbox 750 1690 843 1735; x_wconf 90' lang='lat' dir='ltr'><strong>aut</strong></span> <span class='ocrx_word' id='word_1_105' title='bbox 882 1684 1014 1753; x_wconf 89' lang='lat' dir='ltr'><strong>quid</strong></span> <span class='ocrx_word' id='word_1_106' title='bbox 1070 1686 1198 1741; x_wconf 86' lang='lat' dir='ltr'><strong>inde</strong></span> <span class='ocrx_word' id='word_1_107' title='bbox 1257 1689 1392 1743; x_wconf 86' lang='lat' dir='ltr'><strong>lucri</strong></span> <span class='ocrx_word' id='word_1_108' title='bbox 1446 1694 1703 1761; x_wconf 80' lang='lat' dir='ltr'><strong>capient?</strong></span> <span class='ocrx_word' id='word_1_109' title='bbox 1746 1696 1866 1765; x_wconf 75' lang='lat' dir='ltr'><strong>Ipsa</strong></span> <span class='ocrx_word' id='word_1_110' title='bbox 1922 1702 2065 1754; x_wconf 89' lang='lat' dir='ltr'><strong>enim</strong></span> <span class='ocrx_word' id='word_1_111' title='bbox 2112 1718 2331 1774; x_wconf 86' lang='lat' dir='ltr'><strong>quoque</strong></span> 
     </span>
    </p>
   </div>
   <div class='ocr_carea' id='block_1_16' title="bbox 748 1776 2326 1852">
    <p class='ocr_par' dir='ltr' id='par_1_16' title="bbox 748 1776 2326 1852">
     <span class='ocr_line' id='line_1_16' title="bbox 748 1776 2326 1852; baseline 0.016 -27"><span class='ocrx_word' id='word_1_112' title='bbox 748 1776 855 1825; x_wconf 78' lang='lat' dir='ltr'><strong>vita</strong></span> <span class='ocrx_word' id='word_1_113' title='bbox 896 1784 1025 1829; x_wconf 88' lang='lat' dir='ltr'><strong>sunt</strong></span> <span class='ocrx_word' id='word_1_114' title='bbox 1054 1780 1355 1833; x_wconf 87' lang='lat' dir='ltr'><strong>secundum</strong></span> <span class='ocrx_word' id='word_1_115' title='bbox 1388 1792 1662 1837; x_wconf 88' lang='lat' dir='ltr'><strong>naturam.</strong></span> <span class='ocrx_word' id='word_1_116' title='bbox 1693 1787 1796 1841; x_wconf 89' lang='lat' dir='ltr'><strong>Sed</strong></span> <span class='ocrx_word' id='word_1_117' title='bbox 1830 1790 1933 1844; x_wconf 88' lang='lat' dir='ltr'><strong>hoc</strong></span> <span class='ocrx_word' id='word_1_118' title='bbox 1975 1791 2168 1847; x_wconf 81' lang='lat' dir='ltr'><strong>falsum</strong></span> <span class='ocrx_word' id='word_1_119' title='bbox 2200 1806 2326 1852; x_wconf 88' lang='lat' dir='ltr'><strong>est:</strong></span> 
     </span>
    </p>
   </div>
   <div class='ocr_carea' id='block_1_17' title="bbox 2513 504 4017 577">
    <p class='ocr_par' dir='ltr' id='par_1_17' title="bbox 2513 504 4017 577">
     <span class='ocr_line' id='line_1_17' title="bbox 2513 504 4017 577; baseline -0.004 -16"><span class='ocrx_word' id='word_1_120' title='bbox 2513 511 2713 563; x_wconf 70' lang='grc' dir='ltr'><strong>ΑΑᾹΟ.</strong></span> <span class='ocrx_word' id='word_1_121' title='bbox 2749 510 2859 577; x_wconf 69' lang='grc' dir='ltr'>Ὶ¹ἦν</span> <span class='ocrx_word' id='word_1_122' title='bbox 2878 508 2987 561; x_wconf 81' lang='grc' dir='ltr'>τῶν</span> <span class='ocrx_word' id='word_1_123' title='bbox 3012 508 3180 560; x_wconf 62' lang='lat' dir='ltr'><strong>Cirtam</strong></span> <span class='ocrx_word' id='word_1_124' title='bbox 3208 504 3448 576; x_wconf 74' lang='grc' dir='ltr'>ἀκριϐῶς</span> <span class='ocrx_word' id='word_1_125' title='bbox 3481 504 3824 570; x_wconf 66' lang='grc' dir='ltr'><strong>ἐξετάζοντες</strong></span> <span class='ocrx_word' id='word_1_126' title='bbox 3847 504 4017 571; x_wconf 84' lang='grc' dir='ltr'>φύσιν,</span> 
     </span>
    </p>
   </div>
   <div class='ocr_carea' id='block_1_18' title="bbox 2440 598 4017 672">
    <p class='ocr_par' dir='ltr' id='par_1_18' title="bbox 2440 598 4017 672">
     <span class='ocr_line' id='line_1_18' title="bbox 2440 598 4017 672; baseline -0.004 -19"><span class='ocrx_word' id='word_1_127' title='bbox 2440 601 2572 654; x_wconf 76' lang='grc' dir='ltr'>Θεὸν</span> <span class='ocrx_word' id='word_1_128' title='bbox 2599 601 2814 672; x_wconf 81' lang='grc' dir='ltr'>ὁρῶμεν</span> <span class='ocrx_word' id='word_1_129' title='bbox 2848 602 2943 653; x_wconf 81' lang='grc' dir='ltr'><strong>καὶ</strong></span> <span class='ocrx_word' id='word_1_130' title='bbox 2983 599 3181 665; x_wconf 78' lang='grc' dir='ltr'><strong>κτίσιν,</strong></span> <span class='ocrx_word' id='word_1_131' title='bbox 3211 599 3306 653; x_wconf 78' lang='grc' dir='ltr'><strong>καὶ</strong></span> <span class='ocrx_word' id='word_1_132' title='bbox 3344 600 3531 670; x_wconf 71' lang='grc' dir='ltr'>ἕτερον</span> <span class='ocrx_word' id='word_1_133' title='bbox 3577 600 3668 652; x_wconf 75' lang='grc' dir='ltr'><strong>ἐπὶ</strong></span> <span class='ocrx_word' id='word_1_134' title='bbox 3697 598 3905 654; x_wconf 74' lang='grc' dir='ltr'>τούτοις</span> <span class='ocrx_word' id='word_1_135' title='bbox 3935 599 4017 648; x_wconf 70' lang='grc' dir='ltr'>οὑ-</span> 
     </span>
    </p>
   </div>
   <div class='ocr_carea' id='block_1_19' title="bbox 2437 686 4015 762">
    <p class='ocr_par' dir='ltr' id='par_1_19' title="bbox 2437 686 4015 762">
     <span class='ocr_line' id='line_1_19' title="bbox 2437 686 4015 762; baseline -0.003 -18"><span class='ocrx_word' id='word_1_136' title='bbox 2437 692 2544 745; x_wconf 79' lang='grc' dir='ltr'><strong>δέν.</strong></span> <span class='ocrx_word' id='word_1_137' title='bbox 2574 695 2639 746; x_wconf 92' lang='grc' dir='ltr'>Ὃ</span> <span class='ocrx_word' id='word_1_138' title='bbox 2672 692 2783 762; x_wconf 71' lang='grc' dir='ltr'><strong>γάρ</strong></span> <span class='ocrx_word' id='word_1_139' title='bbox 2812 692 2876 745; x_wconf 79' lang='grc' dir='ltr'><strong>ἂν</strong></span> <span class='ocrx_word' id='word_1_140' title='bbox 2923 690 3176 743; x_wconf 77' lang='grc' dir='ltr'><strong>ἐκπίπτει</strong></span> <span class='ocrx_word' id='word_1_141' title='bbox 3204 690 3298 743; x_wconf 81' lang='grc' dir='ltr'>τοῦ</span> <span class='ocrx_word' id='word_1_142' title='bbox 3329 686 3464 744; x_wconf 84' lang='grc' dir='ltr'>εἶναι</span> <span class='ocrx_word' id='word_1_143' title='bbox 3497 691 3627 754; x_wconf 77' lang='grc' dir='ltr'>θεὸς</span> <span class='ocrx_word' id='word_1_144' title='bbox 3668 692 3809 743; x_wconf 73' lang='grc' dir='ltr'>κατὰ</span> <span class='ocrx_word' id='word_1_145' title='bbox 3844 690 4015 758; x_wconf 81' lang='grc' dir='ltr'>φύσιν,</span> 
     </span>
    </p>
   </div>
   <div class='ocr_carea' id='block_1_20' title="bbox 2436 767 4019 856">
    <p class='ocr_par' dir='ltr' id='par_1_20' title="bbox 2436 783 4019 856">
     <span class='ocr_line' id='line_1_20' title="bbox 2436 783 4019 856; baseline -0.004 -17"><span class='ocrx_word' id='word_1_146' title='bbox 2436 787 2593 840; x_wconf 74' lang='grc' dir='ltr'>τοῦτο</span> <span class='ocrx_word' id='word_1_147' title='bbox 2623 787 2842 849; x_wconf 85' lang='grc' dir='ltr'>πάντως</span> <span class='ocrx_word' id='word_1_148' title='bbox 2877 787 2993 839; x_wconf 78' lang='grc' dir='ltr'>ἐστί</span> <span class='ocrx_word' id='word_1_149' title='bbox 3028 785 3275 856; x_wconf 75' lang='grc' dir='ltr'>γενητόνσ</span> <span class='ocrx_word' id='word_1_150' title='bbox 3309 785 3402 838; x_wconf 71' lang='grc' dir='ltr'><strong>καὶ</strong></span> <span class='ocrx_word' id='word_1_151' title='bbox 3436 785 3573 853; x_wconf 81' lang='grc' dir='ltr'>ὅπερ</span> <span class='ocrx_word' id='word_1_152' title='bbox 3595 783 3659 835; x_wconf 78' lang='grc' dir='ltr'><strong>ἂν</strong></span> <span class='ocrx_word' id='word_1_153' title='bbox 3689 784 3778 835; x_wconf 72' lang='grc' dir='ltr'><strong>τιν</strong></span> <span class='ocrx_word' id='word_1_154' title='bbox 3809 784 3903 835; x_wconf 76' lang='grc' dir='ltr'>τοῦ</span> <span class='ocrx_word' id='word_1_155' title='bbox 3933 799 4019 833; x_wconf 67' lang='lat' dir='ltr'><strong>na-</strong></span> 
     </span>
    </p>
   </div>
   <div class='ocr_carea' id='block_1_21' title="bbox 2437 871 4020 945">
    <p class='ocr_par' dir='ltr' id='par_1_21' title="bbox 2437 871 4020 945">
     <span class='ocr_line' id='line_1_21' title="bbox 2437 871 4020 945; baseline -0.004 -17"><span class='ocrx_word' id='word_1_156' title='bbox 2437 876 2693 945; x_wconf 77' lang='grc' dir='ltr'>ποιῆσθαι</span> <span class='ocrx_word' id='word_1_157' title='bbox 2723 876 3003 945; x_wconf 75' lang='grc' dir='ltr'><strong>διαφεύγει</strong></span> <span class='ocrx_word' id='word_1_158' title='bbox 3033 876 3211 943; x_wconf 81' lang='grc' dir='ltr'>λόγον,</span> <span class='ocrx_word' id='word_1_159' title='bbox 3244 875 3377 927; x_wconf 80' lang='grc' dir='ltr'>εἴσω</span> <span class='ocrx_word' id='word_1_160' title='bbox 3404 874 3620 936; x_wconf 82' lang='grc' dir='ltr'>πάντως</span> <span class='ocrx_word' id='word_1_161' title='bbox 3649 873 3762 924; x_wconf 70' lang='grc' dir='ltr'>ἐστὶ</span> <span class='ocrx_word' id='word_1_162' title='bbox 3789 872 3900 924; x_wconf 82' lang='grc' dir='ltr'><strong>τῶν</strong></span> <span class='ocrx_word' id='word_1_163' title='bbox 3926 871 4020 938; x_wconf 70' lang='grc' dir='ltr'>τῆς</span> 
     </span>
    </p>
   </div>
   <div class='ocr_carea' id='block_1_22' title="bbox 2436 964 4017 1040">
    <p class='ocr_par' dir='ltr' id='par_1_22' title="bbox 2436 964 4017 1040">
     <span class='ocr_line' id='line_1_22' title="bbox 2436 964 4017 1040; baseline -0.004 -19"><span class='ocrx_word' id='word_1_164' title='bbox 2436 968 2681 1040; x_wconf 45' lang='lat' dir='ltr'><strong>Oed-.1116-</strong></span> <span class='ocrx_word' id='word_1_165' title='bbox 2708 970 3005 1040; x_wconf 81' lang='grc' dir='ltr'>ὅρων.”οτε</span> <span class='ocrx_word' id='word_1_166' title='bbox 3038 968 3216 1021; x_wconf 82' lang='grc' dir='ltr'>τοίνυν</span> <span class='ocrx_word' id='word_1_167' title='bbox 3237 966 3436 1038; x_wconf 84' lang='grc' dir='ltr'>ἄριστά</span> <span class='ocrx_word' id='word_1_168' title='bbox 3461 984 3577 1029; x_wconf 70' lang='grc' dir='ltr'><strong>τως</strong></span> <span class='ocrx_word' id='word_1_169' title='bbox 3604 966 3668 1018; x_wconf 78' lang='grc' dir='ltr'><strong>τά</strong></span> <span class='ocrx_word' id='word_1_170' title='bbox 3692 964 3914 1017; x_wconf 73' lang='grc' dir='ltr'>τοιαῦτα</span> <span class='ocrx_word' id='word_1_171' title='bbox 3943 965 4017 1015; x_wconf 84' lang='grc' dir='ltr'><strong>δι-</strong></span> 
     </span>
    </p>
   </div>
   <div class='ocr_carea' id='block_1_23' title="bbox 2433 1056 4020 1131">
    <p class='ocr_par' dir='ltr' id='par_1_23' title="bbox 2433 1056 4020 1131">
     <span class='ocr_line' id='line_1_23' title="bbox 2433 1056 4020 1131; baseline -0.003 -19"><span class='ocrx_word' id='word_1_172' title='bbox 2433 1062 2561 1113; x_wconf 77' lang='grc' dir='ltr'>εσγέ</span> <span class='ocrx_word' id='word_1_173' title='bbox 2570 1080 2607 1131; x_wconf 85' lang='grc' dir='ltr'><strong>μ</strong></span> <span class='ocrx_word' id='word_1_174' title='bbox 2615 1064 2772 1131; x_wconf 74' lang='grc' dir='ltr'>μεθα.</span> <span class='ocrx_word' id='word_1_175' title='bbox 2789 1060 3096 1129; x_wconf 75' lang='grc' dir='ltr'><strong>λεγέτωσαν</strong></span> <span class='ocrx_word' id='word_1_176' title='bbox 3111 1062 3243 1129; x_wconf 81' lang='grc' dir='ltr'>ἡμῖν</span> <span class='ocrx_word' id='word_1_177' title='bbox 3260 1060 3307 1112; x_wconf 87' lang='grc' dir='ltr'>οἱ</span> <span class='ocrx_word' id='word_1_178' title='bbox 3327 1059 3425 1129; x_wconf 72' lang='grc' dir='ltr'><strong>τῆς</strong></span> <span class='ocrx_word' id='word_1_179' title='bbox 3444 1062 3541 1111; x_wconf 73' lang='grc' dir='ltr'><strong>τον</strong></span> <span class='ocrx_word' id='word_1_180' title='bbox 3556 1056 3688 1110; x_wconf 86' lang='grc' dir='ltr'><strong>Θεοῦ</strong></span> <span class='ocrx_word' id='word_1_181' title='bbox 3710 1060 3801 1108; x_wconf 75' lang='grc' dir='ltr'><strong>καὶ</strong></span> <span class='ocrx_word' id='word_1_182' title='bbox 3817 1056 4020 1125; x_wconf 68' lang='grc' dir='ltr'>Πατρος</span> 
     </span>
    </p>
   </div>
   <div class='ocr_carea' id='block_1_24' title="bbox 2435 1149 4019 1217">
    <p class='ocr_par' dir='ltr' id='par_1_24' title="bbox 2435 1149 4019 1217">
     <span class='ocr_line' id='line_1_24' title="bbox 2435 1149 4019 1217; baseline -0.003 -12"><span class='ocrx_word' id='word_1_183' title='bbox 2435 1154 2621 1214; x_wconf 74' lang='grc' dir='ltr'>οὐσίας</span> <span class='ocrx_word' id='word_1_184' title='bbox 2669 1150 2995 1217; x_wconf 74' lang='grc' dir='ltr'><strong>ἐξωθοῦντες</strong></span> <span class='ocrx_word' id='word_1_185' title='bbox 3041 1153 3130 1205; x_wconf 78' lang='grc' dir='ltr'><strong>τὸν</strong></span> <span class='ocrx_word' id='word_1_186' title='bbox 3172 1151 3318 1217; x_wconf 79' lang='grc' dir='ltr'>Υἰὺν,</span> <span class='ocrx_word' id='word_1_187' title='bbox 3356 1150 3474 1215; x_wconf 84' lang='grc' dir='ltr'>πῶς</span> <span class='ocrx_word' id='word_1_188' title='bbox 3518 1151 3584 1204; x_wconf 86' lang='grc' dir='ltr'><strong>ἂν</strong></span> <span class='ocrx_word' id='word_1_189' title='bbox 3628 1149 3844 1203; x_wconf 76' lang='grc' dir='ltr'>δύναιτο</span> <span class='ocrx_word' id='word_1_190' title='bbox 3890 1151 4019 1212; x_wconf 77' lang='grc' dir='ltr'>ζωο-</span> 
     </span>
    </p>
   </div>
   <div class='ocr_carea' id='block_1_25' title="bbox 2435 1243 4018 1321">
    <p class='ocr_par' dir='ltr' id='par_1_25' title="bbox 2435 1243 4018 1321">
     <span class='ocr_line' id='line_1_25' title="bbox 2435 1243 4018 1321; baseline -0.003 -24"><span class='ocrx_word' id='word_1_191' title='bbox 2435 1248 2611 1309; x_wconf 75' lang='grc' dir='ltr'>γονεῖν</span> <span class='ocrx_word' id='word_1_192' title='bbox 2643 1246 2717 1307; x_wconf 83' lang='grc' dir='ltr'>ὡς</span> <span class='ocrx_word' id='word_1_193' title='bbox 2745 1244 2879 1317; x_wconf 83' lang='grc' dir='ltr'>ζωὴ,</span> <span class='ocrx_word' id='word_1_194' title='bbox 2907 1245 3034 1297; x_wconf 79' lang='grc' dir='ltr'>ἴδιον</span> <span class='ocrx_word' id='word_1_195' title='bbox 3056 1244 3285 1314; x_wconf 79' lang='grc' dir='ltr'>ἐχούσης</span> <span class='ocrx_word' id='word_1_196' title='bbox 3319 1244 3451 1298; x_wconf 85' lang='grc' dir='ltr'>αὑτὸ</span> <span class='ocrx_word' id='word_1_197' title='bbox 3484 1244 3579 1313; x_wconf 82' lang='grc' dir='ltr'><strong>τῆς</strong></span> <span class='ocrx_word' id='word_1_198' title='bbox 3608 1243 3757 1321; x_wconf 83' lang='grc' dir='ltr'>Θείας</span> <span class='ocrx_word' id='word_1_199' title='bbox 3787 1244 4018 1311; x_wconf 69' lang='grc' dir='ltr'>φύσεως,</span> 
     </span>
    </p>
   </div>
   <div class='ocr_carea' id='block_1_26' title="bbox 2435 1335 4021 1408">
    <p class='ocr_par' dir='ltr' id='par_1_26' title="bbox 2435 1335 4021 1408">
     <span class='ocr_line' id='line_1_26' title="bbox 2435 1335 4021 1408; baseline -0.002 -20"><span class='ocrx_word' id='word_1_200' title='bbox 2435 1337 2609 1408; x_wconf 80' lang='grc' dir='ltr'><strong>ἑτέρῳ</strong></span> <span class='ocrx_word' id='word_1_201' title='bbox 2654 1337 2711 1389; x_wconf 87' lang='grc' dir='ltr'><strong>δὲ</strong></span> <span class='ocrx_word' id='word_1_202' title='bbox 2764 1337 3204 1408; x_wconf 75' lang='grc' dir='ltr'>παραχωρούσης</span> <span class='ocrx_word' id='word_1_203' title='bbox 3246 1336 3441 1388; x_wconf 78' lang='grc' dir='ltr'>οὐδενί.</span> <span class='ocrx_word' id='word_1_204' title='bbox 3477 1336 3538 1387; x_wconf 71' lang='lat' dir='ltr'><strong>Et</strong></span> <span class='ocrx_word' id='word_1_205' title='bbox 3577 1335 3631 1387; x_wconf 84' lang='grc' dir='ltr'><strong>δὲ</strong></span> <span class='ocrx_word' id='word_1_206' title='bbox 3669 1335 3896 1404; x_wconf 68' lang='grc' dir='ltr'>γενητὸς</span> <span class='ocrx_word' id='word_1_207' title='bbox 3926 1336 4021 1386; x_wconf 71' lang='grc' dir='ltr'>ὑπο</span> 
     </span>
    </p>
   </div>
   <div class='ocr_carea' id='block_1_27' title="bbox 2436 1426 4021 1499">
    <p class='ocr_par' dir='ltr' id='par_1_27' title="bbox 2436 1426 4021 1499">
     <span class='ocr_line' id='line_1_27' title="bbox 2436 1426 4021 1499; baseline -0.002 -19"><span class='ocrx_word' id='word_1_208' title='bbox 2436 1429 2618 1497; x_wconf 86' lang='grc' dir='ltr'>άρχων</span> <span class='ocrx_word' id='word_1_209' title='bbox 2639 1426 2776 1481; x_wconf 68' lang='grc' dir='ltr'>εἶναι</span> <span class='ocrx_word' id='word_1_210' title='bbox 2809 1428 3030 1481; x_wconf 79' lang='grc' dir='ltr'>δύναται</span> <span class='ocrx_word' id='word_1_211' title='bbox 3073 1431 3166 1481; x_wconf 69' lang='grc' dir='ltr'><strong>καὶ</strong></span> <span class='ocrx_word' id='word_1_212' title='bbox 3195 1428 3330 1499; x_wconf 78' lang='grc' dir='ltr'>ζωὴ,</span> <span class='ocrx_word' id='word_1_213' title='bbox 3362 1426 3554 1496; x_wconf 79' lang='grc' dir='ltr'>φθάσει</span> <span class='ocrx_word' id='word_1_214' title='bbox 3584 1426 3646 1496; x_wconf 74' lang='grc' dir='ltr'><strong>δὴ</strong></span> <span class='ocrx_word' id='word_1_215' title='bbox 3679 1428 3897 1489; x_wconf 85' lang='grc' dir='ltr'>πάντως</span> <span class='ocrx_word' id='word_1_216' title='bbox 3934 1427 4021 1477; x_wconf 69' lang='grc' dir='ltr'><strong>ἐπὶ</strong></span> 
     </span>
    </p>
   </div>
   <div class='ocr_carea' id='block_1_28' title="bbox 2435 1518 4020 1590">
    <p class='ocr_par' dir='ltr' id='par_1_28' title="bbox 2435 1518 4020 1590">
     <span class='ocr_line' id='line_1_28' title="bbox 2435 1518 4020 1590; baseline -0.001 -20"><span class='ocrx_word' id='word_1_217' title='bbox 2435 1519 2612 1571; x_wconf 78' lang='grc' dir='ltr'>πάντα</span> <span class='ocrx_word' id='word_1_218' title='bbox 2642 1518 2711 1572; x_wconf 76' lang='grc' dir='ltr'>τὰ</span> <span class='ocrx_word' id='word_1_219' title='bbox 2748 1520 2953 1590; x_wconf 67' lang='grc' dir='ltr'>γενητὰ</span> <span class='ocrx_word' id='word_1_220' title='bbox 2974 1518 3067 1573; x_wconf 78' lang='grc' dir='ltr'>τοῦ</span> <span class='ocrx_word' id='word_1_221' title='bbox 3091 1520 3567 1589; x_wconf 79' lang='grc' dir='ltr'>πλεονεκτήματος</span> <span class='ocrx_word' id='word_1_222' title='bbox 3601 1520 3632 1588; x_wconf 75' lang='grc' dir='ltr'>ἡ</span> <span class='ocrx_word' id='word_1_223' title='bbox 3661 1520 3839 1587; x_wconf 86' lang='grc' dir='ltr'>χάρις,</span> <span class='ocrx_word' id='word_1_224' title='bbox 3873 1518 4020 1570; x_wconf 77' lang='grc' dir='ltr'>ἔσται</span> 
     </span>
    </p>
   </div>
   <div class='ocr_carea' id='block_1_29' title="bbox 2436 1607 4015 1681">
    <p class='ocr_par' dir='ltr' id='par_1_29' title="bbox 2436 1607 4015 1681">
     <span class='ocr_line' id='line_1_29' title="bbox 2436 1607 4015 1681; baseline -0.001 -17"><span class='ocrx_word' id='word_1_225' title='bbox 2436 1611 2492 1665; x_wconf 75' lang='grc' dir='ltr'><strong>δὲ</strong></span> <span class='ocrx_word' id='word_1_226' title='bbox 2522 1611 2696 1663; x_wconf 88' lang='grc' dir='ltr'>πάντα</span> <span class='ocrx_word' id='word_1_227' title='bbox 2725 1612 2864 1664; x_wconf 81' lang='grc' dir='ltr'>κατὰ</span> <span class='ocrx_word' id='word_1_228' title='bbox 2887 1613 3047 1679; x_wconf 75' lang='grc' dir='ltr'>φύσιν</span> <span class='ocrx_word' id='word_1_229' title='bbox 3070 1610 3205 1681; x_wconf 82' lang='grc' dir='ltr'>ζωή.</span> <span class='ocrx_word' id='word_1_230' title='bbox 3235 1612 3329 1674; x_wconf 85' lang='grc' dir='ltr'><strong>Τίς</strong></span> <span class='ocrx_word' id='word_1_231' title='bbox 3352 1607 3444 1663; x_wconf 78' lang='grc' dir='ltr'><strong>οὖν</strong></span> <span class='ocrx_word' id='word_1_232' title='bbox 3475 1611 3657 1673; x_wconf 72' lang='grc' dir='ltr'>αὐτοῖς</span> <span class='ocrx_word' id='word_1_233' title='bbox 3688 1611 3838 1662; x_wconf 79' lang='grc' dir='ltr'>ἔσται</span> <span class='ocrx_word' id='word_1_234' title='bbox 3864 1610 4015 1679; x_wconf 72' lang='grc' dir='ltr'>χρεία</span> 
     </span>
    </p>
   </div>
   <div class='ocr_carea' id='block_1_30' title="bbox 2434 1701 4019 1773">
    <p class='ocr_par' dir='ltr' id='par_1_30' title="bbox 2434 1701 4019 1773">
     <span class='ocr_line' id='line_1_30' title="bbox 2434 1701 4019 1773; baseline -0.001 -19"><span class='ocrx_word' id='word_1_235' title='bbox 2434 1703 2530 1770; x_wconf 79' lang='grc' dir='ltr'>τῆς</span> <span class='ocrx_word' id='word_1_236' title='bbox 2563 1702 2657 1754; x_wconf 81' lang='grc' dir='ltr'>τοῦ</span> <span class='ocrx_word' id='word_1_237' title='bbox 2700 1701 2829 1754; x_wconf 78' lang='grc' dir='ltr'>Υἱοῦ</span> <span class='ocrx_word' id='word_1_238' title='bbox 2866 1702 3118 1772; x_wconf 76' lang='grc' dir='ltr'>μετοχῆς,</span> <span class='ocrx_word' id='word_1_239' title='bbox 3151 1703 3182 1773; x_wconf 85' lang='grc' dir='ltr'>ἢ</span> <span class='ocrx_word' id='word_1_240' title='bbox 3214 1704 3266 1755; x_wconf 89' lang='grc' dir='ltr'><strong>τί</strong></span> <span class='ocrx_word' id='word_1_241' title='bbox 3293 1702 3352 1755; x_wconf 77' lang='grc' dir='ltr'>τὸ</span> <span class='ocrx_word' id='word_1_242' title='bbox 3386 1703 3544 1756; x_wconf 80' lang='grc' dir='ltr'>πλέον</span> <span class='ocrx_word' id='word_1_243' title='bbox 3578 1702 3827 1754; x_wconf 65' lang='grc' dir='ltr'>ἐντεῦθεν</span> <span class='ocrx_word' id='word_1_244' title='bbox 3863 1702 4019 1771; x_wconf 75' lang='grc' dir='ltr'>εὑρή-</span> 
     </span>
    </p>
   </div>
   <div class='ocr_carea' id='block_1_31' title="bbox 2436 1790 4017 1865">
    <p class='ocr_par' dir='ltr' id='par_1_31' title="bbox 2436 1790 4017 1865">
     <span class='ocr_line' id='line_1_31' title="bbox 2436 1790 4017 1865; baseline -0.001 -19"><span class='ocrx_word' id='word_1_245' title='bbox 2436 1812 2647 1849; x_wconf 82' lang='grc' dir='ltr'>σουσιν;</span> <span class='ocrx_word' id='word_1_246' title='bbox 2686 1794 2799 1864; x_wconf 82' lang='grc' dir='ltr'>ἔχει</span> <span class='ocrx_word' id='word_1_247' title='bbox 2831 1795 2939 1865; x_wconf 80' lang='grc' dir='ltr'><strong>γάρ</strong></span> <span class='ocrx_word' id='word_1_248' title='bbox 2984 1796 3077 1848; x_wconf 72' lang='grc' dir='ltr'><strong>καὶ</strong></span> <span class='ocrx_word' id='word_1_249' title='bbox 3106 1794 3247 1847; x_wconf 74' lang='grc' dir='ltr'>αὑτὰ</span> <span class='ocrx_word' id='word_1_250' title='bbox 3270 1794 3329 1847; x_wconf 83' lang='grc' dir='ltr'><strong>τὸ</strong></span> <span class='ocrx_word' id='word_1_251' title='bbox 3356 1790 3495 1848; x_wconf 84' lang='grc' dir='ltr'>εἶναι</span> <span class='ocrx_word' id='word_1_252' title='bbox 3525 1796 3665 1847; x_wconf 79' lang='grc' dir='ltr'>κατὰ</span> <span class='ocrx_word' id='word_1_253' title='bbox 3688 1793 3851 1862; x_wconf 77' lang='grc' dir='ltr'>φύσιν</span> <span class='ocrx_word' id='word_1_254' title='bbox 3887 1792 4017 1861; x_wconf 75' lang='grc' dir='ltr'>ζωή.</span> 
     </span>
    </p>
   </div>
   <div class='ocr_carea' id='block_1_32' title="bbox 748 1864 2331 1955">
    <p class='ocr_par' dir='ltr' id='par_1_32' title="bbox 748 1864 2326 1948">
     <span class='ocr_line' id='line_1_32' title="bbox 748 1864 2326 1948; baseline 0.017 -33"><span class='ocrx_word' id='word_1_255' title='bbox 748 1864 1083 1934; x_wconf 68' lang='lat' dir='ltr'><strong>particupant</strong></span> <span class='ocrx_word' id='word_1_256' title='bbox 1137 1870 1343 1939; x_wconf 81' lang='lat' dir='ltr'><strong>quippe</strong></span> <span class='ocrx_word' id='word_1_257' title='bbox 1397 1878 1716 1929; x_wconf 78' lang='lat' dir='ltr'><strong>necessario</strong></span> <span class='ocrx_word' id='word_1_258' title='bbox 1774 1878 1995 1948; x_wconf 80' lang='lat' dir='ltr'><strong>Filium,</strong></span> <span class='ocrx_word' id='word_1_259' title='bbox 2043 1896 2099 1939; x_wconf 94' lang='lat' dir='ltr'><strong>ut</strong></span> <span class='ocrx_word' id='word_1_260' title='bbox 2159 1889 2326 1941; x_wconf 76' lang='lat' dir='ltr'><strong>vitam</strong></span> 
     </span>
    </p>
   </div>
   <div class='ocr_carea' id='block_1_33' title="bbox 2432 1864 4019 1955">
    <p class='ocr_par' dir='ltr' id='par_1_33' title="bbox 2445 1864 4019 1955">
     <span class='ocr_line' id='line_1_33' title="bbox 2445 1864 4019 1955; baseline -0.003 -18"><span class='ocrx_word' id='word_1_261' title='bbox 2445 1886 2583 1937; x_wconf 77' lang='grc' dir='ltr'>Ἀλλ’</span> <span class='ocrx_word' id='word_1_262' title='bbox 2624 1885 2723 1937; x_wconf 76' lang='grc' dir='ltr'><strong>οὐκ</strong></span> <span class='ocrx_word' id='word_1_263' title='bbox 2754 1864 2962 1955; x_wconf 67' lang='grc' dir='ltr'>ἀληθὴς</span> <span class='ocrx_word' id='word_1_264' title='bbox 2992 1886 3020 1937; x_wconf 91' lang='lat'><strong>6</strong></span> <span class='ocrx_word' id='word_1_265' title='bbox 3058 1885 3233 1953; x_wconf 82' lang='grc' dir='ltr'>λόγος,</span> <span class='ocrx_word' id='word_1_266' title='bbox 3268 1884 3483 1955; x_wconf 80' lang='grc' dir='ltr'>μετέχει</span> <span class='ocrx_word' id='word_1_267' title='bbox 3512 1884 3566 1937; x_wconf 83' lang='grc' dir='ltr'><strong>δὲ</strong></span> <span class='ocrx_word' id='word_1_268' title='bbox 3608 1885 3922 1951; x_wconf 71' lang='grc' dir='ltr'><strong>ἀναγκαίως</strong></span> <span class='ocrx_word' id='word_1_269' title='bbox 3948 1883 4019 1945; x_wconf 79' lang='grc' dir='ltr'>ὡς</span> 
     </span>
    </p>
   </div>
   <div class='ocr_carea' id='block_1_34' title="bbox 748 1952 2330 2033">
    <p class='ocr_par' dir='ltr' id='par_1_34' title="bbox 748 1952 2330 2033">
     <span class='ocr_line' id='line_1_34' title="bbox 748 1952 2330 2033; baseline 0.02 -30"><span class='ocrx_word' id='word_1_270' title='bbox 748 1966 854 2018; x_wconf 84' lang='lat' dir='ltr'><strong>qua</strong></span> <span class='ocrx_word' id='word_1_271' title='bbox 906 1952 1174 2025; x_wconf 82' lang='lat' dir='ltr'><strong>indigent.</strong></span> <span class='ocrx_word' id='word_1_272' title='bbox 1225 1959 1389 2013; x_wconf 86' lang='lat' dir='ltr'><strong>Solus</strong></span> <span class='ocrx_word' id='word_1_273' title='bbox 1421 1978 1557 2031; x_wconf 86' lang='lat' dir='ltr'><strong>ergo</strong></span> <span class='ocrx_word' id='word_1_274' title='bbox 1596 1964 1923 2033; x_wconf 73' lang='lat' dir='ltr'><strong>Uuigenitus</strong></span> <span class='ocrx_word' id='word_1_275' title='bbox 1970 1974 2078 2027; x_wconf 88' lang='lat' dir='ltr'><strong>vita</strong></span> <span class='ocrx_word' id='word_1_276' title='bbox 2108 1986 2196 2031; x_wconf 88' lang='lat' dir='ltr'><strong>est</strong></span> <span class='ocrx_word' id='word_1_277' title='bbox 2242 1994 2330 2033; x_wconf 90' lang='lat' dir='ltr'><strong>se-</strong></span> 
     </span>
    </p>
   </div>
   <div class='ocr_carea' id='block_1_35' title="bbox 745 2043 2329 2127">
    <p class='ocr_par' dir='ltr' id='par_1_35' title="bbox 745 2043 2329 2127">
     <span class='ocr_line' id='line_1_35' title="bbox 745 2043 2329 2127; baseline 0.019 -33"><span class='ocrx_word' id='word_1_278' title='bbox 745 2043 987 2096; x_wconf 87' lang='lat' dir='ltr'><strong>cundum</strong></span> <span class='ocrx_word' id='word_1_279' title='bbox 1042 2056 1296 2101; x_wconf 81' lang='lat' dir='ltr'><strong>naturam</strong></span> <span class='ocrx_word' id='word_1_280' title='bbox 1350 2068 1527 2119; x_wconf 86' lang='lat' dir='ltr'><strong>suam,</strong></span> <span class='ocrx_word' id='word_1_281' title='bbox 1563 2072 1668 2110; x_wconf 86' lang='lat' dir='ltr'><strong>nec</strong></span> <span class='ocrx_word' id='word_1_282' title='bbox 1702 2061 1932 2127; x_wconf 81' lang='lat' dir='ltr'><strong>proinde</strong></span> <span class='ocrx_word' id='word_1_283' title='bbox 1984 2064 2127 2120; x_wconf 89' lang='lat' dir='ltr'><strong>inter</strong></span> <span class='ocrx_word' id='word_1_284' title='bbox 2173 2084 2329 2123; x_wconf 85' lang='lat' dir='ltr'><strong>erea-</strong></span> 
     </span>
    </p>
   </div>
   <div class='ocr_carea' id='block_1_36' title="bbox 747 2140 2330 2221">
    <p class='ocr_par' dir='ltr' id='par_1_36' title="bbox 747 2140 2330 2221">
     <span class='ocr_line' id='line_1_36' title="bbox 747 2140 2330 2221; baseline 0.019 -35"><span class='ocrx_word' id='word_1_285' title='bbox 747 2144 903 2192; x_wconf 87' lang='lat' dir='ltr'><strong>turas</strong></span> <span class='ocrx_word' id='word_1_286' title='bbox 955 2140 1341 2207; x_wconf 76' lang='lat' dir='ltr'><strong>cellae-ibitur,</strong></span> <span class='ocrx_word' id='word_1_287' title='bbox 1373 2148 1466 2202; x_wconf 88' lang='lat' dir='ltr'><strong>sed</strong></span> <span class='ocrx_word' id='word_1_288' title='bbox 1524 2150 1589 2203; x_wconf 89' lang='lat' dir='ltr'><strong>ad</strong></span> <span class='ocrx_word' id='word_1_289' title='bbox 1650 2154 1913 2221; x_wconf 69' lang='lat' dir='ltr'><strong>genitoris</strong></span> <span class='ocrx_word' id='word_1_290' title='bbox 1946 2158 2028 2211; x_wconf 87' lang='lat' dir='ltr'><strong>sui</strong></span> <span class='ocrx_word' id='word_1_291' title='bbox 2067 2161 2330 2216; x_wconf 83' lang='lat' dir='ltr'><strong>cvelietur</strong></span> 
     </span>
    </p>
   </div>
   <div class='ocr_carea' id='block_1_37' title="bbox 747 2232 2327 2313">
    <p class='ocr_par' dir='ltr' id='par_1_37' title="bbox 747 2232 2327 2313">
     <span class='ocr_line' id='line_1_37' title="bbox 747 2232 2327 2313; baseline 0.019 -34"><span class='ocrx_word' id='word_1_292' title='bbox 747 2238 1019 2284; x_wconf 88' lang='lat' dir='ltr'><strong>naturam.</strong></span> <span class='ocrx_word' id='word_1_293' title='bbox 1056 2232 1177 2288; x_wconf 80' lang='lat' dir='ltr'><strong>Vita</strong></span> <span class='ocrx_word' id='word_1_294' title='bbox 1232 2238 1376 2292; x_wconf 84' lang='lat' dir='ltr'><strong>enim</strong></span> <span class='ocrx_word' id='word_1_295' title='bbox 1430 2256 1650 2313; x_wconf 81' lang='lat' dir='ltr'><strong>quoque</strong></span> <span class='ocrx_word' id='word_1_296' title='bbox 1700 2255 1781 2300; x_wconf 89' lang='lat' dir='ltr'><strong>est</strong></span> <span class='ocrx_word' id='word_1_297' title='bbox 1826 2251 2133 2305; x_wconf 87' lang='lat' dir='ltr'><strong>secundum</strong></span> <span class='ocrx_word' id='word_1_298' title='bbox 2171 2269 2327 2309; x_wconf 84' lang='lat' dir='ltr'><strong>suam</strong></span> 
     </span>
    </p>
   </div>
   <div class='ocr_carea' id='block_1_38' title="bbox 746 2323 1215 2382">
    <p class='ocr_par' dir='ltr' id='par_1_38' title="bbox 746 2323 1215 2382">
     <span class='ocr_line' id='line_1_38' title="bbox 746 2323 1215 2382; baseline 0.021 -10"><span class='ocrx_word' id='word_1_299' title='bbox 746 2330 998 2376; x_wconf 89' lang='lat' dir='ltr'><strong>naturam</strong></span> <span class='ocrx_word' id='word_1_300' title='bbox 1036 2323 1215 2382; x_wconf 84' lang='lat' dir='ltr'><strong>Pater.</strong></span> 
     </span>
    </p>
   </div>
   <div class='ocr_carea' id='block_1_39' title="bbox 815 2411 2325 2503">
    <p class='ocr_par' dir='ltr' id='par_1_39' title="bbox 815 2411 2325 2503">
     <span class='ocr_line' id='line_1_39' title="bbox 815 2411 2325 2503; baseline 0.019 -39"><span class='ocrx_word' id='word_1_301' title='bbox 815 2411 1047 2469; x_wconf 77' lang='lat' dir='ltr'><strong>ALIUD.</strong></span> <span class='ocrx_word' id='word_1_302' title='bbox 1082 2414 1204 2472; x_wconf 75' lang='lat' dir='ltr'><strong>Vita</strong></span> <span class='ocrx_word' id='word_1_303' title='bbox 1235 2434 1361 2474; x_wconf 89' lang='lat' dir='ltr'><strong>cum</strong></span> <span class='ocrx_word' id='word_1_304' title='bbox 1395 2422 1465 2475; x_wconf 90' lang='lat' dir='ltr'><strong>sit</strong></span> <span class='ocrx_word' id='word_1_305' title='bbox 1502 2426 1806 2481; x_wconf 84' lang='lat' dir='ltr'><strong>secundum</strong></span> <span class='ocrx_word' id='word_1_306' title='bbox 1841 2439 2095 2486; x_wconf 88' lang='lat' dir='ltr'><strong>naturam</strong></span> <span class='ocrx_word' id='word_1_307' title='bbox 2132 2433 2325 2503; x_wconf 84' lang='lat' dir='ltr'><strong>Filius,</strong></span> 
     </span>
    </p>
   </div>
   <div class='ocr_carea' id='block_1_40' title="bbox 744 2504 2326 2596">
    <p class='ocr_par' dir='ltr' id='par_1_40' title="bbox 744 2504 2326 2596">
     <span class='ocr_line' id='line_1_40' title="bbox 744 2504 2326 2596; baseline 0.017 -41"><span class='ocrx_word' id='word_1_308' title='bbox 744 2504 888 2561; x_wconf 88' lang='lat' dir='ltr'><strong>alius</strong></span> <span class='ocrx_word' id='word_1_309' title='bbox 919 2516 1004 2562; x_wconf 88' lang='lat' dir='ltr'><strong>est</strong></span> <span class='ocrx_word' id='word_1_310' title='bbox 1046 2523 1075 2561; x_wconf 88' lang='lat' dir='ltr'><strong>a</strong></span> <span class='ocrx_word' id='word_1_311' title='bbox 1109 2522 1386 2577; x_wconf 80' lang='lat' dir='ltr'><strong>creatura,</strong></span> <span class='ocrx_word' id='word_1_312' title='bbox 1416 2517 1675 2572; x_wconf 88' lang='lat' dir='ltr'><strong>nimirum</strong></span> <span class='ocrx_word' id='word_1_313' title='bbox 1713 2523 2016 2577; x_wconf 86' lang='lat' dir='ltr'><strong>secundum</strong></span> <span class='ocrx_word' id='word_1_314' title='bbox 2050 2535 2326 2596; x_wconf 89' lang='lat' dir='ltr'><strong>naturam,</strong></span> 
     </span>
    </p>
   </div>
   <div class='ocr_carea' id='block_1_41' title="bbox 745 2601 2326 2686">
    <p class='ocr_par' dir='ltr' id='par_1_41' title="bbox 745 2601 2326 2686">
     <span class='ocr_line' id='line_1_41' title="bbox 745 2601 2326 2686; baseline 0.015 -37"><span class='ocrx_word' id='word_1_315' title='bbox 745 2606 839 2652; x_wconf 87' lang='lat' dir='ltr'><strong>aut</strong></span> <span class='ocrx_word' id='word_1_316' title='bbox 898 2601 1148 2670; x_wconf 77' lang='lat' dir='ltr'><strong>ejusdem</strong></span> <span class='ocrx_word' id='word_1_317' title='bbox 1213 2621 1339 2660; x_wconf 87' lang='lat' dir='ltr'><strong>cum</strong></span> <span class='ocrx_word' id='word_1_318' title='bbox 1389 2624 1449 2663; x_wconf 85' lang='lat' dir='ltr'><strong>ea</strong></span> <span class='ocrx_word' id='word_1_319' title='bbox 1510 2619 1738 2666; x_wconf 66' lang='lat' dir='ltr'><strong>naturae.</strong></span> <span class='ocrx_word' id='word_1_320' title='bbox 1788 2612 1844 2667; x_wconf 87' lang='lat' dir='ltr'><strong>Si</strong></span> <span class='ocrx_word' id='word_1_321' title='bbox 1893 2631 2029 2685; x_wconf 87' lang='lat' dir='ltr'><strong>ergo</strong></span> <span class='ocrx_word' id='word_1_322' title='bbox 2080 2620 2326 2686; x_wconf 82' lang='lat' dir='ltr'><strong>ejusdem</strong></span> 
     </span>
    </p>
   </div>
   <div class='ocr_carea' id='block_1_42' title="bbox 744 2698 2330 2771">
    <p class='ocr_par' dir='ltr' id='par_1_42' title="bbox 744 2698 2330 2771">
     <span class='ocr_line' id='line_1_42' title="bbox 744 2698 2330 2771; baseline 0.015 -32"><span class='ocrx_word' id='word_1_323' title='bbox 744 2698 956 2743; x_wconf 66' lang='lat' dir='ltr'><strong>naturae</strong></span> <span class='ocrx_word' id='word_1_324' title='bbox 1003 2700 1089 2745; x_wconf 86' lang='lat' dir='ltr'><strong>est</strong></span> <span class='ocrx_word' id='word_1_325' title='bbox 1134 2702 1301 2763; x_wconf 83' lang='lat' dir='ltr'><strong>atque</strong></span> <span class='ocrx_word' id='word_1_326' title='bbox 1352 2704 1633 2764; x_wconf 72' lang='lat' dir='ltr'><strong>essentize,</strong></span> <span class='ocrx_word' id='word_1_327' title='bbox 1667 2704 1950 2771; x_wconf 86' lang='lat' dir='ltr'><strong>quomodo</strong></span> <span class='ocrx_word' id='word_1_328' title='bbox 2008 2723 2117 2759; x_wconf 80' lang='lat' dir='ltr'><strong>non</strong></span> <span class='ocrx_word' id='word_1_329' title='bbox 2176 2724 2330 2762; x_wconf 85' lang='lat' dir='ltr'><strong>men-</strong></span> 
     </span>
    </p>
   </div>
   <div class='ocr_carea' id='block_1_43' title="bbox 744 2781 2326 2866">
    <p class='ocr_par' dir='ltr' id='par_1_43' title="bbox 744 2781 2326 2866">
     <span class='ocr_line' id='line_1_43' title="bbox 744 2781 2326 2866; baseline 0.016 -37"><span class='ocrx_word' id='word_1_330' title='bbox 744 2781 913 2833; x_wconf 86' lang='lat' dir='ltr'><strong>Iietur</strong></span> <span class='ocrx_word' id='word_1_331' title='bbox 940 2783 1172 2839; x_wconf 87' lang='lat' dir='ltr'><strong>dicens:</strong></span> <span class='ocrx_word' id='word_1_332' title='bbox 1206 2806 1221 2836; x_wconf 81' lang='grc' dir='ltr'><strong>ι</strong></span> <span class='ocrx_word' id='word_1_333' title='bbox 1262 2786 1373 2857; x_wconf 86' lang='lat' dir='ltr'><strong>Ego</strong></span> <span class='ocrx_word' id='word_1_334' title='bbox 1401 2806 1521 2844; x_wconf 90' lang='lat' dir='ltr'><strong>sum</strong></span> <span class='ocrx_word' id='word_1_335' title='bbox 1566 2794 1723 2860; x_wconf 87' lang='lat' dir='ltr'><strong>panis</strong></span> <span class='ocrx_word' id='word_1_336' title='bbox 1763 2800 1905 2862; x_wconf 74' lang='lat' dir='ltr'><strong>vitae,</strong></span> <span class='ocrx_word' id='word_1_337' title='bbox 1941 2798 2032 2866; x_wconf 82' lang='lat' dir='ltr'><strong>qui</strong></span> <span class='ocrx_word' id='word_1_338' title='bbox 2077 2800 2151 2853; x_wconf 90' lang='lat' dir='ltr'><strong>de</strong></span> <span class='ocrx_word' id='word_1_339' title='bbox 2186 2801 2326 2855; x_wconf 75' lang='lat' dir='ltr'><strong>coelo</strong></span> 
     </span>
    </p>
   </div>
   <div class='ocr_carea' id='block_1_44' title="bbox 742 2872 2324 2945">
    <p class='ocr_par' dir='ltr' id='par_1_44' title="bbox 742 2872 2324 2945">
     <span class='ocr_line' id='line_1_44' title="bbox 742 2872 2324 2945; baseline 0.013 -20"><span class='ocrx_word' id='word_1_340' title='bbox 742 2872 1052 2939; x_wconf 85' lang='lat' dir='ltr'><strong>descendit,</strong></span> <span class='ocrx_word' id='word_1_341' title='bbox 1105 2886 1158 2930; x_wconf 89' lang='lat' dir='ltr'><strong>et</strong></span> <span class='ocrx_word' id='word_1_342' title='bbox 1197 2878 1290 2931; x_wconf 91' lang='lat' dir='ltr'><strong>dat</strong></span> <span class='ocrx_word' id='word_1_343' title='bbox 1349 2882 1513 2935; x_wconf 79' lang='lat' dir='ltr'><strong>vitam</strong></span> <span class='ocrx_word' id='word_1_344' title='bbox 1552 2887 1756 2939; x_wconf 80' lang='lat' dir='ltr'><strong>mundo</strong></span> <span class='ocrx_word' id='word_1_345' title='bbox 1790 2888 1852 2939; x_wconf 74' lang='grc' dir='ltr'><strong>υ.</strong></span> <span class='ocrx_word' id='word_1_346' title='bbox 1898 2907 1917 2938; x_wconf 72' lang='grc' dir='ltr'><strong>ι</strong></span> <span class='ocrx_word' id='word_1_347' title='bbox 1960 2887 2135 2945; x_wconf 82' lang='lat' dir='ltr'><strong>liabet</strong></span> <span class='ocrx_word' id='word_1_348' title='bbox 2179 2892 2324 2945; x_wconf 87' lang='lat' dir='ltr'><strong>enim</strong></span> 
     </span>
    </p>
   </div>
   <div class='ocr_carea' id='block_1_45' title="bbox 742 2974 2327 3050">
    <p class='ocr_par' dir='ltr' id='par_1_45' title="bbox 742 2974 2327 3050">
     <span class='ocr_line' id='line_1_45' title="bbox 742 2974 2327 3050; baseline 0.01 -33"><span class='ocrx_word' id='word_1_349' title='bbox 742 2980 808 3018; x_wconf 79' lang='lat' dir='ltr'><strong>ex</strong></span> <span class='ocrx_word' id='word_1_350' title='bbox 854 2981 912 3021; x_wconf 87' lang='lat' dir='ltr'><strong>se</strong></span> <span class='ocrx_word' id='word_1_351' title='bbox 955 2980 1226 3035; x_wconf 85' lang='lat' dir='ltr'><strong>creatura,</strong></span> <span class='ocrx_word' id='word_1_352' title='bbox 1262 2982 1316 3023; x_wconf 92' lang='lat' dir='ltr'><strong>ut</strong></span> <span class='ocrx_word' id='word_1_353' title='bbox 1371 2974 1442 3026; x_wconf 87' lang='lat' dir='ltr'><strong>sit</strong></span> <span class='ocrx_word' id='word_1_354' title='bbox 1477 2975 1590 3028; x_wconf 75' lang='lat' dir='ltr'><strong>vita</strong></span> <span class='ocrx_word' id='word_1_355' title='bbox 1624 2993 1637 3028; x_wconf 92' lang='lat'><strong>:</strong></span> <span class='ocrx_word' id='word_1_356' title='bbox 1672 2977 1781 3029; x_wconf 75' lang='lat' dir='ltr'><strong>vita</strong></span> <span class='ocrx_word' id='word_1_357' title='bbox 1828 2986 2009 3032; x_wconf 88' lang='lat' dir='ltr'><strong>autem</strong></span> <span class='ocrx_word' id='word_1_358' title='bbox 2040 2981 2166 3033; x_wconf 65' lang='lat' dir='ltr'><strong>vita:</strong></span> <span class='ocrx_word' id='word_1_359' title='bbox 2196 2997 2327 3050; x_wconf 88' lang='lat' dir='ltr'><strong>par-</strong></span> 
     </span>
    </p>
   </div>
   <div class='ocr_carea' id='block_1_46' title="bbox 742 3056 2323 3136">
    <p class='ocr_par' dir='ltr' id='par_1_46' title="bbox 742 3056 2323 3136">
     <span class='ocr_line' id='line_1_46' title="bbox 742 3056 2323 3136; baseline 0.009 -28"><span class='ocrx_word' id='word_1_360' title='bbox 742 3056 921 3126; x_wconf 88' lang='lat' dir='ltr'><strong>ticeps</strong></span> <span class='ocrx_word' id='word_1_361' title='bbox 949 3074 1073 3114; x_wconf 87' lang='lat' dir='ltr'><strong>esse</strong></span> <span class='ocrx_word' id='word_1_362' title='bbox 1125 3076 1236 3114; x_wconf 83' lang='lat' dir='ltr'><strong>non</strong></span> <span class='ocrx_word' id='word_1_363' title='bbox 1278 3062 1458 3125; x_wconf 88' lang='lat' dir='ltr'><strong>debet,</strong></span> <span class='ocrx_word' id='word_1_364' title='bbox 1510 3073 1568 3116; x_wconf 91' lang='lat' dir='ltr'><strong>ut</strong></span> <span class='ocrx_word' id='word_1_365' title='bbox 1629 3065 1736 3117; x_wconf 79' lang='lat' dir='ltr'><strong>vita</strong></span> <span class='ocrx_word' id='word_1_366' title='bbox 1786 3067 2187 3136; x_wconf 81' lang='lat' dir='ltr'><strong>conspiciatur.</strong></span> <span class='ocrx_word' id='word_1_367' title='bbox 2227 3070 2323 3123; x_wconf 77' lang='lat' dir='ltr'><strong>Sin</strong></span> 
     </span>
    </p>
   </div>
   <div class='ocr_carea' id='block_1_47' title="bbox 743 3151 2327 3225">
    <p class='ocr_par' dir='ltr' id='par_1_47' title="bbox 743 3151 2327 3225">
     <span class='ocr_line' id='line_1_47' title="bbox 743 3151 2327 3225; baseline 0.01 -23"><span class='ocrx_word' id='word_1_368' title='bbox 743 3161 925 3204; x_wconf 86' lang='lat' dir='ltr'><strong>autem</strong></span> <span class='ocrx_word' id='word_1_369' title='bbox 961 3151 1207 3225; x_wconf 78' lang='lat' dir='ltr'><strong>ejusdem</strong></span> <span class='ocrx_word' id='word_1_370' title='bbox 1244 3162 1457 3209; x_wconf 67' lang='lat' dir='ltr'><strong>natura:</strong></span> <span class='ocrx_word' id='word_1_371' title='bbox 1484 3172 1591 3209; x_wconf 89' lang='lat' dir='ltr'><strong>non</strong></span> <span class='ocrx_word' id='word_1_372' title='bbox 1625 3166 1728 3219; x_wconf 80' lang='lat' dir='ltr'><strong>est,</strong></span> <span class='ocrx_word' id='word_1_373' title='bbox 1758 3160 1921 3211; x_wconf 87' lang='lat' dir='ltr'><strong>etiam</strong></span> <span class='ocrx_word' id='word_1_374' title='bbox 1953 3168 2169 3215; x_wconf 82' lang='lat' dir='ltr'><strong>creatus</strong></span> <span class='ocrx_word' id='word_1_375' title='bbox 2203 3178 2327 3218; x_wconf 86' lang='lat' dir='ltr'><strong>esse</strong></span> 
     </span>
    </p>
   </div>
   <div class='ocr_carea' id='block_1_48' title="bbox 743 3244 2326 3323">
    <p class='ocr_par' dir='ltr' id='par_1_48' title="bbox 743 3244 2326 3323">
     <span class='ocr_line' id='line_1_48' title="bbox 743 3244 2326 3323; baseline 0.007 -27"><span class='ocrx_word' id='word_1_376' title='bbox 743 3259 851 3296; x_wconf 87' lang='lat' dir='ltr'><strong>non</strong></span> <span class='ocrx_word' id='word_1_377' title='bbox 889 3244 1111 3313; x_wconf 88' lang='lat' dir='ltr'><strong>poterit,</strong></span> <span class='ocrx_word' id='word_1_378' title='bbox 1158 3244 1260 3298; x_wconf 85' lang='lat' dir='ltr'><strong>sibi</strong></span> <span class='ocrx_word' id='word_1_379' title='bbox 1313 3249 1477 3299; x_wconf 85' lang='lat' dir='ltr'><strong>simul</strong></span> <span class='ocrx_word' id='word_1_380' title='bbox 1533 3251 1807 3318; x_wconf 79' lang='lat' dir='ltr'><strong>arripiens</strong></span> <span class='ocrx_word' id='word_1_381' title='bbox 1844 3252 1987 3321; x_wconf 83' lang='lat' dir='ltr'><strong>quod</strong></span> <span class='ocrx_word' id='word_1_382' title='bbox 2050 3254 2326 3323; x_wconf 90' lang='lat' dir='ltr'><strong>proprium</strong></span> 
     </span>
    </p>
   </div>
   <div class='ocr_carea' id='block_1_49' title="bbox 742 3338 2331 3400">
    <p class='ocr_par' dir='ltr' id='par_1_49' title="bbox 742 3338 2331 3400">
     <span class='ocr_line' id='line_1_49' title="bbox 742 3338 2331 3400; baseline 0.007 -11"><span class='ocrx_word' id='word_1_383' title='bbox 742 3346 827 3390; x_wconf 90' lang='lat' dir='ltr'><strong>est</strong></span> <span class='ocrx_word' id='word_1_384' title='bbox 874 3348 1146 3391; x_wconf 69' lang='lat' dir='ltr'><strong>creaturae</strong></span> <span class='ocrx_word' id='word_1_385' title='bbox 1196 3338 1422 3392; x_wconf 87' lang='lat' dir='ltr'><strong>bonum.</strong></span> <span class='ocrx_word' id='word_1_386' title='bbox 1454 3340 1720 3395; x_wconf 81' lang='lat' dir='ltr'><strong>Creatura</strong></span> <span class='ocrx_word' id='word_1_387' title='bbox 1755 3344 1899 3397; x_wconf 89' lang='lat' dir='ltr'><strong>enim</strong></span> <span class='ocrx_word' id='word_1_388' title='bbox 1934 3346 2041 3397; x_wconf 82' lang='lat' dir='ltr'><strong>vita</strong></span> <span class='ocrx_word' id='word_1_389' title='bbox 2082 3362 2191 3399; x_wconf 87' lang='lat' dir='ltr'><strong>non</strong></span> <span class='ocrx_word' id='word_1_390' title='bbox 2225 3349 2331 3400; x_wconf 90' lang='lat' dir='ltr'><strong>erit</strong></span> 
     </span>
    </p>
   </div>
   <div class='ocr_carea' id='block_1_50' title="bbox 742 3429 2330 3505">
    <p class='ocr_par' dir='ltr' id='par_1_50' title="bbox 742 3429 2330 3505">
     <span class='ocr_line' id='line_1_50' title="bbox 742 3429 2330 3505; baseline 0.005 -24"><span class='ocrx_word' id='word_1_391' title='bbox 742 3429 1045 3481; x_wconf 80' lang='lat' dir='ltr'><strong>secundum</strong></span> <span class='ocrx_word' id='word_1_392' title='bbox 1081 3444 1234 3483; x_wconf 79' lang='lat' dir='ltr'><strong>suam</strong></span> <span class='ocrx_word' id='word_1_393' title='bbox 1276 3438 1549 3497; x_wconf 83' lang='lat' dir='ltr'><strong>naturam,</strong></span> <span class='ocrx_word' id='word_1_394' title='bbox 1588 3430 1683 3485; x_wconf 86' lang='lat' dir='ltr'><strong>sed</strong></span> <span class='ocrx_word' id='word_1_395' title='bbox 1718 3432 1844 3487; x_wconf 67' lang='lat' dir='ltr'><strong>vitae</strong></span> <span class='ocrx_word' id='word_1_396' title='bbox 1898 3434 2086 3503; x_wconf 86' lang='lat' dir='ltr'><strong>potius</strong></span> <span class='ocrx_word' id='word_1_397' title='bbox 2140 3434 2330 3505; x_wconf 80' lang='lat' dir='ltr'><strong>indiga</strong></span> 
     </span>
    </p>
   </div>
   <div class='ocr_carea' id='block_1_51' title="bbox 741 3521 1148 3591">
    <p class='ocr_par' dir='ltr' id='par_1_51' title="bbox 741 3521 1148 3591">
     <span class='ocr_line' id='line_1_51' title="bbox 741 3521 1148 3591; baseline 0.002 -17"><span class='ocrx_word' id='word_1_398' title='bbox 741 3531 795 3574; x_wconf 88' lang='lat' dir='ltr'><strong>et</strong></span> <span class='ocrx_word' id='word_1_399' title='bbox 845 3521 1148 3591; x_wconf 85' lang='lat' dir='ltr'><strong>particeps.</strong></span> 
     </span>
    </p>
   </div>
   <div class='ocr_carea' id='block_1_52' title="bbox 814 3633 2329 3708">
    <p class='ocr_par' dir='ltr' id='par_1_52' title="bbox 814 3633 2329 3708">
     <span class='ocr_line' id='line_1_52' title="bbox 814 3633 2329 3708; baseline 0.005 -22"><span class='ocrx_word' id='word_1_400' title='bbox 814 3633 1042 3689; x_wconf 83' lang='lat' dir='ltr'><strong>ALIL&#39;D.</strong></span> <span class='ocrx_word' id='word_1_401' title='bbox 1078 3634 1131 3689; x_wconf 88' lang='lat' dir='ltr'><strong>Si</strong></span> <span class='ocrx_word' id='word_1_402' title='bbox 1173 3635 1286 3689; x_wconf 87' lang='lat' dir='ltr'><strong>vita</strong></span> <span class='ocrx_word' id='word_1_403' title='bbox 1332 3652 1457 3689; x_wconf 87' lang='lat' dir='ltr'><strong>cum</strong></span> <span class='ocrx_word' id='word_1_404' title='bbox 1496 3637 1567 3693; x_wconf 85' lang='lat' dir='ltr'><strong>sit</strong></span> <span class='ocrx_word' id='word_1_405' title='bbox 1603 3637 1708 3708; x_wconf 77' lang='lat'><strong>53</strong></span> <span class='ocrx_word' id='word_1_406' title='bbox 1734 3638 2038 3693; x_wconf 87' lang='lat' dir='ltr'><strong>secundum</strong></span> <span class='ocrx_word' id='word_1_407' title='bbox 2078 3650 2329 3693; x_wconf 85' lang='lat' dir='ltr'><strong>naturam</strong></span> 
     </span>
    </p>
   </div>
   <div class='ocr_carea' id='block_1_53' title="bbox 744 3725 2327 3807">
    <p class='ocr_par' dir='ltr' id='par_1_53' title="bbox 744 3725 2327 3807">
     <span class='ocr_line' id='line_1_53' title="bbox 744 3725 2327 3807; baseline 0.004 -28"><span class='ocrx_word' id='word_1_408' title='bbox 744 3725 941 3788; x_wconf 81' lang='lat' dir='ltr'><strong>Filius,</strong></span> <span class='ocrx_word' id='word_1_409' title='bbox 984 3726 1229 3793; x_wconf 83' lang='lat' dir='ltr'><strong>ejusdem</strong></span> <span class='ocrx_word' id='word_1_410' title='bbox 1287 3736 1502 3807; x_wconf 74' lang='lat' dir='ltr'><strong>natura:</strong></span> <span class='ocrx_word' id='word_1_411' title='bbox 1558 3739 1647 3783; x_wconf 91' lang='lat' dir='ltr'><strong>est</strong></span> <span class='ocrx_word' id='word_1_412' title='bbox 1699 3745 1823 3782; x_wconf 88' lang='lat' dir='ltr'><strong>cum</strong></span> <span class='ocrx_word' id='word_1_413' title='bbox 1867 3731 2036 3785; x_wconf 87' lang='lat' dir='ltr'><strong>rebus</strong></span> <span class='ocrx_word' id='word_1_414' title='bbox 2101 3734 2327 3795; x_wconf 85' lang='lat' dir='ltr'><strong>creatis,</strong></span> 
     </span>
    </p>
   </div>
   <div class='ocr_carea' id='block_1_54' title="bbox 746 3818 2327 3888">
    <p class='ocr_par' dir='ltr' id='par_1_54' title="bbox 746 3818 2327 3888">
     <span class='ocr_line' id='line_1_54' title="bbox 746 3818 2327 3888; baseline 0.006 -20"><span class='ocrx_word' id='word_1_415' title='bbox 746 3827 1036 3887; x_wconf 79' lang='lat' dir='ltr'><strong>propterea</strong></span> <span class='ocrx_word' id='word_1_416' title='bbox 1079 3818 1224 3888; x_wconf 87' lang='lat' dir='ltr'><strong>quod</strong></span> <span class='ocrx_word' id='word_1_417' title='bbox 1276 3834 1341 3873; x_wconf 76' lang='lat' dir='ltr'><strong>ex</strong></span> <span class='ocrx_word' id='word_1_418' title='bbox 1388 3818 1479 3874; x_wconf 90' lang='lat' dir='ltr'><strong>Dei</strong></span> <span class='ocrx_word' id='word_1_419' title='bbox 1531 3835 1594 3874; x_wconf 85' lang='lat' dir='ltr'><strong>ac</strong></span> <span class='ocrx_word' id='word_1_420' title='bbox 1647 3820 1847 3885; x_wconf 84' lang='lat' dir='ltr'><strong>Patris,</strong></span> <span class='ocrx_word' id='word_1_421' title='bbox 1880 3831 1939 3876; x_wconf 88' lang='lat' dir='ltr'><strong>ut</strong></span> <span class='ocrx_word' id='word_1_422' title='bbox 1991 3822 2082 3877; x_wconf 89' lang='lat' dir='ltr'><strong>isti</strong></span> <span class='ocrx_word' id='word_1_423' title='bbox 2113 3824 2327 3888; x_wconf 87' lang='lat' dir='ltr'><strong>volunt,</strong></span> 
     </span>
    </p>
   </div>
   <div class='ocr_carea' id='block_1_55' title="bbox 743 3911 2329 3981">
    <p class='ocr_par' dir='ltr' id='par_1_55' title="bbox 743 3911 2329 3981">
     <span class='ocr_line' id='line_1_55' title="bbox 743 3911 2329 3981; baseline 0.003 -16"><span class='ocrx_word' id='word_1_424' title='bbox 743 3911 1058 3965; x_wconf 84' lang='lat' dir='ltr'><strong>substantia</strong></span> <span class='ocrx_word' id='word_1_425' title='bbox 1097 3928 1204 3966; x_wconf 75' lang='lat' dir='ltr'><strong>non</strong></span> <span class='ocrx_word' id='word_1_426' title='bbox 1235 3914 1476 3973; x_wconf 77' lang='lat' dir='ltr'><strong>exsistit,</strong></span> <span class='ocrx_word' id='word_1_427' title='bbox 1514 3914 1643 3981; x_wconf 91' lang='lat' dir='ltr'><strong>quid</strong></span> <span class='ocrx_word' id='word_1_428' title='bbox 1675 3930 1858 3969; x_wconf 65' lang='lat' dir='ltr'><strong>causae</strong></span> <span class='ocrx_word' id='word_1_429' title='bbox 1888 3924 1973 3971; x_wconf 89' lang='lat' dir='ltr'><strong>est</strong></span> <span class='ocrx_word' id='word_1_430' title='bbox 2006 3931 2106 3970; x_wconf 89' lang='lat' dir='ltr'><strong>cur</strong></span> <span class='ocrx_word' id='word_1_431' title='bbox 2137 3916 2329 3970; x_wconf 85' lang='lat' dir='ltr'><strong>beatus</strong></span> 
     </span>
    </p>
   </div>
   <div class='ocr_carea' id='block_1_56' title="bbox 747 3984 2326 4065">
    <p class='ocr_par' dir='ltr' id='par_1_56' title="bbox 747 3984 2326 4065">
     <span class='ocr_line' id='line_1_56' title="bbox 747 3984 2326 4065; baseline 0.002 -10"><span class='ocrx_word' id='word_1_432' title='bbox 747 4002 1040 4057; x_wconf 81' lang='lat' dir='ltr'><strong>I’salmista</strong></span> <span class='ocrx_word' id='word_1_433' title='bbox 1072 3984 1243 4057; x_wconf 58' lang='lat' dir='ltr'><strong>culos</strong></span> <span class='ocrx_word' id='word_1_434' title='bbox 1292 4004 1627 4057; x_wconf 83' lang='lat' dir='ltr'><strong>transituros</strong></span> <span class='ocrx_word' id='word_1_435' title='bbox 1655 4014 1837 4065; x_wconf 60' lang='lat' dir='ltr'><strong>canat.</strong></span> <span class='ocrx_word' id='word_1_436' title='bbox 1874 4014 1928 4060; x_wconf 89' lang='lat' dir='ltr'><strong>et</strong></span> <span class='ocrx_word' id='word_1_437' title='bbox 1972 4006 2118 4060; x_wconf 89' lang='lat' dir='ltr'><strong>sicut</strong></span> <span class='ocrx_word' id='word_1_438' title='bbox 2160 4006 2326 4060; x_wconf 85' lang='lat' dir='ltr'><strong>vesti-</strong></span> 
     </span>
    </p>
   </div>
   <div class='ocr_carea' id='block_1_57' title="bbox 744 4093 2325 4157">
    <p class='ocr_par' dir='ltr' id='par_1_57' title="bbox 744 4093 2325 4157">
     <span class='ocr_line' id='line_1_57' title="bbox 744 4093 2325 4157; baseline 0.002 -12"><span class='ocrx_word' id='word_1_439' title='bbox 744 4102 993 4146; x_wconf 87' lang='lat' dir='ltr'><strong>mentum</strong></span> <span class='ocrx_word' id='word_1_440' title='bbox 1031 4093 1399 4152; x_wconf 83' lang='lat' dir='ltr'><strong>inveteratum</strong></span> <span class='ocrx_word' id='word_1_441' title='bbox 1435 4094 1525 4157; x_wconf 89' lang='lat' dir='ltr'><strong>iri,</strong></span> <span class='ocrx_word' id='word_1_442' title='bbox 1568 4095 1615 4147; x_wconf 87' lang='lat' dir='ltr'><strong>ei</strong></span> <span class='ocrx_word' id='word_1_443' title='bbox 1656 4102 1838 4148; x_wconf 86' lang='lat' dir='ltr'><strong>autem</strong></span> <span class='ocrx_word' id='word_1_444' title='bbox 1873 4096 2022 4149; x_wconf 86' lang='lat' dir='ltr'><strong>velut</strong></span> <span class='ocrx_word' id='word_1_445' title='bbox 2066 4096 2325 4149; x_wconf 82' lang='lat' dir='ltr'><strong>eximium</strong></span> 
     </span>
    </p>
   </div>
   <div class='ocr_carea' id='block_1_58' title="bbox 743 4184 2330 4259">
    <p class='ocr_par' dir='ltr' id='par_1_58' title="bbox 743 4184 2330 4259">
     <span class='ocr_line' id='line_1_58' title="bbox 743 4184 2330 4259; baseline 0.002 -23"><span class='ocrx_word' id='word_1_446' title='bbox 743 4184 1010 4251; x_wconf 88' lang='lat' dir='ltr'><strong>quiddam</strong></span> <span class='ocrx_word' id='word_1_447' title='bbox 1065 4200 1129 4239; x_wconf 90' lang='lat' dir='ltr'><strong>ac</strong></span> <span class='ocrx_word' id='word_1_448' title='bbox 1178 4186 1458 4259; x_wconf 79' lang='lat' dir='ltr'><strong>singulare</strong></span> <span class='ocrx_word' id='word_1_449' title='bbox 1493 4186 1719 4249; x_wconf 86' lang='lat' dir='ltr'><strong>tribuat,</strong></span> <span class='ocrx_word' id='word_1_450' title='bbox 1771 4188 1964 4241; x_wconf 84' lang='lat' dir='ltr'><strong>dicens</strong></span> <span class='ocrx_word' id='word_1_451' title='bbox 2000 4208 2010 4240; x_wconf 80' lang='lat'><strong>.</strong></span> <span class='ocrx_word' id='word_1_452' title='bbox 2051 4206 2069 4238; x_wconf 85' lang='grc'><strong>‹</strong></span> <span class='ocrx_word' id='word_1_453' title='bbox 2111 4186 2188 4240; x_wconf 92' lang='lat' dir='ltr'><strong>Tu</strong></span> <span class='ocrx_word' id='word_1_454' title='bbox 2231 4203 2330 4239; x_wconf 87' lang='lat' dir='ltr'><strong>au-</strong></span> 
     </span>
    </p>
   </div>
   <div class='ocr_carea' id='block_1_59' title="bbox 746 4271 2321 4346">
    <p class='ocr_par' dir='ltr' id='par_1_59' title="bbox 746 4271 2321 4346">
     <span class='ocr_line' id='line_1_59' title="bbox 746 4271 2321 4346; baseline 0.001 -17"><span class='ocrx_word' id='word_1_455' title='bbox 746 4286 854 4330; x_wconf 91' lang='lat' dir='ltr'><strong>tem</strong></span> <span class='ocrx_word' id='word_1_456' title='bbox 898 4271 1040 4332; x_wconf 86' lang='lat' dir='ltr'><strong>idem</strong></span> <span class='ocrx_word' id='word_1_457' title='bbox 1092 4280 1208 4346; x_wconf 87' lang='lat' dir='ltr'><strong>ipse</strong></span> <span class='ocrx_word' id='word_1_458' title='bbox 1239 4294 1319 4341; x_wconf 90' lang='lat' dir='ltr'><strong>es,</strong></span> <span class='ocrx_word' id='word_1_459' title='bbox 1352 4288 1407 4331; x_wconf 90' lang='lat' dir='ltr'><strong>et</strong></span> <span class='ocrx_word' id='word_1_460' title='bbox 1442 4280 1573 4331; x_wconf 89' lang='lat' dir='ltr'><strong>anui</strong></span> <span class='ocrx_word' id='word_1_461' title='bbox 1622 4280 1699 4331; x_wconf 94' lang='lat' dir='ltr'><strong>tui</strong></span> <span class='ocrx_word' id='word_1_462' title='bbox 1734 4294 1841 4332; x_wconf 92' lang='lat' dir='ltr'><strong>non</strong></span> <span class='ocrx_word' id='word_1_463' title='bbox 1896 4279 2160 4333; x_wconf 77' lang='lat' dir='ltr'><strong>deficient</strong></span> <span class='ocrx_word' id='word_1_464' title='bbox 2190 4279 2252 4332; x_wconf 81' lang='lat'><strong>&quot;.</strong></span> <span class='ocrx_word' id='word_1_465' title='bbox 2303 4298 2321 4331; x_wconf 74' lang='grc' dir='ltr'><strong>ι</strong></span> 
     </span>
    </p>
   </div>
   <div class='ocr_carea' id='block_1_60' title="bbox 746 4370 2325 4439">
    <p class='ocr_par' dir='ltr' id='par_1_60' title="bbox 746 4370 2325 4439">
     <span class='ocr_line' id='line_1_60' title="bbox 746 4370 2325 4439; baseline 0.001 -16"><span class='ocrx_word' id='word_1_466' title='bbox 746 4373 853 4424; x_wconf 82' lang='lat' dir='ltr'><strong>Aut</strong></span> <span class='ocrx_word' id='word_1_467' title='bbox 885 4371 1033 4424; x_wconf 84' lang='lat' dir='ltr'><strong>enim</strong></span> <span class='ocrx_word' id='word_1_468' title='bbox 1076 4370 1200 4439; x_wconf 85' lang='lat' dir='ltr'><strong>ipse</strong></span> <span class='ocrx_word' id='word_1_469' title='bbox 1250 4370 1537 4425; x_wconf 79' lang='lat' dir='ltr'><strong>nobiscum</strong></span> <span class='ocrx_word' id='word_1_470' title='bbox 1588 4373 1835 4425; x_wconf 85' lang='lat' dir='ltr'><strong>interibit</strong></span> <span class='ocrx_word' id='word_1_471' title='bbox 1872 4387 1937 4427; x_wconf 85' lang='lat' dir='ltr'><strong>ac</strong></span> <span class='ocrx_word' id='word_1_472' title='bbox 1967 4372 2205 4435; x_wconf 79' lang='lat' dir='ltr'><strong>deﬁciet,</strong></span> <span class='ocrx_word' id='word_1_473' title='bbox 2238 4380 2325 4425; x_wconf 90' lang='lat' dir='ltr'><strong>ut-</strong></span> 
     </span>
    </p>
   </div>
   <div class='ocr_carea' id='block_1_61' title="bbox 746 4461 2326 4533">
    <p class='ocr_par' dir='ltr' id='par_1_61' title="bbox 746 4461 2326 4533">
     <span class='ocr_line' id='line_1_61' title="bbox 746 4461 2326 4533; baseline 0.001 -18"><span class='ocrx_word' id='word_1_474' title='bbox 746 4473 870 4532; x_wconf 90' lang='lat' dir='ltr'><strong>pote</strong></span> <span class='ocrx_word' id='word_1_475' title='bbox 909 4461 1152 4530; x_wconf 80' lang='lat' dir='ltr'><strong>ejusdem</strong></span> <span class='ocrx_word' id='word_1_476' title='bbox 1193 4472 1425 4525; x_wconf 84' lang='lat' dir='ltr'><strong>naturae,</strong></span> <span class='ocrx_word' id='word_1_477' title='bbox 1471 4480 1573 4518; x_wconf 90' lang='lat' dir='ltr'><strong>nec</strong></span> <span class='ocrx_word' id='word_1_478' title='bbox 1605 4465 1843 4533; x_wconf 87' lang='lat' dir='ltr'><strong>amplius</strong></span> <span class='ocrx_word' id='word_1_479' title='bbox 1879 4464 1987 4517; x_wconf 73' lang='lat' dir='ltr'><strong>vita</strong></span> <span class='ocrx_word' id='word_1_480' title='bbox 2036 4478 2157 4519; x_wconf 86' lang='lat' dir='ltr'><strong>esse</strong></span> <span class='ocrx_word' id='word_1_481' title='bbox 2191 4478 2326 4518; x_wconf 77' lang='lat' dir='ltr'><strong>cen-</strong></span> 
     </span>
    </p>
   </div>
   <div class='ocr_carea' id='block_1_62' title="bbox 2431 1976 4020 2048">
    <p class='ocr_par' dir='ltr' id='par_1_62' title="bbox 2431 1976 4020 2048">
     <span class='ocr_line' id='line_1_62' title="bbox 2431 1976 4020 2048; baseline -0.001 -18"><span class='ocrx_word' id='word_1_482' title='bbox 2431 1976 2579 2047; x_wconf 80' lang='grc' dir='ltr'>ζωῆς</span> <span class='ocrx_word' id='word_1_483' title='bbox 2621 1978 2892 2048; x_wconf 69' lang='grc' dir='ltr'>χρῄζοντα</span> <span class='ocrx_word' id='word_1_484' title='bbox 2933 1978 3026 2031; x_wconf 76' lang='grc' dir='ltr'>τοῦ</span> <span class='ocrx_word' id='word_1_485' title='bbox 3074 1976 3225 2031; x_wconf 80' lang='grc' dir='ltr'><strong>Υἱοῦ.</strong></span> <span class='ocrx_word' id='word_1_486' title='bbox 3264 1978 3441 2041; x_wconf 79' lang='grc' dir='ltr'>Μόνος</span> <span class='ocrx_word' id='word_1_487' title='bbox 3474 1979 3580 2048; x_wconf 78' lang='grc' dir='ltr'>ἄρα</span> <span class='ocrx_word' id='word_1_488' title='bbox 3619 1979 3767 2030; x_wconf 62' lang='grc' dir='ltr'>ἐστὶν</span> <span class='ocrx_word' id='word_1_489' title='bbox 3794 1979 3823 2029; x_wconf 90' lang='lat'><strong>6</strong></span> <span class='ocrx_word' id='word_1_490' title='bbox 3851 1977 4020 2030; x_wconf 68' lang='grc' dir='ltr'>Μονο-</span> 
     </span>
    </p>
   </div>
   <div class='ocr_carea' id='block_1_63' title="bbox 2431 2069 4022 2141">
    <p class='ocr_par' dir='ltr' id='par_1_63' title="bbox 2431 2069 4022 2141">
     <span class='ocr_line' id='line_1_63' title="bbox 2431 2069 4022 2141; baseline 0 -19"><span class='ocrx_word' id='word_1_491' title='bbox 2431 2072 2594 2140; x_wconf 82' lang='grc' dir='ltr'>γενὴς</span> <span class='ocrx_word' id='word_1_492' title='bbox 2628 2072 2768 2124; x_wconf 80' lang='grc' dir='ltr'>κατὰ</span> <span class='ocrx_word' id='word_1_493' title='bbox 2803 2090 2964 2140; x_wconf 81' lang='grc' dir='ltr'>φυσιν</span> <span class='ocrx_word' id='word_1_494' title='bbox 2994 2071 3128 2141; x_wconf 77' lang='grc' dir='ltr'>ζωὴ,</span> <span class='ocrx_word' id='word_1_495' title='bbox 3161 2072 3253 2124; x_wconf 70' lang='grc' dir='ltr'><strong>καὶ</strong></span> <span class='ocrx_word' id='word_1_496' title='bbox 3291 2073 3392 2125; x_wconf 79' lang='grc' dir='ltr'><strong>οὑκ</strong></span> <span class='ocrx_word' id='word_1_497' title='bbox 3419 2071 3479 2123; x_wconf 82' lang='grc' dir='ltr'>ὲν</span> <span class='ocrx_word' id='word_1_498' title='bbox 3510 2073 3619 2133; x_wconf 86' lang='grc' dir='ltr'>τοῖς</span> <span class='ocrx_word' id='word_1_499' title='bbox 3649 2072 3894 2139; x_wconf 75' lang='grc' dir='ltr'>γενητοῖς</span> <span class='ocrx_word' id='word_1_500' title='bbox 3938 2069 4022 2122; x_wconf 70' lang='grc' dir='ltr'><strong>διὰ</strong></span> 
     </span>
    </p>
   </div>
   <div class='ocr_carea' id='block_1_64' title="bbox 2430 2161 4023 2233">
    <p class='ocr_par' dir='ltr' id='par_1_64' title="bbox 2430 2161 4023 2233">
     <span class='ocr_line' id='line_1_64' title="bbox 2430 2161 4023 2233; baseline 0.001 -19"><span class='ocrx_word' id='word_1_501' title='bbox 2430 2161 2588 2214; x_wconf 80' lang='grc' dir='ltr'>τοῦτο</span> <span class='ocrx_word' id='word_1_502' title='bbox 2612 2162 2914 2229; x_wconf 78' lang='grc' dir='ltr'>τετάξεται,</span> <span class='ocrx_word' id='word_1_503' title='bbox 2935 2163 3144 2225; x_wconf 78' lang='grc' dir='ltr'>ἀλλἐίς</span> <span class='ocrx_word' id='word_1_504' title='bbox 3179 2163 3281 2233; x_wconf 74' lang='grc' dir='ltr'>τὴν</span> <span class='ocrx_word' id='word_1_505' title='bbox 3305 2162 3396 2215; x_wconf 81' lang='grc' dir='ltr'>τοῦ</span> <span class='ocrx_word' id='word_1_506' title='bbox 3425 2164 3673 2227; x_wconf 79' lang='grc' dir='ltr'>τεκόντος</span> <span class='ocrx_word' id='word_1_507' title='bbox 3704 2163 3866 2217; x_wconf 72' lang='grc' dir='ltr'>αὑτὸν</span> <span class='ocrx_word' id='word_1_508' title='bbox 3898 2164 4023 2215; x_wconf 81' lang='grc' dir='ltr'>ἁνα-</span> 
     </span>
    </p>
   </div>
   <div class='ocr_carea' id='block_1_65' title="bbox 2431 2254 4019 2327">
    <p class='ocr_par' dir='ltr' id='par_1_65' title="bbox 2431 2254 4019 2327">
     <span class='ocr_line' id='line_1_65' title="bbox 2431 2254 4019 2327; baseline 0.001 -20"><span class='ocrx_word' id='word_1_509' title='bbox 2431 2255 2659 2326; x_wconf 80' lang='grc' dir='ltr'>6ήσεται</span> <span class='ocrx_word' id='word_1_510' title='bbox 2708 2256 2899 2324; x_wconf 71' lang='grc' dir='ltr'>φύσιν·</span> <span class='ocrx_word' id='word_1_511' title='bbox 2943 2254 3055 2327; x_wconf 81' lang='grc' dir='ltr'>ζωὴ</span> <span class='ocrx_word' id='word_1_512' title='bbox 3087 2254 3195 2325; x_wconf 76' lang='grc' dir='ltr'>γὰρ</span> <span class='ocrx_word' id='word_1_513' title='bbox 3250 2255 3392 2309; x_wconf 78' lang='grc' dir='ltr'>κατά</span> <span class='ocrx_word' id='word_1_514' title='bbox 3432 2256 3591 2326; x_wconf 76' lang='grc' dir='ltr'>φύσιν</span> <span class='ocrx_word' id='word_1_515' title='bbox 3620 2257 3711 2310; x_wconf 75' lang='grc' dir='ltr'><strong>καὶ</strong></span> <span class='ocrx_word' id='word_1_516' title='bbox 3740 2257 3768 2309; x_wconf 97' lang='lat'><strong>6</strong></span> <span class='ocrx_word' id='word_1_517' title='bbox 3810 2258 4019 2326; x_wconf 75' lang='grc' dir='ltr'>Πατήρ.</span> 
     </span>
    </p>
   </div>
   <div class='ocr_carea' id='block_1_66' title="bbox 2502 2435 4023 2507">
    <p class='ocr_par' dir='ltr' id='par_1_66' title="bbox 2502 2435 4023 2507">
     <span class='ocr_line' id='line_1_66' title="bbox 2502 2435 4023 2507; baseline 0 -20"><span class='ocrx_word' id='word_1_518' title='bbox 2502 2437 2707 2488; x_wconf 79' lang='grc' dir='ltr'><strong>ΑΛΛΟ.</strong></span> <span class='ocrx_word' id='word_1_519' title='bbox 2756 2435 2876 2506; x_wconf 80' lang='grc' dir='ltr'><strong>Ζωὴ</strong></span> <span class='ocrx_word' id='word_1_520' title='bbox 2910 2435 3049 2490; x_wconf 85' lang='grc' dir='ltr'>κατὰ</span> <span class='ocrx_word' id='word_1_521' title='bbox 3095 2435 3255 2504; x_wconf 79' lang='grc' dir='ltr'>φύσιν</span> <span class='ocrx_word' id='word_1_522' title='bbox 3288 2435 3551 2507; x_wconf 77' lang='grc' dir='ltr'>ὑπάρχων</span> <span class='ocrx_word' id='word_1_523' title='bbox 3589 2439 3617 2489; x_wconf 91' lang='lat'><strong>6</strong></span> <span class='ocrx_word' id='word_1_524' title='bbox 3657 2436 3805 2499; x_wconf 76' lang='grc' dir='ltr'>Υἱὸς,</span> <span class='ocrx_word' id='word_1_525' title='bbox 3832 2435 4023 2505; x_wconf 77' lang='grc' dir='ltr'>ἕτερός</span> 
     </span>
    </p>
   </div>
   <div class='ocr_carea' id='block_1_67' title="bbox 2429 2524 4019 2596">
    <p class='ocr_par' dir='ltr' id='par_1_67' title="bbox 2429 2524 4019 2596">
     <span class='ocr_line' id='line_1_67' title="bbox 2429 2524 4019 2596; baseline 0 -20"><span class='ocrx_word' id='word_1_526' title='bbox 2429 2524 2546 2577; x_wconf 79' lang='grc' dir='ltr'>ἐστι</span> <span class='ocrx_word' id='word_1_527' title='bbox 2578 2526 2731 2594; x_wconf 68' lang='grc' dir='ltr'>παρὰ</span> <span class='ocrx_word' id='word_1_528' title='bbox 2752 2525 2849 2594; x_wconf 77' lang='grc' dir='ltr'><strong>τὴν</strong></span> <span class='ocrx_word' id='word_1_529' title='bbox 2879 2527 3075 2590; x_wconf 83' lang='grc' dir='ltr'>κτίσιν,</span> <span class='ocrx_word' id='word_1_530' title='bbox 3108 2526 3268 2596; x_wconf 77' lang='grc' dir='ltr'>δῆλον</span> <span class='ocrx_word' id='word_1_531' title='bbox 3297 2525 3352 2578; x_wconf 84' lang='grc' dir='ltr'>δὲ</span> <span class='ocrx_word' id='word_1_532' title='bbox 3383 2527 3461 2579; x_wconf 85' lang='grc' dir='ltr'>ὅτι</span> <span class='ocrx_word' id='word_1_533' title='bbox 3495 2526 3636 2579; x_wconf 80' lang='grc' dir='ltr'>κατὰ</span> <span class='ocrx_word' id='word_1_534' title='bbox 3656 2526 3753 2595; x_wconf 76' lang='grc' dir='ltr'><strong>τὴν</strong></span> <span class='ocrx_word' id='word_1_535' title='bbox 3780 2526 3961 2592; x_wconf 73' lang='grc' dir='ltr'>φύσιν,</span> <span class='ocrx_word' id='word_1_536' title='bbox 3987 2526 4019 2592; x_wconf 80' lang='grc' dir='ltr'><strong>ἢ</strong></span> 
     </span>
    </p>
   </div>
   <div class='ocr_carea' id='block_1_68' title="bbox 2429 2613 4024 2688">
    <p class='ocr_par' dir='ltr' id='par_1_68' title="bbox 2429 2613 4024 2688">
     <span class='ocr_line' id='line_1_68' title="bbox 2429 2613 4024 2688; baseline -0.002 -18"><span class='ocrx_word' id='word_1_537' title='bbox 2429 2616 2673 2687; x_wconf 72' lang='grc' dir='ltr'>ὁμοφυὴς</span> <span class='ocrx_word' id='word_1_538' title='bbox 2718 2618 2911 2688; x_wconf 77' lang='grc' dir='ltr'>ταύτῃ.</span> <span class='ocrx_word' id='word_1_539' title='bbox 2969 2619 3028 2669; x_wconf 74' lang='grc' dir='ltr'><strong>Εἰ</strong></span> <span class='ocrx_word' id='word_1_540' title='bbox 3096 2617 3194 2685; x_wconf 77' lang='grc' dir='ltr'><strong>μὲν</strong></span> <span class='ocrx_word' id='word_1_541' title='bbox 3239 2613 3330 2671; x_wconf 71' lang='grc' dir='ltr'><strong>οὖν</strong></span> <span class='ocrx_word' id='word_1_542' title='bbox 3377 2619 3622 2688; x_wconf 77' lang='grc' dir='ltr'>ὁμοφυής</span> <span class='ocrx_word' id='word_1_543' title='bbox 3663 2617 3725 2669; x_wconf 83' lang='grc' dir='ltr'>τέ</span> <span class='ocrx_word' id='word_1_544' title='bbox 3775 2618 3892 2668; x_wconf 80' lang='grc' dir='ltr'>ἐστι</span> <span class='ocrx_word' id='word_1_545' title='bbox 3931 2618 4024 2668; x_wconf 73' lang='grc' dir='ltr'><strong>καὶ</strong></span> 
     </span>
    </p>
   </div>
   <div class='ocr_carea' id='block_1_69' title="bbox 2428 2708 4022 2780">
    <p class='ocr_par' dir='ltr' id='par_1_69' title="bbox 2428 2708 4022 2780">
     <span class='ocr_line' id='line_1_69' title="bbox 2428 2708 4022 2780; baseline -0.003 -17"><span class='ocrx_word' id='word_1_546' title='bbox 2428 2710 2713 2780; x_wconf 75' lang='grc' dir='ltr'>ὀμοοὺσιος</span> <span class='ocrx_word' id='word_1_547' title='bbox 2739 2753 2754 2777; x_wconf 88' lang='grc'><strong>,</strong></span> <span class='ocrx_word' id='word_1_548' title='bbox 2778 2712 2894 2773; x_wconf 81' lang='grc' dir='ltr'>πῶς</span> <span class='ocrx_word' id='word_1_549' title='bbox 2936 2728 2996 2763; x_wconf 84' lang='grc' dir='ltr'>ου</span> <span class='ocrx_word' id='word_1_550' title='bbox 3044 2711 3395 2779; x_wconf 71' lang='grc' dir='ltr'>διαψευσεται</span> <span class='ocrx_word' id='word_1_551' title='bbox 3437 2711 3630 2777; x_wconf 81' lang='grc' dir='ltr'>λέγων,</span> <span class='ocrx_word' id='word_1_552' title='bbox 3668 2728 3687 2759; x_wconf 73' lang='grc' dir='ltr'><strong>ι</strong></span> <span class='ocrx_word' id='word_1_553' title='bbox 3738 2708 3881 2774; x_wconf 81' lang='grc' dir='ltr'>Ἐγώ</span> <span class='ocrx_word' id='word_1_554' title='bbox 3907 2710 4022 2775; x_wconf 66' lang='grc' dir='ltr'>εἰμι</span> 
     </span>
    </p>
   </div>
   <div class='ocr_carea' id='block_1_70' title="bbox 2427 2800 4025 2871">
    <p class='ocr_par' dir='ltr' id='par_1_70' title="bbox 2427 2800 4025 2871">
     <span class='ocr_line' id='line_1_70' title="bbox 2427 2800 4025 2871; baseline -0.001 -16"><span class='ocrx_word' id='word_1_555' title='bbox 2427 2805 2456 2855; x_wconf 91' lang='lat'><strong>6</strong></span> <span class='ocrx_word' id='word_1_556' title='bbox 2498 2804 2659 2871; x_wconf 80' lang='grc' dir='ltr'>ἄρτος</span> <span class='ocrx_word' id='word_1_557' title='bbox 2688 2803 2787 2871; x_wconf 82' lang='grc' dir='ltr'>τῆς</span> <span class='ocrx_word' id='word_1_558' title='bbox 2817 2803 2962 2871; x_wconf 82' lang='grc' dir='ltr'>ζωῆς</span> <span class='ocrx_word' id='word_1_559' title='bbox 2990 2804 3018 2855; x_wconf 93' lang='lat'><strong>6</strong></span> <span class='ocrx_word' id='word_1_560' title='bbox 3044 2802 3387 2855; x_wconf 82' lang='grc' dir='ltr'>καταϐαίνων</span> <span class='ocrx_word' id='word_1_561' title='bbox 3417 2804 3479 2855; x_wconf 81' lang='grc' dir='ltr'><strong>ἐκ</strong></span> <span class='ocrx_word' id='word_1_562' title='bbox 3507 2801 3599 2854; x_wconf 67' lang='grc' dir='ltr'>τοῦ</span> <span class='ocrx_word' id='word_1_563' title='bbox 3637 2800 3891 2870; x_wconf 74' lang='grc' dir='ltr'>ο’“ιρανοῦ.</span> <span class='ocrx_word' id='word_1_564' title='bbox 3930 2801 4025 2853; x_wconf 69' lang='grc' dir='ltr'><strong>καὶ</strong></span> 
     </span>
    </p>
   </div>
   <div class='ocr_carea' id='block_1_71' title="bbox 2429 2893 4025 2965">
    <p class='ocr_par' dir='ltr' id='par_1_71' title="bbox 2429 2893 4025 2965">
     <span class='ocr_line' id='line_1_71' title="bbox 2429 2893 4025 2965; baseline -0.001 -18"><span class='ocrx_word' id='word_1_565' title='bbox 2429 2894 2572 2965; x_wconf 83' lang='grc' dir='ltr'>ζωὴν</span> <span class='ocrx_word' id='word_1_566' title='bbox 2604 2894 2776 2957; x_wconf 71' lang='grc' dir='ltr'>διδοὺς</span> <span class='ocrx_word' id='word_1_567' title='bbox 2806 2893 2882 2962; x_wconf 77' lang='grc' dir='ltr'><strong>τῷ</strong></span> <span class='ocrx_word' id='word_1_568' title='bbox 2924 2894 3134 2964; x_wconf 76' lang='grc' dir='ltr'>κόσμῳς</span> <span class='ocrx_word' id='word_1_569' title='bbox 3174 2912 3190 2944; x_wconf 76' lang='grc' dir='ltr'><strong>ι</strong></span> <span class='ocrx_word' id='word_1_570' title='bbox 3228 2896 3382 2963; x_wconf 83' lang='grc' dir='ltr'>Ἔχει</span> <span class='ocrx_word' id='word_1_571' title='bbox 3417 2895 3582 2964; x_wconf 74' lang='grc' dir='ltr'>γὶιρή</span> <span class='ocrx_word' id='word_1_572' title='bbox 3615 2895 3788 2956; x_wconf 77' lang='grc' dir='ltr'>κτίσις</span> <span class='ocrx_word' id='word_1_573' title='bbox 3811 2894 4025 2947; x_wconf 78' lang='grc' dir='ltr'>οἴκοθεν</span> 
     </span>
    </p>
   </div>
   <div class='ocr_carea' id='block_1_72' title="bbox 2427 2981 4025 3056">
    <p class='ocr_par' dir='ltr' id='par_1_72' title="bbox 2427 2981 4025 3056">
     <span class='ocr_line' id='line_1_72' title="bbox 2427 2981 4025 3056; baseline 0.001 -18"><span class='ocrx_word' id='word_1_574' title='bbox 2427 2987 2487 3039; x_wconf 80' lang='grc' dir='ltr'>τὸ</span> <span class='ocrx_word' id='word_1_575' title='bbox 2527 2981 2666 3038; x_wconf 82' lang='grc' dir='ltr'>εἶναι</span> <span class='ocrx_word' id='word_1_576' title='bbox 2716 2987 2849 3056; x_wconf 80' lang='grc' dir='ltr'>ζωή·</span> <span class='ocrx_word' id='word_1_577' title='bbox 2884 2986 2997 3056; x_wconf 86' lang='grc' dir='ltr'>ζωὴ</span> <span class='ocrx_word' id='word_1_578' title='bbox 3030 2987 3084 3039; x_wconf 83' lang='grc' dir='ltr'>δὲ</span> <span class='ocrx_word' id='word_1_579' title='bbox 3130 2984 3277 3053; x_wconf 82' lang='grc' dir='ltr'>ζωῆς</span> <span class='ocrx_word' id='word_1_580' title='bbox 3318 2986 3604 3055; x_wconf 81' lang='grc' dir='ltr'>ἀμέτοχος,</span> <span class='ocrx_word' id='word_1_581' title='bbox 3648 2987 3734 3037; x_wconf 75' lang='grc' dir='ltr'><strong>ἵνα</strong></span> <span class='ocrx_word' id='word_1_582' title='bbox 3766 2986 4025 3055; x_wconf 65' lang='grc' dir='ltr'>φαίνηται</span> 
     </span>
    </p>
   </div>
   <div class='ocr_carea' id='block_1_73' title="bbox 2428 3072 4026 3150">
    <p class='ocr_par' dir='ltr' id='par_1_73' title="bbox 2428 3072 4026 3150">
     <span class='ocr_line' id='line_1_73' title="bbox 2428 3072 4026 3150; baseline -0.003 -19"><span class='ocrx_word' id='word_1_583' title='bbox 2428 3078 2563 3150; x_wconf 81' lang='grc' dir='ltr'>ζωή.</span> <span class='ocrx_word' id='word_1_584' title='bbox 2606 3080 2665 3133; x_wconf 81' lang='grc' dir='ltr'><strong>Εἰ</strong></span> <span class='ocrx_word' id='word_1_585' title='bbox 2695 3078 2751 3131; x_wconf 81' lang='grc' dir='ltr'>δὲ</span> <span class='ocrx_word' id='word_1_586' title='bbox 2782 3080 2882 3131; x_wconf 75' lang='grc' dir='ltr'><strong>οὐκ</strong></span> <span class='ocrx_word' id='word_1_587' title='bbox 2924 3078 3072 3131; x_wconf 81' lang='grc' dir='ltr'>ἔστιν</span> <span class='ocrx_word' id='word_1_588' title='bbox 3097 3077 3362 3147; x_wconf 80' lang='grc' dir='ltr'>ὁμοφυὴς,</span> <span class='ocrx_word' id='word_1_589' title='bbox 3396 3078 3490 3130; x_wconf 65' lang='grc' dir='ltr'><strong>καὶ</strong></span> <span class='ocrx_word' id='word_1_590' title='bbox 3535 3078 3594 3129; x_wconf 88' lang='grc' dir='ltr'><strong>τὸ</strong></span> <span class='ocrx_word' id='word_1_591' title='bbox 3633 3072 3771 3130; x_wconf 78' lang='grc' dir='ltr'>εἶναι</span> <span class='ocrx_word' id='word_1_592' title='bbox 3794 3078 4026 3146; x_wconf 72' lang='grc' dir='ltr'>γενητ&gt;ις</span> 
     </span>
    </p>
   </div>
   <div class='ocr_carea' id='block_1_74' title="bbox 2429 3169 4027 3239">
    <p class='ocr_par' dir='ltr' id='par_1_74' title="bbox 2429 3169 4027 3239">
     <span class='ocr_line' id='line_1_74' title="bbox 2429 3169 4027 3239; baseline -0.001 -16"><span class='ocrx_word' id='word_1_593' title='bbox 2429 3170 2806 3238; x_wconf 64' lang='grc' dir='ltr'>διαφεύξεται,</span> <span class='ocrx_word' id='word_1_594' title='bbox 2839 3170 3168 3234; x_wconf 79' lang='grc' dir='ltr'>συνεξέλκων</span> <span class='ocrx_word' id='word_1_595' title='bbox 3220 3169 3401 3239; x_wconf 79' lang='grc' dir='ltr'>ἐαυτῷ</span> <span class='ocrx_word' id='word_1_596' title='bbox 3430 3172 3529 3239; x_wconf 80' lang='grc' dir='ltr'><strong>τῆς</strong></span> <span class='ocrx_word' id='word_1_597' title='bbox 3569 3169 3798 3231; x_wconf 75' lang='grc' dir='ltr'>κτίσεως</span> <span class='ocrx_word' id='word_1_598' title='bbox 3841 3171 3935 3221; x_wconf 76' lang='grc' dir='ltr'><strong>καὶ</strong></span> <span class='ocrx_word' id='word_1_599' title='bbox 3964 3171 4027 3221; x_wconf 79' lang='grc' dir='ltr'><strong>τὸ</strong></span> 
     </span>
    </p>
   </div>
   <div class='ocr_carea' id='block_1_75' title="bbox 2436 3261 4022 3331">
    <p class='ocr_par' dir='ltr' id='par_1_75' title="bbox 2436 3261 4022 3331">
     <span class='ocr_line' id='line_1_75' title="bbox 2436 3261 4022 3331; baseline -0.001 -18"><span class='ocrx_word' id='word_1_600' title='bbox 2436 3263 2564 3315; x_wconf 86' lang='grc' dir='ltr'>ίδιον</span> <span class='ocrx_word' id='word_1_601' title='bbox 2625 3261 2848 3329; x_wconf 80' lang='grc' dir='ltr'>ἀγαθόν.</span> <span class='ocrx_word' id='word_1_602' title='bbox 2885 3261 2962 3312; x_wconf 89' lang='grc' dir='ltr'>Οὑ</span> <span class='ocrx_word' id='word_1_603' title='bbox 3007 3262 3114 3331; x_wconf 84' lang='grc' dir='ltr'><strong>γάρ</strong></span> <span class='ocrx_word' id='word_1_604' title='bbox 3157 3263 3189 3330; x_wconf 83' lang='grc' dir='ltr'>ἡ</span> <span class='ocrx_word' id='word_1_605' title='bbox 3228 3262 3406 3325; x_wconf 85' lang='grc' dir='ltr'>κτίσις</span> <span class='ocrx_word' id='word_1_606' title='bbox 3456 3263 3610 3315; x_wconf 81' lang='grc' dir='ltr'>ἔσται</span> <span class='ocrx_word' id='word_1_607' title='bbox 3662 3263 3801 3315; x_wconf 70' lang='grc' dir='ltr'>κατὰ</span> <span class='ocrx_word' id='word_1_608' title='bbox 3857 3262 4022 3331; x_wconf 66' lang='grc' dir='ltr'>φύσιν</span> 
     </span>
    </p>
   </div>
   <div class='ocr_carea' id='block_1_76' title="bbox 2432 3352 3730 3426">
    <p class='ocr_par' dir='ltr' id='par_1_76' title="bbox 2432 3352 3730 3426">
     <span class='ocr_line' id='line_1_76' title="bbox 2432 3352 3730 3426; baseline -0.001 -19"><span class='ocrx_word' id='word_1_609' title='bbox 2432 3354 2580 3426; x_wconf 84' lang='grc' dir='ltr'>ζωὴ,</span> <span class='ocrx_word' id='word_1_610' title='bbox 2609 3352 2753 3425; x_wconf 77' lang='grc' dir='ltr'>ζωῆς</span> <span class='ocrx_word' id='word_1_611' title='bbox 2781 3353 2838 3405; x_wconf 82' lang='grc' dir='ltr'>δὲ</span> <span class='ocrx_word' id='word_1_612' title='bbox 2864 3352 3063 3423; x_wconf 84' lang='grc' dir='ltr'>μᾶλλον</span> <span class='ocrx_word' id='word_1_613' title='bbox 3098 3352 3327 3424; x_wconf 81' lang='grc' dir='ltr'>δεομένη</span> <span class='ocrx_word' id='word_1_614' title='bbox 3355 3354 3450 3408; x_wconf 73' lang='grc' dir='ltr'><strong>καὶ</strong></span> <span class='ocrx_word' id='word_1_615' title='bbox 3486 3353 3730 3425; x_wconf 78' lang='grc' dir='ltr'>μέτοχος.</span> 
     </span>
    </p>
   </div>
   <div class='ocr_carea' id='block_1_77' title="bbox 2502 3637 4029 3709">
    <p class='ocr_par' dir='ltr' id='par_1_77' title="bbox 2502 3637 4029 3709">
     <span class='ocr_line' id='line_1_77' title="bbox 2502 3637 4029 3709; baseline -0.004 -13"><span class='ocrx_word' id='word_1_616' title='bbox 2502 3642 2704 3696; x_wconf 71' lang='grc' dir='ltr'><strong>ΑΛΔΟ.</strong></span> <span class='ocrx_word' id='word_1_617' title='bbox 2732 3642 2794 3694; x_wconf 84' lang='grc' dir='ltr'>Εἰ</span> <span class='ocrx_word' id='word_1_618' title='bbox 2824 3639 2937 3707; x_wconf 78' lang='grc' dir='ltr'>ζωὴ</span> <span class='ocrx_word' id='word_1_619' title='bbox 2981 3638 3124 3692; x_wconf 75' lang='grc' dir='ltr'>κατὰ</span> <span class='ocrx_word' id='word_1_620' title='bbox 3170 3638 3331 3707; x_wconf 76' lang='grc' dir='ltr'>φύσιν</span> <span class='ocrx_word' id='word_1_621' title='bbox 3359 3638 3621 3709; x_wconf 84' lang='grc' dir='ltr'>ὑπάρχων</span> <span class='ocrx_word' id='word_1_622' title='bbox 3650 3639 3678 3690; x_wconf 91' lang='lat'><strong>6</strong></span> <span class='ocrx_word' id='word_1_623' title='bbox 3705 3637 3851 3700; x_wconf 69' lang='grc' dir='ltr'>Υἱὸς,</span> <span class='ocrx_word' id='word_1_624' title='bbox 3894 3640 4029 3706; x_wconf 77' lang='grc' dir='ltr'>ὁμο-</span> 
     </span>
    </p>
   </div>
   <div class='ocr_carea' id='block_1_78' title="bbox 2432 3731 4032 3805">
    <p class='ocr_par' dir='ltr' id='par_1_78' title="bbox 2432 3731 4032 3805">
     <span class='ocr_line' id='line_1_78' title="bbox 2432 3731 4032 3805; baseline -0.002 -19"><span class='ocrx_word' id='word_1_625' title='bbox 2432 3736 2574 3805; x_wconf 82' lang='grc' dir='ltr'>φυής</span> <span class='ocrx_word' id='word_1_626' title='bbox 2602 3736 2718 3786; x_wconf 75' lang='grc' dir='ltr'>ἐστι</span> <span class='ocrx_word' id='word_1_627' title='bbox 2744 3736 2857 3796; x_wconf 90' lang='grc' dir='ltr'>τοῖς</span> <span class='ocrx_word' id='word_1_628' title='bbox 2891 3733 3306 3803; x_wconf 80' lang='grc' dir='ltr'>πεποιημένοις,</span> <span class='ocrx_word' id='word_1_629' title='bbox 3339 3732 3425 3785; x_wconf 83' lang='grc' dir='ltr'><strong>διὰ</strong></span> <span class='ocrx_word' id='word_1_630' title='bbox 3454 3733 3516 3784; x_wconf 83' lang='grc' dir='ltr'><strong>τὸ</strong></span> <span class='ocrx_word' id='word_1_631' title='bbox 3562 3731 3636 3801; x_wconf 82' lang='grc' dir='ltr'><strong>μὴ</strong></span> <span class='ocrx_word' id='word_1_632' title='bbox 3664 3731 3931 3801; x_wconf 75' lang='grc' dir='ltr'>ὑπάρχειν</span> <span class='ocrx_word' id='word_1_633' title='bbox 3967 3733 4032 3783; x_wconf 79' lang='grc' dir='ltr'>ἐκ</span> 
     </span>
    </p>
   </div>
   <div class='ocr_carea' id='block_1_79' title="bbox 2428 3822 4031 3897">
    <p class='ocr_par' dir='ltr' id='par_1_79' title="bbox 2428 3822 4031 3897">
     <span class='ocr_line' id='line_1_79' title="bbox 2428 3822 4031 3897; baseline -0.003 -18"><span class='ocrx_word' id='word_1_634' title='bbox 2428 3828 2528 3897; x_wconf 79' lang='grc' dir='ltr'>τῆς</span> <span class='ocrx_word' id='word_1_635' title='bbox 2578 3827 2767 3889; x_wconf 88' lang='grc' dir='ltr'>ο’σίας</span> <span class='ocrx_word' id='word_1_636' title='bbox 2793 3824 2887 3879; x_wconf 80' lang='grc' dir='ltr'>τοῦ</span> <span class='ocrx_word' id='word_1_637' title='bbox 2919 3824 3053 3878; x_wconf 77' lang='grc' dir='ltr'>Θεοῦ</span> <span class='ocrx_word' id='word_1_638' title='bbox 3088 3826 3182 3879; x_wconf 73' lang='grc' dir='ltr'><strong>καὶ</strong></span> <span class='ocrx_word' id='word_1_639' title='bbox 3226 3825 3460 3896; x_wconf 72' lang='grc' dir='ltr'>Πατρος,</span> <span class='ocrx_word' id='word_1_640' title='bbox 3499 3825 3640 3877; x_wconf 85' lang='grc' dir='ltr'>κατά</span> <span class='ocrx_word' id='word_1_641' title='bbox 3673 3840 3734 3891; x_wconf 84' lang='grc' dir='ltr'><strong>γε</strong></span> <span class='ocrx_word' id='word_1_642' title='bbox 3768 3822 3861 3875; x_wconf 75' lang='grc' dir='ltr'><strong>τὸν</strong></span> <span class='ocrx_word' id='word_1_643' title='bbox 3895 3825 4031 3894; x_wconf 79' lang='grc' dir='ltr'>παρ’</span> 
     </span>
    </p>
   </div>
   <div class='ocr_carea' id='block_1_80' title="bbox 2433 3915 4007 3988">
    <p class='ocr_par' dir='ltr' id='par_1_80' title="bbox 2433 3915 4007 3988">
     <span class='ocr_line' id='line_1_80' title="bbox 2433 3915 4007 3988; baseline -0.003 -15"><span class='ocrx_word' id='word_1_644' title='bbox 2433 3919 2662 3981; x_wconf 65' lang='grc' dir='ltr'>ἐκείνοις</span> <span class='ocrx_word' id='word_1_645' title='bbox 2692 3918 2865 3986; x_wconf 79' lang='grc' dir='ltr'>λόγον·</span> <span class='ocrx_word' id='word_1_646' title='bbox 2900 3918 3023 3970; x_wconf 84' lang='grc' dir='ltr'>ὅτου</span> <span class='ocrx_word' id='word_1_647' title='bbox 3046 3917 3110 3988; x_wconf 80' lang='grc' dir='ltr'>δὴ</span> <span class='ocrx_word' id='word_1_648' title='bbox 3147 3918 3304 3987; x_wconf 86' lang='grc' dir='ltr'>χάριν</span> <span class='ocrx_word' id='word_1_649' title='bbox 3342 3919 3371 3970; x_wconf 86' lang='grc' dir='ltr'>ὁ</span> <span class='ocrx_word' id='word_1_650' title='bbox 3402 3918 3669 3987; x_wconf 85' lang='grc' dir='ltr'>μακάριος</span> <span class='ocrx_word' id='word_1_651' title='bbox 3696 3915 3893 3985; x_wconf 66' lang='grc' dir='ltr'>Ψαλμες</span> <span class='ocrx_word' id='word_1_652' title='bbox 3914 3916 4007 3977; x_wconf 79' lang='lat'><em>66;</em></span> 
     </span>
    </p>
   </div>
   <div class='ocr_carea' id='block_1_81' title="bbox 2428 4008 4029 4081">
    <p class='ocr_par' dir='ltr' id='par_1_81' title="bbox 2428 4008 4029 4081">
     <span class='ocr_line' id='line_1_81' title="bbox 2428 4008 4029 4081; baseline -0.001 -19"><span class='ocrx_word' id='word_1_653' title='bbox 2428 4011 2690 4081; x_wconf 80' lang='grc' dir='ltr'>οὐρανοὺς</span> <span class='ocrx_word' id='word_1_654' title='bbox 2722 4010 2821 4078; x_wconf 79' lang='grc' dir='ltr'><strong>μὲν</strong></span> <span class='ocrx_word' id='word_1_655' title='bbox 2872 4009 3169 4063; x_wconf 80' lang='grc' dir='ltr'>ἀπολέσθαι</span> <span class='ocrx_word' id='word_1_656' title='bbox 3216 4009 3379 4079; x_wconf 68' lang='grc' dir='ltr'>φησι,</span> <span class='ocrx_word' id='word_1_657' title='bbox 3416 4008 3511 4060; x_wconf 67' lang='grc' dir='ltr'><strong>καλ⁸</strong></span> <span class='ocrx_word' id='word_1_658' title='bbox 3543 4008 3619 4070; x_wconf 84' lang='grc' dir='ltr'>ὡς</span> <span class='ocrx_word' id='word_1_659' title='bbox 3665 4008 3880 4076; x_wconf 83' lang='grc' dir='ltr'>ἱμάτιον</span> <span class='ocrx_word' id='word_1_660' title='bbox 3915 4024 4029 4061; x_wconf 71' lang='grc' dir='ltr'>σιτα-</span> 
     </span>
    </p>
   </div>
   <div class='ocr_carea' id='block_1_82' title="bbox 2429 4099 4029 4172">
    <p class='ocr_par' dir='ltr' id='par_1_82' title="bbox 2429 4099 4029 4172">
     <span class='ocr_line' id='line_1_82' title="bbox 2429 4099 4029 4172; baseline 0 -19"><span class='ocrx_word' id='word_1_661' title='bbox 2429 4101 2829 4172; x_wconf 81' lang='grc' dir='ltr'>λαιωθήσεσϐαι</span> <span class='ocrx_word' id='word_1_662' title='bbox 2852 4118 2865 4130; x_wconf 68' lang='grc' dir='ltr'><strong>ο</strong></span> <span class='ocrx_word' id='word_1_663' title='bbox 2895 4101 3025 4154; x_wconf 69' lang='grc' dir='ltr'>ἴδιον</span> <span class='ocrx_word' id='word_1_664' title='bbox 3057 4101 3115 4154; x_wconf 78' lang='grc' dir='ltr'>δὲ</span> <span class='ocrx_word' id='word_1_665' title='bbox 3157 4101 3347 4172; x_wconf 78' lang='grc' dir='ltr'>ὥσπερ</span> <span class='ocrx_word' id='word_1_666' title='bbox 3379 4099 3611 4153; x_wconf 80' lang='grc' dir='ltr'>ἀνετίθει</span> <span class='ocrx_word' id='word_1_667' title='bbox 3652 4100 3818 4172; x_wconf 80' lang='grc' dir='ltr'>γέρας</span> <span class='ocrx_word' id='word_1_668' title='bbox 3850 4100 4029 4169; x_wconf 72' lang='grc' dir='ltr'>αὐτῷ.</span> 
     </span>
    </p>
   </div>
   <div class='ocr_carea' id='block_1_83' title="bbox 2435 4188 4034 4262">
    <p class='ocr_par' dir='ltr' id='par_1_83' title="bbox 2435 4188 4034 4262">
     <span class='ocr_line' id='line_1_83' title="bbox 2435 4188 4034 4262; baseline -0.001 -17"><span class='ocrx_word' id='word_1_669' title='bbox 2435 4209 2454 4245; x_wconf 73' lang='grc' dir='ltr'><strong>ι</strong></span> <span class='ocrx_word' id='word_1_670' title='bbox 2495 4195 2566 4248; x_wconf 72' lang='grc' dir='ltr'><strong>Σὺ</strong></span> <span class='ocrx_word' id='word_1_671' title='bbox 2596 4194 2650 4245; x_wconf 81' lang='grc' dir='ltr'><strong>δὲ</strong></span> <span class='ocrx_word' id='word_1_672' title='bbox 2685 4196 2713 4247; x_wconf 95' lang='lat'><strong>6</strong></span> <span class='ocrx_word' id='word_1_673' title='bbox 2740 4193 2905 4257; x_wconf 78' lang='grc' dir='ltr'>αὐτὸς</span> <span class='ocrx_word' id='word_1_674' title='bbox 2937 4188 3017 4257; x_wconf 78' lang='grc' dir='ltr'>εἴ,</span> <span class='ocrx_word' id='word_1_675' title='bbox 3051 4212 3069 4244; x_wconf 72' lang='grc' dir='ltr'><strong>ι</strong></span> <span class='ocrx_word' id='word_1_676' title='bbox 3104 4192 3262 4262; x_wconf 82' lang='grc' dir='ltr'>βοῶν,</span> <span class='ocrx_word' id='word_1_677' title='bbox 3302 4211 3320 4243; x_wconf 77' lang='grc' dir='ltr'><strong>ι</strong></span> <span class='ocrx_word' id='word_1_678' title='bbox 3348 4192 3441 4245; x_wconf 74' lang='grc' dir='ltr'>καὶ</span> <span class='ocrx_word' id='word_1_679' title='bbox 3462 4191 3532 4244; x_wconf 76' lang='grc' dir='ltr'>τὰ</span> <span class='ocrx_word' id='word_1_680' title='bbox 3553 4192 3647 4259; x_wconf 79' lang='grc' dir='ltr'><strong>ἐτη</strong></span> <span class='ocrx_word' id='word_1_681' title='bbox 3683 4207 3776 4244; x_wconf 71' lang='grc' dir='ltr'><strong>σου</strong></span> <span class='ocrx_word' id='word_1_682' title='bbox 3804 4191 3902 4243; x_wconf 88' lang='grc' dir='ltr'><strong>οὑκ</strong></span> <span class='ocrx_word' id='word_1_683' title='bbox 3938 4193 4034 4244; x_wconf 80' lang='grc' dir='ltr'><strong>ἐκ·</strong></span> 
     </span>
    </p>
   </div>
   <div class='ocr_carea' id='block_1_84' title="bbox 2429 4282 4036 4356">
    <p class='ocr_par' dir='ltr' id='par_1_84' title="bbox 2429 4282 4036 4356">
     <span class='ocr_line' id='line_1_84' title="bbox 2429 4282 4036 4356; baseline -0.004 -18"><span class='ocrx_word' id='word_1_684' title='bbox 2429 4286 2723 4356; x_wconf 76' lang='grc' dir='ltr'>λείψουσιν;</span> <span class='ocrx_word' id='word_1_685' title='bbox 2761 4305 2778 4336; x_wconf 76' lang='grc' dir='ltr'><strong>ι</strong></span> <span class='ocrx_word' id='word_1_686' title='bbox 2810 4286 2880 4338; x_wconf 83' lang='grc' dir='ltr'><strong>’Ἡ</strong></span> <span class='ocrx_word' id='word_1_687' title='bbox 2906 4286 3013 4356; x_wconf 79' lang='grc' dir='ltr'><strong>γάρ</strong></span> <span class='ocrx_word' id='word_1_688' title='bbox 3039 4286 3342 4344; x_wconf 78' lang='grc' dir='ltr'>ἀπολεῖται,</span> <span class='ocrx_word' id='word_1_689' title='bbox 3378 4284 3472 4336; x_wconf 74' lang='grc' dir='ltr'><strong>καὶ</strong></span> <span class='ocrx_word' id='word_1_690' title='bbox 3499 4282 3739 4351; x_wconf 68' lang='grc' dir='ltr'>ἐκλείψει</span> <span class='ocrx_word' id='word_1_691' title='bbox 3765 4282 3861 4334; x_wconf 66' lang='grc' dir='ltr'><strong>σὺν</strong></span> <span class='ocrx_word' id='word_1_692' title='bbox 3890 4284 4036 4351; x_wconf 74' lang='grc' dir='ltr'>ἡμῖν</span> 
     </span>
    </p>
   </div>
   <div class='ocr_carea' id='block_1_85' title="bbox 2427 4372 4036 4450">
    <p class='ocr_par' dir='ltr' id='par_1_85' title="bbox 2427 4372 4036 4450">
     <span class='ocr_line' id='line_1_85' title="bbox 2427 4372 4036 4450; baseline -0.003 -19"><span class='ocrx_word' id='word_1_693' title='bbox 2427 4378 2502 4442; x_wconf 82' lang='grc' dir='ltr'><strong>ὡς</strong></span> <span class='ocrx_word' id='word_1_694' title='bbox 2526 4378 2791 4450; x_wconf 80' lang='grc' dir='ltr'>ὁμοφυὴς,</span> <span class='ocrx_word' id='word_1_695' title='bbox 2824 4380 2918 4431; x_wconf 73' lang='grc' dir='ltr'>καὶ</span> <span class='ocrx_word' id='word_1_696' title='bbox 2944 4378 3127 4430; x_wconf 77' lang='grc' dir='ltr'>οὐκέτι</span> <span class='ocrx_word' id='word_1_697' title='bbox 3163 4377 3487 4447; x_wconf 84' lang='grc' dir='ltr'>νοηθήσεται</span> <span class='ocrx_word' id='word_1_698' title='bbox 3518 4376 3651 4446; x_wconf 75' lang='grc' dir='ltr'>ζωὴ’</span> <span class='ocrx_word' id='word_1_699' title='bbox 3675 4376 3708 4444; x_wconf 79' lang='grc' dir='ltr'><strong>ἢ</strong></span> <span class='ocrx_word' id='word_1_700' title='bbox 3750 4372 3847 4426; x_wconf 63' lang='grc' dir='ltr'>καὶ</span> <span class='ocrx_word' id='word_1_701' title='bbox 3875 4376 4036 4444; x_wconf 74' lang='grc' dir='ltr'>ἡμᾶς</span> 
     </span>
    </p>
   </div>
   <div class='ocr_carea' id='block_1_86' title="bbox 2429 4464 4037 4537">
    <p class='ocr_par' dir='ltr' id='par_1_86' title="bbox 2429 4464 4037 4537">
     <span class='ocr_line' id='line_1_86' title="bbox 2429 4464 4037 4537; baseline -0.004 -18"><span class='ocrx_word' id='word_1_702' title='bbox 2429 4469 2509 4530; x_wconf 86' lang='grc' dir='ltr'><strong>είς</strong></span> <span class='ocrx_word' id='word_1_703' title='bbox 2538 4468 2597 4519; x_wconf 87' lang='grc' dir='ltr'><strong>τὸ</strong></span> <span class='ocrx_word' id='word_1_704' title='bbox 2634 4467 2896 4529; x_wconf 81' lang='grc' dir='ltr'>ὡσαύτως</span> <span class='ocrx_word' id='word_1_705' title='bbox 2924 4466 3067 4537; x_wconf 75' lang='grc' dir='ltr'>ἔχειν</span> <span class='ocrx_word' id='word_1_706' title='bbox 3098 4467 3186 4519; x_wconf 66' lang='grc' dir='ltr'><strong>ἀεὶ</strong></span> <span class='ocrx_word' id='word_1_707' title='bbox 3204 4506 3218 4528; x_wconf 88' lang='grc'><strong>,</strong></span> <span class='ocrx_word' id='word_1_708' title='bbox 3251 4466 3345 4517; x_wconf 76' lang='grc' dir='ltr'><strong>καὶ</strong></span> <span class='ocrx_word' id='word_1_709' title='bbox 3373 4468 3454 4527; x_wconf 85' lang='grc' dir='ltr'><strong>είς</strong></span> <span class='ocrx_word' id='word_1_710' title='bbox 3483 4464 3836 4517; x_wconf 80' lang='grc' dir='ltr'>ἀνέκλειπτον</span> <span class='ocrx_word' id='word_1_711' title='bbox 3887 4464 4037 4515; x_wconf 78' lang='grc' dir='ltr'>ἐτῶν</span> 
     </span>
    </p>
   </div>
   <div class='ocr_carea' id='block_1_87' title="bbox 746 4553 2331 4628">
    <p class='ocr_par' dir='ltr' id='par_1_87' title="bbox 746 4554 2324 4610">
     <span class='ocr_line' id='line_1_87' title="bbox 746 4554 2324 4610; baseline 0.001 -1"><span class='ocrx_word' id='word_1_712' title='bbox 746 4555 958 4609; x_wconf 87' lang='lat' dir='ltr'><strong>sebitur</strong></span> <span class='ocrx_word' id='word_1_713' title='bbox 989 4574 1001 4607; x_wconf 77' lang='grc' dir='ltr'><strong>ι</strong></span> <span class='ocrx_word' id='word_1_714' title='bbox 1035 4562 1132 4609; x_wconf 90' lang='lat' dir='ltr'><strong>aut</strong></span> <span class='ocrx_word' id='word_1_715' title='bbox 1162 4570 1267 4609; x_wconf 87' lang='lat' dir='ltr'><strong>nos</strong></span> <span class='ocrx_word' id='word_1_716' title='bbox 1303 4555 1356 4607; x_wconf 95' lang='lat' dir='ltr'><strong>in</strong></span> <span class='ocrx_word' id='word_1_717' title='bbox 1399 4563 1601 4608; x_wconf 85' lang='lat' dir='ltr'><strong>statqu</strong></span> <span class='ocrx_word' id='word_1_718' title='bbox 1646 4555 2038 4609; x_wconf 85' lang='lat' dir='ltr'><strong>innnutabilem</strong></span> <span class='ocrx_word' id='word_1_719' title='bbox 2070 4561 2126 4609; x_wconf 88' lang='lat' dir='ltr'><strong>et</strong></span> <span class='ocrx_word' id='word_1_720' title='bbox 2166 4554 2324 4610; x_wconf 90' lang='lat' dir='ltr'><strong>inde-</strong></span> 
     </span>
    </p>
   </div>
   <div class='ocr_carea' id='block_1_88' title="bbox 2432 4553 4037 4628">
    <p class='ocr_par' dir='ltr' id='par_1_88' title="bbox 2432 4553 4037 4628">
     <span class='ocr_line' id='line_1_88' title="bbox 2432 4553 4037 4628; baseline -0.003 -18"><span class='ocrx_word' id='word_1_721' title='bbox 2432 4557 2683 4627; x_wconf 79' lang='grc' dir='ltr'>ἀριθμὸν,</span> <span class='ocrx_word' id='word_1_722' title='bbox 2715 4558 2811 4610; x_wconf 80' lang='grc' dir='ltr'><strong>καὶ</strong></span> <span class='ocrx_word' id='word_1_723' title='bbox 2851 4560 2931 4620; x_wconf 87' lang='grc' dir='ltr'><strong>είς</strong></span> <span class='ocrx_word' id='word_1_724' title='bbox 2962 4558 3025 4610; x_wconf 85' lang='grc' dir='ltr'><strong>τὸ</strong></span> <span class='ocrx_word' id='word_1_725' title='bbox 3052 4553 3192 4609; x_wconf 82' lang='grc' dir='ltr'>εἶναι</span> <span class='ocrx_word' id='word_1_726' title='bbox 3222 4555 3366 4628; x_wconf 78' lang='grc' dir='ltr'>ζωὴν</span> <span class='ocrx_word' id='word_1_727' title='bbox 3392 4554 3734 4624; x_wconf 80' lang='grc' dir='ltr'>ἀνελκύσειή</span> <span class='ocrx_word' id='word_1_728' title='bbox 3766 4556 3903 4624; x_wconf 69' lang='grc' dir='ltr'>προς</span> <span class='ocrx_word' id='word_1_729' title='bbox 3934 4556 4037 4607; x_wconf 75' lang='grc' dir='ltr'>αὑ-</span> 
     </span>
    </p>
   </div>
   <div class='ocr_carea' id='block_1_89' title="bbox 748 4645 2322 4715">
    <p class='ocr_par' dir='ltr' id='par_1_89' title="bbox 748 4645 2322 4715">
     <span class='ocr_line' id='line_1_89' title="bbox 748 4645 2322 4715; baseline 0.003 -18"><span class='ocrx_word' id='word_1_730' title='bbox 748 4645 1023 4699; x_wconf 67' lang='lat' dir='ltr'><strong>litieutem</strong></span> <span class='ocrx_word' id='word_1_731' title='bbox 1089 4660 1359 4699; x_wconf 89' lang='lat' dir='ltr'><strong>annorum</strong></span> <span class='ocrx_word' id='word_1_732' title='bbox 1432 4661 1744 4710; x_wconf 88' lang='lat' dir='ltr'><strong>numerum,</strong></span> <span class='ocrx_word' id='word_1_733' title='bbox 1800 4654 1967 4715; x_wconf 84' lang='lat' dir='ltr'><strong>atque</strong></span> <span class='ocrx_word' id='word_1_734' title='bbox 2026 4653 2084 4698; x_wconf 91' lang='lat' dir='ltr'><strong>ut</strong></span> <span class='ocrx_word' id='word_1_735' title='bbox 2147 4647 2322 4702; x_wconf 91' lang='lat' dir='ltr'><strong>simus</strong></span> 
     </span>
    </p>
   </div>
   <div class='ocr_carea' id='block_1_90' title="bbox 745 4737 2327 4806">
    <p class='ocr_par' dir='ltr' id='par_1_90' title="bbox 745 4737 2327 4806">
     <span class='ocr_line' id='line_1_90' title="bbox 745 4737 2327 4806; baseline 0.003 -19"><span class='ocrx_word' id='word_1_736' title='bbox 745 4737 879 4801; x_wconf 69' lang='lat' dir='ltr'><strong>vita,</strong></span> <span class='ocrx_word' id='word_1_737' title='bbox 926 4738 1247 4804; x_wconf 86' lang='lat' dir='ltr'><strong>conjunctio</strong></span> <span class='ocrx_word' id='word_1_738' title='bbox 1301 4753 1424 4790; x_wconf 85' lang='lat' dir='ltr'><strong>eum</strong></span> <span class='ocrx_word' id='word_1_739' title='bbox 1489 4738 1609 4806; x_wconf 86' lang='lat' dir='ltr'><strong>ipso</strong></span> <span class='ocrx_word' id='word_1_740' title='bbox 1670 4738 1941 4793; x_wconf 87' lang='lat' dir='ltr'><strong>naturalis</strong></span> <span class='ocrx_word' id='word_1_741' title='bbox 2000 4754 2100 4794; x_wconf 91' lang='lat' dir='ltr'><strong>nos</strong></span> <span class='ocrx_word' id='word_1_742' title='bbox 2163 4740 2327 4793; x_wconf 89' lang='lat' dir='ltr'><strong>simul</strong></span> 
     </span>
    </p>
   </div>
   <div class='ocr_carea' id='block_1_91' title="bbox 748 4826 2329 4898">
    <p class='ocr_par' dir='ltr' id='par_1_91' title="bbox 748 4826 2329 4898">
     <span class='ocr_line' id='line_1_91' title="bbox 748 4826 2329 4898; baseline 0.002 -17"><span class='ocrx_word' id='word_1_743' title='bbox 748 4826 1053 4896; x_wconf 70' lang='lat' dir='ltr'><strong>pertrahet.</strong></span> <span class='ocrx_word' id='word_1_744' title='bbox 1081 4828 1244 4896; x_wconf 87' lang='lat' dir='ltr'><strong>Atqui</strong></span> <span class='ocrx_word' id='word_1_745' title='bbox 1271 4828 1324 4880; x_wconf 91' lang='lat' dir='ltr'><strong>in</strong></span> <span class='ocrx_word' id='word_1_746' title='bbox 1348 4827 1541 4881; x_wconf 87' lang='lat' dir='ltr'><strong>eodem</strong></span> <span class='ocrx_word' id='word_1_747' title='bbox 1575 4845 1794 4898; x_wconf 87' lang='lat' dir='ltr'><strong>semper</strong></span> <span class='ocrx_word' id='word_1_748' title='bbox 1831 4829 1947 4898; x_wconf 88' lang='lat' dir='ltr'><strong>ipse</strong></span> <span class='ocrx_word' id='word_1_749' title='bbox 1979 4832 2329 4898; x_wconf 87' lang='lat' dir='ltr'><strong>permanebit</strong></span> 
     </span>
    </p>
   </div>
   <div class='ocr_carea' id='block_1_92' title="bbox 748 4918 2329 4993">
    <p class='ocr_par' dir='ltr' id='par_1_92' title="bbox 748 4918 2329 4993">
     <span class='ocr_line' id='line_1_92' title="bbox 748 4918 2329 4993; baseline 0.004 -20"><span class='ocrx_word' id='word_1_750' title='bbox 748 4928 916 4979; x_wconf 74' lang='lat' dir='ltr'><strong>statu,</strong></span> <span class='ocrx_word' id='word_1_751' title='bbox 947 4934 1048 4973; x_wconf 84' lang='lat' dir='ltr'><strong>nos</strong></span> <span class='ocrx_word' id='word_1_752' title='bbox 1082 4928 1263 4972; x_wconf 73' lang='lat' dir='ltr'><strong>autem</strong></span> <span class='ocrx_word' id='word_1_753' title='bbox 1303 4918 1642 4975; x_wconf 78' lang='lat' dir='ltr'><strong>dcﬁciemus.</strong></span> <span class='ocrx_word' id='word_1_754' title='bbox 1705 4922 1819 4976; x_wconf 82' lang='lat' dir='ltr'><strong>NOII</strong></span> <span class='ocrx_word' id='word_1_755' title='bbox 1860 4939 1990 4993; x_wconf 80' lang='lat' dir='ltr'><strong>ergo</strong></span> <span class='ocrx_word' id='word_1_756' title='bbox 2024 4928 2189 4977; x_wconf 82' lang='lat' dir='ltr'><strong>sicutt</strong></span> <span class='ocrx_word' id='word_1_757' title='bbox 2228 4940 2329 4980; x_wconf 72' lang='lat' dir='ltr'><strong>nos</strong></span> 
     </span>
    </p>
   </div>
   <div class='ocr_carea' id='block_1_93' title="bbox 746 5010 2329 5078">
    <p class='ocr_par' dir='ltr' id='par_1_93' title="bbox 746 5010 2329 5078">
     <span class='ocr_line' id='line_1_93' title="bbox 746 5010 2329 5078; baseline 0.003 -13"><span class='ocrx_word' id='word_1_758' title='bbox 746 5022 971 5066; x_wconf 86' lang='lat' dir='ltr'><strong>creatus</strong></span> <span class='ocrx_word' id='word_1_759' title='bbox 1010 5020 1091 5065; x_wconf 90' lang='lat' dir='ltr'><strong>est</strong></span> <span class='ocrx_word' id='word_1_760' title='bbox 1124 5030 1137 5064; x_wconf 88' lang='lat'><strong>:</strong></span> <span class='ocrx_word' id='word_1_761' title='bbox 1169 5010 1262 5066; x_wconf 90' lang='lat' dir='ltr'><strong>sed</strong></span> <span class='ocrx_word' id='word_1_762' title='bbox 1302 5027 1426 5065; x_wconf 90' lang='lat' dir='ltr'><strong>cum</strong></span> <span class='ocrx_word' id='word_1_763' title='bbox 1470 5029 1535 5065; x_wconf 83' lang='lat' dir='ltr'><strong>ex</strong></span> <span class='ocrx_word' id='word_1_764' title='bbox 1569 5014 1681 5066; x_wconf 85' lang='lat' dir='ltr'><strong>vita</strong></span> <span class='ocrx_word' id='word_1_765' title='bbox 1728 5016 1966 5068; x_wconf 86' lang='lat' dir='ltr'><strong>naturali</strong></span> <span class='ocrx_word' id='word_1_766' title='bbox 2027 5016 2329 5078; x_wconf 76' lang='lat' dir='ltr'><strong>sit,-vwi[i-</strong></span> 
     </span>
    </p>
   </div>
   <div class='ocr_carea' id='block_1_94' title="bbox 746 5105 2214 5177">
    <p class='ocr_par' dir='ltr' id='par_1_94' title="bbox 746 5105 2214 5177">
     <span class='ocr_line' id='line_1_94' title="bbox 746 5105 2214 5177; baseline 0 -17"><span class='ocrx_word' id='word_1_767' title='bbox 746 5108 895 5160; x_wconf 71' lang='lat' dir='ltr'><strong>ealiit</strong></span> <span class='ocrx_word' id='word_1_768' title='bbox 921 5106 1085 5158; x_wconf 90' lang='lat' dir='ltr'><strong>etiam</strong></span> <span class='ocrx_word' id='word_1_769' title='bbox 1129 5105 1263 5173; x_wconf 86' lang='lat' dir='ltr'><strong>ipse,</strong></span> <span class='ocrx_word' id='word_1_770' title='bbox 1294 5116 1353 5159; x_wconf 87' lang='lat' dir='ltr'><strong>ut</strong></span> <span class='ocrx_word' id='word_1_771' title='bbox 1376 5108 1505 5169; x_wconf 77' lang='lat' dir='ltr'><strong>vita,</strong></span> <span class='ocrx_word' id='word_1_772' title='bbox 1536 5122 1598 5160; x_wconf 89' lang='lat' dir='ltr'><strong>ea</strong></span> <span class='ocrx_word' id='word_1_773' title='bbox 1633 5123 1757 5175; x_wconf 72' lang='lat' dir='ltr'><strong>qua:</strong></span> <span class='ocrx_word' id='word_1_774' title='bbox 1787 5109 1912 5162; x_wconf 70' lang='lat' dir='ltr'><strong>vita:</strong></span> <span class='ocrx_word' id='word_1_775' title='bbox 1948 5108 2214 5177; x_wconf 90' lang='lat' dir='ltr'><strong>indigent.</strong></span> 
     </span>
    </p>
   </div>
   <div class='ocr_carea' id='block_1_95' title="bbox 822 5197 2326 5270">
    <p class='ocr_par' dir='ltr' id='par_1_95' title="bbox 822 5197 2326 5270">
     <span class='ocr_line' id='line_1_95' title="bbox 822 5197 2326 5270; baseline 0.003 -19"><span class='ocrx_word' id='word_1_776' title='bbox 822 5197 1054 5253; x_wconf 85' lang='lat' dir='ltr'><strong>ALIUD.</strong></span> <span class='ocrx_word' id='word_1_777' title='bbox 1095 5199 1148 5253; x_wconf 89' lang='lat' dir='ltr'><strong>Si</strong></span> <span class='ocrx_word' id='word_1_778' title='bbox 1184 5200 1271 5252; x_wconf 89' lang='lat' dir='ltr'><strong>sui</strong></span> <span class='ocrx_word' id='word_1_779' title='bbox 1318 5198 1495 5268; x_wconf 87' lang='lat' dir='ltr'><strong>ipsius</strong></span> <span class='ocrx_word' id='word_1_780' title='bbox 1526 5200 1665 5252; x_wconf 82' lang='lat' dir='ltr'><strong>nihil</strong></span> <span class='ocrx_word' id='word_1_781' title='bbox 1703 5208 1785 5254; x_wconf 89' lang='lat' dir='ltr'><strong>est</strong></span> <span class='ocrx_word' id='word_1_782' title='bbox 1819 5201 2119 5270; x_wconf 79' lang='lat' dir='ltr'><strong>particeps,</strong></span> <span class='ocrx_word' id='word_1_783' title='bbox 2160 5201 2326 5257; x_wconf 72' lang='lat' dir='ltr'><strong>Ultri-</strong></span> 
     </span>
    </p>
   </div>
   <div class='ocr_carea' id='block_1_96' title="bbox 748 5293 2331 5360">
    <p class='ocr_par' dir='ltr' id='par_1_96' title="bbox 748 5293 2331 5360">
     <span class='ocr_line' id='line_1_96' title="bbox 748 5293 2331 5360; baseline 0.004 -17"><span class='ocrx_word' id='word_1_784' title='bbox 748 5299 894 5343; x_wconf 89' lang='lat' dir='ltr'><strong>stum</strong></span> <span class='ocrx_word' id='word_1_785' title='bbox 924 5299 1132 5353; x_wconf 79' lang='lat' dir='ltr'><strong>autem,</strong></span> <span class='ocrx_word' id='word_1_786' title='bbox 1165 5300 1221 5343; x_wconf 86' lang='lat' dir='ltr'><strong>ut</strong></span> <span class='ocrx_word' id='word_1_787' title='bbox 1259 5293 1449 5355; x_wconf 86' lang='lat' dir='ltr'><strong>vitam,</strong></span> <span class='ocrx_word' id='word_1_788' title='bbox 1472 5299 1723 5344; x_wconf 81' lang='lat' dir='ltr'><strong>creatura</strong></span> <span class='ocrx_word' id='word_1_789' title='bbox 1749 5293 2043 5360; x_wconf 84' lang='lat' dir='ltr'><strong>participat</strong></span> <span class='ocrx_word' id='word_1_790' title='bbox 2065 5312 2077 5346; x_wconf 86' lang='lat'>:</span> <span class='ocrx_word' id='word_1_791' title='bbox 2102 5308 2209 5347; x_wconf 90' lang='lat' dir='ltr'><strong>non</strong></span> <span class='ocrx_word' id='word_1_792' title='bbox 2245 5304 2331 5349; x_wconf 88' lang='lat' dir='ltr'><strong>est</strong></span> 
     </span>
    </p>
   </div>
   <div class='ocr_carea' id='block_1_97' title="bbox 747 5381 2326 5453">
    <p class='ocr_par' dir='ltr' id='par_1_97' title="bbox 747 5381 2326 5453">
     <span class='ocr_line' id='line_1_97' title="bbox 747 5381 2326 5453; baseline 0.001 -18"><span class='ocrx_word' id='word_1_793' title='bbox 747 5396 879 5449; x_wconf 85' lang='lat' dir='ltr'><strong>ergo</strong></span> <span class='ocrx_word' id='word_1_794' title='bbox 921 5381 1038 5451; x_wconf 86' lang='lat' dir='ltr'><strong>ipse</strong></span> <span class='ocrx_word' id='word_1_795' title='bbox 1084 5390 1361 5449; x_wconf 85' lang='lat' dir='ltr'><strong>creatura,</strong></span> <span class='ocrx_word' id='word_1_796' title='bbox 1406 5383 1504 5436; x_wconf 77' lang='lat' dir='ltr'><strong>sed</strong></span> <span class='ocrx_word' id='word_1_797' title='bbox 1550 5398 1725 5453; x_wconf 75' lang='lat' dir='ltr'><strong>neque</strong></span> <span class='ocrx_word' id='word_1_798' title='bbox 1778 5392 2030 5438; x_wconf 87' lang='lat' dir='ltr'><strong>creatura</strong></span> <span class='ocrx_word' id='word_1_799' title='bbox 2074 5386 2326 5451; x_wconf 81' lang='lat' dir='ltr'><strong>estvita,</strong></span> 
     </span>
    </p>
   </div>
   <div class='ocr_carea' id='block_1_98' title="bbox 748 5470 1231 5543">
    <p class='ocr_par' dir='ltr' id='par_1_98' title="bbox 748 5470 1231 5543">
     <span class='ocr_line' id='line_1_98' title="bbox 748 5470 1231 5543; baseline 0.002 -19"><span class='ocrx_word' id='word_1_800' title='bbox 748 5472 893 5543; x_wconf 86' lang='lat' dir='ltr'><strong>quod</strong></span> <span class='ocrx_word' id='word_1_801' title='bbox 929 5480 1013 5527; x_wconf 81' lang='lat' dir='ltr'><strong>est</strong></span> <span class='ocrx_word' id='word_1_802' title='bbox 1038 5470 1231 5526; x_wconf 85' lang='lat' dir='ltr'><strong>Filius.</strong></span> 
     </span>
    </p>
   </div>
   <div class='ocr_carea' id='block_1_99' title="bbox 829 5564 2325 5633">
    <p class='ocr_par' dir='ltr' id='par_1_99' title="bbox 829 5564 2325 5633">
     <span class='ocr_line' id='line_1_99' title="bbox 829 5564 2325 5633; baseline 0.004 -15"><span class='ocrx_word' id='word_1_803' title='bbox 829 5564 1052 5619; x_wconf 73' lang='lat' dir='ltr'><strong>ALIUD.</strong></span> <span class='ocrx_word' id='word_1_804' title='bbox 1097 5565 1151 5619; x_wconf 90' lang='lat' dir='ltr'><strong>Si</strong></span> <span class='ocrx_word' id='word_1_805' title='bbox 1190 5565 1336 5619; x_wconf 88' lang='lat' dir='ltr'><strong>aliud</strong></span> <span class='ocrx_word' id='word_1_806' title='bbox 1373 5575 1455 5619; x_wconf 86' lang='lat' dir='ltr'><strong>est</strong></span> <span class='ocrx_word' id='word_1_807' title='bbox 1495 5567 1794 5633; x_wconf 66' lang='lat' dir='ltr'><strong>vixiﬁcarc,</strong></span> <span class='ocrx_word' id='word_1_808' title='bbox 1835 5567 1982 5620; x_wconf 87' lang='lat' dir='ltr'><strong>aliud</strong></span> <span class='ocrx_word' id='word_1_809' title='bbox 2025 5584 2155 5621; x_wconf 87' lang='lat' dir='ltr'><strong>vero</strong></span> <span class='ocrx_word' id='word_1_810' title='bbox 2189 5569 2325 5623; x_wconf 72' lang='lat' dir='ltr'><strong>vivi-</strong></span> 
     </span>
    </p>
   </div>
   <div class='ocr_carea' id='block_1_100' title="bbox 754 5659 2324 5731">
    <p class='ocr_par' dir='ltr' id='par_1_100' title="bbox 754 5659 2324 5731">
     <span class='ocr_line' id='line_1_100' title="bbox 754 5659 2324 5731; baseline 0.002 -19"><span class='ocrx_word' id='word_1_811' title='bbox 754 5659 930 5723; x_wconf 62' lang='lat' dir='ltr'><strong>Iit&#39;ari,</strong></span> <span class='ocrx_word' id='word_1_812' title='bbox 976 5660 1116 5714; x_wconf 86' lang='lat' dir='ltr'><strong>sicut</strong></span> <span class='ocrx_word' id='word_1_813' title='bbox 1158 5675 1315 5731; x_wconf 85' lang='lat' dir='ltr'><strong>agere</strong></span> <span class='ocrx_word' id='word_1_814' title='bbox 1375 5670 1427 5715; x_wconf 88' lang='lat' dir='ltr'><strong>et</strong></span> <span class='ocrx_word' id='word_1_815' title='bbox 1486 5662 1618 5730; x_wconf 83' lang='lat' dir='ltr'><strong>pati,</strong></span> <span class='ocrx_word' id='word_1_816' title='bbox 1694 5674 1746 5716; x_wconf 86' lang='lat' dir='ltr'><strong>et</strong></span> <span class='ocrx_word' id='word_1_817' title='bbox 1812 5662 2052 5715; x_wconf 79' lang='lat' dir='ltr'><strong>vivilicat</strong></span> <span class='ocrx_word' id='word_1_818' title='bbox 2104 5663 2324 5731; x_wconf 87' lang='lat' dir='ltr'><strong>quidem</strong></span> 
     </span>
    </p>
   </div>
   <div class='ocr_carea' id='block_1_101' title="bbox 834 5823 2303 5912">
    <p class='ocr_par' dir='ltr' id='par_1_101' title="bbox 834 5823 2303 5912">
     <span class='ocr_line' id='line_1_101' title="bbox 834 5823 2303 5912; baseline 0.002 -17"><span class='ocrx_word' id='word_1_819' title='bbox 834 5823 875 5853; x_wconf 45' lang='grc' dir='ltr'><strong>’ί</strong></span> <span class='ocrx_word' id='word_1_820' title='bbox 912 5837 1067 5897; x_wconf 66' lang='lat' dir='ltr'><strong>han.</strong></span> <span class='ocrx_word' id='word_1_821' title='bbox 1108 5858 1195 5907; x_wconf 80' lang='grc' dir='ltr'><strong>νι,</strong></span> <span class='ocrx_word' id='word_1_822' title='bbox 1238 5843 1325 5896; x_wconf 73' lang='lat'><strong>33.</strong></span> <span class='ocrx_word' id='word_1_823' title='bbox 1415 5844 1455 5875; x_wconf 83' lang='lat'>”</span> <span class='ocrx_word' id='word_1_824' title='bbox 1496 5842 1641 5900; x_wconf 79' lang='lat' dir='ltr'><strong>Psal.</strong></span> <span class='ocrx_word' id='word_1_825' title='bbox 1678 5861 1749 5912; x_wconf 77' lang='grc' dir='ltr'><strong>ω,</strong></span> <span class='ocrx_word' id='word_1_826' title='bbox 1788 5847 1854 5900; x_wconf 64' lang='lat'><strong>:18</strong></span> <span class='ocrx_word' id='word_1_827' title='bbox 1890 5863 1901 5909; x_wconf 90' lang='lat'>;</span> <span class='ocrx_word' id='word_1_828' title='bbox 1943 5845 2105 5902; x_wconf 75' lang='lat' dir='ltr'><strong>llebr.</strong></span> <span class='ocrx_word' id='word_1_829' title='bbox 2141 5863 2179 5912; x_wconf 82' lang='grc' dir='ltr'><strong>ι,</strong></span> <span class='ocrx_word' id='word_1_830' title='bbox 2223 5847 2303 5899; x_wconf 70' lang='grc'><strong>12.</strong></span> 
     </span>
    </p>
   </div>
   <div class='ocr_carea' id='block_1_102' title="bbox 2428 4644 4035 4718">
    <p class='ocr_par' dir='ltr' id='par_1_102' title="bbox 2428 4644 4035 4718">
     <span class='ocr_line' id='line_1_102' title="bbox 2428 4644 4035 4718; baseline -0.004 -17"><span class='ocrx_word' id='word_1_831' title='bbox 2428 4649 2520 4701; x_wconf 79' lang='grc' dir='ltr'><strong>τὸν</strong></span> <span class='ocrx_word' id='word_1_832' title='bbox 2575 4649 2841 4717; x_wconf 82' lang='grc' dir='ltr'>συνάφεια</span> <span class='ocrx_word' id='word_1_833' title='bbox 2890 4649 3111 4717; x_wconf 71' lang='grc' dir='ltr'>φυσική.</span> <span class='ocrx_word' id='word_1_834' title='bbox 3178 4647 3338 4700; x_wconf 82' lang='grc' dir='ltr'>Ἀλλά</span> <span class='ocrx_word' id='word_1_835' title='bbox 3395 4648 3501 4718; x_wconf 75' lang='grc' dir='ltr'><strong>μὴν</strong></span> <span class='ocrx_word' id='word_1_836' title='bbox 3552 4646 3661 4711; x_wconf 74' lang='grc' dir='ltr'>ἔξει</span> <span class='ocrx_word' id='word_1_837' title='bbox 3714 4644 3811 4714; x_wconf 82' lang='grc' dir='ltr'>μὲν</span> <span class='ocrx_word' id='word_1_838' title='bbox 3860 4645 4035 4705; x_wconf 68' lang='grc' dir='ltr'>αὐτὸς</span> 
     </span>
    </p>
   </div>
   <div class='ocr_carea' id='block_1_103' title="bbox 2434 4734 4034 4810">
    <p class='ocr_par' dir='ltr' id='par_1_103' title="bbox 2434 4734 4034 4810">
     <span class='ocr_line' id='line_1_103' title="bbox 2434 4734 4034 4810; baseline -0.004 -17"><span class='ocrx_word' id='word_1_839' title='bbox 2434 4740 2698 4801; x_wconf 82' lang='grc' dir='ltr'>ὡσαύτως</span> <span class='ocrx_word' id='word_1_840' title='bbox 2731 4741 2836 4803; x_wconf 75' lang='grc' dir='ltr'>ἀεὶ,</span> <span class='ocrx_word' id='word_1_841' title='bbox 2864 4742 3026 4810; x_wconf 76' lang='grc' dir='ltr'>ἡμεῖς</span> <span class='ocrx_word' id='word_1_842' title='bbox 3058 4739 3113 4792; x_wconf 84' lang='grc' dir='ltr'><strong>δὲ</strong></span> <span class='ocrx_word' id='word_1_843' title='bbox 3149 4738 3474 4808; x_wconf 75' lang='grc' dir='ltr'>ἐκλείψομεν</span> <span class='ocrx_word' id='word_1_844' title='bbox 3499 4754 3510 4766; x_wconf 73' lang='grc' dir='ltr'><strong>ο</strong></span> <span class='ocrx_word' id='word_1_845' title='bbox 3537 4738 3637 4790; x_wconf 85' lang='grc' dir='ltr'><strong>οὑκ</strong></span> <span class='ocrx_word' id='word_1_846' title='bbox 3661 4736 3769 4807; x_wconf 78' lang='grc' dir='ltr'>ἄρα</span> <span class='ocrx_word' id='word_1_847' title='bbox 3797 4734 4034 4803; x_wconf 75' lang='grc' dir='ltr'>γενητὸς</span> 
     </span>
    </p>
   </div>
   <div class='ocr_carea' id='block_1_104' title="bbox 2430 4827 4036 4904">
    <p class='ocr_par' dir='ltr' id='par_1_104' title="bbox 2430 4827 4036 4904">
     <span class='ocr_line' id='line_1_104' title="bbox 2430 4827 4036 4904; baseline -0.005 -19"><span class='ocrx_word' id='word_1_848' title='bbox 2430 4836 2506 4897; x_wconf 84' lang='grc' dir='ltr'>ὡς</span> <span class='ocrx_word' id='word_1_849' title='bbox 2559 4834 2753 4904; x_wconf 77' lang='grc' dir='ltr'>ἡμεῖς’</span> <span class='ocrx_word' id='word_1_850' title='bbox 2781 4833 2895 4886; x_wconf 75' lang='grc' dir='ltr'>ἀλλ’</span> <span class='ocrx_word' id='word_1_851' title='bbox 2942 4833 3173 4903; x_wconf 67' lang='grc' dir='ltr'>ἐπείπερ</span> <span class='ocrx_word' id='word_1_852' title='bbox 3233 4832 3381 4885; x_wconf 78' lang='grc' dir='ltr'>ἐστὶν</span> <span class='ocrx_word' id='word_1_853' title='bbox 3431 4833 3496 4883; x_wconf 73' lang='grc' dir='ltr'>ἐκ</span> <span class='ocrx_word' id='word_1_854' title='bbox 3527 4831 3623 4899; x_wconf 80' lang='grc' dir='ltr'>τῆς</span> <span class='ocrx_word' id='word_1_855' title='bbox 3671 4827 3812 4881; x_wconf 74' lang='grc' dir='ltr'>κατὰ</span> <span class='ocrx_word' id='word_1_856' title='bbox 3859 4828 4036 4895; x_wconf 69' lang='grc' dir='ltr'>φύσιν</span> 
     </span>
    </p>
   </div>
   <div class='ocr_carea' id='block_1_105' title="bbox 2434 4918 4032 4994">
    <p class='ocr_par' dir='ltr' id='par_1_105' title="bbox 2434 4918 4032 4994">
     <span class='ocr_line' id='line_1_105' title="bbox 2434 4918 4032 4994; baseline -0.004 -19"><span class='ocrx_word' id='word_1_857' title='bbox 2434 4923 2576 4993; x_wconf 80' lang='grc' dir='ltr'>ζωῆς</span> <span class='ocrx_word' id='word_1_858' title='bbox 2602 4963 2617 4987; x_wconf 88' lang='grc'><strong>,</strong></span> <span class='ocrx_word' id='word_1_859' title='bbox 2646 4924 2975 4994; x_wconf 83' lang='grc' dir='ltr'>ζωογονήσει</span> <span class='ocrx_word' id='word_1_860' title='bbox 3005 4922 3099 4975; x_wconf 72' lang='grc' dir='ltr'>καὶ</span> <span class='ocrx_word' id='word_1_861' title='bbox 3144 4921 3304 4985; x_wconf 80' lang='grc' dir='ltr'>αὐτὸς</span> <span class='ocrx_word' id='word_1_862' title='bbox 3341 4921 3417 4984; x_wconf 83' lang='grc' dir='ltr'>ὼς</span> <span class='ocrx_word' id='word_1_863' title='bbox 3462 4920 3574 4989; x_wconf 78' lang='grc' dir='ltr'>ζωὴ</span> <span class='ocrx_word' id='word_1_864' title='bbox 3607 4918 3673 4971; x_wconf 85' lang='grc' dir='ltr'>τὰ</span> <span class='ocrx_word' id='word_1_865' title='bbox 3713 4918 3861 4987; x_wconf 78' lang='grc' dir='ltr'>ζωῆς</span> <span class='ocrx_word' id='word_1_866' title='bbox 3903 4918 4032 4970; x_wconf 82' lang='grc' dir='ltr'>δεό-</span> 
     </span>
    </p>
   </div>
   <div class='ocr_carea' id='block_1_106' title="bbox 2479 5033 2594 5068">
    <p class='ocr_par' dir='ltr' id='par_1_106' title="bbox 2479 5033 2594 5068">
     <span class='ocr_line' id='line_1_106' title="bbox 2479 5033 2594 5068; baseline -0.009 0"><span class='ocrx_word' id='word_1_867' title='bbox 2479 5033 2594 5068; x_wconf 88' lang='grc' dir='ltr'>ενα.</span> 
     </span>
    </p>
   </div>
   <div class='ocr_carea' id='block_1_107' title="bbox 2436 5035 4033 5175">
    <p class='ocr_par' dir='ltr' id='par_1_107' title="bbox 2436 5035 4033 5175">
     <span class='ocr_line' id='line_1_107' title="bbox 2479 5035 2594 5068; baseline -0.009 0"><span class='ocrx_word' id='word_1_868' title='bbox 2479 5035 2594 5068; x_wconf 90' lang='grc' dir='ltr'>ενα.</span> 
     </span>
     <span class='ocr_line' id='line_1_108' title="bbox 2436 5035 4033 5175; baseline -0.007 -14"><span class='ocrx_word' id='word_1_869' title='bbox 2436 5035 2474 5087; x_wconf 66' lang='grc' dir='ltr'><strong>μ</strong></span> <span class='ocrx_word' id='word_1_870' title='bbox 2500 5110 2703 5162; x_wconf 77' lang='grc' dir='ltr'><strong>ΔΛΛΟ.</strong></span> <span class='ocrx_word' id='word_1_871' title='bbox 2745 5108 2812 5162; x_wconf 80' lang='lat' dir='ltr'><strong>El</strong></span> <span class='ocrx_word' id='word_1_872' title='bbox 2831 5107 2984 5162; x_wconf 77' lang='grc' dir='ltr'>οὐδὲν</span> <span class='ocrx_word' id='word_1_873' title='bbox 3017 5105 3208 5160; x_wconf 78' lang='grc' dir='ltr'>ἑαυτοῦ</span> <span class='ocrx_word' id='word_1_874' title='bbox 3239 5104 3484 5175; x_wconf 68' lang='grc' dir='ltr'>μέτοχον,</span> <span class='ocrx_word' id='word_1_875' title='bbox 3518 5098 3811 5172; x_wconf 81' lang='grc' dir='ltr'>μετέχειὸὲ</span> <span class='ocrx_word' id='word_1_876' title='bbox 3842 5099 3876 5169; x_wconf 77' lang='grc' dir='ltr'>ἡ</span> <span class='ocrx_word' id='word_1_877' title='bbox 3904 5100 4033 5151; x_wconf 80' lang='grc' dir='ltr'>κτί-</span> 
     </span>
    </p>
   </div>
   <div class='ocr_carea' id='block_1_108' title="bbox 2434 5191 4034 5272">
    <p class='ocr_par' dir='ltr' id='par_1_108' title="bbox 2434 5191 4034 5272">
     <span class='ocr_line' id='line_1_109' title="bbox 2434 5191 4034 5272; baseline -0.008 -17"><span class='ocrx_word' id='word_1_878' title='bbox 2434 5220 2514 5268; x_wconf 79' lang='grc' dir='ltr'><strong>σις</strong></span> <span class='ocrx_word' id='word_1_879' title='bbox 2545 5203 2619 5265; x_wconf 84' lang='grc' dir='ltr'><strong>ὡς</strong></span> <span class='ocrx_word' id='word_1_880' title='bbox 2648 5202 2816 5272; x_wconf 81' lang='grc' dir='ltr'>ζωῆς,</span> <span class='ocrx_word' id='word_1_881' title='bbox 2844 5200 2938 5254; x_wconf 83' lang='grc' dir='ltr'>τοῦ</span> <span class='ocrx_word' id='word_1_882' title='bbox 2974 5196 3213 5271; x_wconf 79' lang='grc' dir='ltr'>Χριστοῦ</span> <span class='ocrx_word' id='word_1_883' title='bbox 3247 5213 3259 5225; x_wconf 88' lang='grc'>·</span> <span class='ocrx_word' id='word_1_884' title='bbox 3288 5197 3393 5249; x_wconf 86' lang='grc' dir='ltr'><strong>οὑκ</strong></span> <span class='ocrx_word' id='word_1_885' title='bbox 3424 5195 3536 5265; x_wconf 75' lang='grc' dir='ltr'>ἄρα</span> <span class='ocrx_word' id='word_1_886' title='bbox 3567 5196 3601 5262; x_wconf 79' lang='grc' dir='ltr'>ἡ</span> <span class='ocrx_word' id='word_1_887' title='bbox 3630 5191 3807 5271; x_wconf 80' lang='grc' dir='ltr'>κτίσις</span> <span class='ocrx_word' id='word_1_888' title='bbox 3839 5191 4034 5255; x_wconf 82' lang='grc' dir='ltr'>αὐτὸς,</span> 
     </span>
    </p>
   </div>
   <div class='ocr_carea' id='block_1_109' title="bbox 2432 5286 3689 5365">
    <p class='ocr_par' dir='ltr' id='par_1_109' title="bbox 2432 5286 3689 5365">
     <span class='ocr_line' id='line_1_110' title="bbox 2432 5286 3689 5365; baseline -0.01 -15"><span class='ocrx_word' id='word_1_889' title='bbox 2432 5296 2546 5350; x_wconf 80' lang='grc' dir='ltr'>ἀλλ’</span> <span class='ocrx_word' id='word_1_890' title='bbox 2568 5296 2690 5349; x_wconf 80' lang='grc' dir='ltr'>οὐδὲ</span> <span class='ocrx_word' id='word_1_891' title='bbox 2716 5296 2746 5365; x_wconf 77' lang='grc' dir='ltr'><strong>ἠ</strong></span> <span class='ocrx_word' id='word_1_892' title='bbox 2778 5295 2955 5358; x_wconf 86' lang='grc' dir='ltr'>κτίσις</span> <span class='ocrx_word' id='word_1_893' title='bbox 2983 5293 3117 5365; x_wconf 81' lang='grc' dir='ltr'>ζωὴ,</span> <span class='ocrx_word' id='word_1_894' title='bbox 3140 5292 3276 5361; x_wconf 84' lang='grc' dir='ltr'>ὅπερ</span> <span class='ocrx_word' id='word_1_895' title='bbox 3305 5289 3455 5341; x_wconf 67' lang='grc' dir='ltr'>ἐστὶν</span> <span class='ocrx_word' id='word_1_896' title='bbox 3476 5290 3505 5341; x_wconf 92' lang='lat'><strong>6</strong></span> <span class='ocrx_word' id='word_1_897' title='bbox 3539 5286 3689 5348; x_wconf 81' lang='grc' dir='ltr'>Υἱός.</span> 
     </span>
    </p>
   </div>
   <div class='ocr_carea' id='block_1_110' title="bbox 2512 5550 4032 5627">
    <p class='ocr_par' dir='ltr' id='par_1_110' title="bbox 2512 5550 4032 5627">
     <span class='ocr_line' id='line_1_111' title="bbox 2512 5550 4032 5627; baseline -0.012 -8"><span class='ocrx_word' id='word_1_898' title='bbox 2512 5566 2712 5618; x_wconf 79' lang='grc' dir='ltr'><strong>ΛΛΛΟ.</strong></span> <span class='ocrx_word' id='word_1_899' title='bbox 2742 5565 2802 5617; x_wconf 85' lang='grc' dir='ltr'><strong>Εἰ</strong></span> <span class='ocrx_word' id='word_1_900' title='bbox 2829 5564 2887 5616; x_wconf 74' lang='grc' dir='ltr'>τὸ</span> <span class='ocrx_word' id='word_1_901' title='bbox 2912 5561 3193 5626; x_wconf 84' lang='grc' dir='ltr'>ζωοποιεῖν</span> <span class='ocrx_word' id='word_1_902' title='bbox 3219 5556 3403 5627; x_wconf 76' lang='grc' dir='ltr'>ἕτερον</span> <span class='ocrx_word' id='word_1_903' title='bbox 3426 5556 3563 5617; x_wconf 80' lang='grc' dir='ltr'>ἐστι,</span> <span class='ocrx_word' id='word_1_904' title='bbox 3592 5552 3651 5605; x_wconf 81' lang='grc' dir='ltr'><strong>τὸ</strong></span> <span class='ocrx_word' id='word_1_905' title='bbox 3688 5551 3744 5604; x_wconf 74' lang='grc' dir='ltr'><strong>δὲ</strong></span> <span class='ocrx_word' id='word_1_906' title='bbox 3765 5550 4032 5614; x_wconf 58' lang='lat' dir='ltr'><strong>{mmsi-</strong></span> 
     </span>
    </p>
   </div>
   <div class='ocr_carea' id='block_1_111' title="bbox 2443 5645 4034 5729">
    <p class='ocr_par' dir='ltr' id='par_1_111' title="bbox 2443 5645 4034 5729">
     <span class='ocr_line' id='line_1_112' title="bbox 2443 5645 4034 5729; baseline -0.01 -18"><span class='ocrx_word' id='word_1_907' title='bbox 2443 5660 2560 5711; x_wconf 70' lang='grc' dir='ltr'>σθαι</span> <span class='ocrx_word' id='word_1_908' title='bbox 2603 5659 2816 5729; x_wconf 76' lang='grc' dir='ltr'>ἓ.-ρον,</span> <span class='ocrx_word' id='word_1_909' title='bbox 2868 5657 2941 5719; x_wconf 80' lang='grc' dir='ltr'>ὡς</span> <span class='ocrx_word' id='word_1_910' title='bbox 2994 5655 3245 5727; x_wconf 79' lang='grc' dir='ltr'>ἐνέργεια</span> <span class='ocrx_word' id='word_1_911' title='bbox 3287 5651 3375 5704; x_wconf 70' lang='lat'><strong>7.7.“.</strong></span> <span class='ocrx_word' id='word_1_912' title='bbox 3414 5646 3617 5711; x_wconf 73' lang='grc' dir='ltr'>πάθος,</span> <span class='ocrx_word' id='word_1_913' title='bbox 3649 5645 3739 5699; x_wconf 85' lang='grc' dir='ltr'><strong>καί</strong></span> <span class='ocrx_word' id='word_1_914' title='bbox 3772 5645 4034 5708; x_wconf 73' lang='grc' dir='ltr'>ζωοποιεί</span> 
     </span>
    </p>
   </div>
  </div>
