4214 6502
194 424 266 478 93
1258 424 1323 478 IN
1364 424 1654 480 JOANNIS
1684 425 2155 490 EVANGELIUM.
2186 435 2309 492 LIB.
2356 439 2394 494 I.
3413 453 3487 510 οι

196 542 302 612 μὲν
331 542 360 594 ὁ
394 538 537 603 Υἱὸς,
574 537 917 602 ζωοποιεῖται
945 537 1002 592 δὲ
1034 539 1066 610 ὴ
1094 540 1289 602 κτίσις·
1318 541 1417 594 οὒκ
1461 542 1572 613 ἄρα
1600 542 1778 597 ταυτὸε

1902 545 2098 611 Filius,
2163 561 2419 609 creatura
2478 565 2662 611 autem
2718 558 3028 618 viviﬁcatur

200 627 325 697 Υἱὸς
373 631 465 684 καὶ
498 632 694 694 κτίσις,
727 630 850 684 ἐπεὶ
893 631 1029 703 μηδὲ
1051 632 1112 687 τὸ
1144 632 1401 703 ἐνεργοῦν
1426 634 1504 706 τῷ
1536 636 1791 707 ἐνεργου-

193 724 365 793 μένφο

811 814 1065 871 ΚΕΦΑΛ.
1098 819 1172 872 Z'.

191 905 326 961 'Ott
355 904 482 975 φῶς
512 904 661 978 κατὰ
692 906 882 978 φύσιν
918 909 1092 964 ἐστίν
1118 914 1151 965 ό
1182 911 1338 978 Υἱὸς,
1360 910 1458 965 καὶ
1489 910 1586 964 διὰ
1613 911 1792 965 τοῦτο

262 980 339 1031 οὑ
386 976 653 1045 γενητὸς,
686 977 822 1048 ἄρμ’
848 979 916 1033 ἐκ
961 979 1074 1047 τῆς
1111 976 1331 1048 auctae
1366 982 1473 1036 ut“)
1507 982 1656 1036 Θεοῦ
1693 982 1791 1035 καὶ

262 1048 497 1130 Παςρὸς
522 1088 539 1112 ,
574 1048 654 1113 ὡς
703 1045 827 1117 φῶς
866 1045 1161 1120 ἀληθινὸν
1228 1045 1316 1106 ἐπί
1343 1053 1539 1122 φωτὸς
1582 1053 1785 1108 dludi-

262 1136 400 1175 νου.

262 1212 376 1265 Καὶ
408 1210 520 1281 ζωὴ
557 1208 636 1283 ἦν
675 1212 742 1267 τὸ
773 1210 900 1282 φῶς
930 1211 1052 1265 τῶν
1072 1212 1417 1282 ἀνθρώπων.

260 1305 377 1358 Καὶ
427 1305 516 1359 διὰ
560 1306 766 1360 τούτων
819 1308 951 1376 ἡμῖν
984 1308 1012 1359 ὁ
1069 1307 1338 1376 μακάριος
1399 1304 1792 1376 εὐαγγελιστὴς

188 1393 330 1448 Θεθιν
354 1395 483 1448 ὅντα
519 1395 661 1449 κατὰ
697 1395 857 1465 φύσιν
904 1396 1238 1452 ἐπιδεικνύει
1263 1398 1354 1451 τὸν
1383 1398 1533 1464 Υίδν,
1566 1397 1792 1451 καὶτῶν

185 1484 287 1537 τοῦ
325 1486 691 1555 γεννήσαντος
721 1484 943 1554 ἀγαθῶν
968 1486 1245 1550 ούσιωδῶς
1275 1488 1631 1560 κληρονόμον.
1652 1490 1793 1560 [lpo-

185 1576 375 1643 δείξας
404 1576 514 1650 γὰρ
559 1578 641 1633 ὅτι
682 1577 796 1647 ζωὴ
828 1576 972 1632 κατά
1010 1578 1171 1647 φύσιν
1203 1580 1466 1651 ὑπάρχων
1486 1619 1500 1645 ,
1537 1581 1698 1644 αὐτὸς
1723 1577 1792 1652 ἦν

186 1671 246 1720 ὲν
268 1671 405 1722 πᾶσι
431 1673 543 1733 τοῖς
570 1670 635 1724 δι’
658 1670 825 1725 αὐτοῦ
854 1672 1191 1741 γενομένοις,
1223 1672 1466 1742 συνέχων
1519 1672 1663 1727 αὐτὰ
1695 1673 1791 1726 καὶ

186 1761 498 1830 ζωογονῶν,
534 1762 628 1815 καὶ
655 1763 721 1815 ὲκ
761 1762 836 1833 μὴ
882 1762 1053 1817 ὄντων
1091 1764 1172 1826 είς
1212 1762 1274 1817 τὸ
1313 1761 1452 1817 εἶναι
1498 1766 1790 1837 παρελθεῖν

3073 583 3085 617 :
3137 579 3246 619 non
3312 567 3487 637 igitur

1900 641 2042 696 idem
2100 651 2187 700 est
2240 645 2411 702 Filius
2465 658 2518 704 et
2567 661 2849 720 creatura,
2881 663 2942 709 ut
2971 672 3152 729 neque
3183 662 3331 728 quod
3368 662 3483 733 agit

1895 734 2040 790 idem
2084 746 2170 794 est
2212 753 2338 793 cum
2371 755 2437 796 eo
2469 744 2614 812 quod
2648 745 2852 815 agitur.

2530 834 2686 893 CAP.
2730 836 2842 892 VII.

1899 916 2056 983 Quod
2094 922 2189 976 tua:
2221 924 2508 1001 secundum
2550 937 2799 1001 naturam
2835 930 2906 982 sit
2945 928 3143 992 Filius,
3176 942 3228 985 et
3256 934 3481 1001 proinde

1966 1008 2070 1070 non
2121 1005 2362 1070 erectius,
2385 997 2477 1050 sed
2516 1013 2582 1051 ea:
2627 998 2930 1055 substantia
2964 1002 3062 1056 Dei
3103 1019 3168 1057 ac
3191 997 3479 1070 Patris,“

1966 1062 2060 1116 lita:
2092 1081 2213 1119 vera
2250 1066 2315 1120 de
2346 1067 2459 1121 luce
2492 1085 2634 1122 vera.

1967 1220 2005 1279 Ι.
2040 1222 2092 1277 4.
2129 1222 2197 1277 Et
2228 1226 2336 1279 vita
2365 1237 2480 1281 erat
2512 1227 2604 1281 lux
2638 1226 2932 1282 hominum.

1963 1316 2166 1373 Beatus
2192 1322 2535 1390 evangelista
2568 1322 2731 1377 nobis
2756 1324 2921 1378 etiam
2955 1323 3042 1378 bis
3072 1325 3257 1380 verbis
3286 1334 3479 1381 osten-

1891 1408 1973 1464 dit
2006 1409 2177 1465 Deum
2212 1419 2408 1465 natura
2439 1429 2538 1468 sua
2578 1412 2775 1468 Filium
2803 1415 3095 1478 exsistere,
3126 1424 3180 1471 et
3207 1417 3476 1472 bonorum

1891 1502 2074 1560 Patris
2108 1505 2552 1562 substantialiter
2596 1508 2887 1564 haeredem.
2926 1509 3065 1564 Cum
3113 1511 3261 1568 enim
3320 1505 3501 1581 prius

1892 1594 2142 1650 docuerit
2190 1596 2357 1651 vitam
2425 1598 2732 1653 secundum
2800 1610 3057 1657 naturam
3116 1606 3475 1660 exsisteutem

1892 1685 2072 1757 ipsum
2138 1688 2193 1743 in
2264 1690 2527 1745 omnibus
2584 1708 2613 1746 a
2677 1708 2739 1748 se
2783 1694 2991 1749 creatis
3065 1711 3226 1758 esse,
3300 1711 3479 1763 eaque

1892 1781 2178 1837 continere
2236 1796 2301 1836 ac
2348 1783 2650 1850 viviticare,
2684 1794 2739 1841 et
2786 1802 2817 1842 e
2864 1787 3037 1841 nihilo
3074 1788 3140 1837 ad
3176 1797 3302 1840 esse
3350 1803 3477 1842 oro-

184 1855 387 1923 ἁεράτῳ
426 1853 655 1924 δυνάμει
692 1854 1056 1925 δωρούμενος,
1096 1855 1192 1910 καὶ
1220 1857 1566 1927 γεγενημένα
1590 1858 1778 1911 διασώ-

1892 1872 2115 1938 ducere,
2149 1884 2203 1928 et
2233 1874 2498 1943 producta
2546 1891 2904 1936 conservare.
2936 1879 3001 1933 ad
3036 1880 3177 1934 alias
3222 1888 3476 1934 contem-

184 1946 321 2009 ζων,
339 1945 425 2012 ἐφ’
452 1945 646 2016 ἑτέραν
669 1944 887 2016 ἔρχεται
918 1947 1208 2017 νοημάτων
1241 1948 1549 2020 διασκευὴν,
1582 1968 1788 2005 παντα-

185 2034 352 2105 χόθεν
400 2038 551 2106 ἡμᾶς
582 2036 675 2088 ἐπὶ
726 2036 826 2108 τὴν
860 2036 960 2106 τῆς
991 2038 1250 2108 ἀληθείας
1284 2040 1589 2111 κατάληψιν
1630 2060 1783 2116 χειρ-

182 2128 448 2193 αγωγεῖν,
477 2128 559 2179 ὅτι
594 2126 658 2195 δὴ
698 2127 791 2180 καὶ
826 2128 970 2198 μάλα
998 2130 1287 2201 προσήκοι,
1309 2130 1783 2203 διενθυμούμενος.

184 2220 404 2273 Οὐκοῦν
454 2222 566 2282 τοῖς
618 2221 1011 2292 γεγενημένοις
1056 2223 1085 2274 ὁ
1120 2222 1294 2292 Λόγος
1334 2225 1675 2297 ὲνυπῆρχεν,
1709 2227 1785 2291 ὡς

182 2313 325 2384 ζωή.
372 2314 592 2385 Ἐπειδὴ
616 2314 673 2367 δὲ
704 2313 843 2378 ζῶον
867 2316 925 2369 ὲν
960 2316 1145 2377 αὐτοῖς
1176 2318 1269 2369 ἐπὶ
1296 2319 1399 2386 γῆς
1424 2317 1662 2386 λογικὸν,
1691 2318 1782 2372 νοῦ

187 2425 250 2459 τε
273 2410 369 2460 καὶ
397 2410 705 2479 ἐπιστήμης
730 2408 998 2474 δεκτικὸν,
1019 2412 1047 2463 ὁ
1075 2410 1489 2481 ἀνθρωπος,καὶ
1513 2412 1612 2483 τῆς
1630 2415 1781 2484 παρὰ

182 2498 325 2552 Θεοῦ
352 2500 544 2569 σοφίας
567 2501 812 2571 μέτοχονο
830 2502 1141 2570 ἀναγκαίως
1177 2504 1310 2573 ἡμῖν
1346 2505 1373 2556 ὁ
1400 2506 1783 2575 πνευματοφό-

185 2608 304 2661 ρος,
340 2593 433 2645 καὶ
463 2593 565 2662 τῆς
589 2595 646 2644 ὲν
676 2593 984 2665 ἀνθρώποις
1010 2595 1201 2664 σοφίας
1244 2598 1476 2667 χορηγὸν
1517 2598 1646 2652 ὄντα
1689 2600 1784 2651 τὸν

182 2683 363 2752 Λόγον
380 2684 708 2738 ἐπιδεικνύει
741 2686 946 2753 σαφῶς,
967 2687 1051 2739 ἵνα
1067 2688 1251 2758 νοῆται
1269 2690 1333 2741 δι’
1365 2688 1493 2757 Υίοῦ
1525 2691 1703 2745 πάντα
1725 2693 1782 2745 ἐν

183 2777 356 2828 πᾶσιν
384 2776 645 2847 ὑπάρχων
664 2778 692 2829 ὁ
710 2776 839 2841 Θεὸς
866 2780 960 2830 καὶ
978 2780 1184 2851 Πατὴρ,
1204 2781 1316 2850 ζωὴ
1341 2780 1440 2850 μὲν
1461 2782 1517 2835 ἐν
1537 2785 1648 2844 τοῖς
1669 2782 1784 2835 δεοε-

184 2868 372 2937 μένοις
407 2868 585 2939 ζωῆςο
620 2869 735 2939 φῶς
767 2870 821 2922 δὲ
854 2870 1018 2924 πάλιν
1062 2873 1157 2924 καὶ
1199 2872 1337 2943 ζωὴ,
1393 2874 1449 2925 ὲν
1491 2876 1604 2936 τοῖς
1635 2874 1783 2944 ζωῆς

182 2961 281 3012 καὶ
312 2960 489 3027 φωτὸς
520 2960 781 3031 δεομένης
808 2961 928 3031 ιγρ.
964 2962 1286 3033 δεομένοις].
1336 2965 1445 3017 Καὶ
1493 2964 1581 3018 διὰ
1624 2966 1783 3018 τοῦτὸ

182 3068 346 3119 φησι·
382 3072 400 3102 ι
433 3053 545 3105 Καὶ
573 3054 604 3123 ἡ
636 3052 749 3123 ζωὴ
777 3048 847 3124 ἦν
870 3055 930 3106 τὸ
960 3054 1076 3123 φῶς
1096 3055 1205 3107 τῶν
1229 3056 1552 3128 ἀνθρώπων·
1595 3076 1613 3108 i
1635 3057 1782 3110 τοῦτ’

181 3145 357 3210 ἔστιν,
385 3146 415 3198 ὁ
436 3146 613 3199 πάντα
645 3145 928 3214 ζωογονῶν
965 3147 1095 3209 Θεὸς
1128 3148 1320 3216 Λόγος,
1358 3150 1472 3219 ήὲν
1504 3151 1637 3202 πᾶσι
1670 3153 1779 3213 τοῖς

1889 1964 2163 2037 plationes
2216 1978 2279 2019 se
2337 1964 2578 2031 confert,
2647 1966 2892 2031 undique
2949 1984 3050 2023 nos
3102 1975 3169 2023 ad
3223 1974 3477 2025 veritatis

1887 2057 2442 2127 comprehensionem
2477 2059 2837 2127 potissimum
2882 2060 3158 2116 deducere
3196 2070 3470 2115 statuens.

1887 2149 2078 2222 Itaque
2114 2152 2171 2205 in
2219 2152 2427 2207 creatis
2477 2153 2645 2208 rebus
2697 2152 2937 2209 Verbum
2986 2158 3184 2214 inerat.
3230 2166 3290 2210 ut
3332 2156 3471 2210 vita.

1886 2246 2022 2301 Cum
2056 2252 2241 2301 autem
2288 2245 2455 2301 homo
2496 2247 2643 2302 inter
2677 2261 2774 2303 eas
2821 2249 3029 2303 animal
3077 2250 3147 2304 sit
3179 2250 3472 2309 rationale.

1889 2336 2088 2391 mentis
2144 2343 2201 2391 et
2256 2336 2504 2393 scientiae
2553 2351 2747 2408 capax,
2802 2353 2867 2392 ae
2918 2338 3120 2395 divinat
3188 2340 3476 2398 sanientiae

1889 2430 2190 2500 particeps,
2237 2429 2554 2485 necessario
2606 2430 2766 2484 nobis
2798 2430 2882 2484 vir
2913 2431 3005 2484 ille
3047 2431 3271 2485 divinus
3323 2432 3476 2486 illius

1886 2538 2107 2593 quoque
2140 2522 2247 2594 54
2275 2524 2557 2591 sapientiae
2586 2539 2707 2593 qua:
2741 2524 2795 2577 in
2829 2524 3081 2580 homines
3114 2525 3285 2585 cadit.
3307 2526 3473 2598 largi-

1885 2622 2058 2667 torem
2101 2627 2225 2668 esse
2262 2611 2464 2667 Filium
2515 2614 2662 2668 clare
2708 2612 2971 2675 ostendit,
3019 2623 3079 2668 ut
3130 2615 3472 2686 intelligatur

1885 2705 2031 2762 Deus
2065 2720 2130 2760 ac
2149 2705 2314 2761 Pater
2346 2721 2442 2775 per
2466 2703 2663 2761 Filium
2694 2706 2880 2760 omnia
2909 2708 3176 2762 exsistere
3207 2707 3262 2760 in
3293 2709 3472 2762 omni-

1885 2799 1990 2855 bus
2026 2819 2039 2854 :
2074 2800 2187 2854 vita
2220 2800 2445 2870 quidem
2480 2800 2535 2854 in
2565 2801 2637 2853 iis
2662 2814 2787 2868 qua:
2819 2798 2929 2851 vita
2954 2806 3009 2852 ct
3043 2800 3164 2855 luce
3187 2799 3467 2869 indigent;

1885 2892 1977 2946 lux
2018 2894 2145 2947 item
2201 2901 2257 2946 et
2309 2893 2418 2945 vita
2460 2892 2514 2945 in
2565 2892 2632 2945 iis
2674 2905 2797 2961 quae
2823 2892 2933 2943 vita
2972 2899 3026 2944 et
3078 2889 3202 2944 luce
3253 2899 3465 2946 carent.

1883 2983 2125 3052 Ideoque
2165 2982 2242 3035 ait
2278 3002 2289 3035 :
2326 3000 2343 3032 i
2391 2980 2455 3035 Et
2488 2982 2598 3035 vita
2638 2988 2758 3035 erat
2812 2980 2903 3033 lux
2956 2978 3269 3044 hominum,
3308 2999 3327 3031 ι
3364 2981 3469 3035 hoc

1882 3080 1968 3127 est
2021 3074 2206 3125 omnia
2258 3072 2542 3126 vivificaris
2602 3070 2748 3126 Deus
2812 3068 3081 3137 Verbum,
3131 3071 3223 3124 illa
3280 3086 3465 3126 rerum

1883 3162 2130 3217 omnium
2165 3162 2373 3225 vita,et
2403 3162 2609 3216 animal
2637 3161 2868 3216 rationis
2898 3175 3128 3231 compos
3164 3161 3463 3226 illuminat,

181 3233 307 3289 οὖσι
361 3235 514 3308 ζωὴ,
547 3236 645 3290 καὶ
680 3237 741 3289 τὺ
792 3238 1008 3306 λογικὸν
1045 3238 1268 3308 φωτίζει
1322 3238 1480 3304 ζῶον,
1522 3242 1616 3293 καὶ¹
1665 3245 1774 3305 τοῖς

1883 3263 1934 3309 et
1964 3256 2030 3309 iis
2054 3258 2185 3324 qua:
2212 3254 2589 3324 intelligentia
2626 3262 2756 3310 sunt
2785 3253 3005 3322 capacia
3043 3253 3466 3325 intelligentiam

186 3328 461 3393 συνέσεως
490 3331 761 3392 δεκτικοῖς
795 3329 893 3400 τὴν
928 3330 1143 3385 σύνεσιν
1184 3332 1658 3401 ὲπιδαῲιλεύεται·
1694 3334 1781 3388 ἵνα

185 3418 432 3489 σώζηται
486 3422 581 3473 καὶ
614 3421 772 3493 ἰσχύῃ
811 3421 991 3485 καλῶς
1021 3422 1080 3475 τὸ
1110 3425 1201 3476 ἐπὶ
1231 3427 1295 3495 τῇ
1347 3424 1522 3478 κτίσει
1552 3425 1781 3496 λεγόμε-

182 3529 277 3564 νον
298 3528 311 3539 ·
338 3532 355 3563 ι
398 3512 460 3564 Τί
489 3514 597 3582 γὰρ
625 3514 768 3583 ἔχεις
796 3512 826 3565 ὂ
854 3513 953 3567 οὐκ
991 3514 1181 3577 ἔλαϐες
1201 3532 1216 3579 ;
1240 3534 1259 3566 ι
1287 3517 1513 3569 Πλουτεῑ
1540 3518 1649 3588 γὰρ
1687 3520 1778 3570 ού-

182 3604 273 3657 δὲν
305 3604 519 3657 οἴκοθεν
559 3607 592 3676 ή
642 3607 844 3677 γενητὴ
889 3606 982 3659 xal.
1022 3608 1365 3679 πεποιημένη
1414 3609 1598 3677 φύσις,
1663 3612 1780 3665 ἀλλ’

181 3696 325 3764 ὅπερ
371 3695 438 3749 ἂν
486 3696 685 3766 ἔχουσα
732 3699 1009 3767 φαίνοιτο,
1038 3700 1199 3753 τοῦτο
1236 3702 1456 3766 πάντως
1485 3705 1601 3756 ἐστὶ
1632 3706 1780 3777 παρά

181 3786 322 3840 Θεοῦ
350 3787 445 3839 τοῦ
469 3789 561 3839 καὶ
594 3788 654 3840 τὸ
684 3784 841 3852 εἶναι,
879 3792 971 3842 καὶ
1000 3793 1149 3855 ὅπως
1179 3791 1407 3845 ἕκαστον
1438 3789 1577 3847 εἶναι
1614 3812 1781 3865 προσ-

180 3880 309 3947 ήκει
362 3880 742 3950 χαριζομένου.
784 3880 855 3934 E3
896 3882 953 3934 δὲ
994 3884 1157 3936 πάλιν
1194 3883 1255 3936 τὸ
1286 3880 1355 3955 ἦν
1385 3884 1478 3937 ἐπὶ
1506 3886 1605 3956 τῆς
1634 3885 1780 3957 ζωῆς

178 3968 444 4031 τέθειται,
479 3968 563 4020 ἵνα
607 3971 856 4041 πανταχῆ
886 3971 946 4023 τὸ
984 3973 1169 4035 ἀϊδίως
1217 3966 1355 4025 εἶναι
1400 3975 1644 4046 σημαίνῃ
1688 3977 1779 4028 τὸν

180 4058 381 4125 Λόγον,
419 4059 513 4112 καὶ
540 4060 638 4122 τὰς
684 4061 792 4113 τῶν
830 4063 1072 4133 ἀνοήτων
1105 4065 1372 4136 διακόπτῃ
1408 4065 1694 4137 φλυαρίας,
1719 4068 1778 4135 ἐξ

179 4149 284 4201 οὐκ
314 4148 485 4202 ὄντων
520 4152 650 4220 ἡμῖν
683 4154 1043 4224 εἰσφερούσας
1082 4157 1175 4209 τὸν
1205 4158 1354 4223 Υίὸν,
1387 4160 1524 4230 ὅπερ
1555 4160 1647 4232 ὅλῃ
1681 4179 1783 4231 μα-

179 4238 415 4308 χόμενον
448 4240 698 4308 φαίνεται
736 4245 801 4313 τῇ
842 4243 963 4315 θείᾳ
998 4246 1210 4318 Γραφῇ.
1248 4249 1383 4318 Περὶ
1420 4251 1518 4321 μὲν
1560 4249 1654 4306 οὖν
1679 4254 1777 4324 τῆς

177 4329 276 4382 τοῦ
310 4329 483 4398 Λόγου
526 4332 663 4401 μετά
715 4334 928 4405 Πατρὸς
960 4338 1264 4409 ἁίδιότητος
1287 4380 1302 4405 ,
1334 4343 1648 4413 ἀρκούντως
1674 4347 1775 4417 ήδη

176 4422 543 4493 διειληφότες,
600 4425 657 4478 ἔν
707 4443 763 4479 τε
816 4427 895 4498 τῷ
926 4431 1274 4502 προκειμένῳ
1325 4432 1517 4507 βιϐλίῳ
1573 4437 1668 4489 καὶ
1698 4438 1775 4511 τῷ

180 4517 303 4568 κατ’
329 4517 563 4588 ἐπίκλην
595 4519 906 4587 Θησαυρῷ,
952 4524 1109 4592 σιγᾷν
1137 4522 1281 4593 ἔχειν
1317 4528 1615 4597 οἰησόμεθα
1640 4530 1768 4583 δεῖν.

182 4608 249 4660 Ὅ
276 4608 333 4660 δὲ
383 4608 446 4679 δὴ
496 4610 606 4662 τῶν
656 4612 1035 4681 προκειμένων
1076 4617 1318 4686 εἰσφέρει
1348 4620 1549 4689 μᾶλλον
1577 4625 1706 4692 ἡμῖν
1735 4625 1767 4693 ή

177 4700 411 4764 διάνοια,
449 4701 605 4754 τοῦτο
650 4704 742 4755 καὶ
776 4704 923 4773 μάλα
974 4705 1271 4778 προθύμως
1302 4710 1377 4774 ὡς
1420 4712 1500 4765 ἔνι
1537 4715 1769 4783 μάλιστα

182 4792 585 4860 βασανίζοντες,
610 4795 837 4859 ἑαυτούς
871 4815 930 4850 τε
955 4798 1236 4869 ὠφελῆσαι
1269 4803 1660 4875 σπουδάσομεν,
1676 4810 1771 4860 καὶ

176 4884 305 4946 τοὺς
357 4881 587 4954 ὕστερον
640 4887 1082 4957 ἐντευξομένους,
1114 4892 1251 4945 Θεοῦ
1288 4894 1448 4949 πάλιν
1480 4899 1645 4968 ἡμῖν,
1678 4901 1773 4954 καὶ

177 4975 374 5045 θύραν,
404 4978 499 5029 καὶ
522 4977 698 5047 στόμα
730 4983 842 5042 τοῖς
867 4979 1045 5049 λόγοις
1069 4984 1396 5053 ἀνοίγοντος.
1424 4989 1489 5040 Τί
1528 4985 1622 5042 οὖν
1662 4993 1769 5061 ἄρα

177 5069 345 5122 πάλιν
373 5072 506 5141 ἡμῖν
534 5073 563 5124 ὁ
602 5070 986 5145 Χριστομὰχος
1018 5077 1153 5148 ἐρεῖ,
1182 5079 1243 5132 τὸ
1274 5080 1389 5150 φῶς
1422 5083 1529 5135 τῶν
1563 5076 1773 5156 ἀνθρώ-

176 5177 296 5211 πων
338 5160 628 5230 μανθάνων
683 5165 952 5235 ὑπάρχειν
1002 5168 1101 5238 τὴν
1151 5169 1316 5241 ζωὴν,
1342 5172 1485 5226 τοῦτ’
1511 5175 1649 5240 ἐστι,
1681 5178 1771 5230 τὸν

174 5252 263 5303 Etsi.
290 5251 474 5316 ζῶντα
500 5252 635 5306 Θεὸν
662 5255 862 5323 Λόγον;
893 5258 1069 5323 ποίοις
1106 5261 1255 5331 ἡμᾶς
1280 5267 1769 5334 κατασφενδονήσει

175 5343 481 5412 λογισμοῖς,
514 5345 643 5398 ὅταν
687 5349 767 5410 είς
815 5350 978 5419 μέσον
1011 5354 1235 5424 ἥκωμεν
1267 5356 1537 5425 λέγοντες*
1589 5362 1649 5413 Εἰ
1692 5362 1765 5431 μὴ

172 5433 305 5497 ϐιὸς
340 5435 484 5487 κατά
537 5436 695 5502 φύσιν
735 5440 880 5493 ἐστὶν
908 5444 936 5495 ό
968 5443 1113 5511 Υίὸς,
1159 5448 1253 5500 καὶ
1300 5446 1399 5519 τῆς
1448 5452 1539 5504 τοῦ
1574 5455 1765 5523 γεννή-

174 5542 372 5587 σαντος
416 5526 603 5590 οὐσίας
637 5532 868 5601 καρπὸς,
901 5536 950 5587 εἰ
983 5537 1057 5607 μὴ
1098 5540 1213 5606 φῶς
1256 5542 1388 5610 ἡμῖν
1416 5543 1669 5615 ἀληθινὸν
1698 5548 1760 5599 ὲκ

174 5617 354 5685 φωτὸς
389 5619 690 5689 ἐξέλαμψεν
724 5624 1002 5695 ἀληθινοῦ,
1036 5630 1235 5696 ἔξωθεν
1272 5634 1327 5686 δὲ
1357 5637 1447 5687 καὶ
1476 5638 1636 5699 αὐτὸς
1667 5641 1763 5691 ὑπ-

178 5706 306 5776 έστη
344 5723 439 5759 και
462 5706 559 5777 τὴν
587 5710 741 5779 ὑμῶν
781 5716 1023 5783 ἀμαθίαν
1049 5738 1055 5745 ·
1085 5724 1326 5797 ὀμοφυὴς
1362 5726 1466 5798 ἄρα
1504 5727 1618 5782 ἐστὶ
1652 5733 1759 5795 τοῖς

246 5893 292 5927 ¹⁴
334 5895 353 5950 I
386 5897 517 5953 Cur.
556 5915 630 5969 tv,
671 5903 719 5959 7.

1882 3342 2085 3396 aifatim
2112 3343 2436 3410 largitur,ut
2461 3357 2647 3396 verum
2670 3344 2741 3398 sit
2769 3342 2903 3396 illud
2927 3342 3073 3412 quod
3108 3342 3176 3397 de
3211 3354 3465 3397 creatura

1882 3436 2115 3490 dicitur:
2148 3455 2164 3485 ι
2193 3433 2332 3500 Quid
2361 3436 2504 3488 enim
2533 3434 2701 3489 habes
2728 3435 2879 3504 quod
2909 3452 3016 3490 non
3039 3437 3302 3505 accepisti
3332 3437 3409 3488 υἱ)
3443 3456 3464 3489 ι

1883 3528 1929 3581 A
1960 3542 2019 3582 se
2049 3529 2196 3581 enim
2236 3537 2421 3581 creata
2455 3537 2510 3583 et
2540 3526 2683 3581 facta
2730 3536 2927 3582 natura
2966 3529 3108 3582 nihil
3139 3528 3322 3590 habet.
3371 3529 3466 3583 sed

1884 3619 2255 3689 quodcunque
2284 3619 2489 3674 habere
2520 3620 2788 3683 cernitur,
2811 3620 2913 3674 hoc
2951 3620 3142 3689 utique
3165 3630 3245 3675 est
3279 3635 3307 3672 a
3330 3618 3465 3681 Deo,

1882 3710 1975 3778 qui
2028 3717 2079 3763 et
2129 3724 2251 3763 esse
2291 3718 2345 3763 et
2385 3708 2607 3763 essendi
2656 3709 2878 3763 modum
2930 3710 3187 3780 largitur.
3252 3709 3467 3765 Rursus

1882 3809 2092 3866 autem,
2132 3802 2289 3868 illud,
2321 3811 2460 3868 erat,
2507 3802 2575 3858 de
2606 3804 2717 3857 vita
2761 3803 2968 3857 dictum
3011 3812 3121 3867 est,
3156 3812 3214 3857 ut
3262 3804 3468 3873 ubique

1888 3894 2053 3949 Verbi
2098 3895 2461 3949 aeternitatem
2496 3894 2792 3964 signiticet,
2825 3905 2879 3951 et
2920 3897 3247 3951 insanorum
3292 3912 3467 3960 nugas

1881 3992 2114 4049 resecet,
2142 4000 2262 4056 qua:
2290 3983 2490 4039 Filium
2542 3985 2704 4039 nobis
2738 4001 2768 4039 e
2810 3984 2984 4038 nihilo
3023 3985 3288 4041 educunt.
3321 3984 3465 4045 quod

1882 4077 2103 4147 quidem
2144 4082 2293 4145 patet
2340 4078 2611 4130 universae
2654 4075 2745 4130 Dci
2799 4091 3106 4145 repugnare
3146 4074 3461 4144 Scriptum.

1884 4168 1990 4223 Sed
2015 4169 2080 4223 de
2103 4169 2405 4222 aeternitate
2422 4166 2586 4222 Verbi
2606 4183 2732 4221 eum
2766 4166 2925 4220 Patre
2956 4182 3082 4220 cum
3105 4166 3214 4234 iam
3250 4173 3379 4219 ante
3411 4165 3467 4218 in

1881 4261 1986 4316 hoc
2003 4261 2143 4316 libro
2170 4268 2223 4315 et
2240 4275 2305 4315 eo
2321 4260 2413 4330 qui
2435 4259 2737 4314 Thesauro;
2764 4260 3062 4327 inscriptus
3083 4265 3188 4321 est,
3203 4266 3464 4311 tractave-

1880 4354 2079 4419 rimus,
2116 4352 2388 4408 silendum
2431 4360 2709 4423 putamus.
2738 4350 2893 4417 Quod
2921 4360 3102 4406 autem
3127 4366 3309 4405 rerum
3342 4365 3465 4417 pro-

1878 4445 2181 4516 positarum
2230 4459 2426 4499 sensus
2473 4443 2632 4498 nobis
2678 4442 2873 4506 oﬂ'ert,
2922 4442 3027 4496 hoc
3070 4442 3259 4511 utique
3300 4441 3463 4510 perli-

1881 4538 2071 4592 benter
2158 4538 2339 4606 quoad
2424 4537 2553 4590 licet
2636 4533 3027 4600 examinanda,
3077 4550 3202 4587 cum
3299 4532 3460 4587 nobis

1878 4629 2138 4701 prodesse
2202 4627 2577 4691 studebimus,
2626 4634 2737 4679 tum
2793 4627 3050 4696 posteris,
3104 4624 3214 4679 Deo
3262 4640 3461 4679 rursus

1874 4723 2035 4778 nobis
2056 4723 2280 4791 januam
2306 4728 2361 4775 et
2391 4736 2452 4775 os
2478 4720 2543 4773 ad
2575 4720 2962 4775 disserendum
2996 4718 3458 4787 aperiente.Quid

1870 4830 2002 4883 ergo
2044 4813 2202 4867 nobis
2251 4812 2446 4865 iterum
2517 4823 2889 4878 responsurus
2930 4816 3030 4863 est
3084 4806 3177 4861 Dei
3242 4806 3457 4871 hostis,

1874 4906 2048 4960 lucem
2086 4904 2368 4957 hominum
2436 4901 2666 4955 audiens
2693 4902 2859 4953 vitam
2901 4898 3315 4961 exsistereJioc
3373 4906 3458 4949 est

1874 5010 2088 5065 semper
2125 4995 2318 5047 vivens
2345 4992 2511 5046 Deum
2546 4989 3049 5059 Verbuuﬂquibus
3081 5003 3182 5042 nos
3229 4986 3459 5051 impetet

1874 5086 2198 5147 rationibus.
2232 5086 2361 5139 dum
2411 5084 2465 5137 in
2522 5082 2760 5137 medium
2818 5081 3102 5151 prodimus
3156 5080 3452 5140 dicentes:

1874 5180 1988 5235 Nisi
2025 5180 2167 5234 Deus
2194 5177 2495 5233 secundum
2537 5185 2792 5231 naturam
2831 5175 2899 5229 sit
2933 5172 3127 5228 Filius.
3157 5182 3212 5228 et
3238 5172 3455 5228 fructus

1874 5273 2200 5330 substantiae
2238 5270 2434 5335 Patris,
2468 5269 2573 5324 nisi
2622 5269 2714 5322 lux
2761 5267 2923 5321 nobis
2955 5282 3084 5321 vera
3126 5280 3191 5317 et
3224 5273 3342 5319 luce
3371 5264 3453 5319 ef-

1871 5366 2087 5421 fulserit
2116 5379 2265 5427 vera,
2298 5361 2392 5417 sed
2431 5362 2547 5430 ipse
2563 5373 2781 5429 quoque
2801 5355 3106 5427 productus
3141 5355 3212 5407 sit
3240 5355 3453 5409 extrin-

1870 5473 2054 5523 secus,
2102 5456 2259 5525 juxta
2304 5464 2537 5509 vestram
2570 5449 2880 5513 inseitiam;
2911 5446 3160 5517 ejusdem
3190 5460 3321 5516 ergo
3353 5462 3449 5516 ge-

1870 5552 2017 5607 neris
2047 5557 2132 5605 cst
2182 5563 2303 5603 cum
2356 5546 2519 5600 rebus
2574 5542 2800 5607 creatis,
2834 5556 2933 5595 nec
2986 5546 3163 5609 potest
3216 5553 3448 5607 usquam

1866 5660 1989 5701 esse
2043 5656 2151 5696 non
2199 5647 2442 5694 creatus.
2482 5635 2769 5703 Quomodo
2824 5633 3012 5703 igitur,
3058 5645 3093 5684 ο
3125 5646 3243 5695 vos,
3296 5630 3447 5683 omni

1869 5736 2100 5794 stultitia
2154 5734 2319 5803 pleni,
2353 5732 2465 5803 ipse
2516 5729 2734 5800 quidem
2794 5726 3089 5787 illuminat,
3136 5723 3216 5778 lite
3266 5729 3447 5777 autem
