4214 6502
679 414 753 471 95
1713 413 1769 470 S.
1812 415 2094 473 CYBILLI
2135 415 2610 473 ALEXANDRINI
2665 413 2987 471 ARCIIIEP.
3875 399 3938 461 πο

678 531 1065 589 iliuminantur
1126 533 1195 589 ab
1255 532 1413 604 ipso?
1442 531 1719 603 Numquid
1772 535 1920 589 enim
1979 536 2125 591 aliud
2178 544 2254 590 est

2367 536 2781 605 πεποιημένοις,
2823 533 2915 587 καὶ
2960 532 3021 584 τὸ
3060 523 3198 585 ιίναι
3247 533 3470 607 γενητὸς
3497 528 3790 601 οὐδαμόθεν
3828 530 3939 582 δια-

676 622 824 693 quod
862 623 1155 690 illuminat,
1188 623 1338 680 aliud
1367 624 1515 697 quod
1547 626 1935 682 illuminatur?
1964 628 2131 698 Atqui
2160 644 2254 683 ne-

2362 625 2637 695 φεύξεται.
2667 623 2792 688 Πῶς
2820 619 2936 689 οὖν,
2970 626 2999 677 6
3022 621 3133 695 [Ζσ.
3152 616 3221 696 ὦ]
3240 624 3419 692 πάσης
3446 616 3939 693 μωρίαςάνάπλεῳ,

682 714 816 769 mini
847 714 1140 768 obscurum
1157 714 1303 771 istud
1321 730 1444 772 esse
1468 723 1664 786 potest.
1698 717 1760 773 Si
1787 718 1933 773 enim
1960 718 2100 773 idem
2135 736 2259 776 esse

678 806 1049 862 concedamus
1074 810 1340 878 qualitate
1369 810 1692 866 substantia:
1719 818 1772 867 et
1808 811 2025 866 essendi
2052 813 2215 867 modo
2240 831 2256 867 :

679 898 810 967 quid
849 898 972 967 plus
1003 907 1086 954 est
1119 900 1174 954 in
1205 915 1270 954 eo
1300 900 1447 971 quod
1495 902 1788 968 illuminat,
1822 910 1877 957 et
1918 903 2051 973 quid
2076 905 2258 961 minus

678 989 924 1043 vicissim
955 992 1009 1043 in
1027 1006 1092 1046 eo
1118 992 1263 1060 quod
1286 992 1426 1048 lucis
1458 993 1697 1064 indiget?
1720 994 1987 1048 eritenini
2019 996 2072 1048 in
2103 1006 2252 1050 utro—

677 1096 785 1151 que
816 1083 1046 1137 alterum
1072 1085 1342 1147 vicissim,
1364 1094 1418 1139 et
1440 1086 1528 1140 lux
1555 1086 1775 1156 quidem
1811 1089 1916 1140 erit
1948 1086 2094 1155 quod
2120 1088 2259 1142 lueis

677 1170 907 1241 indiget,
928 1180 980 1225 et
1001 1174 1088 1226 lux
1108 1175 1479 1229 confundetur
1494 1191 1617 1229 cum
1638 1192 1704 1232 eo
1729 1178 1872 1247 quod
1896 1176 2257 1232 illuminatur.

677 1262 839 1331 Atqui
866 1279 1119 1334 magnam
1150 1266 1237 1319 hic
1260 1266 1411 1320 vides
1434 1266 1539 1337 55
1562 1267 1825 1323 doctrina:
1851 1269 2252 1325 confusionem.

675 1351 914 1410 Necesse
949 1356 1096 1409 enim
1128 1364 1212 1411 est
1238 1372 1300 1411 ea
1335 1373 1456 1425 quae
1496 1369 1925 1415 commemorata
1960 1370 2090 1416 sunt
2114 1361 2257 1416 invi-

674 1458 793 1498 cem
839 1443 1138 1515 distingui,
1188 1453 1243 1500 et
1298 1446 1355 1500 in
1397 1449 1618 1519 propria
1659 1459 1857 1504 natura
1895 1452 2159 1506 collocari
2203 1453 2256 1506 id

674 1535 823 1601 quod
850 1535 1058 1604 aliquid
1085 1537 1403 1607 suppeditat
1425 1541 1658 1595 seorsim
1692 1541 1760 1595 ab
1786 1557 1853 1597 eo
1881 1544 1967 1597 cui
2000 1544 2259 1614 suppedi-

676 1634 842 1679 tatur.
860 1626 977 1681 Non
999 1637 1084 1682 est
1109 1646 1240 1701 ergo
1266 1634 1512 1703 ejusdem
1541 1644 1754 1691 natura:
1776 1651 1898 1689 cum
1926 1637 2088 1692 rebus
2113 1653 2259 1693 crea-

677 1718 749 1770 tis
785 1715 977 1781 Filius.
1000 1719 1096 1774 sed
1126 1722 1179 1775 in
1209 1723 1387 1779 Patris
1415 1724 1725 1780 substantia
1753 1726 2136 1793 collocabitur,
2167 1730 2255 1785 lux

674 1822 803 1861 vera
842 1808 910 1862 de
948 1809 1071 1865 luce
1121 1828 1249 1867 vera
1284 1816 1581 1870 exsistens.
1615 1816 1721 1871 Sed
1767 1833 1878 1872 non
1923 1819 2026 1873 erit
2072 1818 2256 1875 forsan

669 1894 896 1955 diﬂicile
952 1901 1061 1957 huc
1101 1906 1373 1960 translato
1406 1923 1658 1963 sermone
1704 1925 1813 1979 quo
1859 1921 2019 1965 antea
2056 1908 2254 1966 Filium

673 1990 841 2044 vitam
866 2007 1012 2056 esse,
1037 2006 1089 2049 et
1108 1998 1274 2051 alium
1301 1999 1369 2053 ab
1389 2000 1457 2054 iis
1476 2001 1528 2053 in
1551 2000 1752 2072 quibus
1775 2010 1859 2057 est
1884 2003 2253 2068 ostendimus,

675 2082 842 2151 huius
877 2086 1073 2156 capitis
1114 2088 1317 2142 claram
1369 2092 1788 2161 explicationem
1834 2092 2047 2149 aﬂ'erre.
2080 2093 2252 2160 Quem

673 2172 917 2229 laborem
941 2191 1009 2231 ne
1034 2175 1159 2233 aliis
1184 2178 1518 2251 relinquere,
1537 2190 1629 2237 aut
1658 2182 1929 2240 desidiam
1961 2184 2143 2240 colere
2174 2201 2225 2239 νι

672 2264 827 2329 dear,
846 2282 1043 2323 rursus
1069 2284 1172 2340 ego
1201 2270 1317 2341 ipse
1339 2273 1780 2345 syllogismorum
1810 2292 1950 2347 quos
1978 2292 2131 2347 prius
2170 2285 2253 2331 at-

674 2354 902 2408 tulimus
943 2355 1196 2422 formam,
1233 2363 1409 2431 quoad
1442 2373 1651 2433 potero,
1679 2376 2051 2423 transmutare
2089 2383 2256 2422 cona-

674 2441 793 2500 bor.
817 2445 884 2501 Ut
905 2465 1049 2503 enim
1078 2451 1190 2506 illic
1210 2452 1317 2507 vita
1343 2455 1647 2510 secundum
1675 2466 1931 2513 naturam
1955 2459 2254 2526 exsistens,

672 2539 926 2599 diversus
957 2545 1026 2599 ab
1059 2545 1128 2600 iis
1154 2547 1208 2601 in
1245 2549 1450 2619 quibus
1473 2559 1557 2607 est
1587 2552 1803 2607 videtur
1833 2568 1847 2606 :
1880 2554 1953 2608 ita
1990 2554 2079 2609 hic
2118 2572 2256 2626 quo-

670 2649 783 2703 que
837 2635 931 2690 lux
982 2638 1265 2694 hominum
1317 2657 1442 2696 cum
1500 2658 1621 2699 esse
1672 2645 1907 2711 dicatur,
1939 2662 2004 2702 ac
2065 2664 2255 2703 revera

671 2726 764 2789 sit,
792 2727 934 2783 alius
985 2744 1108 2784 esse
1149 2731 1218 2784 ab
1260 2732 1327 2787 iis
1359 2735 1731 2804 comperietur
1761 2752 1883 2806 qua:
1933 2737 2071 2793 lucis
2107 2738 2252 2792 indi-

672 2828 822 2887 gent,
848 2834 1080 2891 eamque
1112 2824 1461 2895 partietpaut.
1496 2828 1552 2882 id
1586 2838 1767 2883 autem
1798 2846 1863 2884 ex
1895 2832 2252 2901 sequentibus

671 2913 986 2968 accuratius
1016 2929 1403 2982 agnoscemus.

2361 712 2585 783 φωτίζει
2642 714 2740 785 μὲν
2777 712 2961 779 αὑτὸς,
2998 713 3067 766 τὰ
3096 712 3153 765 δὲ
3185 713 3275 766 ὑπ’
3308 712 3475 766 αὑτοῦ
3509 710 3843 781 φωτίζεταις
3876 712 3939 764 ’ll

2359 806 2467 875 γὰρ
2495 804 2593 875 οὑχ
2624 803 2812 874 ἕτερον
2863 803 2962 873 μὲν
3001 802 3065 855 τὸ
3101 802 3335 872 φωτίζον
3379 802 3527 855 ἐστὶν
3548 842 3562 866 ,
3590 802 3775 871 ἕτερον
3803 799 3860 852 δὲ
3886 799 3944 851 τὸ

2360 896 2765 967 φωτιζόμενον;
2800 894 2938 948 Ἀλλ’
2971 894 3086 947 έστι
3123 894 3283 965 δῆλον
3328 895 3424 948 καὶ
3454 894 3617 948 παντί
3646 910 3723 962 τῳ
3756 891 3939 958 σαφές.

2361 992 2422 1043 Ei
2459 988 2568 1061 γὰρ
2604 988 2800 1042 ταυτὸν
2848 983 2988 1042 εἷναι
3025 986 3250 1057 δοίημεν
3272 1026 3286 1051 ,
3324 987 3448 1040 ὅσον
3475 987 3555 1050 είς
3592 984 3778 1047 οὑσίας
3810 982 3945 1034 ποιό-

2358 1100 2517 1151 τητα,
2541 1082 2638 1135 καὶ
2665 1081 2754 1134 τὸν
2779 1080 2872 1133 τοῦ
2903 1078 3019 1143 πῶς
3039 1077 3181 1133 εἶναι
3212 1078 3460 1147 λόγον·τί
3491 1077 3554 1130 τὸ
3583 1076 3750 1129 πλέον
3780 1076 3839 1125 ὲν
3871 1072 3943 1143 τῷ

2359 1171 2615 1241 φωτίζειν
2650 1172 2918 1244 ίσχύοντι;
2951 1171 3004 1224 τί
3028 1172 3084 1225 δὲ
3113 1172 3174 1225 τὸ
3198 1171 3418 1226 ἔλαττον
3447 1166 3604 1235 αὖθις
3634 1172 3691 1223 ὲν
3722 1169 3800 1238 τῷ
3834 1185 3941 1237 φω-

2359 1265 2450 1329 τὸς
2473 1263 2747 1335 δεομένῳ;
2779 1264 2898 1334 ἥξει
2929 1262 3038 1335 γὰρ
3068 1264 3153 1317 ἐπ’
3187 1264 3389 1332 ἀμφοῖν
3410 1300 3426 1327 ,
3456 1261 3593 1331 ὅπερ
3627 1260 3693 1313 ἂν
3727 1261 3818 1321 τοι,
3856 1259 3945 1311 καὶ

2359 1357 2464 1412 ἀνὰ
2512 1357 2677 1428 μέρος
2728 1357 2815 1424 ἐφ’
2845 1355 3112 1426 ἐκατέρῳ
3150 1354 3243 1409 καὶ
3291 1354 3406 1422 φῶς
3456 1354 3554 1424 μὲν
3602 1352 3754 1404 ἔσται
3784 1351 3843 1404 τὸ
3889 1350 3945 1401 ὲν

2359 1449 2520 1521 χρείᾳ
2566 1448 2763 1518 φωτὸς,
2791 1447 2853 1501 τὸ
2900 1447 2959 1501 δὲ
2995 1445 3110 1516 φῶς
3157 1446 3516 1515 ἁδιαφορήσει
3555 1442 3941 1512 φωτιζόμενον.

2372 1540 2533 1594 Ἀλλὰ
2560 1539 2727 1610 πολλή
2755 1557 2837 1602 τις
2865 1539 2923 1591 ὲν
2954 1538 3167 1600 τούτοις
3203 1537 3237 1607 η
3271 1536 3383 1589 τῶν
3416 1534 3795 1605 θεωρημάτων
3819 1534 3945 1603 δρᾶ-

2359 1652 2449 1689 ται
2499 1632 2782 1703 σύγχυσις,
2810 1632 2906 1685 καὶ
2952 1631 3249 1698 ἀναγκαῖος
3294 1631 3428 1700 ἡμῖν
3467 1629 3764 1697 ἀποτέμνει
3794 1626 3946 1693 λόγος

2358 1725 2467 1778 τῶν
2493 1723 2900 1795 ὀνομασθέντων
2932 1723 3196 1791 ἑκάτερον
3219 1738 3234 1753 ·
3262 1721 3319 1774 ὲν
3353 1718 3457 1791 ἰδίᾳ
3484 1736 3545 1772 τε
3573 1717 3756 1789 τίθησι
3788 1717 3945 1785 φύσει

2359 1816 2421 1870 τὸ
2448 1814 2718 1888 χορηγοῦν
2752 1815 2813 1871 ὲν
2844 1813 3055 1877 τούτοις
3090 1811 3240 1884 παρὰ
3267 1811 3330 1865 τὸ
3364 1811 3790 1883 χορηγούμενον.
3836 1810 3946 1863 Οὐκ

2361 1908 2469 1978 ἄρα
2503 1906 2750 1978 όμοφυὴς
2784 1908 2897 1968 τοῖς
2940 1903 3335 1973 πεποιημένοις
3363 1904 3391 1956 6
3420 1901 3581 1965 Υἱὸς,
3616 1900 3732 1955 ἀλλ’
3770 1903 3829 1954 ὲν
3880 1902 3943 1970 τῇ

2359 1998 2454 2052 τοῦ
2488 1998 2702 2070 Πατρδς
2745 1996 2905 2068 οὑσίᾳ.
2935 1995 3176 2049 κείσεται
3197 2033 3212 2057 ,
3238 2012 3352 2064 φως
3395 1993 3648 2064 ἀληθινὸν
3682 1994 3747 2046 ὲκ
3771 1991 3946 2061 φ-ςντδς

2360 2091 2621 2162 ὑπάρχων
2673 2088 2949 2160 ἀληθινοῦ.
2987 2088 3237 2143 Χαλεπὸν
3266 2087 3323 2141 δὲ
3370 2086 3543 2152 οὐδὲν,
3571 2085 3663 2138 τὸν
3712 2084 3807 2138 ἐπὶ
3837 2085 3944 2147 τοῖς

2361 2181 2690 2256 προλαϐοῦσι
2726 2181 3272 2254 μεταρρυθμίζοντας
3300 2179 3476 2249 λόγον,
3495 2178 3553 2231 ὃν
3574 2178 3666 2231 ἐπὶ
3704 2175 3783 2247 τῷ
3808 2174 3947 2229 κατὰ

2360 2296 2522 2348 φυσιν
2558 2276 2825 2348 ὑπάρχειν
2853 2274 2999 2346 ζωὴν
3028 2273 3120 2328 τὸν
3166 2273 3296 2327 Υίὺν
3343 2269 3693 2340 πεποιήμεθα
3715 2308 3728 2332 ,
3762 2267 3946 2338 ἔτερόν

2355 2386 2416 2421 τε
2448 2368 2578 2423 ὅντα
2616 2367 2765 2439 παρὰ
2805 2366 2873 2420 τὰ
2925 2365 2984 2418 ὲν
3021 2360 3104 2429 οἷς
3135 2366 3283 2418 ἑστιν
3324 2362 3691 2431 ὲδεικνὺομεν,
3728 2360 3818 2412 καὶ
3848 2357 3949 2429 τὴν

2357 2462 2416 2513 ὲν
2441 2459 2576 2530 τῷδε
2624 2460 2702 2530 τῷ
2744 2457 3024 2528 κεφαλαίῳ
3059 2453 3541 2525 διευκρινήσασθαι
3566 2451 3792 2521 γνῶσιν.
3826 2449 3948 2504 Ἐπὶ

2356 2551 2413 2604 δὲ
2451 2551 2546 2605 τοῦ
2582 2550 2657 2622 μὴ
2684 2551 2890 2621 ἑτέροις
2918 2550 3009 2603 τὸν
3038 2549 3130 2603 ἐπὶ
3156 2548 3364 2611 τούτοις
3394 2544 3718 2614 καταλεῖψαι
3746 2542 3912 2597 πόνον
3929 2584 3946 2607 ,

2357 2644 2391 2714 ἢ
2416 2644 2511 2698 καὶ⁵
2544 2643 2686 2713 δκνῳ
2712 2642 3091 2714 κεκρατῆσθαι
3119 2642 3319 2706 δοκεῖν,
3345 2639 3506 2703 αὑτὸς
3531 2636 3642 2702 ἐγὼ
3670 2636 3836 2689 πάλιν
3855 2636 3948 2687 τὸν

2359 2736 2419 2789 ὲν
2447 2738 2559 2800 τοῖς
2582 2733 2855 2805 προλαόοὖ
2866 2751 2912 2787 σι
2937 2733 3315 2803 συλλογισμοῖς
3349 2728 3836 2803 μεταστοιχειῶσαι
3857 2727 3949 2780 τὸν

2359 2826 2550 2889 τύπον,
2592 2827 2667 2890 ὼς
2720 2825 2787 2878 ἂν
2834 2821 2945 2887 οἷός
2991 2841 3053 2877 τε
3108 2818 3184 2888 ὦ,
3235 2823 3586 2894 πειράσομαι.
3631 2821 3717 2883 Ὠς
3745 2819 3857 2889 γὰρ
3892 2819 3948 2870 ὲν

2358 2917 2589 2979 ἐκείνοις
2627 2915 2739 2985 ζωὴ
2794 2915 2937 2969 κατὰ
2967 2914 3129 2983 φύσιν
3160 2914 3445 2984 ὑπάρχων,
3473 2912 3662 2981 ἔτερος
3688 2910 3764 2963 ὢν
3797 2909 3949 2979 παρᾶ

2356 3010 2424 3062 τὰ
2474 3010 2531 3061 ὲν
2564 3003 2641 3069 οἷς
2672 3004 2740 3078 ἦν
2779 3006 3166 3074 ἀναφαίνεται,
3199 3004 3341 3057 οὑτω
3380 3004 3483 3056 κάν
3532 3002 3706 3073 τούτῳ
3738 3000 3800 3053 τὸ
3832 2999 3946 3067 φῶς

672 3084 779 3137 τῶν
808 3086 1109 3158 ἀνθρώπων
1160 3085 1297 3143 εἶναι
1331 3090 1623 3164 λεγόμενός
1659 3113 1715 3147 τε
1767 3096 1863 3150 καὶ
1896 3099 2013 3152 κατ’
2047 3100 2303 3170 ἀλήθειαν
2341 3100 2437 3165 ὢν,
2459 3100 2644 3168 ἕτερος
2675 3097 3029 3168 εὑρεθήσεται
3076 3094 3227 3168 παρὰ
3248 3094 3316 3147 τὰ
3349 3092 3524 3164 φωτὸς
3561 3093 3788 3163 δεόμενα
3853 3085 3948 3143 καὶ

674 3177 969 3247 μετέχοντα
1003 3180 1167 3233 αὑ·οῦ
1204 3197 1217 3210 ·
1255 3183 1363 3235 ἀπὸ
1386 3185 1443 3237 δὲ
1486 3184 1595 3238 τῶν
1631 3188 1829 3259 ἐφεξῆς
1868 3191 2260 3263 ἀκριϐέστερον
2298 3192 2577 3262 εἰσόμεθα.

672 3292 1157 3373 θυηιρηειταιῑοιεςεε
1199 3310 1289 3373 Ρεΐ
1333 3298 1670 3373 ερίίοᾳὶεηιοε
1698 3317 1716 3354 :
1744 3304 1895 3367 Quod
1960 3310 2247 3362 secundum
2278 3297 2316 3353 Ε
2363 3306 2718 3371 Ἀποδείξεις
2760 3306 2857 3360 διὰ
2900 3302 3353 3373 συλλογισμῶν,
3403 3301 3494 3373 ὅτι
3540 3302 3705 3373 κατὰ,
3742 3300 3943 3366 φύσιν

744 3371 992 3415 naturam
1043 3354 1297 3421 alius'ait
1341 3354 1515 3424 Filth
1562 3354 1878 3428 illumiiiuns
1926 3392 1959 3428 ιι
2007 3387 2256 3431 creatura

742 3448 860 3501 qua:
894 3433 1256 3490 illummatur.

745 3544 801 3600 Si
836 3545 1073 3603 Verbum
1121 3558 1205 3604 est
1254 3551 1310 3605 in
1366 3552 1433 3607 iis
1469 3570 1591 3623 quae
1622 3556 1903 3622 dicuntur,
1942 3574 2049 3614 non
2094 3576 2254 3618 secus

674 3653 736 3691 nc
772 3640 861 3692 lux
898 3641 1200 3697 secundum
1253 3651 1502 3698 naturam
1545 3661 1641 3716 per
1675 3649 2145 3719 participationem
2194 3667 2255 3708 se

674 3730 839 3785 rebus
886 3731 1178 3797 immiscet,
1210 3736 1359 3791 aliud
1402 3752 1532 3808 ergo
1569 3748 1654 3794 est
1694 3741 1762 3794 ab
1818 3741 1887 3795 iis
1934 3742 1989 3796 in
2050 3744 2253 3812 quibus

669 3837 793 3876 esse
851 3823 1118 3879 creditur.
1165 3829 1321 3893 Quod
1382 3842 1564 3887 autem
1631 3834 1932 3889 secundum
2000 3844 2252 3893 naturam

668 3910 821 3965 aliud
875 3924 962 3969 est
1012 3917 1080 3971 ab
1110 3932 1174 3971 ea
1221 3934 1344 3989 quae
1394 3921 1572 3989 ipsum
1631 3925 1923 3994 participat
1967 3934 2021 3981 et
2068 3925 2138 3981 ab
2188 3942 2254 3981 eo

672 4000 1013 4058 illuminatur
1046 4016 1321 4077 creatura,
1364 4012 1639 4080 quomodo
1673 4030 1781 4068 non
1821 4016 1927 4070 erit
1961 4030 2251 4087 supremus

672 4089 855 4147 Deus?

741 4180 970 4239 ALIUD.
1031 4184 1087 4240 Si
1139 4188 1232 4243 lux
1306 4191 1611 4247 secundum
1680 4205 1932 4249 naturam
1994 4212 2119 4252 cum
2179 4200 2252 4255 sit

673 4274 870 4341 Filius,
910 4278 1053 4334 inter
1087 4290 1372 4340 creaturas
1421 4296 1478 4339 ut
1510 4298 1755 4343 creatum
1791 4289 1883 4345 Dei
1922 4291 2095 4348 hostis
2128 4310 2250 4351 esse

668 4370 762 4430 ait,
782 4368 1180 4426 illuminantein
1200 4389 1263 4427 ea
1289 4391 1410 4444 qua:
1427 4379 1562 4433 lucis
1580 4380 1853 4451 indigent;
1876 4383 2106 4452 primum
2126 4386 2249 4454 qui-

668 4458 787 4510 dem
818 4459 933 4527 ipse
959 4459 1013 4512 in
1043 4462 1226 4531 seipso
1248 4465 1584 4539 intelligetur
1607 4472 1893 4538 exsistere,
1916 4473 2109 4528 deinde
2134 4477 2248 4544 ipse

667 4567 888 4620 quoque
924 4554 1194 4624 suiipsius
1250 4560 1525 4629 particeps
1573 4563 1696 4626 erit,
1722 4571 1774 4617 et
1828 4564 1940 4630 lux,
1973 4565 2243 4635 siquidem

2426 3377 2624 3444 ἔτερος
2668 3381 2699 3430 ὀ
2722 3376 2981 3446 φωτίζων
3013 3371 3135 3440 rid;
3170 3373 3331 3440 παρὰ
3379 3372 3500 3439 τὴν
3537 3371 3946 3440 φωτιζομένην·

2427 3449 2650 3501 κτίσιν.

2423 3562 2486 3614 Ei
2535 3562 2592 3613 ὲν
2621 3563 2735 3623 tot;
2767 3559 3082 3630 λεγομένοις
3118 3561 3146 3612 6
3182 3557 3353 3625 Λόγος
3395 3552 3464 3627 ἦν
3500 3556 3575 3620 ὡς
3621 3556 3757 3623 φῶς,
3804 3556 3949 3609 κατὰ

2354 3664 2515 3715 φυσιν
2553 3646 2641 3701 διὰ
2664 3648 2900 3717 μετοχῆς
2940 3650 3051 3711 τοῖς
3075 3643 3224 3700 οὖσιν
3255 3645 3448 3699 ἑαυτὸν
3471 3647 3794 3716 ἀναμιγνὺς,
3815 3646 3942 3699 Ere-

2356 3755 2446 3807 po;
2468 3738 2574 3807 ἄρα
2609 3739 2725 3790 ἐστὶ
2760 3738 2864 3790 τῶν
2897 3740 2952 3790 ὲν
2977 3734 3056 3801 οἷς
3092 3736 3231 3792 εἶναι
3269 3737 3586 3790 πιστεύεται
3660 3738 3714 3791 Ὀ
3746 3738 3804 3789 δὲ
3845 3742 3949 3792 ’ὲν

2354 3828 2515 3898 φύσιν
2539 3830 2724 3901 ἕτερος
2778 3827 2874 3894 ὣν,
2920 3830 2951 3901 ἢ
2998 3831 3136 3900 ὅπερ
3170 3828 3384 3898 ὲστὶνή
3433 3828 3731 3899 μετέχουσα
3777 3831 3948 3884 αὑτοῦ

2352 3923 2447 3974 καὶ
2497 3921 2839 3991 φωτιζομένη
2885 3923 3081 3986 κτίσις,
3132 3920 3246 3984 πῶς
3281 3922 3381 3973 οὑκ
3426 3919 3493 3973 ἂν
3536 3921 3620 3990 εἴη
3680 3920 3873 3974 λοιπὸν
3921 3925 3949 3975 6

2353 4015 2492 4085 ὑπὲρ
2528 4017 2707 4067 πάντα
2734 4013 2866 4077 Θεός
2893 4031 2907 4079 ;

2420 4197 2625 4250 AAAU.
2655 4196 2720 4250 El
2760 4196 2876 4264 φῶς
2912 4195 3054 4249 κατὰ
3084 4193 3245 4263 φύσιν
3276 4195 3403 4250 ὄντα
3430 4197 3523 4251 τὸν
3556 4196 3708 4259 Υίὸν,
3737 4195 3798 4248 ὲν
3830 4198 3946 4258 τοῖς

2350 4288 2595 4354 γενητοῖς
2624 4285 2699 4347 ὡς
2726 4284 2949 4353 γενητὸν
2973 4285 3000 4338 ό
3026 4284 3294 4356 θεομάχος
3315 4282 3455 4339 εἷναί
3490 4303 3645 4357 φησι,
3666 4286 3732 4338 τὰ
3760 4286 3947 4353 φωτὸς

2348 4374 2647 4445 δεδεημένα
2681 4372 2983 4441 φωτίζοντα
3018 4392 3030 4403 ·
3084 4374 3299 4445 πρῶτον
3326 4376 3427 4445 μὲν
3460 4376 3624 4439 αὑτὸς
3676 4376 3945 4447 ὑπάρχων

2349 4464 2406 4515 ὲν
2435 4463 2612 4533 ἑαυτῷ
2658 4463 3002 4533 νοηθὴσεται,
3040 4459 3161 4518 εἶτα
3206 4464 3340 4534 πρὸς
3372 4463 3582 4534 τούτῳ,
3611 4467 3703 4518 καὶ
3766 4466 3938 4529 αὑιὸς

2349 4555 2543 4608 ἑαυτοῦ
2574 4554 2797 4625 μέτοχος
2817 4555 2991 4618 ἔσται,
3026 4556 3123 4607 καὶ
3157 4555 3292 4624 φῶς,
3330 4557 3486 4626 εἴπερ
3507 4555 3581 4608 ὢν
3620 4558 3678 4608 ὲν
3704 4560 3815 4618 τοῖς
3846 4576 3942 4625 γε·

664 4642 940 4700 cxsistcns
971 4645 1024 4699 in
1062 4646 1229 4701 rebus
1254 4650 1477 4713 creatis,
1508 4668 1648 4706 unus
1677 4668 1915 4724 quoque,
1960 4672 2024 4709 ex
2053 4673 2240 4711 earum

2354 4650 2611 4716 νομένοις,
2664 4646 2743 4713 εἷς
2777 4651 2870 4702 καὶ
2910 4649 3074 4712 αὐτὸς
3115 4650 3172 4715 ἐξ
3215 4649 3394 4702 αὐτῶν
3432 4649 3698 4719 ὑπάρχειν
3726 4650 3938 4719 ὑπολη-

667 4749 899 4789 numero
945 4752 1068 4792 esse
1119 4738 1234 4808 ipse
1268 4742 1603 4796 censebitur-
1649 4744 1754 4799 Sed
1800 4745 1949 4801 videt
1994 4749 2243 4805 eruditus

665 4825 831 4878 corde
895 4825 949 4879 in
1008 4829 1297 4896 sapientia,
1337 4831 1485 4885 sicut
1523 4834 1789 4903 scriptum
1845 4845 1930 4891 est
1972 4838 2037 4902 ³⁸,
2076 4854 2242 4908 quam

666 4918 735 4971 sit
787 4917 1084 4973 absurdum
1146 4920 1199 4973 id
1264 4922 1321 4976 in
1384 4926 1627 4979 animum
1695 4927 1974 4984 inducere.
2040 4930 2241 4999 Igitur,

665 5009 708 5063 si
742 5025 835 5079 per
875 5012 1353 5082 participationem
1386 5016 1440 5071 in
1473 5020 1743 5074 creaturis
1766 5029 1849 5077 est
1878 5020 2114 5077 Verbum
2146 5040 2240 5079 eas

666 5098 1007 5162 illuminans.
1043 5116 1149 5155 non
1179 5104 1284 5157 erit
1316 5104 1496 5173 ipsum
1519 5123 1741 5179 quoque
1778 5111 1830 5164 in
1864 5112 1936 5166 iis
1964 5128 2087 5183 qua:
2116 5130 2241 5184 par-

662 5188 902 5257 ticipant
952 5197 1007 5243 et
1066 5191 1471 5259 illuminantur,
1527 5199 1624 5253 sed
1677 5201 1825 5256 aliud
1864 5203 2125 5258 nimirum
2169 5205 2240 5260 ab

665 5281 822 5348 ipsis.
866 5280 1025 5346 Quod
1066 5284 1111 5338 si
1153 5285 1224 5339 ita
1259 5295 1366 5350 est,
1401 5304 1510 5343 non
1549 5291 1660 5345 erit
1684 5307 1815 5364 ergo
1846 5303 2114 5357 creatum,
2143 5295 2239 5349 sed

665 5381 724 5423 ut
766 5372 856 5425 lux
894 5375 1198 5430 secundum
1234 5374 1510 5459 naturam;
1543 5391 1597 5437 et
1633 5382 1775 5440 Deus
1808 5385 1862 5440 in
1895 5386 1963 5442 iis
1988 5402 2109 5456 qua:
2152 5387 2237 5441 lu-

664 5463 745 5514 cis
776 5462 1045 5533 indigent.

738 5549 963 5607 ALIUD.
1011 5552 1067 5607 Si
1111 5570 1218 5609 non
1250 5572 1313 5610 ex
1349 5559 1659 5617 substantia
1691 5562 1782 5620 Dei
1823 5581 1887 5621 ac
1943 5568 2123 5623 Patris
2154 5577 2239 5624 est

664 5639 861 5707 Filius,
906 5644 999 5698 sed
1047 5648 1396 5706 extrinsecus
1430 5661 1505 5717 ut,
1545 5654 1622 5709 illi
1658 5654 1768 5728 56
1818 5660 2025 5727 volunt,
2057 5662 2235 5733 ipsum

703 5816 745 5848 "
791 5816 947 5872 Prov.
989 5836 1075 5875 XVI
1102 5863 1115 5881 .
1150 5822 1249 5879 ‘20.
1286 5825 1373 5878 21.

2346 4743 2631 4814 φθήσεται.
2685 4740 2823 4795 ‘AD.’
2878 4742 2983 4812 ὁρᾷ
3028 4758 3129 4794 που
3177 4741 3394 4802 πάντως
3431 4742 3459 4793 6
3498 4742 3940 4810 πεπαιδευμένος

2342 4838 2441 4909 τὴν
2469 4836 2693 4908 καρδίαν
2729 4837 2786 4887 έν
2830 4835 3011 4905 σοφίᾳ,
3058 4832 3237 4895 καθὼς
3270 4835 3620 4905 γέγραπται,
3662 4836 3795 4902 ὅσην
3823 4834 3938 4902 ἔχει

2342 4930 2441 4999 τὴν
2472 4928 2699 4983 ἀτοπίαν
2738 4927 2800 4980 τὸ
2840 4926 2983 4981 οὑτω
3021 4929 3178 4981 νοεῖν.
3211 4926 3420 4981 Οὐκοῦν
3467 4929 3515 4980 εί
3555 4926 3838 4991 μεθεκτώς
3878 4930 3939 4978 ἐν

2341 5023 2453 5083 τοῖς
2478 5022 2726 5089 γενητοῖς
2765 5020 2910 5071 ἔστιν
2961 5020 2989 5073 6
3039 5017 3291 5086 φωτίζων
3329 5018 3467 5072 αὑτὰ
3512 5020 3702 5087 Λόγος,
3728 5021 3831 5072 οὑκ
3879 5023 3936 5071 ὲν

2345 5114 2457 5175 τοῖς
2497 5112 2779 5181 μετέχουσι
2828 5110 2922 5162 καὶ⁵
2955 5108 3346 5179 φωτιζομένοις
3396 5108 3549 5161 ἔσται
3599 5111 3691 5162 καὶ
3746 5113 3933 5173 αὐτὸς,

2346 5204 2460 5259 ἀλλ’
2500 5205 2688 5272 ἔτερος
2724 5201 2967 5273 δηλονότι
3010 5201 3138 5270 παρ’
3169 5201 3370 5255 ἐκεῖνα.
3408 5199 3470 5252 El
3515 5200 3572 5253 δὲ
3603 5201 3796 5265 τοῦτο,
3835 5205 3935 5256 οὑκ

2346 5298 2452 5368 ἄρα
2480 5295 2725 5367 γενητὸς,
2759 5294 2873 5347 ἀλλ’
2910 5293 2985 5358 ὡς
3020 5292 3135 5361 φῶς
3173 5293 3313 5345 κατὰ
3359 5292 3541 5361 φύσιν,
3578 5296 3672 5347 καὶ
3710 5295 3850 5359 Θεὸς
3876 5298 3932 5347 ἐν

2343 5391 2454 5452 τοῖς
2484 5388 2658 5457 φωτὸς
2696 5385 2986 5455 δεομένοις.

2416 5569 2616 5623 AAAO.
2644 5568 2707 5623 Li
2736 5568 2810 5639 μὴ
2840 5570 2903 5621 ὲκ
2941 5568 3040 5637 τῆς
3070 5568 3257 5630 οὑσξας
3298 5567 3393 5620 τοῦ
3430 5567 3565 5619 Θεοῦ
3598 5567 3689 5618 καὶ
3719 5565 3924 5631 Πατρός

2346 5661 2494 5713 ἐστιν
2515 5662 2541 5714 6
2568 5660 2713 5724 Υἱὸς,
2741 5660 2939 5727 ἔξωθεν
2962 5659 3017 5713 δὲ
3036 5658 3199 5713 αὑτὸν
3227 5660 3346 5713 κατ’
3366 5659 3603 5722 ἐκείνους
3627 5657 3917 5724 ὑπέστησε·
