4214 6502
157 413 227 470 91
1243 411 1310 469 ΙΝ
1335 411 1620 470 JOANNIS
1653 411 2102 469 EVANGELIL'M
2136 412 2264 469 LIB.
2311 413 2348 468 Ι.
3370 410 3446 470 98

159 530 388 600 γενητὸς
417 531 525 600 ἄρα
553 528 670 582 ἐστὶ
708 529 804 582 καὶ
837 525 1232 600 πεποιημένος·
1292 526 1408 591 πῶς
1440 522 1533 581 οὑν
1559 529 1618 581 ὲν
1645 530 1756 591 τοῖς

1867 527 2141 598 produxit,
2183 534 2405 580 creatus
2461 540 2594 594 ergo
2655 536 2738 582 est
2800 540 2864 582 ac
2923 526 3122 582 factus.
3155 527 3446 595 Quomodo

160 619 444 687 γεγονόσιν
473 619 592 672 toti
625 616 879 686 φωτίζων
900 617 1077 684 αὑτάς
1115 616 1166 670 τί
1193 617 1249 670 δὲ
1276 617 1339 670 τὸ
1381 615 1657 687 ἐξαίρετον
1699 619 1756 670 ὲν

159 715 232 782 τῇ
261 710 384 780 θείᾳ
411 708 572 777 φύσει
615 707 802 762 λοιπὸν
835 708 1178 780 εὑρήσομεν;
1211 707 1244 779 ἢ
1280 706 1397 771 πῶς
1446 706 1756 776 σοφώτατος

161 803 492 874 Talium,
544 802 621 866 ὡς
669 800 1000 871 άξιάγαστόν
1047 801 1099 854 τί
1135 817 1301 872 φησιν
1347 801 1439 854 ἐπὶ
1481 800 1578 854 τοῦ
1614 798 1758 853 κατὰ

162 895 327 960 φύσιν
352 897 504 960 ὄντος
533 894 692 959 Θεοῦ,
729 913 747 945 ι
783 893 875 947 Ἐν
895 893 973 966 τῷ
998 893 1139 964 φωτί
1164 912 1259 948 σου
1284 893 1526 964 ὀψόμεθα
1548 892 1662 962 φῶς
1683 911 1698 960 ;
1733 911 1750 943 ι

165 986 226 1039 Et
251 987 362 1056 γάρ
397 986 622 1055 γενητὸς
667 985 930 1056 ὑπάρχων
983 985 1012 1037 6
1048 986 1175 1048 Υἱὸς
1198 1003 1331 1057 φωτι
1376 1003 1424 1037 ει
1452 983 1522 1038 τά
1554 984 1754 1048 πάντα,

165 1078 434 1150 ἑαυτὴνή
491 1080 668 1144 κτίσις
708 1082 924 1150 φωτιεῖ,
979 1079 1259 1153 χρῄζουσα
1308 1079 1576 1151 μηδαμῶς
1620 1078 1758 1150 πρὸς

161 1170 322 1223 τοῦτο
357 1170 452 1224 τοῦ
488 1172 814 1241 ποιήσαντος
845 1173 1001 1228 Θεοῦ.
1032 1173 1204 1226 Οὐδὲν
1239 1168 1332 1227 οὖν
1365 1173 1476 1244 ἄρα
1499 1171 1562 1225 τὸ
1595 1171 1758 1224 πλέον

162 1267 221 1318 ἰν
257 1265 379 1336 Θεῷ
402 1265 553 1338 παρά
586 1265 689 1335 τὴν
718 1267 919 1330 κτίσιν,
963 1269 1175 1338 ἐνεργεῖ
1204 1267 1260 1320 δὲ
1285 1267 1384 1336 οὑχ
1406 1261 1592 1338 ἦττον,
1617 1265 1651 1336 ἦ
1683 1265 1758 1330 ὠς

162 1357 230 1408 ἂν
275 1356 504 1427 δύνηται
533 1358 686 1422 Θεός.
705 1358 866 1412 Ἀλλά
893 1358 1055 1412 τοῦτο
1085 1360 1305 1415 ἄτοπον·
1326 1361 1426 1414 οὑκ
1449 1359 1557 1431 ἄρα
1592 1376 1751 1430 γενη-

159 1448 250 1512 τὸς
275 1449 306 1500 6
347 1450 494 1512 Υἱὸς,
527 1450 660 1514 Θεὸς
684 1451 744 1505 δὲ
772 1450 999 1521 μᾶλλον,
1029 1453 1124 1506 καὶ
1151 1452 1241 1506 διὰ
1269 1452 1429 1506 τοῦτο
1467 1452 1582 1523 φῶς
1618 1448 1760 1505 κατὰ

159 1542 350 1610 φύσιν,
391 1543 467 1607 ὡς
491 1545 518 1597 6
550 1544 760 1616 Πατήρ.

230 1805 421 1858 ΑΛΛΟ
448 1805 516 1858 ἐκ
542 1805 649 1859 τοῦ
682 1805 890 1859 αὑτοῦ.
916 1807 976 1858 El
1003 1806 1118 1874 φῶς
1145 1805 1238 1858 τοὺ
1262 1803 1397 1857 Θεοῦ
1427 1805 1519 1857 καὶ
1543 1804 1758 1874 [ἰατρὸς

1855 617 2028 688 igitur
2061 618 2113 670 in
2144 617 2308 670 rebus
2340 616 2542 670 creatis
2569 625 2674 678 est,
2709 617 2802 686 qui
2833 632 2928 672 eas
2969 617 3284 673 illuminat?
3309 621 3444 691 quid

1859 711 2041 757 autem
2104 703 2368 758 eximium
2434 704 2487 755 in
2550 710 2748 757 natura
2803 705 2990 761 divina
3037 709 3446 777 cumperlemns

1858 793 2142 865 deinceps,
2175 803 2268 848 aut
2331 794 2610 862 quomodo
2661 793 2952 850 Psalmista
3001 797 3446 868 sapientissimus

1859 887 2030 942 veluti
2066 902 2327 958 magnum
2359 896 2412 942 et
2449 886 2773 943 admirabile
2799 887 3063 958 quiddam
3099 889 3169 945 de
3207 893 3444 946 naturali

1860 979 1972 1036 Deo
1996 981 2194 1036 scribit
2227 983 2270 1012 ¹⁶
2299 1001 2309 1035 :
2338 1000 2356 1032 ι
2389 981 2443 1035 ln
2469 983 2674 1037 lumine
2706 991 2801 1036 tuo
2827 981 3141 1038 videbimus
3164 982 3385 1038 lumen?
3421 1004 3440 1034 ι

1861 1071 1920 1127 Si
1977 1072 2125 1128 enim
2162 1084 2385 1129 creatus
2419 1091 2544 1128 cum
2598 1078 2668 1130 sit
2710 1073 2882 1132 Filius
2911 1083 3111 1132 cuncta
3149 1075 3443 1139 illuminat.

1860 1166 2107 1234 seipsam
2170 1166 2505 1222 illuminahit
2553 1177 2805 1222 creatura
2856 1169 2995 1224 nihil
3053 1169 3124 1224 ad
3183 1170 3290 1225 hoc
3339 1169 3448 1224 Deo

1866 1255 2121 1326 indigens
2157 1271 2186 1309 a
2230 1271 2339 1325 quo
2391 1257 2535 1310 facta
2574 1266 2679 1313 est.
2715 1257 2861 1312 Nihil
2908 1274 3039 1330 ergo
3077 1261 3202 1329 plus
3252 1272 3339 1317 est
3390 1263 3445 1316 in

1862 1345 1972 1402 Deo
2002 1363 2166 1418 quam
2207 1357 2481 1415 creatura,
2514 1365 2614 1405 nec
2653 1351 2744 1404 illa
2789 1352 2975 1406 minus
3007 1352 3170 1408 habet
3216 1353 3282 1408 ad
3311 1369 3445 1424 ope-

1860 1441 2096 1495 randum
2149 1440 2449 1504 facultatis,
2501 1458 2666 1512 quam
2719 1442 2883 1500 Deus.
2920 1442 3028 1498 Sed
3085 1446 3192 1499 hoc
3249 1445 3446 1501 absur-

1859 1530 2041 1586 dum:
2081 1548 2192 1587 non
2252 1533 2420 1604 igitur
2485 1542 2707 1590 creatus
2759 1545 2844 1591 est
2904 1534 3112 1600 Filius,
3155 1537 3250 1592 sed
3302 1536 3449 1592 Deus

1861 1628 2086 1699 potius,
2143 1636 2309 1696 atque
2377 1629 2586 1683 idcirco
2650 1629 2742 1683 lux
2814 1631 3117 1685 secundum
3190 1638 3447 1686 naturam

1860 1735 2039 1780 suam,
2075 1727 2135 1772 ut
2163 1717 2345 1774 Pater.

1930 1775 2140 1865 ALlUD
2169 1827 2234 1864 ea:
2264 1811 2467 1866 eodem.
2505 1813 2560 1868 Si
2599 1813 2692 1867 lux
2744 1814 2836 1869 Dei
2878 1830 2941 1868 ac
2980 1814 3161 1871 Patris
3198 1775 3322 1870 cum
3376 1817 3448 1871 sit

158 1898 428 1968 ὑπάρχων
460 1899 487 1950 6
525 1897 677 1961 Υἱὸς,
711 1898 853 1950 κατὰ
897 1898 978 1961 τὸ,
1011 1917 1029 1949 ι
1076 1899 1164 1950 Ἐν
1203 1897 1280 1968 τῷ
1313 1897 1452 1964 φωτί
1493 1913 1585 1949 σου
1625 1896 1751 1964 ὀψό-

1867 1899 2054 1964 Filius,
2107 1902 2265 1970 juxta
2315 1903 2451 1957 illud
2500 1921 2514 1957 :
2564 1922 2582 1955 ι
2639 1903 2696 1958 In
2746 1906 2951 1959 lumine
2998 1913 3094 1960 tuo
3143 1905 3447 1961 videbimus

162 1988 308 2059 μεθα
351 1989 485 2057 φῶς·
529 2009 549 2042 ι
583 1991 696 2052 καὶ,
754 2011 772 2043 ι
822 1988 1233 2054 Ἐξαπόστειλον
1269 1989 1329 2042 τὸ
1361 1988 1474 2056 φῶς
1527 2005 1620 2042 σου
1663 1989 1756 2041 καὶ

157 2083 258 2154 τὴν
285 2083 547 2154 ἀλήθειάν
583 2100 677 2136 σου
707 2099 720 2111 ·
764 2101 782 2136 ι
819 2082 1045 2155 γενητὸς
1077 2083 1192 2135 ὲστι
1223 2083 1318 2135 καὶ
1343 2083 1423 2145 εἰς
1455 2080 1755 2133 ὑπόστασιν

159 2175 428 2244 ἐνεχθεὶς,
448 2176 598 2228 οὐδὲν
627 2176 706 2228 ἔτι
739 2175 1089 2239 διακωλύσει,
1115 2174 1259 2228 κατὰ
1298 2175 1397 2246 τὴν
1420 2177 1542 2246 ἴσην
1572 2175 1756 2230 ἀναλο-

158 2267 292 2334 γίαν
333 2267 449 2335 φῶς
485 2268 771 2322 καλεῖσθαι
807 2266 900 2320 τοῦ
930 2266 1066 2320 Θεοῦ
1109 2266 1206 2319 καὶ
1238 2266 1453 2337 Πατρὺς
1486 2266 1661 2320 πάντα
1691 2265 1757 2317 τὰ

158 2358 391 2430 γενητά.
417 2359 478 2413 Ei
509 2359 618 2431 γὰρ
643 2359 780 2424 ὅλως
803 2359 1113 2429 ἐπιδέχεται
1143 2358 1302 2413 τοῦτο
1325 2358 1434 2410 τῶν
1463 2355 1758 2427 πεποιημέ-

162 2468 274 2501 νων
319 2450 351 2521 ἠ
401 2449 585 2520 φύσις,
630 2449 783 2503 ἔσται
819 2452 931 2512 τοίς
974 2450 1109 2502 πᾶσι
1146 2448 1377 2519 δυνάμει
1417 2449 1613 2513 κοινὸν,
1665 2449 1758 2501 καὶ

160 2545 261 2613 οὑχ
291 2544 410 2607 ἐνὸς
443 2544 573 2597 [διον
597 2541 692 2596 τοῦ
712 2541 868 2596 Υίοῦ.
885 2539 1046 2596 Ἀλλὰ
1068 2539 1225 2594 τοῦτο
1245 2543 1465 2596 ἄτοπον*
1488 2541 1634 2612 μόνῳ
1649 2540 1758 2610 γὰρ

161 2638 400 2708 ἁρμόσει
431 2638 508 2705 τῷ
532 2634 666 2706 Υἱῷ,
700 2636 761 2688 τὸ
797 2633 1086 2688 καλεῖσθαί
1109 2651 1170 2687 τε
1218 2635 1310 2686 καὶ
1347 2628 1484 2686 εἶναι
1521 2633 1634 2702 φῶς
1663 2631 1757 2686 τοῦ

162 2731 304 2783 Θεοῦ
348 2731 443 2784 καὶ
480 2728 711 2800 Πατρός.
745 2728 859 2781 Οὑκ
881 2728 990 2798 ἄρα
1017 2728 1132 2780 ἐστὶ
1163 2744 1258 2796 γεν
1273 2728 1421 2797 ητδς,
1455 2726 1590 2780 ά).λὰ
1620 2724 1756 2795 φῶς,

160 2822 240 2884 ὡς
285 2819 418 2884 Θεὸς
470 2821 535 2873 ὲκ
587 2818 723 2872 Θεοῦ
775 2818 1105 2888 φωτίζοντος
1147 2817 1216 2870 δι’
1265 2817 1430 2870 αὑτοῦ
1469 2816 1539 2869 τὰ
1580 2817 1758 2885 φωτὸς

158 2913 419 2981 δεόμενα.

237 3007 444 3058 ΑΛΛυ.
505 3005 568 3058 Εἰ
613 3004 726 3073 φῶς
765 3005 905 3059 κατὰ
931 3003 1094 3072 φύσιν
1139 3001 1400 3072 ὑπάρχων
1434 3001 1462 3052 6
1500 2999 1628 3063 Υἱὸς
1661 2999 1760 3052 οὑκ

162 3099 230 3150 ἐκ
261 3096 364 3165 τῆς
399 3097 586 3158 οὐσίας
622 3096 740 3148 ἐστὶ
785 3094 880 3148 τοῦ
911 3093 1146 3164 Πατρδς.
1188 3092 1303 3146 ἀλλ’
1330 3090 1529 3155 ἔξωθεν
1552 3089 1758 3160 ὑπέστη

164 3190 313 3244 κατὰ
348 3190 438 3242 τὸν
464 3189 793 3242 ἀπαίδευτον
831 3187 940 3239 τῶν
967 3187 1250 3257 Θεομάχων
1289 3183 1447 3250 λόγον
1467 3200 1480 3214 ο
1511 3180 1759 3251 ὀμοφυὴς

164 3285 278 3353 ἄρα
311 3283 426 3334 ἐστὶ
459 3284 569 3343 τοῖς
603 3278 993 3350 πεποιημένοις
1046 3278 1141 3330 καὶ
1178 3273 1427 3344 ἀδελφὸς,
1457 3274 1551 3327 ἆτε
1573 3272 1636 3342 δὴ
1663 3272 1760 3341 τῆς

166 3375 324 3436 θείας
360 3373 644 3426 ἐκπίπτων
675 3371 881 3433 οὐσίας’
914 3368 1031 3431 πῶς
1061 3366 1156 3422 οὖν
1196 3367 1302 3440 ἄρα
1330 3366 1446 3435 φῶς
1479 3364 1577 3434 μὲν
1603 3364 1767 3426 αὑτὸς

166 3467 419 3520 καλεῖται
453 3466 547 3520 καὶ
572 3465 709 3528 ἐστι,
736 3463 864 3535 περὶ
891 3462 947 3515 δὲ
983 3460 1078 3515 τοῦ
1130 3461 1289 3529 ἁγίου
1315 3457 1533 3526 λέγεται
1566 3455 1767 3508 Βαπτι-

167 3559 324 3620 στοῦ,
366 3579 381 3609 ι
420 3559 532 3611 Οὑκ
569 3552 636 3627 ἦν
662 3558 869 3618 ἐκεῖνος
893 3553 954 3607 τὸ
982 3553 1129 3622 φῶς;
1159 3571 1175 3602 ι
1205 3550 1382 3605 καίτοι
1405 3548 1631 3619 δυνάμει
1652 3547 1767 3616 φῶς

167 3653 197 3703 6
252 3650 525 3720 μακάριος
565 3645 904 3716 Βαπτιστὴς,
954 3644 1049 3699 καὶ
1088 3645 1149 3697 οὑ
1196 3641 1357 3714 μόνον
1396 3639 1578 3702 αὑτὸς,
1608 3639 1768 3709 εἴπερ

168 3743 313 3804 ὅλως
347 3740 603 3811 ἐνεχώρει
627 3737 854 3808 γενητὸν
881 3736 1011 3789 ὑδτα
1039 3735 1128 3788 τὸν
1177 3735 1325 3799 Υίὺν,
1363 3732 1478 3802 φῶς
1506 3728 1646 3785 εῖναι
1677 3732 1770 3785 δύο

170 3834 374 3887 νασθαι
411 3835 550 3886 κατὰ
595 3830 776 3900 φύσιν.
827 3828 901 3881 Τὸ
945 3828 1051 3898 γὰρ
1085 3827 1141 3879 ὲν
1187 3827 1254 3896 τῇ
1307 3824 1468 3894 φύσει
1516 3824 1770 3893 κείμενον

170 3926 346 3989 ἅπαξ.
378 3925 556 3978 κοινὸν
594 3925 765 3995 δήπου
797 3920 958 3974 παντί
998 3937 1075 3991 τῳ
1113 3918 1312 3988 γίνοιτ’
1345 3917 1412 3971 ἂν
1459 3917 1537 3988 τῷ
1568 3916 1770 3988 ταύτης

176 4015 566 4086 μετεσχηκότι.
632 4012 775 4067 κατά
819 4029 883 4081 γε
914 4011 1005 4064 τὸν
1055 4012 1158 4080 τῆς
1210 4007 1533 4071 ἀκολουθίας
1591 4007 1768 4076 λόγον.

188 4108 356 4161 Ἀλλὰ
390 4108 499 4177 μὴν
536 4105 787 4176 Ἰωάννης
811 4104 871 4158 οὑ
903 4103 1040 4173 φῶς,
1074 4101 1190 4172 φῶς
1227 4101 1284 4155 δὲ
1307 4101 1335 4154 6
1367 4100 1522 4163 Υίός·
1554 4100 1628 4164 ὡς
1652 4101 1770 4153 ἓτε-

177 4217 274 4269 ρος
318 4200 429 4270 ἄρα
474 4199 618 4252 κατὰ
648 4197 832 4267 φύσιν,
871 4197 967 4250 καὶ
1009 4194 1132 4265 οὑχὶ
1178 4196 1289 4258 τοῖς
1333 4193 1610 4263 γεγονόσιν
1639 4195 1772 4264 ὁμο-

177 4294 346 4362 φυής.

251 4383 442 4434 ΑΛΛΟ
471 4380 537 4433 ἐκ
561 4379 668 4433 τοῦ
695 4379 904 4434 αὑτοῦ.
933 4379 994 4432 Εί
1019 4378 1136 4448 φῶς
1158 4379 1300 4434 κατὰ
1321 4379 1484 4449 φύσιν
1512 4378 1774 4450 ὑπάρχων

176 4475 205 4525 6
245 4474 375 4534 Υἱὸς
400 4472 625 4542 γενητός
655 4472 774 4524 ἐστι
814 4471 907 4524 καὶ
936 4471 1324 4540 πεποιημένος,
1357 4469 1452 4524 άτε
1501 4469 1566 4540 δὴ
1601 4469 1662 4521 τὸ
1709 4469 1774 4520 ὲκ

1861 1989 2044 2046 lumen
2071 1993 2140 2055 ν’,
2186 2011 2204 2043 ι
2248 2001 2301 2044 et
2333 2011 2345 2046 :
2389 2013 2405 2044 ι
2438 1993 2634 2048 Emitte
2668 1994 2846 2048 lucem
2874 2002 3047 2058 tuam,
3080 2004 3135 2050 et
3163 1997 3444 2050 veritatem

1868 2090 2041 2144 tinam,
2079 2099 2098 2132 ι
2138 2089 2364 2136 creatus
2391 2093 2494 2146 est,
2517 2091 2572 2137 ct
2596 2084 2649 2137 in
2681 2093 2862 2139 ortum
2887 2085 3143 2149 eductus,
3167 2086 3300 2138 nihil
3322 2102 3445 2156 pro.

1861 2171 2070 2226 hibebit
2112 2173 2412 2241 quominus
2451 2174 2618 2228 simili
2653 2175 2863 2228 ratione
2892 2189 2980 2229 res
3025 2190 3223 2229 omnes
3251 2183 3450 2230 creatae

1860 2267 1947 2320 lux
1981 2266 2072 2319 Dei
2115 2281 2179 2320 ac
2219 2265 2396 2322 Patris
2424 2269 2788 2338 appellentur.
2822 2267 2879 2322 Si
2911 2267 3055 2322 enim
3090 2268 3236 2323 istud
3272 2270 3325 2323 in
3358 2285 3446 2324 re-

1860 2374 1981 2413 rum
2006 2366 2319 2412 creatarum
2359 2348 2610 2413 naturam
2653 2359 2822 2424 cadit,
2853 2360 2960 2415 erit
3005 2361 3264 2416 omnibus
3297 2377 3450 2417 cont-

1863 2467 2025 2505 mune
2061 2453 2324 2520 potentia,
2362 2468 2468 2506 non
2501 2450 2622 2506 Filii
2646 2453 2932 2522 proprium
2957 2454 3142 2508 unius.
3200 2455 3307 2510 Sed
3343 2457 3450 2509 hoc

1860 2542 2160 2596 absurdum
2201 2557 2284 2599 est
2324 2545 2464 2598 :soli
2512 2546 2657 2599 enim
2694 2542 2835 2598 Filio
2879 2548 3137 2601 convenit
3181 2546 3361 2602 vocari
3397 2558 3449 2604 et

1859 2650 1982 2690 esse
2013 2635 2192 2690 lucem
2231 2635 2322 2690 Dei
2355 2651 2419 2689 ac
2461 2634 2666 2691 Patris.
2704 2634 2825 2690 Non
2853 2643 2938 2691 est
2986 2638 3172 2708 itaque
3203 2649 3448 2704 creatus,

1862 2726 1959 2781 sed
2012 2728 2127 2789 lux,
2163 2739 2219 2781 ut
2258 2725 2403 2782 Deus
2461 2726 2531 2782 de
2565 2727 2676 2785 Deo
2725 2727 3074 2787 illuminante
3121 2746 3217 2802 per
3269 2733 3449 2804 ipsum

1860 2831 1924 2871 ea
1966 2833 2088 2887 quae
2116 2818 2257 2873 lucis
2298 2819 2565 2889 indigent.

1934 2995 2165 3051 ALIUD.
2225 2995 2282 3051 Si
2335 2998 2426 3052 lux
2486 2998 2792 3054 secundum
2861 3009 3117 3057 naturam
3191 3016 3316 3057 cum
3379 3005 3453 3058 sit

1865 3087 2061 3153 Filius,
2093 3106 2200 3143 non
2253 3099 2339 3144 est
2389 3107 2453 3144 ex
2502 3090 2685 3145 Patris
2727 3093 3057 3156 substantia,
3094 3093 3190 3148 sed
3237 3096 3450 3149 extrin-

1865 3197 2028 3236 secus
2053 3183 2378 3251 productus,
2417 3182 2575 3252 juxta
2601 3183 2843 3254 ineptum
2873 3185 3267 3242 haereticorum
3300 3204 3453 3243 com-

1868 3285 2113 3329 mentum
2155 3291 2168 3327 :
2217 3274 2462 3343 ejusdem
2512 3291 2648 3345 ergo
2698 3286 2910 3332 naturae
2951 3288 3036 3332 est
3089 3295 3213 3334 cum
3289 3281 3455 3336 rebus

1866 3367 2094 3432 creatis,
2128 3375 2182 3421 et
2236 3367 2424 3428 frater,
2464 3368 2706 3421 maxime
2747 3384 2870 3421 cum
2925 3371 3238 3425 substantia
3269 3371 3453 3425 divina

1868 3459 2155 3516 exciderit.
2189 3458 2480 3525 Quomodo
2510 3475 2642 3530 ergo
2687 3460 2775 3514 lux
2815 3461 3038 3531 quidem
3075 3463 3193 3532 ipse
3226 3471 3457 3517 vocatur

1868 3563 1924 3608 et
1951 3560 2056 3613 est,
2088 3553 2157 3606 de
2185 3560 2380 3607 sancto
2411 3567 2542 3606 vero
2570 3551 2818 3622 Baptista
2862 3554 3064 3608 dicitur
3089 3572 3102 3606 :
3132 3575 3150 3607 ι
3186 3553 3306 3609 Non
3335 3565 3457 3610 erat

1870 3645 1962 3699 ille
2021 3643 2111 3697 lux
2157 3645 2225 3708 ",
2268 3663 2285 3697 ι
2326 3646 2580 3714 quamvis
2631 3645 2720 3698 lux
2759 3654 2909 3700 esset
2965 3647 3208 3715 potentia
3260 3647 3456 3703 beatus

1869 3736 2138 3807 Baptista,
2174 3745 2230 3791 et
2257 3752 2366 3790 non
2401 3737 2519 3808 ipse
2553 3738 2754 3802 solum,
2782 3738 3054 3807 siquidem
3089 3740 3204 3795 ﬁeri
3244 3749 3461 3812 poterat

1871 3841 1929 3884 ut
1966 3829 2161 3895 Filius,
2210 3829 2338 3884 licet
2388 3842 2630 3894 creatus,
2673 3833 2766 3886 lux
2795 3839 2977 3887 tamen
3013 3833 3317 3888 secundum
3363 3849 3461 3888 na-

1871 3926 2053 3974 turam
2099 3933 2255 3972 suam
2315 3928 2483 3974 esset.
2517 3919 2673 3986 Quod
2721 3923 2870 3975 enim
2929 3923 2984 3976 in
3045 3932 3238 3977 natura
3291 3924 3459 3978 situm

1871 4018 1978 4077 est,
2019 4011 2271 4081 sequitur
2306 4027 2600 4067 commune
2645 4028 2769 4069 esse
2819 4015 3010 4084 utique
3051 4015 3311 4070 omnibus
3339 4031 3468 4086 qua:

1872 4106 2226 4174 participant.
2260 4103 2366 4160 Sed
2399 4103 2642 4160 Joannes
2681 4121 2788 4160 non
2821 4117 2942 4161 erat
2973 4108 3066 4161 lux
3101 4125 3115 4162 :
3151 4108 3242 4161 lux
3275 4119 3459 4162 autem

1871 4206 1992 4253 erat
2036 4196 2254 4265 Filius;
2291 4197 2547 4253 diversus
2601 4199 2770 4266 igitur
2823 4215 2850 4252 a
2892 4199 3061 4255 rebus
3093 4203 3316 4267 creatis,
3360 4216 3462 4257 nec

1871 4289 2117 4359 ejusdem
2161 4297 2370 4343 natura:
2403 4304 2531 4343 cum
2562 4289 2718 4358 ipsis.

1945 4377 2158 4432 ALIUD
2215 4394 2279 4431 ea:
2326 4380 2528 4433 eodem.
2571 4379 2626 4434 Si
2692 4379 2782 4433 lux
2843 4380 3149 4435 secundum
3210 4391 3462 4437 naturam

1873 4487 1999 4525 cum
2032 4473 2103 4526 sit
2135 4470 2332 4536 Filius,
2365 4484 2584 4527 creatus
2614 4479 2700 4526 est
2726 4480 2893 4541 atque
2926 4473 3129 4539 factus,
3154 4476 3459 4543 praesertim

177 4567 282 4634 τῆς
331 4564 522 4627 οὑσίας
561 4559 702 4616 εἶναι
746 4562 839 4615 τοῦ
883 4562 1019 4616 Θεοῦ
1068 4563 1162 4616 καὶ
1195 4562 1407 4634 Πατρὸς
1453 4561 1553 4614 οὑκ
1599 4559 1768 4630 ἔχων¹

1879 4580 2002 4618 cum
2036 4580 2143 4618 non
2179 4565 2252 4618 sit
2286 4581 2352 4619 ex
2401 4563 2496 4620 Dei
2529 4581 2592 4619 ac
2639 4564 2822 4622 Patris
2855 4567 3189 4634 substantia,
3214 4578 3272 4623 ut
3317 4586 3461 4625 non-

180 4658 329 4712 κατὰ
365 4657 469 4725 τήν
500 4673 661 4708 τινων
690 4655 969 4721 ὑπόνοιαν,
1000 4655 1301 4722 ὲπιδέξεται
1333 4654 1442 4707 τῶν
1475 4652 1716 4723 γενητῶν
1742 4653 1774 4722 +,

183 4751 348 4818 φύσις
381 4749 444 4801 τὸ
473 4742 610 4799 εἷναί
642 4763 700 4798 τε
743 4747 838 4799 καὶ
865 4746 1146 4799 καλεῖσθαι
1168 4745 1305 4814 φῶς·
1342 4745 1492 4797 ἔσται
1519 4744 1575 4798 δὲ
1599 4745 1777 4798 πάντα

183 4841 301 4909 ςῶς
328 4839 473 4892 κατὰ
502 4838 592 4890 τὸν
641 4838 698 4890 ἐν
730 4837 956 4907 δυνάμει
1003 4837 1182 4905 λόγον.
1209 4836 1281 4889 Τὸ
1309 4835 1416 4906 γὰρ
1446 4836 1582 4898 ὅλως
1640 4831 1777 4887 εἶναί

182 4950 235 4986 τι
263 4930 515 5000 πεφυκὸς
540 4931 624 5000 εἴη
661 4946 764 4982 που
795 4928 892 5000 [σί.
939 4929 1025 4999 εἴη
1059 4930 1121 5000 δή
1154 4928 1281 5000 που]
1316 4930 1534 4991 πάντως
1558 4927 1646 4991 ἂν,
1685 4927 1778 4980 καὶ

186 5028 234 5078 εἱ
275 5025 355 5093 μή
394 5041 482 5074 πω
526 5022 772 5090 γέγονεν.
807 5022 935 5072 Ὅτε
976 5019 1157 5073 τοίνυν
1197 5018 1376 5073 κοινὸν
1418 5019 1518 5089 μὲν
1555 5021 1622 5089 τῇ
1667 5018 1778 5071 τῶν

188 5113 444 5184 γενητῶν
492 5111 651 5180 φύσει
685 5111 742 5164 τὸ
792 5105 932 5164 εἶναι
960 5110 1096 5178 φῶς,
1149 5109 1280 5162 ίδιον
1326 5109 1382 5162 δὲ
1458 5109 1554 5162 καὶ
1604 5109 1780 5178 μόνως

189 5207 434 5268 οᾷδενός·
462 5205 514 5256 τί
542 5204 717 5273 μάτην
745 5203 828 5272 ἐφ’
853 5201 1033 5273 ἑαυτῷ
1063 5201 1336 5272 κομπάζει
1374 5201 1549 5267 λέγων
1579 5203 1607 5254 6
1630 5201 1776 5265 Υἱὸς,

197 5320 212 5350 ι
270 5295 422 5364 Ἐγώ
481 5297 596 5363 εἰμι
659 5294 721 5346 τὸ
760 5294 913 5362 φῶςς
965 5312 982 5345 ι
1018 5293 1156 5364 χρῆν
1208 5295 1315 5363 γὰρ
1347 5293 1520 5364 δήπου
1585 5290 1786 5360 μᾶλλον

192 5393 394 5445 εἰπεῖν·
471 5387 612 5456 Ἐγώ
651 5390 764 5456 εἰμι
793 5385 912 5456 μεθ’
945 5385 1100 5454 ὑμῶν
1150 5385 1210 5438 τὸ
1256 5383 1370 5453 φῶς
1397 5399 1410 5414 °
1487 5382 1676 5452 ἐπειδὴ
1731 5382 1786 5434 δὲ

193 5486 267 5546 ὡς
296 5483 437 5536 ἴδιον
466 5479 672 5548 άγαὺὸν
714 5478 892 5548 ἑαυτῷ
935 5477 1247 5549 περιτίθησι
1281 5477 1428 5548 μόνῳ
1459 5475 1568 5529 τῶν
1612 5475 1787 5528 ἄλλων

193 5574 392 5627 οὐδένα
429 5569 771 5642 προσλαϐὼν,
803 5570 960 5640 δῆλος
992 5569 1058 5623 ἂν
1085 5570 1168 5639 εἴη
1199 5569 1402 5632 λοιπὸν,
1463 5568 1524 5620 οὑ
1552 5570 1664 5630 τοῖς
1695 5584 1784 5635 γε·

196 5666 384 5731 νητοίς
426 5662 637 5726 ἑαυτὸν,
671 5661 808 5715 ἀλλὰ
851 5664 915 5732 τῇ
948 5661 1069 5732 Θεία
1102 5660 1195 5714 τοῦ
1231 5662 1442 5733 Πατρός
1473 5659 1783 5713 συντάττων

197 5759 383 5826 obsis},
478 5758 569 5808 και
591 5755 650 5808 τὸ
675 5749 811 5808 εἶναι
852 5754 965 5824 φῶς
999 5755 1254 5826 πρόσεστι
1283 5753 1544 5824 φυσικῶς.

1883 4655 2017 4709 nulli
2063 4656 2452 4726 suspicantur,
2505 4672 2688 4712 rerum
2748 4667 3060 4715 creatarum
3120 4672 3316 4716 natura
3371 4665 3463 4718 lux

1881 4762 2010 4802 esse
2056 4755 2111 4802 et
2149 4748 2336 4802 vocari
2390 4749 2612 4818 poterit.
2665 4749 2842 4804 Erunt
2893 4760 3078 4805 autem
3126 4754 3311 4807 omnia
3371 4756 3461 4810 lux

1885 4838 2153 4908 potentia.
2190 4837 2294 4908 57
2331 4838 2487 4905 Quod
2523 4841 2669 4895 enim
2717 4853 2915 4895 natura
2955 4858 3054 4897 sua
3102 4844 3306 4914 aliquid
3342 4862 3466 4901 esse

1885 4938 2093 5000 potest,
2134 4931 2324 5000 utique
2397 4932 2531 4986 illud
2583 4941 2688 4998 est,
2746 4936 2966 4990 etiamsi
3025 4937 3269 4991 nondum
3338 4949 3465 4994 actu

1883 5026 2118 5081 exstitit.
2162 5024 2299 5079 Cum
2328 5042 2461 5096 ergo
2494 5044 2675 5083 rerum
2707 5036 3020 5083 creatarum
3063 5037 3272 5086 natura:
3314 5045 3466 5084 com-

1885 5129 2049 5170 mune
2097 5115 2167 5170 sit
2209 5130 2333 5170 esse
2374 5117 2574 5182 lucem,
2605 5119 2886 5188 proprium
2924 5130 3106 5173 autem
3156 5121 3366 5176 nullius
3403 5137 3467 5176 ac

1886 5208 2190 5277 singulare,
2212 5208 2340 5278 quid
2363 5211 2570 5265 frustra
2602 5227 2660 5267 se
2685 5211 2856 5282 jactat
2876 5211 3048 5267 Filius
3073 5211 3264 5268 dicens
3289 5232 3331 5267 ει
3354 5214 3466 5283 Ego

1886 5315 2009 5354 sum
2035 5301 2162 5355 lux?
2202 5319 2220 5352 ι
2258 5302 2556 5358 Dicendum
2586 5305 2732 5358 enim
2767 5315 2911 5360 esset
2939 5306 3140 5375 potius,
3181 5305 3291 5374 Ego
3342 5320 3464 5358 sum

1885 5392 2175 5447 vobiscum
2227 5393 2342 5448 lux.
2403 5393 2542 5451 Cum
2582 5403 2768 5451 autem
2824 5395 2994 5450 veluti
3045 5397 3324 5466 proprium
3371 5395 3472 5450 bo—

1888 5498 2019 5538 num
2056 5485 2202 5540 istud
2243 5487 2337 5541 uni
2365 5488 2470 5542 sibi
2513 5498 2752 5559 arrOget,
2781 5489 2940 5542 nullo
2973 5496 3232 5542 consorte
3268 5488 3464 5551 ascito,

1890 5581 2041 5643 patet
2072 5576 2260 5646 utique
2311 5577 2494 5647 ipsum
2533 5576 2807 5633 creaturis
2843 5591 2904 5632 se
2933 5591 3041 5630 non
3079 5587 3464 5637 annumerare,

1891 5670 1988 5722 sed
2023 5669 2080 5724 in
2115 5679 2310 5725 natura
2341 5668 2520 5727 Patris
2571 5685 2630 5727 se
2662 5669 2958 5734 collocare,
2991 5683 3112 5740 qua
3140 5674 3339 5723 natura
3367 5678 3468 5721 sua

1895 5759 1985 5814 lux
2021 5770 2125 5818 est.

280 5868 326 5897 "
359 5871 506 5927 Psal.
543 5887 708 5938 xxxv,
743 5871 828 5928 £0.
905 5871 947 5901 "
968 5870 1115 5926 Psal.
1157 5886 1300 5940 xui,
1335 5871 1386 5925 5.
1469 5872 1509 5901 ⁸⁸
1549 5868 1707 5924 Joan.
1744 5885 1792 5940 ι,
1823 5871 1877 5927 8.
