4214 6502
199 407 287 464 {Ol
1267 409 1335 464 IN
1375 409 1662 467 JOANNIS
1699 409 2140 467 EVANGl-LLIUM
2175 413 2300 469 ΗΒ.
2346 415 2383 472 l.

3369 426 3471 482 102

193 525 573 596 προκειμένων
597 527 894 596 ἐπείγεται.
924 527 998 582 Ού
1023 527 1130 600 γὰρ
1151 527 1322 598 δήπου
1346 531 1458 592 τοῖς
1488 528 1758 600 ἀκροωμέι

1883 528 2049 584 ditur.
2085 528 2201 585 Non
2242 533 2389 584 enim
2427 532 2659 602 putabat
2691 533 3038 592 auditoribus
3083 541 3222 596 satis
3251 540 3369 598 fore
3400 549 3468 599 ad

189 636 297 680 νοις
325 620 664 689 ἀποχρήσειν
684 619 932 690 ενόμιζεν
958 621 1038 684 είς
1062 620 1124 673 τὸ
1150 620 1411 674 δύνασθαι
1443 622 1582 673 νοεῖν
1606 621 1781 673 ἀπλα-

190 711 293 774 νῶς
331 712 464 781 περὶ
509 711 602 763 τοῦ
644 711 780 765 Θεοῦ
848 712 1020 780 Λόγου
1051 752 1065 776 ,
1106 712 1299 782 ὅτιπερ
1341 713 1512 774 ὅντως
1567 714 1683 765 ἐστὶ
1720 714 1780 766 τὸ

189 801 307 870 φῶς
375 804 485 855 τῶν
523 803 826 873 ἀνθρώπιον
868 803 1062 868 αὐτὸς,
1107 803 1198 857 διά
1232 803 1325 856 τοῦ
1367 805 1535 874 φάναι
1583 805 1775 874 μόνον’

193 913 210 942 α
261 895 428 965 Καὶή
478 894 590 964 ζωὴ
622 889 689 966 ἦν
731 895 792 948 τὸ
821 895 934 964 φῶς
971 895 1078 949 τῶν
1124 895 1427 967 ἀνθρώπων
1454 914 1466 927 ·
1520 916 1537 946 ι
1577 893 1642 966 ἦν
1671 899 1779 968 γάρ

186 984 250 1054 δὴ
281 986 378 1036 καὶ
421 985 590 1048 εἰκὸς,
639 985 1130 1057 άναδειχθήσεσθαί
1184 1005 1337 1052 τινας
1397 988 1779 1050 ἀϐασανίστως

187 1077 296 1128 τῶν
318 1077 626 1147 λεγομένων
649 1077 970 1142 ἀκούοντας·
993 1079 1087 1132 κα)⁵
1113 1079 1176 1151 δὴ
1199 1081 1293 1133 καὶ
1314 1079 1660 1152 πρε-σϐεύειν,
1685 1081 1778 1132 καὶ

183 1169 408 1238 ἑτέρως
469 1169 743 1222 διδάσκειν
802 1170 1125 1241 ἐπιχειρεῖν,
1175 1171 1256 1224 ὅτι
1305 1171 1421 1241 φῶς
1465 1170 1564 1242 μὲν
1606 1171 1776 1234 ὅντως

185 1261 336 1312 ἐστὶν
364 1263 391 1312 ό
416 1260 506 1314 τοῦ
535 1260 670 1313 Θεοῦ
693 1260 884 1330 Λόγος.
911 1260 1049 1333 πλὴν
1071 1262 1130 1314 οὑ
1156 1263 1288 1316 πᾶσι
1314 1263 1491 1331 φωτὸς
1517 1264 1769 1333 χορηγός·

182 1351 298 1403 ἀλλ’
333 1347 413 1414 οἷς
446 1351 510 1405 ἂν
546 1352 704 1416 αὐτὸς
741 1352 1019 1425 βούληται,
1060 1353 1120 1406 τὸ
1150 1353 1249 1422 τῆς
1281 1354 1549 1417 συνέσεως
1598 1354 1797 1422 ἐνίησιε

182 1445 321 1512 φῶς,
356 1444 668 1514 δοκιμάζων
702 1446 791 1498 τὸν
827 1445 1110 1520 ὀφείλοντα
1139 1446 1346 1510 λαϐεῖν,
1382 1449 1474 1499 καὶ
1509 1447 1610 1515 τῆς
1629 1446 1774 1498 οὕτω

181 1537 445 1608 λαμπρᾶς
483 1539 631 1604 ἄξιον
685 1539 812 1591 ὄντα
839 1539 1069 1607 δωρεᾶς·
1169 1541 1226 1592 δέ
1261 1557 1322 1608 γε
1356 1539 1463 1592 τῶν
1491 1539 1663 1594 ἄλλων
1688 1540 1774 1592 λο-

180 1628 356 1692 γικῶν
390 1632 704 1699 κτισμάτων
753 1629 934 1698 φύσις,
968 1630 1000 1698 ἢ
1033 1631 1091 1694 ἐξ
1119 1631 1335 1684 οίκείων
1369 1631 1558 1702 ὥσπερ
1607 1649 1771 1701 σπερ-

181 1718 392 1785 μάτων,
421 1720 518 1786 τὴν
555 1719 646 1771 ἐπὶ
678 1719 754 1789 τῷ
801 1719 1057 1774 δύνασθαι
1087 1722 1302 1789 φρονεῖν
1336 1721 1644 1790 ἐρανίζεται
1676 1721 1767 1773 δύ-

178 1827 368 1879 ναμιν,
400 1810 434 1880 ἢ
479 1810 753 1879 ἐντίθησιν
797 1813 935 1882 αὐτῇ
978 1810 1100 1864 νοῦν
1149 1813 1241 1865 καὶ
1303 1811 1514 1864 σύνεσιν
1567 1815 1595 1866 ὁ
1637 1811 1766 1875 Θεὸς

176 1903 272 1951 καὶ
301 1898 511 1972 Πατὴρ,
543 1902 617 1965 ὡς
646 1903 746 1955 οὐκ
775 1903 1118 1973 ἐξισχύοντος
1140 1904 1294 1957 τοῦτο
1321 1904 1452 1974 δρᾷν
1483 1903 1576 1956 τοῦ
1611 1902 1761 1956 Υίοῦ.

177 2003 296 2053 Ἶνα
325 1998 504 2050 τοίνυν
537 1997 794 2066 φαίνηται
849 1997 1035 2066 σαφῶς
1065 1998 1226 2062 αὐτὸς
1262 2000 1290 2050 ὁ
1318 1997 1448 2060 Θεὸς
1485 1997 1674 2066 Λόγος,
1705 1998 1764 2061 ὃς

174 2088 243 2162 ἦν
283 2093 340 2142 ἐν
373 2089 492 2156 Θεῷ
543 2089 638 2141 καὶ
675 2090 872 2159 Πατρὶ,
904 2091 998 2142 καὶ⁹
1045 2089 1179 2161 ζωὴ,
1213 2090 1308 2146 καὶ
1343 2089 1477 2158 φῶς,
1509 2089 1568 2142 ού
1603 2089 1762 2144 τινῶν

177 2183 278 2252 μὲν
330 2183 435 2234 άνὰ
482 2179 670 2252 μέρος,
709 2181 913 2251 ἑτέρων
967 2180 1022 2233 δὲ
1056 2180 1263 2238 οὐκέτι,
1297 2179 1432 2235 ἀλλὰ
1463 2181 1604 2234 κατά
1641 2197 1760 2234 τινα

177 2276 472 2346 μετουσίας
502 2275 740 2346 ἄρρητον
783 2273 1003 2344 τρόπον,
1041 2274 1117 2339 ὼς
1176 2275 1338 2343 σοφία
1399 2275 1493 2328 καὶ
1549 2275 1762 2339 σύνεσις

174 2370 338 2438 (οπερ
362 2369 510 2420 ἐστὶν
537 2369 594 2418 ὲν
623 2368 734 2428 τοῖς
764 2366 1000 2434 λογικοῖς
1024 2367 1084 2418 τὸ
1104 2366 1436 2438 καλούμενον
1456 2367 1616 2438 φῶς),
1637 2369 1762 2420 ἐαυ-

172 2461 265 2513 τὸν
295 2460 435 2523 ὅλοις
465 2463 577 2521 τοῖς
619 2455 736 2512 οῦσι
783 2459 1146 2529 καταμιγνὺς,
1181 2460 1266 2512 ἵνα
1312 2459 1661 2528 λογικεύηται
1694 2457 1762 2512 τά

170 2554 388 2621 λογικά,
423 2553 517 2607 καὶ
542 2553 800 2622 φρόνησιν
826 2552 925 2625 ἔχῃ
952 2554 1020 2606 τά
1051 2555 1366 2622 φρονήσεως
1399 2551 1641 2618 δεκτικὰ,
1662 2552 1761 2603 οὐκ

172 2646 240 2699 ἂν
273 2647 475 2716 ἑτέρως
526 2641 856 2699 εἶναιτοῦτο
890 2644 1188 2714 δυνηθέντα
1235 2645 1394 2697 ποτέ·
1448 2643 1761 2711 ἀναγκαίως

172 2743 362 2810 φησιν,
403 2741 484 2793 ὅτι
515 2740 607 2792 καὶ
645 2758 660 2789 ι
691 2737 766 2791 Τὸ
791 2738 904 2806 φῶς
947 2741 1005 2792 ὲν
1037 2742 1102 2810 τῇ
1145 2738 1332 2806 σκοτίᾳ
1367 2736 1568 2806 φαίνει,
1609 2734 1756 2806 καὶὴ

172 2835 365 2886 σκοτία
379 2834 512 2888 αὐτὸ
529 2834 590 2886 ού
609 2833 928 2887 κατέλαϐεν.
954 2820 1158 2886 ιΜόνον
1179 2832 1287 2903 γάρ
1307 2831 1428 2902 οὐχὶ
1449 2830 1688 2884 τοιοῦτόν
1705 2846 1758 2881 τι

171 2930 285 2990 τοῖς
306 2927 674 2998 ἀκροωμένοις
691 2929 754 2980 ὲκ
772 2925 973 2995 πολλῆς
997 2925 1283 2998 ἀκριϐείας
1313 2924 1535 2994 ἀναϐοᾷ·
1557 2924 1753 2992 Ἕφην,

170 3013 217 3070 ὦ
249 3011 418 3083 οῦτοι,
435 3017 606 3070 καίτοι
632 3017 837 3088 σφόδρα
866 3016 1132 3070 διδάσκων
1167 3015 1234 3068 τά
1269 3015 1466 3084 ἀληθῆ,
1489 3014 1587 3082 τὴν
1612 3009 1756 3081 ζωὴν

169 3106 313 3163 εἶναι
342 3109 452 3162 τῶν
480 3108 782 3179 ἀνθρώπων
833 3109 892 3162 τὺ
926 3111 1062 3178 φῶς,
1090 3110 1189 3178 οὐχ
1237 3109 1324 3161 ἴνα
1356 3109 1450 3176 νοῇ
1491 3123 1571 3169 τις
1606 3104 1663 3157 ἐν
1692 3122 1756 3172 γε

169 3205 284 3264 τοῖς
312 3199 542 3270 παροῦσι
590 3198 827 3268 μάλιστα
882 3198 1080 3266 λόγοις,
1130 3198 1189 3262 ἐξ
1243 3198 1430 3268 ἑτέρου
1481 3195 1752 3258 πολιτείας
1778 3235 1824 3297 C

164 3291 495 3362 κομίζεσθαι
526 3292 691 3362 γέρας
757 3292 846 3344 τὸν
889 3291 1015 3360 παρ’
1061 3290 1225 3343 αὑτοῦ
1280 3295 1580 3359 φωτισμὸν,
1625 3288 1751 3352 τοὺς

164 3386 394 3453 ὅσοιπερ
431 3382 496 3436 ἂν
529 3383 800 3450 φαίνοιντο
856 3382 1052 3436 δίκαιοί
1084 3398 1143 3433 τε
1197 3381 1290 3434 καὶ
1337 3379 1529 3447 ἀγαθοί
1575 3394 1587 3408 ο
1636 3378 1751 3432 ἀλλ’

171 3477 259 3529 ἵνα
324 3477 630 3546 μανθάνητε
678 3475 860 3537 πάλιν,
886 3476 1076 3545 ὅτιπερ
1126 3473 1186 3526 ὃν
1224 3473 1425 3544 τρόπον
1489 3472 1636 3524 ἐστὶν
1694 3471 1752 3523 ὲν

169 3571 305 3621 πᾶσι
327 3570 438 3630 τοῖς
470 3568 748 3635 γεγονόσιν
775 3568 804 3619 ὀ
834 3566 1006 3632 Λόγος
1029 3565 1163 3635 ζωὴ,
1199 3563 1480 3632 ζιωγονῶν
1511 3563 1750 3631 δηλονότι

167 3662 237 3715 τὰ
259 3658 403 3729 ζωῆς
425 3659 674 3713 δεκτικά·
698 3657 867 3720 οὕτως
890 3657 1038 3710 ἐστὶν
1065 3658 1121 3710 ἐν
1143 3657 1327 3719 αὐτοῖς
1360 3659 1456 3710 καὶ
1498 3656 1635 3726 φῶς,
1680 3656 1750 3708 τὰ

168 3753 437 3816 συνέσεώς
471 3770 530 3805 τε
555 3753 646 3805 καὶ
681 3753 993 3822 φρονήσεως
1021 3750 1273 3816 δεκτικὰ,
1301 3750 1459 3803 τοῦτο
1487 3749 1747 3803 δεικνύων

165 3849 304 3917 ὅπερ
328 3845 430 3898 εἰσί
451 3862 461 3873 ·
483 3845 658 3898 πάντα
683 3845 791 3913 γάρ
819 3845 874 3896 ὲν
899 3843 1032 3896 πᾶσί
1055 3843 1202 3896 ἐστιν
1241 3845 1270 3895 ό
1300 3843 1488 3913 Πατὴρ
1514 3841 1578 3894 δι’
1615 3841 1746 3895 Υίοῦ

168 3942 225 3991 ὲν
267 3938 564 4006 Πνεῦματι.
608 3937 836 3989 Σκοτίαν
866 3936 924 3990 δὲ
957 3937 1215 4008 ὀνομάζει
1247 3935 1348 4006 τὴν
1384 3937 1477 3988 τοῦ
1513 3934 1743 4004 φωτίζε-

163 4029 292 4082 σθαι
318 4029 579 4098 δεομένην
597 4027 759 4096 φύσιν
783 4027 1188 4088 καθόλου,τοῦτ’
1213 4027 1459 4097 ἕστι,τὴ’.ι
1489 4028 1742 4097 γενητήν.

182 4119 398 4188 Ἐπειδὴ
444 4120 552 4186 γὰρ
602 4118 763 4171 αὑτὸν
808 4119 1054 4188 ὠνόμασε
1084 4118 1145 4170 τὸ
1179 4118 1314 4186 φῶς,
1349 4118 1540 4189 ἑτέραν
1581 4114 1746 4171 οὖσαν

167 4209 521 4264 ἐπιδεικνύων
553 4211 652 4279 τὴν
681 4210 870 4262 ἔπιδεᾶ
904 4210 996 4262 καὶ
1029 4210 1294 4280 ἀμέτοχον
1335 4208 1445 4280 [τσ.
1495 4209 1741 4280 μέτοχον]

165 4301 332 4354 αὐτοῦ
390 4301 564 4354 κτίσιν
598 4301 840 4370 λογικὴν,
882 4301 962 4363 είς
1014 4301 1076 4352 τὸ
1133 4299 1375 4353 ἐναντίον
1422 4300 1743 4371 περιτρέπει

163 4393 258 4445 τοῦ
322 4393 726 4461 σημαινομένου
779 4391 877 4462 τὴν
927 4391 1173 4461 δύναμιν,
1229 4392 1329 4444 οὐκ
1381 4391 1488 4444 ἀπὸ
1517 4390 1740 4454 σκοποῦ,

163 4485 304 4538 κατά
337 4501 399 4550 γε
447 4485 535 4536 τὸν
589 4483 856 4554 ἡμέτερον
903 4483 1049 4546 νοῦν,
1085 4482 1362 4535 καὶτοῦτο
1400 4483 1590 4544 ποιῶν,
1627 4482 1740 4534 ἀλλ’

1885 633 2030 680 recte
2063 625 2476 696 intelligendum
2509 626 2598 681 Dei
2626 625 2865 682 Verbum
2906 646 3097 686 revera
3129 648 3254 688 esse
3287 635 3468 690 lucem

1881 715 2193 777 hominum,
2222 717 2268 770 si
2307 716 2574 770 duntaxat
2614 718 2820 774 diceret
2861 740 2873 775 :
2925 741 2942 770 ι
2996 722 3060 774 Et
3092 724 3200 778 vita
3226 738 3347 780 erat
3377 728 3468 781 lux

1882 805 2191 860 hominum.
2231 825 2249 857 ι
2292 805 2584 860 Probabile
2633 809 2778 861 enim
2830 818 2947 864 erat
2999 814 3219 868 futuros
3251 816 3468 886 aliquos

1877 901 1972 970 qui
2000 909 2207 955 temere
2232 910 2285 954 et
2319 900 2730 956 inconsiderate
2759 916 2820 955 ea
2854 919 2976 972 quae
3005 905 3272 961 dicuntur
3307 923 3468 979 cape-

1881 1000 2018 1049 rent.
2053 991 2304 1060 aliosque
2336 992 2596 1046 ducerent
2623 1008 2686 1047 ac
2721 993 3005 1049 traderent
3041 997 3215 1052 lucem
3245 1000 3467 1068 quidem

1879 1097 2071 1136 revera
2117 1099 2240 1138 esse
2277 1082 2371 1138 Dei
2409 1081 2682 1146 Verbum,
2729 1095 2786 1140 at
2850 1102 2960 1142 non
3012 1089 3274 1146 omnibus
3325 1091 3467 1147 lucis

1879 1171 2224 1241 largitorem,
2269 1173 2363 1226 scd
2397 1173 2602 1243 quibus
2635 1175 2762 1227 velit
2796 1177 3106 1245 prudentiae
3151 1179 3326 1234 lucem
3365 1182 3467 1234 im-

1878 1263 2119 1325 mittere,
2151 1279 2389 1334 eumque
2427 1267 2662 1336 probare
2695 1271 2787 1338 qui
2826 1270 3026 1340 dignus
3068 1276 3140 1328 sit
3177 1281 3301 1334 tam
3330 1274 3460 1328 illu.

1877 1356 1974 1410 ειιί
2010 1357 2154 1412 d0no
2184 1376 2196 1411 :
2235 1367 2494 1413 caeterum
2529 1361 2760 1414 aliarum
2799 1372 3180 1418 creaturarum
3216 1367 3464 1421 rationa-

1875 1448 2005 1501 lium
2087 1458 2339 1503 naturam
2416 1459 2510 1504 aut
2577 1470 2642 1507 ex
2729 1457 2976 1524 propriis
3055 1456 3464 1524 quodammodo

1874 1539 2180 1595 seminibus
2215 1541 2521 1609 prudentia:
2550 1544 2656 1597 vim
2705 1548 2980 1616 accipere,
3009 1558 3105 1601 aut
3147 1549 3459 1621 intelligen-

1872 1634 2002 1687 tiam
2057 1635 2107 1687 ei
2152 1635 2614 1705 prudentiamque
2664 1653 2696 1691 a
2742 1638 2852 1692 Deo
2895 1655 2959 1694 ac
3015 1638 3178 1695 Patre
3217 1641 3460 1707 immitti,

1871 1725 2030 1794 quasi
2081 1742 2188 1778 non
2246 1728 2422 1795 possit
2455 1727 2602 1781 istud
2658 1739 2923 1797 prazstare
2974 1731 3169 1788 Filius.
3220 1731 3290 1786 Ut
3328 1749 3460 1804 ergo

1871 1813 2229 1867 manifestum
2271 1815 2446 1884 lieret,
2482 1818 2658 1884 ipsum
2686 1817 2853 1872 Deum
2898 1817 3134 1874 Verbum
3173 1821 3226 1874 in
3262 1820 3372 1876 Deo
3395 1840 3458 1878 ac

1800 1893 1840 1948 Β
1868 1907 2028 1964 Patre
2054 1911 2220 1963 vitam
2253 1926 2376 1966 esse
2412 1920 2577 1981 atque
2609 1912 2809 1979 lucem,
2837 1930 2944 1968 non
2971 1915 3283 1985 aliquorum
3317 1919 3458 1970 duu-

1867 2008 2038 2064 taxat,
2084 2002 2318 2055 aliorum
2361 2018 2472 2056 non
2524 2004 2678 2066 item,
2732 2005 2828 2058 sed
2896 2006 3162 2061 ineﬂabili
3212 2009 3453 2077 quodam

1864 2095 2394 2149 communicationis
2441 2096 2627 2164 modo,
2665 2107 2792 2167 puta
2825 2115 2949 2153 cum
2989 2101 3060 2154 sit
3091 2102 3363 2170 sapientia
3402 2114 3455 2158 et

1864 2188 2160 2256 prudentia
2195 2189 2366 2258 (quod
2399 2190 2452 2243 in
2483 2190 2720 2246 rationis
2755 2194 3105 2262 compotibus
3149 2196 3322 2249 lucem
3357 2212 3453 2266 ap-

1865 2279 2179 2348 pellamus).
2217 2282 2463 2349 seipsum
2502 2283 2778 2337 universis
2828 2284 2993 2340 rebus
3029 2284 3363 2346 imuuseere.
3397 2295 3456 2340 ut

1864 2370 2157 2422 rationalia
2224 2371 2498 2424 rationem
2569 2371 2861 2441 accipiant,
2916 2380 2970 2426 et
3032 2373 3451 2445 intelligentiam

1864 2459 2103 2515 habeant
2156 2476 2276 2531 qua:
2315 2462 2436 2530 ejus
2476 2470 2606 2516 sunt
2655 2464 2902 2532 capacia,
2947 2480 3050 2519 nec
3094 2465 3254 2520 aliter
3305 2468 3450 2522 istud

1864 2563 2097 2622 possunt
2149 2554 2394 2624 assequi,
2437 2555 2755 2609 necessario
2789 2555 2976 2619 infert,
3019 2575 3037 2608 ‹
3093 2566 3148 2611 et
3181 2559 3354 2613 lucem
3395 2561 3450 2613 in

1862 2646 2104 2701 tenebris
2145 2647 2350 2711 lucere,
2383 2658 2439 2702 et
2483 2649 2742 2702 tenebras
2775 2665 2895 2702 eam
2935 2665 3041 2703 non
3087 2651 3450 2718 comprehen-

1861 2736 2029 2792 disse.
2071 2757 2087 2788 ι
2118 2737 2175 2792 ld
2209 2739 2355 2791 enim
2396 2738 2791 2808 pr0pemodum
2824 2739 3168 2796 auditoribus
3203 2741 3449 2797 studiose

1861 2830 2122 2883 inclamat
2162 2849 2173 2884 :
2207 2829 2346 2892 Dixi.
2376 2848 2407 2886 0
2439 2833 2599 2897 boni,
2630 2833 2914 2887 veritatem
2949 2849 3073 2887 cum
3102 2833 3296 2903 primis
3323 2835 3446 2888 edo-

1859 2935 2012 2985 cens,
2041 2922 2206 2974 vitam
2240 2920 2489 2991 59esse
2522 2922 2804 2976 hominum
2829 2922 3028 2983 lucem,
3055 2938 3163 2977 non
3201 2934 3258 2977 ut
3292 2925 3445 2994 quis-

1858 3027 2023 3081 quam
2058 3028 2124 3065 ει
2157 3011 2244 3066 his
2281 3013 2464 3066 verbis
2485 3014 2764 3068 existimet
2792 3030 2888 3070 eos
2914 3017 3007 3085 qui
3034 3015 3169 3084 justi
3205 3027 3258 3071 et
3283 3019 3442 3087 probi

1858 3118 1983 3158 esse
2003 3103 2259 3157 videntur
2292 3104 2521 3159 aliunde
2549 3107 2673 3159 \itee
2704 3107 3031 3162 Christianae
3051 3109 3256 3162 donum
3288 3111 3441 3164 acci-

1858 3205 2025 3260 pere,
2072 3192 2331 3248 nimirum
2383 3195 2843 3250 illuminationem
2874 3238 2889 3261 ,
2958 3198 3055 3252 sed
3099 3207 3159 3253 ut
3213 3199 3443 3256 discatis

1858 3300 2076 3348 rursus,
2099 3287 2269 3354 quod,
2306 3303 2417 3356 quo
2448 3287 2609 3341 modo
2630 3297 2716 3342 est
2744 3289 2796 3342 in
2819 3290 3078 3346 omnibus
3098 3291 3260 3346 rebus
3289 3308 3440 3346 crea-

1857 3376 1925 3430 tis
1959 3373 2194 3430 Verbum
2252 3379 2392 3442 vita,
2429 3378 2716 3432 viviﬁcaris
2771 3397 2965 3451 nempe
3029 3398 3091 3436 ea
3150 3399 3270 3453 qua:
3316 3385 3439 3438 vita;

1855 3475 1983 3521 sunt
2038 3470 2280 3537 capacia,
2331 3471 2405 3523 ita
2465 3486 2685 3540 quoque
2719 3488 2844 3527 esse
2888 3474 2940 3526 in
2996 3474 3062 3528 iis
3103 3475 3278 3529 lucem
3317 3492 3439 3545 quae

1855 3562 2225 3630 intelligentiae
2267 3571 2321 3616 et
2367 3564 2676 3631 prudentiae
2722 3573 2852 3617 sunt
2902 3568 3148 3636 capacia,
3187 3567 3237 3620 id
3288 3571 3436 3638 quod

1851 3661 1979 3706 sunt
2012 3653 2274 3708 elliciens.
2315 3651 2512 3707 Omnia
2550 3654 2695 3706 enim
2744 3667 2825 3709 est
2857 3657 2909 3710 in
2952 3658 3212 3711 omnibus
3245 3657 3434 3721 Pater,

1849 3763 1945 3817 per
1981 3745 2202 3809 Filium,
2250 3747 2302 3800 in
2361 3746 2588 3815 Spiritu.
2641 3748 2924 3802 Tenebras
2970 3758 3150 3804 autem
3191 3752 3436 3806 nominat

1849 3848 2104 3893 naturam
2151 3840 2290 3893 lucis
2336 3839 2598 3908 indigam,
2635 3839 2739 3892 hoc
2789 3847 2874 3894 est
2926 3856 3143 3896 omnem
3208 3843 3437 3896 omnino

1848 3941 2116 3985 creatam.
2146 3930 2443 4001 Postquam
2476 3932 2621 3985 enim
2656 3933 2834 4001 ipsum
2864 3932 3040 3987 lucem
3073 3935 3432 4004 nuncupavit,

1850 4025 2014 4077 aliam
2058 4039 2180 4079 esse
2221 4023 2519 4078 ostendens
2558 4024 2893 4094 indigentem
2931 4034 2984 4078 et
3034 4025 3210 4095 ipsius
3254 4029 3427 4095 parti-

1849 4119 2024 4184 cipem
2053 4125 2368 4169 creaturam
2410 4116 2761 4180 rationalem,
2801 4117 2854 4170 in
2890 4117 3227 4171 contrarium
3268 4121 3430 4174 vertit

1845 4208 1954 4260 vim
1987 4216 2039 4262 et
2084 4209 2350 4261 rationem
2386 4211 2508 4275 ejus
2565 4208 2716 4277 quod
2760 4207 3125 4278 signiﬁcatur,
3176 4226 3284 4264 non
3331 4212 3430 4268 abs

1846 4315 1928 4362 re,
1958 4315 2078 4355 meo
2123 4300 2355 4369 judicio,
2393 4300 2445 4354 id
2482 4300 2713 4363 faciens,
2750 4302 2846 4356 sed
2877 4301 3021 4369 quod
3055 4303 3198 4370 apud
3244 4320 3304 4358 se
3332 4321 3429 4358 co-

1850 4392 2070 4460 gitaret,
2098 4408 2283 4446 rerum
2327 4402 2641 4446 creatarutu
2667 4401 2944 4456 naturam,
2975 4409 3100 4447 cum
3133 4393 3428 4453 nibilexse

1848 4500 2080 4553 prorsus
2111 4483 2379 4554 proferat,
2415 4483 2510 4538 sed
2546 4499 2710 4538 orline
2751 4499 2911 4538 suum
2951 4499 3094 4546 esse,
3131 4493 3184 4538 et
3217 4495 3425 4541 rectum

160 4579 339 4630 ἐκεῖνο
360 4577 423 4646 δὴ
446 4578 660 4639 πάντως
686 4576 804 4630 καθ’
819 4575 1008 4629 ἑαυτὸν
1039 4576 1316 4646 ἐννοήσας,
1355 4577 1434 4628 ὅτι
1459 4577 1566 4629 τῶν
1589 4593 1742 4646 γενη-

1860 4578 2184 4633 :onsistendi
2207 4577 2427 4630 modum
2455 4577 2650 4631 habeat
2677 4577 2746 4631 ab
2773 4576 2988 4645 Opifice,
3021 4577 3145 4645 jure
3182 4579 3375 4634 audire
3409 4599 3422 4633 :

161 4669 268 4719 τῶν
296 4669 328 4735 ἡ
366 4666 545 4734 φύσις,
573 4667 725 4719 οὐδὲν
752 4666 890 4728 ὅλως
926 4666 983 4732 ἐξ
1012 4666 1181 4735 αὐτῆς
1218 4666 1559 4735 πηγάζουσα,
1596 4667 1739 4734 σύμ-

160 4777 270 4812 παν
302 4759 360 4811 δὲ
411 4759 471 4811 τὸ
522 4753 662 4811 εἶναι
697 4760 790 4810 καὶ
818 4759 880 4810 τὸ
919 4753 978 4811 εῦ
1007 4754 1146 4811 εἶναι
1182 4757 1404 4810 τοιῶσδε
1451 4758 1614 4826 τυχὸν
1656 4758 1741 4810 δε-

157 4853 367 4921 χομένη
390 4851 541 4920 παρὰ
557 4850 650 4903 τοῦ
670 4849 1035 4920 Δημιουργοῦ,
1050 4849 1270 4911 δικαίως
1289 4848 1472 4901 ἀκούει
1490 4863 1502 4875 ·
1516 4869 1532 4898 ι
1547 4850 1608 4900 'l'i
1631 4849 1740 4919 γάρ

155 4947 300 5011 ἔχεις
332 4943 362 4994 ὃ
394 4943 494 4994 οὐκ
533 4942 750 5004 ἔλαϐες
779 4962 796 4993 ι
832 4941 1048 5010 Ἐπειδὴ
1089 4941 1145 4994 δὲ
1200 4941 1336 5010 πρὸς
1393 4943 1502 5003 τοῖς
1536 4941 1736 5002 ἄλλοις,

155 5039 250 5089 καὶ
271 5035 407 5087 αὐτὸ
431 5033 704 5087 θεόσδοτον
733 5035 842 5105 ἔχει
871 5034 932 5086 τὸ
971 5034 1106 5101 φῶς,
1140 5034 1240 5086 οὐκ
1270 5033 1467 5102 ἔχουσα
1494 5033 1738 5101 δηλονότι

151 5128 424 5196 λαμϐάνει
443 5144 458 5159 ο
490 5130 550 5180 τὸ
577 5128 632 5180 δὲ
662 5128 775 5196 φῶς
801 5128 900 5180 οὐκ
923 5127 1043 5196 ἔχον
1069 5127 1127 5190 ἐξ
1160 5127 1377 5188 ἑαυτοῦ,
1399 5125 1513 5188 πῶς
1544 5127 1642 5178 οὐκ
1670 5126 1736 5178 ἂν

150 5223 238 5290 εἴη
265 5221 327 5272 τὸ
361 5220 599 5273 ἐναντίον
619 5221 684 5291 ;ἣ
713 5221 830 5282 πῶς
861 5221 962 5273 οὐκ
989 5220 1053 5272 ἂν
1091 5220 1299 5287 λέγοιτο
1326 5219 1542 5283 σκοτίας
1568 5219 1737 5272 Πιθα-

148 5312 215 5380 vi;
251 5311 382 5378 gap,
421 5309 620 5378 μᾶλλον
652 5311 709 5362 δὲ
751 5310 850 5378 ἤδη
884 5311 977 5362 καὶ
1013 5310 1413 5378 ἀναγκαιοτάτη
1454 5310 1574 5364 λίαν
1600 5311 1736 5362 ἀπό-

145 5401 338 5463 δειξις,
365 5399 459 5452 τοῦ
487 5401 585 5470 τὴν
619 5402 718 5470 μὲν
751 5402 926 5453 κτίσιν
947 5397 1086 5453 εἶναι
1119 5401 1358 5464 σκοτίαν,
1389 5402 1503 5470 φῶς
1541 5402 1597 5453 δὲ
1632 5403 1733 5455 πά-

145 5493 232 5544 λιν
272 5494 363 5544 τὸν
410 5492 500 5545 τοῦ
553 5493 687 5546 Θεοῦ
729 5496 918 5562 Λόγον,
949 5495 1010 5548 τὸ
1061 5495 1271 5564 φαίνειν
1318 5495 1377 5545 ὲν
1411 5497 1476 5563 τῇ
1540 5495 1730 5563 σκοτίᾳ,

144 5586 207 5637 τὸ
253 5585 392 5652 φῶς.
431 5586 491 5637 Ei
533 5586 641 5656 γάρ
678 5586 888 5656 δέχεται
937 5588 1044 5644 τῶν
1085 5588 1326 5658 γενητῶν
1373 5587 1406 5656 ή
1447 5586 1603 5654 φύσις
1639 5586 1729 5639 τὸν

144 5679 242 5733 τοῦ
282 5679 422 5732 Θεοῦ
453 5679 623 5748 Λόγον
662 5683 799 5735 κατὰ
847 5683 1157 5752 μετουσίαν,
1212 5682 1284 5745 ὡς
1326 5681 1459 5751 φῶς,
1497 5682 1527 5750 ἣ
1561 5682 1635 5745 ὡς
1667 5685 1730 5733 ἐκ

223 5861 265 5890 ⁵⁸
307 5861 327 5917 Ι
365 5862 470 5916 (lor
531 5877 620 5920 tv.
665 5866 710 5918 7.

1851 4689 1868 4718 ι
1905 4667 2046 4734 Quid
2072 4669 2216 4722 enim
2259 4667 2428 4720 habes
2488 4663 2632 4734 quod
2675 4679 2786 4718 non
2826 4665 3085 4733 accepisti
3116 4665 3194 4718 “?
3234 4685 3252 4716 ι
3289 4666 3424 4720 Cum

1844 4768 2026 4814 autem
2065 4767 2261 4828 prieter
2292 4768 2488 4812 caetera
2529 4757 2703 4821 ipsam
2754 4771 2974 4825 quoque
3015 4756 3279 4810 divinitus
3324 4757 3423 4810 da-

1842 4860 1952 4904 tam
2006 4853 2178 4905 lucem
2231 4851 2449 4912 habeat,
2486 4864 2604 4902 cam
2660 4849 2845 4918 utique
2895 4863 3018 4901 cum
3067 4864 3176 4901 non
3205 4848 3422 4910 habeat,

1842 4945 2042 5012 accipit
2085 4963 2097 4995 :
2146 4943 2290 5012 quod
2331 4957 2458 4995 vero
2513 4941 2686 4994 lucem
2731 4957 2796 4994 ex
2852 4940 3031 5008 seipso
3077 4955 3182 4993 non
3237 4939 3421 5005 habet,

1841 5036 2118 5104 quomodo
2156 5051 2264 5090 non
2324 5036 2428 5089 erit
2480 5033 2818 5085 contrarium
2838 5032 2866 5088 ?,
2900 5039 2988 5084 aut
3033 5031 3305 5099 quomodo
3345 5041 3423 5086 te-

1838 5127 2020 5181 nebrae
2068 5140 2176 5178 nou
2225 5125 2514 5177 dicentur?
2559 5120 2844 5175 Probabile
2878 5120 3047 5186 enim,
3091 5120 3200 5174 imo
3228 5138 3418 5177 nuces-

1838 5220 2042 5275 sarium
2087 5227 2468 5287 argumentum
2515 5221 2600 5269 est
2635 5220 2944 5266 creaturam
2975 5226 3096 5266 esse
3143 5213 3414 5279 tenebras,

1840 5313 1930 5368 Dei
1973 5319 2153 5365 autem
2193 5309 2430 5364 Verbum
2479 5308 2681 5371 lucem,
2719 5303 2864 5375 quod
2906 5321 2923 5354 ι
2965 5305 3054 5357 lux
3089 5304 3142 5358 in
3179 5306 3420 5361 tenebris

1839 5406 1999 5458 lucet.
2038 5421 2053 5450 ι
2085 5401 2220 5454 Nam
2259 5401 2304 5455 si
2341 5413 2522 5454 rerum
2571 5407 2878 5451 creatarum
2919 5403 3111 5448 natura
3151 5393 3241 5448 Dei
3285 5393 3418 5450 Ver-

1838 5497 1964 5549 bum
2014 5510 2107 5563 per
2163 5491 2638 5564 participationem
2688 5485 2908 5553 accipit,
2967 5494 3024 5536 ut
3075 5485 3273 5549 lucem,
3327 5497 3419 5539 aut

1839 5595 2096 5655 tanquam
2125 5601 2189 5641 ex
2226 5587 2368 5646 luce,
2401 5583 2515 5652 ipsa
2547 5580 2766 5650 quidem
2798 5587 2856 5630 ut
2886 5576 3120 5630 tenebrae
3157 5577 3414 5630 nimirum

1839 5679 2072 5749 accipit;
2109 5678 2254 5734 lucet
2295 5685 2476 5731 autem
2511 5673 2565 5727 in
2610 5672 2730 5743 ipsa
2765 5669 2908 5725 velut
2942 5669 2993 5722 in
3030 5670 3268 5726 tenebris
3302 5671 3412 5732 lux.
