4214 6502
741 445 847 500 ίυό

1754 436 1811 489 S.
1842 430 2122 491 CYRILLI
2162 423 2633 483 ALEXANDRINI
2665 420 2989 477 ARCHIEP.

3905 428 4007 482 1οί

743 553 796 608 id
853 560 939 608 est
1002 551 1215 614 Filius,
1272 550 1525 622 quamvis
1587 550 1830 604 tenebrae
1890 548 2065 601 lucem
2131 546 2318 612 utique

2424 539 2621 607 φωτὸς,
2648 538 2786 606 αῦτη
2812 538 2910 605 μὲν
2932 539 3009 600 ὡς
3030 541 3218 591 σκοτία
3239 539 3478 610 δηλονότι
3499 540 3763 610 λαμϐάνει
3784 558 3797 569 °
3830 542 4008 609 φαίνει

741 646 1012 699 nesciant.
1051 642 1164 696 Hoc
1194 641 1338 695 enim
1374 638 1670 710 signiﬁcat,
1706 639 1921 709 opinor,
1952 636 2084 689 illud
2124 653 2137 687 ε
2168 653 2185 685 ι
2219 632 2322 687 Te—

742 734 923 787 nebrre
954 749 1077 787 eam
1109 748 1217 785 non
1269 731 1821 799 comprehenderunt.
1861 746 1879 778 ›
1914 727 2126 780 Cuncta
2173 725 2319 777 enim

743 824 835 879 Dei
867 825 1102 878 Verbum
1153 824 1394 878 illustrat
1450 838 1573 893 quae
1617 831 1747 876 sunt
1795 820 2178 875 illustrationis
2224 833 2320 872 ea-

740 916 919 984 pacia,
945 924 999 970 et
1035 916 1090 968 in
1150 916 1467 969 universum
1497 928 1560 967 ea
1605 913 1876 967 illuminat
1917 926 2037 979 qua
2065 917 2317 962 naturam

739 1006 941 1059 habent
987 1007 1405 1060 illuminationis
1438 1020 1718 1075 capacem.
1750 1004 2036 1073 Ignoratur
2071 1009 2251 1054 autem
2288 1016 2317 1053 a

734 1099 1000 1154 tenebris.
1051 1099 1359 1154 Rationalis
1406 1099 1609 1169 quippe
1654 1106 1850 1150 natura
1899 1110 2020 1164 qua
2066 1096 2120 1147 in
2156 1094 2319 1148 terris

735 1196 839 1248 est,
882 1197 1045 1239 nomo
1081 1188 1361 1247 nimirum,
1407 1189 1578 1241 euluit
1628 1186 1958 1255 quandoque
2006 1193 2315 1238 creaturam

738 1292 847 1344 prae
899 1278 1175 1332 Creatore.
1214 1296 1231 1329 ι
1281 1277 1397 1331 Νοιι
1432 1277 1966 1345 comprehenderunt
2023 1276 2247 1329 lucem:
2293 1292 2311 1325 ι

738 1379 846 1417 non
880 1382 1023 1420 enim
1057 1377 1393 1436 agnoverunt
1424 1366 1740 1421 Creatorem
1776 1365 1975 1419 fontem
2012 1366 2312 1434 sapientiae,

737 1459 1113 1529 intelligentia:
1154 1458 1442 1527 originem,
1470 1458 1775 1526 prudentia:
1812 1457 2074 1510 radicem.
2113 1457 2312 1510 Lucem

736 1562 917 1606 tamen
954 1552 1157 1604 habent
1187 1550 1277 1602 Dei
1315 1550 1712 1610 misericordia,
1742 1559 1793 1603 et
1841 1550 2173 1617 intelligendi
2206 1550 2311 1601 vim

733 1659 861 1697 cum
919 1643 1053 1712 ipsis
1117 1641 1525 1711 quodammodo
1588 1641 1862 1695 natalibus
1920 1642 2023 1694 sibi
2090 1642 2310 1692 insitam

734 1734 898 1787 simul
930 1733 1185 1787 ail‘crunt.
1217 1731 1315 1784 Hic
1350 1747 1543 1785 rursus
1576 1733 1900 1795 notandum,
1929 1732 2075 1784 nulla
2102 1739 2313 1783 ratione

736 1825 932 1879 Filium
992 1824 1087 1878 Dei
1153 1834 1400 1878 creatum
1456 1832 1550 1876 aut
1606 1823 1808 1876 factum
1870 1824 2094 1892 intelligi
2130 1837 2307 1891 posse,

2426 631 2481 683 δὲ
2513 633 2570 683 ὲν
2602 632 2761 700 αὐτῇ,
2814 630 3069 701 καθάπερ
3100 635 3157 685 ὲν
3198 636 3387 705 σκοτία
3436 636 3495 687 τὸ
3541 635 3676 704 φῶς,
3714 639 3743 687 6
3783 635 3925 698 Υἱὸς,
3958 638 4007 687 εί

2427 724 2522 773 καὶ
2550 724 2649 774 οὐκ
2694 719 2800 775 οἶδε
2852 724 3070 788 πάντως
3116 727 3149 795 ἡ
3191 728 3379 779 σκοτία
3408 728 3468 779 τὸ
3510 729 3621 795 φῶς
3650 744 3661 756 ”
3690 729 3845 782 τοῦτο
3876 728 4006 799 γὰρ,

2425 808 2599 881 οἶμαι,
2639 814 2893 883 σημαίνει
2916 816 2997 881 τὸ,
3035 834 3056 867 ι
3103 817 3170 868 'H
3204 819 3393 872 σκοτία
3414 820 3543 874 αὐτὸ
3569 821 3628 872 οὐ
3653 821 3961 874 κατέλαϐεν.
3984 842 4001 872 ι

2426 906 2637 959 ’Λπασι
2675 907 2775 977 μὲν
2815 907 2923 979 γάρ
2967 909 2998 961 ό
3046 908 3139 962 τοῦ
3170 909 3306 965 Θεοῦ
3366 914 3537 982 Λόγος
3580 914 3845 985 ὲλλάμπει
3894 917 4004 977 τοῖς

2424 1002 2748 1071 ιλλάμψεως
2778 1004 3067 1068 δεκτικοῖς,
3102 1008 3197 1059 καὶ
3228 1008 3451 1077 φωτίζει
3483 1010 3709 1064 καθόλου
3750 1012 3817 1062 τὰ
3844 1014 4006 1080 φύσιν

2424 1096 2616 1165 ἔχοντα
2658 1096 2751 1150 τοῦ
2798 1097 3131 1167 φωτίζεσθαι
3182 1098 3466 1171 δεκτικήν·
3503 1103 3773 1171 ἀγνοεῖται
3815 1104 3868 1157 δὲ
3902 1105 4007 1156 ὑπὸ

2422 1188 2521 1257 τῆς
2548 1189 2787 1252 σκοτίας·
2816 1191 2849 1259 η
2876 1188 2983 1260 γάρ
3006 1190 3099 1241 ἐπὶ
3116 1189 3218 1260 γῆς
3240 1194 3581 1261 τυγχάνουσα
3608 1194 3797 1265 λογικὴ
3821 1194 4001 1261 φύσις,

2420 1282 2566 1334 τοῦτ’
2587 1282 2753 1347 ἐστιν,
2771 1284 2798 1335 6
2816 1283 3119 1355 ἅνθρωπος,
3141 1286 3190 1338 ε)
3203 1286 3433 1358 ἀτρευσέ
3452 1304 3577 1339 ποτε
3591 1290 3655 1357 τῇ
3672 1289 3839 1339 κτίσει
3856 1289 4007 1358 παρὰ

2420 1374 2510 1426 τὸν
2533 1374 2797 1429 κτίσαντα
2824 1418 2836 1430 .
2880 1395 2899 1429 t
2930 1376 3004 1429 Οὐ
3034 1378 3301 1432 κατέλαϐε
3331 1380 3392 1431 τὸ
3414 1380 3558 1448 φῶς·
3593 1399 3609 1431 ›
3644 1383 3702 1433 οὗ
3731 1381 3837 1451 γάρ
3864 1381 4004 1447 ἔγνω

2421 1467 2512 1519 τὸν
2541 1469 2906 1537 Δημιουργὸν,
2928 1470 3027 1539 τὴν
3053 1472 3234 1541 πηγὴν
3257 1471 3356 1536 τῆς
3386 1474 3597 1539 σοφίας,
3619 1473 3717 1542 τῆς
3737 1472 4001 1536 συνέσεως

2421 1557 2520 1627 τὴν
2548 1559 2745 1628 ἀρχὴν,
2777 1558 2874 1628 τὴν
2920 1562 3016 1629 τῆς
3068 1566 3390 1634 φρονήσεως
3446 1564 3619 1633 ῥίζαν.
3660 1565 3809 1632 Ἔχει
3842 1565 3885 1615 δ’
3908 1560 4003 1615 οῦν

2420 1651 2567 1718 ὅμως
2592 1653 2653 1702 ἐκ
2679 1651 3088 1723 φιλανθρωπίας
3121 1654 3179 1706 τὸ
3225 1655 3362 1722 φῶς,
3417 1657 3509 1709 διαὶ
3562 1654 3998 1723 συγκαταϐεόλη-

2421 1742 2589 1808 μένην
2612 1740 2801 1810 ὥσπερ
2827 1743 3092 1809 ἐπάγεται
3134 1744 3230 1815 τὴν
3269 1744 3363 1796 τοῦ
3396 1748 3612 1815 φρονεῖν
3638 1746 3859 1813 δύναμιν
3884 1747 3999 1807 ταῖς

2418 1831 2497 1893 είς
2541 1829 2600 1881 τὸ
2632 1826 2769 1883 εἶναι
2802 1832 3059 1902 παρόδοις
3105 1836 3501 1904 συντρέχουσαν
3532 1834 3599 1887 τά
3630 1836 3845 1905 γενητὰ.
3899 1836 4000 1904 Ση-

731 1916 843 1986 60
866 1916 960 1969 sed
995 1929 1023 1967 a
1058 1914 1213 1968 nobis
1248 1915 1463 1983 penitus
1499 1914 1779 1975 dissitum,
1805 1921 1857 1966 et
1893 1928 2058 1981 supra
2092 1924 2310 1966 creatu-

2421 1923 2677 1990 μειωτέον
2699 1924 2753 1976 δὲ
2791 1924 2951 1977 πάλιν
2986 1926 3043 1977 ὲν
3094 1926 3326 1990 τούτοις,
3361 1928 3443 1979 ὃτι
3486 1928 3640 1994 λόγος
3679 1928 3851 1990 οὐδεὶς
3881 1930 3999 1979 ἐπι-

736 2022 923 2060 rarum
957 2016 1209 2060 naturam
1246 2008 1630 2067 constitutum,
1660 2006 1939 2073 aliumque
1969 2002 2035 2057 ab
2059 2004 2126 2058 iis
2155 2020 2310 2073 pror-

732 2114 829 2152 sus
884 2114 1029 2159 esse,
1094 2107 1145 2150 et
1201 2099 1522 2152 substantia:
1578 2099 1790 2151 ratione
1842 2104 2134 2161 semotum,
2200 2112 2308 2149 non

733 2207 893 2247 secus
945 2192 1198 2244 nimirum
1244 2206 1307 2244 ac
1359 2192 1447 2243 lux
1481 2191 1669 2244 eadem
1710 2204 1820 2243 non
1852 2197 1936 2243 est
1982 2203 2108 2242 cum
2152 2198 2308 2242 tene-

733 2285 872 2347 bris,
924 2286 1017 2338 sed
1088 2284 1362 2337 contraria
1404 2292 1458 2336 et
1510 2283 1827 2338 diversitate
1886 2293 2093 2336 natura:
2149 2282 2308 2351 plane

732 2375 1016 2431 distincta.
1062 2377 1168 2431 Sed
1198 2393 1320 2431 cum
1357 2377 1457 2430 hac
1488 2377 1553 2431 de
1587 2392 1643 2431 re
1684 2378 1817 2432 satis
1851 2386 2007 2432 antea
2038 2384 2306 2431 tractave—

733 2468 927 2532 rimus,
966 2469 1215 2523 addenda
1253 2480 1385 2524 sunt
1415 2471 1572 2525 nobis
1591 2470 1797 2541 reliqua
1828 2484 1949 2540 quae
1977 2478 2301 2540 sequuntur.

2413 2014 2603 2085 τρέψει
2635 2016 2861 2085 γενητὸν
2891 2012 3031 2069 εῖναι
3062 2022 3222 2081 νοεῖν,
3278 2020 3310 2089 ἢ
3340 2022 3705 2090 πεποιημένον
3733 2020 3999 2091 ὑπάρχειν

2412 2107 2618 2159 οἴεσθαι
2676 2108 2767 2159 τὸν
2806 2108 2933 2162 Υίὸν
2964 2108 3057 2161 τοῦ
3093 2110 3249 2171 Θεοῦ,
3279 2110 3393 2164 ἀλλ’
3450 2113 3788 2179 ἀφεστηκότα
3822 2113 3995 2180 πάντη

2411 2198 2520 2250 τῶν
2544 2199 2667 2252 καθ’
2708 2201 2872 2269 ἡμᾶς,
2906 2200 3000 2253 καὶ
3027 2201 3124 2271 τὴν
3151 2202 3262 2255 τῶν
3296 2206 3608 2274 κτισμάτων
3642 2205 3997 2257 ἀναδαίνοντα

2412 2290 2598 2357 φύσιν,
2639 2291 2823 2361 ἔτερόν
2870 2310 2929 2345 τε
2978 2296 3275 2359 παντελῶς,
3308 2296 3339 2365 ἢ
3373 2298 3509 2368 ὅπερ
3556 2298 3689 2349 εἰσὶν
3720 2297 3875 2353 αὐτὰ,
3904 2299 3997 2349 καὶ

2410 2381 2543 2435 πολὺ
2600 2382 2917 2452 διεστηκότα
2970 2387 3112 2438 κατὰ
3161 2387 3259 2456 τὴν
3302 2388 3401 2458 τῆς
3443 2389 3628 2452 οὐσίας
3677 2389 3938 2458 ποιότητα
3980 2407 3992 2419 ’

2413 2472 2601 2543 ὥσπερ
2632 2470 2725 2526 οῦν
2748 2475 2937 2543 ἀμέλει
2968 2476 3029 2528 τὸ
3060 2478 3174 2546 φῶς
3202 2478 3336 2549 πρὸς
3368 2480 3466 2551 τὴν
3504 2481 3718 2533 σκοτίαν
3763 2481 3907 2531 ἐστὶν
3935 2480 3995 2531 οὐ

729 2560 944 2625 ταυτὸν,
985 2561 1099 2613 ἀλλ’
1128 2562 1230 2630 ήδη
1268 2562 1362 2614 καὶ
1438 2562 1696 2620 ἐναντίον.
1765 2563 1863 2614 καὶ
1900 2562 2245 2633 ἀσυγκρίτως
2283 2566 2405 2626 ταῖς
2444 2565 2727 2636 διαφοραῖς
2774 2568 2852 2629 είς
2913 2568 3296 2640 ἀλλοτριότητα
3327 2573 3559 2641 φυσικὴν
3601 2571 3990 2642 χωριζόμενον,

745 2655 1130 2725 ’Λποχρὼντως
1186 2657 1243 2709 δὲ
1300 2658 1401 2726 ἤδη
1435 2658 1526 2711 τὸν
1575 2657 1702 2729 περὶ
1748 2658 1937 2711 τούτου
1968 2658 2313 2721 διαλαϐόντες
2353 2659 2510 2729 λόγον
2542 2663 2600 2713 ὲν
2621 2664 2735 2725 τοῖς
2765 2662 3370 2734 προεξητασμένοις,τά
3412 2666 3573 2720 λοιπὰ
3624 2666 3731 2718 τῶν
3795 2665 3995 2739 ἐφεξῆς

733 2747 1133 2819 προσθήσομεν.

806 2840 847 2901 1,
879 2838 933 2900 6,
966 2840 1015 2892 7.
1050 2837 1180 2891 Fuit
1212 2839 1365 2892 homo
1402 2841 1592 2894 missus
1640 2857 1671 2892 α
1712 2839 1836 2901 Deo,
1864 2842 1949 2893 cui
1979 2858 2165 2895 nomen
2196 2848 2308 2893 erat

732 2929 987 2987 Joannes.
1047 2931 1147 2984 llic
1182 2934 1315 2985 venit
1351 2934 1404 2985 in
1438 2934 1819 2995 testimonium,
1852 2944 1909 2986 ut
1946 2935 2302 2988 testimonium

733 3023 1023 3091 perhiberet
1049 3024 1111 3077 de
1140 3024 1336 3076 lumine

806 3114 991 3170 Multis
1022 3123 1177 3168 antea
1213 3116 1279 3169 de
1309 3114 1416 3169 Deo
1454 3113 1635 3170 Verbo
1679 3116 1969 3185 diligenter
2018 3114 2301 3186 expositis,

734 3207 935 3275 quibus
981 3214 1128 3274 patet
1176 3207 1353 3273 i;sum
1400 3206 1697 3262 secundum
1754 3215 2006 3261 naturam
2046 3222 2167 3261 esse
2208 3206 2301 3261 Dei

735 3312 800 3351 ac
840 3296 1017 3352 Patris
1066 3295 1286 3359 Filium,
1318 3296 1476 3351 ﬁdem
1527 3299 1691 3353 dictis
1722 3300 1980 3369 deinceps
2020 3298 2298 3353 conciliat.

2497 2838 2760 2908 Ἐγένετο
2785 2839 3098 2909 ἅνθρωπος
3137 2843 3594 2913 ἀπεσταλμένος
3628 2846 3786 2913 παρὰ
3812 2845 3989 2911 Θεοῦ.

2412 2930 2600 2999 ὄνομα
2631 2930 2792 2995 αὐτῲ
2827 2933 3129 3000 Ἰωάννης·
3150 2931 3327 2999 οὗτος
3344 2933 3530 3005 ἦλθεν
3556 2938 3641 3002 είς
3662 2940 3993 3005 μαρτυρίαν

2414 3022 2515 3075 ἵνα
2548 3023 2906 3093 μαρτυρήσῃ
2937 3027 3067 3093 περὶ
3094 3028 3199 3080 τοῦ
3232 3029 3441 3096 φωτός.

2480 3113 2659 3168 Πολλά
2692 3114 3208 3185 προεξηγησάμενος
3244 3118 3372 3187 περὶ
3399 3118 3491 3170 τοῦ
3517 3118 3646 3170 Θεοῦ
3674 3120 3865 3185 Λόγου,
3895 3120 3991 3174 καὶ

2410 3200 2479 3252 δι’
2505 3194 2581 3256 ὧν
2627 3204 2978 3271 ἀναφαίνοιτο
3020 3206 3161 3258 κατὰ
3195 3205 3356 3273 φύσιν
3411 3208 3666 3276 ὑπάρχων
3723 3210 3844 3272 Υἱὸς
3888 3210 3983 3263 τοῦ

2407 3292 2541 3345 Θεοῦ
2590 3296 2682 3347 καὶ
2715 3297 2947 3365 ιῐατρὸς,
2992 3298 3357 3367 ἀκριϐέστατα
3383 3298 3600 3352 διειπὼν
3635 3302 3728 3370 τὴν
3775 3304 3837 3355 ἐκ
3873 3302 3983 3355 τῶν

733 3388 871 3443 Cum
908 3398 1089 3445 autem
1121 3406 1217 3459 per
1240 3388 1461 3462 Moysen
1494 3390 1698 3445 dictum
1730 3394 1802 3447 sit
1831 3407 1859 3444 a
1890 3392 2017 3455 Deo,
2083 3410 2100 3442 ι
2135 3392 2188 3445 in
2214 3406 2311 3445 ore

2417 3385 2779 3455 ἀκροωμένων
2806 3387 2989 3439 πίστιν
3029 3391 3141 3450 τοῖς
3191 3390 3500 3459 εἰρημένοις
3536 3394 3982 3464 ὲκπραγματειὲε-

736 3480 969 3534 duorum
1002 3488 1096 3533 aut
1131 3483 1294 3535 trium
1333 3484 1551 3537 testium
1584 3492 1730 3537 stare
1757 3498 1918 3537 omne
1948 3484 2169 3537 verbum
2189 3484 2255 3548 “,
2285 3501 2304 3535 ι

736 3586 947 3641 magna:
984 3574 1332 3629 auctoritatis
1363 3574 1468 3629 sibi
1517 3583 1712 3629 testem
1760 3574 1979 3629 beatum
2014 3575 2307 3644 Baptistam

738 3662 1037 3733 prudenter
1071 3665 1339 3736 adjungit.
1371 3666 1489 3720 Non
1540 3669 1684 3722 enim
1737 3668 1985 3737 putabat,
2019 3667 2308 3737 quantavis

736 3764 883 3810 esset
918 3757 1241 3811 auctoritate
1280 3758 1561 3827 prreditus,
1594 3758 1664 3811 ab
1709 3759 1777 3813 iis
1808 3760 1899 3829 qui
1936 3759 1988 3812 in
2023 3759 2306 3815 historiam

738 3849 913 3902 nostri
993 3848 1298 3903 Salvatoris
1360 3849 1665 3904 inciderent
1723 3851 1883 3905 ﬁdem
1937 3850 2078 3904 ultra
2136 3852 2307 3922 legem

736 3954 860 3993 esse
891 3937 1234 4008 exigendam,
1273 3941 1438 3995 etuni
1477 3941 1580 3995 sibi
1615 3940 1969 4003 credendum,
2002 3956 2091 3996 res
2128 3952 2308 3995 mente

736 4037 791 4083 et
825 4028 1181 4101 intelligentia
1217 4039 1404 4085 nostra
1438 4034 1754 4102 superiores
1789 4034 2092 4087 enarranti.
2126 4034 2308 4102 Itaque

738 4129 974 4175 testatur
1037 4122 1259 4191 quidem
1325 4123 1443 4193 ipse
1507 4123 1699 4178 beatus
1756 4125 2087 4195 evangelista
2161 4125 2307 4194 quod

743 4226 761 4260 ι
806 4208 1043 4264 Verbum
1085 4220 1204 4266 erat
1231 4214 1285 4265 in
1314 4212 1607 4281 principio,
1629 4219 1683 4265 et
1720 4210 1862 4267 Deus
1895 4222 2013 4267 erat
2048 4211 2304 4279 Verbum,

735 4310 791 4357 et
813 4309 931 4356 erat
964 4303 1016 4356 in
1044 4304 1314 4374 principio
1339 4303 1485 4374 apud
1518 4302 1708 4368 Deum,
1752 4322 1769 4355 ι
1803 4312 1857 4358 et
1896 4305 2039 4375 quod
2070 4321 2089 4355 ι
2125 4306 2306 4359 omnia

737 4410 833 4465 per
873 4396 1049 4465 ipsum
1098 4396 1245 4451 facta
1293 4405 1445 4463 sunt,
1489 4416 1507 4450 ι
1544 4406 1599 4451 et
1653 4397 1797 4467 quod
1832 4405 1949 4451 erat
2000 4399 2055 4452 in
2104 4398 2306 4453 creatis

738 4488 923 4551 rebus,
960 4495 1017 4541 ut
1063 4489 1198 4547 vita.
1229 4496 1281 4543 et
1326 4488 1472 4559 quod
1536 4489 1627 4544 lux
1678 4489 1959 4543 hominum
2010 4498 2128 4545 erat
2171 4490 2302 4553 vita,

738 4592 795 4635 ut
846 4598 913 4636 ex
968 4582 1053 4637 his
1095 4582 1353 4637 omnibus
1411 4581 1664 4636 ostendat
1717 4579 1910 4635 Filium
1959 4596 2081 4637 esse
2134 4581 2301 4635 Deum

736 4674 1037 4729 secundum
1086 4680 1363 4727 naturam.
1394 4674 1453 4727 Ei
1509 4687 1636 4726 vero
1692 4673 2021 4743 astipulatur
2062 4670 2303 4742 Baptista

735 4766 977 4828 divinus,
1018 4766 1312 4820 clamans:
1351 4783 1369 4815 ι
1411 4762 1607 4817 Parate
1655 4764 1799 4818 viam
1843 4761 2079 4830 Domini,
2122 4775 2304 4819 rectas

738 4855 900 4911 facile
959 4856 1185 4910 semitas
1232 4854 1327 4909 Dei
1384 4856 1557 4910 nostri
1604 4855 1669 4907 ”.
1731 4873 1749 4906 ι
1807 4853 1961 4910 Hunc
2006 4856 2149 4910 cnim
2185 4871 2306 4911 esse

738 4946 905 5001 Deum
946 4963 1133 5001 verum
1172 4961 1333 5001 nemo
1367 4961 1475 5001 non
1526 4947 1713 5017 utique
1758 4947 2031 5011 fatebitur,
2071 4947 2159 5000 cui
2207 4947 2307 5000 do-

736 5035 1052 5090 minationis
1104 5034 1342 5104 dignitas
1377 5033 1678 5088 secundum
1730 5043 1981 5087 naturam
2018 5033 2168 5095 insit,
2205 5047 2306 5087 nec

734 5126 889 5180 alteri
924 5127 1101 5181 inesse
1131 5126 1506 5195 conspiciatur
1535 5126 1753 5197 proprie
1773 5140 1836 5180 ac
1864 5141 2009 5191 vere,
2035 5126 2303 5196 siquidem

741 5238 759 5270 ι
798 5218 958 5272 nobis
1008 5228 1093 5271 est
1136 5234 1281 5273 unus
1314 5217 1456 5273 Deus
1491 5233 1555 5272 ac
1588 5218 1765 5283 Pater,
1797 5234 1937 5273 unus
1979 5226 2159 5273 autem
2193 5217 2301 5271 Do-

735 5312 917 5365 minus
979 5307 1139 5365 Jesus
1180 5310 1454 5376 Christus,
1500 5329 1518 5361 ι
1558 5321 1615 5364 ut
1659 5309 1865 5365 Paulus
1927 5311 2154 5374 scribit;
2201 5328 2219 5360 ι
2248 5319 2304 5364 et

734 5400 856 5455 licet
891 5402 1001 5455 sint
1048 5400 1141 5471 qui
1190 5400 1444 5455 dicantur
1480 5400 1553 5454 dii
1599 5415 1693 5470 per
1731 5399 1984 5470 gratiam,
2017 5407 2070 5452 et
2097 5397 2303 5451 domini

735 5492 914 5553 multi,
947 5492 1063 5547 sive
1109 5492 1165 5545 in
1202 5492 1364 5555 caelo,
1391 5494 1505 5546 sive
1550 5491 1603 5544 in
1631 5501 1796 5551 terra,
1837 5506 1979 5544 unus
2008 5497 2190 5543 tamen
2218 5496 2301 5542 est

735 5596 861 5636 cum
896 5582 1005 5639 Deo
1023 5582 1182 5639 Patre
1212 5598 1376 5639 verus
1403 5583 1655 5638 Filius".
1701 5601 1719 5633 ι
1754 5582 1919 5653 Igitur
1942 5581 2190 5636 maximae
2219 5579 2302 5635 di-

737 5674 1017 5743 gnationis
1040 5686 1123 5730 est
1145 5691 1243 5746 par
1275 5676 1407 5731 illud
1430 5684 1741 5731 sanctorum
1769 5674 2013 5736 testium,
2038 5672 2172 5727 fides
2202 5687 2300 5725 au-

737 5770 848 5817 tem
882 5765 1028 5819 nulla
1079 5781 1186 5819 non
1218 5781 1283 5821 ex
1330 5774 1484 5835 parte
1517 5766 1811 5835 oinculpata
1847 5764 2009 5818 dictis
2047 5764 2296 5826 debetur,

2410 3493 2498 3529 ται
2531 3496 2542 3506 ⁸
2570 3478 2756 3547 ἐπειδὴ
2785 3478 2840 3531 δὲ
2878 3480 3018 3533 κατά
3038 3480 3096 3533 τὸ
3128 3482 3414 3551 εἰρημένον
3443 3483 3528 3536 διά
3570 3486 3805 3549 Μωσέως
3835 3490 3987 3559 παρὰ

2410 3568 2566 3633 Θεοῦ,
2603 3588 2621 3620 ι
2670 3571 2791 3623 Ἐπὶ
2846 3573 3110 3642 στόματος
3158 3573 3253 3627 δύο
3324 3575 3415 3628 καὶ
3463 3578 3625 3647 τριῶν
3696 3580 3987 3651 μαρτύρων

2412 3661 2738 3731 σταθήσεται
2767 3664 2877 3715 πᾶν
2907 3666 3087 3733 ῥῆμα·
3126 3683 3144 3716 t
3176 3666 3395 3735 συνάγει
3424 3668 3696 3740 φρονίμως
3714 3671 3988 3741 ἐφ’έαυτῷ

2408 3752 2499 3804 τὸν
2526 3753 2813 3822 Μακάριόν
2851 3754 3184 3825 Βαπτιστὴν,
3231 3756 3325 3808 καὶ⁸
3368 3756 3785 3825 ἀξιολογώτατον
3817 3762 3986 3824 ὅντως

2412 3842 2750 3911 συνεισφέρει
2782 3843 2874 3894 τὸν
2914 3842 3186 3913 μάρτυρα.
3226 3844 3300 3896 Οὐ
3348 3846 3454 3916 γὰρ
3492 3845 3625 3915 ᾤετο
3650 3847 3776 3908 δεῖν,
3814 3847 3864 3899 εί
3894 3850 3987 3901 καὶ

2409 3931 2528 3984 λίαν
2561 3934 2792 4003 ὑπάρχει
2822 3934 3037 4002 σεμνὸς,
3073 3934 3171 4005 τὴν
3210 3935 3349 4006 ὑπὲρ
3378 3938 3539 4007 νόμον
3565 3939 3860 4008 ἀπαιτῆσαι
3894 3941 3981 3991 πί-

2411 4041 2525 4076 στιν
2542 4026 2669 4087 τοὺς
2701 4026 3115 4095 ἐντευξομένους
3147 4028 3212 4097 τῇ
3262 4028 3389 4096 περὶ
3427 4034 3519 4080 του
3551 4030 3795 4099 Σωτηρος
3824 4030 3984 4099 ἡμῶν

2410 4118 2719 4185 συγγραφῇ,
2760 4117 2855 4170 καὶ
2908 4117 3054 4186 μόνῳ
3099 4120 3377 4171 πιστεύειν
3399 4120 3544 4189 αὐτῷ
3578 4119 3643 4173 τά
3674 4121 3809 4191 ὑπὲρ
3836 4124 3980 4182 νοίν,

2406 4207 2502 4261 καὶ
2562 4208 2822 4279 φρόνησιν
2876 4209 3223 4281 ὲξηγουμένῳ
3270 4213 3367 4282 τὴν
3416 4214 3535 4267 καθ’
3558 4216 3720 4283 ἡμᾶς.
3772 4215 3984 4269 Οὐκοῦν

2411 4302 2675 4370 μαρτυρεῖ
2728 4302 2826 4370 μὲν
2858 4302 3016 4365 αὐτὸς
3068 4304 3096 4354 6
3132 4305 3397 4375 μακάριος
3436 4305 3838 4376 εὐαγγελιστὴς,
3870 4308 3949 4360 ὅτι

2406 4407 2512 4458 περ
2546 4408 2564 4441 ι
2604 4386 2712 4442 τΗν
2739 4392 2767 4442 6
2804 4392 2976 4459 Λόγος
3013 4395 3070 4445 ὲν
3124 4394 3289 4465 ἀρχῇ,
3318 4396 3410 4449 καὶ
3460 4396 3588 4459 Θεὸς
3620 4392 3685 4468 ἦν
3718 4400 3747 4450 6
3784 4399 3977 4465 Λόγος,

2406 4482 2498 4532 καὶ
2538 4476 2603 4548 ἦν
2660 4483 2719 4533 ὲν
2768 4484 2910 4553 ἀρχῇ
2968 4483 3102 4554 πρὸς
3129 4485 3219 4537 τὸν
3261 4486 3412 4550 Θεὸν,
3455 4506 3472 4538 ι
3510 4488 3601 4540 καὶ
3634 4489 3713 4540 ὅτι
3754 4506 3770 4539 ι
3803 4490 3976 4543 πάντα

2404 4570 2472 4623 δι’
2515 4570 2679 4624 αὑτοῦ
2731 4573 2966 4639 ἐγένετο,
3001 4592 3019 4625 ι
3059 4576 3152 4629 καὶ
3200 4572 3266 4646 ἦν
3294 4578 3353 4629 ἐν
3395 4581 3506 4641 τοῖς
3543 4579 3872 4647 γενομένοις,
3903 4582 3979 4644 ὡς

2407 4660 2539 4732 ζωὴ,
2567 4664 2661 4715 καὶ
2685 4666 2767 4716 ὃτι
2797 4664 2855 4717 τὸ
2881 4666 2994 4733 φῶς
3052 4666 3161 4718 τῶν
3212 4667 3511 4738 ἀνθρώπων
3538 4666 3604 4739 ἦν
3635 4672 3665 4740 ἡ
3716 4670 3850 4740 ζωὴ.
3892 4673 3978 4725 ἵνα

2403 4751 2490 4802 διά
2509 4751 2712 4804 τούτων
2738 4755 2992 4807 ἁπάντων
3019 4756 3152 4808 Θεὸν
3196 4757 3324 4810 ὄντα
3362 4760 3501 4813 κατὰ
3531 4761 3689 4829 φύσιν
3721 4761 3978 4832 ἀποδείξῃ

2403 4844 2494 4895 τὸν
2526 4845 2666 4898 Υίόν.
2704 4846 3097 4919 Ἐπιμαρτυρεῖ
3119 4848 3174 4902 δὲ
3203 4850 3455 4920 αὐτῷκαὶ
3474 4852 3753 4916 θεσπέσιος
3775 4854 3974 4907 Βαπτι-

2406 4936 2557 5004 στής’
2590 4954 2608 4987 ι
2655 4935 3013 5006 Ἑτοιμάσατε
3045 4940 3144 5008 τὴν
3184 4941 3303 4994 ὁδὸν
3345 4944 3549 5012 Κυρίου
3593 4963 3610 4995 ι
3648 4943 3805 5013 βοῶν,
3834 4963 3851 4993 ι
3887 4947 3971 4999 εὐ·

2408 5025 2556 5088 θείας
2588 5029 2785 5078 ποιεῖτε
2802 5029 2898 5090 τάς
2926 5028 3147 5098 τρίϐους
3178 5030 3273 5083 τοῦ
3298 5030 3433 5085 Θεοῦ
3458 5034 3664 5101 ἡμῶν.»
3694 5030 3840 5085 Εἶναι
3867 5035 3977 5102 γάρ

2405 5116 2469 5186 δὴ
2497 5116 2709 5181 πάντως
2747 5120 2861 5188 ἐρεῖ
2898 5137 2981 5183 τις
3010 5119 3144 5173 Θεὸν
3168 5121 3437 5192 ἀληθινὸν,
3465 5124 3552 5176 τὸν
3650 5125 3785 5177 κατά
3815 5126 3975 5193 φύσιν

2403 5210 2698 5282 ἐνυπάρχοι
2750 5211 2813 5265 τὸ
2859 5213 2956 5281 τῆς
3013 5215 3327 5286 κυριότητος
3372 5216 3605 5286 ἀξίωμα,
3642 5219 3734 5270 καὶ
3772 5217 3873 5268 οὐκ
3906 5218 3974 5270 ἂν

2404 5302 2573 5372 ἑτέρῳ
2614 5302 2859 5370 φαίνοιτο
2892 5305 3094 5375 προσὸν
3139 5304 3341 5376 κυρίως
3369 5324 3423 5359 τε
3455 5308 3546 5359 καὶ
3570 5306 3802 5377 ἀληθῶς,
3824 5308 3973 5358 ἐπεί·

2404 5409 2529 5462 περ,
2558 5411 2573 5442 ι
2598 5390 2689 5455 Εἷς
2717 5395 2812 5463 μὲν
2832 5397 2964 5464 ἡμῖν
2992 5397 3020 5448 6
3043 5395 3178 5459 Θεὸς
3211 5398 3303 5450 καὶ
3344 5398 3549 5469 Πατὴρ,
3580 5392 3657 5460 εἷς
3678 5398 3733 5451 δὲ
3770 5398 3973 5466 Κύριος

2414 5484 2615 5554 Ἰησοῦς
2643 5486 2928 5556 Χριστὸς,ι
2964 5489 3104 5541 κατὰ
3129 5490 3226 5559 τὴν
3253 5490 3462 5543 Παύλου
3494 5494 3672 5561 φωνήν
3700 5507 3714 5521 ·
3754 5507 3769 5538 ι
3806 5491 3896 5543 καὶ
3922 5491 3969 5542 εί

2406 5576 2519 5630 θεοὶ
2557 5579 2696 5632 κατὰ
2748 5580 2907 5651 χάριν
2960 5585 3051 5637 καὶ
3084 5584 3259 5655 κύριοι
3297 5584 3579 5637 καλοῦνται
3613 5583 3791 5637 πολλοὶ
3829 5583 3883 5634 ἓν
3911 5598 3969 5635 τε

2405 5669 2483 5739 τῷ
2512 5670 2726 5740 οὐρανῷ
2759 5674 2848 5725 καὶ
2876 5676 2967 5728 ἐπὶ
3014 5678 3109 5747 τῆς
3151 5679 3274 5747 γῆς,
3304 5676 3416 5728 ἀλλ’
3441 5670 3518 5737 εἷς
3554 5676 3685 5745 μετὰ
3736 5673 3825 5725 τοῦ
3859 5672 3971 5723 Πα-

2404 5763 2530 5835 τρὸς
2559 5765 2687 5827 Θεὸς
2727 5767 2975 5837 ἀληθινὸς
3018 5772 3047 5823 6
3080 5771 3223 5835 Υίός.
3260 5791 3277 5825 ι
3310 5769 3535 5837 Οὐκοῦν,
3576 5767 3971 5836 ἀξιολογωτάτη

814 5873 859 5905 ⁸⁸
895 5884 1051 5940 Deut.
1094 5899 1212 5947 xix,
1250 5885 1335 5941 l5.
1410 5885 1625 5943 "Joau.
1654 5900 1690 5950 ι,
1724 5883 1827 5949 23;
1855 5885 1959 5939 lsa.
1992 5898 2092 5949 ιι,
2120 5882 2173 5937 ὅ.
2249 5886 2293 5915 ’⁵

2417 5885 2508 5939 Lor.
2544 5899 2638 5939 vni
2661 5924 2675 5953 ,
2706 5884 2757 5951 ὅ,
2786 5885 2837 5938 6.
