4214 6502
237 418 344 472 105³

1329 414 1393 469 ΙΝ
1434 409 1718 469 JOANNIS
1740 406 2183 469 EV'ANGELIUM
2217 415 2343 471 LIB.
2386 417 2424 473 I.
2460 476 2471 488 ,

3390 424 3493 480 {06

235 533 337 601 μὲν
359 530 466 582 τῶν
484 530 653 597 ἁγίων
690 530 1033 601 μαρτύρωνή
1060 531 1308 602 ξυνωρὶς,
1348 531 1529 592 πίστις
1557 527 1793 619 δὲᾼλοιπδ

1882 543 2041 596 ιψιεε
2091 547 2217 586 cum
2266 533 2604 603 plenitudine
2648 536 2799 607 legis,
2837 546 2949 593 tum
2986 554 3349 609 personarum
3384 549 3487 619 61

230 619 533 688 οὕδαμόθεν
560 620 1007 691 κατηγορουμένη
1038 623 1149 683 τοῖς
1176 620 1485 689 λεγομένοις
1517 617 1812 688 ὀφείλεται,

232 712 326 761 καὶ
361 711 420 762 τὸ
454 712 516 763 ἐκ
543 711 706 781 νόμου
730 710 967 765 λαϐοῦσα
990 712 1281 783 πλήρωμα,
1300 713 1392 764 καὶ
1420 714 1483 782 τῇ
1512 710 1623 763 τῶν
1646 728 1813 781 προσ-

229 801 396 853 ώπων
459 804 783 873 περιφάνεια
850 803 1232 874 βεϐαιουμένη.
1285 804 1356 856 Τὸ
1406 806 1502 874 μὲν
1544 800 1634 856 οὖν
1686 804 1813 873 περί

229 893 429 945 ἑαυτοῦ
455 912 507 946 τι
539 895 703 960 φάναι
735 895 827 948 τὸν
853 896 1120 966 μακάριον
1149 895 1559 966 εὑαγγελιστὴν,
1580 896 1673 948 καὶ
1704 896 1811 947 τῶν

232 986 381 1038 ἰδίων
407 986 693 1055 ἐγκωμίων
723 987 1053 1057 ἐφάψασθαι,
1096 990 1349 1059 φορτικὸν
1394 987 1463 1060 ἢν
1494 989 1679 1051 ὄντως,
1720 990 1811 1041 καὶ

230 1075 405 1138 ἄλλως
455 1076 777 1129 ἀπαίδευτον
801 1094 813 1106 ·
866 1073 901 1148 ἦ
929 1077 1037 1149 γὰρ
1071 1077 1135 1132 ἂν
1174 1079 1372 1149 ἢκουσε
1422 1077 1664 1143 δικαίως,
1698 1097 1715 1128 ι
1738 1079 1808 1130 Σὺ

230 1168 360 1238 περὶ
390 1169 611 1221 σεαυτοῦ
674 1172 987 1241 μαρτυρεῖς,
1029 1173 1061 1241 ἡ
1115 1169 1388 1242 μαρτυρία
1418 1187 1508 1223 σου
1537 1170 1636 1222 οὑκ
1664 1169 1809 1221 ἔστιν

228 1260 455 1331 ἀληθής.
480 1281 499 1312 ι
522 1261 620 1314 Διά
639 1279 719 1314 τοι
738 1262 894 1315 τοῦτο
914 1265 1024 1326 τοῖς
1050 1262 1243 1315 είδόσιν
1275 1262 1435 1316 αὑτὸν
1464 1262 1530 1315 τὰ
1547 1262 1797 1315 καθ’ὲαυο

227 1351 319 1403 τὸν
345 1355 483 1404 νοεῖν
520 1355 824 1423 ἐπιτρέπει,
874 1356 963 1408 ἐπὶ
1001 1356 1056 1408 δὲ
1107 1356 1199 1408 τὸν
1236 1354 1523 1425 ὁμώνυμον
1565 1355 1803 1426 ἔρχεται,

227 1441 410 1504 καλῶς
442 1460 503 1510 γε
536 1444 739 1513 σφόδρα
766 1445 924 1497 τοῦτο
958 1446 1144 1512 ποιῶν,
1165 1447 1255 1499 καὶ
1281 1446 1613 1499 ἀπεστάλθαι
1646 1446 1807 1515 φησὶν

226 1534 387 1586 αὑτὸν
446 1536 595 1605 παρὰ
656 1534 813 1588 Θεοῦ.
855 1536 997 1588 Ἔδει
1047 1536 1153 1608 γάρ
1196 1538 1295 1590 οὑκ
1340 1538 1653 1607 αὐτόμολον,
1686 1538 1805 1591 οὑδὲ

224 1629 541 1698 αὑτοκλήτῳ
563 1630 761 1698 σπουδῇ
794 1628 927 1699 πρὸς
956 1628 1052 1699 τὴν
1083 1630 1225 1700 ὑπὲρ
1252 1629 1344 1682 τοῦ
1376 1631 1624 1700 Σωτῆρος
1648 1632 1678 1698 ή
1690 1629 1805 1698 μῶν

226 1722 371 1773 ἰόντα
398 1722 698 1791 μαρτυρίαν
724 1722 986 1774 δεικνύειν
1007 1721 1098 1775 τὸν
1128 1723 1281 1789 ἅγιον
1315 1723 1643 1793 Βαπτιστὴν,
1668 1722 1803 1777 ἀλλὰ

1918 620 2168 677 claritate
2216 626 2596 681 conﬁrmatur.
2644 626 2719 683 De
2767 644 2825 685 se
2874 639 3056 687 autem
3094 634 3239 704 loqui
3269 639 3487 694 beatum

1918 714 2330 783 evangelistam,
2357 732 2592 788 suasque
2631 720 2821 775 Iaudes
2854 725 3143 796 attingere,
3172 744 3335 798 grave
3356 746 3490 786 sane

1918 800 2145 870 fuisset,
2187 820 2251 860 ac
2306 812 2637 880 caeteroquin
2701 812 3037 883 imperitum.
3088 819 3309 891 Alioqui
3365 822 3489 892 jure

1918 892 2179 949 audiisset
2207 915 2219 949 :
2255 916 2272 948 ι
2297 897 2377 952 Tu
2425 900 2491 953 de
2521 902 2693 971 tcipso
2741 906 3077 973 testiﬁcaris,
3110 914 3484 968 testimonium

1916 993 2066 1039 tuum
2103 1003 2209 1042 non
2243 999 2325 1043 est
2354 996 2645 1048 verum”.
2686 998 2937 1054 «Idcirco
2972 1000 3039 1056 iis
3086 1005 3287 1073 quibus
3322 1016 3486 1063 notus

1914 1083 2051 1138 erat,
2070 1078 2306 1147 seipsum
2334 1084 2599 1152 permittit
2618 1092 3047 1159 agnoscendum,
3068 1105 3121 1149 et
3136 1095 3486 1169 homonymia

1915 1166 2105 1230 utitur,
2139 1184 2239 1225 nec
2300 1172 2399 1229 abs
2454 1192 2531 1242 re,
2581 1187 2633 1232 et
2667 1179 2893 1235 missum
2942 1199 3066 1241 esse
3112 1188 3186 1240 ait
3230 1190 3411 1258 ipsum
3454 1209 3483 1245 a

1915 1256 2045 1314 Deo.
2080 1258 2315 1317 Docebat
2355 1266 2499 1320 enim
2557 1271 2847 1326 ostendere
2898 1286 3150 1330 sanctum
3183 1256 3482 1349 Baiptistam

1912 1366 2018 1405 non
2060 1369 2155 1421 per
2196 1371 2274 1419 se,
2312 1372 2412 1412 nec
2466 1376 2563 1414 sua
2618 1372 2814 1431 sponte
2862 1367 2930 1421 ad
2987 1371 3362 1428 testimonium
3418 1377 3483 1429 de

1911 1446 2197 1505 Salvatore
2230 1463 2421 1507 nostro
2449 1455 2731 1512 ferendum
2766 1465 3087 1529 accessisse,
3113 1467 3205 1521 sed
3232 1470 3484 1538 supernis

1909 1541 2180 1596 mandatis
2212 1542 2641 1615 obtemperasse,
2674 1566 2735 1605 ac
2772 1555 2974 1609 divinis
3026 1552 3206 1615 Patris
3256 1560 3481 1616 nutibus

1908 1645 2114 1685 morem
2165 1640 2425 1702 gessisse.
2469 1638 2741 1704 Quocirca
2792 1643 3013 1715 inquit:
3058 1668 3076 1700 ι
3129 1649 3253 1704 Fuit
3316 1652 3481 1707 homo

1908 1719 2113 1776 missus
2156 1738 2185 1776 a
2222 1724 2352 1788 Deo,
2388 1728 2475 1781 cui
2516 1744 2715 1784 nomen
2764 1742 2882 1786 erat
2916 1731 3175 1790 Joannes.
3221 1755 3239 1788 ι
3278 1736 3481 1793 Obser-

218 1818 333 1874 τοῖς
356 1814 559 1867 ἄνωθεν
582 1814 1022 1884 διατεταγμένοις
1051 1814 1361 1879 ὑπείκοντα,
1386 1817 1480 1869 καὶ
1506 1819 1618 1879 τοῖς
1641 1816 1793 1879 θείοις

1910 1814 2143 1868 randum
2174 1826 2353 1872 autem
2383 1828 2487 1887 est,
2536 1838 2644 1891 quo
2680 1834 2837 1893 pacto
2871 1834 3041 1890 certa,
3077 1830 3271 1885 idonea
3303 1840 3356 1885 et
3394 1847 3480 1886 re-

218 1906 313 1958 τοῦ
343 1907 553 1977 Πατρὶς
584 1907 958 1977 ὑπηρετοῦντα
986 1907 1271 1978 θελήμασι.
1305 1908 1403 1961 Διά
1436 1908 1593 1961 τοῦτό
1616 1926 1798 1978 φησιν·

223 2019 239 2048 ι
305 1998 549 2066 Ἐγένετο
632 1998 914 2069 ἄνθρωπος
972 2000 1380 2070 ἀπεσταλμένος
1445 2000 1593 2070 παρά
1642 2000 1797 2063 Θεοῦ,

214 2092 387 2159 ὄνομα
454 2089 602 2159 αύτῷ
673 2090 942 2159 Ἰωάννης.
1006 2110 1024 2143 ι
1097 2092 1482 2161 Ἐπιτηρητὲον
1533 2092 1589 2143 δὲ
1654 2094 1801 2153 ὅπως

216 2182 437 2251 ἀσφαλῆ
484 2199 539 2233 τε
586 2183 679 2234 καὶ
737 2184 1014 2252 πρέποντα
1050 2182 1139 2236 τὸν
1178 2185 1306 2253 περὶ
1352 2184 1583 2236 ἑκάστου
1647 2184 1800 2252 λόγον

215 2275 533 2343 ἐποιήσατο,
575 2274 669 2326 καὶ
703 2276 766 2343 τῇ
799 2273 906 2326 τῶν
932 2275 1349 2345 σημαινομένων
1377 2275 1535 2344 φύσει
1564 2277 1799 2348 ἐπάλλη-

214 2369 327 2421 λον.
370 2370 491 2421 Ἐπὶ
528 2369 625 2438 μὲν
653 2369 757 2441 γάρ
792 2369 883 2423 τοῦ
915 2370 1048 2423 Θεοῦ
1079 2372 1273 2440 Λόγου,
1305 2374 1363 2426 τὸ
1392 2392 1409 2423 ι
1438 2369 1505 2445 ἦν
1528 2393 1545 2425 ι
1569 2376 1795 2429 ἀκολού-

216 2460 325 2521 θως
375 2460 688 2528 εἰσφέρεται
743 2460 991 2529 πανταχῆ
1046 2460 1146 2531 τὴν
1204 2460 1483 2531 άῖδιότητα
1533 2465 1797 2533 σημαῖνον

215 2551 403 2614 αὑτοῦ,
436 2552 530 2604 καὶ
558 2552 617 2602 τὸ
655 2550 830 2622 πάσης
862 2552 1038 2621 ἀρχῆς
1069 2551 1168 2622 τῆς
1198 2553 1255 2605 ἐν
1288 2552 1465 2623 χρόνῳ
1491 2554 1794 2623 πρεσϐύτε-

218 2656 331 2709 ρον,
384 2641 572 2691 καὶτὸ
630 2639 956 2708 πεποιῆσθαι
1015 2641 1254 2710 νομίζειν
1312 2642 1473 2695 αὑτὸν
1514 2643 1790 2713 ἁναιροῦν.

214 2734 255 2783 Τ
261 2735 288 2785 δ
320 2734 427 2802 γάρ
450 2733 507 2784 ὃν
539 2732 622 2785 ἀεὶ
660 2732 774 2794 πῶς
809 2731 873 2784 ἂν
912 2732 1081 2783 νοοῖτο
1115 2733 1207 2783 καὶ
1252 2748 1477 2802 γενητον
1507 2749 1519 2797 ;
1576 2733 1695 2785 Ἐπὶ
1739 2733 1793 2785 δὲ

211 2825 306 2877 τοῦ
340 2826 604 2894 μακαρίου
634 2823 960 2889 Βαπτιστοῦ,
1005 2824 1318 2894 πρεπόντως
1350 2825 1533 2894 φησίν·
1568 2844 1585 2877 ι
1641 2826 1791 2893 Ἐγέ-

211 2933 336 2967 νετο
363 2916 649 2986 ἄνθρωπος
699 2915 1107 2984 ἀπεσταλμένος
1147 2915 1298 2986 παρὰ
1348 2915 1508 2981 Θεοῦ,
1546 2935 1563 2968 ι
1601 2916 1675 2979 ὡς
1706 2917 1791 2969 ἐπ’

210 3009 503 3080 ἀνθρώπου
549 3008 780 3080 γενητὴν
828 3010 1039 3079 ἔχοντος
1081 3009 1176 3080 τὴν
1204 3009 1384 3079 φύσιν.
1428 3010 1585 3062 Δοκεῖ
1605 3009 1661 3061 δέ
1702 3027 1792 3080 μοι

212 3104 310 3153 καὶ
362 3102 483 3154 λίαν
525 3102 942 3171 ὴσφαλισμένως
990 3104 1046 3154 ὲν
1078 3102 1286 3164 τούτοις
1326 3104 1355 3154 ὁ
1402 3104 1791 3175 εύαγγελιστὴς

1906 1919 2027 1958 rum
2058 1914 2268 1964 natura":
2300 1915 2711 1969 accommodata
2743 1917 2992 1975 oratidne
3027 1928 3230 1977 utatur.
3263 1922 3477 1979 Etenim

1905 1996 2057 2061 illud,
2093 2018 2109 2049 ι
2152 2011 2291 2065 erat,
2336 2023 2351 2053 ›
2389 2003 2455 2057 de
2486 2003 2594 2060 Deo
2627 2005 2806 2063 Verbo
2840 2022 3206 2068 cunsentanee
3246 2015 3472 2081 dicitur,

1902 2093 2261 2148 aeternitatem
2299 2096 2441 2163 ejus,
2493 2106 2546 2152 et
2587 2100 2963 2169 antiquitatem
3017 2106 3168 2159 omni
3209 2107 3478 2179 princrpio

1903 2185 2162 2253 temporis
2207 2188 2446 2256 priorem
2476 2191 2678 2260 ubique
2712 2194 3053 2263 signiﬁcans,
3079 2208 3132 2254 et
3161 2200 3475 2270 opinionem

1901 2277 2047 2345 quod
2076 2288 2289 2335 creatus
2322 2282 2410 2345 sit,
2442 2297 2509 2336 ex
2550 2285 2730 2340 animo
2761 2302 2989 2357 prorsus
3021 2292 3282 2347 evellens.
3320 2294 3476 2360 Quod

1900 2369 2043 2423 enim
2070 2385 2286 2439 semper
2332 2383 2435 2437 est,
2476 2378 2752 2443 quomodo
2778 2388 3022 2435 creatum
3059 2384 3294 2440 erit?De
3317 2387 3477 2442 beato

1900 2474 2028 2514 vero
2074 2460 2318 2531 Baptista
2368 2469 2759 2525 convenienter
2795 2473 2890 2536 ait,
2930 2491 2947 2524 ι
2986 2472 3111 2529 Fuit
3141 2477 3305 2533 homo
3342 2480 3477 2537 mis-

1900 2564 1993 2603 sus
2053 2564 2082 2603 a
2137 2551 2269 2615 Deo,
2311 2573 2329 2607 ι
2378 2562 2569 2626 utpote
2622 2558 2690 2614 de
2753 2560 2974 2618 homine
3036 2578 3215 2621 creata
3278 2577 3473 2623 natura

1898 2641 2147 2709 przedito.
2183 2642 2313 2697 Mihi
2350 2655 2530 2703 autem
2579 2650 2796 2706 videtur
2826 2654 2913 2709 hic
2946 2660 3284 2727 evangelista
3319 2673 3476 2717 caute

1898 2732 2192 2788 admodum
2248 2737 2452 2805 dicere,
2502 2758 2611 2797 non
2670 2744 2993 2815 simpliciter
3042 2769 3059 2801 ι
3095 2749 3242 2815 Fuit,
3303 2772 3321 2804 ι
3378 2756 3473 2811 sed

1898 2825 2105 2889 addito,
2149 2816 2387 2895 r‘homo,
2424 2852 2443 2884 ι
2480 2838 2824 2892 temerariam
2854 2855 3086 2910 quorum
3118 2846 3218 2897 Lam
3255 2856 3475 2902 senten-

1896 2916 2029 2970 tiam
2090 2930 2352 2977 evertere.
2388 2923 2506 2978 Jam
2557 2928 2703 2981 enim
2757 2930 2812 2983 in
2865 2933 3049 3002 vulgus
3114 2937 3270 2991 multi
3318 2954 3475 3008 spar-

1896 3018 2105 3077 serant,
2142 3027 2273 3068 vere
2310 3014 2587 3072 hominem
2638 3033 2748 3072 non
2806 3036 2928 3077 esse
2992 3034 3246 3079 sanctum
3287 3026 3474 3098 Bapti-

1895 3116 2058 3173 stam,
2105 3105 2199 3161 sed
2260 3122 2428 3161 unum
2486 3124 2515 3164 e
2571 3112 2774 3167 sanctis
2832 3116 3039 3185 angelis
3091 3120 3216 3171 coeli
3249 3119 3471 3183 incolis,

209 3195 311 3263 οὐχ
339 3193 521 3256 ἁπλῶς
553 3194 635 3244 ὅτι
659 3211 676 3244 ι
698 3192 918 3261 γέγονεν
955 3213 972 3245 ι
1004 3196 1197 3257 εἰπεῖν,
1226 3196 1357 3247 ἀλλὰ
1392 3196 1478 3249 διὰ
1508 3197 1598 3249 τοῦ
1621 3215 1761 3267 προσ

1897 3196 2137 3252 humano
2182 3199 2398 3268 quidem
2462 3216 2691 3273 corpore
2738 3212 3001 3273 utentem,
3044 3217 3097 3264 et
3154 3211 3384 3267 missum
3440 3229 3472 3269 ι

210 3287 384 3338 Θεῖναι
417 3283 507 3337 καὶ
543 3304 558 3335 ι
588 3285 894 3354 ἄνθρωπος.
932 3303 950 3337 ›
990 3285 1355 3355 ἀϐουλοτάτην
1382 3288 1540 3340 τινῶν
1570 3289 1795 3358 ἀνατρέ-

208 3394 333 3428 πειν
361 3377 632 3430 ὑπόνοιαν.
672 3377 808 3447 Ἤδη
833 3376 939 3448 γάρ
960 3395 1042 3440 τις
1064 3378 1213 3449 παρά
1230 3379 1441 3443 πολλοῖς
1464 3381 1793 3455 περιηνέχθη

208 3469 388 3535 λόγος,
424 3470 522 3521 οὑκ
555 3469 836 3539 ἄνθρωπον
862 3468 1026 3532 ὄντως
1051 3471 1312 3540 ὑπάρχειν
1346 3471 1503 3539 φύσει
1528 3473 1616 3526 τὸν
1641 3471 1794 3541 ἅγιον

208 3559 523 3631 Βαπτιστὴν
554 3559 905 3630 διαθρυλλῶν,
965 3560 1078 3613 ἀλλ’
1118 3561 1214 3613 ἕνα
1264 3561 1373 3615 τῶν
1405 3562 1571 3616 ὄντων
1604 3565 1659 3616 ἐν
1681 3568 1793 3627 τοῖς

206 3650 455 3718 οὐρανοῖς
503 3651 676 3717 ἁγίων
742 3649 1023 3717 ἀγγέλων,
1075 3652 1402 3723 ἀνθρωπίνῳ
1449 3656 1791 3725 χρησάμενον

209 3739 445 3810 σώματι,
479 3743 572 3794 καὶ
603 3742 739 3811 πρὸς
775 3742 833 3792 τὸ
885 3743 1177 3812 κηρύττειν
1208 3745 1614 3816 ἀπεσταλμένον
1642 3747 1791 3816 παρὰ

206 3831 365 3886 Θεοῦ.
412 3832 729 3903 Ἐξεύρηται
767 3832 824 3885 δὲ
864 3833 1028 3887 πάλιν
1056 3836 1239 3901 αὐτοῖς
1276 3837 1375 3907 τῆς
1409 3838 1663 3902 ὑπονοίας
1693 3840 1791 3910 τῆς

206 3928 301 3978 ἐπὶ
331 3925 505 3993 τούτῳ
540 3925 832 3995 πρόφασις,
867 3925 926 3978 τὸ
956 3926 1207 3996 είρῆσθαι
1237 3929 1386 3999 παρὰ
1416 3928 1572 3982 Θεοῦ·
1605 3950 1622 3982 ι
1660 3931 1788 3984 Ἰὃοὺ

204 4013 319 4082 ἐγὼ
344 4014 661 4067 ἀποστέλλω
688 4014 776 4067 τόν
815 4013 1045 4083 ἄγγελόν
1085 4034 1185 4086 μου
1209 4020 1315 4089 πρὸ
1349 4018 1642 4090 προσώπου
1670 4039 1787 4087 σου,

202 4107 264 4171 ὃς
316 4107 718 4161 κατασκευάσει
770 4107 865 4177 τὴν
918 4108 1035 4161 ὁδόν
1110 4126 1203 4161 σου
1256 4110 1564 4181 ἔμπροσθέν
1616 4131 1726 4169 σου.
1763 4133 1782 4166 ›

217 4194 682 4264 Ἀποσφάλλονται
714 4195 770 4248 δὲ
809 4196 906 4266 τῆς
933 4196 1190 4266 ἀληθείας
1222 4200 1271 4252 οἱ
1294 4201 1420 4271 τῇδε
1453 4200 1784 4268 δοξάζοντες,

200 4288 263 4338 οὐ
300 4286 547 4348 νοοῦντες
568 4326 581 4351 ,
611 4287 692 4338 ὅτι
721 4286 781 4338 τὸ
809 4287 1062 4357 ἅγγελος
1087 4288 1256 4357 ὄνομα
1280 4290 1620 4362 λειτουργίας
1650 4295 1788 4364 μᾶλ-

201 4377 294 4430 λόν
327 4380 498 4442 ἐστιν,
534 4377 679 4447 ἥπερ
710 4377 898 4441 οὐσίας
930 4380 1279 4447 σημαντικὸν,
1309 4380 1497 4453 ὥσπερ
1522 4380 1615 4435 οὖν
1653 4384 1787 4454 ἀμέ-

201 4470 305 4535 λει,
333 4470 427 4522 καὶ
456 4470 513 4521 ἐν
558 4470 669 4530 τοῖς
726 4469 866 4522 κατὰ
924 4469 1017 4523 τὸν
1053 4471 1320 4543 μακάριον
1363 4474 1481 4525 ’1ὼὸ
1506 4475 1662 4537 ἄλλος
1695 4478 1783 4531 ἐπ’

200 4563 349 4632 ἄλλῳ
391 4562 674 4631 τρέχουσιν
700 4561 920 4630 ἄγγελοι
981 4561 1049 4615 τὰ
1073 4563 1386 4619 πολύπλοκα
1420 4568 1780 4637 κηρύττοντες
1812 4539 1856 4594 D

198 4654 373 4722 πάθη,
407 4656 503 4706 καὶ
540 4655 658 4715 ταῖς
716 4654 1034 4724 ἀνηκέστοις
1088 4656 1323 4720 ἐκείναις
1373 4658 1775 4731 διακονούμενοι

200 4748 532 4814 συμφοραῖς.
550 4743 750 4813 Ὀρίζει
781 4746 837 4797 δέ
858 4764 908 4798 τι
930 4745 1169 4801 τοιοῦτον
1187 4749 1278 4801 ἐπὶ
1304 4750 1412 4804 τῶν
1424 4752 1594 4819 ἁγίων
1609 4756 1777 4823 ἀγγέ-

196 4838 303 4888 λων
338 4836 432 4889 καὶ
465 4834 623 4897 αὐτὸς
656 4837 787 4904 ἡμῖν
821 4838 848 4888 ὁ
878 4838 1185 4905 σοφώτατος
1210 4841 1421 4905 Παῦλος
1450 4846 1777 4901 ἐπιστέλλων

196 4930 333 4981 ιῖυδὲ⁸
374 4947 391 4977 ‹
430 4928 563 4996 υύχὶ
598 4929 796 4989 πάντες
830 4928 934 4980 εἰσὶ
978 4930 1323 5002 λειτουργικὰ
1370 4937 1655 5007 πνεύματα
1699 4943 1777 5004 εἰς

193 5019 475 5072 διακονίαν
502 5018 1064 5088 άποστελλόμενα,διά
1098 5026 1223 5086 τοὺς
1254 5027 1543 5093 μέλλοντας
1578 5031 1777 5102 κληρο-

195 5112 387 5180 νομεῖν
436 5110 735 5179 σωτηρίαν;
803 5129 820 5160 ι
881 5113 1088 5166 Οὐκοῦν
1160 5115 1389 5183 ἄγγελος
1438 5121 1465 5170 ὁ
1512 5123 1777 5193 μακάριος

198 5200 514 5269 Βαπτιστὴς
555 5202 806 5270 Ἰωάννης
827 5202 915 5255 διὰ
940 5204 1037 5273 τῆς
1058 5206 1152 5257 τοῦ
1177 5208 1445 5262 Δεσπότου
1470 5216 1778 5283 κατωνόμα-

200 5313 322 5348 σται
356 5293 560 5363 φωνῆς,
588 5294 687 5347 οὑκ
713 5296 873 5358 αὐτὸς
908 5298 1049 5350 κατὰ
1085 5298 1243 5366 φύσιν
1287 5301 1514 5369 ἅγγελος
1542 5302 1635 5371 ὢν,
1660 5307 1777 5359 ἀλλ’

191 5389 270 5451 ὡς
298 5388 380 5449 είς
409 5388 470 5439 τι
502 5387 782 5454 ἀγγέλλειν
833 5390 1260 5461 ἀπεσταλμένος,
1312 5395 1426 5461 καὶ,
1471 5416 1487 5449 ι
1518 5398 1626 5469 Τὴν
1660 5400 1774 5454 ὁδον

196 5479 405 5547 Κυρὲου
462 5480 805 5547 ἑτοιμάσατε,
853 5500 871 5532 ι
914 5482 1063 5553 βοᾷν.
1095 5486 1394 5556 Χρησίμως
1434 5489 1490 5542 δὲ
1530 5491 1646 5544 λίαν
1686 5492 1777 5545 καὶ

192 5572 348 5641 παρὰ
383 5571 516 5623 Θεοῦ
571 5573 655 5626 τὸν
710 5573 941 5642 ἄγγελον
999 5579 1331 5633 ἀπεστάλθαι
1386 5582 1775 5658 διῖσχυρίσατο,

267 5755 333 5785 ’δ’
370 5751 528 5809 Joan.
552 5772 669 5821 vm,
704 5759 788 5813 I5.

191 5845 246 5899 5.
324 5845 371 5875 ³⁸
420 5844 599 5900 Galat.
638 5864 674 5910 ι,
715 5852 764 5903 l.

560 5940 827 6006 Ρλτιιοξ..
865 5949 978 6011 Gn.
1020 5952 1256 6014 LXXIII

866 5760 909 5792 "
929 5760 1157 5820 Malach.
1198 5786 1276 5836 ιιι,
1336 5774 1385 5827 I.

1485 5778 1549 5813 ’⁵⁸
1576 5777 1678 5835 Job
1725 5797 1764 5847 I,
1795 5779 1856 5835 Η
1883 5796 2005 5852 sqq.

1899 3286 2008 3343 Deo
2040 3290 2107 3345 ad
2137 3292 2569 3360 praedicandum.
2594 3295 2765 3366 Cujus
2800 3300 2876 3353 rei
2901 3315 3121 3356 causam
3152 3303 3293 3359 hanc
3322 3320 3473 3360 com-

1897 3380 2066 3435 menti
2121 3391 2249 3436 sunt
2305 3384 2452 3455 quod
2503 3402 2532 3440 a
2576 3387 2686 3444 Deo
2720 3390 2926 3446 dictum
2980 3395 3051 3448 sit
3094 3415 3107 3449 :
3148 3414 3165 3447 ι
3199 3396 3337 3453 Ecce
3370 3415 3473 3470 ego

1895 3474 2052 3527 mitto
2082 3475 2333 3545 angelum
2379 3493 2559 3533 meum
2603 3489 2729 3536 ante
2770 3481 2963 3539 faciem
3000 3494 3170 3551 tuam,
3197 3490 3289 3559 qui
3330 3506 3472 3560 prac-

1894 3566 2110 3633 parabit
2166 3568 2306 3622 viam
2366 3577 2514 3625 tuam
2569 3581 2695 3629 ante
2744 3583 2796 3630 te
2821 3578 2887 3631 ³⁵.
2933 3597 2952 3631 ι
2993 3577 3098 3635 Sed
3132 3583 3389 3640 aberrant
3439 3602 3471 3641 a

1895 3672 2022 3711 vero
2062 3658 2153 3727 qui
2190 3658 2244 3713 in
2276 3660 2376 3714 hac
2428 3670 2557 3717 sunt
2594 3668 2888 3732 sententia,
2921 3668 3054 3724 dum
3112 3688 3222 3727 non
3279 3675 3471 3731 adver-

1894 3757 2016 3802 tunt
2043 3765 2237 3806 nomen
2267 3753 2421 3818 illud,
2448 3757 2695 3825 angelus,
2729 3759 2887 3813 ollicii
2919 3776 3117 3818 nomen
3136 3780 3259 3820 esse
3286 3769 3469 3836 potius

1892 3856 2059 3909 quam
2113 3842 2456 3911 substantiae,
2509 3850 2970 3917 quemadmodum
3025 3869 3220 3927 nempe
3248 3859 3316 3912 ad
3366 3859 3469 3915 Job

1892 3933 2033 3989 alius
2077 3942 2201 4003 post
2232 3936 2399 3990 alium
2448 3939 2625 4008 angeli
2661 3950 2983 4006 accurrunt,
3030 3946 3361 4016 multiplices
3415 3953 3465 4004 ei

1890 4041 2167 4084 aerumnas
2228 4034 2641 4099 annuntiantes,
2695 4044 2750 4089 et
2810 4038 3192 4095 insanabilium
3249 4042 3465 4098 illarum

1890 4115 2260 4172 calamitatum
2291 4122 2597 4178 ministerio
2615 4126 2858 4197 deputati
2879 4130 2981 4184 "2‘
3000 4128 3132 4188 Tale
3148 4135 3278 4204 quid
3305 4138 3466 4193 nobis

1888 4203 1957 4260 de
2016 4209 2217 4263 sanctis
2273 4212 2482 4283 angelis
2549 4214 2669 4284 ipse
2733 4233 2955 4289 quoque
3022 4203 3465 4292 sapientissimus

1887 4296 2093 4354 Paulus
2138 4302 2332 4357 scribit
2382 4303 2437 4358 in
2469 4303 2617 4361 hunc
2663 4308 2884 4364 modum
2923 4333 2934 4367 :
2974 4330 2991 4363 ι
3029 4313 3223 4374 Nonne
3274 4333 3466 4377 omnes

1887 4397 2017 4443 sunt
2046 4390 2506 4450 administratorii
2533 4397 2781 4467 spiritus,
2804 4401 2858 4456 in
2888 4404 3252 4463 ministerium
3281 4411 3461 4475 missi,

1886 4482 1994 4550 62
2030 4492 2255 4553 prepter
2301 4501 2395 4543 eos
2450 4490 2543 4557 qui
2605 4490 2977 4551 [nereditatem
3033 4500 3257 4568 capiunt
3313 4504 3464 4557 salu-

1887 4577 1958 4631 tis
1989 4576 2071 4629 “1'
2108 4596 2126 4629 ι
2185 4577 2355 4649 Igitur
2394 4582 2587 4638 beatus
2644 4583 2889 4656 Baptista
2949 4590 3190 4649 Joannes
3244 4593 3459 4651 Domini

1889 4682 2025 4724 νοοθ
2079 4672 2306 4740 angelus
2364 4684 2713 4745 nuncupatus
2764 4687 2883 4745 est,
2929 4698 3052 4736 cum
3139 4702 3247 4741 non
3316 4697 3462 4744 esset

1887 4762 2114 4831 angelus
2148 4773 2365 4830 natura,
2393 4769 2488 4822 sed
2530 4770 2733 4826 missus
2768 4774 2832 4825 ad
2864 4776 3229 4831 nuntiandum
3258 4787 3312 4834 et
3344 4782 3463 4835 cla-

1886 4853 2147 4907 mandum
2187 4874 2199 4909 :
2237 4875 2255 4906 σ
2298 4854 2497 4913 Parate
2541 4860 2684 4915 viam
2740 4860 2957 4918 Domini
3009 4867 3075 4920 ³⁷.
3120 4886 3141 4920 ›
3193 4868 3460 4927 ϐαδιοτυω

1887 4945 2091 4999 utiliter
2146 4947 2439 5003 admodum
2496 4965 2525 5003 a
2565 4948 2675 5007 Deo
2727 4954 2956 5009 missum
3020 4973 3145 5013 esse
3206 4963 3459 5017 nuntium

1888 5036 2255 5105 conﬁrmavit,
2316 5041 2611 5096 ostendens
2642 5043 3019 5101 ﬁrmissimum
3069 5049 3190 5117 ejus
3231 5066 3354 5108 esse
3382 5062 3464 5107 te.

1885 5128 2224 5182 stimonium.
2262 5127 2372 5184 Nec
2394 5130 2540 5185 enim
2576 5132 2621 5186 is
2641 5135 2734 5203 qui
2765 5135 2832 5190 ad
2857 5138 3267 5206 prazdicandum
3291 5157 3321 5196 a
3350 5141 3462 5197 Deo

1885 5222 2086 5276 missus
2124 5230 2266 5287 erat,
2292 5224 2437 5278 aliud
2470 5226 2729 5294 quiddam
2773 5231 3084 5299 protulerit,
3120 5250 3285 5305 quam
3315 5238 3461 5307 quod

1882 5329 1911 5367 a
1944 5314 2194 5370 mittente
2243 5316 2441 5386 jussus
2465 5328 2599 5373 erat.
2626 5318 2816 5391 Itaque
2843 5338 3009 5379 verax
3038 5333 3122 5380 est
3155 5327 3332 5394 testis,
3368 5331 3462 5399 qui

1882 5407 2013 5463 sita
2048 5407 2158 5463 Deo
2204 5410 2455 5467 edoctus.
2500 5411 2615 5467 Iloc
2666 5415 2810 5468 enim
2860 5416 3170 5486 signiﬁcare
3222 5420 3462 5476 arbitror

1886 5500 2043 5565 illud,
2091 5520 2107 5552 ι
2149 5503 2349 5561 missus
2398 5519 2426 5557 a
2479 5503 2607 5560 Deo.
2657 5526 2674 5557 ι
2715 5505 2850 5560 Nam
2892 5516 2945 5563 et
2984 5510 3189 5566 Paulus
3239 5512 3461 5583 sapien-

1886 5590 2155 5660 tissimus,
2178 5594 2306 5649 dum
2334 5598 2407 5649 ait
2436 5597 2480 5628 ⁸⁸
2501 5613 2558 5653 se
2578 5598 2805 5654 missum
2828 5615 2923 5669 per
2940 5597 3127 5656 Jesum
3150 5599 3454 5671 Christum,

2111 5784 2153 5813 ³⁵
2178 5783 2345 5840 Hebr.
2383 5798 2434 5848 ι,
2498 5783 2582 5838 14.
2688 5786 2727 5815 ³⁷
2775 5784 2877 5840 Isa.
2914 5802 2979 5841 xl.
3003 5824 3017 5851 ,
3049 5787 3118 5853 '5;
3148 5786 3338 5840 Matth.
3372 5796 3456 5850 nl,

3076 5989 3107 6033 4
