4214 6502
711 422 810 477 ίθἹ

1706 408 1761 463 5.
1790 406 2065 462 εγιιιιιλ
2097 406 2564 463 ALEXANDRINI
2590 406 2906 463 ARCHIEP.

3862 410 3965 465 lGB

717 531 961 607 mysterii
1011 529 1119 585 vim
1158 542 1266 583 non
1309 527 1377 581 ab
1404 527 1513 579 alio
1567 526 1828 581 didicisse
1864 524 2289 587 conﬁrmat,scd
2322 536 2365 585 Α

2322 536 2365 585 Α
2396 524 2749 593 βεϐαιοτάτην
2813 520 2979 576 αὑτοῦ
3038 522 3138 591 τὴν
3202 522 3506 593 μαρτυρίαν
3574 521 3960 577 ἀποδεικνύων.

710 624 778 657 ⁸⁸·
811 638 909 694 per
947 620 1329 677 revelationent
1379 617 1498 686 ejus
1530 630 1559 669 a
1603 631 1711 686 quo
1766 617 1969 671 missus
2006 624 2112 681 est,
2150 617 2287 672 mis-

710 716 854 770 sioni
886 712 1272 769 revelationem
1322 710 1683 778 coniungens,
1710 718 1763 762 et
1791 708 1929 761 iluitl‘
1966 708 2055 761 illa
2094 707 2284 760 subin-

710 806 919 860 dicans.
948 802 1118 873 Igitur
1148 800 1293 869 quod
1329 799 1530 851 missus
1566 806 1651 852 est
1703 810 1733 849 a
1791 796 1923 859 Deo,
1966 796 2214 864 sequ’tur
2255 810 2284 847 a

716 895 824 950 Deo
873 892 1130 946 edoctum
1171 904 1315 945 esse.
1360 889 1629 942 Creterum
1684 887 1932 941 veritatis
1978 890 2217 940 cultores
2256 900 2285 937 a

716 982 999 1038 mendacio
1037 982 1196 1050 longe
1226 980 1436 1033 alienos
1474 994 1594 1033 esse
1635 991 1798 1030 nemo
1826 976 2060 1029 dubitat.
2100 994 2118 1026 ι
2159 973 2289 1027 Erat

715 1084 895 1131 autem
939 1088 1135 1129 nomen
1190 1071 1420 1135 homini,
1468 1088 1487 1121 ι
1528 1070 1724 1138 inquit,
1766 1086 1784 1119 ι
1829 1066 2090 1121 Joannes.
2136 1084 2155 1117 ι
2200 1065 2287 1118 In-

715 1176 996 1223 notcscere
1027 1165 1261 1220 debebat
1289 1165 1337 1218 is
1368 1164 1459 1232 qui
1489 1162 1692 1216 missus
1720 1169 1863 1225 erat,
1893 1159 2289 1228 signiﬁcatione

712 1270 930 1326 quoque
973 1254 1237 1317 nominis,
1285 1251 1441 1305 ﬁdem
1483 1257 1537 1303 et
1579 1251 1961 1303 auctoritatem
1998 1248 2285 1301 maximam

714 1346 876 1401 dictis
907 1344 1209 1400 aﬂ'et'entis.
1230 1342 1468 1411 Angelus
1497 1340 1641 1394 enim
1677 1338 1923 1402 Gabriel,
1952 1340 1998 1393 is
2030 1339 2285 1392 nimirum

714 1436 806 1507 qui
840 1444 981 1493 astat
1012 1443 1137 1489 ante
1176 1433 1366 1491 Deum,
1407 1440 1463 1485 ιιι
1493 1433 1609 1501 ipse
1658 1431 1733 1484 ait
1768 1432 1834 1494 ”,
1865 1446 1990 1484 cum
2015 1429 2288 1484 Zacharia:

716 1530 885 1583 ﬁlium
960 1544 1025 1582 ex
1092 1525 1371 1580 Elisabeth
1438 1522 1845 1592 suscipiendum
1913 1523 2285 1587 annuntiaret,

715 1620 919 1674 addidit
954 1638 967 1674 :
1007 1638 1024 1669 ι
1073 1617 1137 1671 Et
1166 1616 1410 1671 Joannes
1445 1623 1545 1669 erit
1583 1628 1779 1667 nomen
1825 1614 1945 1681 ejus
1973 1616 2094 1665 ”·.›
2143 1611 2289 1666 Con-

714 1719 821 1769 stat
861 1720 1043 1765 autem
1081 1709 1221 1781 apud
1259 1722 1471 1772 omnes,
1507 1706 1581 1759 ita
1641 1714 2009 1774 nuncupatum
2056 1719 2178 1760 esse
2220 1703 2289 1758 ab

714 1804 931 1873 angelo,
974 1802 1155 1856 divina
1214 1802 1498 1854 voluntate
1534 1812 1595 1852 ac
1648 1797 1833 1864 jussu.
1882 1795 1950 1848 At
2006 1795 2104 1865 qui
2138 1804 2289 1850 tanto

2391 618 2525 670 osa:
2547 617 2653 686 γὰρ
2670 614 2735 668 ἀν
2757 617 2786 667 6
2807 614 2960 685 παρά
2991 613 3126 666 Θεοῦ
3146 614 3279 683 πρὸς
3302 613 3361 665 τὸ
3392 612 3679 683 κηρύττειν
3697 615 3967 667 ἀπεσταλ-

2393 709 2573 777 μένος,
2603 709 2791 775 ἕτερον
2820 724 2871 759 τι
2897 705 3313 776 παρεφθέγξατο
3337 705 3620 767 διδάσκων,
3648 706 3677 758 ὂ
3710 706 3784 777 μὴ
3826 708 3965 761 πάν-

2390 817 2496 859 τως
2522 796 2588 867 ἦν
2612 798 2750 849 κατά
2776 796 3026 865 βούλησιν
3066 796 3158 849 τοῦ
3205 798 3307 866 τὴν
3350 797 3649 865 ἀποστολὴν
3686 797 3964 862 ἐπιθέντος

2389 887 2557 956 αύτῷ.
2615 886 2825 939 Οὐκοῦν
2884 885 3091 956 ἀληθὴς
3130 889 3160 939 6
3213 886 3422 956 μάρτυς
3470 886 3803 950 θεοδίδακτος
3847 886 3962 939 ὤν’

2389 980 2544 1031 τοῦτο
2569 978 2678 1047 γάρ
2699 974 2851 1047 οἶμαι
2893 978 3179 1046 σημαίνειν
3208 977 3268 1029 τὸ
3302 995 3322 1028 ι
3357 978 3768 1045 ἀπεσταλμένος
3812 976 3967 1048 παρά

2389 1068 2523 1121 Θεοῦ
2548 1086 2562 1100 ο
2600 1087 2619 1119 ι
2654 1070 2777 1121 ἐπεὶ
2806 1068 2899 1121 καὶ
2920 1068 3129 1131 Παῦλος
3159 1069 3289 1137 ἡμῖν
3309 1069 3337 1121 6
3363 1068 3674 1137 σοφώτατος
3697 1068 3967 1122 ἀπεστάλ-

2390 1158 2481 1213 θαι
2509 1159 2681 1225 λέγων
2705 1159 2794 1213 διὰ
2830 1158 3004 1230 Ἰησοῦ
3063 1157 3324 1229 Χριστοῦ,
3378 1158 3473 1210 τοῦ
3527 1160 3827 1229 μυστηρίου
3865 1159 3965 1230 τὴν

2389 1252 2615 1320 δύναμιν
2635 1252 2696 1304 οὐ
2723 1252 2853 1320 παρ’
2869 1252 3057 1321 ἑτέρου
3092 1251 3236 1313 τινος
3269 1250 3548 1319 ἐκμαθεῖν,
3579 1250 3715 1304 ἀλλά
3743 1251 3811 1303 δι’
3832 1252 3967 1303 ἀπο⁹

2389 1343 2671 1411 καλύψεως
2681 1342 2775 1395 τοῦ
2798 1342 3140 1411 πεπομφότος
3156 1341 3592 1401 διεδεδαιώσατο,
3608 1342 3965 1411 συνημμένως

2388 1433 2542 1501 ἡμῖν,
2569 1430 2754 1501 ὥσπερ
2782 1432 2876 1483 καὶ
2902 1432 3258 1496 ἀδιαστάτως,
3292 1433 3348 1483 ὲν
3376 1430 3453 1499 τῷ
3515 1430 3845 1483 ἀπεστάλθαι
3874 1430 3964 1481 λέ-

2389 1542 2527 1593 γειν,
2562 1525 2659 1593 τὴν
2720 1522 3061 1589 ἀποκάλυψιν
3112 1522 3487 1589 ύπεμςραίνων.
3540 1519 3749 1571 υύκοῦν
3783 1522 3840 1572 ὲν
3887 1517 3965 1587 τῷ

2390 1614 2724 1669 ἀπεστάλθαι
2756 1615 2909 1683 παρά
2937 1612 3096 1678 Θεοῦ,
3114 1612 3177 1664 τὸ
3208 1611 3548 1664 θεοδίδακτον
3582 1607 3720 1663 εἶναι
3748 1613 3965 1671 πάντως

2389 1707 2689 1760 ἀκολουθεῖ.
2711 1706 2784 1758 T6
2815 1706 2872 1759 δὲ
2904 1706 3152 1774 ἀψευδεῖν
3190 1706 3272 1757 ὅτι
3310 1704 3429 1756 λίαν
3462 1704 3819 1756 ὲσπούδασται
3854 1704 3965 1764 τοῖς

2389 1800 2488 1869 τῆς
2534 1798 2787 1868 ἀληθείας
2832 1797 3183 1867 λειτουργοῖς,
3215 1797 3316 1848 οὐκ
3366 1795 3688 1864 ἀμφίλογον.
3723 1814 3740 1846 ι
3770 1791 3876 1848 Ἶιν
3908 1795 3964 1848 δὲ

717 1896 926 1949 honore
968 1904 1051 1948 est
1114 1901 1350 1947 ornatus
1394 1906 1421 1943 a
1475 1890 1606 1953 Deo,
1659 1888 1935 1959 quomodo
1986 1905 2094 1945 non
2141 1890 2288 1943 omni
2321 1873 2362 1927 Β

2321 1873 2487 1945 Βκαὶ
2541 1892 2710 1960 ὄνομα
2758 1888 2838 1958 τῷ
2896 1888 3187 1957 ἀνθρώπῳ,
3232 1905 3250 1938 ι
3312 1887 3498 1956 φησὶν,
3557 1904 3576 1937 ι
3628 1886 3899 1955 Ἰωάννης.
3943 1905 3960 1937 ι

718 1986 879 2041 laude
913 1993 966 2039 ct
998 1984 1474 2040 commendatione
1522 1981 1701 2050 major
1729 1980 1848 2034 est?
1880 1981 2149 2044 Quocirca
2182 1981 2290 2033 uti-

716 2079 840 2133 liter
892 2092 956 2132 ac
1005 2073 1319 2130 necessario
1361 2072 1565 2126 mentio
1596 2072 1835 2126 nominis
1865 2070 2004 2125 facta
2037 2080 2139 2126 est.
2170 2071 2288 2126 Jam

718 2182 845 2223 vero
887 2180 1012 2220 cum
1064 2163 1335 2218 addiderit
1387 2160 1747 2231 evangelista,
1788 2161 2020 2214 missum
2062 2176 2185 2216 esse
2235 2161 2289 2215 in

715 2256 1091 2316 testimonium
1120 2269 1149 2308 a
1180 2253 1291 2309 Deo
1331 2262 1584 2309 sanctum
1627 2252 1949 2321 Baptistam,
1982 2270 2001 2303 ι
2022 2260 2079 2306 ιιι
2103 2267 2291 2307 omnes

716 2350 1004 2406 crederent
1037 2362 1134 2417 per
1178 2346 1354 2417 ipsum
1383 2344 1449 2407 ³⁰,
1496 2362 1513 2395 ι
1555 2343 1688 2397 illud
1743 2358 1965 2397 rursum
2022 2342 2290 2406 dicemus,

718 2444 764 2496 si
824 2456 925 2497 nos
982 2438 1285 2494 adversarii
1348 2438 1434 2491 bis
1495 2437 1680 2491 verbis
1749 2442 1981 2506 urgeant
2028 2452 2042 2489 :
2091 2434 2292 2500 Quidni

718 2544 909 2585 omnes
956 2529 1007 2584 ei
1059 2528 1155 2598 qui
1202 2526 1467 2581 divinitus
1497 2525 1699 2579 missus
1744 2533 1862 2579 erat
1910 2524 2294 2579 crediderunt?

718 2630 813 2677 aut
846 2620 1120 2692 quomodo
1174 2624 1432 2688 gravatus
1478 2624 1561 2671 est
1601 2616 1894 2669 nonnullos
1946 2614 2014 2668 ad
2065 2613 2295 2669 creden-

717 2719 847 2773 dum
882 2716 1172 2777 adducere,
1214 2712 1306 2782 qui
1348 2710 1414 2764 ad
1470 2711 1521 2765 id
1576 2725 1815 2780 superno
1864 2710 2083 2764 decreto
2119 2708 2295 2763 fuerat

720 2809 1074 2880 assumptus?
1129 2806 1248 2861 Non
1309 2819 1525 2875 equum
1585 2813 1689 2866 est,
1737 2819 1771 2858 o
1822 2805 2136 2873 quicunque
2196 2815 2293 2856 vos

720 2907 879 2970 estis,
908 2904 1075 2959 ullam
1112 2901 1165 2954 in
1202 2898 1305 2953 hoc
1370 2895 1567 2951 Joanni
1618 2896 1830 2965 culpam
1864 2894 2163 2958 ascribere,
2197 2892 2293 2948 sed

721 2995 1131 3054 incredulorum
1164 3004 1451 3061 perversos
1484 3004 1544 3041 ac
1578 2988 1893 3059 prml‘ractos
1932 3002 2111 3042 mores
2139 2984 2296 3040 decet

722 3093 997 3147 incusare.
1032 3084 1244 3140 Etenim
1273 3082 1418 3153 quod
1458 3080 1526 3135 ad
1556 3080 1823 3151 praeconis
1856 3093 2084 3149 scopum
2116 3086 2169 3132 et
2200 3094 2294 3133 su-

2394 1982 2541 2034 ·Ἐδει
2590 1980 2952 2049 γνωρίζεσθαι
2988 1980 3080 2033 τὸν
3132 1979 3560 2048 ἀπεσταλμένον,
3616 1979 3707 2030 καὶ
3750 1981 3817 2048 τῇ
3869 1976 3965 2030 τοῦ

2388 2075 2649 2145 ὀνόματος
2677 2074 2941 2144 σημασία,
2978 2073 3201 2142 πολλὴν,
3242 2072 3314 2133 ὡς
3345 2067 3522 2142 οἶμαι,
3570 2071 3648 2141 τῷ
3697 2072 3839 2141 λόγῳ
3867 2073 3967 2142 τὴν

2389 2166 2730 2233 ἀξιοπιστίαν
2769 2166 3145 2236 είσφέροντος·
3183 2164 3413 2231 ἄγγελος
3451 2164 3580 2233 γὰρ,
3627 2163 3861 2233 Γαϐριὴλ
3909 2164 3965 2217 δὲ

2391 2256 2547 2324 οὗτος
2584 2262 2612 2313 6
2637 2256 2999 2328 παρεστηκὼς
3030 2258 3260 2309 ἐνώπιον
3307 2253 3400 2307 τοῦ
3428 2254 3585 2317 Θεοῦ,
3625 2253 3769 2307 καθά
3802 2272 3967 2324 φησιν

2390 2353 2571 2415 αὐτὸς,
2622 2352 2710 2404 ὅτε
2753 2350 2831 2419 τῷ
2877 2349 3122 2419 Ζαχαρία
3168 2350 3265 2419 τὴν
3304 2347 3557 2418 γέννησιν
3582 2347 3749 2401 αὐτοῦ
3779 2348 3875 2418 τὴν
3906 2350 3967 2399 ἐκ

2390 2445 2488 2515 τῆς
2529 2442 2808 2497 Ἐλισάϐετ
2869 2440 3270 2512 εὐηγγελίζετο,
3338 2440 3473 2508 πρὸς
3537 2434 3617 2501 οἷς
3656 2439 3968 2509 εὑρίσκεται

2391 2538 2585 2605 λέγων,
2618 2536 2713 2589 καὶ
2758 2533 2915 2588 τοῦτο
2981 2532 3387 2604 προστέθεικεν,
3412 2533 3492 2583 ὅτι
3531 2532 3676 2584 «Καὶ
3715 2532 3967 2600 Ἰωάννης

2393 2631 2546 2682 ἔσται
2580 2628 2641 2681 τδ
2684 2627 2855 2695 ὄνομα
2896 2624 3082 2678 αὐτοῦ.
3112 2643 3130 2675 ι
3166 2624 3333 2694 Δῆλον
3366 2624 3421 2676 δὲ
3454 2624 3646 2692 δήπου,
3676 2626 3769 2677 καὶ
3802 2628 3969 2677 πᾶσιν

2392 2716 2845 2788 ὁμολογούμενον,
2875 2715 2949 2778 ὡς
2982 2716 3089 2785 ἀρα
3124 2714 3267 2767 κατά
3294 2714 3389 2782 τὴν
3418 2714 3566 2766 θείαν
3612 2714 3863 2784 βούλησίν
3909 2732 3969 2766 τε

2393 2812 2487 2865 καὶ
2513 2810 2828 2880 πρόσταξιν,
2861 2808 3007 2862 οῦτω
3042 2806 3190 2878 παρά
3236 2806 3330 2858 τοῦ
3370 2806 3601 2875 ἀγγέλου
3657 2808 3970 2876 κατωνομά-

2396 2904 2538 2967 ζετο.
2563 2900 2694 2955 Εἶτα
2720 2903 2839 2964 πῶς
2859 2901 2960 2954 οῦκ
2979 2900 3045 2954 ἀν
3070 2899 3287 2969 νοηθείη
3308 2900 3490 2952 λοιπὸν
3520 2899 3718 2962 παντὸς
3747 2901 3969 2952 ἐπαίνου

2396 2993 2660 3066 κρείττων
2723 2995 2841 3063 ἅμα
2890 2992 2983 3045 καὶ
3038 2990 3455 3060 ἀξιολογώτερος
3486 2992 3513 3043 6
3546 2990 3779 3063 τοσαύτῃ
3821 2992 3970 3061 παρά

2395 3079 2529 3134 Θεοῦ
2558 3079 3000 3149 κατεστεμμένος
3033 3082 3197 3149 τιμῇς
3226 3078 3306 3130 διὸ
3331 3078 3393 3148 δὴ
3425 3079 3516 3131 καὶ
3544 3078 3681 3147 ητοῦ
3709 3080 3972 3151 ὀνόματος

725 3196 904 3254 perna:
928 3176 1211 3233 missionis
1242 3174 1511 3229 rationem
1567 3172 1674 3244 63
1717 3173 1929 3237 attinet,
1959 3171 2165 3226 nemini
2197 3170 2294 3225 do-
2323 3222 2366 3280 C

2323 3222 2366 3280 C
2401 3174 2587 3242 μνήμη
2619 3171 2902 3241 χρησίμως
2920 3171 3111 3235 tanta).
3130 3170 3441 3237 ἀναγκαίως
3466 3171 3969 3241 παραλαμϐάνεται.

724 3275 895 3330 ctrina
929 3270 1120 3333 defuit,
1145 3269 1229 3323 vel
1270 3268 1435 3333 ﬁdes;
1472 3265 1566 3320 sed
1597 3280 1722 3318 cum
1746 3264 1894 3317 varia
1938 3264 2049 3319 sint
2074 3263 2292 3317 audito-

726 3381 842 3421 rutn
901 3362 1142 3433 ingenia,
1189 3367 1245 3415 et
1283 3358 1663 3427 unusquisque
1713 3362 2041 3425 potestatem
2092 3355 2292 3409 habeat

725 3474 834 3513 sure
866 3454 1185 3520 voluntatis,
1208 3467 1237 3505 a
1277 3461 1423 3505 recta
1450 3450 1657 3503 ratione
1687 3449 1909 3517 quidam
1938 3448 2289 3511 aberrarunt,

728 3549 830 3603 lide
866 3546 1174 3618 repudiata.
1224 3542 1436 3597 Idcirco
1483 3539 1861 3609 propheticum
1911 3538 2044 3591 illud
2098 3539 2167 3594 de
2217 3539 2289 3593 iis

728 3638 1103 3709 usurpandum
1145 3643 1229 3691 est
1272 3652 1285 3687 :
1333 3652 1350 3684 ι
1383 3633 1485 3698 Qui
1534 3632 1691 3687 audit
1736 3629 1941 3693 audiat,
1982 3636 2035 3683 et
2065 3630 2160 3698 qui
2203 3637 2289 3685 est

728 3730 1045 3786 inobediens
1075 3741 1182 3782 non
1209 3723 1422 3780 obediat
1446 3722 1509 3775 ³³.
1561 3740 1579 3772 ι

2413 3261 2629 3331 Ἐπειδὴ
2662 3261 2718 3314 δὲ
2748 3260 3138 3329 προστέθεικεν
3178 3261 3206 3312 6
3240 3259 3624 3331 εύαγγελιστὴς
3656 3264 3733 3324 εἰς
3775 3279 3974 3332 μαρτυ-

2400 3353 2523 3424 ρίαν
2564 3351 2898 3406 ἀπεστάλθαι
2936 3352 3083 3423 παρά
3110 3350 3244 3404 Θεοῦ
3292 3351 3383 3403 τὸν
3429 3351 3583 3419 ἀγιον
3636 3352 3971 3423 Βαπτιστὴν,

2405 3462 2423 3495 ι
2463 3445 2551 3498 ἵνα
2580 3446 2777 3507 πάντες
2809 3443 3144 3496 πιστεύεωσι
3207 3443 3271 3495 δι’
3313 3444 3500 3505 αὐτοῦ,
3539 3462 3558 3493 ι
3613 3444 3773 3496 πάλιν
3800 3447 3976 3497 ἐκεῖνο

2396 3535 2650 3607 ἐροῦμεν,
2674 3537 2801 3589 ὅταν
2826 3536 2957 3605 ἡμῖν
2982 3536 3030 3586 οἱ
3047 3534 3114 3587 δι’
3131 3535 3380 3597 ἐναντίας
3396 3536 3756 3588 ἀντιπίπτωσι
3789 3536 3978 3605 λέγονο

2394 3643 2506 3690 τες,
2541 3626 2693 3679 Διατί
2718 3627 2790 3697 μὴ
2826 3627 3025 3688 πάντες
3048 3624 3125 3694 τῷ
3158 3625 3339 3678 θεόθεν
3388 3626 3779 3697 ἀπεσταλμένῳ
3816 3644 3979 3681 πεπι·

2394 3719 2686 3785 στεύκασι;
2726 3719 2840 3782 πῶς
2895 3719 2951 3771 δὲ
3009 3719 3268 3788 ἠτόνησεν
3312 3718 3390 3780 είς
3447 3718 3507 3770 τὸ
3552 3718 3731 3770 πεῖσαί
3764 3734 3916 3779 τινας
3950 3736 3980 3787 δ

728 3825 861 3896 πρὸς
889 3822 1045 3875 τοῦτο
1076 3819 1161 3873 διά
1186 3818 1285 3888 τῆς
1306 3816 1508 3870 ἀνωθεν
1540 3814 1719 3884 ψήφου
1740 3788 2288 3882 προκεχειρισμένος
2326 3814 2399 3866 0'3
2467 3816 2564 3883 τῆς
2603 3813 2849 3867 Ἰωάννου
2906 3812 3198 3883 ῥᾳθυμίας,
3264 3805 3307 3864 ὦ
3350 3802 3515 3874 οὗτοι,
3578 3812 3781 3865 δίκαιον
3837 3814 3979 3882 ἡμᾶς

728 3931 785 3981 ὲν
816 3915 1023 3975 τούτοις
1075 3911 1415 3981 κατηγορεῖν,
1478 3905 1612 3959 ἀλλά
1641 3906 1738 3975 τῆς
1776 3904 1883 3957 τῶν
1926 3902 2294 3957 ἀπειθούντων
2332 3906 2659 3975 δυσιροπίας
2715 3905 3007 3976 καταὸοᾷν.
3068 3908 3231 3958 Ὅσον
3283 3906 3379 3974 μὲν
3435 3905 3538 3974 γὰρ
3580 3906 3659 3965 εἰς

3730 3905 3815 3959 τὸν
3888 3903 3978 3958 τοῦ

732 4006 1193 4079 προκηρύττοντος
1232 3999 1447 4061 σκοπὸν,
1487 3998 1579 4049 καὶ
1622 3996 1712 4048 τὸν
1751 3996 1849 4064 τῆς
1913 3994 2215 4063 ἀποστολῆς
2264 3995 2364 4064 τῆς
2403 3995 2609 4049 ἀνωθεν
2658 3998 2880 4066 τρόπον,
2929 3998 3102 4058 οὐδεὶς
3148 3996 3213 4049 ἀν
3254 3996 3461 4066 ηὑρέθη
3501 3995 3600 4063 τῆς
3634 3996 3981 4061 διδασκαλίας

732 4097 1013 4169 ἀμέτοχος,
1064 4093 1169 4145 οὐδ’
1202 4092 1264 4145 ἀν
1303 4090 1574 4159 ἐνέμεινεν
1618 4086 1869 4155 ἀπειθὴς.
1926 4085 2143 4155 Ἐπειδὴ
2180 4084 2235 4136 δὲ
2274 4084 2539 4155 διάτορος
2566 4088 2626 4137 ἐν
2660 4088 2774 4149 τοῖς
2814 4087 3183 4157 ἀκροωμένοις
3214 4088 3247 4156 ἡ
3280 4086 3494 4157 γνώμη,
3532 4088 3625 4141 καλ
3652 4088 3746 4157 τῆς
3776 4088 3983 4153 οἰκείας

732 4189 1100 4263 προαιρέσεως
1131 4186 1354 4248 ἕκαστος
1380 4182 1491 4252 ἔχει
1520 4179 1617 4251 τὴν
1655 4179 1921 4244 ἐξουσίαν,
1959 4178 2352 4246 ἀπεσφωησάν
2386 4196 2528 4242 τινες
2546 4177 2639 4231 τοῦ
2674 4179 3067 4249 συμφέροντος,
3091 4179 3151 4231 οὐ
3175 4178 3607 4251 παραδεξάμενοι
3648 4179 3744 4250 τὴν
3775 4181 3981 4237 πίστιν.

734 4286 823 4341 Διὸ
846 4285 1023 4346 αὐτοῖς
1050 4278 1238 4351 ῥητέον
1262 4276 1499 4347 δηλονότι
1528 4273 1668 4326 κατά
1690 4273 1749 4325 τὸ
1775 4273 1831 4325 ὲν
1850 4271 1927 4342 τῷ
1948 4275 2199 4343 προφήτῃ
2226 4271 2528 4343 κείμενον·ι
2552 4272 2610 4325 'U
2647 4273 2859 4327 ἀκούων
2881 4274 3147 4338 ἀκουέτω,
3177 4276 3315 4327 καὶὸ
3337 4274 3575 4327 ἀπειθῶν
3606 4275 3918 4331 ἀπειθείτω.
3958 4297 3977 4327 ι

804 4381 849 4441 1,
882 4377 936 4429 7.
975 4374 1075 4428 llic
1131 4372 1265 4425 venit
1319 4370 1375 4422 in
1408 4366 1783 4429 testimonium,
1830 4373 1887 4417 ut
1940 4365 2295 4418 testimonium
2330 4371 2379 4427 ο

2330 4371 2379 4427 D
2480 4360 2670 4429 Οὗτος
2700 4362 2887 4434 ἦλθεν
2933 4370 3021 4434 εις
3065 4371 3431 4437 μαρτυρίαν,
3492 4369 3591 4421 ἵνα
3622 4369 3982 4437 μαρτιιρήσῃ

737 4466 1020 4537 perhiberet
1056 4462 1118 4515 de
1143 4460 1360 4514 lumine.

809 4555 1121 4627 Etnphasiut
1156 4552 1319 4606 habet
1347 4549 1500 4610 illud,
1531 4565 1548 4597 ι
1582 4544 1700 4607 Hic,
1729 4563 1747 4596 ι
1770 4551 1832 4599 et
1862 4546 2111 4599 virtutem
2145 4552 2309 4614 atque

742 4661 983 4718 personae
1016 4643 1321 4699 claritatem
1351 4638 1646 4709 signiﬁcat.
1675 4632 1723 4688 Is
1751 4634 1919 4698 enim,
1957 4652 1974 4686 ι
2008 4636 2099 4704 qui
2131 4651 2161 4689 a
2201 4635 2310 4690 Deo

741 4740 942 4793 missus
976 4746 1079 4797 est,
1130 4752 1147 4783 ι
1188 4730 1386 4800 inquit,
1436 4728 1529 4797 qui
1567 4724 1876 4779 universam
1909 4722 2155 4779 Judazatn
2188 4741 2311 4779 cum

743 4826 1035 4883 sanctitate
1062 4823 1184 4875 vita:
1227 4829 1340 4873 tum
1390 4816 1613 4887 pietatis
1663 4814 1973 4867 incredibili
2022 4815 2315 4884 splendore

746 4919 800 4971 in
836 4912 1256 4971 admirationem
1310 4909 1393 4963 sui
1440 4907 1652 4977 rapuit,
1685 4906 1777 4974 qui
1834 4913 2149 4959 sanctorum
2190 4920 2315 4975 pro-

745 5011 1034 5079 phetarum
1067 5002 1306 5059 oraculis
1333 4999 1733 5071 praenuntiatus
1756 4995 1883 5059 fuit,
1933 4997 2078 5066 apud
2119 4998 2313 5053 Isaiam

747 5102 1003 5171 quidem:
1045 5115 1063 5149 ι
1106 5095 1223 5151 νοτ
1272 5093 1561 5149 clamantis
1609 5092 1664 5145 in
1704 5090 1924 5145 deserto
1958 5091 2002 5121 "
2046 5109 2062 5157 ;
2110 5110 2129 5143 ι
2169 5091 2315 5161 apud

748 5194 967 5249 beatum
1008 5203 1137 5243 vero
1176 5184 1437 5240 Davidem
1478 5202 1491 5237 :
1532 5201 1551 5234 ι
1614 5180 1863 5236 Lucerna
1908 5180 2132 5236 Christo
2180 5197 2318 5250 pra:-

749 5292 940 5356 parata
972 5282 1017 5314 ⁸⁸
1055 5300 1072 5332 ι
1120 5285 1506 5348 nuncupatus:
1543 5292 1562 5325 ι
1607 5273 1707 5328 Hic
1757 5273 1908 5329 venit
1964 5273 2018 5326 in
2070 5273 2319 5328 testimo-

751 5381 927 5442 nium,
954 5382 1012 5429 ut
1054 5370 1427 5428 testimonium
1462 5366 1770 5437 perhiberet
1817 5364 1885 5419 de
1918 5364 2146 5419 lumine.
2196 5383 2215 5416 ι
2254 5363 2319 5418 Ει

752 5474 930 5525 lucem
959 5465 1179 5537 quidem
1219 5464 1308 5518 hic
1349 5462 1517 5517 Deum
1549 5458 1785 5513 Verbum
1812 5457 2080 5524 nominat,
2119 5471 2319 5509 unum-

752 5575 861 5631 que
916 5573 1041 5615 esse
1090 5554 1355 5617 ostendit,
1412 5559 1466 5606 et
1525 5550 1816 5619 ipsammet
1865 5547 2039 5603 lucem
2098 5546 2319 5617 pr0prie

752 5651 1041 5714 exsistere,
1081 5656 1207 5718 post
1258 5658 1424 5715 quam
1480 5642 1585 5695 alia
1636 5640 1785 5695 nulla
1823 5648 1907 5695 est
1950 5646 2162 5703 natura,
2194 5640 2317 5693 illu-

832 5807 905 5838 "‘
930 5804 1048 5859 Gal.
1081 5824 1118 5870 ι,
1152 5807 1235 5860 I'l.

753 5875 897 5931 Psal.
936 5894 1092 5933 cur
1116 5918 1129 5941 ,
1179 5876 1263 5929 17.

1337 5806 1379 5837 ¹⁹
1418 5804 1550 5860 Luc.
1584 5818 1638 5870 1,
1670 5803 1755 5870 Η,
1796 5802 1884 5857 21.
1964 5802 2181 5857 ²⁰⁶ἰὺὶι1.
2219 5802 2299 5856 l3.

2407 4458 2536 4525 περὶ
2566 4456 2670 4510 τοῦ
2699 4459 2913 4527 φωτός.

2482 4545 2758 4615 Ἐμφασιν
2793 4548 3011 4617 ἀρετῆς,
3046 4548 3141 4601 καὶ
3171 4547 3271 4616 τῆς
3302 4546 3395 4600 τοῦ
3433 4547 3725 4618 προσώπου
3757 4565 3987 4619 περιεξα-

2408 4633 2553 4698 νείας
2579 4635 2755 4688 ὠδίνει
2781 4637 2860 4699 τὸ,
2893 4655 2913 4688 ι
2949 4632 3119 4699 οὗτος.
3161 4656 3179 4688 ι
3211 4656 3228 4688 ι
3272 4638 3327 4689 '0
3345 4639 3449 4709 γὰρ
3482 4640 3543 4690 ἐκ
3561 4638 3717 4701 Θεοῦ,
3753 4658 3769 4690 ι
3799 4643 3983 4710 φησὶν,

2416 4745 2434 4776 ι
2468 4726 2894 4797 ἀπεσταλμένος,
2934 4746 2951 4778 t
2986 4730 3014 4780 6
3046 4731 3225 4781 πᾶσαν
3255 4730 3476 4792 εἰκότως
3506 4731 3856 4798 καταπλήξας
3888 4732 3985 4800 τὴν

2428 4817 2708 4883 Ἰουδαίαν,
2773 4821 2837 4888 τῇ
2896 4836 2954 4871 τε
2986 4820 3079 4873 τοῦ
3134 4820 3246 4890 βίου
3284 4823 3591 4891 σεμνότητι,
3627 4823 3722 4874 καὶ
3757 4825 3876 4885 ταῖς
3909 4825 3987 4885 είς

2417 4906 2647 4978 ἄσκησιν
2678 4909 3023 4979 ὑπερϐολαῖς,
3060 4911 3087 4963 ὁ
3116 4910 3204 4963 διά
3242 4911 3423 4979 φωνῆς
3472 4913 3641 4978 ἁγίων
3669 4929 3986 4983 προκηρυτ-

2416 4997 2639 5067 τόμενος
2692 5001 3021 5070 προφητῶν·
3097 5003 3191 5053 καὶ
3250 5002 3401 5071 παρά
3458 5003 3556 5072 μὲν
3601 5003 3679 5072 τῷ
3745 5004 3985 5074 Ἠσαίαο

2424 5107 2441 5139 ι
2475 5088 2630 5159 Φωνὴ
2672 5088 2898 5157 βοῶντος
2944 5092 3000 5144 ὲν
3027 5095 3093 5161 τῇ
3123 5094 3312 5162 ἐρήμῳ
3333 5110 3344 5122 ·
3382 5111 3400 5145 ι
3438 5094 3584 5163 παρὰ
3613 5095 3670 5147 δὲ
3696 5094 3773 5164 τῷ
3811 5113 3991 5166 μακαο

2422 5181 2521 5251 ρίῳ
2546 5182 2725 5234 Δαὸίδ’
2764 5200 2781 5233 ι
2804 5182 3007 5252 Λύχνος
3032 5183 3252 5253 Χριστῷ
3280 5184 3786 5254 προητοιμασμένος
3817 5203 3835 5236 t
3871 5186 3990 5238 όνο-

2424 5273 2647 5340 μασθείς
2664 5288 2676 5300 ·
2706 5291 2723 5322 ι
2745 5266 2911 5335 Οὗτος
2927 5269 3088 5343 ἦλθεν
3108 5276 3185 5336 εἰς
3211 5275 3532 5345 μαρτυρίαν,
3557 5275 3643 5327 ἵνα
3664 5278 3990 5347 μαρτυρήσῃ

2421 5364 2545 5432 περὶ
2591 5363 2683 5415 τοῦ
2732 5364 2931 5431 φωτός·
2977 5384 2996 5416 ι
3035 5366 3128 5417 καὶ
3161 5366 3275 5434 φῶς
3308 5367 3404 5436 μὲν
3428 5368 3497 5435 ,ὲν
3540 5367 3711 5438 τούτῳ
3738 5369 3828 5421 τὸν
3858 5368 3993 5422 Θεὸν

2420 5454 2591 5521 Λόγον
2639 5454 2919 5520 ἀποκαλεῖ,
2949 5455 3046 5508 ἕνα
3070 5456 3127 5509 δὲ
3169 5456 3297 5510 ὄντα
3346 5456 3601 5522 δεικνύει,
3636 5461 3729 5513 καὶ
3772 5460 3905 5513 αὐτὸ
3928 5460 3991 5531 δὴ

2420 5543 2579 5597 τοῦτο
2635 5546 2834 5616 κυρίως
2884 5547 3195 5617 ὑπάρχοντα
3237 5549 3372 5616 φῶς,
3427 5548 3545 5620 μεθ’
3590 5550 3618 5603 ὃ
3652 5551 3793 5604 κατά
3832 5552 3993 5621 φύσιν

2424 5634 2607 5705 ἕτερον
2636 5636 2806 5699 οὐδὲν,
2848 5636 2948 5705 τὴν
2994 5636 3088 5689 τοῦ
3136 5637 3393 5693 δύνασθαι
3426 5639 3678 5709 φωτίζειν
3710 5642 3995 5712 ἐνέργειαν

2384 5803 2427 5835 ³⁸
2465 5804 2618 5862 Joan.
2653 5825 2689 5871 t,
2726 5808 2777 5865 7.
2854 5810 2893 5842 ³¹
2938 5806 3133 5865 Ezech.
3169 5827 3260 5873 nt,
3294 5807 3382 5861 27.
3463 5809 3505 5840 ³’
3550 5807 3651 5861 lsa.
3691 5822 3786 5869 ιι,
3817 5806 3869 5860 5.
3948 5800 3995 5831 ³³
