4214 6502
194 435 297 489 109
1272 431 1332 479 Ιλ
1374 429 1654 480 δυΑλΜδ

1708 429 2154 481 ωΑικιλειιωι
2196 428 2321 479 LIB.
2366 429 2404 480 1.

3349 435 3443 487 illi

190 545 337 613 ἕχον,
381 544 473 596 καὶ
496 540 671 610 φωτὸς
704 541 764 594 οὑ
786 540 993 610 δεηθέν.
1026 539 1232 593 Οὐκοῦν
1265 540 1497 607 ἕκφυλός
1532 556 1612 603 τε,
1657 540 1771 603 καὶ,

1881 539 2121 593 minandi
2167 539 2216 592 vi
2253 538 2556 608 praaditam,
2590 548 2642 593 et
2675 539 2896 594 minime
2926 539 3062 595 lueis
3090 540 3445 611 indigentem.

192 635 258 685 ἵν’
282 632 457 695 οὕτως
502 631 765 700 εἴπωμεν,
816 631 1111 702 ἐτεροφυὴς
1142 631 1218 693 ὡς
1261 632 1395 701 πρὸς
1424 632 1521 700 τὴν
1551 632 1724 684 κτίσιν
1746 634 1773 684 6

188 722 285 774 τοῦ
317 721 450 774 Θεοῦ
478 721 667 788 Λόγος,
704 722 859 791 εἴπερ
897 721 1065 784 ὅντως
1099 736 1155 771 τε
1211 722 1305 774 καὶ
1349 722 1563 792 ἀληθῶς
1613 723 1773 786 αὐτὸς

192 814 293 881 μέν
324 815 437 863 ἐστι
481 812 683 881 κυρίως
715 812 775 864 τὸ
798 812 931 879 φῶς,
957 826 1133 881 φωτός
1158 813 1214 865 δὲ
1246 814 1277 882 ἡ
1312 814 1488 875 κτίσις
1526 813 1766 883 μέτοχος.

202 904 259 957 ⁸0
282 904 338 955 δὲ
374 906 484 965 τοῖς
512 904 901 973 πεποιημένοις
949 904 1283 966 ἀσύντακτος
1316 905 1435 975 ἤδη,
1468 906 1562 957 καὶ
1594 907 1772 974 ἑτερο-

188 995 334 1064 φυὴς
370 994 457 1047 διὰ
512 992 667 1046 τοῦτο
704 995 1013 1063 νοούμενος,
1069 994 1187 1057 πῶς
1236 996 1335 1047 οὑκ
1371 1014 1384 1047 ι
1428 1020 1433 1037 ί
1469 994 1554 1063 εἴη
1590 995 1771 1049 λοιπὸν

188 1088 326 1138 εἴσω
356 1087 464 1138 τῶν
497 1086 594 1156 τῆς
649 1084 903 1157 θεότητος
950 1088 1113 1158 ὅρων,
1141 1086 1234 1141 καὶ
1261 1087 1360 1157 τῆς
1401 1086 1493 1139 τοῦ
1523 1088 1771 1150 τεκόντος

188 1179 421 1248 εὐφυΐας
453 1179 734 1242 ἀνάπλεως
757 1198 771 1247 ;

268 1385 392 1435 Οὐκ
415 1379 492 1451 ἦν
528 1382 758 1447 ἐκεῖνος
787 1381 853 1435 τὸ
906 1382 1053 1450 φῶς,
1100 1384 1237 1437 ἀλλ’
1275 1385 1375 1437 ἵνα
1414 1384 1769 1452 μαρτυρήσῃ

190 1474 325 1541 περὶ
347 1474 453 1527 τοῦ
486 1477 697 1541 φωτός.

264 1567 377 1627 Τὰς
402 1567 458 1617 ἐν
493 1568 556 1635 τῇ
590 1569 780 1635 ἐρήμῳ
810 1564 1089 1636 διατριϐὰς
1107 1566 1211 1617 τῶν
1246 1567 1300 1617 ἐν
1326 1565 1540 1618 πόλεσιν
1574 1565 1770 1618 ἐνδιαι-

188 1658 453 1727 τημάτων
507 1660 850 1727 προτιμήσας
898 1661 926 1711 6
981 1657 1311 1728 Βαπτιστὴς,
1371 1659 1462 1709 καὶ
1512 1657 1668 1725 ξένην
1715 1659 1772 1709 ἐν

191 1749 425 1817 ἀσκήσει
455 1747 551 1817 τὴν
593 1748 891 1818 καρτερίαν
942 1748 1371 1817 ἐπιδειξάμενος,
1412 1750 1505 1800 καὶ
1539 1750 1618 1809 εἰς
1642 1748 1772 1799 αὑτὸ

188 1842 292 1911 τῆς
328 1842 384 1891 ἐν
416 1840 721 1910 ἀνθρώποις
746 1839 1090 1908 δικαιοσύνης
1122 1840 1181 1890 το
1214 1840 1510 1907 ἀκρότατον
1538 1839 1771 1908 ἀναδρα-

196 1932 338 2002 μὼν,
366 1934 459 1984 καὶ
502 1933 644 2002 μάλα
686 1932 908 1993 δικαίως
957 1931 1398 2000 ἀπεθαυμάζετο,
1438 1931 1533 1982 καὶ
1571 1928 1635 2000 δὴ
1679 1930 1773 1983 καὶ

192 2027 499 2096 ὑπείληπτο
556 2025 706 2095 παρά
762 2042 901 2077 τισιν
953 2025 1115 2088 αὐτὸς
1163 2021 1348 2078 εἶναιό
1378 2025 1631 2095 Χριστός.
1664 2024 1773 2075 Καὶ

192 2118 328 2185 γοῦν
348 2121 395 2170 οἱ
424 2118 531 2171 τῶν
569 2117 872 2169 Ἰουδαϊκῶν
897 2117 1188 2187 ἡγούμενοι
1230 2117 1522 2187 ταγμάτων
1554 2114 1641 2167 διὰ
1666 2114 1772 2167 τῶν

191 2211 508 2281 προσόντων
554 2209 701 2279 αὑτῷ
742 2210 881 2262 κατὰ
924 2211 1126 2281 ἀρετὴν
1172 2208 1661 2279 πλεονεκτημάτων
1695 2209 1774 2269 είς

191 2301 453 2371 τοιαύτην
494 2299 799 2371 ἐνεχθέντες
841 2301 1129 2367 ὑπόνοιαν,
1187 2299 1574 2353 ἀποστέλλουσι
1622 2315 1774 2360 τινας

194 2392 335 2463 προς
386 2392 546 2445 αὑτὸν
600 2390 973 2444 ἀναπυθέσθαι
1040 2393 1462 2463 προστάξαντες,
1521 2393 1568 2443 εἰ
1612 2390 1775 2453 αὑτός

194 2487 345 2538 ἐστιν
379 2485 407 2536 6
440 2484 690 2553 Χριστός.
727 2485 839 2537 οὐκ
890 2485 1161 2555 ἀγνοήσας
1216 2485 1393 2539 τοίνυν
1442 2486 1469 2536 6
1508 2483 1776 2553 μακάριος

194 2576 589 2647 εὑαγγελιστὴς
622 2576 691 2629 τά
718 2576 868 2646 παρά
895 2577 1107 2639 πολλοῖς
1124 2574 1620 2645 διατεθρυλλημένα
1649 2574 1775 2644 περὶ

194 2666 386 2728 αὑτοῦ,
412 2666 624 2736 τίθησιν
660 2667 970 2733 ἀναγκαίως
1007 2667 1089 2729 τὸ,
1135 2684 1152 2715 ι
1190 2666 1303 2718 Οὑκ
1328 2661 1394 2735 ἦν
1459 2667 1663 2726 ἐκεῖνος
1716 2664 1778 2717 τὸ

195 2758 337 2827 φῶς,
380 2779 396 2809 ι
434 2760 519 2810 ἵνα
548 2760 641 2810 καὶ
678 2760 886 2827 πλάνην
938 2757 1292 2829 ἀπορριζώσῃ
1326 2758 1421 2827 τὴν
1460 2759 1552 2809 ἐπὶ
1582 2757 1775 2826 τούτῳ,

194 2852 294 2902 καὶ
356 2850 515 2901 πάλιν
571 2850 909 2915 ἀξιοπιστίαν
958 2848 1300 2919 ἐπισωρεὺσῃ
1355 2847 1475 2899 τινὰ
1527 2846 1604 2917 τῷ
1643 2848 1779 2917 πρὸς

199 2941 509 3011 μαρτυρίαν
540 2940 934 3011 ἀπεσταλμένῳ
949 2942 1095 3011 παρὰ
1122 2938 1277 2993 Θεοῦ.
1303 2940 1422 3003 Πῶς
1444 2940 1549 3011 γὰρ
1578 2940 1637 2992 οὑ
1662 2939 1780 2992 λίαν

198 3035 538 3105 ὑπερφερὴς,
567 3034 682 3096 πῶς
709 3034 763 3085 δὲ
794 3034 912 3103 οὐχὶ
935 3034 1073 3087 κατὰ
1101 3034 1273 3087 πάντα
1294 3034 1492 3104 τρόπον
1526 3030 1780 3095 ἀξιοθαύ-

201 3141 431 3195 μαστος,
488 3126 515 3175 6
568 3125 811 3195 μεγάλην
865 3124 1006 3177 οὑτω
1044 3126 1525 3195 κατημφιεσμένος
1558 3123 1778 3193 ἀρετὴν,

1876 630 2066 699 Itaque
2098 630 2191 685 Dei
2224 628 2460 684 Verbum
2488 630 2726 685 alienum
2763 640 2864 695 est,
2885 641 3071 703 atque,
3100 640 3158 687 ut
3191 635 3266 687 ita
3298 634 3447 689 dica-

1876 737 2020 783 mus,
2057 723 2283 777 alterius
2314 724 2529 791 generis
2563 737 2592 775 a
2621 729 2894 786 creatura,
2921 725 3190 794 siquidem
3232 740 3445 796 reapse,

1874 819 1929 866 et
1961 829 2108 878 vere,
2144 829 2208 867 ac
2259 816 2476 883 prolirie
2519 815 2607 869 lux
2648 822 2753 877 est,
2795 824 3046 869 creatura
3081 826 3261 871 autem
3310 817 3448 872 lucis

1877 906 2171 974 particeps.
2204 903 2305 969 Qui
2361 916 2541 959 autem
2579 906 2630 959 in
2686 905 2878 961 ordine
2912 915 3287 961 creaturarum
3339 925 3447 964 non

1874 1005 1981 1059 est,
2018 1005 2183 1068 atque
2216 998 2421 1052 idcirco
2448 999 2650 1051 diversi
2688 1000 2905 1068 generis
2935 1014 3060 1055 esse
3096 1007 3355 1054 censetur
3382 1002 3450 1056 ab

1876 1089 2005 1150 illis,
2036 1089 2314 1159 quomodo
2349 1090 2627 1145 increatus
2668 1106 2777 1145 non
2817 1092 2956 1147 erit?
2994 1092 3107 1147 imo
3149 1106 3280 1147 vero
3314 1108 3451 1162 quo-

1876 1181 2040 1237 modo
2076 1185 2320 1239 rationes
2354 1198 2545 1240 omnes
2586 1183 2806 1241 deitatis
2858 1186 2912 1239 in
2953 1201 3013 1242 se
3044 1201 3158 1242 non
3201 1186 3449 1249 habebit,

1874 1287 1929 1331 et
1957 1276 2099 1332 Patri
2141 1293 2248 1331 non
2280 1278 2388 1333 erit
2414 1279 2945 1335 consubstantialis?

1946 1394 1984 1459 l,
2027 1393 2080 1448 8.
2114 1392 2235 1447 Non
2285 1404 2396 1447 erat
2424 1396 2511 1449 ille
2541 1396 2653 1459 lux,
2683 1394 2773 1449 sed
2802 1404 2857 1447 ut
2891 1396 3247 1449 testimonium
3277 1396 3449 1465 perhi-

1877 1487 2014 1541 beret
2054 1488 2115 1540 de
2143 1488 2355 1541 lumine.

1945 1578 2103 1643 Cum,
2129 1581 2333 1635 relictis
2367 1581 2619 1647 urbibus,
2659 1580 2711 1634 in
2749 1581 3097 1635 solitudinem
3119 1581 3360 1651 Baptista
3396 1595 3454 1635 se

1876 1675 2195 1742 recepisset,
2240 1680 2294 1727 et
2326 1674 2586 1727 inauditis
2621 1674 2842 1742 pietatis
2886 1674 3166 1728 laboribus
3204 1685 3261 1729 5e
3297 1688 3455 1727 exer-

1876 1774 2044 1828 ceret,
2081 1773 2246 1833 atque
2281 1764 2533 1818 humana:
2569 1765 2797 1833 justitite
2852 1780 3125 1819 summum
3176 1764 3453 1834 fastigium

1878 1855 2176 1923 attigisset,
2212 1855 2559 1908 admirationi
2610 1856 2804 1909 merito
2854 1856 3073 1909 cunctis
3120 1863 3261 1919 erat,
3287 1855 3456 1910 adeo-

1876 1957 1983 2009 que
2038 1951 2094 1995 ut
2149 1944 2402 1996 nonnulli
2449 1943 2728 1999 Christum
2783 1953 3037 2014 putarent
3085 1946 3263 2015 ipsum
3309 1960 3449 2001 esse.

1875 2022 2145 2098 Quocirca
2169 2032 2508 2089 'Judaaorum
2546 2035 2830 2105 principes
2871 2036 2943 2090 ob
2992 2037 3299 2106 singulares
3329 2035 3453 2106 ejus

1876 2126 2112 2179 virtutes
2164 2126 2217 2178 in
2262 2141 2380 2180 eam
2430 2126 2651 2180 adducti
2707 2126 3057 2192 sententiam,
3104 2128 3335 2181 mittunt
3387 2130 3452 2182 ad

1875 2229 2001 2269 eum
2060 2230 2184 2269 cum
2244 2217 2520 2271 mandatis
2553 2224 2734 2273 certos
2770 2218 3043 2284 homines,
3071 2221 3163 2289 qui
3196 2228 3455 2291 rogarent

1879 2314 2061 2361 utrum
2090 2306 2348 2363 Christus
2372 2317 2534 2363 esset.
2569 2309 2702 2363 Cum
2736 2324 2866 2380 ergo
2898 2309 3094 2365 beatus
3117 2312 3454 2381 evangelista

1877 2399 2061 2456 varios
2102 2398 2168 2454 de
2201 2401 2294 2453 illo
2321 2416 2571 2457 rumores
2610 2417 2837 2472 sparsos
2875 2418 2981 2456 non
3016 2402 3127 2474 64
3153 2404 3453 2473 ignoraret,

1876 2493 2197 2547 necessario
2252 2494 2558 2564 subjungit,
2626 2512 2643 2545 ι
2683 2490 2803 2547 Non
2846 2502 2966 2549 erat
3013 2494 3109 2549 ille
3162 2496 3283 2560 lux,
3329 2514 3349 2549 ι
3402 2508 3459 2551 ut

1878 2600 2124 2639 errorem
2167 2586 2443 2650 evelleret,
2472 2586 2749 2657 simulque
2783 2586 3098 2642 ostenderet
3124 2594 3347 2659 quantm
3385 2588 3459 2645 sit

1880 2677 2230 2731 auctoritatis
2292 2678 2340 2731 is
2388 2678 2483 2747 qui
2519 2693 2547 2729 a
2584 2676 2694 2731 Deo
2735 2678 2790 2731 in
2838 2678 3220 2733 testimonium
3251 2680 3458 2734 missus

1878 2776 2018 2822 erat.
2055 2767 2159 2832 Qui
2202 2768 2350 2822 enim
2390 2768 2507 2822 fieri
2551 2776 2733 2838 potest
2778 2778 2838 2822 ut
2879 2769 2969 2823 ille
3012 2786 3120 2825 non
3155 2771 3456 2841 praecellat,

1880 2867 1933 2913 et
1989 2860 2138 2913 omni
2198 2859 2565 2915 admiratione
2614 2861 2814 2932 dignus
2859 2862 3131 2927 videatur,
3159 2864 3256 2934 qui
3306 2872 3459 2919 tanta

1881 2951 2089 3006 virtute
2150 2951 2413 3020 praeditus
2464 2953 2796 3022 justitiaque
2861 2956 2933 3009 sit
2993 2956 3350 3025 ccuspicuus,
3401 2967 3461 3010 ut

1884 3042 2062 3111 ipsum
2105 3042 2388 3096 Christum
2425 3036 2691 3108 imitetur,
2733 3052 2789 3099 et
2838 3044 2909 3099 ob
2947 3047 3049 3099 exi.
3076 3046 3202 3099 tiam
3244 3048 3461 3117 pietatis

1884 3132 2347 3202 pulchritudinem
2409 3135 2529 3203 ipsa
2592 3135 2810 3190 demum
2874 3136 2965 3189 lux
3024 3150 3147 3192 esse
3207 3139 3463 3207 putetur?

197 3218 300 3272 καὶ
324 3218 628 3288 διαπρεπὴς
660 3220 740 3280 είς
795 3217 1159 3287 δικαιοσύνην,
1192 3217 1266 3281 ὡς
1314 3218 1475 3270 αὑτὸν
1501 3218 1779 3287 ἀπομιμή-

1889 3224 2007 3279 Non
2043 3234 2161 3280 erat
2215 3226 2382 3295 igitur
2431 3228 2521 3282 ille
2566 3228 2681 3291 lux,
2728 3229 2928 3298 inquit,
2974 3228 3070 3283 sed
3115 3229 3180 3283 ad
3215 3231 3463 3287 testimo-

201 3310 403 3364 σασθαι
429 3312 518 3362 τὸν
551 3310 804 3380 Χριστὸν,
836 3309 983 3363 διάτε
1005 3311 1064 3361 τὸ
1093 3310 1365 3381 ἐξαίρετον
1385 3310 1482 3378 τῆς
1503 3309 1783 3371 εὐλαϐείας

198 3403 421 3463 κάλλος,
453 3403 584 3455 αὐτὸ
602 3403 662 3473 δὴ
694 3402 877 3455 λοιπὸν
905 3403 1169 3472 ὑπάρχειν
1190 3401 1535 3453 ὑπονοεῖσθαι
1553 3402 1612 3452 τὸ
1636 3401 1781 3470 φῶς;

199 3496 315 3548 Οὖγ
339 3491 407 3565 ἦν
432 3491 546 3559 οὖν,
578 3496 759 3563 φησιν,
787 3496 988 3559 ἐκεῖνος
1005 3495 1061 3548 τὸ
1084 3495 1217 3563 φῶς,
1239 3494 1353 3547 ἀλλ’
1375 3496 1453 3556 είς
1478 3494 1786 3564 μαρτυρίαν

198 3588 303 3659 τὴν
331 3587 459 3656 περὶ
491 3585 583 3639 τοῦ
618 3586 791 3655 φωτὸς
824 3587 1248 3658 ἀπεσταλμένος.
1273 3585 1344 3640 Τό
1358 3587 1480 3655 φῶς
1506 3586 1559 3638 δὲ
1591 3587 1781 3655 λέγων,

206 3681 348 3749 μετά
381 3680 478 3749 τῆς
515 3681 607 3732 τοῦ
644 3680 847 3750 ἄρθρου
883 3680 1201 3751 προσθήκης
1224 3723 1236 3745 ,
1273 3681 1330 3732 ἒν
1381 3680 1511 3733 αὑτὸ
1553 3678 1784 3732 δεικνύει

204 3772 396 3840 σαφῶς
426 3788 439 3799 ·
474 3772 586 3841 ἔχει
610 3772 716 3841 γὰρ
750 3772 890 3825 οὑτω
916 3771 1056 3824 κατὰ
1091 3772 1367 3841 ἀλήθειαν.
1401 3773 1521 3824 Ὅτι
1556 3772 1653 3841 μὲν
1678 3771 1783 3841 γὰρ

205 3864 323 3931 φῶς
356 3863 421 3915 ἂν
449 3862 665 3914 καλοῖτο
689 3861 929 3923 δικαίως,
963 3862 1055 3913 καὶ
1078 3864 1105 3914 6
1144 3862 1411 3931 μακάριος
1456 3862 1783 3932 Βαπτιστὴς,

204 3955 235 4025 ἢ
280 3956 374 4007 καὶ
416 3956 645 4017 ἕκαστος
687 3954 793 4006 τῶν
827 3953 1017 4021 ἁγίων,
1062 3955 1158 4006 οὑκ
1192 3954 1561 4025 ἀρνησόμεθα,
1594 3954 1683 4007 διὰ
1727 3955 1787 4007 τὸ

204 4045 294 4096 ἐπ’
354 4045 539 4107 αὐτοῖς
595 4044 746 4113 παρὰ
798 4042 890 4095 τοῦ
948 4045 1197 4113 Σωτῆρος
1246 4044 1399 4112 ἡμῶν
1474 4044 1782 4115 εἰρημένον,

210 4155 228 4187 ι
254 4136 444 4205 Ὑμεῖς
483 4138 603 4187 ἐστε
626 4135 684 4185 τὸ
711 4135 823 4202 φῶς
854 4133 946 4187 τοῦ
978 4134 1205 4204 κόσμου.
1240 4152 1257 4185 ι
1289 4134 1514 4205 Εἴρηται
1550 4136 1601 4187 δὲ
1626 4137 1785 4188 πάλιν

203 4230 337 4297 περὶ
372 4226 466 4278 τοῦ
516 4228 667 4293 ἀγίου
706 4226 1032 4290 Βαπτιστοῦ,
1072 4245 1089 4277 ι
1138 4226 1443 4296 Ἠτοίμασα
1484 4226 1673 4296 λύχνον
1710 4227 1785 4297 τῷ

204 4316 428 4386 Χριστῷ
468 4332 586 4384 μου.
634 4334 649 4363 ι
677 4314 806 4375 Καὶ,
833 4331 849 4363 ι
876 4314 1112 4377 Ἐκεῖνος
1134 4310 1201 4383 ἦν
1233 4315 1260 4367 6
1285 4312 1474 4382 λύχνος
1505 4315 1532 4365 ὁ
1564 4314 1786 4383 καιόμε-

206 4429 299 4473 νος
350 4410 445 4462 καὶ
505 4409 745 4476 φαίνων·
803 4407 960 4475 ὑμεῖς
1006 4406 1060 4458 δὲ
1097 4405 1397 4475 ἠθελήσατε
1444 4404 1579 4475 πρὸς
1636 4404 1785 4474 ὥραν

206 4501 645 4570 ἀγαλλιασθῆναι
706 4502 763 4551 ἐν
801 4498 878 4569 τῷ
934 4499 1073 4566 φωτὶ
1130 4497 1317 4551 αὑτοῦ.
1355 4515 1373 4548 ι
1419 4497 1561 4549 Ἀλλ’
1612 4498 1658 4549 εί
1692 4498 1786 4549 καὶ

1889 3317 2041 3370 nium
2076 3316 2142 3370 de
2177 3316 2383 3371 lumine
2422 3317 2819 3387 perbibendum
2863 3320 3087 3374 missus.
3110 3318 3243 3375 Cum
3278 3328 3461 3375 autem

1888 3408 1947 3460 τὸ
1979 3406 2095 3475 φῶς
2131 3407 2226 3472 ait,
2251 3408 2487 3463 articulo
2519 3409 2725 3473 addito,
2759 3424 2922 3463 unam
2960 3410 3136 3465 lucem
3170 3426 3291 3467 esse
3316 3414 3465 3468 clare

1889 3500 2149 3564 ostendit,
2193 3498 2343 3567 quod
2401 3514 2532 3554 sane
2580 3514 2768 3553 verum
2829 3509 2933 3556 est.
2978 3499 3194 3555 Etenim
3243 3503 3460 3557 beatum

1889 3590 2212 3659 Baptistam,
2247 3597 2341 3643 aut
2377 3597 2629 3644 sanctum
2656 3588 2981 3659 quemlibet,
3027 3590 3202 3644 lucem
3242 3604 3464 3661 quoque
3522 3640 3525 3643 .

1889 3681 2087 3733 merito
2123 3679 2305 3733 vocari
2346 3695 2452 3732 non
2499 3678 2714 3733 inficias
2746 3680 2971 3742 ibimus,
3002 3694 3125 3733 cum
3165 3679 3233 3735 de
3262 3679 3398 3749 ipsis
3434 3694 3462 3731 a

1890 3772 2177 3825 Salvatore
2228 3778 2423 3823 nostro
2476 3769 2685 3824 dictum
2748 3771 2822 3824 sit
2872 3787 2886 3824 ε
2950 3787 2969 3821 ι
3012 3769 3121 3824 Vos
3178 3771 3312 3826 estis
3368 3770 3461 3825 lux

1889 3864 2077 3916 mundi
2120 3862 2185 3915 δι.
2226 3880 2244 3913 ι
2281 3860 2659 3915 EtdeJoanne
2683 3860 2950 3931 Baptista,
2991 3880 3009 3912 ι
3045 3861 3233 3919 Paravi
3279 3864 3462 3919 lucer-

1892 3965 2015 4004 nam
2047 3949 2271 4004 Cbristo
2306 3964 2429 4003 meo
2458 3949 2524 4001 ³⁵.
2551 3968 2570 4001 ι
2610 3948 2763 4013 Item,
2789 3968 2806 3999 ι
2860 3949 2954 4002 Ille
2982 3956 3098 4003 erat
3128 3948 3350 4003 lucerna
3373 3963 3465 4002 ar»

1889 4042 2024 4096 dens
2043 4049 2095 4095 et
2115 4042 2331 4095 lucens:
2355 4055 2451 4095 vos
2482 4047 2663 4094 autem
2684 4040 2935 4094 voluistis
2971 4038 3034 4093 ad
3066 4040 3258 4094 horam
3284 4042 3469 4095 exsul-

1888 4142 2006 4187 tare
2053 4135 2107 4187 in
2138 4133 2257 4186 luce
2300 4132 2421 4201 ejus
2456 4131 2520 4185 ³⁸.
2574 4150 2592 4182 ι
2634 4130 3019 4185 Verumtamen
3065 4133 3318 4201 quamvis
3371 4132 3462 4185 lux

1890 4226 2064 4281 sancti
2119 4233 2173 4279 et
2220 4224 2441 4278 lucerna
2481 4220 2726 4291 Baptista
2765 4206 3053 4283 dicantur,
3096 4236 3206 4275 non
3244 4221 3467 4291 ignora-

1890 4334 2011 4373 mus
2035 4330 2221 4373 tamen
2242 4332 2334 4372 eos
2357 4316 2587 4386 gratiam
2607 4330 2670 4368 ac
2692 4314 2892 4368 donum
2919 4314 3141 4367 luminis
3162 4314 3463 4382 accepisse.

1891 4408 2076 4478 Neque
2099 4408 2244 4462 enim
2276 4407 2368 4459 lux
2402 4406 2627 4475 propria
2654 4410 2740 4458 est
2774 4404 3032 4466 lucernae,
3054 4418 3233 4473 neque
3255 4404 3467 4458 sanctis

1891 4495 2244 4557 illuminatio,
2282 4494 2377 4548 sed
2409 4493 2663 4547 veritatis
2717 4493 3120 4547 illuminatione
3170 4493 3464 4562 splenden-

206 4595 327 4663 φῶς
360 4595 408 4645 οἱ
444 4593 607 4660 ἆγιοι,
638 4593 732 4644 καὶ
748 4591 937 4659 λύχνος
962 4593 991 4642 6
1014 4589 1340 4659 Βαπτιστὴς,
1371 4589 1468 4657 τὴν
1493 4590 1578 4641 ἐπ’
1603 4590 1779 4652 αὐτοῖς

1894 4598 1995 4651 tes,
2029 4597 2081 4642 et
2126 4588 2409 4656 conspicui
2462 4586 2589 4640 facti
2634 4593 2782 4649 sunt,
2814 4593 2867 4640 et
2904 4586 3197 4639 luminaria
3248 4595 3378 4640 sunt
3412 4588 3462 4641 in

205 4688 310 4740 οὑκ
342 4687 681 4753 ἀγνοήσομεν
716 4683 894 4752 χάριν,
930 4683 1022 4733 καὶ
1051 4682 1146 4750 τὴν
1170 4681 1277 4733 ἀπὸ
1303 4680 1396 4733 τοῦ
1424 4681 1597 4749 φωτὸς
1622 4699 1788 4752 χορη-

204 4780 353 4847 γίαν.
384 4777 519 4829 Οὖτε
556 4777 661 4845 γὰρ
692 4776 818 4827 ἴδιον
850 4776 906 4826 ἐν
944 4773 1020 4843 τῷ
1063 4773 1239 4843 λύχνῳ
1273 4774 1333 4826 τὸ
1358 4774 1490 4840 φῶς,
1521 4773 1643 4826 οὔτε
1681 4775 1787 4844 μὴν

204 4872 263 4921 ὲν
328 4870 441 4929 τοῖς
501 4866 673 4932 ἀγίοις
729 4864 757 4915 6
805 4863 1100 4932 φωτισμδς,
1134 4861 1268 4914 ἀλλὰ
1303 4866 1368 4933 τῇ
1407 4864 1504 4933 τῆς
1530 4864 1788 4933 ἀληθείας

204 4956 479 5025 ἐλλάμψει
531 4954 764 5023 φαιδροὶ,
826 4953 919 5005 καὶ
951 4952 1229 5020 διαφανεῖς
1272 4953 1662 5013 ἀνεδείκνυντο.
1694 4955 1788 5007 καὶ

206 5047 503 5117 φωστῆρες
538 5047 671 5098 εἰσιν
698 5047 753 5096 ἐν
789 5044 977 5114 κόσμῳ
997 5044 1153 5110 λόγον
1183 5044 1326 5113 ζωῆς
1358 5044 1787 5114 ἐπέχοντες.Καἰ

204 5141 293 5201 τίς
327 5140 359 5208 ή
392 5136 524 5207 ζωὴ,
557 5132 623 5207 ἧς
657 5136 744 5187 τὸν
774 5134 929 5203 λόγον
960 5134 1241 5204 ἐπέχοντες
1265 5132 1626 5204 ἐχρημάτιζον
1649 5135 1782 5202 φῶς,

204 5233 238 5301 ἢ
270 5231 486 5293 πάντως
517 5229 675 5291 αὐτὸς
702 5230 729 5279 6
754 5227 1083 5299 Μονογενὴς,
1115 5228 1141 5278 6
1175 5226 1364 5295 λέγων·
1407 5247 1423 5276 ι
1448 5224 1587 5294 Ἐγὼ
1618 5228 1729 5296 εἰμι
1756 5229 1787 5298 ἡ

1894 4679 2096 4733 mundo
2116 4682 2238 4732 vitae
2262 4695 2569 4732 sermonem
2600 4678 2920 4732 retinentes.
2948 4676 3068 4731 Vita
3099 4685 3282 4731 autem
3307 4678 3467 4747 cujus

1895 4773 1948 4825 in
2006 4788 2062 4826 se
2097 4772 2356 4825 dicuntur
2416 4770 2616 4824 habere
2674 4786 3007 4835 sermonem,
3057 4786 3310 4839 quaenam
3361 4772 3466 4825 alia

1893 4880 2017 4919 esse
2051 4873 2252 4933 potest,
2280 4877 2441 4931 quam
2470 4861 2797 4931 Unigenitus
2828 4871 2976 4916 certe
3012 4864 3148 4931 ipse,
3184 4863 3276 4931 qui
3310 4862 3379 4916 de
3407 4877 3467 4916 se

1895 4956 1990 5020 ait,
2030 4974 2047 5005 ‹
2082 4954 2191 5023 Ego
2230 4970 2347 5007 sum
2397 4956 2506 5007 vita
2553 4953 2637 5004 "'3
2686 4972 2704 5004 ι
2750 4952 2919 5023 igitur
2974 4967 3080 5006 una
3120 4952 3340 5022 quidem
3382 4962 3467 5009 est

1894 5065 2085 5118 reapse
2146 5064 2273 5101 vera
2342 5048 2456 5109 lux,
2529 5047 2863 5109 illuminans,
2933 5062 3041 5101 non
3101 5047 3464 5102 illuminata:

1898 5138 2057 5192 unius
2088 5146 2268 5190 autem
2301 5136 2716 5206 participatione
2734 5136 2998 5207 quidquid
3028 5135 3463 5205 luxdicitur,lux

1902 5246 1996 5300 per
2028 5229 2385 5283 imitationem
2417 5230 2565 5285 illius
2604 5247 2728 5287 esse
2762 5230 3097 5287 censebitur.

206 5323 323 5391 ζωή
359 5340 371 5385 ;
418 5340 435 5371 ι
469 5321 693 5385 Οὐκοῦν,
729 5320 785 5372 ἓν
816 5322 911 5391 μὲν
938 5320 1103 5382 ὅντως
1126 5319 1240 5371 ἐστι
1269 5319 1326 5370 τὸ
1362 5320 1501 5371 κατά
1529 5319 1783 5389 ἀλήθειαν
1822 5323 1957 5390 φῶς,
1980 5323 2229 5392 φωτίζον,
2254 5323 2313 5375 οὑ
2340 5325 2722 5395 φωτιζόμενον·
2762 5328 2824 5395 τῇ
2866 5325 2920 5377 δὲ
2948 5321 3043 5377 τοῦ
3082 5323 3197 5389 ἐνὸς
3239 5325 3463 5396 μετοχῇ,

207 5422 321 5473 πᾶν
385 5414 486 5467 εἴτι
535 5415 753 5484 λέγεται
786 5414 919 5483 φῶς,
976 5412 1113 5467 κατὰ
1144 5412 1373 5483 μίμησιν
1406 5411 1502 5483 τὴν
1538 5413 1613 5476 ὡς
1646 5414 1781 5484 πρὸς
1820 5417 1993 5470 ἐκεῖνο
2022 5416 2358 5486 νοτ-βήσεται.

288 5580 330 5611 ³⁴
372 5578 558 5637 Matth.
589 5597 644 5647 τ,
678 5582 762 5637 14.
842 5581 887 5613 ³⁸
925 5581 1067 5639 Psal.
1104 5598 1265 5638 cum
1296 5621 1308 5647 ,
1346 5582 1431 5635 l7.

1515 5581 1574 5612 ”
1612 5579 1776 5636 Joan.
1809 5599 1858 5649 ν,
1892 5582 1981 5635 55.

2062 5582 2103 5612 ³τ
2150 5580 2312 5634 Joan.
2346 5599 2455 5643 xlv,
2485 5582 2534 5631 6.
