4214 6502
204 430 301 485 Il?»

1249 424 1312 477 IN
1348 425 1628 479 JUARNIS
1667 422 2118 481 EVANGELIUM
2163 425 2289 481 LIB.
2323 425 2364 479 I.

3362 426 3466 482 114

195 545 287 596 τοῦ
332 541 499 607 Υίοῦ;
538 539 688 611 Χρῆν
720 537 827 610 γὰρ
856 538 1028 609 δήπου
1064 537 1204 590 κατά
1237 555 1299 605 γε
1339 537 1429 590 τὸν
1477 538 1577 607 τῆς
1615 538 1793 606 ἰσότη-

1901 554 2059 594 ccsse
2088 539 2230 594 enim
2263 545 2347 595 est
2377 537 2569 607 aequali
2600 552 2831 608 prorsus
2862 537 3073 592 ratione
3100 538 3167 593 de
3194 544 3465 599 creaturis

203 652 285 696 τος
318 635 496 700 λόγον,
541 633 629 684 καὶ
681 632 791 693 τοῖς
840 629 1226 698 πεποιημένοις
1275 628 1700 699 ἐπιφημίζεσθαι
1726 630 1784 680 τὸ

198 726 452 793 ἀληθινὸν
499 721 637 776 εἶναι
692 722 825 791 φῶς.
866 721 1003 773 Ἀλλ’
1046 720 1220 772 οὐδενὶ
1265 722 1361 789 μὲν
1396 719 1623 790 ἁρμόζει
1676 719 1786 771 τῶν

201 816 861 883 γενητῶν,κατηγορεῖται
891 813 945 866 δέ
972 813 1136 882 μόνης
1159 813 1255 881 τῆς
1285 811 1472 873 οὑσίας
1503 811 1595 863 τοῦ
1624 810 1779 863 Υίοῦ.

203 906 422 974 Κυρίως
459 906 565 976 ἄρα
621 906 713 957 καὶ
770 903 981 974 ἀληθῶς
1029 904 1270 956 κείσεται
1319 903 1416 971 μὲν
1462 904 1545 954 ἐπ’
1598 900 1781 966 αὑτοῦ,

202 997 295 1049 ἐπὶ
325 996 381 1048 δὲ
410 996 515 1048 τῶν
547 996 862 1065 ποιημάτων
887 994 1089 1047 οὑκέτι.
1122 994 1246 1057 Πῶς
1272 991 1367 1046 οὖν
1403 1012 1479 1046 έτι
1508 996 1572 1063 τῇ
1609 993 1784 1044 κτίσει

204 1088 480 1159 συμφυὴς,
514 1089 607 1142 καὶ
636 1089 755 1156 οὑχὶ
790 1087 985 1157 μᾶλλον
1012 1086 1118 1138 τῶν
1164 1087 1302 1157 ὑπὲρ
1346 1087 1446 1155 τὴν
1489 1084 1685 1149 κτίσιν,
1712 1082 1786 1145 ὡς

206 1183 346 1252 ὑπὲρ
379 1182 547 1250 αὑτὴν
582 1181 843 1251 ὑπάρχων
879 1178 1015 1249 μετὰ
1049 1179 1296 1248 Ila-T969;

274 1278 477 1329 AAAO.
518 1274 580 1326 Εί
610 1272 750 1340 φωτὶ
776 1272 854 1342 τῷ
885 1271 1026 1324 κατὰ
1059 1271 1314 1341 ἀλήθειαν
1342 1269 1400 1322 οὑ
1445 1270 1638 1322 ταὺτόν
1670 1270 1785 1320 ἐστι

201 1367 265 1417 τὸ
299 1365 373 1434 μὴ
405 1363 542 1416 κατὰ
568 1362 823 1430 ἀλήθειαν
852 1360 993 1429 φῶς·
1024 1359 1136 1429 ἔχει
1166 1359 1273 1430 γάρ
1306 1376 1357 1410 τι
1398 1358 1458 1409 τὸ
1492 1359 1722 1427 ἑτεροῖον
1753 1358 1785 1427 ἡ

202 1455 468 1526 ἐκατέρου
515 1453 745 1521 δήλωσις
768 1469 781 1483 ·
811 1450 925 1519 φῶς
948 1451 1005 1503 δὲ
1033 1449 1280 1520 ἀληθινὸν
1322 1452 1350 1501 6
1390 1449 1516 1512 Υἱὸς
1550 1448 1787 1501 κατωνό-

205 1562 433 1614 μασται,
468 1543 561 1596 καὶ
600 1543 755 1595 τοῦτό
785 1545 897 1594 ἐστι
929 1542 1067 1594 κατὰ
1106 1541 1264 1609 φύσιν
1292 1558 1305 1571 ·
1334 1540 1433 1593 οὑκ
1460 1540 1567 1609 ἄρα
1601 1540 1632 1608 ὴ
1668 1540 1783 1590 κτί-

204 1653 293 1698 σις
331 1635 581 1704 ἀληθινὸν
613 1634 763 1685 ἔσται
800 1633 933 1701 φῶς.
970 1631 1178 1685 Οὐκοῦν
1211 1631 1330 1684 οὑδέ
1376 1629 1625 1699 ἀλλήλοις
1659 1630 1787 1701 όμο-

202 1725 317 1795 φυῆ
350 1724 418 1777 τὰ
450 1722 623 1785 οὑτως
655 1721 1046 1791 ἐξηλλαγμένα.

277 1816 485 1869 AAAO.
520 1814 583 1866 Εί
614 1814 686 1883 μὴ
743 1812 901 1882 μόνος
942 1813 971 1864 ό
1013 1811 1323 1881 Μονογενὴς
1350 1811 1411 1865 τὸ
1438 1812 1551 1881 φῶς
1586 1812 1699 1864 ἐστι
1728 1808 1787 1861 τὸ

1894 632 2024 695 dici,
2064 646 2158 686 eas
2190 646 2313 686 esse
2338 643 2522 684 veram
2564 629 2767 683 lucem.
2798 628 2963 698 Atqui
2996 629 3130 681 nulli
3156 638 3353 684 creata:
3384 633 3463 687 rei

1891 725 2167 790 convenit,
2205 725 2298 779 sed
2333 724 2399 779 de
2449 723 2565 779 sola
2591 721 2713 775 Filii
2740 722 3049 777 substantia
3081 721 3303 777 dicitur.
3328 722 3465 779 Pro-

1890 820 2007 890 prie
2034 833 2165 888 ergo
2196 832 2259 871 ac
2312 833 2437 873 vere
2474 818 2542 872 de
2584 816 2705 886 ipso
2754 815 2967 870 dicetur
2993 854 3008 879 ,
3060 814 3128 870 de
3191 820 3465 873 creaturis

1889 923 1998 962 non
2040 910 2192 963 item.
2228 906 2514 973 Quomodo
2562 906 2728 977 igitur
2786 903 3035 975 ejusdem
3090 905 3197 959 erit
3254 916 3467 960 natura:

1888 1016 2012 1056 cum
2044 998 2319 1067 creatura,
2375 1016 2440 1059 ac
2474 1015 2584 1056 non
2610 998 2793 1071 potius
2823 1007 3136 1055 creaturam
3195 1011 3303 1051 una
3338 1012 3467 1052 cum

1888 1090 2048 1147 Patre
2087 1091 2413 1162 superabit?

1960 1272 2186 1329 ALIUD.
2225 1273 2283 1326 Si
2319 1286 2449 1327 vera
2478 1272 2570 1327 lux
2601 1270 2790 1327 eadem
2821 1286 2930 1324 non
2983 1278 3069 1326 est
3133 1277 3301 1339 atque
3369 1270 3464 1323 lux

1890 1378 1998 1418 non
2027 1378 2151 1417 vera
2184 1363 2422 1433 (diversa
2452 1362 2597 1417 enim
2627 1368 2708 1417 est
2731 1359 3138 1431 quodammodo
3174 1358 3467 1429 utriusque

1890 1453 2260 1523 signiﬁcatio),
2290 1454 2381 1508 lux
2412 1460 2592 1507 autem
2609 1467 2739 1507 vera
2773 1458 3125 1520 nuncupatus
3152 1458 3237 1505 est
3270 1449 3465 1514 Filius,

1889 1555 1942 1601 et
1995 1545 2305 1600 istiusmodi
2358 1553 2442 1599 est
2494 1542 2797 1600 secundum
2857 1552 3109 1597 naturam
3150 1559 3163 1587 ·
3208 1548 3467 1597 creatura

1890 1639 2079 1707 utique
2112 1653 2240 1692 vera
2295 1637 2388 1690 lux
2419 1651 2526 1690 non
2559 1635 2685 1690 erit.
2764 1635 2932 1705 Igitur
2986 1648 3163 1703 neque
3218 1633 3465 1703 ejusdem

1891 1738 2100 1784 naturae
2128 1731 2272 1783 inter
2295 1742 2355 1782 se
2383 1742 2446 1781 ea
2480 1741 2601 1796 qua:
2651 1734 2933 1794 tantopere
2962 1724 3251 1779 dissident.
3302 1753 3307 1756 ‹

1962 1821 2197 1878 ALIUD.
2241 1821 2296 1874 Si
2331 1835 2442 1875 non
2478 1818 2630 1875 solus
2689 1816 3023 1889 Unigenltus
3050 1832 3181 1872 vera
3237 1815 3331 1871 lux
3358 1820 3467 1880 est.

201 1905 482 1975 ἀληθινὸν,
512 1904 624 1974 ἔχει
652 1904 708 1956 δὲ
737 1903 831 1955 καὶ
859 1904 891 1971 ἠ
920 1903 1095 1966 κτίσις
1120 1903 1181 1954 τὸ
1206 1899 1344 1955 εἶναι
1373 1902 1487 1970 φῶς
1514 1901 1786 1972 ἀληθινὸν,

1900 1915 1987 1971 sed
2028 1921 2283 1968 creatura
2321 1926 2451 1967 vera
2479 1925 2699 1980 quoque
2742 1910 2837 1963 lux
2866 1924 2988 1964 esse
3022 1917 3202 1977 potest
3253 1925 3268 1963 :
3301 1922 3465 1978 quam

200 2000 295 2054 διὰ
340 1998 499 2050 ποίαν
547 1996 724 2049 αἰτίαν
765 1995 927 2058 αὑτὸς
976 2012 996 2045 «ι
1038 1994 1260 2064 φωτίζει
1295 1993 1469 2048 πάντα
1510 1994 1793 2064 ἄνθρωπον

201 2090 505 2160 ἐρχόμενον
537 2088 616 2150 εῑς
656 2087 747 2140 τὸν
786 2085 1025 2155 κόσμον;
1062 2106 1081 2136 ι
1120 2083 1381 2155 Ἐχούσης
1425 2082 1532 2155 γὰρ
1585 2081 1793 2135 οἴκοθεν

198 2181 367 2234 τοῦτο
421 2181 515 2233 καὶ
564 2181 660 2249 τῆς
698 2178 961 2248 γεννητῆς
1033 2177 1241 2239 οὑσίας,
1292 2176 1543 2246 περιττὸν
1592 2170 1659 2245 ἦν
1714 2172 1793 2225 ἔτι

201 2271 546 2345 φωτίζεσθαι
583 2272 649 2323 δι’
682 2269 840 2322 Υίοῦ·
883 2268 1019 2321 ἀλλὰ
1060 2267 1164 2338 μὴν
1197 2267 1420 2336 φωτίζει
1473 2267 1569 2337 μὲν
1612 2264 1791 2328 αὑτὸς,

206 2364 434 2435 μέτοχοι
466 2363 521 2415 δὲ
551 2360 713 2415 αὐτοῦ
751 2360 949 2422 πάντες
986 2360 1172 2429 ἡμεῖς·
1212 2358 1311 2411 οὑκ
1353 2358 1460 2429 ἄρα
1495 2355 1689 2409 ταυτὸν
1717 2357 1795 2418 είς

200 2456 400 2519 οὐσίας
428 2454 688 2525 ποιότητα
724 2452 873 2517 Υἱὸς,
920 2451 1014 2505 καὶ
1063 2448 1272 2515 κτίσις·
1302 2448 1491 2521 ὥσπερ
1531 2443 1625 2503 οὖν
1676 2446 1797 2501 οὑδὲ

202 2547 290 2617 τῷ
322 2545 601 2617 μετέχοντι
631 2544 690 2596 τὸ
724 2538 1105 2614 μετεχόμενον.

281 2720 493 2774 AAAO.
551 2720 615 2771 Εί
677 2718 750 2789 μὴ
806 2716 951 2787 μόνῳ
1006 2714 1265 2785 πρόσεστι
1323 2710 1465 2767 κατὰ
1518 2710 1679 2780 φύσιν
1723 2708 1799 2780 τῷ

204 2814 335 2884 Υίῷ
363 2812 424 2865 τὸ
452 2811 719 2881 ὑπάρχειν
748 2809 863 2879 φῶς
896 2807 1167 2878 ἀληθινὸν,
1211 2806 1324 2875 ἔχει
1363 2804 1419 2857 δὲ
1462 2803 1594 2857 αὐτὸ
1638 2803 1729 2855 καὶ
1765 2804 1798 2873 ἡ

203 2905 417 2967 κτίσις,
449 2902 720 2975 περιττὸς,
760 2901 835 2963 ὡς
868 2895 1041 2969 οἶμαι,
1069 2899 1315 2968 φανεῖται
1360 2894 1494 2966 πρός
1533 2911 1683 2957 τινας
1715 2893 1801 2945 λέ-

202 2993 712 3065 γωνὸΨαλμῳδός·
741 2990 1104 3062 «Προσελθετε
1135 2988 1270 3059 πρὸς
1299 2985 1479 3051 αὑτὸν,
1518 2985 1612 3038 καὶ
1638 2984 1801 3053 φωτί-

206 3092 439 3160 censen
466 3087 526 3140 τὸ
554 3085 662 3156 γὰρ
687 3085 822 3147 ὅλως
852 3084 970 3137 κατ’
1017 3082 1279 3153 ἀλήθειαν
1316 3078 1451 3149 φῶς,
1481 3077 1581 3130 οὑκ
1623 3076 1688 3129 ἂν
1714 3074 1796 3144 γέ-

202 3200 364 3236 νοιτο
421 3178 634 3252 μεθέξει
681 3181 747 3249 τῇ
792 3177 926 3247 πρὸς
971 3175 1154 3243 ἔτερόν
1198 3190 1319 3226 τινα
1366 3171 1500 3241 φῶς,
1533 3170 1646 3223 ἀλλ’
1685 3170 1803 3222 οὐδὲ

1895 2008 1966 2064 ob
2003 2019 2230 2061 causam
2274 2003 2393 2075 ipse
2449 2021 2466 2054 ι
2508 2001 2781 2055 illuminat
2810 2014 3031 2054 omnem
3062 1999 3336 2054 hominem
3372 2013 3469 2052 ve-

1895 2099 2133 2153 nientem
2169 2096 2226 2149 in
2267 2092 2571 2149 mundum?
2615 2110 2633 2144 ι
2672 2088 2808 2143 Nam
2860 2090 2905 2144 si
2958 2104 2988 2142 a
3038 2103 3100 2144 se
3146 2086 3221 2141 id~
3249 2087 3470 2142 haberet

1895 2205 2111 2262 quoque
2142 2195 2325 2243 creata
2358 2182 2687 2248 substantia,
2748 2180 3085 2251 superﬂuum
3120 2186 3267 2234 esset
3296 2177 3474 2249 ipsam

1897 2278 2192 2335 illuminari
2229 2292 2327 2348 per
2369 2274 2589 2329 Filium.
2628 2274 2697 2325 At
2744 2271 3017 2325 illuminat
3066 2270 3287 2341 quidem
3334 2269 3472 2339 ipse,

1898 2390 2001 2429 nos
2052 2380 2235 2426 autem
2281 2384 2475 2424 omnes
2516 2367 2636 2438 ejus
2684 2364 2987 2435 participes
3039 2378 3230 2418 sumus
3280 2378 3295 2415 :
3354 2379 3467 2418 non

1896 2481 2027 2539 ergo
2066 2465 2209 2522 idem
2237 2473 2369 2521 sunt
2414 2461 2595 2533 quoad
2627 2458 2996 2514 substantiam
3035 2453 3210 2511 Filius
3236 2463 3292 2511 et
3322 2470 3477 2510 crea-

1897 2572 2043 2626 tura,
2072 2559 2241 2617 sicuti
2272 2572 2449 2628 neque
2477 2555 2529 2609 id
2561 2551 2708 2624 quod
2742 2549 3036 2622 participat
3064 2547 3211 2604 idem
3238 2553 3327 2603 est
3349 2560 3474 2604 cum

1899 2670 1965 2710 eo
1995 2652 2140 2718 quod
2175 2649 2559 2721 participatur.

1976 2740 2208 2797 ALIUD.
2262 2738 2319 2793 Si
2361 2752 2473 2792 non
2525 2735 2672 2790 inest
2720 2739 2915 2787 natura
2957 2727 3061 2784 soli
3109 2725 3251 2783 Filio
3296 2733 3357 2780 ut
3406 2724 3480 2779 sit

1903 2851 2029 2891 vera
2061 2835 2178 2897 lux,
2215 2830 2310 2887 sed
2337 2830 2578 2899 idipsum
2612 2826 2668 2880 in
2715 2828 3029 2880 creaturam
3064 2834 3283 2890 quoque
3310 2818 3477 2881 cadit,

1901 2929 2103 2993 inanis,
2140 2933 2365 2987 utreor,
2402 2920 2507 2977 erit
2534 2918 2829 2975 Psalmista
2857 2915 3051 2971 dicens
3108 2931 3124 2970 :
3160 2931 3180 2965 ι
3221 2910 3485 2967 Accedite

1903 3021 1971 3077 ad
1996 3036 2145 3083 eum,
2172 3025 2227 3073 et
2254 3010 2730 3071 illuminamini”.
2765 3028 2783 3061 ι
2822 3006 2978 3075 Quod
3012 3019 3159 3060 en.m
3204 3018 3334 3060 vera
3389 3003 3481 3057 lux

1904 3120 2009 3175 est,
2045 3120 2327 3177 nunquam
2353 3117 2488 3159 sane
2519 3101 2747 3156 alterius
2781 3096 3205 3167 participatione
3229 3094 3321 3147 lux
3356 3092 3481 3155 erit,

1905 3217 2082 3273 neque
2108 3200 2335 3255 alterius
2386 3194 2681 3266 splendore
2732 3189 3178 3255 collustrabttur,
3223 3185 3320 3243 sed
3367 3198 3487 3254 per-

205 3272 485 3341 ἐλλάμψει
511 3274 576 3340 τῇ
610 3269 736 3339 παρ’
772 3268 956 3339 ἐτέρου
989 3264 1461 3335 φαιδρυνθήσεται,
1489 3261 1698 3313 τελείαν
1743 3260 1798 3313 δὲ

1907 3260 2110 3349 [εοίιιιη
2138 3307 2205 3345 ex
2236 3304 2295 3344 se
2328 3286 2508 3356 potius
2548 3291 2601 3339 et
2632 3289 2831 3336 natura
2865 3294 2967 3336 sua
3000 3275 3354 3349 splendorem
3380 3273 3484 3328 ha-

207 3364 428 3435 μᾶ>.λον
456 3362 563 3414 ἀπὸ
590 3361 691 3430 τῆς
725 3360 859 3422 ἰδίας
891 3358 1104 3427 φύσεως
1137 3357 1233 3427 τὴν
1270 3355 1617 3425 καθαρότητα
1645 3370 1809 3424 χορη-

204 3456 545 3526 γηθήσεται.
580 3452 717 3505 Ἀλλ’
749 3451 964 3522 ὁρῶμεν
993 3450 1073 3501 ὅτι
1103 3448 1277 3517 φωτὸς
1309 3447 1527 3516 ἐπιδεὴς
1556 3448 1583 3498 6
1611 3444 1810 3515 ἄνθρω-

204 3566 345 3613 πος,
370 3547 593 3614 κτιστῆς
628 3543 887 3614 ὑπάρχων
920 3541 1160 3611 φύσεως·
1197 3540 1290 3593 καὶ
1337 3536 1591 3609 ἀληθεύει
1621 3535 1756 3606 βοῶν
1786 3537 1812 3588 6

207 3637 548 3706 Ψαλμῳδὸς,
578 3636 652 3697 ὡς
692 3636 826 3706 πρὸς
851 3634 941 3685 τὸν
989 3630 1083 3683 τοῦ
1116 3630 1249 3685 Θεοῦ
1293 3630 1485 3697 Λόγον,
1536 3646 1555 3678 ι
1587 3628 1709 3680 Ὅτι
1749 3628 1811 3680 ab

207 3732 446 3799 φωτιεῖς
487 3726 679 3797 λύχνον
724 3723 1059 3794 μου,Κύριε·
1102 3725 1129 3775 ό
1180 3722 1311 3785 Θεός
1354 3738 1477 3790 μου,
1512 3722 1728 3787 φωτιεῖς
1754 3719 1813 3771 τὸ

208 3822 421 3882 ςκότος
470 3837 592 3889 μου.
634 3837 651 3869 ι
683 3819 795 3869 Οὐκ
830 3818 935 3886 ἄρα
971 3814 1086 3882 φῶς
1136 3812 1275 3866 κατὰ
1325 3811 1582 3882 ἀλήθειαν
1631 3813 1813 3880 ἡμεῖς,

212 3914 451 3983 μέτοχοι
484 3911 539 3962 δὲ
574 3910 772 3979 μᾶλλον
802 3909 893 3960 τοῦ
926 3907 1251 3976 φωτίζοντος
1295 3906 1489 3973 Λόγου,
1527 3906 1622 3958 καὶ
1657 3904 1813 3958 ἀλλό-

207 4024 369 4077 τριοι
400 4003 542 4057 κατὰ
575 4001 734 4071 φύσιν
765 3999 856 4052 τοῦ
883 3999 1056 4067 φωτὸς
1081 3998 1175 4051 τοῦ
1202 3995 1478 4068 ἀληθινοῦ,
1508 3997 1643 4069 ὅπερ
1671 3998 1815 4050 ἐστὶν

205 4100 246 4150 ὁ
289 4098 441 4158 Υἱός.

298 4189 487 4240 ΑΛΛΟ
538 4186 608 4238 ἐκ
661 4184 767 4237 τοῦ
821 4181 1027 4236 αὑτοῦ.
1070 4180 1131 4233 Ei
1183 4179 1371 4250 λύχνος
1412 4182 1439 4233 ό
1484 4179 1817 4249 ἀνθρώπινος

207 4280 655 4348 κατωνόμασται
700 4276 843 4337 νοῦς,
889 4274 1027 4327 κατὰ
1066 4273 1126 4325 τὺ
1164 4274 1220 4325 ἐν
1252 4272 1501 4341 Ψαλμοῖς
1537 4271 1815 4341 ᾀδόμενον,

215 4396 241 4427 ‹
282 4375 410 4425 ’Ότι
443 4372 505 4423 σὺ
537 4371 755 4438 φωτιεῖς
780 4368 970 4436 λύχνον
996 4384 1116 4431 μου,
1150 4364 1341 4434 Κύριε,
1376 4382 1393 4414 ι
1424 4364 1541 4426 πῶς
1584 4361 1817 4431 ἐσόμεθα

208 4465 377 4518 κατὰ
419 4462 672 4531 ἀλήθειαν
702 4459 849 4526 φῶς;
898 4457 1255 4513 Ἐπείσακτον
1295 4453 1405 4523 γὰρ
1432 4452 1526 4505 καὶ
1566 4453 1713 4505 δοτδν
1742 4452 1819 4521 τῷ

205 4556 415 4624 λύχνῳ
447 4553 507 4604 τὸ
542 4551 675 4618 φῶς.
713 4549 821 4603 Καὶ
857 4550 905 4600 εἰ
934 4546 994 4599 τὸ
1038 4546 1225 4609 σκότος
1251 4544 1311 4597 τὸ
1355 4545 1411 4597 ἐν
1441 4546 1570 4614 ἡμῖν
1597 4543 1820 4613 φωτίζει

1910 3386 2155 3441 biturum
2179 3390 2282 3437 est.
2325 3376 2494 3448 Atqui
2526 3375 2773 3430 videmus
2807 3371 3085 3427 hominem
3137 3367 3279 3423 lucis
3337 3364 3485 3420 indi-

1911 3489 2061 3545 gere,
2101 3486 2225 3525 cum
2264 3477 2472 3523 naturae
2517 3465 2589 3521 sit
2617 3473 2838 3519 creatae.
2887 3461 2953 3515 Et
2987 3475 3177 3518 verum
3215 3467 3300 3516 est
3339 3457 3486 3528 quod

1913 3562 2063 3616 canit
2091 3558 2406 3623 Psalmista,
2439 3564 2701 3627 tanquam
2731 3554 2799 3609 ad
2830 3552 2927 3609 Dei
2951 3551 3191 3609 Verbum
3223 3568 3238 3607 :
3283 3570 3302 3605 ι
3339 3552 3487 3617 Quo-

1914 3652 2060 3705 niam
2091 3658 2145 3703 tu
2174 3649 2454 3702 illuminas
2496 3648 2777 3701 lucernam
2814 3659 3015 3709 meam,
3054 3642 3313 3699 Domine:
3344 3641 3488 3696 Deus

1914 3758 2092 3807 meus,
2126 3742 2376 3795 illumina
2409 3740 2666 3794 tenebras
2697 3751 2849 3791 meas
2870 3736 2935 3790 “.
2969 3754 2988 3788 ι
3020 3736 3144 3792 Νοιι
3202 3750 3333 3806 ergo
3362 3750 3489 3790 vera

1915 3837 2009 3890 lux
2041 3851 2143 3889 nos
2174 3849 2389 3896 sumus,
2423 3832 2518 3888 sed
2551 3828 2916 3885 illuminantis
2952 3826 3119 3885 Verbi
3151 3828 3337 3897 potius
3363 3842 3490 3897 par-

1916 3927 2131 3997 ticipes,
2168 3934 2223 3982 et
2249 3924 2452 3980 diversi
2484 3928 2681 3977 natura
2714 3934 2744 3973 a
2772 3934 2902 3975 vera
2948 3919 3093 3987 luce,
3136 3918 3274 3975 Filio
3324 3919 3489 3973 nimi-

1918 4032 2061 4071 rum.

1989 4191 2201 4248 ALIUD
2229 4206 2292 4247 ex
2321 4191 2522 4246 eodem.
2553 4188 2612 4245 Si
2640 4205 2794 4246 mens
2821 4187 3067 4245 hominis
3104 4187 3329 4244 lucerna
3349 4202 3492 4242 nun-

1922 4295 2118 4355 cupata
2148 4293 2232 4342 est
2262 4286 2422 4355 juxta
2464 4283 2600 4339 illud
2651 4282 3006 4340 Psalmistaaz
3055 4299 3075 4333 ι
3113 4280 3383 4355 Quoniam
3432 4289 3489 4334 tu

1922 4377 2202 4431 illuminas
2240 4377 2526 4432 lucernam
2566 4390 2764 4440 meam,
2817 4373 3049 4428 Domine
3085 4390 3098 4426 :
3144 4390 3162 4422 ι
3218 4371 3495 4440 quomodo

1922 4484 2052 4523 vera
2082 4470 2175 4523 lux
2229 4468 2476 4522 erimus?
2502 4466 2812 4520 Adventitia
2838 4465 2992 4519 enim
3037 4470 3093 4518 et
3140 4462 3361 4517 aliunde
3395 4475 3495 4515 ac-

1926 4568 2079 4627 cepta
2110 4559 2349 4612 lucernae
2383 4558 2473 4610 lux
2498 4564 2600 4611 est.
2636 4556 2743 4627 67
2779 4554 2940 4621 Quod
2995 4555 3041 4610 si
3083 4554 3340 4609 tenebras
3392 4569 3495 4606 no-

209 4642 399 4713 μόνος
453 4639 481 4689 6
523 4637 851 4704 Μονογενὴς,
895 4633 1011 4696 πῶς
1060 4633 1179 4703 οὐχὶ
1234 4632 1430 4702 μᾶλλον
1477 4632 1639 4695 αὑτὸς
1680 4631 1805 4685 κατὲ

1927 4658 2071 4705 stras
2125 4649 2396 4703 illuminat
2438 4648 2590 4702 solus
2643 4645 2972 4717 Unigenitus
3001 4684 3016 4710 ,
3065 4642 3342 4712 quomodo
3384 4657 3493 4697 non

203 4728 496 4798 ἀλήθειαν
521 4726 653 4795 φῶς,
689 4726 846 4794 ἡμεῖς
888 4723 945 4775 δὲ
978 4721 1198 4787 οὑκέτι;
1235 4722 1297 4773 EI
1328 4720 1383 4773 δὲ
1417 4720 1572 4772 τοῦτο
1602 4719 1818 4789 ἀληθὲς,

203 4819 358 4880 πῶς
396 4817 463 4870 ἂν
498 4816 581 4884 εἴη
612 4813 799 4865 λοιπὸν
833 4810 1079 4881 όμοφυὴς
1110 4811 1172 4879 τῇ
1223 4806 1417 4875 κτίσει,
1446 4805 1696 4859 τοσοῦτον
1726 4807 1821 4859 αὑ-

200 4914 335 4981 τῆς
372 4906 770 4978 ὑπερκείμενος
794 4920 808 4968 ;

299 5022 514 5074 AAAO.
559 5019 622 5071 Εἰ
657 5016 935 5087 προσεῖναι
981 5013 1201 5066 δύναται
1247 5012 1313 5081 τῇ
1363 5010 1536 5063 κτίσει
1589 5010 1652 5062 τὸ
1688 5006 1823 5062 εἶναι

196 5113 353 5183 ᾳῷς
390 5109 662 5179 ἀληθινὸν,
699 5108 885 5176 ὥσπερ
917 5100 1007 5157 οῦν
1036 5103 1225 5171 ἀμέλει
1261 5100 1355 5155 καὶ
1384 5100 1460 5170 τῷ
1498 5099 1634 5169 Υἱῷ,
1669 5098 1822 5150 ἔσται

193 5200 485 5272 δηλονότι
515 5198 628 5266 φῶς
668 5195 916 5265 ἀληθινὸν
961 5194 989 5245 6
1038 5191 1343 5261 ἄνθρωπος,
1376 5188 1536 5258 μέρος
1567 5186 1823 5257 ὑπάρχων

194 5293 434 5361 αὐτῆς.
472 5291 624 5342 Τίσιν
659 5285 752 5341 οὖν
786 5288 892 5356 ἄρα
942 5283 1030 5337 διὰ
1077 5281 1185 5335 τῶν
1246 5280 1412 5350 ἁγίων
1466 5278 1756 5349 προφητῶν
1796 5281 1824 5331 6

194 5387 376 5448 Θεὸς
420 5384 517 5436 καὶ
567 5382 755 5451 Πατὴρ
807 5376 1191 5447 ἐπηγγέλλετο,
1241 5374 1413 5440 λέγων
1441 5387 1454 5401 ·
1494 5391 1514 5421 ι
1554 5372 1663 5424 Καὶ
1695 5373 1822 5423 ἀνα-

196 5482 395 5539 τελεῖ
446 5479 574 5547 ὑμῖν
621 5479 732 5537 τοῖς
781 5472 1134 5541 φοϐουμένοις
1186 5469 1246 5520 τὸ
1294 5466 1465 5537 ὄνομα
1515 5484 1615 5537 μου
1675 5465 1823 5536 ἥλιος

196 5564 613 5632 δίκαιοσὲνης.
658 5581 674 5612 ι
708 5560 773 5613 Τί
812 5560 920 5630 γὰρ
968 5559 1033 5612 ἂν
1065 5558 1199 5620 ὅλως
1232 5557 1381 5627 ἡλίου
1417 5555 1505 5607 τοῦ
1554 5556 1825 5622 καταυγα-

193 5665 431 5729 ζοντος
456 5653 514 5707 τὸ
558 5652 675 5707 κατ’
705 5652 958 5723 ἀλήθειαν
992 5650 1181 5722 ἐδεήθη
1238 5649 1387 5718 φῶς;
1426 5647 1580 5701 Ἀλλὰ
1615 5648 1719 5718 μὴν
1753 5648 1825 5710 ὡς

307 5835 366 5869 ³⁸
400 5833 546 5891 Psal.
584 5849 788 5900 xxxm,
824 5832 874 5887 6.
955 5833 995 5865 ³³
1034 5831 1175 5887 PsuI.
1210 5848 1354 5899 XV'I,
1385 5832 1473 5885 “29.

1924 4742 2076 4797 solus
2109 4741 2225 4810 ipse
2263 4755 2393 4794 vera
2427 4739 2520 4792 lux
2574 4736 2701 4803 erit,
2736 4750 2838 4791 nos
2868 4743 3050 4790 autem
3114 4734 3499 4804 nequaquam?

1924 4832 2079 4897 Quod
2099 4833 2143 4885 si
2165 4846 2352 4885 verum
2375 4842 2479 4893 est,
2499 4826 2776 4899 quomodo
2790 4826 3032 4895 ejusdem
3051 4834 3261 4881 natura:
3278 4826 3495 4880 demum

1924 4924 2027 4977 erit
2050 4937 2172 4976 cum
2193 4929 2467 4982 creatura,
2494 4920 2591 4990 qui
2612 4926 2765 4975 tanto
2785 4917 3074 4974 intervallo
3095 4932 3213 4973 eam
3241 4914 3503 4984 superat?

1995 5011 2223 5068 ALIUD.
2274 5012 2329 5067 Si
2359 5022 2609 5067 creatura
2659 5026 2788 5065 vera
2836 5011 2928 5063 lux
2985 5024 3106 5063 esse
3150 5015 3330 5077 potest
3388 5022 3495 5060 non

1930 5119 2092 5159 secus
2129 5117 2192 5157 ac
2226 5101 2396 5158 Filius
2419 5143 2432 5164 ,
2463 5102 2569 5155 erit
2603 5117 2800 5171 nempe
2832 5102 2922 5155 lux
2958 5115 3086 5155 vera
3143 5100 3327 5164 homo,
3374 5114 3499 5153 cum

1930 5191 1999 5246 sit
2038 5205 2164 5259 pars
2196 5190 2359 5244 illius.
2399 5188 2739 5254 Quibusnam
2781 5204 2911 5259 ergo
2958 5204 3054 5259 per
3102 5200 3326 5242 sanctos
3379 5204 3502 5257 pro-

1930 5281 2122 5351 phetas
2143 5280 2494 5349 promittebat
2524 5279 2663 5335 Deus
2687 5296 2752 5335 ac
2773 5279 2933 5333 Pater
2946 5279 3142 5334 dicens
3167 5297 3181 5332 :
3209 5298 3227 5331 ‹
3265 5278 3331 5330 Et
3356 5278 3502 5332 orie-

1932 5384 2018 5427 tur
2038 5373 2194 5427 vobis
2228 5372 2544 5428 timentibus
2570 5388 2764 5428 nomen
2794 5388 2970 5426 meum
3012 5368 3441 5439 SOI'jUSIIIIEB"?
3478 5388 3496 5421 ι

1932 5464 2073 5529 Quid
2111 5465 2279 5530 enim,
2324 5480 2534 5534 quteso,
2558 5480 2700 5519 verte
2735 5464 2842 5516 luci
2877 5463 3191 5516 illustrante
3219 5461 3332 5516 sole
3363 5475 3502 5529 opus

1934 5556 2069 5611 fuit?
2099 5558 2261 5626 Atqui
2294 5555 2436 5612 Deus
2464 5572 2527 5611 ac
2558 5554 2719 5609 Pater
2750 5555 2920 5608 solem
2964 5569 3024 5607 se
3066 5552 3321 5608 daturum
3373 5567 3502 5621 pro-

1936 5648 2183 5702 mittebat
2220 5646 2379 5702 nobis
2415 5647 2508 5717 qui
2538 5646 2658 5716 ejus
2695 5643 3078 5716 indigebamus
3100 5685 3113 5708 ,
3148 5657 3323 5714 eoque
3351 5657 3505 5698 acce-

1554 5828 1594 5862 ²⁰
1636 5829 1861 5884 Μίιῖιιιῆι.
1897 5846 1966 5887 μ’,
2000 5828 2052 5879 ‘3.
