4214 6502
731 410 829 468 ΗΟ

1723 418 1779 475 8.
1821 414 2097 475 CYiilLLI
2136 414 2607 475 ALEXANDle
2642 418 2964 479 AliCiilEP.

3890 422 3992 479 190

788 528 1116 608 collustrari,
1150 546 1264 586 tum
1316 533 1741 588 substantialiter
1772 534 1865 589 lux
1898 551 2009 590 esss
2051 544 2290 604 mque/it,

2469 538 2598 592 ἐστι
2629 539 2696 593 τὸ
2726 540 3037 608 ἀληθινὸν,
3066 537 3104 607 ἠ
3134 536 3201 592 δέ
3234 534 3353 591 τῶν
3382 535 3647 608 γενητῶν
3673 537 3889 608 φύσις..
3918 534 3989 589 ἐκ

788 600 923 654 sicut
954 600 1059 656 illo.

786 752 1074 811 Psalmlsta
1122 774 1133 810 :
1192 774 1210 809 s
1275 757 1558 829 Signatum
1602 768 1684 815 est
1737 776 1904 832 super
1956 778 2054 817 nos
2111 766 2288 817 lumen

717 846 901 900 vultus
932 847 1031 909 tui,
1064 844 1289 903 Domine
1320 846 1385 901 '°.
1414 862 1432 900 ι
1463 847 1744 919 Atqualis,
1780 852 2028 918 obsecro,
2067 862 2148 909 est
2176 855 2292 908 vul-

716 942 805 992 tus
833 936 923 992 ille
973 934 1068 993 Del
1122 950 1185 993 ac
1229 936 1429 1003 Patris,
1467 940 1626 1011 cujus
1661 954 1824 1011 super
1875 957 1973 999 nos
2018 946 2291 1014 signatum

713 1034 797 1083 est
825 1028 1048 1084 lumen?
1097 1028 1237 1083 Num
1292 1028 1387 1087 Del
1436 1026 1609 1087 Filius
1668 1034 2004 1103 unigenitus,
2060 1035 2149 1090 illa
2198 1050 2295 1109 per

713 1118 893 1173 omnia
921 1117 1120 1175 similis
1152 1119 1352 1189 imago,
1380 1126 1436 1176 et
1465 1120 1557 1190 qui
1594 1120 1824 1191 proinde
1864 1125 1980 1179 ait:
2013 1141 2031 1177 ι
2077 1124 2180 1192 Qui
2206 1127 2290 1183 vi-

712 1206 792 1260 dit
823 1222 931 1271 me,
965 1206 1099 1263 vidit
1130 1215 1183 1263 et
1215 1206 1429 1265 Patrem
1458 1208 1549 1265 "‘i
1586 1228 1603 1263 ι
1637 1210 1901 1283 Signatus
1939 1215 2085 1270 enim
2118 1224 2203 1274 est
2236 1218 2291 1274 in

672 1330 681 1339 ρ
713 1296 871 1353 nobis
908 1296 1001 1368 qui
1035 1296 1346 1353 conlormes
1372 1312 1475 1355 nos
1508 1298 1610 1356 sibi
1641 1300 1899 1365 reddidit,
1931 1308 1984 1358 et
2016 1316 2112 1373 per
2132 1319 2291 1360 suum

713 1388 981 1459 Spiritum
1020 1388 1479 1446 illuminationem
1529 1390 1807 1461 impressit
1840 1392 2006 1449 veluti
2050 1393 2291 1452 divinam

712 1478 823 1551 7o
856 1480 1147 1551 imaginem
1175 1480 1525 1538 credentibus
1554 1482 1609 1537 in
1644 1480 1820 1553 ipsum
1856 1490 1915 1539 ut
1941 1493 1995 1540 et
2029 1486 2133 1557 ipsi
2162 1502 2293 1545 nun-

718 1578 997 1641 cupentur
1042 1568 1109 1627 ad
1159 1568 1280 1641 ejus
1322 1568 1748 1627 similitudinem
1780 1571 1879 1637 dli,
1923 1570 2128 1646 Deique
2171 1575 2287 1633 lilii.

713 1659 821 1717 Sed
855 1662 900 1718 si
925 1668 1106 1717 creata
1132 1676 1218 1718 res
1252 1660 1323 1717 sit
1350 1676 1479 1718 vera
1512 1661 1601 1717 illa
1632 1662 1746 1727 lux,
1774 1664 2049 1735 quomodo
2078 1666 2292 1738 signata

711 1760 797 1811 est
833 1754 891 1810 in
930 1752 1134 1810 nobis?
1183 1754 1294 1810 Lus
1356 1755 1556 1826 quippe
1602 1756 1655 1809 in
1716 1756 1960 1814 tenebris
2011 1757 2181 1826 lucet,
2235 1767 2293 1815 ut

2470 611 2759 689 κφητίᾳς
2788 602 2906 689 τῆς
2949 602 3298 689 παρ”αρτοῦ
3344 602 3777 689 φῶτΙζςεςαι,ἐρ
3834 602 3991 689 εἶναι

2467 676 2593 747 φῶς
2632 676 2950 744 ὀὑσιωδῶς
2994 676 3106 733 οὐκ
3140 676 3392 748 ἔχουσα,
3438 676 3700 745 καθάπερ
3734 677 3986 744 ἐκεῖνος.

2480 766 2536 821 ’0
2592 766 2924 839 Ψαλμῳδόςο
2980 784 3000 820 ε
3054 766 3392 839 Ἐσημειώθη
3443 766 3527 836 ἀφ’
3561 766 3708 838 ἡμᾶς
3756 764 3817 820 τὸ
3865 764 3982 836 φῶς

2398 857 2490 911 τοῦ
2522 856 2816 928 προσώπου
2849 874 2967 920 σου,
3005 857 3199 929 Κύριε.
3238 875 3257 910 s
3290 858 3400 912 Kal.
3438 858 3588 910 ποῖον
3626 857 3732 927 ἀρα
3777 854 3895 909 ἐστι
3924 854 3987 908 τὸ

2396 949 2688 1021 πρόσωπον
2714 947 2811 1003 τοῦ
2845 947 2980 1003 θεοῦ
3008 950 3102 1003 καὶ
3134 949 3367 1020 Πατρδς,
3395 941 3455 1001 οῦ
3482 946 3543 1001 τὸ
3574 947 3688 1018 φῶς
3720 947 3805 1017 ἐφ’
3836 946 3986 1018 ἡμᾶς

2396 1038 2803 1111 σεσημείωταις
2846 1035 2928 1092 Ἥ
2970 1038 3187 1103 πάντως
3239 1039 3269 1091 6
3336 1035 3632 1109 μονογενὴς
3692 1032 3786 1089 τοῦ
3848 1030 3986 1087 Θεοῦ

2394 1130 2543 1196 Υἱὸς.
2578 1133 2613 1204 ἡ
2647 1131 3069 1204 ἀπαράλλακτος
3106 1130 3292 1195 εἰκὼν,
3326 1128 3423 1184 καὶ
3470 1128 3557 1183 διά
3590 1126 3746 1205 τοῦτο
3786 1125 3983 1195 λόγων.

2400 1242 2419 1277 ε
2464 1225 2524 1279 '0
2556 1224 2816 1295 ἑωρακὼς
2859 1225 2980 1295 εμὲ,
3026 1223 3240 1295 ἑώρακε
3278 1222 3369 1276 τὸν
3401 1220 3664 1292 Πατίρας
3701 1237 3720 1272 s
3767 1218 3986 1288 Ἐνεση-

2397 1311 2573 1384 μάνθη
2612 1312 2668 1365 δὲ
2710 1313 2862 1383 ἡμίν,
2891 1311 3255 1383 συμμόρφους
3288 1312 3436 1381 ἡμᾶς
3463 1308 3749 1376 ἀποδείξας
3783 1307 3982 1377 ἐαυτῷ,

2393 1404 2489 1459 καὶ
2518 1404 2608 1458 τὸν
2637 1402 2725 1458 διά
2758 1403 2851 1458 τοῦ
2875 1404 3192 1476 Πνεῦματος
3216 1402 3312 1457 τοῦ
3349 1403 3478 1457 ίδίου
3507 1402 3785 1473 φωτισμὸν
3820 1402 3986 1471 ἐγχαο

2396 1494 2563 1569 ράξας
2600 1494 2675 1561 ὡς
2708 1494 2856 1550 θείαν
2895 1496 3079 1551 εικόνα
3124 1497 3239 1560 τοῖς
3282 1495 3636 1549 πιστεύσασιν
3684 1494 3765 1558 είς
3795 1493 3980 1559 αὐτὸν,

2395 1586 2485 1642 ἵνα
2526 1587 2619 1643 καὶ
2668 1587 2823 1642 αὐτοὶ
2868 1584 3261 1658 χρηματίζων
3299 1586 3399 1658 ἥδη
3446 1586 3566 1641 κατ’
3587 1583 3747 1639 αὐτὸν
3778 1584 3888 1638 Θεοί
3920 1598 3982 1638 τε

2396 1679 2489 1734 καὶ
2516 1674 2650 1734 Θεοῦ
2685 1679 2789 1733 υίοί
2808 1697 2821 1711 υ
2868 1679 2986 1734 ἀλλ’
3019 1680 3177 1751 εἰπερ
3201 1672 3270 1750 ἦν
3293 1694 3345 1733 τι
3374 1677 3484 1731 τῶν
3508 1674 3751 1747 γενητῶν
3778 1676 3838 1730 τὸ
3865 1674 3983 1746 φῶς

2394 1767 2455 1821 τὸ
2484 1768 2752 1841 ἀληθινὸν,
2784 1769 2900 1834 πῶς
2927 1771 3059 1841 ⁴ἡμῖν
3110 1767 3413 1840 ενεσημάνθ
3426 1785 3450 1839 .1
3477 1784 3492 1835 ;
3530 1766 3603 1821 T6
3632 1766 3743 1838 γάρ
3774 1765 3889 1836 φῶς
3922 1766 3983 1818 εν

708 1848 909 1906 scribit
947 1846 1207 1905 Joannes.
1248 1846 1367 1903 Lux
1417 1846 1565 1903 enim
1611 1847 1665 1902 in
1697 1846 1817 1905 luce
1846 1849 2122 1921 quomodo
2152 1867 2288 1909 con-

2396 1862 2460 1933 τῇ
2492 1861 2680 1933 σκοτίᾳ
2714 1860 2914 1931 φαίνει,
2946 1860 3084 1915 κατά
3114 1860 3213 1931 τὴν
3256 1859 3349 1915 τοῦ
3388 1859 3837 1930 Πνευματοφόρου
3870 1874 3983 1928 φωο

712 1940 899 2013 spicua
932 1938 1133 1995 fuerit?

777 2032 1006 2090 ALIUD.
1052 2030 1341 2088 Psalmista
1386 2049 1447 2086 ιι
1494 2030 1607 2088 Lux
1654 2042 1773 2089 orta
1803 2042 1886 2091 est
1929 2034 2098 2105 justo,
2142 2057 2161 2091 ι
2198 2040 2283 2095 in-

710 2128 827 2201 quit
860 2126 926 2183 “.
976 2125 1030 2182 Si
1066 2126 1241 2182 lucem
1276 2124 1519 2193 habenti,
1554 2135 1609 2184 et
1639 2128 1788 2202 illius
1822 2142 1931 2183 non
1964 2128 2165 2201 indigo,
2194 2146 2287 2187 su-

714 2233 985 2289 pervacua
1014 2222 1114 2274 est.
1151 2214 1246 2271 Sin
1279 2224 1458 2272 autem
1490 2223 1549 2272 ut
1581 2233 1686 2273 non
1716 2218 1935 2274 habenti
1964 2218 2055 2274 lux
2087 2220 2282 2289 oritur,

712 2312 802 2367 lux
836 2324 967 2383 ergo
987 2308 1138 2367 solus
1167 2316 1249 2367 est
1282 2306 1629 2382 Unigenitus,
1662 2310 1802 2367 lucis
1826 2319 2006 2367 autem
2036 2321 2286 2369 creatura

710 2410 795 2459 cst
821 2403 1115 2473 particeps,
1149 2408 1311 2471 atque
1340 2401 1547 2457 idcirco
1576 2402 1806 2459 alterius
1842 2410 2069 2458 natum.

780 2491 1011 2551 ALIUD.
1049 2490 1343 2549 Psalmista
1394 2493 1543 2551 canit
1573 2513 1584 2549 :
1627 2512 1644 2547 ι
1689 2493 1806 2551 Non
1838 2495 1986 2553 enim
2019 2498 2072 2552 in
2105 2498 2288 2570 gladio

711 2603 812 2643 suo
854 2586 1218 2659 possederunt
1255 2594 1476 2654 terram,
1529 2597 1583 2644 et
1625 2588 1907 2645 brachium
1954 2604 2142 2647 eorum
2176 2606 2286 2648 non

710 2679 946 2735 salvavit
977 2693 1098 2744 eos,
1131 2678 1230 2737 sed
1270 2678 1491 2736 dextera
1522 2686 1639 2746 tua,
1683 2689 1736 2737 et
1776 2682 2062 2739 brachium
2109 2692 2287 2753 tuum,

709 2778 765 2825 et
804 2770 1133 2827 illuminatio
1181 2770 1365 2829 vultus
1402 2772 1479 2828 tui
1523 2772 1587 2828 ⁸³.
1634 2792 1653 2827 ι
1703 2772 2163 2833 illuminationem
2194 2776 2290 2833 Dei

712 2879 775 2919 uc
799 2858 979 2919 Patris
1018 2862 1105 2919 hic
1150 2879 1345 2921 rursus
1379 2865 1631 2921 nominat
1672 2868 2064 2925 revelationem
2100 2884 2223 2941 quas
2259 2885 2288 2927 a

710 2950 853 3008 Filio
878 2962 963 3009 est
1000 2968 1096 3024 per
1131 2952 1420 3025 Spiritum,
1459 2964 1513 3012 et
1536 2957 1879 3029 singularum
1916 2976 2100 3016 rerum
2132 2963 2290 3033 quasi

711 3042 1221 3111 manuductionem,
1253 3060 1282 3101 a
1316 3061 1428 3118 quo
1459 3062 1569 3103 uno
1612 3051 1819 3105 servati
1865 3060 1996 3107 sunt
2025 3050 2293 3121 Israelita:

711 3142 765 3189 et
793 3130 1177 3205 Egyptiorum
1207 3137 1498 3208 tyrannide
1532 3140 1764 3197 liberati.
1803 3142 1859 3197 Si
1892 3158 2023 3214 ergo
2060 3161 2166 3201 non
2204 3161 2292 3202 so-

2394 1956 2511 2029 νήν.
2550 1954 2669 2017 Φῶς
2698 1954 2806 2025 γάρ
2837 1955 2896 2008 ὲν
2932 1954 3070 2024 φωτὶ
3110 1951 3227 2017 πῶς
3268 1952 3335 2007 ἀν
3371 1952 3581 2023 γένοιτο
3630 1951 3980 2022 καταφανίςς

2461 2049 2666 2102 ΔΛΛΟ.
2696 2047 2753 2102 Ὀ
2782 2045 3119 2118 Ψαλμῳδόςο
3150 2062 3169 2097 ε
3200 2044 3319 2109 Φῶς
3346 2045 3587 2100 ἀνέτειλε
3611 2042 3686 2116 τῷ
3706 2040 3920 2113 δικαίῳ,
3955 2056 3976 2093 s

2394 2141 2579 2215 φησίν·
2608 2141 2655 2194 εί
2704 2139 2802 2210 μὲν
2840 2137 3016 2209 ῑχοντι
3045 2136 3141 2192 καὶ
3186 2135 3261 2209 μὴ
3307 2136 3564 2207 δεομένῳ,
3615 2133 3886 2207 περιττόν.
3916 2132 3983 2187 Et

2391 2231 2448 2287 δὲ
2480 2232 2555 2297 ὡς
2582 2231 2682 2286 οὐκ
2715 2229 2889 2301 ἔχοντι
2932 2229 2994 2283 τὸ
3031 2228 3147 2299 φῶς
3184 2229 3483 2294 ἀνατέλλει,
3525 2226 3641 2299 φῶς
3679 2227 3805 2306 ἀρα.
3821 2226 3980 2298 μόνος

2393 2326 2422 2378 6
2449 2324 2776 2395 Μονογενὴς,
2823 2322 3002 2393 φωτὸς
3049 2321 3106 2376 δὲ
3150 2321 3184 2392 ἠ
3242 2321 3418 2387 κτίσις
3472 2321 3713 2394 μέτοχος,
3751 2319 3846 2374 καὶ
3891 2315 3983 2373 διὰ

2392 2417 2550 2472 τοῦτο
2577 2414 2868 2486 ἀλλοφυής.
3454 2481 3465 2491 _

2464 2506 2665 2560 ΔΛΛΟ.
2708 2505 2765 2558 '0
2799 2502 3101 2575 Ψαλμῳδός
3137 2518 3329 2575 φησιν’
3367 2519 3385 2555 ι
3418 2500 3491 2558 Οῦ
3519 2501 3626 2574 γάρ
3656 2503 3712 2558 δν
3744 2502 3808 2572 τῇ
3847 2501 3979 2583 ῥομ-

2395 2598 2531 2670 φαίᾳ
2561 2595 2740 2651 αὐτῶν
2774 2595 3221 2668 ὲκληρονόμησαν
3246 2596 3372 2666 γῆν,
3413 2596 3507 2650 καὶ
3541 2594 3570 2649 6
3616 2592 3850 2667 βραχίων
3884 2594 3993 2667 αὖοι

2395 2689 2502 2743 τῶν
2532 2688 2631 2742 οῦκ
2664 2687 2866 2742 ἔσωσεν
2899 2688 3118 2752 αὐτοὺς,
3148 2687 3265 2742 ἀλλ’
3292 2690 3323 2759 ή
3357 2687 3505 2755 δεξιά
3529 2705 3642 2751 σου,
3669 2686 3761 2740 καὶ
3788 2688 3816 2740 6
3847 2684 3980 2757 βρα-

2396 2778 2527 2849 χίων
2560 2794 2675 2843 σου,
2703 2777 2796 2831 καὶ
2821 2779 2849 2830 6
2876 2775 3154 2847 φωτισμὸς
3198 2776 3293 2830 τοῦ
3334 2776 3625 2849 προσώπου
3656 2791 3778 2829 σου.
3816 2792 3832 2826 ι
3864 2774 3982 2826 Φωο

2396 2867 2588 2939 τισμδν
2612 2864 2707 2920 τοῦ
2740 2863 2876 2919 Θεοῦ
2917 2866 3011 2919 καὶ
3041 2863 3253 2935 Πατρδς
3286 2862 3540 2935 ὀνομάζει
3576 2863 3736 2919 πάλιν
3764 2862 3821 2915 ἐν
3851 2860 3980 2915 τού-

2396 2970 2531 3019 τοις,
2564 2953 2663 3024 τὴν
2708 2951 2768 3020 ἐξ
2813 2950 2945 3006 Υίοῦ
2987 2951 3076 3006 διά
3117 2952 3212 3006 τοῦ
3260 2952 3574 3024 Πνεύματος
3613 2949 3981 3019 ἀποκάλυψιν,

2398 3045 2494 3101 καὶ
2521 3044 2617 3113 τὴν
2651 3046 2731 3109 είς
2758 3043 2964 3099 ικαστα
2990 3043 3097 3097 τῶν
3125 3044 3293 3098 όντων
3320 3044 3703 3114 χειραγωγίαν,
3732 3043 3759 3095 8
3788 3042 3853 3116 δὴ
3885 3044 3983 3096 καὶ.

2403 3136 2561 3208 μόνον
2580 3136 2804 3190 διέσωσε
2828 3134 2921 3189 τὸν
2950 3134 3187 3207 Ἰσραὴλ,
3214 3135 3426 3206 καὶτῆς
3452 3134 3766 3201 Αἰγυπτίων
3794 3136 3981 3189 πλεονο

712 3222 796 3279 Ius
836 3221 1169 3297 Unlgenitus
1218 3234 1302 3289 est
1337 3228 1428 3285 lux
1467 3244 1619 3296 vera,
1667 3232 1762 3289 sed
1816 3232 2056 3304 dignitas
2103 3238 2292 3294 eadem

2397 3227 2545 3295 εξίας
2571 3226 2910 3300 ἀπήλλαξεν
2945 3227 3100 3297 ειπερ
3125 3220 3219 3281 οῦν
3265 3227 3325 3279 οῦ
3366 3227 3525 3298 μόνος
3572 3224 3718 3281 εστὶν
3746 3229 3772 3281 ό
3806 3228 3987 3281 Move-

709 3322 793 3371 εει
823 3316 875 3371 in
905 3318 1194 3386 creaturis,
1221 3320 1411 3391 quidni
1439 3324 1665 3397 proprio
1699 3326 1904 3385 lumine
1934 3330 2135 3385 servati
2165 3339 2293 3388 sunt

713 3404 991 3473 lsraelitm,
1040 3408 1138 3467 sed
1175 3419 1399 3485 accepto
1444 3415 1625 3473 alieno
1674 3433 1775 3474 nec
1831 3421 2151 3477 necessario
2207 3422 2293 3478 lu-

713 3500 899 3555 mine?
946 3500 1107 3572 Atqui
1160 3505 1511 3563 manifestum
1544 3516 1627 3564 est
1664 3506 2018 3581 Unigenitum
2051 3521 2111 3569 ut
2154 3513 2293 3572 lucis

713 3590 1087 3665 indigentibus
1128 3596 1421 3655 illusisse:
1474 3598 1645 3671 igitur
1708 3601 1823 3673 ipse
1884 3619 2027 3659 unus
2074 3613 2159 3662 est
2200 3607 2293 3662 lux

715 3698 864 3753 vera,
895 3701 1013 3743 eam
1046 3695 1229 3745 autem
1264 3690 1331 3747 ab
1364 3690 1483 3761 ipso
1520 3701 1775 3749 creatura
1807 3696 2167 3766 consequitur
2197 3712 2294 3769 per

712 3778 964 3847 gratiam.
1019 3780 1177 3847 Qnud
1214 3782 1258 3839 si
1292 3786 1365 3839 ita
1414 3793 1522 3853 est,
1570 3787 1846 3859 quomodo
1898 3787 2147 3861 ejusdem
2186 3791 2294 3847 erit

712 3885 834 3925 cum
870 3870 989 3943 ipso
1025 3875 1273 3929 naturaai

783 4129 1014 4195 ALIUD.
1070 4136 1365 4196 Psalmista
1400 4158 1411 4194 :
1452 4158 1470 4191 ε
1504 4140 1723 4209 Beatus,
1764 4161 1783 4195 ι
1823 4142 2025 4214 inquit,
2056 4163 2075 4197 ε
2114 4161 2291 4218 popu-

713 4220 798 4277 Ius
836 4222 929 4293 qui
956 4222 1059 4280 scit
1078 4223 1497 4294 jubilatlonem:
1526 4226 1777 4295 Domine,
1795 4229 1849 4285 in
1868 4231 2074 4289 lumine
2106 4234 2291 4291 vultus

711 4312 789 4367 tul
824 4313 1182 4371 ambulabunt
1225 4315 1291 4372 ".
1335 4334 1353 4369 ι
1391 4317 1591 4385 Quidni
1626 4320 1812 4391 potius
1849 4321 1956 4391 ipsi
1994 4322 2048 4378 in
2078 4338 2180 4380 suo
2211 4324 2293 4380 lu-

711 4401 860 4458 mine
894 4402 1407 4461 ambulabuntiaut
1434 4421 1556 4475 cur,
1589 4424 1799 4480 quaeso,
1829 4410 2048 4467 aliunde
2068 4422 2291 4483 accepta

712 4492 1114 4553 illuminatione
1147 4496 1249 4554 sibi
1279 4499 1368 4554 vix
1396 4500 1626 4557 salutem
1670 4502 1989 4569 conciliant,
2024 4503 2071 4560 si
2102 4519 2293 4575 reapse

710 4600 840 4641 vera
871 4594 997 4643 sunt
1039 4589 1142 4660 ipsi
1184 4590 1295 4656 lux,
1336 4606 1447 4647 non
1482 4607 1645 4650 secus
1673 4608 1737 4650 ac
1764 4595 1853 4653 ille
1887 4592 1981 4653 Dei
2014 4611 2080 4653 ac
2114 4595 2293 4655 Patris
2323 4579 2368 4638 θ

711 4676 917 4747 vultus,
952 4678 1057 4736 hoc
1096 4691 1180 4738 est
1218 4680 1427 4741 Filius?
1477 4685 1644 4757 Atqui
1692 4688 1896 4743 nemini
1952 4687 2177 4744 dubium
2209 4696 2293 4745 est

712 4764 951 4825 Verbum
983 4782 1249 4829 creatum
1293 4774 1756 4833 illuminationem
1800 4778 2009 4850 largiri,
2044 4786 2103 4835 ut
2150 4779 2293 4835 indi-

688 4862 882 4949 ~genti,
913 4860 1055 4920 hanc
1086 4876 1266 4923 autem
1304 4876 1531 4939 accepto
1563 4884 1628 4926 eo
1661 4871 1806 4942 quod
1839 4888 1948 4928 non
1977 4872 2161 4938 habet,
2192 4875 2293 4930 sal-

716 4954 851 5009 vari.
882 4956 1168 5022 Quomodo
1187 4974 1319 5031 ergo
1348 4960 1488 5016 idem
1516 4973 1677 5017 erunt
1705 4964 1887 5034 quoad
1920 4966 2291 5023 substantiam

719 5045 1061 5119 Uuigenitus,
1095 5058 1149 5107 et
1188 5067 1309 5123 quas
1331 5069 1429 5124 per
1461 5055 1640 5125 ipsum
1670 5054 1811 5111 facta
1847 5059 2013 5115 sunt?

788 5321 1014 5379 ALIUD.
1058 5323 1393 5383 Psalmista:
1458 5349 1477 5381 s
1527 5328 1785 5387 Exortum
1832 5344 1915 5390 est
1950 5336 2002 5391 in
2053 5338 2295 5397 tenebris

719 5417 902 5470 lumen
934 5418 1118 5485 rectis,
1161 5438 1178 5471 ι
1233 5421 1410 5491 inquit
1461 5423 1527 5476 ".
1574 5424 1859 5491 Quomodo
1906 5429 2071 5494 enim,
2109 5448 2297 5501 quaeso

719 5518 789 5573 te,
824 5510 931 5563 erit
955 5520 1139 5566 rectus
1184 5512 1236 5566 in
1270 5514 1533 5579 tenebris,
1579 5531 1705 5572 cum
1736 5520 1805 5574 sit
1849 5521 2014 5575 etiam
2056 5522 2173 5593 ipse
2205 5524 2294 5579 lux

720 5614 870 5662 vera,
904 5603 1346 5672 quandoquidem
1384 5606 1437 5662 id
1469 5608 1633 5665 habet
1677 5625 1896 5681 quoque
1927 5626 2108 5668 rerum
2138 5630 2295 5670 erea-

723 5699 907 5746 tarum
938 5703 1135 5751 natura
1171 5711 1281 5753 non
1313 5714 1475 5757 secus
1506 5716 1569 5755 ac
1620 5700 1986 5776 Uuigenitus?
2039 5708 2194 5773 Quod
2244 5711 2290 5765 si

798 5808 844 5839 ”
884 5807 1026 5864 Psal.
1062 5828 1132 5875 Iv,
1168 5814 1217 5865 7.

736 5879 780 5911 ε·
819 5877 961 5937 rsu.
996 5899 1119 5952 cxi,
1155 5887 1201 5940 ι.

2396 3321 2558 3394 γενὴς
2581 3320 2642 3375 τὸ
2670 3322 2785 3392 φῶς
2814 3319 2875 3375 τὸ
2900 3320 3174 3393 ἀληθινὸν,
3200 3321 3494 3392 δνυπάρχει
3532 3321 3589 3376 δὲ
3631 3321 3722 3375 καὶ
3744 3323 3857 3385 τοῖς
3884 3336 3984 3389 γε-

2396 3417 2576 3488 νητοῖς
2612 3414 2672 3468 τὸ
2703 3416 2815 3468 ἴσον
2844 3411 3079 3485 ἀξίωμα,
3121 3412 3173 3466 τί
3218 3410 3292 3484 μὴ
3327 3410 3405 3483 τῷ
3443 3413 3624 3482 οἰκείῳ
3664 3408 3985 3470 διεσώζοντο

2397 3508 2535 3578 φωτὶ
2595 3507 2643 3560 ei
2700 3506 2828 3577 napi.
2870 3498 2943 3558 ῶν
2994 3507 3022 3558 6
3065 3504 3251 3574 λόγος,
3314 3504 3647 3577 προσθήκαις
3692 3502 3747 3557 δι
3789 3500 3981 3573 ὥσπερ

2395 3594 2677 3666 ἀλλοτρίου
2738 3594 2835 3649 καὶ
2871 3592 2971 3647 οῦκ
3016 3592 3314 3663 ἀναγκαίου
3354 3595 3529 3665 φωτὸς
3574 3591 3982 3664 ὲφοδιαζόμενοι

2395 3687 2708 3759 φαίνονταις
2762 3685 2899 3740 Ἀλλ’
2955 3684 3070 3739 ἔστι
3122 3684 3301 3756 δῆλον,
3361 3684 3437 3748 ὡς
3481 3683 3753 3757 δεομένοις
3800 3683 3982 3752 φωτὸς

2395 3778 2707 3851 δπέλαμψεν
2737 3781 2765 3833 6
2797 3779 3143 3850 Μονογενής·
3172 3774 3369 3831 οὐκοῦν
3406 3774 3567 3839 αὐτὸς
3612 3778 3708 3847 μὲν
3754 3777 3849 3829 καὶ
3885 3775 3983 3845 μό·

2394 3889 2483 3936 νος
2505 3872 2567 3926 τὸ
2596 3871 2710 3942 φῶς
2735 3872 2851 3926 ἐστι
2880 3870 2940 3925 τὸ
2968 3868 3240 3939 ἀληθινὸν,
3268 3866 3565 3933 δανείζεται
3586 3866 3639 3920 δι
3663 3865 3792 3936 παρ’
3814 3858 3981 3919 αὐτοῦ

2394 3963 2492 4035 τὴν
2519 3962 2676 4034 χάριν
2721 3961 2755 4032 ἠ
2795 3959 2993 4024 κτίσις.
3028 3959 3093 4013 Ei
3126 3958 3182 4011 δὲ
3210 3956 3388 4024 τοῦτο,
3429 3956 3546 4023 πῶς
3580 3957 3645 4011 ἀν
3672 3957 3756 4029 είη
3795 3956 3982 4010 λοιπὸν

2397 4054 2489 4109 καὶ
2519 4053 2765 4125 όμοφυὴς
2800 4051 2949 4124 αῦτῷ
2973 4071 2985 4119 ;

2465 4146 2664 4200 AAAO.
2700 4145 2759 4199 Ὀ
2793 4144 3131 4214 Ψαλμῳδός”
3182 4162 3199 4194 ι
3246 4140 3550 4214 Μακάριος,
3606 4160 3623 4194 ι
3666 4142 3857 4211 φησινς
3891 4160 3908 4192 ι
3954 4144 3982 4195 ὁ

2392 4239 2521 4303 λαὸς
2555 4240 2584 4292 6
2608 4237 2888 4308 γινώσκων
2914 4235 3249 4307 ἀλαλαγμόνο
3274 4234 3464 4307 Κύριε,
3502 4236 3558 4288 ὲν
3606 4232 3684 4305 τῷ
3707 4234 3845 4302 φωτὶ
3885 4232 3982 4286 τοῦ

2396 4330 2688 4402 προσώπου
2730 4345 2823 4383 σου
2857 4327 3232 4401 πορεύσονται.
3265 4344 3283 4379 s
3309 4324 3459 4381 Διατί
3486 4325 3561 4397 μὴ
3588 4323 3787 4396 μᾶλλον
3815 4324 3873 4378 ιν
3901 4324 3996 4395 τῷ-

2398 4426 2513 4497 ίδίῳ
2542 4426 2636 4480 καὶ
2663 4424 2817 4480 αὐτοὶ
2856 4421 3161 4495 βαδιοῦνται
3186 4420 3358 4491 φωτίς
3398 4421 3450 4474 τί
3494 4419 3571 4486 δὲ,
3598 4417 3719 4472 sint
3754 4434 3864 4489 μοι,
3889 4417 3983 4469 τὸν

2396 4520 2525 4590 παρ’
2565 4517 2752 4590 ἑτέρου
2810 4504 3157 4585 συλλέγοντες
3206 4512 3520 4585 φωτισμδν,
3575 4511 3725 4583 μόλις
3770 4511 3983 4572 ἑαυτοῖς

2396 4600 2721 4683 ἱατορθοῦσι
2750 4608 2848 4680 τὴν
2878 4606 3172 4679 σωτῃρίαν,
3215 4604 3371 4674 εἴπερ
3403 4603 3572 4666 ὄντως
3612 4601 3720 4655 sici.
3749 4602 3843 4655 καὶ
3877 4601 3980 4654 αῦ-

2396 4705 2479 4758 toi
2519 4703 2660 4757 κατά
2700 4700 2956 4772 ἀλήθειαν
2990 4697 3126 4768 φῶς.
3177 4696 3364 4767 ὥσπερ
3408 4690 3504 4749 οὖν
3550 4694 3765 4763 ἀμέλει,
3797 4693 3889 4747 καὶ
3922 4694 3986 4745 τὸ

2396 4795 2687 4867 πρόσωπον
2734 4789 2827 4846 τοῦ
2887 4789 3023 4845 Θεοῦ
3105 4790 3198 4842 καὶ
3255 4786 3488 4857 Πατρὸς,
3537 4784 3677 4839 τοῦτ’
3731 4784 3896 4847 ἔστιν,
3958 4788 3986 4838 6

2396 4886 2555 4951 Υίός;
2599 4883 2715 4939 ἀλλ’
2763 4883 2929 4945 ἔστιν,
2959 4877 3133 4951 οἶμαι,
3173 4877 3334 4932 παντί
3388 4893 3466 4947 τῳ
3518 4876 3848 4944 καταφανὲς,
3900 4874 3983 4928 ὅτι

2398 4976 2626 5049 χορηγεῖ
2680 4973 2778 5044 μὲν
2815 4975 2843 5027 6
2868 4972 3039 5039 Λόγος
3070 4968 3144 5033 ὡς
3183 4967 3411 5038 δεομένῃ
3448 4968 3514 5037 τῇ
3550 4964 3723 5019 κτίσει
3750 4965 3841 5017 τὸν
3872 4982 3986 5033 φω-

2401 5067 2672 5141 τισμὸν,ὴ
2709 5065 2766 5119 δι
2804 5066 2939 5134 ὅπερ
2968 5062 3067 5117 οῦκ
3121 5061 3233 5131 ἔχει
3277 5057 3514 5113 λαὸοὗσα
3564 5056 3816 5122 σώζεται.
3861 5056 3986 5118 Πῶς

2402 5154 2495 5215 οὖν
2534 5158 2614 5214 ἔτι
2657 5156 2848 5212 ταυτὸν
2877 5156 2958 5219 είς
2998 5153 3189 5207 οὐσίαν
3234 5152 3261 5205 6
3295 5148 3621 5221 Μονογενὴς,
3670 5149 3764 5202 καὶ
3810 5150 3879 5201 τὰ
3915 5147 3985 5201 δι’

2404 5252 2568 5309 αὐτοῦ
2603 5250 2863 5321 γεγονότα
2889 5265 2903 5313 ;

2473 5346 2672 5399 ΑΛΛΟ.
2714 5342 2775 5396 Ὀ
2821 5338 3123 5411 Ψαλμῳδός
3163 5352 3175 5365 ·
3221 5356 3239 5389 ι
3282 5335 3643 5402 Ἐξανέτειλεν
3689 5335 3747 5388 ὲν
3804 5334 3988 5387 σκότει

2404 5437 2520 5507 φῶς
2548 5438 2660 5498 τοῖς
2682 5433 2886 5494 εὐθέσι,
2926 5450 2943 5482 s
2979 5431 3163 5502 φησίν.
3211 5429 3333 5492 Πῶς
3362 5428 3469 5499 γὰρ
3495 5427 3631 5492 ὅλως
3666 5421 3733 5498 ἦν
3758 5427 3787 5478 6
3825 5425 3988 5489 εὐθὺς

2402 5530 2461 5583 ὲν
2489 5529 2668 5582 σκότει
2695 5524 2809 5595 φῶς
2831 5523 3091 5594 ὑπάρχων
3117 5521 3207 5574 καὶ
3237 5520 3397 5583 αὐτὸς
3436 5519 3497 5573 τὸ
3524 5517 3796 5589 ἀληθινὸν,
3827 5520 3987 5585 εἰπερ

2400 5619 2514 5690 ἔχει
2544 5618 2702 5672 τοῦτο
2731 5615 2825 5669 καὶ
2856 5612 2964 5667 τῶν
2994 5610 3238 5683 γενητῶν
3269 5611 3303 5681 ἡ
3332 5608 3515 5677 φύσις,
3542 5607 3731 5677 ὥσπερ
3756 5606 3785 5659 6
3818 5606 3989 5659 Μονο-

2400 5713 2591 5783 γενής;
2650 5710 2713 5764 El
2765 5708 2822 5761 δὲ
2863 5705 2963 5760 οῦκ
3015 5704 3194 5774 ἔχουσι
3240 5704 3351 5767 τοῖς
3392 5700 3570 5755 εῦθὲσι
3611 5697 3673 5751 τὸ
3703 5696 3815 5768 φῶς
3846 5697 3985 5751 ἀτω-

1299 5818 1339 5850 ⁸¹
1385 5817 1541 5875 Joan.
1617 5838 1725 5892 xiv,
1755 5825 1806 5880 9.
1886 5825 1929 5857 "
1972 5823 2113 5882 Psal.
2180 5842 2341 5893 xcvi,
2391 5826 2472 5882 li.
2555 5825 2597 5859 ³³
2640 5823 2787 5882 Psal.
2846 5835 3016 5886 sun,
3078 5817 3127 5875 4.
3208 5816 3252 5849 ³³
3322 5812 3464 5871 Psal.
3528 5824 3806 5875 uxxvm,
3892 5804 3977 5865 i6.
