4214 6502
143 397 233 456 I‘ZI

1172 403 1242 462 IN
1265 405 1548 463 JOANNIS
1587 403 2030 466 EVANGELIUM
2061 409 2190 466 LIB.
2233 409 2277 467 I.

3305 407 3331 467 ι
3339 407 3408 467 ‘2!

147 519 444 586 στέλλεται,
483 522 687 577 πολλῶν
715 521 845 596 ήμῐν
878 523 936 579 οὐ
970 524 1147 597 δεήσει
1188 525 1388 597 λόγων⁸
1442 527 1580 600 αὑτὴ
1618 527 1723 600 γὰρ

1835 520 2012 586 lumen
2043 531 2210 587 rectis
2239 527 2495 594 mittitur,
2526 533 2787 598 tanquam
2829 523 2932 596 '71
2969 539 3032 580 ea
3068 523 3408 592 carentibus,

145 611 177 677 ὴ
209 610 315 666 τῶν
346 612 684 684 πραγμάτων
730 613 1020 688 ἁναϐοήσει
1067 616 1247 687 φύσις,
1279 617 1354 681 ὡς
1397 618 1495 672 οὐκ
1531 619 1595 672 ἂν
1637 619 1721 690 εἴη

1835 638 1936 689 non
1973 621 2161 677 multis
2189 620 2370 676 verbis
2399 618 2559 674 nobis
2595 631 2732 687 opus
2757 624 2842 672 est
2875 633 2886 670 :
2937 615 3057 685 ipsa
3086 615 3288 687 quippe
3319 632 3409 672 re-

143 704 332 757 ταυτὸν
363 705 442 767 είς
473 704 657 760 οὐσίαν
685 703 762 776 τῷ
790 705 980 776 τελείῳ
1010 707 1070 761 τὸ
1115 707 1344 774 ἔπιδεὲς,
1379 707 1456 779 τῷ
1489 706 1725 780 δεομένῳ

1835 729 1946 770 rum
1977 720 2176 768 natura
2231 711 2488 768 clamabit
2541 723 2648 764 non
2685 724 2810 764 esse
2862 706 3006 763 idem
3046 707 3230 777 qand
3278 707 3412 766 sub-

144 793 202 848 16
242 796 510 868 χορηγοῦν
544 799 606 851 ὲκ
635 797 998 870 πλεονασμοῦ.

215 976 417 1031 AAAO.
458 995 476 1030 ι
505 976 764 1043 Φωτίςου,
794 979 1442 1054 φωτίζουῼῐερουσαλημ,
1472 984 1596 1055 ἥκει
1620 983 1728 1055 γάρ

147 1085 240 1121 σου
273 1068 334 1121 16
359 1071 493 1139 φῶς,
523 1071 616 1124 καὶ
641 1073 672 1141 η
702 1070 826 1138 δόξα
857 1073 1062 1145 Κυρίου
1095 1075 1187 1128 ἐπὶ
1212 1074 1270 1129 σε
1297 1075 1675 1132 ἀνατέταλκεν.
1703 1079 1750 1130 ι’

146 1159 208 1212 El
256 1161 354 1230 μὲν
400 1161 611 1215 οἴκοθεν
654 1161 765 1232 ἔχει
799 1165 859 1218 16
885 1165 999 1233 φῶς
1039 1168 1072 1237 ἠ
1121 1167 1229 1220 τῶν
1275 1169 1517 1239 γενητῶν
1546 1168 1727 1237 φύσις,

148 1253 241 1306 καὶ
270 1251 426 1306 τοῦτό
459 1254 573 1306 ἐστι
604 1254 826 1326 κυρίως,
865 1256 1001 1328 ὅπερ
1034 1252 1172 1312 εἷναί
1214 1275 1394 1330 φαμεν
1434 1260 1524 1314 τὸν
1555 1262 1729 1316 Μονο-

148 1347 281 1416 γενῆ
313 1347 454 1400 κατά
486 1363 548 1416 γε
589 1348 650 1401 16
691 1343 828 1403 εῖναι
861 1351 976 1420 φῶς
1010 1351 1282 1422 ἀληθινὸν,
1325 1353 1440 1417 πῶς
1473 1354 1538 1408 ἂν
1565 1355 1729 1427 δεηθῇ

146 1440 241 1492 τοῦ
291 1437 615 1509 φωτίζοντος
663 1442 825 1497 αὑτὸν
875 1443 982 1516 [Ian
1014 1444 1204 1517 αὐτὴν]
1250 1447 1283 1517 ὴ
1337 1445 1728 1519 ἰερουσαλήμς

160 1531 379 1603 Ἐπειδὴ
411 1533 466 1586 δὲ
497 1533 571 1599 ὡς
616 1534 673 1588 ὲν
704 1533 925 1605 χάριτος
957 1535 1110 1608 μέρει
1145 1537 1204 1590 τὸ
1233 1538 1560 1607 φωτίζεσθαι
1591 1541 1730 1611 λαμ-

146 1624 324 1690 ϐάνει,
366 1626 523 1696 μόνος
552 1627 662 1698 ἄρα
697 1627 758 1680 16
796 1626 912 1697 φῶς
941 1629 1002 1681 16
1029 1629 1280 1706 ἀληθινὸν
1304 1633 1332 1684 6
1360 1631 1488 1696 Υἱὸς
1513 1632 1541 1684 6
1570 1635 1734 1703 φωτί-

148 1713 258 1779 ζων
289 1714 480 1786 αὐτὴν,
527 1718 620 1769 καὶ⁵
663 1717 799 1788 ὅπερ
829 1719 929 1772 οὐκ
962 1717 1076 1790 ἔχει
1113 1717 1308 1784 διδούς.
1353 1720 1413 1773 El
1458 1719 1512 1774 δὲ
1554 1722 1730 1789 τοῦτο,

147 1808 270 1872 πῶς
320 1807 382 1862 οὑ
426 1807 642 1874 πάντως
687 1811 781 1863 καὶ
826 1809 1012 1883 ἕτερος
1064 1811 1206 1865 κατὰ
1252 1809 1448 1882 φύσιν,
1487 1812 1564 1878 ὡς
1597 1815 1734 1887 πρὸς

147 1901 315 1955 αὐτόν
336 1918 349 1966 ;

160 1997 162 1999 ’
219 1992 428 2046 ΑΛΛυ.
476 2009 494 2044 ι
535 1989 665 2045 ’ἰδοὺ
694 1989 900 2045 δέδωκά
928 2007 987 2045 σε
1014 1992 1094 2056 είς
1121 1991 1384 2065 διαθήκην
1412 1992 1624 2063 γένους,
1653 1994 1732 2059 είς

147 2086 270 2154 φῶς
295 2082 483 2138 ὲθνῶν.
517 2103 533 2134 ι
576 2083 698 2146 Πῶς
732 2083 839 2154 γὰρ
868 2082 1005 2146 ὅλως
1032 2084 1223 2156 ἐδεήθη
1249 2085 1425 2154 φωτὸς
1451 2087 1483 2158 η
1513 2087 1605 2139 ιπὶ
1631 2086 1734 2157 γῆς

143 2173 283 2229 οὖσα
310 2176 502 2247 λογικὴ
538 2175 747 2241 κτίσις,
794 2175 954 2248 εἴπερ
986 2177 1103 2229 ἐστὶ
1135 2179 1274 2231 κατὰ
1305 2178 1466 2246 φύσιν
1498 2179 1635 2251 αὐτῇ
1675 2179 1734 2232 τὸ

144 2263 292 2322 εἶναι
321 2266 436 2336 φῶς
464 2267 521 2321 τὸ
556 2266 841 2338 meum;
890 2268 974 2332 Ὠς
1015 2269 1120 2340 γὰρ
1147 2269 1247 2322 οὑκ
1279 2269 1475 2344 ἐχούσῃ
1519 2271 1620 2342 ήδη
1655 2270 1732 2324 δί-

143 2361 313 2414 δωσιν
357 2363 385 2414 6
418 2361 548 2426 Θεὸς
575 2363 668 2415 καὶ
685 2362 872 2434 Πατὴρ
896 2362 984 2416 16v
1007 2361 1133 2415 ίδιον
1159 2363 1304 2416 Υἱόνο
1351 2365 1382 2434 ή
1409 2364 1461 2417 δὲ
1482 2364 1622 2418 οὕτω
1642 2365 1737 2418 λα-

146 2453 323 2506 ϐοὗ-σα
358 2454 424 2507 δι’
464 2455 627 2508 αὑτοῦ
657 2455 841 2525 βοήσει
882 2453 977 2509 τοῦ
1013 2453 1356 2527 πράγματος,
1403 2457 1494 2510 καὶ
1521 2457 1622 2528 τῆς
1654 2459 1735 2510 οί-

147 2546 308 2609 κείας
342 2545 556 2614 φύσεως
591 2546 689 2618 τὴν
723 2548 936 2614 πενίαν,
969 2547 1176 2602 καὶτοῦ
1208 2548 1529 2618 φωτίζοντος
1563 2551 1735 2620 Λόγου

145 2639 210 2691 16
248 2637 503 2691 πλούσιον
536 2639 770 2710 ἀξίωμα.

221 2733 426 2788 ΑΛΛΟ.
478 2754 494 2786 ι
527 2735 636 2788 Καὶ
655 2735 748 2788 νῦν
770 2738 797 2788 6
818 2729 961 2799 οἶκος
989 2735 1082 2789 τοῦ
1120 2733 1330 2800 Ἰακὼϐ,
1358 2736 1509 2790 δεῦτε
1539 2754 1737 2810 πορευ-

145 2823 338 2894 θῶμεν
371 2823 448 2895 τῷ
481 2826 619 2895 φωτὶ
669 2825 893 2897 Κυρίου.
927 2845 945 2879 s
1002 2827 1101 2880 Διὰ
1133 2827 1182 2880 τί
1219 2829 1312 2880 καὶ
1353 2821 1497 2880 οὗτοι
1548 2830 1624 2898 μὴ
1658 2829 1736 2898 τῷ

141 2917 338 2986 οἰκείῳ
370 2916 690 2988 πορεύονται
732 2919 890 2987 φωτὶ,
933 2917 1181 2989 δᾳδουχεῖ
1214 2919 1269 2972 δὲ
1299 2920 1480 2982 αὐτοῖς
1505 2920 1533 2971 6
1563 2921 1736 2972 Μονο-

142 3010 316 3077 favi};
350 3009 410 3062 16
457 3009 586 3063 ίδιον
632 3008 796 3064 αὑτοῦ
840 3011 941 3080 τῆς
989 3011 1176 3076 οὐσίας
1217 3011 1448 3075 ἐντιθεὶς
1495 3012 1734 3080 ἀγαθόνς

157 3103 304 3154 Ἀλλ’
340 3102 402 3154 οὐ
452 3101 527 3170 τῷ
559 3101 742 3173 οἰκείῳ
774 3102 1144 3174 θαρρήσαντες
1179 3103 1514 3167 δανείζονται
1548 3104 1607 3157 τὸ
1638 3105 1736 3157 ἀλ·-

1829 805 2086 861 stantiam
2115 819 2239 860 cum
2293 802 2537 874 perfecto
2568 799 2624 856 id
2671 798 2817 870 quod
2856 805 3000 871 eget,
3061 811 3241 869 neque
3284 813 3410 854 cum

1829 899 2018 969 indigo
2052 897 2103 952 id
2139 894 2286 968 quod
2319 894 2520 950 allatim
2555 892 2807 965 largitur.

1899 985 2132 1044 ALIUD.
2192 987 2612 1051 s‘IlIuminare,
2661 983 2996 1050 illuminare,
3037 981 3345 1040 Jerusalem
3397 1003 3410 1040 :

1830 1081 1982 1138 venit
2036 1083 2182 1138 enim
2219 1081 2406 1136 lumen
2443 1087 2617 1140 tuum,
2663 1083 2716 1133 et
2763 1076 2936 1148 gloria
2978 1074 3193 1131 Domini
3243 1090 3414 1146 super

1831 1183 1884 1232 te
1915 1185 2035 1232 orta
2061 1185 2143 1232 est
2167 1176 2232 1230 ".
2272 1194 2290 1227 ι
2324 1174 2392 1228 At
2427 1172 2472 1229 si
2506 1187 2613 1227 asc
2641 1170 2826 1226 lumen
2857 1169 3020 1225 habet
3047 1183 3230 1224 rerum
3256 1182 3412 1223 crea-

1834 1277 2014 1323 tarum
2055 1276 2278 1331 natura,
2322 1275 2485 1336 atque
2536 1263 2588 1320 id
2620 1265 2844 1334 proprie
2882 1268 2997 1328 est,
3030 1259 3175 1330 quod
3209 1258 3414 1331 Unige-

1832 1363 2007 1417 nitum
2042 1377 2167 1416 esse
2202 1359 2439 1416 dicimus
2463 1401 2475 1424 ,
2513 1358 2775 1413 nimirum
2807 1357 2897 1410 lux
2948 1370 3100 1418 vera,
3135 1353 3413 1424 quomodo

1834 1451 1958 1508 luce
1999 1450 2265 1522 indigebit
2316 1447 2618 1505 Jerusalem
2652 1463 2682 1502 a
2709 1462 2820 1517 qua
2867 1443 3249 1501 illuminctur?
3274 1441 3412 1498 Cum

1835 1549 2017 1597 autem
2074 1541 2258 1611 gratia:
2289 1540 2411 1595 loco
2447 1539 2910 1594 illuminationem
2945 1536 3212 1608 accipiat,
3259 1534 3412 1589 solus

1835 1648 1967 1705 ergo
1997 1649 2126 1689 vera
2157 1634 2248 1688 lux
2287 1640 2372 1689 est
2405 1629 2579 1687 Filius
2617 1630 2708 1703 qui
2746 1629 3047 1686 Jerusalem
3101 1627 3410 1691 illuminat,

1834 1724 1995 1794 eique
2042 1723 2216 1779 lucem
2259 1737 2368 1794 qua
2409 1730 2561 1776 caret
2606 1720 2868 1790 impertit.
2911 1717 3068 1785 Quod
3129 1717 3174 1772 si
3223 1731 3413 1780 verum

1835 1826 1948 1882 est,
1990 1819 2084 1888 qui
2119 1817 2234 1874 fieri
2272 1823 2459 1888 potest
2498 1823 2556 1870 ut
2615 1829 2723 1870 non
2762 1813 2834 1869 sit
2879 1813 3135 1870 diversus
3184 1808 3254 1866 ab
3295 1811 3415 1882 ipso

1837 1912 2143 1969 secundum
2173 1910 2471 1965 naturam?

1909 2002 2142 2059 ALIUD.
2173 2019 2190 2055 ι
2225 2001 2366 2058 Ecce
2401 2001 2525 2057 dedi
2557 1985 2613 2058 (te
2642 2001 2698 2056 in
2741 2005 3135 2056 testamentum
3173 1995 3412 2068 generis,

1838 2097 1891 2151 in
1925 2095 2101 2150 lucem
2136 2095 2378 2166 gentium
2411 2094 2476 2147 ⁸⁷.
2518 2111 2535 2145 ι
2573 2089 2863 2158 Quomodo
2890 2089 3063 2153 enim,
3092 2102 3295 2158 qua‘so,
3328 2085 3412 2140 lu-

1835 2188 1916 2245 cis
1948 2187 2186 2258 indiguit
2231 2185 2514 2241 rationalis
2546 2198 2611 2238 ac
2634 2191 2856 2239 terrena
2891 2188 3168 2242 creatura,
3205 2179 3250 2234 si
3288 2177 3416 2248 qui-

1835 2281 1959 2336 dem
1991 2281 2083 2335 lux
2108 2294 2234 2335 vera
2269 2285 2353 2334 est
2385 2293 2479 2348 per
2515 2275 2814 2331 naturam?
2840 2275 2901 2329 Ei
2943 2273 3147 2344 quippe
3178 2269 3324 2326 Deus
3353 2284 3417 2325 ac

1837 2373 2000 2430 Pater
2037 2388 2135 2428 ceu
2174 2388 2283 2427 non
2325 2369 2548 2424 habenti
2582 2383 2743 2423 suum
2780 2365 2872 2421 dat
2922 2364 3143 2420 Filium.
3178 2363 3296 2430 Quo
3340 2363 3416 2417 ita

1840 2475 2116 2538 suscepto,
2161 2465 2280 2536 ipso
2320 2461 2466 2516 t‘acto
2507 2457 2772 2530 praedicat
2808 2467 2861 2513 et
2914 2472 3027 2512 sua:
3063 2463 3275 2510 naturae
3314 2467 3415 2524 pe-

1839 2561 2085 2624 nuriam,
2141 2566 2194 2613 et
2258 2552 2627 2611 illuminantis
2697 2548 2862 2606 Verbi
2921 2545 3414 2620 locupletissimam

1838 2652 2182 2723 dignitatem.

1909 2741 2140 2797 ALIUD.
2176 2761 2193 2793 ι
2237 2739 2302 2794 Et
2335 2753 2505 2806 nunc,
2539 2738 2736 2792 domus
2771 2731 2962 2797 Iacob,
2987 2729 3189 2792 venite,
3224 2726 3419 2782 ambu-

1840 2835 2013 2891 lemus
2040 2835 2094 2888 in
2114 2835 2236 2888 luce
2262 2831 2555 2886 Domini".
2584 2825 2824 2894 rQuidni
2849 2839 2949 2879 sua
2974 2823 3094 2878 luce
3123 2821 3176 2875 hi
3201 2834 3420 2891 quoque

1839 2928 2140 2990 ambulant,
2186 2925 2278 2981 sed
2318 2941 2413 2980 eos
2461 2924 2701 2978 illustrat
2732 2918 3077 2989 Uulgenitu.,
3133 2913 3418 2984 proprium

1839 3021 2091 3075 essentiae
2119 3035 2231 3073 succ
2257 3018 2457 3071 bonum
2497 3014 2633 3084 ipsis
2667 3008 2962 3067 inserens?
2996 3011 3060 3060 A'
3099 3006 3420 3075 qI‘icunque

1841 3128 1941 3168 suo
1967 3112 2283 3172 confidunt,
2316 3108 2556 3162 alienum
2601 3120 2712 3158 non
2748 3100 3069 3174 quaeritant.
3100 3095 3255 3152 Istud
3282 3108 3418 3165 ergo

143 3193 385 3263 λάτριον.
444 3193 532 3256 Ὠς
572 3193 671 3246 οὐκ
719 3190 936 3265 ἔχοντες
984 3194 1112 3265 ἄρα,
1156 3194 1311 3248 τοῦτο
1366 3198 1538 3248 ποιεῖν
1571 3197 1738 3264 ἐγνώ-

1843 3203 2080 3268 faciunt,
2117 3200 2273 3272 quasi
2299 3214 2407 3253 non
2442 3197 2739 3251 habentes.

145 3303 334 3340 κασιν.

217 3375 428 3427 ΑΛΛΟ.
469 3374 525 3427 '0
550 3375 767 3447 Σωτήρο
800 3394 818 3428 ι
840 3374 981 3444 Ἐγώ
1003 3377 1116 3447 είμι
1135 3377 1194 3430 16
1221 3375 1334 3446 φῶς
1354 3373 1446 3429 τοῦ
1472 3377 1696 3449 κόσμου,
1713 3397 1730 3431 ι

141 3463 320 3533 φησίν
342 3482 354 3496 ο
392 3482 409 3515 ι
451 3466 477 3517 6
499 3465 804 3520 ἀκολουθῶν
841 3466 984 3536 ἐμοὶ,
1015 3467 1076 3519 οὐ
1112 3466 1185 3538 μὴ
1211 3469 1559 3542 περιπατήσῃ
1585 3471 1641 3522 ὲν
1667 3472 1734 3541 τῇ

143 3557 366 3628 σκοτίᾳ,
399 3556 510 3610 ἀλλ’
541 3557 650 3622 ἕξει
695 3557 752 3611 16
798 3557 913 3628 φῶς
950 3559 1049 3628 τῆς
1093 3557 1258 3629 ζωῆς.
1292 3578 1310 3612 ι
1356 3561 1737 3632 Ἂποτολμάτω

142 3648 243 3699 καὶ
301 3649 332 3718 η
390 3648 566 3710 κτίσις
615 3646 712 3718 τὴν
762 3646 1016 3718 τοιαύτην
1057 3647 1497 3718 ἀναφθέγξασθαι
1533 3650 1732 3722 φωνὴν,

141 3734 310 3804 είπερ
342 3735 459 3787 ἐστὶ
489 3736 580 3788 καὶ
607 3735 742 3807 αὑτὴ
776 3735 916 3790 κατὰ
945 3735 1202 3806 ἀλήθειαν
1231 3738 1345 3805 φῶς
1371 3755 1383 3768 ·
1433 3740 1480 3792 εί
1515 3739 1570 3793 δὲ
1599 3740 1736 3794 ἀπο-

141 3825 368 3897 ῳρίττει
399 3825 459 3878 16
492 3827 665 3896 ῥῆμα,
698 3828 790 3880 καὶ
825 3827 886 3881 16
919 3828 1150 3898 πρᾶγμα
1181 3828 1470 3897 φθέγξεται
1505 3831 1564 3884 16
1605 3833 1732 3903 ἁλη-

142 3917 296 3971 θινὸν
327 3915 854 3987 ὁμολογήσασαφῶς,
886 3917 1027 3972 τοῦτ’
1060 3920 1195 3987 ἔστι,
1225 3920 1315 3975 τὸν
1349 3922 1493 3976 Υἰόν.

215 4008 430 4062 AAAO.
479 4027 495 4059 ι
533 4007 588 4062 '0
625 4007 860 4078 Κύριος,
908 4028 926 4061 ι
956 4011 1099 4074 Ἕως
1138 4011 1198 4064 τὸ
1245 4012 1358 4082 φῶς
1409 4013 1592 4084 ἔχετε,
1649 4034 1740 4069 πι-

145 4098 381 4152 στεύετε
410 4101 488 4163 είς
515 4099 574 4152 16
603 4100 738 4169 φῶς,
771 4101 856 4154 ἵνα
884 4103 988 4154 υἱοὶ⁵
1021 4103 1196 4171 φωτὸς
1225 4104 1478 4174 γένησθε,
1502 4125 1519 4156 ι
1551 4107 1735 4178 φησίν.

146 4192 304 4262 Ἀρα
336 4191 445 4263 γὰρ
477 4191 696 4261 ἔμελλον
738 4192 796 4245 οὐ
829 4193 1176 4257 πιστεύοντες
1206 4195 1462 4250 ἀπολέσαι
1506 4198 1565 4250 16
1599 4199 1736 4266 φῶς,

141 4286 194 4337 οἱ
223 4286 348 4354 ψῶς
371 4283 512 4337 κατὰ
542 4284 702 4353 φύσιν
729 4285 1085 4357 ὑπάρχοντες·
1120 4288 1277 4359 είπερ
1305 4288 1441 4352 ὅλως
1468 4289 1739 4360 ἐνδέχεται

141 4375 250 4445 τὴν
287 4375 522 4444 γενητὴν
552 4376 740 4429 οὐσίαν
770 4376 829 4429 16
874 4377 989 4448 φῶς
1023 4374 1163 4432 εἶναι
1209 4379 1269 4432 16
1312 4380 1584 4451 ἀληθινόν,
1632 4384 1741 4436 Καὶ

141 4467 278 4532 πῶς
309 4467 377 4520 ἃν
405 4467 613 4536 γένοιτο
643 4468 799 4520 τοῦτό
828 4485 956 4522 ποτε
983 4487 996 4535 ;
1041 4471 1114 4524 υὺ
1145 4473 1250 4542 γὰρ
1291 4473 1381 4525 ἐπὶ
1412 4472 1520 4527 τῶν
1535 4461 1743 4528 ὀὺσιω-

1911 3378 2136 3434 ALIUD.
2187 3377 2456 3437 Salvator,
2493 3392 2511 3425 ι
2544 3372 2657 3444 Ego
2707 3386 2827 3426 sum
2868 3370 2961 3424 lux
3013 3363 3224 3427 mundi,
3265 3382 3282 3414 ι
3334 3362 3418 3417 ἰη-

1840 3476 1992 3544 quit;
2025 3491 2041 3524 ι
2072 3471 2162 3542 qui
2206 3469 2455 3538 sequitur
2528 3483 2633 3532 me,
2673 3481 2782 3518 non
2835 3458 3136 3516 ambulabit
3173 3458 3227 3511 in
3261 3465 3417 3510 tene-

1840 3567 1973 3627 bris,
2005 3563 2100 3618 sed
2136 3560 2356 3615 habebit
2382 3559 2566 3612 lumen
2600 3555 2723 3608 vitae
2741 3554 2842 3607 ".s
2878 3546 3192 3605 Istiusmodi
3230 3559 3418 3598 vocem

1839 3663 2089 3710 creatura
2123 3652 2386 3707 audacter
2414 3649 2647 3713 emittat,
2685 3649 2729 3702 si
2769 3654 2853 3715 est
2886 3643 3002 3714 ipsa
3031 3654 3254 3711 quoque
3291 3652 3420 3690 vera

1836 3748 1953 3803 lux.
1988 3743 2082 3799 Sin
2117 3752 2299 3799 autem
2348 3742 2400 3797 id
2437 3739 2686 3810 proferre
2730 3737 3085 3792 exhorrescat
3109 3769 3124 3797 ,
3177 3745 3264 3785 res
3303 3728 3420 3799 ipsa

1841 3834 2156 3907 praedicabit
2189 3847 2372 3889 veram
2406 3832 2585 3885 lucem
2624 3843 2747 3885 esse
2770 3825 2992 3880 Filium.

1912 4013 2139 4069 ALIUD.
2177 4031 2194 4065 ι
2229 4012 2412 4067 Donec
2437 4010 2616 4066 lucem
2641 4005 2880 4067 habetis,
2907 4001 3114 4056 credite
3136 3999 3192 4053 in
3216 3997 3420 4059 lucem,

1845 4119 1902 4166 ut
1931 4111 2024 4166 Illii
2044 4109 2184 4164 lucis
2203 4108 2326 4163 sitis
2354 4106 2495 4173 '°"°,
2525 4101 2743 4175 rinquit
2777 4099 3066 4153 Dominus.
3092 4095 3256 4149 Certe
3277 4089 3422 4145 enim

1842 4202 2018 4256 lucem
2061 4195 2320 4253 amissuri
2358 4201 2540 4257 erant,
2586 4194 2632 4248 si
2681 4204 2789 4245 non
2823 4187 3141 4245 crederent,
3201 4180 3293 4250 qui
3330 4179 3420 4231 lux

1844 4298 1972 4348 sunt
2005 4288 2303 4345 secundum
2340 4292 2624 4347 naturam,
2657 4283 2702 4336 si
2746 4281 2864 4335 lleri
2905 4285 3083 4349 potest
3131 4283 3188 4328 ut
3229 4285 3419 4326 verum

1843 4385 2031 4439 lumen
2076 4381 2149 4437 sit
2196 4381 2386 4435 creati
2442 4375 2772 4431 substantia.
2831 4372 2898 4426 At
2955 4365 3235 4440 quomodo
3269 4359 3422 4418 istud

1845 4475 1962 4532 Ileri
1990 4488 2228 4543 unquam
2269 4469 2490 4541 posset?
2511 4465 2854 4520 Privationes
2877 4462 3026 4518 enim
3050 4460 3105 4512 in
3134 4457 3204 4512 iis
3255 4453 3424 4509 rebus

140 4563 259 4625 δῶς
293 4561 604 4632 προσόντων
633 4561 774 4614 τισὶν
811 4563 866 4615 αί
902 4563 1186 4634 στερήσεις
1221 4565 1363 4619 κατὰ
1390 4565 1450 4617 16
1481 4565 1738 4631 παντελὲς

1847 4584 1966 4638 qua:
2011 4563 2452 4622 substantialiter
2501 4560 2692 4614 insunt
2753 4555 3033 4625 aliquibus
3086 4551 3318 4606 omnino
3356 4562 3426 4601 ex

140 4659 214 4708 ὲκ
254 4652 533 4725 ῥᾳθυμίας
560 4652 966 4723 συμϐαίνουσιν,
1010 4653 1125 4707 ἀλλ’
1154 4646 1238 4724 ὲφῇ
1265 4649 1340 4710 ὦν
1364 4656 1428 4710 ἂν
1454 4660 1485 4727 ή
1524 4658 1738 4729 θέλησις

1846 4659 2065 4731 pigritia
2121 4672 2229 4710 non
2281 4654 2643 4722 contingunt,
2682 4648 2777 4702 sed
2813 4648 2868 4701 in
2902 4646 2971 4700 iis
3018 4656 3254 4713 quarum
3294 4652 3426 4709 pos-

139 4746 255 4815 τὴν
292 4745 486 4814 κτῆσιν
519 4744 839 4815 ἐργάζηται,
887 4745 982 4798 καὶ
1020 4746 1114 4798 ἐπὶ
1157 4746 1266 4800 τῶν
1307 4748 1406 4802 ὅσα
1437 4749 1501 4820 δὴ
1536 4750 1745 4818 πέφυκε

141 4835 551 4906 προσγίνεσθαί
596 4852 692 4899 τε,
735 4837 826 4890 καὶ
862 4837 1218 4905 ἀπογίνεσθαι
1273 4841 1442 4911 χωρὶς
1493 4844 1594 4912 τῆς
1648 4840 1742 4894 τοῦ

141 4928 524 4998 ὑποκειμένου
558 4929 780 4999 φθορᾶς.
813 4925 956 4983 Οἷον·
993 4931 1206 4998 λογικὸς
1239 4933 1337 5002 μὲν
1365 4932 1505 4986 κατὰ
1534 4934 1693 5002 φύσιν
1718 4936 1746 4988 6

137 5023 470 5093 ἄνθρωπος,
505 5020 784 5090 ναυπηγὸς
815 5021 870 5074 δὲ
903 5021 1042 5075 κατὰ
1075 5021 1368 5094 θέλησιν,ή
1397 5024 1491 5077 καὶ
1510 5025 1744 5098 ἀσθενὴς

143 5115 209 5168 :6
244 5112 413 5182 σῶμα
443 5112 585 5165 κατὰ
619 5111 982 5182 συμϐεϐηκός.
1028 5113 1254 5182 Ἀλογος
1288 5115 1386 5185 μὲν
1415 5111 1507 5169 οὖν
1551 5117 1650 5169 οὐκ
1680 5117 1745 5171 ἂν

137 5209 239 5277 εἴη
276 5203 576 5269 παντελῶς,
605 5203 703 5275 τὴν
729 5204 786 5257 δέ
815 5221 878 5273 γε
908 5207 1254 5276 ναυπηγικὴν
1285 5208 1578 5280 ἐμπειρίαν
1613 5211 1748 5264 ἀπο·

141 5302 330 5361 λέπει,
367 5297 688 5368 ρᾳθυμήσας
714 5298 898 5369 τυχὸν,
928 5299 1023 5352 καὶ
1055 5299 1114 5352 16
1143 5301 1205 5352 ἐκ
1233 5301 1438 5366 πάθους
1469 5302 1747 5375 συμϐεϐη-

141 5396 256 5458 κὸς
291 5391 716 5461 ἀποκρούσεται,
758 5393 1075 5464 θεραπείαις
1121 5395 1260 5447 τισὶν
1295 5396 1386 5448 ἐπὶ
1428 5396 1489 5448 16
1527 5397 1748 5467 ἄμεινον

138 5485 499 5555 ἀνατρέχων.
533 5485 741 5538 Οὐκοῦν
766 5485 834 5538 τὰ
863 5485 1134 5550 οὺσιωδῶς
1166 5487 1435 5557 προσόντα
1460 5490 1621 5554 τισὶν,
1660 5490 1750 5560 €9-

141 5575 476 5651 ριζωμένην
519 5575 630 5646 ἔχει
679 5577 778 5647 τὴν
828 5576 1008 5647 φύσιν.
1068 5576 1239 5649 Εἴπερ
1266 5576 1358 5633 οὖν
1402 5580 1536 5643 ὅλως
1563 5582 1608 5650 ,ή
1641 5579 1750 5632 τῶν

144 5669 410 5745 γενητῶν
457 5670 616 5740 φύσις
663 5672 723 5726 16
775 5671 889 5744 φῶς
937 5669 1077 5729 εἶναι
1113 5673 1334 5730 δύναται
1382 5673 1441 5728 16
1482 5673 1755 5746 ἀληθινὸν,

232 5850 283 5886 ⁶⁶
324 5848 431 5907 Isa.
467 5865 563 5915 ιι,
605 5853 646 5906 Ι.
725 5855 768 5885 ³⁷
802 5855 908 5910 Isa.
946 5869 1090 5922 χιιι,
1124 5857 1173 5911 θ.
1253 5858 1294 5889 ⁸⁸
1339 5856 1438 5914 Isa.
1476 5871 1546 5926 ll,
1580 5857 1633 5915 '5.
1711 5857 1738 5888 “

1835 5871 1939 5909 Jan.
1976 5869 2105 5918 νιιι,
2147 5854 2226 5906 1:2.

1844 4728 2020 4806 sessio
2076 4748 2364 4802 voluntate
2423 4742 2754 4814 acquiritur,
2812 4745 2866 4792 et
2935 4746 3282 4806 quascunque
3352 4728 3427 4782 ita

1842 4847 2174 4911 comparatae
2226 4843 2388 4900 sunt,
2441 4841 2502 4887 ut
2581 4833 2777 4887 adesse
2851 4838 2905 4884 et
2968 4826 3163 4881 abesse
3225 4825 3428 4892 queant

1848 4934 2053 5002 absque
2084 4928 2318 4998 subjecti
2357 4927 2601 4981 interitu.
2635 4921 2882 4990 Exempli
2913 4919 3086 4990 gratia
3138 4935 3150 4970 :
3186 4915 3427 4968 rationa-

1849 5027 1915 5082 lis
1954 5024 2174 5096 quidem
2221 5022 2326 5091 72
2372 5028 2456 5076 est
2495 5019 2658 5072 homo
2699 5025 2937 5078 natura,
2997 5010 3294 5064 fabricator
3331 5019 3428 5059 na-

1852 5121 1999 5174 vium
2029 5117 2328 5178 voluntatc,
2364 5123 2595 5180 corpore
2636 5123 2801 5179 aeger,
2834 5122 2897 5161 ex
2931 5100 3227 5157 accidenti.
3259 5096 3424 5166 Atqui

1855 5212 1973 5266 ﬁeri
2014 5224 2121 5264 non
2162 5212 2343 5276 potest
2385 5211 2443 5258 ut
2490 5202 2578 5258 ille
2640 5202 2712 5257 sit
2747 5195 3116 5259 irrationalis,
3177 5192 3271 5248 hic
3333 5204 3430 5244 au-

1856 5312 1963 5358 tem
1996 5300 2444 5357 fabricandarum
2501 5297 2725 5353 navium
2761 5301 2936 5346 artem
2971 5289 3215 5351 amittet,
3259 5284 3429 5355 pigri-

1859 5397 1931 5450 tia
1961 5394 2225 5451 nimirum
2250 5432 2264 5458 ,
2293 5404 2347 5448 et
2376 5389 2552 5446 morbi
2597 5401 2788 5443 casum
2834 5383 3067 5452 depellet
3116 5381 3220 5434 iste
3273 5390 3430 5431 cura-

1858 5488 2026 5542 tione.
2059 5483 2252 5554 Itaque
2283 5498 2406 5553 qua:
2438 5476 2883 5536 substantialiter
2911 5475 3099 5527 insunt
3128 5466 3432 5538 aliquibus,

1861 5580 2125 5635 radicitus
2158 5576 2384 5631 inﬁxam
2422 5573 2628 5627 habent
2661 5575 2941 5622 naturam.
2975 5562 3032 5616 Si
3077 5573 3209 5631 ergo
3251 5571 3432 5611 rerum

1866 5681 2176 5730 creatarum
2215 5679 2414 5726 natura
2465 5650 2596 5720 véra
2645 5663 2737 5717 lux
2775 5675 2896 5716 esse
2926 5663 3128 5728 potest,
3157 5648 3434 5724 quomodo

2311 5850 2425 5882 '°'7°
2469 5845 2619 5901 Joan.
2661 5857 2772 5906 xu,
2807 5837 2894 5894 36.
