4214 6502
174 416 271 475 125

1229 418 1297 474 IN
1316 418 1600 477 JOANNIS
1636 419 2089 483 EVANGELIUM
2126 430 2255 487 LIB.
2293 431 2333 486 Ι.

3318 445 3427 503 126

164 534 258 588 τὸν
294 533 514 588 νεανίαν
544 536 771 601 ἐκεῖνον,
813 534 992 603 λέγων
1016 553 1030 568 ·
1079 536 1450 611 Κατάκαρπος
1485 557 1735 611 κατοικη·

1844 536 2050 613 ejus".
2082 565 2101 599 ι
2140 546 2283 614 Quid
2333 551 2510 605 vero?
2550 549 2739 608 Daniel
2778 554 2893 626 ipse
2925 560 3014 613 cui
3062 561 3420 625 admirabiles

164 623 392 696 θήσεται
436 627 807 698 Ἰερουσαλὴμ,
856 627 964 681 ἀπὸ
1010 627 1247 699 πλήθους
1292 629 1613 701 ἀνθρώπων,
1652 632 1747 685 καὶ

163 717 382 787 κτηνῶν
406 718 517 771 τῶν
542 719 599 772 ἐν
634 718 782 791 μέσῳ
809 720 995 790 αὐτῆς.
1027 738 1045 770 ι
1068 721 1131 774 Τί
1164 720 1255 786 δέ;
1286 721 1407 774 είπέ
1442 739 1560 792 μοι’
1593 724 1687 776 καὶ
1716 725 1743 776 6

165 810 479 877 σοφώτατος
510 810 706 882 Δανιὴλ
730 814 851 874 ταῖς
878 809 1225 880 ἁξιαγάστοις
1260 812 1548 876 ὀπτασίαις
1573 830 1743 885 προσ-

161 901 345 954 ϐαλὼν
376 905 493 974 οὐχὶ
534 904 641 957 τῶν
667 904 956 976 ὁρωμένων
986 903 1081 975 τὴν
1127 905 1466 974 ἀποκάλυψιν
1510 905 1596 958 διὰ
1647 906 1743 977 τῆς

161 994 414 1061 ἀγγέλων
458 994 761 1065 ἐρανίζεται
806 995 1023 1063 φωνῆςς
1061 997 1259 1048 ’Ἄκουε
1295 999 1383 1066 γὸ,
1447 996 1699 1065 λέγοντος
1726 1012 1739 1026 ⁸

166 1102 186 1135 ι
216 1086 329 1138 Καὶ
347 1087 560 1154 ἐγένετο
581 1088 640 1138 ἐν
659 1086 736 1156 τῷ
764 1087 890 1139 ἰδεῖν
925 1105 1013 1157 με,
1036 1086 1145 1155 ἐγὼ
1166 1087 1386 1158 Δανιὴλ,
1412 1088 1509 1158 τὴν
1531 1089 1738 1159 ὅρασιν,

160 1178 256 1229 καὶ
314 1178 538 1248 ἐζήτουν
592 1178 803 1230 σύνεσιν
831 1193 844 1207 ’
898 1179 989 1231 καὶ
1032 1179 1141 1232 ἰδοὺ
1191 1178 1320 1248 ἔστη
1360 1179 1587 1232 ἐνώπιόν
1641 1196 1741 1249 μου

159 1269 237 1331 ὡς
283 1270 472 1341 ὅρασις
516 1271 739 1339 ἀνδρὸς,
788 1271 880 1324 καὶ
924 1272 1131 1341 ηκουσα
1176 1269 1360 1340 φωνὴν
1404 1269 1593 1339 ἀνδρὸς
1640 1268 1741 1323 ἀνά

162 1359 328 1425 μέσον
356 1359 451 1413 τοῦ
484 1360 686 1427 Ούϐὰλ,
732 1364 826 1414 καὶ
872 1362 1119 1426 ἐκάλεσε,
1154 1360 1248 1413 καὶ
1287 1357 1405 1413 εἷπε
1434 1377 1447 1391 ·
1478 1359 1737 1431 Γαϐριὴλ,

159 1451 440 1504 συνέτισον
484 1454 689 1506 ἐκεῖνον
738 1454 837 1525 τὴν
883 1453 1088 1523 ὅρασιν.
1131 1472 1149 1505 ι
1210 1453 1417 1506 Οὐκοῦν
1464 1451 1637 1505 ἐνεστι
1680 1453 1740 1505 τὸ

155 1541 421 1596 δύνασθαι
470 1544 725 1613 φωτίζειν
767 1544 1041 1612 ἀγγέλοις,
1090 1543 1184 1597 καὶ
1229 1545 1288 1597 ού
1340 1544 1501 1613 μόνον
1534 1544 1737 1607 αὐτοῖς,

130 1636 274 1707 ,ἀλλ’
311 1637 411 1706 ήδη
458 1636 554 1690 καὶ
585 1635 868 1704 ἄνθρωπος
901 1637 990 1691 τὸν
1030 1634 1090 1700 ἐξ
1121 1634 1407 1706 ἀνθρώπου
1436 1634 1737 1699 δανείζεται

156 1726 461 1796 φωτισμόν.
508 1728 616 1778 Καὶ
651 1724 782 1793 γοῦν
820 1728 847 1779 6
891 1725 1196 1795 φιλομαθὴς
1238 1727 1440 1788 ἐκεῖνος
1486 1724 1737 1795 εὐνοῦχος

152 1818 253 1880 τάς
304 1818 434 1887 περὶ
475 1815 569 1869 τοῦ
612 1816 866 1887 Σωτῆρος
898 1816 1056 1885 ἡμῶν
1096 1815 1427 1887 προφητείας
1459 1815 1520 1867 ού
1556 1815 1736 1878 συνεὶς

151 1909 229 1978 τῷ
247 1908 500 1976 Φιλίππῳ
523 1908 675 1979 φησί·
694 1908 926 1977 «Δέομαί
950 1923 1063 1974 σου,
1087 1906 1215 1977 περὶ
1234 1907 1377 1968 τίνος
1401 1908 1428 1959 6
1454 1907 1737 1976 προφήτης

150 1999 326 2067 λέγει,
371 2001 500 2070 περὶ
544 1997 763 2061 ἑαυτοῦ,
797 1997 829 2068 ἦ
864 1999 989 2067 περὶ
1032 1997 1218 2067 ἐτέρου
1255 1996 1437 2059 τινός;
1476 2015 1494 2048 ι
1543 1995 1652 2048 Καὶ
1686 1997 1734 2047 oi

149 2094 268 2156 τοῖς
309 2092 453 2146 κατὰ
496 2093 587 2146 τὸν
631 2092 745 2161 βίον
786 2090 1096 2145 διδάσκαλοι
1142 2090 1589 2160 προστρέχοντες,
1637 2089 1735 2158 οὐχ

151 2186 347 2257 ἐτέρου
389 2184 570 2248 τινὸς,
624 2180 802 2255 οἶμαι,
850 2184 1039 2253 χάριν,
1084 2182 1275 2235 τούτου
1324 2180 1382 2233 δὲ
1433 2179 1527 2233 καὶ
1571 2179 1732 2249 μόνου

153 2280 463 2349 προσίασιν.
506 2276 667 2331 Ἀλλά
704 2278 758 2328 τί
796 2275 861 2345 δὴ
892 2274 1100 2336 τούτοις
1143 2272 1566 2344 ἐνδιατρίὸομεν,
1613 2271 1732 2337 ἐξὸν

149 2368 586 2424 ἀπαλλάττεσθαι
626 2366 843 2439 ῥαδίως,
883 2367 1058 2419 ἐκεῖνο
1094 2362 1439 2436 παραθέντας
1473 2365 1553 2427 είς
1593 2363 1732 2416 ἀπό-

147 2464 317 2529 δειξιν
344 2462 404 2515 τὸ
449 2460 599 2532 παρά
628 2459 723 2513 τοῦ
755 2459 1004 2529 Σωτῆρος
1032 2457 1187 2528 ἡμῶν
1217 2456 1355 2527 πρὸς
1386 2458 1514 2519 τοὺς
1545 2456 1733 2523 ἁγίους

146 2554 442 2626 εἰρημένον
487 2552 813 2615 ἀποστόλους
839 2568 852 2584 ·
912 2568 930 2603 ι
968 2551 1155 2621 Ὑμεῖς
1208 2552 1331 2602 ἐστε
1372 2548 1432 2601 τὸ
1476 2548 1589 2616 φῶς
1638 2546 1732 2600 τοῦ

147 2647 391 2717 κόσμους
427 2662 447 2696 ι
478 2645 717 2698 Τοιαῦτα
751 2646 848 2714 μὲν
889 2643 952 2714 δή
1000 2659 1084 2706 τις
1126 2642 1266 2696 κατά
1307 2641 1369 2695 τὸ
1408 2641 1554 2704 είκὺς
1601 2643 1735 2695 ἐπα-

146 2734 398 2812 πορήσας
422 2739 556 2807 ἐρεῖ,
585 2738 734 2807 παρὰ
758 2735 815 2789 δέ
849 2734 1004 2805 ἡμῶν
1029 2732 1445 2788 ἀντακούσεται·
1495 2734 1581 2785 Ἐν
1614 2750 1736 2786 συν-

149 2830 300 2883 Θέσει
330 2830 399 2882 τὰ
430 2828 573 2882 κατὰ
598 2828 697 2898 τὴν
724 2827 900 2880 κτίσιν
927 2826 1162 2896 ὁρῶμεν,
1188 2819 1233 2878 ὦ
1262 2820 1433 2889 οὗτος,
1464 2825 1558 2877 καὶ
1582 2823 1734 2877 οὐδὲν

146 2924 206 2975 ἐν
241 2922 380 2993 αὐτῇ
415 2921 477 2974 τὸ
510 2919 714 2974 ἁπλοῦν
738 2937 749 2949 ·
803 2917 1000 2972 οὐκοῦν
1033 2921 1061 2971 6
1094 2916 1289 2986 σοφοῦν
1321 2916 1536 2987 ἐτέρους
1578 2916 1734 2969 δυνά-

148 3030 335 3085 μενος,
360 3013 520 3081 εἴπερ
565 3011 650 3081 εἴη
700 3010 945 3080 γενητὸς,
992 3010 1092 3062 οὐκ
1166 3007 1492 3078 αὐτόχρημά
1524 3008 1731 3078 ἐστινή

147 3107 335 3177 σοφία,
381 3105 516 3159 ἀλλὰ
544 3103 645 3173 τῆς
690 3103 918 3173 ἐνούσης
946 3104 1005 3157 ἐν
1045 3101 1195 3171 αὐτῷ
1228 3100 1418 3168 σοφίας
1446 3100 1690 3162 διάκονος
1715 3115 1727 3127 ⁸

1850 634 2088 692 visiones
2125 638 2322 693 oblata
2355 649 2515 706 sunt,
2567 658 2751 699 nonne
2797 660 2987 701 earum
3024 653 3416 710 revelationem

1846 728 2164 795 angelorum
2217 745 2352 786 voce
2409 733 2649 803 accipit?
2694 735 2834 790 Audi
2890 739 3037 793 enim
3103 740 3417 813 loquentem

1845 814 2045 884 ipsum.
2074 836 2091 867 ι
2134 816 2197 870 Ει
2227 818 2430 875 factum
2474 830 2587 888 est,
2627 842 2645 875 ι
2704 825 2904 893 inquit,
2932 846 2951 880 ι
2992 844 3120 884 cum
3173 833 3416 891 viderem

1844 922 1944 978 ego
1967 907 2157 963 Daniel
2187 911 2451 967 visionem
2474 957 2487 978 ,
2516 924 2571 970 et
2598 918 2914 986 quaerebam
2951 921 3374 993 intelligentiam
3400 946 3415 993 ;

1842 1006 1897 1053 et
1932 1000 2087 1054 stetit
2142 1001 2198 1055 in
2242 1016 2553 1073 conspectu
2590 1023 2711 1062 meo
2743 1010 2904 1078 quasi
2943 1013 3158 1078 species
3191 1016 3330 1081 viri,
3365 1026 3419 1071 et

1843 1090 2028 1144 audivi
2067 1106 2259 1145 vocem
2320 1092 2463 1146 inter
2502 1093 2672 1159 Ubal,
2722 1104 2776 1150 ει
2822 1098 3074 1162 vocavit,
3124 1109 3179 1154 et
3226 1102 3366 1155 dixit
3403 1120 3415 1155 :

1842 1178 2083 1244 Gabriel,
2128 1182 2214 1236 fac
2269 1182 2567 1253 intelligere
2594 1184 2757 1238 istum
2796 1186 3063 1243 visionem
3086 1189 3151 1241 ⁷⁸.
3187 1208 3205 1240 ι
3249 1188 3419 1260 Igitur

1843 1271 2154 1327 illuminare
2179 1284 2409 1344 possunt
2433 1277 2633 1345 angeli,
2669 1292 2847 1347 nequc
2871 1295 3002 1333 vero
3032 1280 3137 1349 ipsi
3173 1270 3414 1345 tantum,

1841 1364 1937 1419 sed
1968 1372 2021 1419 et
2049 1366 2212 1420 homo
2237 1367 2513 1421 hominem
2545 1369 2843 1424 illuminat.
2871 1369 3144 1436 Quocirca
3169 1372 3419 1429 discendi

1840 1455 2121 1513 studiosus
2168 1458 2256 1512 ille
2306 1459 2618 1523 eunuchus,
2652 1475 2777 1514 cum
2816 1461 3122 1520 Salvatoris
3176 1466 3421 1535 propin-

1843 1548 1946 1601 tias
1969 1562 2079 1601 non
2112 1548 2466 1617 intelligeret,
2496 1548 2809 1619 Philippum
2839 1554 3163 1623 compellat:
3194 1571 3212 1605 ι
3244 1551 3418 1610 Obse-

1840 1652 1938 1692 cro
1978 1647 2048 1699 te.
2078 1639 2146 1694 de
2185 1656 2295 1709 quo
2330 1642 2598 1710 pr0pheta
2648 1644 2780 1697 dicit
2817 1644 2973 1699 haec?
3005 1646 3073 1701 de
3120 1662 3203 1710 se,
3242 1662 3313 1701 an
3347 1646 3415 1703 de

1839 1726 1951 1779 alio
1989 1727 2178 1796 aliquo
2209 1729 2295 1782 7’?
2334 1747 2352 1780 ι
2392 1728 2657 1786 Doctores
2688 1732 2814 1786 item
2862 1742 2917 1788 et
2948 1735 3196 1806 magistri
3233 1752 3416 1792 rerum

1838 1820 1963 1873 vita:
2017 1821 2265 1883 utilium,
2317 1835 2427 1874 non
2484 1822 2648 1875 aliam
2719 1824 2790 1880 ob
2848 1839 3072 1879 causam
3129 1842 3295 1897 quam
3341 1828 3415 1883 ob

1839 1912 2001 1966 istam
2034 1912 2119 1967 sui
2158 1914 2372 1981 copiam
2408 1913 2643 1970 faciunt.
2672 1912 2776 1969 Sed
2818 1932 2919 1970 cur
2947 1917 3002 1970 in
3034 1917 3119 1972 his
3149 1918 3414 1974 immora-

1837 2016 1979 2066 mur,
2033 2016 2157 2056 cum
2196 2002 2264 2054 ad
2309 2003 2411 2057 hoc
2442 2004 2787 2073 probandum
2832 2006 3140 2061 Salvatoris
3169 2010 3415 2065 auctori-

1837 2100 1949 2148 tate
1995 2092 2161 2147 liccat
2193 2094 2269 2147 uti
2298 2094 2391 2164 qui
2442 2096 2559 2150 suis
2604 2097 2871 2166 apostolis
2917 2098 2994 2151 ait
3027 2116 3040 2152 :
3072 2116 3090 2149 ι
3122 2097 3234 2154 Vos
3276 2102 3414 2158 estis

1836 2182 1928 2236 lux
1964 2183 2154 2237 mundi
2177 2184 2261 2236 "‘3
2300 2203 2316 2235 ι
2353 2182 2507 2236 Talia
2558 2183 2813 2254 quidem,
2852 2192 2912 2238 ut
2959 2184 3199 2250 videtur,
3252 2185 3415 2241 dubi-

1833 2275 1999 2328 tando
2026 2282 2233 2344 quaeret
2275 2275 2496 2345 aliquis.
2534 2275 2640 2330 Sed
2671 2291 2700 2330 a
2737 2277 2894 2331 nobis
2928 2278 3170 2333 vicissim
3204 2278 3359 2333 audit
3388 2295 3403 2334 :

1833 2365 1982 2420 Nihil
2006 2407 2021 2433 ,
2056 2382 2090 2420 o
2120 2366 2376 2437 quisquis
2408 2382 2500 2429 es,
2549 2368 2605 2421 in
2648 2369 2923 2423 creaturis
2966 2368 3235 2437 reperitur
3271 2370 3411 2425 sim-

1834 2458 1958 2529 plex
2005 2467 2102 2511 aut
2151 2458 2575 2528 compositionis
2610 2474 2804 2529 expers
2836 2476 2848 2512 :
2881 2458 3047 2529 igitur
3092 2459 3411 2530 quicunque

1835 2552 2001 2605 alium
2030 2550 2252 2606 erudire
2286 2560 2464 2620 potest
2494 2552 2560 2605 ad
2595 2553 2944 2621 sapientiam,
2979 2551 3024 2607 si
3056 2560 3276 2607 creatus
3300 2559 3410 2617 est,

1834 2657 1946 2696 non
1972 2651 2057 2696 est
2098 2642 2330 2712 ipsamet
2356 2643 2647 2712 sapientia,
2676 2644 2770 2697 sed
2805 2642 3093 2708 sapientia:
3119 2657 3228 2710 qua
3269 2657 3412 2714 prte-

1833 2733 1984 2788 ditus
2019 2742 2103 2787 est
2136 2734 2411 2788 minister.
2463 2732 2572 2805 74
2608 2735 2663 2799 ln
2697 2734 2973 2803 sapientia
3004 2734 3150 2789 enim
3189 2733 3416 2804 sapiens

1834 2834 1921 2880 est
1962 2826 2211 2895 sapiens,
2269 2834 2322 2879 et
2362 2826 2456 2895 qui
2508 2826 2859 2896 prudentiam
2905 2827 3121 2893 edocet,
3164 2842 3275 2882 non
3323 2835 3413 2884 est

1834 2915 2070 2985 ipsamet
2125 2917 2442 2985 prudentia,
2491 2917 2586 2972 sed
2641 2916 2947 2987 prudentia:
2997 2933 3103 2972 csa
3148 2918 3413 2989 praeditus

1832 3016 1916 3063 est
1950 3008 2216 3064 minister.
2250 3007 2307 3062 In
2350 3010 2639 3085 prudentia
2673 3012 2877 3080 quippe
2907 3027 3034 3066 sun
3067 3012 3408 3082 prudentes;

1834 3102 1915 3154 sic
1953 3101 2270 3170 quicunque
2325 3102 2464 3155 alios
2522 3102 2834 3166 illuminare
2894 3112 3111 3173 potest,
3168 3120 3277 3159 non
3328 3112 3413 3161 est

145 3205 203 3255 ἐν
231 3200 400 3269 σοφίᾳ
425 3200 533 3269 γὰρ
565 3199 593 3249 6
623 3196 785 3263 σοφός
817 3196 934 3248 ἐστι
966 3194 1149 3261 σοφὸς,
1180 3192 1275 3245 καὶ
1305 3193 1332 3244 6
1360 3192 1612 3253 συνετοὺς
1640 3192 1727 3243 ὲκα

1837 3194 1955 3262 ipsa
1985 3194 2204 3263 proprie
2236 3195 2346 3257 Ιυι,
2382 3193 2479 3248 sed
2528 3193 2669 3247 lucis
2697 3209 2804 3263 qua
2842 3195 3106 3263 praeditus
3138 3203 3225 3249 est
3255 3211 3411 3250 com-

143 3290 436 3354 διδάσκων,
462 3289 561 3341 οῦκ
594 3285 917 3357 αὐτόχρημά
943 3289 1090 3337 ἐστιν
1148 3283 1181 3353 ἡ
1216 3283 1445 3345 σύνεσις,
1475 3280 1608 3334 ἀλλὰ
1635 3280 1732 3348 τῆς

147 3380 568 3450 ἐνυπαρχούσης
595 3377 747 3448 αὐτῷ
779 3376 1045 3438 συνέσεως
1078 3373 1371 3443 ύπουργός.
1410 3372 1497 3425 Ἐν
1523 3372 1732 3424 συνέσει

146 3473 258 3543 γάρ
288 3472 396 3523 εἰσι
420 3470 516 3523 καὶ
544 3464 687 3522 οὗτοι
724 3467 955 3528 συνετοὶ,
987 3466 1079 3518 καὶ
1107 3465 1134 3516 6
1168 3462 1421 3534 φωτίζειν
1456 3458 1522 3516 αὖ
1570 3462 1731 3515 πάλιν

148 3563 373 3632 ἐτέρους
421 3558 595 3621 εἰδὼς,
651 3558 751 3611 οὐκ
795 3556 926 3610 αὐτὸ
973 3554 1177 3624 κυρίως
1210 3552 1275 3605 ἂν
1306 3554 1477 3604 νοοῖτο
1505 3551 1563 3603 τὸ
1594 3550 1729 3618 φῶς,

148 3656 287 3711 ἀλλᾶ
319 3652 498 3722 φωτὸς
520 3650 613 3703 τοῦ
647 3652 703 3703 ἐν
737 3648 883 3719 αὑτῷ
906 3648 1188 3716 δανειστὴς
1217 3661 1229 3674 ·
1262 3646 1339 3706 εἰς
1364 3644 1578 3713 ἐτέρους
1603 3642 1732 3695 αὐτὸ

150 3747 543 3817 παραπέμπων
596 3742 856 3804 διδακτῶς
881 3780 894 3803 ,
948 3741 1041 3793 καὶ
1102 3735 1572 3805 κοινοποιούμενος
1621 3736 1731 3797 τοῖς

148 3841 330 3902 ἀλλοις
363 3839 501 3907 ὅπερ
546 3836 766 3904 εἴληφεν
794 3830 1018 3900 ἀγαθόν.
1072 3831 1253 3883 Διὰτοι
1281 3826 1436 3880 τοῦτο
1470 3827 1560 3878 καὶ
1596 3824 1731 3895 πρὸς

147 3934 273 3995 τοὺς
305 3930 498 3996 ἁγίους
530 3927 859 3987 ἀποστόλους
891 3923 1107 3990 ἐλέγετο
1133 3937 1144 3949 ·
1185 3938 1204 3971 ι
1236 3919 1453 3989 Δωρεὰν
1486 3917 1728 3981 ἐλάϐετε,

146 4023 360 4095 δωρεὰν
387 4022 525 4075 δότε.
560 4039 578 4071 ι
611 4020 753 4071 Ὅσα
778 4016 883 4086 γὰρ
912 4011 980 4085 ἦν
1009 4015 1190 4075 αὐτοῖς
1226 4011 1428 4081 ἀγαθὰ,
1456 4011 1627 4067 ταῦτα
1667 4009 1732 4082 δὴ

149 4118 373 4177 παντως
422 4113 537 4165 ἐστὶ
583 4110 677 4163 καὶ
726 4108 994 4162 Θεόσδοτα.
1032 4106 1142 4160 Καὶ
1170 4105 1269 4157 οὐκ
1312 4102 1377 4157 ἂν
1410 4104 1545 4166 ὅλως
1584 4102 1734 4164 ἰδίοις

147 4207 380 4277 ἀγαθοῖς
423 4206 457 4274 ἡ
492 4202 599 4255 τῶν
631 4197 934 4269 ἀνθρώπων
981 4192 1355 4263 ἐναγλαῖζοιτο
1386 4192 1566 4259 φύσις,
1616 4190 1729 4244 ἀλλ’

147 4300 273 4352 οὐδὲ
302 4299 338 4367 ἡ
369 4294 476 4347 τῶν
504 4293 672 4359 ἁγίων
697 4289 963 4358 ἀγγέλων.
997 4287 1153 4342 Μετὰ
1186 4284 1294 4354 γὰρ
1315 4283 1408 4335 τοῦ
1432 4281 1732 4351 κεκλῆσθαι

151 4391 289 4459 πρὸς
320 4385 553 4453 γένεσιν,
590 4382 683 4435 καὶ
718 4380 808 4434 τὸν
837 4378 929 4432 τοῦ
964 4377 1081 4440 πῶς
1126 4373 1262 4428 εῖναι
1306 4374 1461 4441 λόγον
1505 4372 1732 4425 ἕκαστον

147 4480 262 4532 τῶν
316 4478 485 4531 ὅντων
529 4475 642 4542 ἔχει
699 4471 848 4541 παρὰ
891 4468 1057 4532 Θεοῦ,
1106 4467 1197 4520 καὶ
1245 4465 1395 4518 οὐδὲν
1443 4466 1500 4516 ἐν
1549 4465 1732 4527 αὐτοῖς

1836 3287 2104 3350 modator,
2137 3284 2265 3337 dum
2294 3284 2418 3338 aliis
2449 3284 2694 3338 infundit
2722 3284 3082 3356 docendoque
3099 3284 3411 3341 communi-

1835 3385 1924 3431 cat
1955 3380 2101 3445 quod
2151 3377 2371 3445 accepit
2419 3378 2647 3431 bonum.
2693 3376 3044 3447 Proindeque
3074 3377 3287 3433 dictum
3326 3387 3414 3436 est
3454 3370 3463 3379 ’

1832 3468 1996 3522 etiam
2030 3468 2236 3521 sanctis
2273 3469 2577 3536 apostolis:
2619 3487 2636 3520 t
2675 3466 2859 3525 Gratis
2912 3471 3242 3540 accepistis,
3285 3487 3413 3542 gra-

1833 3561 1905 3616 tis
1957 3560 2161 3613 date“.
2202 3579 2219 3611 ι
2267 3558 2545 3629 Quidquid
2592 3561 2737 3615 enim
2773 3562 3043 3615 bonorum
3097 3563 3405 3630 habebant,

1834 3651 1965 3705 illud
1992 3650 2255 3705 divinitus
2284 3653 2571 3706 consecuti
2612 3660 2792 3707 erant.
2824 3652 3011 3723 Neque
3044 3669 3176 3708 vero
3211 3662 3411 3711 natura

1835 3743 2113 3798 hominum
2175 3745 2228 3797 in
2284 3746 2602 3797 universum
2672 3747 2915 3814 propriis
2973 3746 3132 3800 bonis
3186 3746 3413 3817 gloriari

1832 3843 2042 3905 potest,
2099 3852 2165 3890 ne
2228 3837 2346 3905 ipsa
2415 3838 2635 3906 quidem
2698 3847 3023 3893 sanctorum
3081 3839 3407 3910 angelorum

1832 3937 2050 3982 natura.
2099 3927 2232 3982 Nam
2274 3937 2467 3998 praeter
2499 3945 2661 3998 quam
2694 3932 2841 3998 quod
2884 3930 2949 3985 ad
2980 3946 3106 3987 esse
3141 3931 3411 4000 producta

1833 4030 1961 4076 sunt
1982 4024 2185 4087 omnia,
2216 4022 2646 4092 unumquodque
2671 4023 2977 4078 exsistendi
3006 4024 3226 4078 modum
3247 4024 3411 4079 habet

1833 4127 1862 4166 a
1911 4111 2041 4173 Deo,
2094 4128 2195 4167 nec
2227 4114 2279 4167 in
2314 4115 2380 4168 iis
2426 4115 2726 4184 quidquam
2796 4116 3248 4170 substantialiter
3283 4131 3409 4174 esse

1833 4204 2168 4272 putabimus,
2201 4205 2342 4272 quod
2365 4220 2392 4257 a
2426 4205 2764 4275 benignitate
2797 4203 3084 4261 Creatoris
3105 4221 3214 4261 non
3242 4205 3409 4275 proﬁ-

1833 4294 2094 4357 ciscatur,
2146 4302 2199 4348 et
2248 4294 2463 4363 Opilicis
2514 4295 2709 4365 gratia:
2775 4294 3048 4351 radicitus
3112 4295 3407 4350 innitatur.

1833 4384 2018 4454 Itaque
2037 4401 2158 4440 cum
2182 4401 2270 4441 res
2291 4395 2489 4440 creata:
2520 4385 2847 4455 composita:
2884 4388 2995 4441 sint
3016 4428 3031 4453 ,
3068 4386 3159 4440 lux
3186 4386 3408 4456 quidem

1833 4479 1979 4533 inter
2008 4492 2102 4532 eas
2132 4477 2269 4530 nihil
2306 4477 2532 4547 proprie
2549 4492 2612 4530 ac
2636 4477 2967 4549 simpliciter
2996 4479 3124 4542 erit,
3157 4486 3252 4532 aut
3269 4480 3410 4533 citra

146 4567 428 4630 οὑσιωδῶς
463 4566 787 4633 ἐνυπάρχειν
816 4557 1222 4627 διακεισὸμεοα,
1256 4555 1284 4607 ὃ
1317 4555 1390 4625 μὴ
1421 4553 1590 4621 δῶρόν
1618 4556 1730 4606 ἐστι

1838 4569 2336 4638 compositionem,
2400 4567 2495 4623 sed
2566 4583 2663 4638 per
2726 4569 3201 4637 participationem
3263 4570 3411 4624 istud

147 4664 252 4733 τῆς
277 4659 374 4714 τοῦ
402 4658 683 4719 κτίσαντος
714 4653 1040 4724 φιλοτιμίας,
1087 4650 1181 4703 καὶ
1208 4648 1358 4721 ῥίζαν
1388 4646 1500 4715 ἔχει
1523 4646 1620 4715 τὴν
1642 4644 1732 4697 τοῦ

146 4752 663 4824 δημιουργήσαντος
704 4747 883 4817 χάριν.
918 4741 1126 4796 Οὐκοῦν
1170 4738 1467 4810 ἐπειδήπερ
1513 4738 1568 4788 ἐν
1610 4752 1733 4787 συν-

150 4848 306 4901 Οὲσει
355 4846 424 4897 τὰ
470 4841 693 4910 γενητὰ,
740 4838 856 4907 φῶς
902 4836 997 4905 μὲν
1047 4836 1103 4886 ἐν
1150 4833 1333 4893 αὐτοῖς
1380 4829 1532 4883 οὐδὲν
1582 4828 1734 4880 ἔσται

150 4938 364 5007 κυρίως
395 4951 455 4987 τε
506 4933 597 4986 καὶ
628 4929 850 4993 ἁπλῶς,
905 4928 1023 4997 ἤτοι
1072 4923 1414 4986 ἀσυνθέτως,
1456 4920 1735 4990 μεθεκτῶς

149 5032 209 5083 δὲ
242 5028 341 5081 καὶ
370 5025 527 5078 τοῦτο
557 5024 776 5092 φορέσει
824 5019 960 5090 μετὰ
991 5019 1099 5071 τῶν
1125 5017 1298 5071 ἄλλων
1326 5014 1556 5069 λαϐόντα
1585 5014 1738 5085 παρά

151 5118 318 5173 Θεοῦ.
346 5115 465 5179 Φῶς
490 5114 549 5168 δὲ
570 5111 638 5167 αὖ
664 5114 723 5167 τὸ
745 5111 1016 5183 ἀληθινὸν,
1046 5108 1106 5162 τὸ
1134 5105 1366 5177 φωτίζον
1396 5107 1561 5171 ἐστὶν,
1589 5109 1649 5159 ού
1677 5107 1738 5159 τὸ
1757 5108 1769 5117 ⁵

151 5212 287 5283 παρ’
315 5210 504 5281 ἐτέρου
535 5208 919 5277 φωτιζόμενον,
950 5204 1085 5271 ὅπερ
1114 5202 1260 5253 ἐστὶν
1284 5202 1312 5252 6
1344 5200 1654 5268 Μονογενὴς
1686 5203 1742 5254 ἐν

154 5305 307 5375 ἁπλῇ
368 5304 463 5357 καὶ
494 5301 774 5372 ἀσυνθέτῳ
815 5297 1101 5368 νοούμενος
1145 5295 1327 5365 φύσει,
1375 5293 1597 5364 διπλόης
1628 5294 1737 5366 γὰρ

150 5397 384 5466 ἀπάσης
424 5395 485 5448 τὸ
521 5393 663 5448 θεῖον
715 5392 1001 5461 ἀποφοετᾷ.
1055 5390 1168 5443 Καὶ
1215 5385 1391 5439 ταῦτα
1441 5387 1538 5455 μὲν
1571 5386 1735 5456 τῇδε³

153 5488 331 5544 πάλιν
360 5486 418 5540 δὲ
449 5488 584 5556 ἡμῖν
624 5486 738 5553 ἐρεῖ
767 5482 929 5552 τυχὸν
957 5484 986 5534 6
1013 5480 1078 5534 δι’
1108 5478 1378 5541 ἐναντίαςο
1424 5476 1488 5530 Εἰ
1518 5478 1592 5549 μὴ
1622 5477 1737 5545 φῶς

155 5584 413 5652 ὑπῆρχον
431 5579 571 5633 κατὰ
597 5577 757 5646 φύσιν
782 5578 831 5630 oi
860 5574 1024 5643 ἀγιοι,
1049 5572 1138 5626 διὰ
1159 5572 1316 5625 ποίαν
1343 5570 1519 5624 αἰτίαν
1542 5571 1739 5636 αὐτοὺς

154 5673 283 5743 οὐχὶ
310 5669 489 5741 φωτὸς
517 5669 783 5724 ἀπεκάλει
822 5667 1102 5738 μετόχους,
1135 5661 1268 5718 ἀλλὰ
1314 5662 1429 5731 φῶς
1462 5662 1742 5733 ὠνόμαζεν

236 5854 278 5887 ⁷⁷
318 5850 483 5907 Zach.
523 5866 600 5919 ιι,
634 5852 686 5915 5,
720 5850 767 5904 ηί.
848 5850 892 5883 ⁷⁸
930 5851 1059 5905 Dan.
1100 5866 1225 5916 vni,
1269 5851 1360 5917 IS,
1406 5853 1484 5906 l6.
1563 5854 1604 5885 ⁷³
1646 5852 1762 5908 Act.
1799 5868 1932 5919 νιιι,
1968 5853 2058 5907 5i.

1835 4664 1998 4717 etiam
2044 4677 2167 4715 cum
2231 4662 2445 4716 caeteris
2498 4676 2528 4713 a
2584 4659 2693 4715 Deo
2730 4661 3017 4731 suscipiet.
3076 4658 3191 4715 Lux
3229 4670 3412 4716 autem

1839 4767 1966 4805 vera
1998 4760 2080 4805 cst
2111 4764 2231 4819 (pne
2266 4750 2571 4815 illuminat,
2620 4763 2732 4804 non
2770 4766 2893 4819 qua:
2947 4750 3289 4805 illuminatur
3342 4752 3412 4806 ab

1837 4846 1969 4907 alio,
2013 4841 2323 4914 cujusiuodi
2375 4851 2458 4897 est
2485 4840 2838 4910 Unigenitus,
2872 4842 2966 4911 qui
3016 4842 3070 4895 in
3104 4842 3337 4911 simplici
3361 4850 3413 4897 et

1838 4934 2206 5002 incomposita
2235 4940 2432 4985 natura
2463 4925 2591 4986 esse
2622 4932 2971 5001 intelligitur,
2992 4946 3119 4985 cum
3152 4931 3207 4985 in
3237 4929 3404 4985 Deum

1838 5027 1982 5081 nulla
2023 5021 2223 5080 cadei'e
2279 5023 2454 5094 possit
2486 5025 2834 5093 compositio.
2866 5024 3047 5092 Atque
3076 5024 3191 5077 haec
3232 5024 3303 5077 ita
3355 5038 3416 5079 se

1839 5119 2055 5190 quidem
2091 5117 2328 5181 habent;
2360 5117 2456 5171 sed
2509 5131 2736 5170 rursum
2774 5114 2933 5169 nobis
2967 5114 3156 5169 forsan
3187 5114 3415 5184 objiciet

1841 5205 2233 5262 adversarius:
2273 5203 2328 5259 Si
2385 5205 2561 5260 sancti
2616 5204 2707 5259 lux
2762 5220 2870 5259 non
2925 5212 3054 5259 sunt
3108 5204 3419 5259 secundum

1843 5308 2126 5358 naturam,
2159 5312 2325 5367 quam
2374 5298 2444 5353 ob
2477 5311 2702 5352 causam
2739 5312 2846 5351 non
2890 5295 3031 5351 lucis
3080 5296 3416 5367 participes,

1843 5391 1936 5447 sed
1960 5392 2133 5445 lucem
2163 5405 2260 5445 eos
2292 5389 2546 5445 Salvator
2585 5389 2966 5460 nuncupavit?
2993 5389 3102 5443 Aut
3137 5388 3419 5459 quomodo

1842 5484 2069 5539 alterius
2106 5483 2211 5538 erit
2234 5483 2303 5537 ab
2336 5483 2456 5554 ipso
2488 5491 2698 5537 natura:
2744 5489 3023 5542 creatura,
3062 5479 3108 5535 si
3150 5477 3412 5551 quemad-

1843 5575 2066 5630 modum
2104 5575 2221 5644 ipse
2263 5576 2355 5629 lux
2390 5581 2740 5644 nuncupatus
2770 5581 2882 5635 est,
2918 5572 2993 5626 ita
3025 5572 3187 5627 etiam
3236 5570 3412 5625 homi-

1858 5669 2068 5725 neslux
2095 5668 2353 5739 appellati
2390 5667 2558 5723 sunt?
2580 5686 2597 5719 ι
2640 5665 2750 5723 Vos
2779 5667 2925 5721 enim
2959 5664 3096 5719 estis
3132 5662 3221 5717 lux
3254 5676 3414 5717 mun-

2140 5852 2183 5883 ⁸⁸
2227 5850 2418 5906 Matth.
2455 5867 2504 5916 ν,
2541 5852 2626 5906 l-l.
2704 5850 2745 5881 ⁸¹
2792 5847 2979 5903 Matth.
3016 5862 3082 5911 τ,
3117 5845 3170 5900 8.
