4214 6502
748 432 852 491 £27

1773 430 1830 485 S.
1863 425 2142 486 CYRILLI
2173 421 2638 480 ALEXANDRINI
2681 420 3002 477 ARCllIEP.

3909 414 4020 469 1'23

803 579 808 582 ’
863 555 906 618 ’,
941 573 958 604 ο
983 553 1240 622 discipuli
1287 552 1602 608 audierunt.
1633 549 1733 605 Cui
1771 551 1853 606 sic
1889 549 2315 618 respondemus:

2433 542 2451 592 5
2481 537 2709 609 Σωτήρς
2770 539 2893 601 ῐῐῶς
2942 538 2997 590 δὲ
3032 537 3328 609 ἐτεροφυὴς
3362 537 3596 606 ήκτίσις
3630 534 3704 596 ὼς
3742 532 3874 604 πρὸς
3917 532 4022 584 αὑ·

748 650 774 690 ι’
799 668 820 680 -·
839 667 856 696 ε’
899 663 1049 717 ergo,
1077 648 1216 701 bone
1244 647 1346 708 vir,
1371 645 1446 698 dii
1479 645 1688 716 Deique
1719 644 1814 699 filii
1841 645 1983 714 apud
2009 643 2322 712 Scripturas

768 739 797 786 λ.
824 740 961 792 ηὶάθε
1004 737 1300 805 nuncupati
1330 737 1723 806 sumus,juxta
1761 736 1929 790 illud:
1961 754 1978 786 ι
2023 733 2134 805 Ego
2173 733 2317 796 dixi,

863 832 1018 891 cenis,
1051 842 1104 883 et
1139 829 1231 883 filii
1262 829 1787 885 Excelsiomnes”?
1817 849 1834 882 ι
1873 833 1953 883 An
1978 829 2145 898 igitur
2175 828 2321 882 desi-

747 933 939 976 nentes
967 938 1089 977 esse
1121 932 1316 977 natura
1352 925 1400 977 id
1434 923 1581 992 quod
1619 940 1844 989 sumus,
1879 925 1944 978 ad
2000 926 2239 978 divinam
2268 934 2320 979 et

748 1013 1077 1069 ineffabilem
1106 1016 1474 1070 substantiam
1507 1017 1828 1080 evehemur,
1855 1026 1910 1073 et
1950 1017 2188 1071 Verbum
2224 1017 2315 1072 Dei

745 1115 1015 1172 negantes
1077 1123 1200 1161 esse
1253 1123 1383 1162 vere
1456 1105 1694 1172 Filium,
1759 1109 1908 1163 illius
1969 1109 2091 1162 loco
2175 1107 2317 1163 Patri

744 1215 770 1252 a
812 1199 1148 1264 Sideb’mus,
1201 1207 1256 1253 et
1326 1202 1559 1270 gratiam
1632 1217 1739 1269 qua
1803 1217 1906 1256 nos
1974 1211 2162 1265 ornat,
2217 1205 2318 1255 im-

743 1290 964 1358 pietatis
1014 1291 1300 1343 materiam
1358 1293 1660 1346 faciemus?
1705 1295 1882 1348 Absit.
1939 1293 2044 1348 Sed
2106 1295 2157 1346 in
2202 1297 2318 1349 suis

741 1379 906 1434 bonis
952 1382 1373 1438 immutabibtcr
1427 1393 1606 1439 manet
1638 1385 1729 1438 Dei
1785 1385 1956 1441 Filius
2000 1407 2012 1440 ε
2058 1403 2162 1441 nos
2219 1404 2318 1441 au-

741 1479 851 1524 tem
908 1471 1200 1542 adoptione
1251 1474 1342 1527 filii
1397 1491 1588 1530 sumus
1667 1486 1720 1530 et
1774 1477 1849 1530 dii
1913 1494 2008 1548 per
2063 1479 2313 1549 gratiam,

741 1576 852 1615 non
914 1562 1232 1632 ignorantes
1281 1565 1335 1618 id
1389 1568 1539 1635 quod
1598 1584 1822 1630 sumus,
1876 1578 1929 1624 ct
1999 1572 2101 1625 hoe
2159 1583 2316 1641 pacto

740 1667 962 1722 quoque
1007 1664 1229 1710 sanctos
1290 1657 1464 1710 lucem
1501 1673 1622 1712 esse
1677 1660 1977 1715 credimus.
2015 1661 2120 1717 Sed
2181 1663 2316 1716 illud

741 1745 1291 1802 animadvertendum
1379 1749 1602 1819 insuper
1715 1752 1996 1808 existimo.
2084 1753 2317 1808 Creatu-

743 1849 817 1888 rat-
892 1838 1122 1892 rationis
1193 1847 1474 1907 compotes
1550 1851 1776 1910 accepto
1826 1844 2033 1899 lumine
2106 1846 2313 1901 illumi-

2429 633 2536 696 τὸν,
2570 634 2618 683 εἰ
2655 630 2905 700 καθάπερ
2934 630 3095 693 αὐτὸς
3135 630 3447 699 ὠνόμασται
3479 628 3615 697 φῶς,
3647 626 3788 678 οὕτω
3824 625 3919 677 καὶ
3943 622 4019 676 τὰ

2427 724 2645 790 λογικά;
2707 742 2724 773 ι
2760 722 2949 792 Ὑμεῖς
2993 723 3104 791 γάρ
3150 723 3271 773 ἐστε
3312 721 3405 772 τοῦ
3453 720 3662 789 κόσμου
3711 719 3770 770 τὸ
3817 717 3953 784 φῶς,
3995 733 4014 765 ι

2427 817 2623 886 ἤκουον
2651 815 2700 868 οἱ
2734 813 2992 884 μαθηταί.
3027 814 3090 864 Τί
3120 809 3212 866 οῦν
3235 831 3248 874 ;
3274 807 3318 864 ὧ
3345 812 3608 882 βέλτιστε,
3646 810 3809 862 πάλιν
3851 805 4020 877 ἐροῦ-

2428 927 2525 979 μεν
2568 909 2718 978 αὐτῷ
2739 925 2751 936 ’
2798 907 2910 960 θεοὶ
2941 908 3034 960 καὶ
3059 904 3194 958 Θεοῦ
3226 905 3333 957 υἱοὶ
3368 904 3520 974 παρά
3551 905 3671 965 ταῖς
3713 900 3888 962 θείαις
3924 914 4020 950 κε-

2424 1001 2670 1072 κλήμεθα
2699 1002 2961 1069 Γραφαῖς,
2995 998 3136 1052 κατὰ
3173 998 3235 1050 τό
3261 1015 3273 1026 ο
3306 1015 3324 1047 ι
3357 995 3498 1063 Ἐγὼ
3529 991 3681 1056 εἶπα,
3706 991 3830 1045 Θεοί
3863 994 4018 1054 ἐστε,

2424 1094 2515 1146 καί
2537 1095 2641 1146 υἱοὶ
2682 1093 2935 1162 Ὑψίστου
2962 1091 3194 1155 πάντεςς
3227 1109 3245 1140 ι
3265 1085 3387 1159 Ἆρ’
3415 1084 3506 1140 οῦν
3534 1087 3761 1155 ἀσέντες
3789 1084 3850 1136 τὸ
3874 1079 4019 1134 εἶναι

2424 1186 2562 1238 κατά
2592 1186 2772 1254 φύσιν,
2808 1186 2945 1254 ὅπερ
2983 1184 3171 1252 ἐσμὲν,
3215 1181 3306 1232 ἐπὶ
3341 1181 3438 1250 τὴν
3465 1179 3615 1232 θείαν
3645 1195 3729 1236 τε.
3777 1175 3871 1227 καὶ
3916 1175 4022 1242 ἆῤ·-

2423 1278 2585 1345 ρητον
2612 1276 2802 1328 ούσίαν
2849 1272 3253 1343 ἀναϐησόμεθα,
3302 1271 3396 1324 καὶ
3424 1271 3515 1322 τὸν
3552 1269 3645 1322 τοῦ
3674 1266 3811 1319 Θεοῦ
3839 1265 4022 1330 Λόγον

2420 1368 2518 1436 τῆς
2549 1369 2668 1419 κατ’
2698 1367 2957 1437 ἀλήθειαν
2985 1364 3341 1426 ἐκϐάλλοντες
3388 1363 3636 1428 uid-.1170;
3656 1401 3669 1424 ,
3715 1361 3827 1410 ἀντ’
3865 1356 4019 1408 ὲκεί-

2420 1475 2511 1512 νου
2540 1458 2616 1528 τῷ
2645 1459 2822 1528 Πατρὶ
2861 1457 3308 1528 συνεδρεύσομεν,
3336 1455 3431 1507 καὶ
3465 1453 3724 1504 ὑπόθεσιν
3756 1447 4021 1507 ἀσεϐείας

2419 1549 2518 1619 τὴν
2561 1551 2654 1602 τοῦ
2701 1549 2971 1620 τιμῶντος
3006 1546 3346 1618 ποιησόμεθα
3388 1546 3584 1615 χάριν;
3639 1543 3732 1610 Μὴ
3773 1539 4014 1610 γένοιτο-

2418 1639 2534 1692 ἀλλ’
2583 1640 2736 1693 ἔσται
2787 1641 2884 1708 μὲν
2941 1640 3000 1692 ὲν
3057 1635 3252 1708 οἷσπερ
3299 1639 3446 1689 ἐστὶν
3503 1635 3943 1704 ἀπαραποιήτως
3991 1631 4022 1680 ὁ

2420 1732 2547 1794 res;
2579 1748 2594 1762 ο
2654 1731 2796 1783 θετοὶ
2837 1730 2892 1783 δὲ
2934 1731 3093 1800 ἡμεῖς
3142 1731 3220 1792 είς
3267 1729 3510 1798 υξότητα,
3567 1727 3661 1779 καὶ
3701 1724 3814 1777 θεοὶ
3873 1720 4021 1775 κατά

2417 1825 2596 1896 χάριν,
2640 1823 2741 1876 οὐκ
2777 1822 3097 1890 ἀγνοοῦντες
3136 1823 3275 1893 ὅπερ
3318 1821 3516 1891 ἐσμέν·
3571 1819 3716 1871 οῦτω
3763 1817 3820 1868 δὲ
3870 1811 4020 1866 εἶναι

741 1932 915 1988 nant,
958 1925 1062 1994 75
1106 1931 1605 1985 communicatione
1641 1932 2023 1988 doctrinarum
2075 1951 2214 2006 quas
2251 1953 2319 1992 ex

2433 1918 2522 1970 καὶ
2587 1915 2701 1984 φῶς
2787 1917 2912 1978 τοὺς
2979 1915 3167 1983 ἁγίους
3238 1915 3592 1982 πιστεύομεν.
3673 1909 3889 1981 Χρῆναι
3960 1907 4022 1958 δὲ

743 2032 841 2071 sua
878 2026 1054 2072 mente
1077 2019 1130 2073 in
1160 2021 1387 2074 aliorum
1419 2032 1652 2078 mentem
1681 2027 2016 2083 infundunt:
2042 2046 2163 2098 qua:
2197 2033 2322 2086 illu-

742 2110 973 2164 mlnatio
1011 2114 1256 2166 doctrina
1297 2116 1424 2181 jure
1459 2119 1639 2186 potius
1679 2120 2000 2189 appellanda
2035 2131 2118 2178 est
2158 2141 2321 2194 quam

741 2205 1021 2258 revelatio.
1055 2204 1159 2260 Sed
1187 2205 1278 2259 Dei
1299 2205 1537 2262 Verbum
1572 2231 1590 2263 ι
1620 2213 1894 2270 illuminat
1918 2232 2132 2272 omnem
2156 2219 2323 2274 homi-

742 2310 866 2349 nem
894 2298 1198 2352 venientem
1227 2301 1282 2354 in
1316 2301 1582 2357 mundum
1611 2349 1623 2371 ,
1664 2327 1682 2357 ι
1727 2323 1838 2362 non
1893 2309 2144 2365 docendo
2177 2314 2321 2368 sicut

745 2388 962 2458 angeli,
1000 2391 1150 2445 verbi
1192 2394 1363 2461 gratia
1388 2437 1401 2458 ,
1440 2395 1524 2449 vel
1553 2397 1840 2454 homines:
1892 2402 1986 2455 sed
2034 2405 2216 2473 potius
2265 2416 2325 2462 ut

746 2480 909 2545 Deus,
941 2483 1212 2549 creando,
1249 2487 1546 2557 unicuique
1575 2490 1650 2544 rei
1686 2491 1740 2544 in
1769 2501 1951 2547 ortum
1985 2496 2202 2551 eductae
2235 2513 2324 2552 sa-

744 2572 962 2640 pientiae
990 2573 1103 2627 sive
1133 2575 1469 2644 cognitionis
1501 2576 1698 2634 divinze
1727 2596 1914 2637 semen
1940 2585 2079 2639 indit
2105 2629 2119 2652 ,
2155 2595 2210 2641 et
2241 2589 2323 2642 in-

745 2663 1061 2733 telligentia:
1107 2667 1346 2722 radicem
1411 2671 1642 2736 inserit,
1700 2682 1868 2744 atque
1923 2678 1997 2731 ita
2056 2681 2326 2738 rationale

745 2757 947 2811 animal
976 2757 1156 2823 eflicit,
1193 2770 1401 2814 naturae
1441 2762 1575 2816 illud
1604 2780 1718 2819 su:e
1746 2767 2022 2838 particeps
2048 2771 2285 2827 reddens
2308 2815 2322 2839 ,

745 2857 798 2904 et
832 2849 1122 2906 iuefl‘abilis
1151 2851 1234 2905 sui
1261 2854 1570 2922 Splendoris
1604 2857 1819 2913 lucidos
1854 2861 2020 2914 veluti
2043 2863 2323 2932 quosdam

744 2958 976 3013 vapores
1007 2945 1127 3012 ejus
1165 2948 1349 2999 animo
1378 2946 1696 3015 iinmittens,
1739 2967 1801 3005 ea
1831 2954 2042 3008 ratione
2071 2969 2135 3008 ac
2165 2956 2327 3010 modo

743 3048 853 3102 quo
889 3033 1003 3103 ipse
1033 3036 1203 3098 novit,
1243 3038 1376 3091 nihil
1405 3040 1549 3094 enim
1581 3057 2052 3110 supervacaneum
2082 3046 2172 3099 hic
2202 3045 2328 3101 afl‘e-

744 3125 972 3178 rendum
1028 3137 1179 3195 puto.
1208 3128 1482 3195 Quocirca
1523 3140 1716 3186 auctor
1760 3135 1850 3188 ille
1894 3135 2069 3190 nostri
2110 3138 2326 3205 gem-ris

743 3215 952 3278 Adam,
1005 3233 1112 3272 non
1157 3219 1208 3272 in
1249 3229 1495 3290 tempore
1521 3261 1536 3284 ,
1586 3223 1748 3277 sicuti
1803 3238 1946 3286 nos.
2000 3226 2324 3295 sapientiam
2355 3245 2396 3301 ο
2431 3216 2466 3268 (³⁵

744 3305 963 3361 videtur
998 3325 1121 3363 esse
1146 3322 1479 3368 consecutus
1503 3355 1517 3375 ,
1553 3315 1648 3368 sed
1681 3331 1709 3367 a
1747 3317 1923 3385 primo
1955 3319 2138 3372 statim
2173 3327 2327 3374 ortus

747 3398 827 3451 sui
875 3397 1029 3452 initio
1061 3399 1301 3468 perfecta
1346 3402 1707 3472 intelligentia
1749 3405 2014 3473 praeditus
2040 3409 2324 3473 cernitur,

746 3487 876 3541 dum
917 3498 1196 3559 acceptam
1235 3490 1502 3548 divinitus
1545 3495 1998 3550 illuminationem
2061 3499 2326 3554 illibatam

746 3581 800 3635 in
849 3583 1032 3649 si‘ipso
1084 3594 1482 3651 conservaret,
1528 3595 1580 3640 et
1637 3587 1907 3657 integram
1957 3597 2169 3643 natura!
2217 3607 2330 3645 suae

747 3674 1010 3729 retineret
1063 3674 1409 3745 dignitatem.
1460 3679 1737 3733 illuminat
1779 3679 1982 3747 igitur,
2037 3689 2096 3734 ut
2148 3683 2330 3753 opifex

750 3765 970 3834 quidem
1015 3765 1216 3830 Filius,
1254 3768 1490 3823 maxime
1517 3785 1642 3823 cum
1673 3770 1744 3823 sit
1775 3771 1891 3839 ipse
1926 3772 2017 3824 lux
2045 3772 2135 3825 illa
2169 3789 2293 3828 vera
2314 3816 2327 3838 ,

2424 2003 2577 2077 οἶμαι
2623 2007 2844 2059 κάκεῖνο
2894 2005 3387 2074 διασκεπτομένους
3421 2005 3574 2073 ὁρᾷν.
3625 2001 3707 2053 Τὰ
3759 1999 3858 2068 μὲν
3906 1994 4024 2064 γὰρ

2424 2097 2616 2167 λογικά
2663 2096 2771 2149 τῶν
2824 2096 3138 2165 κτισμάτων
3187 2095 3531 2164 φωτιζόμενα
3577 2090 3835 2162 φωτίζει,
3874 2085 4024 2140 κατὰ

2428 2188 2710 2260 μετάδοσιν
2776 2186 3149 2257 θεωρημάτων
3204 2185 3313 2238 τῶν
3372 2187 3436 2238 ὲκ
3491 2183 3582 2237 νοῦ
3632 2182 3772 2252 πρὸς
3821 2179 4026 2249 ἑτέραν

2424 2281 2783 2350 εἰσχεομένων
2812 2280 3084 2340 διάνοιαν,
3147 2279 3244 2332 καὶ
3291 2276 3613 2330 διδασκαλία
3652 2273 3852 2344 μᾶλλον
3897 2272 4028 2340 ἦτοι

2423 2372 2766 2440 ἀποκάλυψις
2792 2374 2820 2424 ό
2843 2370 3080 2433 τοιοῦτος
3114 2371 3179 2424 ἂν
3212 2370 3436 2431 δικαίως
3471 2367 3690 2420 καλοῖτο
3715 2362 4024 2433 φωτισμός.

2437 2464 2495 2517 '0
2513 2463 2569 2516 δὲ
2597 2463 2690 2515 τοῦ
2724 2463 2859 2515 Θεοῦ
2886 2463 3062 2531 Λόγος
3087 2480 3106 2512 ι
3139 2463 3362 2530 φωτίζει
3412 2459 3586 2512 πάντα
3613 2456 3903 2526 ἄνθρωπον
3928 2455 4027 2521 ἐρ-

2425 2557 2652 2627 χόμενον
2689 2556 2766 2618 εἰς
2795 2554 2887 2608 τὸν
2919 2556 3123 2624 κόσμον
3156 2573 3174 2605 ι
3211 2556 3271 2605 οῦ
3299 2551 3698 2610 διδασκαλικῶς
3721 2586 3734 2611 ,
3766 2545 4031 2611 καθάπερ

2425 2650 2648 2718 ἄγγελοι
2676 2649 2854 2719 τυχὸν,
2886 2650 2918 2721 ἢ
2955 2650 3048 2702 καὶ
3072 2647 3370 2719 ἄνθρωποι,
3395 2644 3530 2698 ἀλλὰ
3559 2642 3762 2713 μᾶλλον
3786 2641 3862 2700 ὡς
3890 2635 4031 2700 Θεὸς

2426 2743 2831 2815 δημιουργικῶς
2872 2741 3090 2810 ἑκάστῳ
3118 2739 3226 2791 τῶν
3263 2739 3343 2799 είς
3377 2736 3438 2788 τὸ
3476 2729 3618 2786 εἶναι
3666 2728 4034 2796 καλουμένων

2430 2834 2652 2903 σπέρμα
2682 2833 2893 2901 σοφίας,
2926 2831 3044 2900 ἦτοι
3075 2827 3402 2895 θεογνωσίας
3434 2823 3698 2890 ἐντίθησι,
3737 2819 3829 2872 καὶ
3868 2817 4036 2887 ῥίζαν

2428 2925 2723 2996 ὲμφυτεύει
2755 2925 3056 2985 συνέσεως,
3112 2920 3329 2988 λογικόν
3367 2935 3427 2970 τε
3463 2916 3637 2977 οὕτως
3677 2910 3937 2966 ἀποτελεῖ
3971 2909 4037 2959 τὸ

2430 3019 2567 3084 ζῶον
2603 3019 2702 3088 τῆς
2730 3017 2937 3077 οἰκείας
2963 3013 3177 3082 φύσεως
3212 3010 3440 3081 μέτοχον
3466 3002 3843 3060 ἀποδεικνύων
3866 3041 3880 3064 ,
3936 3000 4039 3052 καὶ

2429 3111 2528 3179 τῆς
2586 3109 2866 3178 ἀφράστου
2929 3092 3313 3174 λαμπρότητος
3368 3100 3560 3169 ῶσπερ
3607 3100 3761 3159 τινας
3818 3093 4040 3162 ἀτμοὺς

2471 3201 2738 3261 ωτοειδεῖς
2761 3198 2924 3259 ἐνιεὶς
2951 3194 3148 3266 τιῖλνῷ,
3169 3192 3291 3246 καθ’
3330 3192 3388 3245 ὃν
3411 3191 3573 3252 αὐτὸς
3603 3184 3710 3241 οἶδε
3744 3186 3949 3257 τρόπον
3975 3201 4040 3235 τε

2432 3292 2524 3343 καί
2552 3291 2710 3358 λόγον
2730 3307 2744 3321 ο
2788 3289 2870 3342 δεῖ
2897 3289 3035 3355 γάρ,
3079 3282 3234 3354 οἶμαι
3257 3325 3269 3347 ,
3292 3284 3472 3350 λέγειν
3501 3283 3558 3333 ὲν
3593 3280 3806 3339 τούτοις
3839 3277 3900 3328 οῦ
3941 3292 4044 3326 πε-

2435 3383 2588 3453 ριττά
2616 3399 2624 3407 ·
2655 3381 2824 3432 διάτοι
2864 3377 3023 3430 τοῦτο
3067 3376 3161 3429 καὶ
3198 3378 3226 3428 ὁ
3267 3374 3568 3445 προπάτωρ
3602 3370 3813 3440 Ἀδὰμ,
3853 3369 3956 3420 οὐκ
3985 3369 4043 3418 ἐν

2431 3475 2608 3544 χρόνῳ
2627 3516 2640 3538 ,
2682 3470 2934 3540 καθάπερ
2959 3470 3120 3539 ἡμεῖς
3139 3507 3154 3532 ,
3183 3466 3246 3520 τὺ
3285 3462 3424 3519 εἶναι
3456 3463 3619 3530 σοφὸς
3647 3458 4043 3528 ἀποκερδάνας

2431 3567 2656 3636 ὁρᾶται,
2701 3562 2820 3615 ἀλλ’
2856 3563 2920 3613 ὲκ
2969 3558 3202 3628 πρώτων
3255 3556 3415 3618 εὐθὺς
3458 3553 3567 3606 τῶν
3620 3553 3719 3621 τῆς
3762 3551 4045 3617 γενέσεως

2432 3657 2640 3728 χρόνων
2669 3655 2872 3716 τέλειος
2912 3654 2968 3705 ὲν
3014 3651 3226 3703 συνέσει
3261 3649 3545 3717 φαίνεται,
3593 3645 3684 3695 τὸν
3716 3640 3954 3694 δοθέντα
3977 3640 4043 3706 τῇ

2435 3748 2594 3816 φύσει
2626 3745 2775 3816 παρὰ
2790 3743 2925 3796 Θεοῦ
2955 3741 3232 3812 φωτισμὸν
3249 3739 3516 3793 ἀθόλωτον
3539 3737 3640 3796 ἔτι,
3669 3734 3764 3787 καὶ
3793 3730 4044 3800 καθαρὸν

2433 3839 2716 3901 διασὼζων
2751 3840 2806 3890 ὲν
2837 3834 3044 3904 ἐαυτῷ,
3089 3834 3183 3887 καὶ
3215 3831 3595 3902 ἀκαπήλευτον
3627 3828 3770 3896 ἔχων
3800 3825 3908 3892 τῆς
3945 3823 4047 3891 φύ-

2438 3949 2574 3994 σεως
2601 3931 2660 3983 τὸ
2691 3930 2927 4000 ἀξίωμα.
2989 3927 3216 3989 Φωτίξει
3254 3923 3575 3994 τοιγαροῦν,
3621 3916 4051 3990 δημιουργικῶς

2441 4025 2539 4091 μὲν
2567 4024 2592 4073 ὁ
2623 4022 2770 4086 Υἱὸς,
2803 4019 2896 4072 ἅτε
2915 4018 2978 4088 δὴ
3008 4018 3066 4069 τὸ
3089 4016 3202 4084 φῶς
3230 4016 3489 4084 ὑπάρχων
3514 4012 3648 4065 αὐτὸ
3668 4012 3731 4063 τὸ
3760 4008 4049 4079 άληθινδν,

2438 4114 2578 4167 κατὰ
2597 4113 2829 4184 μετοχὴν
2858 4110 2913 4162 δὲ
2943 4109 3170 4180 ἡκτίσις
3191 4107 3291 4176 τὴν
3311 4105 3449 4176 πρὸς
3478 4104 3538 4156 τὸ
3561 4104 3679 4171 φῶς
3712 4101 4054 4170 ὲκλαμπρύ-

2438 4223 2587 4257 νεται
2607 4245 2622 4265 ,
2668 4204 2761 4256 καὶ
2792 4201 3037 4254 καλεῖται
3061 4199 3150 4251 διὰ
3176 4197 3366 4258 τοῦτο,
3415 4196 3511 4248 καὶ
3540 4195 3755 4261 γίνεται
3791 4192 3942 4259 φῶς,
3979 4190 4056 4250 είς

2438 4297 2507 4349 τὰ
2540 4296 2678 4364 ὑπὲρ
2716 4294 2876 4362 φύσιν
2918 4290 3281 4344 ἀναϐαίνουσα
3324 4289 3410 4341 διὰ
3439 4287 3539 4356 τὴν
3565 4282 3663 4338 τοῦ
3712 4284 4056 4350 δοξάσαντος

2439 4387 2619 4458 χάριν,
2666 4386 2759 4438 καὶ
2793 4383 3068 4452 διαφόροις
3119 4381 3288 4450 αὐτὴν
3338 4379 3633 4446 στέᾳοντος
3685 4378 3926 4444 τιμαῖς,
3984 4371 4058 4433 ὡς

2439 4482 2596 4548 ἥκειν
2625 4479 2702 4540 εἰς
2742 4477 2902 4546 μέσον
2949 4474 3186 4540 εὐλόγως
3220 4471 3329 4524 τῶν
3363 4468 3749 4539 τετιμημένων
3788 4467 4056 4525 ἕκαστον,

2440 4569 2534 4621 καὶ
2562 4567 2625 4636 δὴ
2659 4566 3044 4636 χαριστηρίους
3078 4562 3425 4615 ἀνατείνοντα
3450 4557 3795 4629 προσευχὰς,
3837 4555 4059 4625 μεγάλῃ

2441 4659 2628 4713 λοιπὸν
2661 4657 3022 4727 ἀναμελῳδεῖν
3053 4657 3118 4724 τῇ
3155 4656 3305 4723 φωνῇ
3335 4671 3348 4683 ·
3383 4671 3401 4702 ε
3434 4650 3666 4718 Εύλόγει
3697 4651 3731 4718 ἡ
3760 4649 3925 4718 ψυχή
3958 4662 4060 4716 μου

2443 4751 2535 4802 τὸν
2566 4749 2794 4818 Κύριον,
2833 4747 2926 4799 καὶ
2955 4745 3030 4815 μὴ
3056 4744 3414 4796 ὲπιλανθάνου
3452 4742 3639 4804 πάσας
3670 4741 3775 4802 τὰς
3807 4742 4060 4792 ἀνταπο-

2441 4840 2615 4902 δόσεις
2645 4840 2831 4893 αύτοῦ’
2867 4839 2955 4891 τὸν
2984 4836 3361 4890 εὑιλατεύοντα
3392 4837 3600 4896 πάσαις
3624 4835 3749 4895 ταῖς
3791 4832 4064 4900 ἀνομίαις

2445 4949 2562 4995 σου,
2592 4929 2682 4982 τὸν
2715 4928 2942 4999 ἰώμενον
2975 4929 3155 4990 πάσας
3187 4928 3286 4991 τὰς
3307 4928 3498 4989 νόσους
3530 4941 3650 4990 σου,
3699 4924 3798 4976 τὸν
3827 4921 4065 4992 λυτρού-

2449 5039 2607 5092 μενον
2629 5022 2692 5074 ἐκ
2709 5019 2914 5089 φθορᾶς
2945 5014 3043 5088 τῆν
3067 5019 3209 5089 ζωήν
3236 5035 3353 5084 σου,
3375 5017 3467 5070 τὸν
3492 5014 3882 5082 στεφανοῦντά
3918 5031 3982 5067 σε
4009 5014 4066 5065 ἐν

2452 5114 2610 5178 ἐλέει,
2631 5115 2723 5165 καὶ
2743 5114 3062 5181 οἰκτιρμοῖς,
3095 5111 3186 5163 τὸν
3211 5109 3580 5180 ὲμπιπλῶντα
3609 5110 3669 5161 ὲν
3699 5106 3944 5175 ἀγαθοῖς
3967 5105 4068 5176 τὴν

2453 5205 2742 5274 ἐπιθυμίαν
2794 5222 2909 5257 σου.
2960 5222 2978 5254 ι
3027 5204 3178 5255 Ποιεῖ
3220 5203 3329 5274 γὰρ
3380 5203 3552 5264 ὅντως
3601 5200 4001 5270 ἐλεημοσύνας
4044 5201 4071 5249 ὁ

2452 5298 2674 5367 Κύριος,
2708 5296 2775 5349 τὰ
2807 5294 2977 5366 μικρά
3005 5294 3531 5364 καὶὲξουθενημένα,
3564 5292 3716 5346 κατά
3742 5309 3811 5359 γε
3843 5292 3942 5344 τὸν
3965 5289 4070 5356 τῆς

2452 5387 2655 5450 οἰκείας
2706 5388 2918 5455 φύσεως
2952 5385 3142 5454 λόγον,
3203 5387 3439 5455 μεγάλα,
3493 5385 3592 5437 καὶ
3628 5381 4072 5452 ἀξιοθαύμαστα

2455 5479 2541 5530 διὰ
2571 5477 2671 5548 τῆς
2714 5480 2793 5540 εἰς
2825 5477 2965 5530 αὑτά
3001 5478 3365 5548 χρηστότητος
3405 5474 3791 5530 ἀποδεικνύων
3814 5514 3829 5538 ,
3873 5474 4072 5540 ὥσπερ

2456 5563 2547 5622 οῦν
2569 5569 2757 5638 ἀμέλει
2785 5569 2878 5620 καὶ
2905 5571 3051 5638 ἡμᾶς
3081 5571 3192 5632 τοῖς
3221 5570 3374 5633 ἰδίοις
3404 5569 3572 5623 αὐτοῦ
3609 5585 3824 5622 κατασε
3836 5567 4008 5638 μνύνε
4023 5585 4070 5617 ιν

2457 5661 2680 5726 ἀγαθοῖς
2711 5660 2906 5730 χρῆναι
2935 5659 3043 5712 δεῖν
3083 5660 3330 5730 ἀφθόνως
3361 5659 3694 5732 ἐδοκίμασεν
3723 5661 3803 5723 ὡς
3849 5661 3880 5712 ό
3911 5658 4072 5721 Θεξις,

748 3867 999 3914 creatura
1032 3871 1211 3915 autem
1242 3862 1661 3932 participatione
1692 3877 1816 3916 cum
1847 3865 1969 3919 luce
1992 3905 2005 3927 ,
2048 3865 2329 3919 illumina-

751 3961 877 4014 tur,
906 3963 959 4006 et
992 3953 1198 4006 idcirco
1231 3955 1324 4008 lux
1360 3955 1568 4008 dicitur
1601 3961 1654 4009 et
1693 3963 1805 4016 est,
1837 3956 1902 4008 ad
1946 3972 2033 4012 res
2063 3972 2332 4027 superna-

750 4046 960 4099 turalcs
1005 4053 1228 4111 evecta,
1274 4046 1634 4115 glorificantis
1677 4045 1803 4109 Dei,
1857 4056 1911 4100 et
1955 4050 2124 4102 variis
2160 4050 2331 4118 ipsam

751 4136 1073 4191 coronantis
1127 4136 1431 4190 honoribus
1480 4137 1698 4206 gratia,
1755 4137 1892 4191 adeo
1941 4146 2000 4191 ut
2063 4147 2334 4208 quotquot

752 4225 898 4279 hunc
947 4228 1212 4280 honorem
1260 4228 1576 4295 accepimus
1619 4229 1944 4294 juremcrito
1987 4230 2040 4281 in
2095 4231 2332 4284 medium

751 4318 990 4388 prodire,
1024 4328 1076 4374 et
1108 4335 1305 4390 magna
1338 4334 1473 4374 voce
1499 4318 1702 4387 gratias
1725 4330 1945 4388 agentes
1973 4321 2335 4389 gratulatorio

754 4411 997 4465 carmine
1029 4412 1212 4465 dicere
1253 4411 1550 4464 debeamus
1582 4425 1594 4459 :
1654 4427 1672 4458 ι
1707 4408 1958 4476 Benedic,
1990 4412 2168 4464 anima
2194 4427 2332 4478 mea,

755 4501 1004 4568 Domino,
1033 4511 1086 4556 et
1117 4504 1226 4556 noli
1264 4503 1513 4556 oblivisci
1537 4516 1728 4555 omnes
1765 4505 2151 4558 retributiones
2182 4505 2330 4573 ejus:

754 4595 847 4663 qui
899 4595 1228 4664 propitiatur
1279 4594 1536 4649 omnibus
1593 4594 1976 4663 iniquitatibus
2033 4597 2185 4659 tuis,
2241 4597 2333 4665 qui
2370 4607 2412 4660 1)

752 4696 910 4741 sanat
931 4702 1123 4740 omnes
1158 4685 1502 4738 infirmitates
1533 4695 1686 4749 tuas;
1715 4685 1808 4753 qui
1837 4687 2053 4739 redimit
2070 4687 2136 4740 de
2173 4688 2342 4739 inter-

751 4780 829 4833 itu
883 4780 1046 4831 vitam
1095 4785 1276 4841 tuam;
1330 4776 1422 4844 qui
1464 4782 1697 4828 coronat
1740 4784 1788 4829 te
1846 4776 1897 4828 in
1953 4776 2338 4830 misericordia

749 4879 802 4924 et
836 4869 1323 4932 miserationibus;
1372 4867 1466 4936 qui
1501 4868 1673 4935 replet
1710 4866 1762 4919 in
1807 4866 1965 4921 bonis
2005 4868 2338 4922 desiderium

751 4970 904 5015 tuum
923 4960 988 5014 ⁸⁸.
1028 4979 1045 5012 ι
1083 4959 1236 5012 Facit
1263 4960 1407 5012 enim
1433 4957 1681 5028 profecto
1709 4959 2121 5014 misericordias
2157 4959 2336 5014 Domi-

753 5069 858 5106 nus
882 5094 896 5118 ,
935 5052 1027 5121 qui
1065 5066 1153 5105 res
1181 5064 1382 5118 parvas
1414 5057 1580 5120 atque
1614 5050 1856 5119 abjectas
1876 5093 1889 5116 ,
1925 5051 1971 5104 si
2000 5060 2214 5106 naturae
2241 5067 2338 5106 cu-

749 5145 952 5214 jusque
998 5144 1140 5197 ratio
1187 5151 1506 5211 spectetur,
1559 5158 1790 5212 magnas
1839 5151 2004 5213 atque
2056 5145 2342 5199 mirabiles

753 5237 916 5290 eflieit
951 5251 1050 5290 sua
1073 5250 1198 5305 erga
1228 5237 1378 5304 ipsas
1411 5234 1660 5289 bonitate
1682 5275 1695 5298 ,
1734 5235 1934 5304 quippe
1967 5238 2056 5304 qui
2091 5239 2208 5291 suis
2241 5250 2342 5289 nos

753 5327 1038 5381 cumulare
1062 5325 1221 5378 donis
1243 5323 1434 5388 voluit,
1465 5332 1523 5376 ut
1548 5321 1713 5386 Deus,
1745 5331 1910 5391 atque
1945 5324 2153 5376 idcirco
2209 5321 2342 5374 deos

754 5429 808 5473 et
856 5419 1031 5470 lucem
1081 5415 1404 5483 appellavit,
1454 5415 1687 5483 aliisque
1747 5414 2018 5483 ejusmodi
2075 5413 2342 5467 bonorum

758 5510 1073 5572 nominibus
1116 5507 1357 5562 ornavit.
1397 5506 1560 5560 Addit
1607 5506 1892 5574 theologus
1938 5520 2041 5558 nec
2093 5504 2300 5557 frustra
2327 5541 2342 5564 ,

763 5625 780 5655 ι
814 5605 870 5658 In
899 5603 1102 5657 mundo
1125 5609 1267 5666 erat,
1302 5619 1319 5652 ι
1357 5601 1724 5655 necessariam
1753 5599 1880 5650 hinc
1909 5597 2065 5651 nobis
2098 5603 2346 5650 contem-

759 5695 1052 5769 piationem
1088 5693 1355 5750 inferens.
1388 5692 1526 5747 Cum
1570 5691 1712 5744 enim
1749 5689 1987 5744 dixerit:
2031 5707 2049 5737 ‹
2087 5686 2213 5738 Erat
2254 5684 2344 5736 lux

832 5857 877 5887 ¹¹²
917 5859 1108 5916 Matth.
1145 5877 1195 5920 ν.
1234 5860 1318 5914 14.
1398 5859 1442 5890 ⁸³
1477 5856 1622 5914 Psal.
1659 5869 1857 5908 ursi.
1898 5851 1946 5903 t5.
2031 5847 2072 5878 "'
2115 5845 2260 5900 l‘sal.
2297 5858 2405 5903 cu,
2449 5839 2554 5892 1-5.
