4214 6502
214 442 316 498 1‘19

1295 432 1361 488 1N
1390 431 1689 489 JOANNIS
1724 429 2176 489 EVANGELIUM
2217 432 2346 489 LIB.
2387 434 2428 489 Ι.

3368 438 3469 495 ίδθ

209 556 307 610 καὶ
330 553 417 607 διὰ
445 552 601 606 τοῦτο
631 549 787 614 θεοὺς
809 567 891 618 τε,
910 551 1001 604 καὶ
1024 550 1160 621 φῶς,
1183 550 1277 603 καὶ
1306 548 1358 601 τί
1389 548 1498 618 γὰρ
1530 547 1652 617 οὐχὶ
1679 544 1781 599 τῶν

1894 560 2038 611 vera,
2066 562 2187 616 quae
2217 548 2489 602 illuminat
2519 562 2736 604 omnem
2762 548 3039 607 hominem
3072 554 3378 609 venientem
3412 555 3470 611 in

207 646 434 715 ἀγαθῶν
486 643 771 699 ἀποκαλεῖ.
823 637 956 696 Εἶτα
998 641 1134 713 πρὸς
1166 640 1341 711 τούτῳ
1370 640 1555 709 φησιν,
1589 638 1671 691 ὅτι
1699 637 1791 690 καὶ

214 760 231 790 ι
258 740 346 791 Ἐν
375 736 452 807 τῷ
489 736 679 806 κόσμῳ
703 730 799 807 ἧν-
840 754 859 786 ι
912 734 1110 802 ἐπάγει
1142 732 1236 786 καὶ
1261 731 1429 783 τοῦτο
1454 728 1739 800 χρησίμως
1762 730 1790 781 ό

208 828 460 898 θεολόγος
476 867 489 891 ,
536 825 974 896 ἀναγκαιοτάτην
996 827 1126 895 ἡμῖν
1142 823 1210 876 δι’
1230 822 1394 877 αὐτοῦ
1433 822 1531 891 τὴν
1558 818 1789 889 θεωρίαν

207 919 453 990 εἰσφέρει
470 918 581 990 [Ian
598 915 911 988 εἰσφέρων].
943 915 1161 986 Ἐπειδὴ
1177 915 1283 984 γὰρ
1299 913 1423 983 ἔφη,
1444 908 1579 965 t'Hv
1595 910 1655 963 τὸ
1675 909 1789 980 φῶς

202 1012 265 1065 τὺ
295 1009 569 1082 ἀληθινὸν,
593 1010 622 1063 ὃ
640 1009 862 1079 φωτίζει
881 1010 1058 1063 πάντα
1077 1008 1361 1078 ἄνθρωπον
1385 1005 1679 1076 ἐρχόμενον
1702 1004 1783 1067 είς

203 1104 296 1156 τὸν
319 1104 541 1173 κόσμον,
559 1099 651 1174 »ἦν
670 1103 725 1156 δὲ
741 1102 803 1155 οὐ
832 1101 1038 1171 σφόδρα
1056 1102 1170 1163 τοῖς
1186 1099 1555 1172 ἀκροωμένοις
1574 1113 1637 1149 συ
1645 1113 1788 1166 μφαο

204 1197 297 1259 νὲς
318 1235 334 1259 ,
372 1195 598 1265 πότερόν
626 1211 755 1247 ποτε
787 1193 879 1247 τὸν
925 1192 1211 1265 ἄνθρωπον
1240 1192 1534 1262 ἐρχόμενον
1580 1191 1659 1251 είς
1691 1188 1783 1242 τὸν

204 1288 411 1358 κόσμον
441 1288 660 1356 φωτίζει
682 1285 743 1339 τὸ
769 1285 904 1355 φῶς,
939 1285 972 1356 ἢ
999 1286 1130 1338 αὐτὸ
1149 1284 1209 1337 τὸ
1243 1283 1357 1353 φῶς
1400 1283 1462 1336 τὸ
1511 1281 1782 1352 ἀληθινὸν,

201 1381 279 1443 ὡς
292 1380 403 1433 ἀπό
420 1396 563 1443 τινος
581 1378 768 1449 ἐτέρου
798 1378 964 1431 τόπου
990 1374 1341 1448 μεταχωροῦν
1354 1376 1432 1437 είς
1450 1375 1540 1427 τὸν
1561 1373 1784 1441 κόσμον,

199 1474 293 1524 τῖον
322 1473 401 1534 εἰς
428 1472 633 1533 πάντας
667 1469 988 1540 ἀνθρώπους
1020 1471 1251 1522 ποιεῖται
1285 1466 1586 1536 φωτισμὸν,
1622 1466 1788 1532 ἀναγ-

198 1564 376 1627 καίως
410 1563 541 1633 ἡμῖν
573 1566 601 1616 ό
632 1561 1082 1633 Πνευματοφόρος
1107 1560 1438 1613 ὲκκαλύπτει
1472 1557 1533 1610 τὸ
1565 1556 1782 1628 ἀληθὲς,

198 1654 297 1706 καὶ
331 1653 438 1706 τῶν
479 1653 695 1706 οἰκείων
728 1651 989 1723 ῥημάτων
1018 1650 1361 1722 διερμηνεύει
1409 1650 1503 1721 τὴν
1533 1648 1781 1716 δύναμιν,

197 1745 378 1813 λέγων
418 1744 582 1807 εὐθὺς
625 1744 754 1815 περὶ
794 1744 890 1797 τοῦ
930 1744 1136 1815 φωτὸς,
1165 1743 1245 1797 ὅτι
1292 1761 1310 1793 ι
1355 1742 1442 1794 Ἐν
1477 1740 1553 1811 τῷ
1595 1743 1784 1811 κόσμῳ

194 1834 304 1907 ἦν·
348 1856 367 1888 ›
418 1836 506 1889 ἵνα
532 1836 719 1889 λοιπὸν
743 1837 803 1889 τὸ
843 1855 862 1888 ι
910 1836 1203 1907 ἐρχόμενον
1243 1837 1323 1897 εἰς
1368 1835 1460 1887 τὸν
1511 1834 1713 1903 κόσμον
1756 1848 1777 1884 ι

1893 634 2039 690 hunc
2068 638 2356 703 mundum,
2392 653 2492 693 nec
2518 640 2627 711 76
2671 643 3015 700 auditoribus
3043 644 3334 700 admodum
3375 659 3473 715 pl-

1892 733 2071 793 teret,
2119 736 2303 783 utrum
2347 730 2759 801 intelligendum
2794 742 2974 799 esset,
3047 734 3333 791 Hominem
3372 752 3467 793 ve-

1890 819 2130 875 nientem
2180 823 2235 875 in
2266 821 2419 877 hunc
2452 825 2716 879 mundum
2749 825 2839 879 lux
2876 827 3178 892 illuminat,
3243 843 3312 882 an
3349 827 3469 885 Lux

1890 927 2020 967 vera
2045 914 2151 967 alio
2173 917 2409 984 quodam
2431 931 2495 970 ex
2523 917 2646 972 loco
2663 918 2888 973 veniens
2912 920 2965 972 in
2995 920 3142 975 hunc
3164 921 3426 975 mundum
3451 941 3465 976 :

1889 1006 2210 1059 necessario
2266 1006 2428 1061 nobis
2469 1005 2712 1063 Joannes
2761 1011 3050 1065 veritatem
3094 1013 3361 1082 exponit,
3412 1021 3470 1069 et

1889 1109 2115 1150 suorum
2159 1096 2455 1152 verborum
2504 1100 2615 1153 vim
2655 1109 2709 1156 et
2755 1115 2975 1157 sensum
3028 1103 3466 1173 interpretatur,

1888 1184 2035 1241 illico
2070 1187 2373 1258 subjiciens
2423 1191 2491 1245 de
2549 1191 2675 1246 lucc
2707 1210 2720 1246 :
2773 1213 2791 1246 ι
2828 1193 2886 1247 ln
2924 1195 3128 1251 mundo
3158 1205 3315 1261 erat,
3345 1213 3364 1247 ι
3409 1200 3471 1249 ut

1886 1279 2018 1334 illud
2072 1280 2289 1337 demum
2318 1322 2335 1348 ,
2393 1304 2412 1335 ι
2452 1285 2754 1339 venientem
2808 1287 2863 1341 in
2902 1286 3049 1341 hunc
3097 1284 3402 1353 mundum,
3441 1306 3463 1341 ι

1889 1372 2225 1444 intelligatur
2256 1376 2323 1430 de
2347 1376 2593 1441 homine,
2622 1385 2675 1434 et
2700 1380 2766 1434 de
2790 1388 2982 1433 natura
3002 1381 3306 1436 illuminata
3330 1398 3469 1454 pra:-

1885 1462 2134 1528 dicetrr,
2180 1473 2370 1536 utpote
2416 1485 2539 1538 quae
2590 1486 2660 1525 ex
2720 1472 2891 1527 nihilo
2932 1473 3000 1527 ad
3048 1489 3174 1529 esse
3217 1483 3464 1530 vocatur.

1885 1553 2089 1610 Locum
2128 1558 2270 1611 enim
2306 1561 2472 1615 veluti
2513 1563 2801 1631 quemdam
2852 1576 3233 1621 creaturarum
3277 1567 3469 1625 animo

1885 1648 2265 1716 concipimus,
2320 1652 2578 1707 nimirum
2609 1655 2906 1725 aliquando
2954 1674 3061 1711 non
3112 1674 3267 1725 esse,
3323 1659 3469 1715 unde

1886 1738 1951 1791 ad
2006 1754 2129 1794 esse
2179 1743 2594 1811 quodammodo
2641 1747 3005 1816 prodeuntes,
3043 1751 3208 1803 alium
3244 1752 3464 1806 tandem

1886 1829 2067 1883 locum
2106 1833 2159 1885 in
2201 1849 2229 1887 ο
2272 1835 2522 1890 sistentia
2560 1838 2804 1907 capiunt.
2828 1840 3309 1897 Accommodatius
3337 1857 3467 1913 ergo

196 1929 344 1982 κατὰ
370 1929 461 1982 τοῦ
493 1928 781 2000 ἀνθρώπου
807 1932 960 1999 νοῇς,
994 1928 1088 1980 καὶ
1119 1927 1318 1998 μᾶλλον
1349 1926 1451 1997 τῆς
1477 1923 1781 1995 φωτιζομέ-

1889 1928 2054 1989 atque
2097 1924 2384 1979 decentius
2427 1926 2495 1981 de
2525 1936 2720 1981 natura
2773 1929 3051 1983 hominum
3100 1929 3208 1985 dici
3245 1940 3464 2002 potest,

194 2040 299 2094 νης
330 2022 701 2092 κατηγορῆται
737 2020 983 2090 φύσεως,
1015 2020 1090 2084 ὡς
1121 2022 1185 2073 ἐκ
1212 2018 1306 2073 τοῦ
1339 2019 1413 2090 μὴ
1446 2019 1597 2081 ὄντος
1618 2020 1696 2081 εἰς
1724 2017 1787 2071 τὸ

195 2112 339 2168 εἶναι
377 2114 715 2185 καλουμένης
747 2130 760 2144 ο
809 2114 973 2176 τόπος
1022 2113 1131 2183 γὰρ
1166 2111 1355 2182 ὥσπερ
1400 2110 1481 2174 τίς
1527 2112 1643 2164 ἐστι
1675 2111 1787 2173 τοῖς

196 2210 451 2278 γενητοῖς
492 2206 707 2276 ἐπινοίᾳ
740 2204 1117 2275 θεωρούμενος
1141 2203 1202 2256 τὸ
1242 2203 1317 2273 μὴ
1345 2198 1484 2255 εἷναί
1515 2217 1666 2265 ποτε,
1691 2200 1785 2269 ἀφ’

194 2294 260 2353 οὗ
286 2301 350 2370 δὴ
398 2298 599 2371 τρόπον
638 2296 759 2350 τινὰ
803 2296 940 2367 πρὸς
973 2295 1033 2350 τὸ
1081 2291 1219 2349 εἶναι
1262 2294 1578 2365 βαδίζοντα,
1622 2291 1788 2345 τόπον

197 2393 391 2462 ἕτερον
424 2391 525 2461 ἤδη
561 2390 653 2443 τὸν
686 2390 743 2442 ὲν
778 2388 1009 2460 ὑπάρξει
1036 2387 1323 2459 λαμϐάνει.
1356 2387 1564 2441 Οὐκουν
1591 2384 1787 2439 οἰκειό-

198 2488 360 2553 τερίν
395 2500 452 2536 τε
514 2483 607 2535 καὶ
634 2481 1081 2554 πρεπωδέστατον
1108 2483 1141 2552 ὴ
1171 2480 1281 2534 τῶν
1331 2477 1634 2549 ἀνθρώπων
1660 2478 1783 2529 ἑπι-

193 2575 416 2639 δέξεται
442 2572 604 2643 φύσις
643 2571 707 2625 τδ
738 2573 801 2626 ὲκ
832 2572 1063 2643 πρώτων
1105 2569 1266 2635 εὐθὺς
1298 2568 1626 2639 φωτίζεσθαι
1660 2565 1785 2639 χρό-

195 2684 339 2731 νων,
396 2664 705 2736 σύνδρομόν
743 2680 835 2728 τε,
898 2664 993 2716 καὶ
1044 2659 1662 2736 συγκατεσκευασμένην
1707 2654 1786 2729 τῷ

194 2753 342 2811 εἶναι
384 2756 690 2827 λαμϐάνειν
736 2756 834 2827 τὴν
867 2755 1082 2810 σύνεσιν
1096 2734 1279 2825 ’.παρά
1323 2754 1416 2807 τοῦ
1443 2753 1593 2816 ὄντος
1619 2756 1675 2807 ὲν
1707 2751 1788 2823 τῷ

194 2850 394 2919 κόσμῳ
422 2848 620 2917 φωτὸς,
649 2845 795 2901 τοῦτ’
819 2845 935 2899 ἐστι
952 2887 968 2914 ,
1000 2845 1094 2900 τοῦ
1125 2844 1462 2914 Μονογενοῢς
1482 2885 1495 2908 ,
1520 2844 1578 2908 ὃς
1603 2844 1667 2915 δὴ
1690 2844 1785 2897 καὶ

190 2942 426 3012 ἀρρήτῳ
458 2942 526 3010 τῇ
569 2939 669 3009 τῆς
700 2937 951 3007 θεότητος
982 2938 1218 3008 ίδυνάμει
1260 2936 1330 2990 τὰ
1360 2938 1537 2991 πάντα
1566 2936 1783 3006 πληροῖ,

194 3033 295 3084 καὶ
328 3030 672 3101 συμπάρεστι
715 3027 813 3099 μὲν
839 3026 1091 3096 ἀγγέλοις
1117 3029 1175 3081 ὲν
1200 3027 1443 3097 οὐρανῷ,
1492 3025 1706 3080 σύνεστι
1726 3023 1785 3078 δὲ

190 3125 311 3185 τοῖς
344 3122 437 3174 ἐπὶ
460 3123 561 3191 τῆς
596 3122 717 3192 γῆς,
743 3119 897 3175 κενὸν
942 3119 1000 3172 δὲ
1025 3119 1122 3190 τῆς
1147 3118 1342 3172 ἑαυτοῦ
1379 3118 1631 3187 θεότητος
1661 3114 1784 3171 οὐδὲ

191 3215 364 3272 αὑτὸν
385 3213 581 3283 ἀφίησι
607 3211 700 3265 τὸν
728 3210 883 3284 ᾅδην,
918 3212 1011 3263 καὶ
1044 3214 1292 3282 πανταχῇ
1322 3215 1435 3275 τοῖς
1464 3213 1628 3264 πᾶσιν
1657 3212 1781 3265 ὲπι-

1892 2013 2085 2083 primis
2138 2016 2320 2069 statim
2365 2016 2707 2088 temporibus
2750 2018 3051 2074 illuminari
3114 2030 3167 2075 et
3197 2038 3462 2098 unacum

1890 2104 2010 2175 ipso
2054 2121 2178 2161 esse
2218 2107 2326 2160 vim
2375 2110 2543 2163 etiam
2597 2110 2933 2181 intelligendi
2980 2112 3051 2167 ab
3109 2127 3174 2167 ea
3233 2129 3356 2184 quae
3407 2117 3463 2170 in

1888 2197 2093 2252 mundo
2136 2205 2220 2253 est
2256 2198 2408 2265 luce,
2466 2200 2731 2255 nimirum
2792 2201 3106 2275 Unigenito,
3138 2209 3420 2278 susCFpere
3446 2248 3463 2273 ,

1887 2289 1981 2359 qui
2015 2288 2273 2344 ineffabili
2302 2291 2523 2348 deitatis
2558 2294 2758 2349 virtute
2782 2303 2983 2350 cuncta
3011 2298 3184 2367 replet
3216 2340 3233 2367 ,
3279 2307 3336 2356 et
3377 2309 3466 2356 est

1887 2381 2107 2451 quidem
2134 2397 2256 2437 cum
2284 2385 2496 2453 angelis
2527 2385 2583 2439 in
2619 2386 2761 2441 cmlo
2789 2427 2802 2451 ,
2847 2387 2901 2441 in
2937 2389 3101 2445 terris
3127 2406 3250 2444 cum
3285 2391 3462 2447 homi—

1887 2475 2082 2538 nibus,
2125 2474 2367 2545 nihilque
2405 2476 2526 2545 ejus
2547 2477 2748 2534 dcitate
2786 2493 3022 2535 vacuum
3074 2490 3184 2548 est,
3227 2498 3296 2538 ne
3327 2484 3463 2554 Ipsis

1886 2565 2104 2636 quidem
2154 2566 2348 2621 inferis
2396 2570 2682 2636 exceptis,
2734 2578 2793 2625 et
2846 2570 3051 2641 ubique
3098 2582 3299 2629 cuncta
3357 2575 3462 2629 im-

1886 2671 2117 2720 means,
2197 2672 2228 2711 a
2278 2659 2429 2712 nullo
2489 2659 2676 2725 abest,
2723 2662 2861 2716 adeo
2911 2672 2970 2717 ut
3018 2666 3369 2720 vehementer
3410 2667 3463 2720 id

1887 2748 2328 2819 sapientissimus
2362 2748 2655 2806 Psalmista
2684 2754 2916 2809 miratus
2940 2754 3089 2808 dicat
3118 2772 3132 2809 :
3170 2774 3189 2807 ι
3226 2756 3347 2823 Quo
3374 2757 3465 2813 ibo

1886 2854 1917 2893 a
1947 2839 2155 2911 Spiritu
2182 2850 2299 2907 tuo,
2335 2852 2387 2897 et
2417 2857 2526 2912 quo
2555 2858 2585 2897 a
2617 2841 2753 2900 facie
2785 2853 2876 2900 tua
2909 2846 3088 2916 fugiar
3129 2848 3150 2900 ?
3183 2848 3242 2903 Si
3270 2864 3464 2904 ascen-

1886 2932 2018 2985 dero
2046 2933 2099 2986 iu
2123 2933 2347 2995 coelum,
2380 2943 2435 2987 tu
2467 2934 2579 2988 illic
2612 2949 2673 2989 es
2706 2952 2719 2986 :
2764 2935 2809 2991 si
2849 2936 3046 2993 descen
3075 2953 3184 2994 tero
3212 2940 3266 2994 in
3301 2939 3466 2997 infer-

1885 3036 2040 3087 num,
2079 3020 2247 3076 ades:
2284 3021 2330 3075 si
2361 3037 2648 3092 sumpsero
2674 3039 2884 3094 pennas
2919 3042 3067 3082 meas
3103 3028 3373 3096 diiucnlo,
3408 3036 3463 3084 et

1886 3110 2204 3165 habitavere
2241 3111 2294 3164 in
2324 3114 2586 3167 extremis
2635 3114 2823 3181 maris,
2876 3118 3077 3171 etenim
3108 3117 3240 3173 illuc
3266 3135 3464 3177 manus

1885 3212 1977 3258 tua
2013 3203 2245 3260 deducet
2282 3219 2405 3271 me,
2446 3212 2500 3260 et
2531 3206 2737 3260 tenebit
2788 3222 2875 3262 me
2926 3208 3154 3264 dextera
3201 3220 3295 3265 tua
3326 3212 3394 3267 ⁸⁸.
3435 3232 3456 3266 ι

190 3306 386 3376 δημῶν
423 3279 635 3367 οὐδενὸς
667 3279 1063 3369 ἀπανίσταται,
1103 3302 1179 3366 ὡς
1333 3302 1506 3372 τούτῳ
1537 3301 1633 3355 καὶ
1663 3299 1781 3358 λίαν

1885 3296 2112 3353 Omnem
2147 3296 2292 3353 enim
2336 3298 2517 3352 locum
2562 3308 2618 3355 et
2658 3314 2876 3354 omnem
2932 3310 3242 3359 creaturam
3273 3305 3458 3361 divina

190 3398 424 3459 εἰκότως
452 3395 910 3466 ἀποθαυμάζοντα
932 3394 1111 3463 λέγειν
1134 3394 1225 3447 τὸν
1258 3393 1567 3463 σοφώτατον
1589 3393 1782 3465 Μελῳ-

190 3491 306 3545 δόν-
337 3510 355 3543 ι
378 3489 489 3544 Ποῦ
522 3489 770 3560 πορευθῶ
798 3490 905 3542 ἀπὸ
938 3489 1032 3542 τοῦ
1050 3488 1371 3557 Πνεύματός
1401 3503 1517 3552 σου,
1546 3487 1640 3540 καὶ
1673 3485 1785 3541 ἀπὸ

189 3585 288 3637 τοῦ
322 3581 619 3656 προσώπου
662 3597 755 3634 σου
800 3580 903 3634 ποῦ
939 3579 1133 3650 φύγω;
1197 3578 1322 3634 Ἐὰν
1348 3578 1534 3634 ἀναδῶ
1572 3579 1652 3643 είς
1689 3578 1783 3633 τὸν

188 3677 250 3730 οὗ
262 3674 447 3747 ρανδν,
478 3675 541 3727 σὺ
565 3669 613 3726 εἶ
638 3676 790 3727 ἐκεῖ·
817 3675 912 3728 ἐὰν
934 3672 1158 3727 καταϐῶ
1182 3673 1261 3737 είς
1289 3671 1378 3725 τὸν
1411 3671 1566 3743 ᾅδην,
1590 3671 1777 3742 πάρει’

187 3771 287 3824 ὲάν
317 3767 576 3823 ἀναλάϐω
624 3766 723 3829 τὰς
771 3765 1051 3837 πτέρυγάς
1106 3781 1207 3835 μου
1247 3763 1367 3818 κατ’
1410 3763 1635 3836 ὄρθρον,
1688 3762 1782 3816 καὶ

189 3858 610 3928 κατασκηνώσω
638 3858 718 3923 είς
754 3858 822 3911 τὰ
848 3857 1050 3927 ἔσχατα
1082 3857 1180 3928 τῆς
1209 3857 1506 3927 θαλάσσης,
1556 3857 1649 3910 καὶ
1674 3854 1783 3925 γὰρ

184 3954 309 4006 ἐκεῖ
335 3952 370 4022 ἡ
412 3950 532 4021 χείρ
564 3965 655 4001 σου
683 3947 941 4017 ὁδηγήσει
973 3963 1042 4017 με
1061 3986 1075 4011 ,
1102 3946 1195 3999 καὶ
1219 3945 1439 4011 καθέξει
1473 3962 1539 4015 με
1571 3945 1605 4015 ἡ
1631 3944 1781 4011 δεξιά

186 4062 312 4099 σου.
348 4063 366 4096 ι
415 4041 623 4105 Παντὸς
648 4039 755 4114 γάρ
788 4040 977 4105 τόπου,
1011 4041 1105 4093 καὶ
1134 4040 1313 4109 πάσης
1337 4038 1568 4100 κτίσεως
1599 4038 1631 4108 η
1660 4035 1780 4089 θεία

183 4136 611 4209 περιδράττεται
640 4133 783 4206 χεὶρ,
822 4131 1118 4203 συνέχουσα
1159 4131 1295 4202 πρὸς
1321 4132 1382 4184 τὸ
1421 4126 1557 4184 εἶναι
1582 4130 1652 4182 τά
1682 4146 1780 4181 πεο

184 4228 502 4300 ποιημένα,
546 4226 642 4279 καὶ
684 4224 1123 4295 περισφίγγουσα
1156 4222 1292 4294 πρὸς
1339 4221 1484 4293 ζωὴν
1527 4220 1597 4274 τὰ
1635 4221 1778 4292 ζωῆς

180 4323 455 4393 δεόμενα,
499 4338 531 4373 κ
569 4319 582 4339 ‘
619 4319 731 4380 τοῖς
760 4316 1031 4379 συνέσεως
1058 4314 1327 4378 δεκτικοῖς
1370 4316 1431 4368 τὸ
1463 4315 1652 4385 νοητὸν
1693 4316 1779 4367 ἐν-

172 4415 498 4485 -σπείρουσα
530 4411 665 4482 φῶς.
699 4412 854 4464 Ἔστι
878 4409 934 4463 δὲ
964 4410 1065 4462 οὐκ
1102 4411 1161 4462 ἐν
1191 4408 1362 4479 τόπῳ,
1399 4407 1652 4478 καθάπερ
1677 4408 1776 4478 ἤδη

180 4506 552 4578 προείπομεν,
578 4504 697 4557 οὐδὲ
726 4502 822 4574 τὴν
846 4501 1214 4573 μεταϐατιρτὴν
1244 4500 1502 4571 ὑπομένει
1530 4501 1740 4571 κίνησιν
1760 4514 1772 4528 ·

1881 3406 2080 3447 manus
2124 3392 2543 3463 complectitur,
2583 3396 2877 3452 continens
2919 3406 2974 3452 et
3015 3412 3357 3455 conservans
3402 3401 3459 3455 in

1882 3501 1985 3541 suo
2011 3501 2139 3543 esse
2183 3502 2273 3543 res
2306 3496 2523 3542 creatas
2548 3528 2563 3554 ,
2614 3498 2667 3543 et
2704 3489 2871 3543 vitam
2913 3489 3210 3546 infundens
3237 3492 3305 3546 iis
3336 3508 3460 3563 qua:

1881 3579 1993 3635 vita
2023 3587 2250 3647 carent,
2286 3589 2342 3636 et
2374 3580 2750 3650 intelligentiae
2781 3582 3077 3652 capacibus
3110 3584 3460 3640 intellectua-

1877 3672 1982 3726 lem
2015 3672 2193 3727 lucem
2225 3672 2493 3729 insereus.
2533 3672 2653 3728 Non
2684 3683 2769 3730 est
2800 3681 2984 3729 autem
3031 3674 3085 3729 in
3117 3674 3237 3730 loco
3261 3715 3276 3742 ,
3315 3677 3459 3733 sicut

1878 3774 2038 3820 antea
2072 3764 2332 3830 diximus,
2364 3780 2468 3822 nec
2496 3768 2549 3821 in
2579 3781 2705 3823 eum
2736 3766 2885 3822 cadit
2914 3774 3099 3824 motus
3141 3767 3333 3824 locatis
3358 3770 3379 3839 (
3402 3768 3456 3823 id

1876 3856 2023 3909 enim
2075 3856 2355 3926 proprium
2405 3865 2493 3911 est
2536 3854 2892 3928 corporum),
2923 3857 3019 3913 sed
3055 3857 3240 3912 omnia
3274 3858 3459 3929 potius

1878 3944 2100 4017 implet,
2130 3954 2190 4000 ut
2222 3945 2385 4002 Deus.
2414 3945 2519 4001 Sed
2548 3947 2616 4001 ad
2653 3947 2769 4002 haec
2803 3946 2990 4001 forsan
3019 3947 3167 4003 dicet
3202 3949 3404 4020 aliquis
3437 3968 3452 4005 :

1878 4036 2019 4104 Quid
2054 4052 2185 4108 ergo
2223 4039 2546 4108 responsuri
2580 4054 2777 4094 sumus
2800 4078 2814 4103 ,
2848 4053 2881 4093 ο
2910 4038 3083 4105 bone,
3118 4039 3163 4095 si
3205 4040 3332 4110 quis
3371 4040 3457 4095 lo-

1878 4138 2132 4197 quentem
2154 4128 2437 4185 Christum
2470 4129 2629 4186 nobis
2660 4130 2716 4184 in
2743 4128 2986 4185 medium
3011 4130 3205 4186 all‘erat
3230 4148 3245 4185 :
3291 4149 3311 4183 ι
3341 4130 3457 4201 Ego

1879 4221 1970 4276 lux
2003 4221 2056 4275 in
2085 4220 2348 4275 mundum
2379 4221 2500 4276 veni
2529 4221 2593 4273 ⁸⁸.
2622 4240 2640 4272 ι
2680 4220 2822 4288 Quid
2848 4237 2980 4277 vero
3008 4236 3133 4277 cum
3160 4221 3458 4279 Psalmista

1877 4313 2098 4375 clamat,
2129 4330 2148 4365 ι
2179 4310 2377 4367 Emitte
2392 4312 2566 4367 lucem
2584 4319 2757 4377 tuam,
2778 4321 2832 4367 et
2850 4313 3136 4367 veritatem
3156 4320 3305 4368 tuam
3330 4314 3398 4370 ".
3432 4333 3452 4368 ι

1879 4404 2019 4460 Ecce
2054 4406 2200 4462 enim
2232 4406 2351 4476 ipse
2394 4405 2485 4459 hic
2515 4412 2705 4475 aperte
2740 4404 2818 4457 ait
2861 4419 2922 4460 se
2963 4404 3019 4459 in
3054 4404 3316 4460 mundum
3356 4421 3455 4461 ve-

1879 4499 2064 4562 nisse,
2111 4502 2172 4550 ut
2217 4496 2310 4567 qui
2358 4511 2467 4550 non
2516 4506 2663 4551 esset
2707 4496 2763 4550 in
2813 4496 2935 4567 ipso
2982 4497 3264 4552 nimirum.
3313 4496 3455 4553 Mitti

182 4594 466 4664 σωμάτων
512 4591 620 4662 γὰρ
656 4591 786 4643 ἴδιον
822 4591 979 4643 τοῦτό
1014 4607 1110 4658 γε’
1158 4589 1356 4661 πληροῖ
1382 4589 1439 4641 δὲ
1489 4589 1686 4660 μᾶλλον
1709 4589 1776 4642 τά

1885 4597 2065 4642 autem
2094 4602 2312 4643 rursum
2340 4586 2507 4641 David
2540 4588 2769 4657 rogabat
2799 4604 2925 4644 eum
2953 4590 3044 4659 qui
3077 4590 3184 4661 77
3208 4592 3451 4647 nondum

182 4686 371 4739 πάντα
396 4684 471 4746 ὡς
503 4683 656 4743 Θεός.
703 4682 841 4734 Ἀλλ’
872 4684 987 4753 ἐρεῖ
1012 4699 1094 4745 τις
1118 4682 1255 4753 πρὸς
1285 4681 1458 4735 ταῦτα
1486 4682 1644 4751 τυχόν
1668 4700 1680 4712 -
1710 4681 1774 4733 Τί

178 4772 281 4829 οὖν
316 4789 528 4842 φαμεν,
574 4765 618 4825 ὦ
649 4774 894 4839 γενναῖε,
938 4772 1066 4824 ὅταν
1092 4789 1176 4834 τις
1204 4773 1335 4841 ἡμῖν
1365 4773 1443 4835 εἰς
1476 4772 1640 4842 μέσον
1668 4773 1775 4843 ἄγῃ

178 4868 423 4933 λέγοντα
452 4863 542 4915 τὸν
567 4861 819 4932 Χριστόν·
846 4879 864 4912 ι
887 4860 1030 4928 Ἐγὼ
1058 4860 1174 4929 φῶς
1202 4862 1282 4924 είς
1310 4861 1401 4915 τὸν
1429 4864 1633 4932 κόσμον
1656 4862 1775 4933 ἐλή-

178 4958 325 5011 λυθα
349 4976 399 5023 ;ι
428 4957 494 5009 Τί
524 4958 581 5011 δὲ
612 4958 739 5011 ὅταν
767 4959 795 5010 ό
817 4956 1121 5028 Ψαλμῳδὸς
1153 4958 1579 5028 άναφθέγγηται·
1610 4979 1629 5011 ι
1661 4959 1778 5025 Ἐξ-

178 5050 513 5105 απόστει).ον
544 5055 603 5102 τὸ
628 5050 743 5119 φῶς
768 5066 883 5115 σου,
914 5050 1007 5103 καὶ
1033 5051 1131 5121 τὴν
1153 5051 1408 5122 ἀλήθειάν
1443 5068 1537 5103 σου
1561 5069 1607 5116 ;›
1646 5051 1777 5105 Ἰδοὺ

178 5148 301 5215 γάρ
334 5142 525 5197 ἐνθάδε
574 5142 759 5211 σαφῶς
794 5142 954 5205 αὐτὸς
997 5142 1096 5212 μὲν
1144 5141 1458 5213 ἐληλυθέναι
1506 5142 1668 5212 φησὶν
1699 5144 1778 5205 είς

176 5238 280 5289 τὸν
308 5235 537 5304 κόσμον,
568 5233 643 5295 ὡς
663 5234 763 5285 οὐκ
792 5232 866 5285 ὣν
897 5233 952 5285 ἐν
972 5232 1121 5303 αὐτῷ
1144 5232 1385 5303 δηλονότι
1419 5250 1431 5262 ·
1463 5231 1777 5302 πέμπεσθαι

176 5330 241 5383 δὲ
299 5326 463 5381 πάλιν
507 5328 536 5379 ό
575 5324 827 5394 Μελῳδδς
870 5323 1117 5394 ἐλιπάρει
1162 5323 1252 5376 τὸν
1298 5322 1451 5377 οὔπω
1514 5323 1776 5394 παρόντα,

178 5421 335 5475 κατά
385 5435 449 5486 γε
492 5417 554 5470 τὸ
607 5417 665 5469 ὲν
694 5414 771 5486 τῷ
797 5414 942 5485 λόγῳ
970 5414 1183 5484 σχῆμα,
1237 5415 1461 5485 καὶτῆς
1508 5416 1582 5477 ὼς
1632 5415 1779 5484 ἡμᾶς

180 5509 502 5577 ἀποστολῆς
525 5506 622 5577 τὴν
656 5507 915 5577 ἔμφασιν.
967 5506 1112 5577 Πρὸς
1141 5506 1204 5577 δὴ
1232 5506 1298 5558 τὰ
1322 5504 1549 5560 τοιαῦτά
1576 5522 1775 5575 φαμεν,

174 5605 269 5658 ὅτι
325 5600 406 5670 τῷ
448 5600 742 5666 Μονογενεί
797 5597 1096 5665 θεοπρεπὲς
1142 5598 1359 5669 ἀξίωμα
1405 5597 1701 5668 περιτιθεὶς
1752 5598 1780 5648 ό

175 5691 478 5758 θεολόγος,
523 5689 580 5740 ὲν
609 5686 687 5758 τῷ
732 5688 922 5759 κόσμῳ
954 5688 1117 5760 φησὶν
1160 5688 1275 5752 ἀεὶ,
1332 5688 1425 5741 καὶ
1458 5687 1544 5741 διὰ
1580 5687 1777 5750 παντὸς

1880 4681 2105 4746 aderat,
2153 4687 2215 4733 ut
2253 4686 2473 4734 constat
2516 4694 2583 4733 ex
2636 4679 2893 4749 loquendi
2931 4679 3205 4748 formula,
3245 4690 3299 4737 et
3333 4682 3449 4753 ipsa

1882 4772 2165 4827 missionis
2198 4771 2266 4826 ad
2300 4787 2400 4826 nos
2430 4770 2853 4841 significatione.
2884 4771 2963 4825 Ad
3002 4773 3114 4827 haec
3155 4775 3457 4843 responde-

1880 4879 2005 4918 mus
2042 4863 2357 4932 theologum
2412 4860 2712 4933 Unigenito
2747 4863 3069 4933 dignitatem
3101 4863 3211 4919 Deo
3246 4881 3454 4920 conve-

1881 4958 2121 5011 nientem
2154 4958 2412 5021 tribuere,
2450 4956 2579 5011 dum
2606 4957 2683 5011 ait
2706 4957 2761 5010 in
2793 4957 2997 5011 mundo
3024 4956 3203 5026 ipsum
3235 4973 3456 5028 semper

1880 5051 2183 5112 exsistere,
2213 5060 2269 5102 ut
2299 5049 2462 5103 vitam
2494 5064 2591 5119 per
2624 5056 2912 5111 naturam,
2953 5056 3012 5102 ut
3046 5049 3223 5103 lucem
3257 5063 3455 5104 secun-

1880 5141 2008 5195 dum
2081 5141 2483 5206 substantiam,
2554 5140 2929 5211 perficientem
2983 5150 3331 5207 creaturam,
3393 5151 3453 5197 ut

1880 5231 2050 5288 Deum
2073 5275 2086 5297 ,
2130 5247 2239 5285 non
2275 5232 2395 5287 loco
2431 5232 2918 5302 circumscriptum
2940 5272 2954 5295 ,
2996 5248 3102 5286 non
3131 5234 3323 5302 spatiis
3352 5233 3452 5289 de—

1882 5324 2128 5389 finitum,
2173 5339 2283 5378 non
2323 5324 2631 5394 quantitate
2668 5326 3003 5389 coercitum,
3050 5339 3157 5378 non
3196 5325 3266 5379 ab
3300 5324 3449 5392 ullo,

1884 5427 1942 5472 ut
1969 5417 2133 5471 verbo
2159 5417 2337 5472 dicam
2364 5459 2377 5483 ,
2403 5418 2884 5488 comprehensum,
2922 5430 3100 5486 neque
3123 5414 3212 5470 cui
3242 5430 3307 5469 ex
3340 5430 3453 5470 uno

1884 5511 2003 5564 loco
2036 5510 2089 5563 in
2128 5511 2295 5563 alium
2342 5511 2624 5563 incumbat
2670 5508 2939 5580 migrandi
2985 5507 3316 5571 necessitas,
3355 5507 3454 5562 sed

1880 5602 1972 5671 qui
2020 5614 2264 5668 praesens
2315 5599 2388 5654 sit
2428 5600 2721 5662 omnibus,
2769 5615 2872 5655 nec
2914 5599 2983 5654 ab
3023 5600 3133 5654 ullo
3172 5598 3335 5654 absit.
3381 5600 3455 5656 Se

1880 5699 2059 5743 autem
2107 5691 2163 5743 in
2212 5689 2477 5745 mundum
2508 5691 2729 5747 venisse
2755 5731 2769 5759 ,
2811 5689 3061 5761 quamvis
3106 5702 3350 5760 praesens
3382 5689 3455 5744 sit

256 5869 305 5901 ⁸³
350 5866 496 5924 Psal.
528 5882 805 5937 cxxxvttt,
840 5867 999 5924 7-10.
1075 5868 1122 5901 "
1157 5867 1317 5925 Joan.
1360 5885 1436 5924 xu
1460 5910 1474 5936 ,
1509 5870 1597 5926 46.
1676 5871 1719 5907 ⁸⁷
1762 5869 1906 5927 Psal.
1942 5884 2052 5923 xm
2076 5910 2089 5935 ,
2124 5868 2176 5923 ὃ.
