4214 6502
740 418 830 474 151
1767 413 1823 467 S.
1852 410 2130 468 CYRILLI
2160 410 2650 465 ALEXANDRINI.
2687 412 3008 467 ARClllEP.

3907 422 4002 478 132

739 545 791 593 in
845 552 930 603 eo,
960 535 1304 592 conﬁrmavit
1352 534 1563 589 ratione
1610 532 2029 587 incarnationis.
2083 550 2101 581 ι
2152 528 2316 585 Visus

2421 533 2684 602 ὑπάρχειν
2713 534 2894 599 αὑτὸν,
2935 535 3008 597 ὡς
3036 534 3179 607 ζωὴν
3211 536 3349 589 κατά
3385 536 3546 605 φύσιν
3568 580 3580 603 ,
3616 539 3691 603 ὠς
3720 539 3834 607 φῶς
3884 540 4000 592 κατ’

735 633 880 685 enim
915 638 999 686 est
1039 633 1093 684 in
1136 638 1312 690 terra,
1348 634 1402 682 et
1439 641 1564 681 eum
1612 625 1929 679 hominibus
1960 633 2318 677 conversatus

737 734 821 777 est
849 723 894 755 ⁸⁸
918 762 931 784 ,
966 742 983 774 ι
1019 737 1138 773 cum
1182 735 1347 773 carne
1373 720 1644 779 videlicet,
1680 715 2115 769 manifestiorem
2160 715 2316 769 nobis

739 831 892 867 suam
926 814 1269 881 przesentiam
1311 812 1412 865 hoc
1439 819 1600 880 pacto
1621 808 1862 862 efﬁciens
1883 850 1897 870 ,
1927 817 1981 861 et
2014 808 2105 875 qui
2138 822 2316 875 quon-

740 907 861 959 daut
917 908 1035 960 solo
1086 907 1362 959 intellectu
1423 901 1815 971 comprehendi
1868 909 2083 969 poterat
2116 940 2129 961 ,
2179 901 2316 968 ipsis

738 1014 955 1067 «pioque
998 1014 1144 1051 nunc
1192 997 1443 1066 corporis
1489 995 1670 1047 oculis
1720 1002 2013 1063 perceptus
2070 993 2313 1045 crassio-

740 1108 894 1155 rem,
942 1100 1001 1144 ttt
1052 1093 1121 1141 ita
1174 1090 1390 1149 dicam,
1453 1087 1784 1156 cognitionis
1836 1085 2036 1137 divinae
2090 1098 2313 1137 sensum

739 1186 899 1237 nobis
939 1184 1118 1236 intulit
1152 1182 1279 1234 dum
1322 1196 1419 1249 per
1460 1179 1726 1232 miracula
1767 1185 1819 1230 et
1863 1176 2110 1246 prodigia
2155 1175 2315 1229 nobis

739 1285 820 1329 est
853 1277 1087 1344 agnitus.
1124 1272 1233 1326 Nec
1266 1275 1369 1325 alia
1404 1272 1631 1334 ratione,
1665 1278 1723 1323 ut
1752 1269 2027 1330 existimo,
2070 1268 2209 1320 mitti
2247 1266 2313 1320 ad

739 1380 841 1418 nos
902 1366 991 1417 Dei
1062 1362 1299 1417 Verbum
1352 1367 1612 1415 mundum
1671 1362 1818 1413 hunc
1878 1360 2312 1413 illutninaturum

736 1452 1038 1507 I’salutista
1075 1454 1320 1521 rogabat.
1350 1452 1481 1504 lllud
1508 1453 1736 1520 insuper
1764 1452 2309 1505 animadvertendum

734 1545 1022 1606 existimo,
1063 1545 1317 1597 nimirum
1355 1542 1499 1612 quod
1539 1544 1686 1595 omni
1724 1557 1978 1596 sermone
2020 1556 2173 1595 tuens
2218 1556 2311 1610 pe-

735 1637 1060 1689 netrabilior
1119 1648 1200 1689 est
1229 1679 1242 1700 ,
1289 1644 1343 1690 et
1391 1638 1587 1691 mentis
1620 1644 1801 1688 motus
1846 1635 2028 1703 lingua
2074 1636 2307 1687 acutior.

735 1730 922 1798 Igitur,
963 1730 1161 1782 mentis
1192 1729 1489 1783 subtilitate
1520 1737 1573 1781 et
1613 1729 1865 1781 acumine
1894 1766 1908 1790 ,
1948 1727 2154 1779 variam
2188 1727 2311 1793 qui-

733 1823 854 1876 dem
888 1832 1092 1874 natura:
1118 1821 1317 1872 divina:
1347 1820 1813 1886 pulchritudinem
1846 1820 2306 1885 contemplamur,

2419 623 2607 675 οὺσίαν
2629 666 2642 686 ,
2699 626 3013 697 πληροῦντα
3044 627 3140 697 τὴν
3171 628 3346 681 κτίσιν
3366 670 3379 692 ,
3425 631 3500 691 ώς
3539 630 3670 683 Θεὸν
3691 671 3705 693 ,
3758 632 3819 684 οὐ
3852 632 4001 700 τόπῳ

2418 719 2792 787 περιγραπτδν
2814 762 2827 782 ,
2860 720 2919 771 οὐ
2953 721 3283 790 διαστήμασι
3319 725 3621 793 μετρητὸν,
3654 724 3715 776 οὐ
3745 725 3999 793 ποσότητι

2417 809 2761 876 καταληπτὸν
2784 849 2797 872 ,
2847 810 2907 861 οὐ
2936 810 2992 862 δὲ
3022 811 3128 862 ὑπό
3166 829 3309 873 τινος
3344 813 3478 875 ὅλως
3514 814 3997 883 ἐμπεριεχόμενον,

2416 900 2533 950 οὐδὲ
2572 900 2922 968 μεταϐάσεως
2956 903 3052 973 τῆς
3102 904 3182 966 είς
3211 904 3375 956 τόπον
3422 908 3487 957 ἐκ
3519 906 3681 957 τόπου
3721 905 3997 974 δεόμενον,

2416 991 2530 1043 ἀλλ’
2560 993 2810 1061 ἐνδημεῖν
2856 994 2951 1063 μὲν
2978 994 3181 1047 ἅπασιν
3204 1038 3217 1059 ,
3247 996 3719 1065 ἀπολιμπάνεσθαι
3745 999 3800 1051 δὲ
3836 997 3999 1067 μηδε-

2415 1084 2521 1143 νός.
2572 1084 2915 1155 Ἐληλυθέναι
2955 1087 3011 1139 δὲ
3046 1088 3236 1140 ἑαυτὸν
3272 1090 3328 1140 ὲν
3369 1090 3558 1158 κόσμῳ
3605 1089 3999 1159 διῐσχυρίσατο,

2415 1174 2591 1227 καίτοι
2626 1174 2818 1245 παρὼν
2849 1178 2905 1228 ὲν
2934 1177 3081 1247 αὐτῷ
3112 1180 3252 1231 κατά
3280 1181 3370 1233 τὸν
3398 1182 3495 1249 τῆς
3528 1181 3998 1250 ὲνανθρωπήσεως

2413 1266 2635 1334 τρόπον.
2687 1285 2704 1317 ι
2740 1268 2917 1336 Ὠφθη
2956 1269 3064 1339 γὰρ
3097 1270 3188 1322 ἐπὶ
3216 1270 3313 1339 τῆς
3342 1272 3473 1340 γῆς,
3510 1271 3603 1324 καὶ
3636 1274 3745 1333 τοῖς
3786 1269 3999 1339 ἀνθρώσ

2414 1373 2539 1420 ποις
2582 1361 2991 1431 συνανεστράφη
3034 1381 3052 1413 ι
3108 1363 3245 1431 μετὰ
3289 1364 3524 1431 σαρκὸς,
3584 1362 3999 1432 ἐμφανεστέραν

2414 1449 2610 1501 ἑαυτοῦ
2650 1450 2746 1521 τὴν
2795 1452 2852 1504 ἐν
2893 1456 3083 1523 κόσμῳ
3118 1455 3419 1525 παρουσίαν
3461 1454 3549 1507 διὰ
3579 1456 3768 1507 τούτου
3803 1454 3995 1516 τιθεὶς,

2417 1541 2508 1592 καὶ
2537 1544 2565 1593 6
2598 1542 2767 1595 πάλαι
2790 1546 2971 1615 νοήσει
2998 1547 3345 1615 καταληπτὸς
3368 1589 3381 1611 ,
3416 1549 3509 1600 καὶ
3536 1548 3719 1609 αὐτοῖς
3749 1548 3847 1618 ἤδη
3883 1551 3999 1609 τοῖς

2412 1631 2505 1682 τοῦ
2550 1630 2797 1701 σώματος
2825 1636 3099 1705 ὁρώμενος
3149 1637 3469 1705 ὀφθαλμοῖς,
3504 1639 3844 1707 παχυτέραν,
3910 1639 3998 1690 ἴνα

2412 1722 2583 1786 οὕτως
2611 1726 2770 1790 εἴπω,
2791 1727 2888 1795 τῆς
2922 1729 3247 1796 θεογνωσίας
3274 1733 3403 1800 ἡμῖν
3430 1730 3654 1783 ἐνετίθει
3687 1732 3783 1800 τὴν
3808 1730 3999 1798 αἰσθη-

2415 1833 2517 1879 σιν,
2560 1818 2647 1871 διὰ
2708 1819 3002 1889 θαυμάτων
3064 1824 3159 1875 καὶ
3203 1826 3603 1895 μεγαλουργίας
3639 1827 3997 1891 ἐπιγινωσκό-

734 1913 825 1965 sed
846 1915 911 1964 de
936 1914 1051 1978 ipsa
1081 1912 1319 1964 humano
1345 1912 1507 1963 modo
1528 1919 1580 1963 et
1610 1919 1799 1964 nostro
1827 1924 1977 1962 more
2005 1907 2303 1976 loquimur,

2414 1925 2591 1978 μενος.
2664 1912 3111 1966 Ἀποστέλλεσθαι
3151 1916 3205 1968 δὲ
3252 1916 3323 1980 ὡς
3363 1919 3509 1985 ἡμᾶς
3562 1917 3863 1985 φωτιοῦντα
3904 1916 3997 1969 τὸν

732 2020 853 2057 cum
900 2006 1047 2057 illius
1089 2006 1333 2056 veritatis
1379 2019 1644 2056 cacumen
1699 2004 1921 2070 assequi
1964 2001 2149 2071 lingua
2200 2014 2308 2052 non

732 2100 924 2164 possit.
983 2096 1216 2162 Ideoque
1274 2094 1477 2148 Paulus
1520 2095 1610 2147 ille
1667 2094 2054 2163 mysteriorum
2112 2090 2306 2144 Salva-

734 2192 870 2242 toris
907 2190 1296 2257 dispensator,
1348 2202 1656 2241 sermonem
1704 2187 1921 2256 petebat
1988 2199 2017 2236 a
2086 2184 2196 2237 Deo
2241 2182 2309 2237 ad

732 2283 1085 2351 aperiendum
1134 2296 1197 2335 os
1247 2296 1406 2335 suum
1446 2280 1513 2332 ⁸⁸.
1553 2278 1694 2333 Nihil
1724 2294 1853 2348 ergo
1881 2278 2121 2332 naturali
2164 2276 2304 2331 Uni-

731 2378 899 2447 geniti
937 2377 1187 2444 dignitati
1229 2376 1481 2428 detrahet
1525 2382 1725 2427 nostra:
1776 2374 2046 2427 orationis
2091 2372 2305 2441 inopia,

730 2466 822 2521 sed
859 2469 1042 2519 omnia
1083 2465 1147 2518 de
1185 2467 1320 2533 ipso,
1357 2480 1453 2534 pro
1483 2479 1548 2518 eo
1591 2479 1654 2517 ac
1696 2462 1862 2517 Deum
1896 2464 2074 2530 decet,
2107 2464 2307 2518 intelli-

729 2568 955 2629 gentur;
999 2574 1121 2627 quae
1152 2574 1280 2612 vero
1314 2572 1542 2611 necesse
1582 2565 1667 2611 est
1709 2555 1934 2625 eloqui,
1969 2570 2031 2609 ea
2066 2554 2307 2609 humano

731 2668 881 2705 more
907 2652 1161 2705 dicentur
1188 2691 1200 2713 ,
1249 2667 1372 2705 cum
1417 2652 1485 2703 ab
1532 2650 1651 2719 ipso
1689 2659 1908 2718 propter
1944 2663 2043 2700 nos
2074 2686 2087 2709 ,
2130 2657 2244 2699 tum
2276 2660 2306 2699 a

729 2744 941 2796 sanctis
975 2744 1041 2793 de
1072 2743 1189 2809 ipso
1215 2780 1228 2803 ,
1275 2755 1370 2809 pro
1399 2741 1620 2792 modulo
1654 2750 1865 2791 natura:
1895 2745 2116 2791 nostrae.
2148 2735 2307 2788 SulIi-

728 2841 915 2887 cerent
949 2834 1168 2901 quidem
1198 2848 1257 2885 ea
1287 2847 1408 2899 qua:
1437 2833 1707 2884 hactenus
1744 2830 1987 2883 diximus
2020 2828 2085 2880 ad
2119 2842 2303 2881 rerum

728 2925 1135 2991 propositarum
1174 2924 1591 2992 explicationem
1624 2938 1636 2973 :
1676 2923 1769 2975 sed
1811 2922 2069 2990 quoniam
2112 2919 2307 2973 decere

728 3015 1005 3080 arbitror,
1043 3025 1099 3068 ut
1144 3016 1411 3070 desidiam
1460 3016 1645 3069 vincat
1688 3015 1933 3067 calamus
1972 3012 2175 3065 divinis
2208 3010 2307 3063 do-

728 3109 926 3175 gmatis
962 3109 1301 3173 inserviens,
1342 3110 1569 3177 agedum
1613 3108 1787 3175 ipsam
1823 3106 2108 3158 lectionem
2147 3116 2307 3156 accu-

727 3200 904 3253 ratius
956 3203 1396 3269 perpendamus,
1451 3199 1726 3269 quomodo
1783 3197 2047 3250 nimirum
2106 3210 2375 3287 conve-C

728 3295 941 3347 nienter
980 3294 1314 3362 intelligatur
1360 3293 1426 3345 de
1473 3292 1691 3345 homine
1722 3289 1855 3344 illud
1880 3331 1895 3357 ,
1940 3308 1957 3341 ι
1992 3288 2302 3343 Venientem

728 3387 781 3438 itt
816 3388 959 3439 hunc
988 3386 1270 3438 mundum.
1303 3404 1319 3435 ι
1358 3384 1411 3436 ln
1440 3385 1559 3451 ipso
1588 3384 1729 3437 enim
1752 3392 1865 3435 erat
1890 3383 2003 3444 lux,
2026 3382 2169 3435 sicut
2192 3382 2306 3448 ipse

727 3493 943 3545 quoque
982 3476 1140 3530 nobis
1195 3477 1303 3545 78
1340 3484 1573 3530 testatus
1604 3482 1686 3528 est
1716 3474 2052 3542 evangelista
2078 3510 2092 3534 ,
2129 3485 2303 3539 neque

733 3583 751 3615 ι
772 3568 1077 3619 venientem
1104 3567 1156 3617 in
1190 3567 1333 3618 hunc
1365 3566 1648 3626 mundum,
1675 3563 1738 3616 ad
1775 3564 1949 3617 lucem
1987 3560 2298 3625 referimus,

728 3654 822 3709 sed
863 3656 926 3706 ad
974 3655 1250 3707 hominem
1285 3656 1377 3723 qui
1417 3655 1783 3707 illuminatur.
1822 3654 1987 3705 Aiunt
2011 3668 2141 3720 ergo
2168 3668 2305 3704 nonv

729 3747 900 3811 nulli,
948 3763 1014 3801 ex
1046 3746 1209 3800 corde
1237 3763 1338 3799 suo
1369 3756 1683 3801 eructanles
1726 3755 1910 3800 etnon
1951 3762 2017 3799 ex
2057 3760 2151 3799 ore
2196 3744 2302 3798 Do—

728 3838 905 3900 mini,
957 3838 1119 3892 sicuti
1170 3839 1442 3908 scriptum
1486 3839 1636 3892 est”
1665 3879 1678 3902 ,
1731 3846 2024 3906 antequam
2069 3850 2305 3904 corpora

728 3932 1138 3996 conderentur,
1199 3932 1254 3985 in
1308 3933 1448 3985 cmlo
1497 3931 1667 3985 fuisse
1712 3933 1996 3985 hominum
2046 3932 2258 3985 animas
2288 3970 2302 3995 ,

730 4023 888 4093 longo
917 4033 1161 4092 tempore
1198 4023 1253 4075 in
1291 4024 1616 4092 incorporea
1654 4022 1917 4077 felicitate
1948 4023 2301 4085 constitutas,

724 4124 777 4169 et
808 4131 938 4169 vero
968 4117 1109 4169 bono
1142 4116 1334 4185 purius
1367 4116 1614 4170 fruentes
1656 4134 1668 4169 :
1722 4115 1816 4169 sed
1851 4115 2094 4170 melioris
2139 4115 2304 4170 sortis

726 4209 976 4262 satietate
1016 4223 1080 4261 ac
1120 4208 1416 4262 deterioris
1444 4208 1749 4277 cupiditate
1773 4248 1787 4269 ,
1837 4208 1904 4261 ad
1939 4216 2303 4277 pra-posteras

725 4301 1087 4370 cogitationes
1130 4310 1183 4353 et
1218 4299 1547 4368 cupiditates
1574 4315 1699 4354 esse
1730 4300 2002 4368 delapsas.
2050 4298 2306 4369 Indigna-

725 4395 839 4439 tutn
880 4388 1005 4455 jure
1039 4386 1298 4455 Opiﬁcetn
1321 4429 1334 4452 ,
1367 4402 1460 4441 eas
1493 4386 1711 4456 quidem
1745 4389 1796 4441 in
1837 4388 2099 4441 mundum
2131 4389 2306 4442 mitte-

724 4489 802 4539 re,
834 4484 885 4528 et
916 4476 1242 4544 corporibus
1274 4476 1573 4544 implicitas
1595 4518 1609 4541 ,
1654 4484 1708 4530 et
1748 4477 1813 4529 ad
1850 4476 2134 4532 ferendum
2161 4493 2302 4532 onus

2411 2002 2614 2071 κόσμον
2644 2004 2735 2055 τὸν
2779 2005 2873 2056 τοῦ
2916 2006 3050 2058 Θεοῦ
3096 2007 3267 2074 Λόγον
3295 2050 3308 2071 ,
3376 2012 3403 2061 6
3463 2009 3712 2078 Μελῳδὸς
3755 2010 3814 2060 οὐ
3870 2008 3995 2060 καθ’

2409 2093 2594 2163 ἕτερόν
2624 2112 2743 2148 τινα
2775 2098 3000 2166 τρόπον.
3026 2101 3102 2161 ὣς
3128 2100 3190 2166 γέ
3219 2117 3305 2169 μοι
3336 2100 3761 2166 φαίνεται,κατά
3790 2100 3848 2153 δὲ
3870 2100 3995 2152 τοῦ·

2408 2203 2499 2241 τον
2538 2188 2696 2242 αὑτὸν
2742 2192 3058 2260 παρεκάλει.
3094 2193 3306 2263 Χρῆναι
3344 2193 3400 2245 δὲ
3436 2189 3589 2262 οἶμαι
3640 2193 3775 2262 πρὸς
3817 2192 3995 2262 τούτῳ

2408 2277 2629 2330 κάκεῖνο
2663 2279 3064 2349 διενθυμεῖσθαι
3097 2281 3187 2332 τὸν
3214 2282 3519 2351 φιλομαθῆ,
3555 2283 3635 2335 ὅτι
3664 2282 3865 2345 παντὸς
3894 2282 3994 2353 μὲι

2408 2366 2568 2435 λόγον
2594 2370 2904 2440 τομώτερος
2936 2370 3058 2434 νοῦς
3079 2411 3092 2434 ,
3123 2372 3353 2443 ὀξυτέρα
3375 2373 3429 2426 δὲ
3465 2372 3710 2443 γλώττης
3739 2376 3837 2444 τῆς
3873 2372 3991 2427 δια-

2408 2458 2553 2522 νοίας
2583 2462 2613 2528 ή
2648 2460 2880 2529 κίνησις.
2904 2462 3111 2514 Οὐκοῦν
3140 2464 3263 2516 ὅσον
3289 2460 3422 2534 ἧκεν
3442 2464 3521 2526 εἰς
3540 2463 3842 2532 λεπτότητα
3871 2465 3990 2526 νοῦ,

2408 2555 2503 2605 καὶ
2544 2552 2640 2623 τὴν
2691 2554 2868 2619 ὀξεῖαν
2915 2557 2971 2607 ὲν
3018 2555 3167 2624 αὐτῷ
3196 2557 3443 2625 κίνησιν,
3498 2557 3560 2608 τὸ
3601 2556 3842 2609 ποικίλον
3891 2558 3989 2628 τῆς

2409 2642 2558 2706 θείας
2604 2645 2822 2713 φύσεως
2868 2647 3257 2716 κατεθεώμεθα
3306 2649 3538 2711 κάλλος·
3612 2649 3882 2719 λαλοῦμεν
3934 2651 3992 2705 δὲ

2410 2736 2536 2804 περὶ
2566 2736 2730 2805 αὐτῆς
2753 2737 3245 2809 ἀνθρωπινότερον,
3270 2740 3364 2792 καὶ
3384 2740 3526 2809 λόγῳ
3554 2740 3632 2809 τῷ
3668 2741 3787 2793 καθ’
3820 2742 3991 2811 ἡμᾶς,

2406 2826 2505 2877 οὐκ
2538 2827 2767 2897 ἐχούσης
2808 2830 2907 2898 τῆς
2939 2829 3187 2898 γλώττης
3219 2831 3353 2901 πρὸς
3380 2832 3436 2883 τὸ
3466 2832 3565 2900 τῆς
3596 2832 3852 2900 ἀληθείας
3900 2835 3992 2887 ἐκ·

2406 2918 2673 2973 τείνεσθαι
2721 2921 2936 2993 μέτρον.
2996 2924 3089 2976 Διὸ
3138 2924 3201 2994 δὴ
3238 2924 3330 2976 καὶ
3362 2926 3388 2976 6
3429 2925 3639 2987 Παῦλος
3669 2927 3696 2978 6
3739 2928 3846 2980 τῶν
3895 2928 3989 2980 τοῦ

2408 3011 2658 3080 Σωτῆρος
2708 3014 3017 3083 μυστηρίων
3076 3016 3311 3085 ταμίας,
3376 3018 3531 3085 λόγον
3592 3019 3789 3089 ἀπῄτει
3840 3023 3991 3093 παρὰ

2406 3099 2539 3152 Θεοῦ
2562 3103 2652 3154 τὸν
2672 3104 2728 3154 ἐν
2749 3104 2947 3170 ἀνοίξει
2970 3105 3062 3157 τοῦ
3083 3106 3347 3175 στόματος
3369 3108 3553 3160 αὐτοῦ.
3581 3109 3746 3162 Οὐδὲν
3763 3106 3855 3162 οὖν
3880 3112 3989 3182 ἄρα

2407 3190 2725 3262 λυμανεῖται
2757 3198 2870 3257 τοῖς
2898 3202 3147 3265 φυσικοῖς
3177 3198 3271 3251 τοῦ
3302 3200 3636 3268 Μονογενοῦς
3682 3201 3990 3272 ἀξιώμασιν

2409 3284 2440 3351 ἡ
2472 3284 2576 3336 τῶν
2606 3286 2737 3356 παρ’
2764 3288 2894 3356 ἡμῖν
2918 3288 3089 3355 λόγων
3123 3290 3282 3342 πενία
3302 3330 3316 3354 ,
3372 3291 3505 3344 ἀλλὰ
3527 3292 3848 3361 νοηθήσεται
3885 3293 3988 3362 μὲν

2408 3374 2725 3447 θεοπρεπῶς
2742 3378 2809 3431 τὰ
2832 3379 2958 3448 περὶ
2982 3379 3144 3431 αὑτοῦ
3161 3420 3174 3443 ,
3193 3380 3555 3453 λαληθήσεται
3577 3382 3632 3434 δὲ
3656 3384 3722 3435 τὰ
3747 3401 3810 3435 πε
3822 3385 3874 3453 ρὶ
3893 3383 3993 3454 τὴν

2406 3468 2594 3537 χρείαν
2646 3468 3158 3542 ἀνθρωπινώτερον,
3210 3475 3363 3543 παρά
3409 3492 3468 3527 τε
3507 3475 3671 3527 αὐτοῦ
3718 3476 3783 3527 δι’
3817 3479 3991 3545 ἡμᾶς.

2406 3560 2501 3612 καὶ
2532 3561 2683 3630 παρὰ
2709 3562 2815 3613 τῶν
2839 3563 3008 3630 ἁγίων
3033 3567 3159 3634 περὶ
3189 3565 3355 3618 αὑτοῦ
3390 3568 3530 3619 κατά
3553 3567 3611 3618 τὸ
3651 3568 3749 3636 τῆς
3772 3568 3993 3635 φύσεως

2410 3648 2627 3719 μέτρον.
2672 3645 2780 3703 ’Ἢν
2809 3651 2905 3720 μὲν
2940 3647 3030 3704 οὖν
3051 3693 3065 3716 ,
3096 3653 3169 3715 ώς
3201 3653 3375 3716 ἔοικε,
3408 3657 3519 3715 τοῖς
3548 3656 3860 3723 εἰρημένοις
3887 3656 3993 3723 ἀρ-

2407 3742 2619 3794 κεῖσθαι
2660 3742 2823 3796 καλὸν
2874 3746 2954 3807 εἰς
3004 3745 3100 3814 τὴν
3147 3745 3254 3795 τῶν
3284 3746 3659 3814 προκειμένων
3689 3746 3989 3815 ἐξήγησιν·

2405 3833 2593 3904 ἐπειδὴ
2617 3834 2672 3886 δὲ
2695 3830 2847 3903 οἶμαι
2877 3837 3173 3905 προσήκειν
3202 3837 3361 3889 ὅκνου
3395 3837 3655 3905 φέρεσθαι
3701 3838 3990 3906 κρείττονα

2406 3923 2495 3975 τὸν
2519 3926 2630 3986 τοῖς
2656 3922 2818 3986 θείοις
2851 3923 3114 3992 δόγμασιν
3146 3923 3521 3994 ὑπηρετοῦντα
3556 3923 3824 3992 κάλαμον,
3856 3923 3991 3992 φέρε

2408 4013 2568 4066 πάλιν
2608 4014 2739 4067 αὐτὸ
2768 4015 3101 4085 παραθέντες
3140 4014 3198 4067 τὸ
3227 4015 3558 4083 ἀνάγνωσμα
3607 4014 3989 4083 βασανίσωμεν

2406 4103 2821 4174 ἀκριϐέστερον,
2851 4106 2966 4166 πῶς
2998 4104 3063 4157 ἂν
3093 4107 3264 4159 νοοῖτο
3304 4105 3444 4157 κατά
3466 4103 3556 4157 τὸν
3594 4107 3871 4173 πρέποντα
3902 4104 3990 4155 λόο

2407 4211 2501 4263 γον
2532 4194 2626 4247 τοῦ
2652 4195 2943 4265 ἀνθρώπου
2974 4195 3468 4266 κατηγορούμενον,
3494 4197 3573 4261 τὸ,
3608 4214 3626 4245 ι
3666 4196 3992 4267 Ἐρχόμενον

2407 4289 2485 4349 είς
2514 4287 2603 4338 τὸν
2628 4288 2850 4357 κόσμον.
2902 4306 2922 4341 ι
2958 4283 3065 4341 τΗν
3092 4288 3199 4357 γὰρ
3231 4290 3287 4341 ἐν
3312 4288 3459 4357 αὐτῷ
3489 4288 3547 4340 τὸ
3572 4288 3704 4355 φῶς,
3737 4289 3989 4358 καθάπερ

2407 4375 2498 4433 οὖν
2546 4381 2639 4434 καὶ
2683 4382 2840 4443 αὐτὸς
2883 4382 3015 4451 ἡμῖν
3054 4383 3083 4433 6
3129 4380 3518 4450 εὑαγγελιστὴς
3562 4381 3989 4453 διεμαρτύρατο,

2408 4472 2503 4525 καὶ
2532 4474 2589 4524 οὺ
2616 4473 2675 4525 τὸ
2706 4474 2822 4542 φῶς
2848 4474 2926 4535 εἰς
2956 4473 3048 4525 τὸν
3074 4473 3277 4542 κόσμον
3304 4473 3557 4543 ἔρχεσθαι
3587 4474 3786 4543 μᾶλλον
3806 4514 3819 4535 ,
3853 4474 3991 4527 ἀλλὰ

724 4575 967 4629 coactas,
999 4582 1061 4620 ac
1090 4569 1236 4621 velut
1266 4568 1320 4620 in
1348 4569 1609 4636 spelunca
1638 4569 1873 4636 quadam
1898 4568 2299 4623 vehementium

2409 4565 2496 4617 τὸν
2546 4564 2905 4633 φωτιζόμενον
2971 4564 3254 4633 ἄνθρωπον
3322 4565 3791 4634 ὃιεὸεϐαιούμεθα.
3853 4566 3993 4619 Φασὶ

724 4659 1090 4727 cupiditatum
1126 4659 1367 4712 inclusas
1405 4659 1521 4726 ipso
1554 4660 1931 4728 experimento
1959 4676 2052 4714 cas
2084 4661 2299 4725 docere,

728 4767 890 4820 quam
921 4752 1178 4804 acerbum
1228 4752 1299 4804 sit
1356 4751 1407 4803 in
1452 4751 1605 4819 pejus
1640 4749 1963 4813 deﬂectere,
2008 4757 2060 4805 et
2094 4760 2301 4804 rectum

729 4842 886 4894 nihili
918 4839 1119 4894 facere.
1172 4840 1253 4892 Ad
1303 4841 1661 4894 astruendutn
1706 4855 1835 4893 vero
1867 4848 1976 4892 tam
2004 4839 2299 4893 ridiculum

726 4946 886 4984 suum
920 4938 1288 4983 commentum
1316 4970 1330 4993 ,
1382 4930 1619 4998 primunt
1657 4930 1900 4983 omnium
1943 4931 2121 4983 locum
2152 4930 2300 4983 hunc

720 5024 1074 5091 evangelista:
1112 5023 1385 5091 arripiunt
1423 5040 1436 5075 :
1487 5040 1506 5071 ‹
1538 5022 1662 5075 Erat
1693 5022 1780 5078 lux
1816 5036 1977 5088 veta,
2023 5038 2142 5091 qua:
2180 5023 2301 5076 illu-

726 5116 901 5169 tninat
936 5128 1153 5168 omnem
1197 5114 1471 5167 hominem
1511 5114 1816 5168 venientem
1858 5114 1911 5166 in
1962 5113 2109 5167 hunc
2142 5130 2301 5167 mun-

723 5206 892 5269 dum;
925 5224 943 5255 ι
979 5204 1177 5259 deinde
1222 5205 1324 5257 alia
1372 5205 1618 5273 quaedam
1652 5220 1719 5258 ex
1755 5204 2041 5274 Scriptura
2074 5204 2256 5257 divina
2286 5244 2300 5269 ,

726 5296 1039 5367 cujusmodi
1070 5304 1152 5351 est
1182 5296 1355 5350 illud:
1397 5314 1415 5346 ι
1451 5296 1774 5367 Priusquam
1812 5297 2155 5363 ltumiliarer,
2202 5312 2301 5365 ego

726 5390 931 5459 deliqui
956 5391 1041 5455 9‘;
1102 5407 1117 5440 ι
1194 5404 1294 5445 nec
1360 5390 1482 5444 illos
1557 5406 1668 5445 sua:
1736 5390 1902 5460 pudet
1970 5389 2301 5460 nugaeitatis

726 5492 855 5536 dum
893 5483 1067 5549 aiunt,
1119 5482 1259 5537 Ecce
1314 5492 1603 5552 antequam
1663 5483 2070 5546 humiliaretur,
2125 5483 2178 5537 id
2221 5490 2305 5537 est

728 5585 1017 5644 antequam
1052 5590 1286 5645 corpore
1322 5575 1732 5643 includeretur,
1783 5591 1840 5630 se
1887 5575 2187 5645 deliquisse
2226 5575 2305 5629 fa-

724 5675 874 5722 tetur
910 5667 1092 5719 anima
1120 5708 1134 5734 ,
1166 5678 1333 5738 atque
1368 5668 1575 5722 idcirco
1603 5669 1728 5738 jure
1766 5668 1963 5724 merito
2011 5684 2069 5723 se
2125 5668 2304 5723 humi-

791 5850 832 5882 "
880 5852 1094 5907 Barucb
1129 5868 1186 5908 Ill
1212 5898 1224 5922 ,
1265 5852 1356 5908 38.
1432 5852 1475 5883 "
1516 5850 1635 5905 Col.
1670 5866 1758 5917 tv,
1792 5852 1843 5904 5.

1922 5852 1964 5883 ὀ
2004 5850 2202 5908 Jcrcm.
2242 5870 2406 5922 mn,
2451 5854 2534 5911 16.

2406 4656 2692 4724 τοιγαροῦν
2726 4673 2897 4719 τινες,
2938 4657 3008 4708 τὰ
3051 4657 3116 4707 ἐκ
3146 4656 3371 4726 καρδίας
3395 4658 3574 4711 αὐτῶν
3611 4658 3989 4727 ἐρευγόμενοι,

2406 4749 2500 4801 καὶ
2538 4749 2636 4800 οῦκ
2680 4748 2787 4801 ἀπὸ
2838 4748 3105 4816 στόματος
3138 4749 3374 4818 Κυρίου,
3432 4748 3614 4810 καθὼς
3651 4751 3989 4819 γέγραπται,

2408 4839 2487 4892 ὅτι
2536 4840 2639 4909 πρὸ
2669 4842 2764 4911 τῆς
2800 4840 2907 4892 τῶν
2958 4840 3225 4908 σωμάτιον
3257 4842 3602 4909 κατασκευῆς
3634 4844 3991 4912 προῦπῆρχον

2411 4934 2508 5001 μὲν
2545 4933 2686 4985 κατὰ
2721 4934 2809 4985 τὸν
2838 4933 3063 5004 οὐρανὸν
3087 4935 3141 4986 αἱ
3175 4933 3282 4986 τῶν
3308 4934 3609 5005 ἀνθρώπων
3641 4936 3836 5004 dupli.
3887 4953 3992 5004 μα-

2408 5026 2539 5096 κρὸν
2595 5027 2652 5078 ἐν
2704 5027 2981 5097 ἀσωμάτῳ
3032 5030 3391 5099 μακαριότητι
3438 5028 3720 5098 τρίϐουσαι
3776 5028 3989 5097 χρόνον,

2408 5120 2496 5170 καὶ
2546 5118 2924 5190 καθαρώτερον
2963 5120 3332 5173 ἀπολαύουσαι
3383 5118 3475 5171 τοῦ
3522 5118 3690 5180 ὅντως
3735 5117 3944 5185 ἀγαθοῦ
3976 5135 3987 5145 '

2408 5211 2592 5281 ἐπειδὴ
2623 5210 2677 5264 δὲ
2724 5213 2892 5276 αὑτὰς
2935 5214 2962 5264 ὁ
3002 5212 3109 5264 τῶν
3144 5213 3442 5281 ἀμεινόνων
3472 5211 3641 5280 εἰσῄει
3671 5211 3831 5281 κόρος
3851 5252 3865 5273 ,
3897 5213 3992 5263 καὶ

2408 5304 2543 5373 πρὸς
2576 5303 2643 5356 τὰ
2674 5305 2841 5375 χείρω
2869 5305 3054 5359 λοιπὸν
3087 5306 3508 5367 ἀποκλίνουσαι,
3556 5304 3693 5375 πρὸς
3724 5306 3993 5366 ἐκτύπους

2407 5396 2722 5448 κατέϐαινον
2762 5398 2970 5460 ἐννοίας
3008 5415 3068 5450 τε
3103 5398 3196 5451 καὶ
3236 5396 3551 5464 ἐπιθυμίας,
3597 5396 3991 5466 ἀγανακτήσας

2406 5486 2624 5549 εἰκότως
2654 5489 2680 5540 ὁ
2709 5488 3049 5559 Δημιουργὸς
3080 5489 3399 5543 ἀποστέλλει
3435 5488 3534 5559 μὲν
3572 5486 3743 5550 αὐτὰς
3788 5489 3867 5550 είς
3902 5489 3990 5540 τὸν

2406 5579 2631 5649 κόσμον,
2670 5583 2782 5643 τοῖς
2816 5581 2872 5633 δὲ
2906 5582 3012 5634 ἀπὸ
3046 5582 3148 5650 γῆς
3188 5581 3441 5647 ἐνέπλεξε
3480 5580 3730 5650 σώμασιν
3760 5579 3993 5651 6160;5-

2410 5673 2522 5740 ρεῖν
2553 5672 2891 5739 ἀναγκάσας,
2915 5674 3010 5725 καὶ
3034 5674 3315 5744 μονονουχὶ
3344 5670 3591 5743 σπηλαίῳ
3616 5672 3726 5724 τινὶ
3763 5672 3868 5723 τῶν
3904 5674 3993 5724 ἐκ·

2615 5854 2656 5884 ⁹¹
2696 5851 2837 5906 Psrtl.
2876 5867 3078 5917 cxvttt,
3122 5852 3211 5908 67.
