4214 6502
170 413 271 470 135

1236 413 1300 469 IN
1335 413 1618 471 JOANNIS
1655 413 2105 475 EVANGELIL‘M
2147 418 2275 473 LIB.
2318 418 2359 474 Ι.

3318 421 3419 476 138

164 531 345 584 τόπων
393 528 822 598 ὲγκατακλείσας
859 528 1091 599 ἡδονῶν,
1146 531 1425 584 παιδεύειν
1482 530 1650 595 αὑτὰς
1689 532 1743 599 ἐξ

1851 534 2037 587 liatam
2071 549 2192 589 esse
2218 574 2233 599 ,
2266 534 2460 588 mortis
2491 542 2544 588 et
2576 532 2949 604 corruptionis
2984 532 3219 590 vinculis
3246 531 3422 604 illiga-

166 621 337 691 αὑτῆς
372 620 665 691 ἐδοκίμασε
710 622 808 689 τῆς
847 621 1080 692 πείρας⁹
1122 624 1319 694 πικρὶν
1359 625 1505 686 ὅπως
1547 624 1663 676 ἐστὶ
1689 625 1749 676 τὸ

165 715 258 766 ἐπὶ
296 714 367 767 τὰ
408 714 575 783 χείρω
619 713 918 783 φέρεσθαι,
967 714 1061 767 καὶ
1116 714 1383 768 ποιεῖσθαι
1422 716 1589 782 λόγον
1640 715 1749 768 τῶν

161 804 384 871 ἀγαθῶν
435 806 648 859 οὐδένα.
702 806 1033 875 Ἀρπάζουσι
1082 807 1137 859 δὲ
1197 810 1280 870 είς
1338 806 1612 870 ἀπόδειξιν
1649 805 1747 877 τὴν

161 896 307 949 οὕτω
342 896 688 968 γελοιοτάτης
740 898 951 951 ἑαυτῶν
993 898 1340 968 μυθολογίας,
1383 900 1477 950 καὶ
1514 897 1644 949 αὑτὸ
1682 896 1745 967 δὴ

162 988 380 1057 πρῶτον
427 990 488 1041 τὸ
520 987 615 1041 νῦν
651 991 709 1041 ὲν
748 991 965 1062 χερσίνο
1015 1010 1031 1041 ι
1066 986 1173 1042 Ἦν
1212 990 1269 1043 τὸ
1310 990 1425 1059 cf;
1462 988 1523 1041 τὸ
1558 988 1745 1058 ἀληθι-

160 1081 249 1131 νὸν
274 1120 289 1144 ,
348 1080 376 1134 6
415 1080 637 1149 φωτίζει
682 1082 858 1134 πάντα
892 1080 1179 1151 ἄνθρωπον
1220 1082 1515 1153 ἐρχόμενον
1546 1084 1623 1145 είς
1652 1081 1744 1134 τὸν

160 1170 366 1239 κόσμον
391 1186 405 1199 ο
437 1189 457 1221 ι
516 1170 654 1240 πρὸς
697 1170 753 1222 δέ
795 1187 858 1237 γε
896 1170 1100 1240 τούτῳ,
1152 1172 1244 1224 καὶ
1281 1172 1445 1242 ἕτερά
1488 1189 1607 1223 τινα
1634 1170 1743 1223 τῶν

158 1260 269 1313 ἀπὸ
293 1261 391 1330 τῆς
413 1260 563 1323 θείας
606 1262 825 1330 Γραφῆς
848 1301 860 1322 ,
921 1255 1032 1313 οἷον
1078 1261 1168 1324 τὸ,
1214 1280 1232 1311 ι
1265 1261 1376 1332 Πρὸ
1411 1260 1505 1313 τοῦ
1548 1279 1616 1331 με
1650 1278 1743 1312 τα-

160 1352 527 1422 πεινωθῆναι,
575 1353 684 1421 ἐγὼ
736 1353 1160 1425 ἐπλημμέλησαο
1196 1373 1213 1403 ι
1252 1356 1345 1407 καὶ
1376 1354 1439 1424 δὴ
1480 1357 1571 1406 καί
1612 1370 1741 1422 φασι

158 1444 500 1515 παραληρεῖν
545 1445 642 1497 οὑκ
682 1446 1022 1516 αἰδούμενον
1081 1446 1211 1500 Ἰδοὺ
1250 1448 1357 1517 πρὸ
1402 1446 1503 1515 τῆς
1551 1463 1740 1498 ταπει-

157 1535 402 1600 νώσεως,
450 1535 592 1589 τοῦτ’
632 1537 746 1589 ἔστι
834 1539 932 1605 τῆς
988 1537 1428 1607 ὲνσωματώσεως
1491 1538 1743 1608 πεπλημ-

160 1628 460 1698 μεληκέναι
481 1629 646 1697 φησιν
678 1630 709 1698 ὴ
743 1629 909 1699 ψυχὴ,
935 1629 1022 1683 διά
1042 1648 1098 1682 τε
1126 1630 1281 1683 τοῦτο
1313 1630 1742 1682 τεταπεινῶσθαι

154 1719 382 1783 δικαίως
409 1719 711 1772 ὲνδεθεῖσαν
740 1719 975 1789 Θανάτῳ,
1008 1721 1102 1774 καὶ
1142 1720 1337 1791 φθορᾷ,
1376 1720 1625 1791 καθάπερ
1651 1717 1742 1773 οὖν

155 1811 250 1862 καὶ
278 1811 308 1861 6
334 1808 545 1874 Παῦλος
580 1810 751 1873 οὑτως
786 1812 1041 1881 ὀνομάζει
1076 1812 1135 1863 το
1159 1811 1339 1880 σῶμα,
1371 1812 1542 1880 λέγων
1566 1827 1578 1839 ·
1606 1833 1620 1861 ι
1645 1812 1741 1873 Τίς

1852 633 1998 686 tam,
2043 625 2503 694 quemadmodum
2557 623 2761 680 Paulus
2819 625 2935 695 ipse
2965 640 3184 696 quoque
3220 623 3422 695 corpus

1849 714 2097 767 nominat
2143 713 2380 768 dicens:
2441 734 2459 766 ι
2494 715 2630 781 Quis
2671 730 2756 769 me
2785 716 3039 771 liberabit
3083 717 3150 771 de
3193 732 3423 787 corpore

1848 808 2041 861 mortis
2063 807 2225 875 hujus
2259 806 2346 859 ”?
2369 826 2385 856 ι
2419 807 2574 871 Quod
2606 808 2652 863 si
2688 808 2869 861 anima
2900 818 3107 878 peccat,
3138 808 3416 878 inquiunt,

1846 906 2141 968 antequam
2195 899 2554 961 liumilietur,
2612 906 2666 954 et
2712 899 2860 954 venit
2912 898 2967 952 in
3012 899 3297 961 mundum,
3324 912 3421 967 pa-

1851 998 1920 1043 tet
1968 990 2113 1059 quod
2154 994 2311 1061 prius
2356 992 2623 1056 exsistat;
2678 991 2951 1060 quomodo
2996 991 3166 1053 enim,
3210 1004 3418 1059 quaeso.

1846 1090 2093 1150 peccaret
2132 1082 2183 1135 id
2217 1083 2360 1151 quod
2390 1085 2632 1135 nondum
2666 1083 2917 1137 exsistit?
2945 1080 3108 1137 Venit
3143 1089 3325 1135 autem
3363 1081 3418 1134 in

1846 1174 2131 1238 mundum,
2167 1174 2263 1228 sed
2291 1174 2564 1243 aliquibus
2593 1189 2658 1227 ex
2701 1175 2837 1227 locis
2866 1176 3116 1229 videlicet
3148 1172 3418 1242 proiecta.

1845 1261 2160 1318 Istiusmodi
2207 1279 2381 1335 nugas
2420 1265 2686 1320 adversus
2722 1263 2981 1319 Ecclesia:
3026 1266 3280 1333 dogmata
3309 1303 3324 1329 ,
3366 1269 3421 1318 et

1844 1373 2015 1411 vanas
2068 1358 2286 1413 fabulas
2331 1358 2732 1427 simplicior-um
2790 1359 3021 1411 auribus
3068 1360 3417 1427 ingerentes.

1840 1448 1964 1517 jure
1996 1450 2219 1503 audient
2250 1466 2261 1500 :
2312 1469 2329 1501 ι
2370 1448 2462 1503 Vae
2496 1452 2586 1520 qui
2624 1451 2954 1520 prophetam.
2987 1450 3053 1504 de
3083 1448 3246 1502 c0rdc
3280 1461 3417 1510 suo,

1843 1552 1897 1598 et
1927 1560 2153 1612 prorsus
2193 1559 2300 1597 non
2334 1544 2612 1598 vident”.
2656 1562 2673 1594 ι
2746 1541 2998 1597 Visiones
3043 1545 3186 1596 enim
3233 1555 3420 1595 revera

1843 1645 1897 1689 ct
1926 1635 2299 1689 divinationes
2332 1675 2345 1699 ,
2398 1652 2460 1688 ac
2490 1637 2801 1705 prophetias
2842 1636 3027 1689 cordis
3055 1634 3138 1689 sui
3179 1632 3420 1702 Spiritus

1844 1727 2194 1780 sermOnibus
2225 1736 2565 1795 Opponentes
2596 1769 2609 1789 ,
2654 1742 2761 1779 non
2794 1732 3037 1779 sentiunt
3067 1735 3327 1794 quantam
3364 1725 3419 1779 in

1843 1818 2232 1870 absurditalcm
2264 1832 2363 1870 sua
2395 1817 2625 1870 consilia
2665 1824 2957 1885 properent
2985 1858 2997 1876 ,
3032 1814 3321 1869 Psahnista
3352 1813 3421 1868 ad

157 1919 227 1970 με
270 1902 494 1972 ῥύσεται
546 1905 609 1955 ὲκ
638 1902 729 1956 τοῦ
772 1903 1021 1973 σώματος
1048 1904 1141 1957 τοῦ
1179 1904 1411 1957 θανάτου
1461 1904 1649 1957 τούτου
1675 1921 1687 1967 ;
1715 1923 1733 1955 ι

1846 1907 2005 1959 Deum
2031 1908 2244 1962 dicente
2272 1927 2283 1961 :
2307 1927 2323 1956 ι
2344 1907 2425 1960 Τιι
2454 1909 2719 1961 terribilis
2736 1926 2814 1973 es,
2838 1918 2890 1962 et
2914 1909 3038 1977 quis
3058 1909 3274 1962 resistet
3299 1906 3416 1972 tibi,

154 1992 220 2045 Ei.
272 1992 333 2045 δὲ
372 1994 714 2063 πλημμελεῖ,
758 1997 956 2065 φησιν,
1010 1995 1115 2067 πρὸ
1143 1995 1239 2065 τῆς
1287 1995 1670 2059 ταπεινώσεως

150 2082 328 2156 ψυχὴ,
358 2086 451 2138 καὶ
490 2085 705 2155 ἔρχεται
734 2090 812 2150 είς
845 2086 933 2139 τὸν
959 2086 1181 2157 κόσμον,
1212 2086 1285 2150 ώς
1312 2089 1740 2157 προϋπάρχουσα

152 2177 401 2247 δηλονότι
423 2196 436 2209 ·
487 2179 601 2240 πῶς
638 2180 746 2248 γὰρ
786 2179 923 2242 ὅλως
954 2179 1187 2249 ἁμάρτοι
1222 2178 1282 2230 τὸ
1319 2181 1485 2248 μήπω
1515 2180 1741 2249 ὑφεστη-

152 2269 252 2332 κός
281 2288 296 2336 ;
330 2270 589 2341 Ἔρχεται
615 2272 671 2324 δὲ
710 2274 789 2335 είς
826 2272 915 2324 τὸν
946 2272 1149 2341 κόσμον
1173 2270 1283 2322 ἀπό
1310 2287 1469 2322 τινων
1504 2269 1741 2341 δηλονότι

151 2362 342 2415 τόπων
380 2363 694 2435 κινουμένη.
723 2363 963 2417 Τοιαῦτα
997 2380 1117 2416 τινα
1144 2361 1253 2416 τῶν
1284 2361 1386 2431 τῆς
1418 2361 1741 2432 Ἐκκλησίας

153 2455 724 2526 καταῤῥαψῳδοῦντες
764 2457 1082 2525 δογμάτων,
1148 2454 1240 2508 καὶ
1290 2454 1482 2517 ὕθλους
1521 2454 1742 2507 εἰκαίων

150 2545 518 2615 διηγημάτων
552 2550 672 2610 ταῖς
725 2546 833 2599 τῶν
879 2545 1262 2616 ἁπλουστέρων
1317 2544 1743 2615 ὲπισωρεὺοντες

150 2638 373 2703 ἀκοαῖς,
402 2639 624 2703 δικαίως
662 2640 981 2693 ἀκούσονται
1007 2656 1019 2669 ο
1067 2659 1084 2690 ι
1121 2639 1256 2692 Οὐαὶ
1290 2641 1402 2701 τοῖς
1431 2636 1862 2708 προφητεύουσιν
1900 2636 2006 2689 ἀπὸ
2042 2638 2269 2705 καρδίας
2302 2640 2481 2691 αὑτῶν
2508 2681 2522 2707 ,
2576 2641 2669 2693 καὶ
2735 2640 2797 2693 τὸ
2858 2641 3085 2694 καθόλου

1841 2014 1906 2052 cx
1939 2006 2067 2052 tunc
2097 2000 2174 2051 ira
2200 2008 2291 2051 tua
2314 2000 2402 2051 91‘?
2425 2019 2441 2049 ›
2473 1998 2625 2063 Quod
2658 2008 2838 2053 autem
2871 1999 3323 2053 absurdissimum
3349 2000 3421 2053 sit

1843 2102 2032 2159 putare
2058 2092 2294 2143 animam
2320 2100 2446 2145 ante
2476 2106 2677 2156 corpus
2710 2093 2975 2146 exsistere
2996 2131 3008 2151 ,
3036 2101 3089 2144 et
3117 2090 3187 2144 ob
3222 2104 3421 2159 praece-

1844 2182 2022 2238 dentia
2047 2179 2155 2249 79
2174 2192 2395 2249 peccata
2429 2185 2481 2234 in
2504 2192 2719 2234 terrena
2744 2196 2975 2251 corpora
2994 2182 3166 2250 ipsam
3184 2181 3419 2243 demitti,

1842 2286 1907 2326 ex
1943 2272 2256 2339 subjuuctis
2282 2275 2622 2343 argumentis
2652 2283 2912 2344 quantum
2946 2276 3000 2328 in
3034 2276 3187 2327 nobis
3218 2282 3301 2327 est
3329 2271 3423 2327 de-

1846 2371 2155 2417 monstrare
2185 2366 2529 2431 conabimur,
2556 2367 2794 2422 scientes
2824 2366 2968 2436 quod
3000 2367 3267 2433 scriptum
3293 2373 3376 2419 est
3403 2382 3417 2419 :

1852 2471 1869 2503 ι
1902 2452 1973 2505 Da
2017 2447 2621 2523 sapienti‘occasioneui
2664 2469 2718 2512 et
2743 2458 3043 2528 sapientior
3074 2459 3212 2524 erit,
3244 2457 3421 2511 mani-

1863 2541 1998 2596 festa
2022 2542 2170 2612 justo
2200 2553 2254 2599 et
2289 2547 2512 2615 insuper
2546 2547 2780 2617 accipiet
2811 2549 2875 2597 ⁸⁸.
2915 2567 2931 2598 ι

3164 2641 3239 2713 μὴ
3301 2640 3421 2711 βυ-

151 2748 375 2787 πουσιν.
415 2750 432 2783 ι
485 2732 730 2802 Ὀράσεις
765 2730 870 2800 γὰρ
895 2730 1095 2793 ὅντως,
1127 2729 1217 2781 καὶ
1246 2730 1602 2797 οἰωνίσματα,
1645 2729 1737 2781 καὶ
1779 2728 2118 2798 προφητείας
2165 2730 2388 2801 καρδίας
2429 2732 2606 2784 αὐτῶν
2638 2736 2751 2794 τοῖς
2794 2732 2879 2785 διὰ
2940 2732 3032 2785 τοῦ
3107 2734 3423 2803 Πνεὺματος

148 2823 619 2895 ἀντιπαραθέντες
687 2823 893 2890 λόγοις,
975 2822 1076 2873 οὑκ
1114 2821 1460 2873 αἰσθάνονται
1499 2820 1633 2890 πρὸς
1677 2822 1807 2892 ὅσην
1846 2822 2029 2883 αὑτοῖς
2064 2823 2295 2876 ἀτοπίαν
2342 2824 2631 2894 δραμεῖται
2672 2827 2733 2877 τὸ
2766 2826 3097 2897 ἐπιχείρημα
3122 2868 3136 2891 ,
3172 2828 3425 2895 λέγοντος

148 2915 251 2969 τοῦ
293 2911 600 2985 1Ιλαλμῳδοῦ
636 2912 768 2983 πρὸς
804 2910 954 2963 Θεόν·
990 2929 1007 2961 ι
1043 2909 1114 2961 Σὺ
1156 2908 1383 2979 φοϐερὸς
1423 2902 1493 2972 εἷ,
1535 2909 1628 2961 καὶ
1661 2908 1743 2971 τίς
1781 2911 2160 2982 ἀντιστήσεταί
2197 2930 2278 2964 σοι
2330 2913 2437 2965 ἀπὸ
2486 2915 2582 2985 τῆς
2613 2915 2782 2984 ὀργῆς
2821 2934 2948 2983 σου;
2990 2920 3030 2966 "t
3069 2934 3109 2970 ει
3176 2918 3233 2972 δὲ
3302 2919 3424 2974 λίαν

149 3011 311 3064 ἐστὶν
343 3009 692 3062 ἀτοπώτατον
743 3005 1007 3075 ὑπάρχειν
1039 3005 1138 3074 μὲν
1180 3004 1383 3056 οἴεσθαι
1452 3002 1545 3075 τὴν
1612 3004 1810 3074 ψυχὴν,
1851 3006 1915 3057 ἐκ
1955 3007 2398 3078 προγενεστέρων
2440 3007 2497 3059 δὲ
2533 3009 2943 3080 ἁμαρτημάτων
2980 3016 3003 3063 ε
3042 3027 3061 3066 :
3109 3010 3177 3063 τὰ
3232 3013 3296 3066 ἐκ
3321 3012 3425 3083 γῆς

149 3104 614 3176 καταπέμπεσθαι
644 3102 870 3173 σώματα
917 3102 1156 3170 νομίζειν
1195 3101 1353 3152 αὑτὸν
1382 3100 1502 3171 [ἴσ.
1534 3100 1702 3171 αὑτὴν
1725 3101 1757 3171 1,
1798 3101 1886 3154 διὰ
1923 3102 2031 3155 τῶν
2078 3104 2499 3173 ὑπεζευγμένων
2550 3105 2767 3158 ἐννοιῶν
2830 3106 2970 3159 κατὰ
3044 3106 3104 3159 τὸ
3147 3107 3423 3180 ἐγχωροῦν

149 3210 291 3279 ἡμῖν
336 3202 613 3266 ἀποδεῖξαι
650 3199 1063 3271 πειρασόμεθα,
1105 3198 1166 3250 τὸ
1195 3198 1578 3269 γεγραμμένον
1599 3198 1834 3261 εἰδότες⁶
1882 3217 1902 3251 ε
1950 3200 2105 3254 Δίδου
2155 3201 2304 3271 σορῷ
2374 3202 2630 3273 ἀφορμὴν
2664 3244 2678 3267 ,
2735 3205 2829 3255 καὶ
2884 3203 3187 3275 σοφώτερος
3249 3206 3422 3286 ἔσται,

149 3297 397 3369 γνώριζε
426 3294 635 3363 δικαίῳ,
660 3292 755 3346 καὶ
793 3290 1089 3362 προσθήσει
1114 3288 1206 3342 τοῦ
1242 3288 1507 3359 δέχεσθαι.
1539 3308 1557 3340 ι

154 3412 435 3486 Ἐννοιαι
477 3409 605 3486 ἤτοι
654 3406 995 3486 θεωρήματα
1046 3404 1355 3486 σχήματος
1402 3406 1743 3474 συμπεπλε-

1854 3398 2142 3478 Rationes,
2205 3400 2308 3453 sive
2364 3400 2742 3468 propositiones
2796 3416 2859 3453 ex
2918 3402 3237 3472 syflogismis
3295 3422 3423 3461 cou-

225 3483 453 3554 γμὲνου
481 3480 581 3535 καὶ
602 3480 1095 3548 συλλογιστικοί).

223 3624 301 3671 α’.
329 3615 392 3669 Εἰ
424 3615 521 3683 τῆς
543 3613 649 3667 τῶν
678 3612 944 3682 σωμάτων
982 3616 1324 3684 κατασκευῆς
1350 3614 1381 3684 ἡ
1404 3613 1498 3667 τοῦ
1525 3614 1736 3685 ἀνθρώ·

153 3727 257 3762 που
304 3708 713 3778 προὺφεστήκει
763 3704 929 3775 ψυχὴ,
983 3706 1318 3758 ἀποκλίνασα
1365 3706 1420 3758 δὲ
1491 3707 1626 3777 πρὸς
1681 3706 1741 3759 τδ

148 3799 386 3868 φαῦλον,
434 3797 575 3851 κατά
615 3796 714 3859 τάς
734 3814 895 3849 τινων
937 3797 1213 3859 ὑπονοίας,
1244 3797 1464 3850 κόλασιν
1504 3797 1613 3867 ἔχει
1646 3796 1740 3850 τοῦ

149 3890 633 3961 πλημμελήματος
674 3889 769 3960 τὴν
807 3890 885 3952 εἰς
928 3889 1108 3959 σάρκα
1148 3889 1393 3954 κάθοδον,
1438 3888 1579 3953 πῶς,
1622 3888 1741 3943 εἰπὲ

151 4002 271 4054 μοι,
298 3980 628 4050 φωτίζεσθαί
649 3997 811 4050 φησιν
826 3982 1127 4051 ἐρχομένην
1144 3981 1313 4052 αὑτὴν
1337 3982 1414 4044 είς
1431 3981 1520 4034 τὸν
1542 3983 1743 4052 κόσμον

145 4077 178 4128 6
204 4072 643 4142 εὑαγγελιστήςς
674 4072 819 4142 Τιμὴ
849 4072 978 4143 γὰρ,
1021 4068 1193 4141 οἶμαι,
1234 4074 1293 4125 τὸ
1329 4073 1560 4144 πρᾶγμά
1604 4076 1740 4135 ἐστι,

147 4170 249 4223 καὶ
283 4166 639 4237 χαρισμάτων
693 4164 978 4237 προσθήκη
1025 4164 1314 4235 λαμπρῶν·
1355 4163 1644 4228 κολάζεται
1686 4165 1743 4217 δέ

146 4278 239 4324 τις
273 4260 335 4311 οὐ
394 4256 722 4326 τιμώμενος,
768 4256 886 4309 οὑδὲ
935 4258 1255 4328 τιμωρεῖται
1313 4256 1533 4327 μέτοχος
1584 4258 1743 4310 θείων

146 4348 619 4418 ἀναδεικνύμενος
645 4347 887 4416 ἀγαθῶν,
934 4349 1073 4402 ἀλλὰ
1097 4351 1209 4412 τοῖς
1238 4347 1296 4413 ἐξ
1322 4351 1489 4420 ὀργῆς
1528 4350 1626 4421 τῆς
1650 4350 1743 4403 τοῦ

146 4442 487 4505 κολάζοντος
523 4440 743 4509 ὁμιλῶν.
789 4439 1005 4509 Ἐπειδὴ
1043 4439 1099 4491 δὲ
1121 4440 1220 4493 οὑκ
1254 4441 1311 4493 ὲν
1342 4440 1552 4502 τούτοις
1583 4441 1743 4511 ὲρχό-

150 4549 327 4603 μενος
359 4534 436 4593 εἰς
463 4530 551 4583 τὸν
586 4529 785 4600 κόσμον
816 4531 844 4581 6
871 4529 1179 4601 ἄνθρωπος,
1213 4531 1327 4584 ἀλλ’
1360 4532 1425 4583 ὲκ
1452 4531 1559 4585 τῶν
1587 4534 1742 4585 ἐναν-

141 4626 293 4677 τίων
352 4620 668 4690 φωτίζεται,
722 4621 985 4691 πρόδηλον
1023 4622 1087 4692 δή
1149 4639 1250 4674 που
1302 4623 1507 4685 λοιπὸν,
1555 4624 1746 4693 ὅτιπερ

141 4718 211 4770 οὐ
248 4716 476 4768 κόλασιν
502 4714 614 4783 ἔχει
645 4714 744 4785 τὴν
782 4714 1057 4785 σάρκωσιν
1086 4716 1113 4768 6
1165 4714 1303 4784 μετά
1351 4716 1551 4786 σαρκὸς
1580 4714 1745 4785 τιμώ-

148 4828 223 4880 με
234 4826 348 4871 νος.

230 4940 305 5011 β’.
348 4939 553 4991 ΑΛΛΟ.
596 4939 659 4991 Εἰ
705 4938 810 5009 πρὸ
838 4938 932 4992 τοῦ
966 4937 1214 5007 σώματος
1256 4939 1289 5008 ἡ
1318 4937 1464 5008 ψυχὴ
1492 4936 1617 5001 νοῦς
1645 4933 1746 5007 ἦν,

140 5035 239 5087 ἔτι
283 5029 526 5101 καθαρὸς
549 5033 609 5083 ὲν
647 5032 1009 5101 μακαριότητι
1041 5031 1329 5096 διατελῶν,
1370 5030 1667 5093 ἀποκλίνας
1693 5029 1749 5082 δὲ

142 5123 303 5194 πρὸς
331 5120 395 5173 τὸ
425 5120 622 5189 φαῦλον
669 5121 873 5191 ὑπέϐη,
914 5121 1006 5173 καὶ
1034 5120 1120 5173 διὰ
1164 5121 1321 5174 τοῦτο
1360 5122 1417 5173 ἐν
1458 5121 1621 5192 σαρκὶ
1654 5121 1749 5188 γέ-

141 5231 315 5284 γονε,
364 5213 484 5276 πῶς
545 5213 833 5283 ἐρχόμενος
890 5216 969 5277 είς
1024 5214 1115 5267 τὸν
1159 5214 1360 5285 κόσμον
1413 5213 1741 5283 φωτίζεται;

162 5304 423 5371 Ἀνάγκη
452 5293 569 5373 γὰεῖ
588 5304 765 5371 λέγειν
811 5305 1016 5376 ἔρημον
1044 5301 1179 5359 εἶναι
1205 5308 1381 5375 φωτὸς
1412 5308 1539 5378 πρὶν
1568 5305 1744 5359 ἐλθεῖν

140 5394 352 5451 αὐτόν·
388 5395 439 5447 εί
472 5394 527 5448 δὲ
562 5395 752 5458 τοῦτο,
793 5396 908 5460 πῶς
930 5394 998 5468 ἦν
1020 5397 1097 5451 ἔτι
1137 5396 1261 5461 νοῦς
1284 5398 1523 5468 καθαρὸς
1562 5397 1590 5449 6
1622 5397 1743 5449 τότε

146 5486 328 5557 μόλις
369 5484 509 5555 ἔχων
536 5484 629 5538 τοῦ
657 5486 985 5556 φωτίζεσθαι
1019 5489 1117 5559 τὴν
1172 5489 1364 5559 ἀρχὴν,
1404 5489 1492 5542 ὅτε
1538 5487 1632 5541 καὶ
1664 5486 1744 5550 είς

143 5576 257 5631 τὸν
291 5576 499 5646 κόσμον
529 5575 773 5647 ἔρχεται,
800 5578 893 5632 καὶ
921 5579 983 5632 οὑ
1004 5580 1125 5650 δίχα
1158 5579 1392 5651 σαρκός;

225 5861 278 5892 ⁸²
323 5856 486 5913 Rom.
519 5874 632 5927 vii,
665 5857 753 5913 24.
836 5860 883 5894 ³³
920 5859 1123 5917 Jerem.
1166 5878 1299 5916 xxiii
1328 5903 1342 5929 ,
1386 5862 1469 5917 16.

1546 5863 1587 5897 ’³
1621 5861 1766 5919 Psal.

1915 3469 2080 3522 nexis.

1915 3606 1966 3659 1.
2003 3604 2056 3659 Si
2085 3604 2267 3659 anima
2292 3604 2532 3661 hominis
2566 3616 2689 3660 ante
2724 3606 3135 3664 fabricationem
3179 3613 3424 3682 corporis

1843 3698 2169 3762 exsistebat,
2206 3698 2300 3752 sed
2352 3699 2406 3751 in
2439 3698 2630 3752 vitium
2681 3701 2925 3770 delapsa,
2982 3710 3040 3755 ut
3069 3704 3293 3773 quidam
3326 3721 3421 3761 su-

1844 3792 2152 3861 spicantur,
2180 3806 2359 3861 poena:
2388 3792 2509 3846 loco
2536 3793 2590 3846 in
2622 3807 2823 3863 corpus
2864 3795 3090 3851 detrusa
3118 3804 3204 3853 est
3238 3818 3249 3851 :
3287 3814 3423 3868 quo-

1844 3884 2028 3949 modo,
2058 3901 2266 3956 quaeso,
2294 3886 2626 3955 evangelista
2655 3887 2828 3955 ipsam
2863 3888 2919 3941 in
2960 3888 3105 3943 hunc
3157 3891 3422 3945 mundum

1847 3980 2157 4033 venientem
2192 3978 2489 4032 illuminari
2530 3978 2698 4032 dicit?
2728 3978 2911 4033 llonor
2948 3981 3093 4034 enim
3135 3980 3281 4036 istud
3313 3990 3423 4043 est.

1848 4078 1902 4123 et
1934 4070 2230 4123 illustrium
2259 4069 2561 4138 gratiarum
2594 4071 2866 4124 accessio.
2894 4070 3001 4125 Sed
3043 4087 3204 4126 nemo
3234 4073 3425 4141 plecti-

1846 4167 1938 4213 tur
1966 4161 2093 4213 dum
2127 4162 2449 4225 honoratur,
2478 4176 2651 4231 neque
2685 4163 2909 4232 punitur
2954 4178 3077 4217 cum
3112 4163 3421 4218 divinorum

1848 4250 2114 4303 bonorum
2151 4251 2207 4304 ﬁt
2228 4253 2521 4321 particeps,
2556 4251 2651 4305 sed
2705 4267 2830 4306 cum
2886 4251 2941 4305 in
2968 4254 3246 4321 punientis
3286 4255 3423 4306 iram

1848 4342 2100 4395 incurrit.
2126 4341 2264 4396 Cum
2297 4353 2478 4396 autem
2524 4342 2687 4395 homo
2728 4340 2954 4396 veniens
2985 4342 3040 4396 in
3085 4343 3230 4398 hunc
3260 4358 3422 4397 mun-

1847 4434 1977 4486 dum
2007 4432 2233 4487 minime
2275 4433 2555 4502 puniatur,
2582 4432 2677 4487 sed
2713 4440 2905 4486 contra
2936 4434 3120 4501 potius
3152 4435 3425 4488 illumine-

1850 4529 1956 4587 tur,
1988 4528 2138 4591 patet
2184 4522 2375 4591 utique
2404 4535 2579 4591 pcena‘
2622 4522 2743 4575 loco
2783 4522 2832 4575 ci
2876 4537 2983 4576 non
3016 4537 3139 4578 esse
3165 4537 3425 4594 corpora-

1847 4612 2073 4675 tionein,
2101 4613 2195 4680 qui
2228 4612 2279 4666 in
2314 4626 2487 4666 carne
2519 4612 2844 4666 honoratur.

1775 4776 1819 4832 ἱ)

1917 4921 2146 4979 αΑιιι]
2162 4921 2219 4975 D.
2250 4921 2308 4975 Si
2343 4928 2468 4975 ante
2498 4935 2699 4989 corpus
2731 4918 2909 4972 anima
2937 4933 3091 4973 mens
3116 4925 3233 4972 erat
3265 4931 3427 4988 pura,

1850 5018 1904 5072 in
1942 5016 2203 5070 felicitate
2230 5016 2457 5081 degens,
2497 5012 2591 5065 sed
2628 5011 2990 5065 conversione
3015 5010 3069 5063 in
3105 5008 3295 5063 vitium
3326 5008 3427 5063 de-

1849 5110 1999 5179 lapsa
2046 5112 2153 5168 est,
2195 5112 2359 5174 atque
2410 5102 2618 5156 idcirco
2677 5103 2878 5156 innexa
2934 5111 3018 5156 est
3081 5102 3255 5164 carni,
3291 5115 3431 5170 quo-

1851 5199 2013 5255 modo
2046 5196 2272 5251 veniens
2307 5196 2361 5249 in
2406 5195 2551 5248 hunc
2604 5192 2868 5247 mundum
2913 5190 3291 5246 illuminatur?
3326 5189 3430 5245 Ne-

1852 5292 2092 5351 cessario
2120 5290 2266 5344 enim
2302 5288 2592 5343 dicendum
2627 5294 2709 5340 est
2738 5286 2912 5356 ipsam
2960 5283 3098 5338 lucis
3152 5288 3428 5352 expertem

1851 5398 1973 5439 esse
2018 5388 2311 5449 antequam
2348 5379 2548 5433 veniat.
2583 5375 2740 5443 Quod
2789 5376 2837 5431 si
2884 5375 2960 5429 ita
3012 5380 3114 5439 est,
3151 5373 3431 5442 quomodo

1852 5488 1987 5545 pura
2030 5487 2184 5525 mens
2232 5478 2374 5534 erat,
2406 5483 2527 5538 quae
2558 5469 2643 5521 vix
2684 5477 2801 5521 tum
2838 5465 3077 5537 primum
3126 5462 3428 5518 illuminari

1851 5566 2046 5635 incipit
2074 5579 2201 5619 cum
2233 5564 2381 5619 venit
2423 5562 2480 5615 in
2528 5559 2819 5628 mundum,
2867 5559 3032 5631 idque
3077 5571 3187 5613 non
3217 5554 3431 5627 absque

1852 5673 2018 5715 carne
2034 5656 2057 5711 ἲ

1812 5874 1972 5925 uxr,
2005 5856 2057 5913 8.
2134 5856 2177 5887 ”
2218 5852 2383 5909 Prov.
2418 5870 2506 5916 ix,
2542 5852 2593 5907 9.
