4214 6502
206 415 303 467 (57

1294 417 1364 471 IN
1387 415 1671 473 .IOANNIS
1698 411 2149 471 EVANGELIUM
2185 412 2312 465 LIB.
2343 412 2377 467 I.

3364 410 3465 461 I38

204 534 469 604 φονευτὴς
496 532 936 597 καταδικάζεται,
961 533 1156 604 πάσχει
1181 534 1237 587 δὲ
1257 534 1408 589 οὐδὲν
1432 539 1460 590 6
1485 537 1691 599 δίκαιος
1712 535 1791 598 εἰς

1904 532 2196 597 homi’cida,
2234 530 2420 600 justus
2450 538 2628 584 autem
2656 544 2885 599 corpore
2915 528 3051 583 nihil
3086 527 3313 597 patitur.
3346 526 3466 579 Non

204 622 266 675 τὸ
296 623 471 693 σῶμα·
508 624 608 676 οὐκ
638 626 745 695 ἄρα
779 626 1045 694 τιμωρίας
1070 627 1267 695 τρόπος
1290 629 1323 698 ἠ
1350 630 1643 699 σάρκωσις.

279 715 345 777 ζ’.
392 716 593 769 ΑΛΛΟ.
662 718 723 769 El
801 720 862 769 ἐκ
918 717 1305 789 πρεσϐυτέρων
1377 720 1788 790 ἁμαρτημάτων

203 805 603 875 ἐσαρκώθησαν
636 810 690 859 αἱ
715 807 904 877 ψυχαὶ,
937 809 1027 859 καὶ
1056 809 1257 878 τρόπος
1287 810 1478 872 αὐταῖς
1518 811 1788 881 τιμωρίας

203 898 238 966 ἡ
281 897 373 949 τοῦ
412 898 661 967 σώματος
690 901 954 971 ἐπενοήθη
986 901 1169 967 φύσις,
1213 903 1329 964 πῶς
1355 905 1500 973 ἡμᾶς
1543 902 1789 973 ὠφέλησε

206 991 562 1058 καταργήσας
588 989 677 1041 τὸν
698 989 925 1043 θάνατον
949 994 975 1042 6
1015 993 1203 1062 Σωτήρ
1226 1010 1239 1056 ;
1267 994 1381 1055 Πῶς
1422 995 1473 1045 3‘s
1503 995 1623 1062 ούχὶ
1654 994 1789 1061 μᾶλ-

204 1080 296 1130 λον
338 1083 563 1149 ἠλέησεν
594 1084 625 1152 ἡ
654 1083 847 1153 φθορά,
880 1085 938 1136 τὸ
980 1085 1206 1147 κολάζον
1246 1089 1392 1155 ἡμᾶς
1430 1087 1789 1153 ἀφανίζουσα,

206 1174 303 1223 καὶ
342 1174 508 1251 πέρας
537 1176 837 1228 ἐπιτιθεῖσα
864 1179 927 1247 τῇ
966 1178 1088 1229 καθ’
1123 1178 1277 1247 ἡμῶν
1306 1180 1441 1249 ὀργῇ
1466 1197 1479 1243 ;
1509 1180 1597 1232 Διὸ
1613 1180 1677 1249 δὴ
1702 1180 1793 1231 καὶ

210 1264 415 1329 μᾶλλον
461 1267 604 1317 εἴποι
637 1283 719 1327 τις
765 1266 830 1318 ἂν
880 1268 1223 1336 εὐχαριστεῖν
1262 1268 1694 1338 ἀκολουθότερον
1726 1272 1791 1338 τῇ

208 1352 405 1422 φθορᾷ,
447 1355 591 1423 ἤπερ
625 1356 688 1406 ἐκ
718 1355 825 1407 τῶν
851 1358 1115 1409 ἐναντίων
1147 1358 1224 1427 τῷ
1247 1358 1491 1427 διηνεκὲς
1512 1360 1645 1427 ἡμῖν
1675 1360 1795 1409 ἐπι-

205 1444 409 1496 τιθέντι
425 1448 484 1496 τε,
503 1446 879 1517 κολαστήριον,
896 1440 985 1500 διδ
998 1449 1096 1518 τῆς
1116 1450 1180 1501 ἐκ
1198 1448 1406 1519 νεκρῶν
1424 1449 1791 1515 ἀναστάσεως

205 1536 343 1587 ἀλλὰ
385 1538 487 1602 μὴν
516 1537 960 1607 εὐχαριστοῦμεν,
1013 1539 1087 1601 ὼς
1126 1539 1540 1609 ἀπηλλαγμένοι
1564 1539 1793 1593 θανάτου

209 1627 303 1676 καὶ
339 1627 543 1695 φθορᾶς
577 1628 663 1679 διὰ
692 1629 948 1698 Χριστοῦ·
990 1632 1087 1683 οὐκ
1119 1630 1227 1699 ἄρα
1244 1631 1513 1703 τιμωρίας
1538 1631 1738 1701 τρόπος
1761 1633 1795 1701 ἡ

209 1718 489 1785 σάρκωσις
515 1722 579 1787 τῇ
616 1718 759 1788 ψυχῇ
771 1761 784 1775 .

284 1900 352 1963 η’.
384 1895 585 1959 AAAO,
638 1898 718 1960 ὠς
764 1897 833 1951 ἐκ
886 1898 992 1951 τοῦ
1044 1899 1230 1953 αὑτοῦ
1282 1900 1679 1969 θεωρήματος.
1734 1902 1797 1953 El
1829 1898 1870 1953 Β

208 1988 654 2056 προγενεστέρων
705 1990 1113 2059 ἁμαρτημάτων
1144 1992 1539 2062 ἀπαιτούμενοι
1565 1993 1715 2056 δίκας
1745 1994 1801 2046 αί

208 2076 321 2129 τῶν
352 2078 653 2148 ἀνθρώπων
682 2081 869 2149 ψυχαὶ,
893 2084 1001 2144 τοῖς
1029 2084 1133 2135 ἀπὸ
1162 2084 1263 2153 τῆς
1297 2086 1398 2155 γῆς
1425 2087 1801 2158 ἐνεπλάκησαν

209 2168 450 2237 σώμασι,
504 2171 680 2231 ποίαν,
724 2173 844 2223 είπέ
892 2190 1015 2237 μοι,
1076 2175 1236 2243 χάριν
1279 2176 1686 2245 ὁμολογήσομεν
1725 2176 1802 2247 τῷ

206 2261 311 2331 τὴν
370 2262 663 2315 ἀνάστασιν
729 2267 859 2333 ἡμῖν
922 2266 1375 2337 ἐπαγγελλομένῳ
1436 2269 1591 2338 Θεῷ;
1646 2270 1800 2322 Ἀνα-

209 2353 409 2416 νέωσις
437 2354 545 2423 γὰρ
593 2357 861 2425 τιμωρίας
893 2358 952 2409 τὸ
995 2362 1223 2428 πρᾶγμα
1276 2362 1544 2429 φαίνεται,
1582 2363 1675 2415 καὶ
1707 2361 1801 2413 τοῦ

208 2443 508 2507 λυποῦντος
528 2446 823 2515 ἀνασκεῦή·
848 2450 942 2500 καὶ
967 2450 1015 2499 εἰ
1040 2448 1233 2518 πικρὸν
1266 2452 1424 2502 παντί
1454 2469 1529 2520 τῳ
1551 2455 1799 2519 φανεῖται

208 2536 621 2601 τὸκολάζεσθαι
666 2542 872 2610 μακράο
916 2541 1151 2610 χαλεπὸν
1192 2544 1297 2614 ἀρα
1333 2546 1447 2597 ἐστὶ
1488 2546 1545 2597 τὸ
1584 2547 1803 2599 ἀνίστα-

212 2628 340 2679 σθαι
380 2629 627 2698 σώματα,
661 2634 931 2701 τιμωρίας
965 2634 1115 2698 τάξιν
1141 2636 1407 2704 ἐπέχοντα
1442 2641 1559 2701 ταῖς
1588 2639 1803 2704 ἀθλίαις

208 2720 437 2787 ψυχαῖς.
503 2721 661 2771 Ἀλλά
708 2722 812 2791 μὴν
861 2722 934 2784 ὼς
973 2722 1142 2791 δῶρον
1186 2724 1217 2790 ἡ
1255 2723 1412 2790 φύσις
1445 2724 1701 2778 ἀνανεοῦν
1724 2728 1802 2789 εἰς

208 2810 482 2879 εὺθνμίαν
510 2812 606 2879 τὴν
636 2814 929 2864 ἀνάστασιν
954 2813 1065 2883 ἔχει
1093 2814 1242 2883 παρά
1267 2814 1525 2885 Χριστοῦ.
1553 2816 1666 2869 Οὐκ
1695 2817 1803 2889 ἀρα

208 2903 489 2971 τιμωρίας
514 2904 713 2969 τρόπος
746 2907 777 2974 ἡ
803 2906 1147 2974 σωμάτωσις.

289 2994 356 3048 θ’.
439 2997 640 3049 AAAO.
699 2998 784 3059 Ὠς
840 2999 1085 3067 μεγάλην
1134 3001 1265 3070 ήμῖν
1319 3002 1414 3053 καὶ
1478 3003 1804 3071 τριπόθητον

208 3088 414 3155 ἑορτὴν
452 3090 787 3157 προφητικός
816 3107 915 3141 που
948 3090 1101 3157 λόγος
1146 3093 1632 3163 εὐαγγελιζόμενος
1676 3096 1802 3163 φαί-

209 3196 388 3230 νεται.
423 3198 438 3227 ι
483 3180 902 3248 Ἀναστήσονται
934 3183 1042 3252 γὰρ
1070 3185 1338 3253 οῐνεκροὶ,
1366 3186 1801 3255 καὶὲγερθήσον-

208 3290 306 3325 ται
345 3274 394 3323 οἰ
433 3275 619 3332 ἐντοῖς
664 3274 967 3341 μνημείοις,
1010 3294 1026 3325 ι
1062 3276 1244 3345 φησίν.
1287 3277 1599 3343 Ἀλλ“εἰ’περ
1626 3274 1691 3345 ἦν
1719 3279 1804 3329 ὅν·

207 3380 320 3423 τως
369 3363 643 3423 κολάσεως
689 3363 889 3432 τρόπος
927 3364 986 3416 τὸ
1040 3366 1440 3433 σωματωθῆναι
1485 3368 1581 3429 τὰς
1616 3368 1805 3429 ἀθλίας

207 3454 320 3503 τῶν
366 3452 668 3521 ἀνθριῖιπων
714 3454 912 3523 ψυχας,
963 3455 1079 3518 πῶς
1114 3456 1232 3525 οὐχὶ
1264 3458 1461 3524 μᾶλλον
1503 3457 1690 3508 ἐλύπει
1738 3458 1805 3509 τά

207 3545 441 3595 τοιαῦτα
479 3544 614 3612 βοῶν
646 3547 671 3595 ὀ
706 3551 989 3616 προφήτης
1021 3547 1094 3611 ὡς
1120 3550 1182 3599 ὲκ
1208 3548 1341 3600 Θεοῦ
1373 3566 1385 3611 ;
1421 3550 1542 3611 Πῶς
1584 3550 1638 3600 δὲ
1666 3550 1804 3613 ὅλως

207 3635 419 3701 ἀγαθον
471 3635 621 3686 ἔσται
681 3637 739 3687 τὸ
790 3638 1071 3707 κήρυγμα,
1134 3639 1243 3692 τῶν
1292 3641 1606 3693 λυπούντων
1658 3645 1803 3713 ἡμᾶς

206 3728 471 3796 εἰτᾳέρον
519 3729 613 3796 τὴν
663 3729 957 3798 διαμονήνς
1002 3732 1146 3784 Ἔδει
1195 3734 1300 3803 γάρ
1354 3734 1552 3802 μᾶλλον
1606 3736 1801 3798 εἰπεῖν,

207 3821 377 3885 εἴπερ
418 3820 669 3873 ἐϐούλετο
708 3824 831 3883 τοὺς
859 3821 916 3886 ἐξ
946 3824 1217 3893 ἁμαρτίας
1258 3825 1688 3893 σωματωθέντας
1716 3830 1801 3879 εύν

210 3915 488 3980 ςραίνειν·
552 3916 665 3966 Ούκ
722 3916 1116 3983 ἀναστήσονται
1173 3919 1219 3968 οἱ
1263 3918 1465 3985 νεκροὶ,
1524 3920 1803 3973 ἀπολεῖται

207 4006 265 4055 δὲ
314 4006 411 4056 καὶ
440 4006 472 4071 ἡ
510 4006 606 4072 τῆς
654 4006 857 4073 σαρκὸς
900 4007 1075 4074 φύσις.
1128 4008 1263 4059 Ἀλλ’
1301 4010 1364 4060 ἐκ
1412 4010 1519 4061 τῶν
1545 4012 1803 4063 ἐναντίων

207 4098 522 4163 εὐφραίνει,
551 4098 647 4165 τὴν
677 4098 781 4149 τῶν
814 4099 1077 4167 σωμάτων
1123 4101 1418 4153 ἀνάστασιν
1450 4103 1677 4163 ,ἔσεσθαι
1723 4106 1803 4157 λέν

208 4204 327 4251 γιον
355 4186 493 4241 κατὰ
524 4186 776 4256 βούλησιν
824 4188 980 4240 Θεοῦ·
1016 4191 1108 4240 καὶ
1150 4190 1261 4252 πῶς
1300 4191 1364 4243 ἂν
1401 4194 1482 4263 εἴη
1526 4195 1709 4246 λοιπὸν
1747 4200 1801 4249 ὲν

209 4278 496 4339 κολάσεως
536 4278 685 4341 τάξει
720 4280 777 4331 τὸ
818 4280 976 4349 σῶμα
1026 4282 1167 4333 κατὰ
1202 4284 1300 4351 τήν
1322 4300 1480 4335 τινων
1524 4285 1800 4351 ἀϐουλίαν,

209 4370 301 4437 ἐφ’
335 4362 381 4435 ᾧ
410 4370 500 4421 καὶ
527 4373 685 4440 ἡμεῖς
720 4372 977 4441 ἡδόμεθα,
1004 4375 1096 4426 καὶ
1122 4376 1148 4425 6
1181 4376 1311 4439 Θεὸς
1338 4378 1546 4431 εὐδοκεῖ
1575 4397 1588 4444 ;

286 4547 339 4598 ι’.
375 4549 574 4599 AAAO.
643 4548 1031 4619 Ἐπηγγείλατό
1067 4567 1165 4601 πον
1210 4552 1301 4603 καὶ
1338 4551 1467 4613 Θεὸς
1504 4552 1594 4603 τὸν
1625 4552 1801 4622 μακά-

208 4655 332 4707 pum
393 4638 627 4704 εὐλογῶν
689 4640 962 4709 Ἀϐραάμ,
1008 4641 1089 4691 ὅτι
1125 4641 1263 4693 κατά
1292 4642 1388 4712 τὴν
1428 4619 1800 4713 ἀναρίθμητον
1834 4619 1876 4671 υ

203 4730 323 4780 τῶν
372 4728 614 4796 ἀστέρων
646 4729 853 4798 πληθὺν
885 4731 1036 4782 ἔσται
1077 4732 1137 4783 τὸ
1186 4734 1403 4803 σπέρμα
1432 4735 1615 4789 αὑτοῦ.
1651 4737 1712 4788 Ei
1746 4736 1801 4789 δὲ

205 4817 426 4884 ἀληθὴς
474 4819 500 4867 ὁ
544 4816 718 4883 λόγος,
763 4819 845 4869 ὅτι
887 4819 1327 4891 πλημμελήσασα
1360 4824 1463 4893 πρὸ
1490 4824 1801 4897 σώματοςή

204 4912 389 4979 civ/ﬁ].
435 4912 524 4961 καὶ
562 4913 640 4972 εἰς
687 4911 809 4979 γῆν,
863 4913 954 4963 καὶ
1009 4914 1087 4974 εἰς
1144 4916 1320 4984 σάρκα
1359 4916 1799 4989 κολασθησομένη

206 5004 525 5069 πέμπεται,
554 5004 859 5055 καταδίκων
889 5004 1041 5071 ὄχλον
1082 5007 1180 5057 οὐκ
1206 5009 1422 5077 εὐγενῆ,
1452 5011 1803 5079 δραπετευόν-

204 5109 323 5144 των
372 5091 466 5142 τοῦ
513 5094 740 5159 ἀγαθοῦ,
770 5096 845 5164 τῷ
870 5096 1058 5165 δικαίῳ
1103 5098 1231 5159 Θεὸς
1266 5101 1648 5169 ἐπηγγείλατο,
1706 5104 1800 5155 καὶ

202 5189 331 5255 αἶχὶ
367 5186 565 5254 μᾶλλον
600 5189 846 5255 εὐλογίας
873 5192 1095 5261 μέτοχον
1126 5193 1358 5263 σπέρμα.
1402 5194 1559 5246 Ἀλλά
1582 5196 1685 5264 μὴν
1715 5198 1801 5247 εὑ-

202 5278 469 5347 >.ογήσων
515 5279 603 5330 τὸν
655 5281 905 5351 Ἀὅρααμ
955 5282 1112 5335 τοῦτο
1141 5284 1285 5351 λέγει
1325 5287 1352 5336 6
1385 5284 1535 5347 Θεὸς·
1582 5286 1800 5357 ἀπάσης

202 5368 321 5435 ἄρα
381 5370 715 5439 κατηγορίας
776 5373 809 5441 ἡ
847 5372 954 5425 τῶν
1004 5374 1271 5444 σωμάτων
1327 5375 1669 5445 ἀπήλλακται
1718 5377 1801 5444 γέ-

203 5474 389 5518 νεσις.

288 5546 392 5600 ια’.
415 5549 620 5602 ΔΛΛΟ.
660 5552 751 5615 Εἰς
779 5552 979 5623 πλῆθος
1027 5554 1167 5625 μέγα
1207 5555 1299 5608 καὶ
1330 5553 1700 5627 ἀναρίθμητον
1743 5556 1805 5608 τὸ

203 5639 324 5692 τῶν
378 5638 726 5710 Ἰσραηλιτῶν
752 5642 1044 5707 ἐξετείνετο
1076 5646 1247 5713 γένος·
1290 5648 1380 5700 καὶ
1424 5646 1487 5717 δὴ
1516 5648 1609 5700 καὶ
1648 5648 1804 5703 τοῦτο

286 5821 341 5852 ⁸⁸
384 5818 492 5879 lsa.
526 5832 814 5889 xxvt,19.

636 5919 900 5977 ΡΑΤιιιιι..
944 5918 1057 5977 Gn.
1100 5920 1368 5980 LXXIII.

1891 632 1975 678 est
2010 624 2177 692 igitur
2206 620 2463 689 supplicii
2499 621 2618 674 loco
2658 622 2867 675 inclusa
2906 620 3127 689 corpori
3167 618 3372 671 anima.

1960 714 2065 783 81
2106 713 2155 765 7.
2193 710 2423 767 ALIUD.
2452 711 2505 764 Si
2534 712 2602 765 ob
2631 712 2989 779 praecellentia
3018 718 3240 780 peccata
3274 708 3471 773 animm

1893 806 2222 874 corporibus
2286 804 2512 856 inclusae
2575 810 2736 863 sunt,
2784 810 2837 854 et
2899 802 2965 853 ad
3025 817 3119 856 eas
3163 800 3471 870 punienda:

1892 898 2196 967 excogitata
2228 904 2310 949 est
2339 898 2587 962 corporis
2626 903 2845 953 natura,
2880 894 3158 962 quomodo
3188 909 3285 947 nos
3327 894 3471 962 juvit

1896 989 2147 1043 Salvator
2184 990 2464 1043 destructa
2500 990 2710 1041 morte?
2755 986 2868 1041 lmo
2902 1001 3031 1040 vero
3073 1001 3254 1038 nonne
3290 988 3470 1056 potius

1894 1082 2069 1133 nostri
2114 1095 2262 1133 mors
2293 1079 2515 1131 miserta
2549 1086 2631 1130 cst
2680 1077 3010 1145 supplicium
3062 1086 3308 1128 nostrum
3344 1077 3472 1127 alio-

1896 1172 2079 1231 lentio,
2112 1185 2174 1224 ac
2220 1169 2314 1223 irae
2352 1170 2405 1220 in
2446 1183 2544 1221 nos
2584 1168 2863 1221 intentata:
2910 1168 3069 1220 linem
3106 1166 3475 1234 imp-mendoli

1896 1262 2165 1329 Quocirca
2223 1262 2384 1315 morti
2448 1262 2654 1330 gratias
2701 1274 2863 1329 agere
2918 1276 3079 1313 nemo
3133 1276 3239 1312 non
3301 1261 3474 1327 magis

1896 1362 2332 1408 consentaneum
2384 1367 2507 1405 esse
2537 1352 2761 1413 dixerit,
2804 1365 2965 1419 quam
3012 1349 3062 1402 ei
3115 1350 3207 1417 qui
3260 1363 3355 1416 per
3391 1363 3476 1399 re-

1898 1446 2301 1499 surrectionem
2354 1459 2382 1495 a
2420 1444 2656 1496 mortuis
2709 1450 3026 1510 perpetuum
3064 1440 3223 1492 nobis
3274 1439 3476 1507 suppli.

1897 1526 2043 1592 cium
2102 1538 2357 1606 imponit.
2401 1537 2562 1604 Atqui
2602 1534 2708 1587 Deo
2749 1536 2955 1603 gratias
2996 1535 3235 1602 agimus,
3270 1534 3413 1601 quod
3449 1550 3477 1583 ιι

1899 1638 2078 1683 morte
2134 1637 2188 1683 et
2246 1627 2601 1696 corruptione
2670 1642 2766 1695 per
2802 1625 3077 1679 Christum
3137 1625 3351 1680 liberati
3400 1626 3476 1678 si-

1899 1738 2021 1775 mus
2055 1740 2068 1775 :
2120 1736 2228 1775 non
2270 1736 2399 1790 ergo
2453 1720 2516 1771 ad
2573 1717 2906 1788 supplicium
2941 1717 3124 1770 datum
3158 1726 3242 1771 est
3277 1730 3480 1783 corpus

1901 1816 2115 1867 animm.

1973 1906 2025 1958 8.
2068 1902 2299 1977 ALIUD,
2333 1918 2396 1955 ex
2436 1901 2634 1955 eodem.
2679 1898 2734 1951 Si
2783 1907 2842 1951 ut
2898 1898 3321 1968 praecedentium
3358 1914 3481 1966 pec-

1904 2004 2153 2048 catorum
2199 2008 2392 2063 pmnas
2448 1993 2634 2054 luant,
2676 1990 2958 2044 hominum
3008 1991 3201 2042 anima:
3248 1992 3481 2042 terrenis

1904 2087 2234 2155 corporibus
2276 2087 2544 2137 immersm
2599 2092 2749 2147 sunt,
2779 2096 2964 2152 quam,
3003 2092 3215 2149 quaeso.
3248 2082 3479 2150 gratiam

1905 2177 2236 2229 habebimus
2264 2174 2379 2226 Deo
2434 2173 2898 2228 resurrectionem
2952 2172 3116 2225 nobis
3164 2172 3484 2242 pollicenti?

1905 2266 2217 2321 Renovatio
2251 2268 2398 2320 enim
2438 2266 2769 2334 supplicium
2804 2280 2931 2319 esse
2982 2266 3220 2331 videtur,
3258 2275 3311 2320 et
3352 2265 3484 2320 mali

1907 2361 2243 2415 instauratio
2278 2379 2289 2413 :
2321 2367 2375 2414 et
2418 2358 2463 2412 si
2498 2357 2703 2411 nemini
2753 2373 2863 2410 non
2898 2360 3156 2411 acerbum
3205 2366 3286 2410 cst
3320 2356 3485 2425 longe

1905 2467 2152 2526 tempore
2184 2466 2345 2521 pcena
2375 2449 2536 2514 allici,
2563 2451 2753 2517 utique
2789 2464 2955 2517 grave
2986 2457 3068 2503 est
3100 2450 3326 2502 excitari
3359 2464 3484 2502 cor-

1904 2562 2057 2618 pora,
2086 2559 2206 2617 quae
2240 2540 2459 2596 miseris
2490 2540 2779 2593 animabus
2810 2555 2984 2610 pmnze
3014 2541 3135 2595 loco
3163 2543 3481 2612 sint.Atqui

1905 2646 2119 2690 naturae
2170 2635 2343 2687 instar
2397 2630 2697 2705 singularis
2729 2630 2969 2697 alicujus
3006 2630 3132 2684 doni
3180 2632 3306 2685 data
3334 2643 3420 2687 est
3453 2648 3482 2688 a

1905 2728 2128 2781 Christo
2158 2724 2514 2787 resurrectio,
2554 2737 2665 2791 quo
2693 2722 2759 2775 ad
2795 2720 3115 2777 felicitatem
3164 2733 3481 2780 renovatur.

1906 2820 2022 2875 Non
2054 2834 2183 2889 ergo
2212 2819 2275 2870 ad
2319 2831 2536 2886 poenam
2567 2814 2765 2867 anima:
2791 2814 2919 2867 data
2956 2823 3085 2869 sunt
3115 2830 3371 2887 corpora.

1977 2997 2029 3051 9.
2072 2994 2301 3049 ALIUD.
2336 2993 2587 3063 Magnam
2625 2993 2791 3048 veluti
2831 2994 3030 3063 quamd
3078 3011 3126 3046 ιιι
3161 3003 3214 3047 et
3245 2996 3482 3063 optatis-

1908 3092 2107 3145 simam
2145 3088 2520 3142 cclebritatcm
2553 3086 2712 3141 nobis
2755 3086 3015 3154 propheta
3051 3087 3380 3140 annuntiare
3417 3088 3488 3140 ri-

1909 3185 2067 3239 detur
2104 3203 2114 3236 :
2158 3202 2174 3233 ι
2220 3182 2530 3249 liesurgent
2562 3181 2704 3233 enim
2749 3183 2970 3243 mortui,
3007 3188 3058 3233 cl
3093 3181 3486 3251 expergisceth

1911 3286 1998 3329 tur
2052 3276 2141 3344 qui
2202 3285 2331 3328 sunt
2385 3276 2438 3327 in
2492 3274 2863 3327 monumentis
2898 3274 2965 3337 ⁸⁸,
3010 3292 3027 3324 ι
3068 3274 3266 3341 inquit.
3313 3273 3383 3327 At
3437 3275 3484 3329 si

1908 3369 2124 3422 miserae
2159 3369 2436 3420 hominum
2472 3369 2667 3420 animae
2703 3366 3030 3435 corporibus
3061 3364 3126 3418 ad
3158 3380 3375 3434 paruam
3403 3366 3486 3419 in-

1907 3459 2285 3516 cluderentur.
2331 3458 2609 3527 quomodo
2652 3474 2761 3511 non
2817 3458 3002 3527 potius
3062 3459 3165 3512 ista
3221 3459 3485 3514 divinitus

1910 3551 2263 3621 praedicando
2319 3550 2635 3603 maestitiam
2693 3550 2851 3603 nobis
2904 3548 3132 3603 inferret
3188 3544 3490 3619 pr0pheta?

1908 3642 2555 3712 Anlqtton'odo,qttm50,
2583 3642 2701 3694 laala
2731 3641 2835 3694 erit
2869 3642 2956 3694 illa
2996 3642 3335 3710 prmdicatio,
3368 3657 3491 3712 quae

1907 3736 2176 3786 malorum
2218 3733 2375 3786 nobis
2405 3732 2823 3801 perpetuitatem
2860 3732 3093 3785 statuit?
3125 3731 3315 3787 Dicere
3342 3734 3485 3787 enim

1907 3827 2089 3895 potius
2121 3826 2372 3885 debebat,
2418 3825 2462 3877 si
2508 3824 2759 3876 homines
2790 3824 2859 3876 ob
2898 3833 3121 3892 peccata
3156 3827 3489 3894 corporibus

1910 3920 2153 3972 inclusos
2210 3918 2521 3970 exhilarare
2571 3916 2767 3977 vellet,
2828 3912 2946 3969 Non
3007 3929 3293 3986 resurgent
3339 3933 3489 3974 mor-

1909 4013 2032 4073 tui,
2116 4009 2208 4064 sed
2264 4012 2378 4077 ipsa
2430 4022 2651 4076 quoque
2711 4016 2905 4060 natura
2973 3992 3159 4061 carnis
3220 4009 3481 4063 interibit.

1906 4102 2110 4156 Contra
2144 4116 2273 4154 vero
2326 4101 2478 4153 laetos
2530 4098 2782 4151 homines
2825 4098 3178 4160 reddit,dum
3236 4115 3487 4155 resurre-

1909 4195 2147 4247 ctionem
2167 4207 2462 4260 corporum
2497 4188 2585 4243 Dei
2616 4189 2897 4241 voluntate
2932 4190 3168 4243 fututam
3199 4192 3292 4246 ait.
3334 4191 3484 4256 Quo-

1908 4285 2073 4338 modo
2112 4298 2244 4353 ergo
2294 4282 2553 4350 supplicii
2601 4282 2720 4336 loco
2768 4281 3012 4335 futurum
3046 4292 3132 4337 est
3164 4298 3384 4352 corpus.
3429 4292 3487 4339 ut

1907 4384 2114 4431 temere
2156 4373 2378 4443 quidam
2427 4379 2702 4437 asserunt,
2736 4372 2787 4425 in
2832 4387 2944 4441 quo
2991 4383 3044 4428 et
3085 4388 3186 4428 nos
3246 4374 3487 4430 oblecta-

1907 4481 2050 4527 mur,
2076 4473 2129 4518 et
2153 4465 2333 4517 Deus?

1980 4554 2335 4611 l0..ALlUD.
2364 4554 2499 4607 Cum
2534 4554 2752 4607 beatum
2786 4550 3057 4605 Abraham
3094 4551 3237 4607 Deus
3260 4552 3491 4609 benedi-

1906 4657 2077 4711 ceret,
2124 4663 2307 4701 semen
2343 4647 2464 4714 ejus
2506 4647 2683 4699 simile
2722 4644 2841 4697 fore
2881 4644 3265 4697 innumerabili
3308 4656 3487 4699 astro-

1906 4754 2026 4791 rum
2076 4737 2412 4791 multitudini
2444 4736 2716 4805 promisit.
2746 4735 2900 4800 Quod
2946 4736 2989 4787 si
3016 4749 3204 4788 verum
3246 4745 3328 4789 est
3371 4736 3489 4789 ani-

1906 4846 2050 4883 mam
2113 4831 2354 4883 nondum
2428 4836 2683 4896 suscepto
2746 4840 2977 4895 corpore
3034 4825 3142 4895 82
3206 4840 3483 4895 peccasse,

1908 4923 2140 4989 ideoque
2172 4921 2225 4973 in
2266 4931 2464 4973 terram
2502 4926 2555 4969 et
2594 4932 2814 4970 carnem
2868 4916 2933 4969 ad
2986 4917 3315 4985 supplicium
3363 4932 3491 4974 esse

1906 5013 2209 5071 dctrnsam,
2260 5007 2555 5076 ignobilem
2599 5005 2979 5057 damnatorum
3040 5006 3254 5057 turbam
3300 5019 3329 5057 a
3373 5006 3484 5059 vir-

1908 5108 2021 5151 tute
2088 5095 2498 5149 abhorrentium
2560 5092 2707 5160 justo
2777 5090 2922 5146 Deus
2995 5093 3308 5161 pollicetur,
3374 5110 3484 5150 non

1911 5198 2089 5243 autem
2125 5203 2310 5243 semen
2364 5185 2766 5239 benedictionis
2813 5186 3103 5253 particeps.
3138 5186 3301 5254 Atqui
3337 5185 3484 5241 Deus

1913 5280 2301 5337 benedicturus
2337 5276 2611 5331 Abraham
2655 5275 2801 5329 istud
2839 5277 2933 5329 ait.
2982 5274 3152 5344 Igitur
3184 5291 3481 5346 corporum

1901 5383 2058 5427 ortus
2091 5371 2237 5421 omni
2280 5366 2705 5435 reprehensione
2730 5376 2906 5419 caret.

1978 5465 2064 5518 ll.
2094 5459 2320 5515 ALIUD.
2370 5459 2739 5514 lsraelitarum
2769 5472 2940 5526 genus
2967 5455 3022 5510 in
3046 5470 3297 5526 magnam
3322 5459 3481 5512 etin-

1906 5554 2300 5611 numerabilem
2322 5548 2722 5605 multitudinem
2743 5548 3171 5617 propagabatur:
3188 5547 3331 5617 quod
3354 5564 3481 5603 cum

1909 5661 2192 5705 sacrm-um
2219 5644 2311 5698 ille
2326 5641 2556 5697 antistes
2568 5637 2782 5711 Moyses
2797 5638 3151 5694 vehementer.
3163 5639 3477 5696 miraretur.

3248 5914 3282 5977 εδ
