  <div class='ocr_page' id='page_1' title='image "/cluster/home/n/w/nwhite01/storage/ocr_20150623/73/nnc1.0046980245/080.png"; bbox 0 0 4214 6502; ppageno 0'>
   <div class='ocr_carea' id='block_1_1' title="bbox 188 460 287 515">
    <p class='ocr_par' dir='ltr' id='par_1_1' title="bbox 188 460 287 515">
     <span class='ocr_line' id='line_1_1' title="bbox 188 460 287 515; baseline 0.02 -3"><span class='ocrx_word' id='word_1_1' title='bbox 188 460 287 515; x_wconf 68' lang='grc' dir='ltr'><strong>ιιι</strong></span> 
     </span>
    </p>
   </div>
   <div class='ocr_carea' id='block_1_2' title="bbox 1292 439 2398 503">
    <p class='ocr_par' dir='ltr' id='par_1_2' title="bbox 1292 439 2398 503">
     <span class='ocr_line' id='line_1_2' title="bbox 1292 439 2398 503; baseline -0.005 0"><span class='ocrx_word' id='word_1_2' title='bbox 1292 446 1355 502; x_wconf 80' lang='grc' dir='ltr'><strong>ΙΝ</strong></span> <span class='ocrx_word' id='word_1_3' title='bbox 1389 442 1674 503; x_wconf 73' lang='lat' dir='ltr'><strong>JOANNIS</strong></span> <span class='ocrx_word' id='word_1_4' title='bbox 1714 439 2161 496; x_wconf 72' lang='lat' dir='ltr'><strong>EVANGELH&#39;M</strong></span> <span class='ocrx_word' id='word_1_5' title='bbox 2207 443 2333 499; x_wconf 86' lang='lat' dir='ltr'>LIB.</span> <span class='ocrx_word' id='word_1_6' title='bbox 2359 445 2398 498; x_wconf 91' lang='grc'><strong>1.</strong></span> 
     </span>
    </p>
   </div>
   <div class='ocr_carea' id='block_1_3' title="bbox 3339 449 3440 505">
    <p class='ocr_par' dir='ltr' id='par_1_3' title="bbox 3339 449 3440 505">
     <span class='ocr_line' id='line_1_3' title="bbox 3339 449 3440 505; baseline 0.04 -4"><span class='ocrx_word' id='word_1_7' title='bbox 3339 449 3440 505; x_wconf 62' lang='grc' dir='ltr'><strong>ΗΞ</strong></span> 
     </span>
    </p>
   </div>
   <div class='ocr_carea' id='block_1_4' title="bbox 189 530 1853 646">
    <p class='ocr_par' dir='ltr' id='par_1_4' title="bbox 189 564 1835 646">
     <span class='ocr_line' id='line_1_4' title="bbox 189 564 1835 646; baseline -0.005 -18"><span class='ocrx_word' id='word_1_8' title='bbox 189 576 404 646; x_wconf 78' lang='grc' dir='ltr'><strong>μωρίας</strong></span> <span class='ocrx_word' id='word_1_9' title='bbox 428 574 541 628; x_wconf 71' lang='grc' dir='ltr'>ἐστὶ</span> <span class='ocrx_word' id='word_1_10' title='bbox 594 574 656 627; x_wconf 80' lang='grc' dir='ltr'>τὸ</span> <span class='ocrx_word' id='word_1_11' title='bbox 695 574 923 626; x_wconf 89' lang='grc' dir='ltr'>ἐνοικεῖν</span> <span class='ocrx_word' id='word_1_12' title='bbox 968 573 1037 641; x_wconf 80' lang='grc' dir='ltr'>τῇ</span> <span class='ocrx_word' id='word_1_13' title='bbox 1082 569 1244 640; x_wconf 58' lang='grc' dir='ltr'><strong>σαρκὶ⁵</strong></span> <span class='ocrx_word' id='word_1_14' title='bbox 1270 610 1282 633; x_wconf 90' lang='grc'><strong>,</strong></span> <span class='ocrx_word' id='word_1_15' title='bbox 1324 568 1409 622; x_wconf 83' lang='grc' dir='ltr'><strong>ἵνα</strong></span> <span class='ocrx_word' id='word_1_16' title='bbox 1449 566 1523 637; x_wconf 78' lang='grc' dir='ltr'>μὴ</span> <span class='ocrx_word' id='word_1_17' title='bbox 1569 564 1763 619; x_wconf 76' lang='grc' dir='ltr'>ταυτὸν</span> <span class='ocrx_word' id='word_1_18' title='bbox 1795 566 1835 620; x_wconf 86' lang='grc' dir='ltr'><strong>Α</strong></span> 
     </span>
    </p>
   </div>
   <div class='ocr_carea' id='block_1_5' title="bbox 1774 530 3438 646">
    <p class='ocr_par' dir='ltr' id='par_1_5' title="bbox 1795 530 3438 635">
     <span class='ocr_line' id='line_1_5' title="bbox 1795 530 3438 635; baseline -0.002 -15"><span class='ocrx_word' id='word_1_19' title='bbox 1795 566 1835 620; x_wconf 85' lang='grc' dir='ltr'><strong>Α</strong></span> <span class='ocrx_word' id='word_1_20' title='bbox 1865 530 2185 632; x_wconf 22' lang='grc' dir='ltr'>θοι-ρυεδοεῑ</span> <span class='ocrx_word' id='word_1_21' title='bbox 2218 562 2501 626; x_wconf 89' lang='lat' dir='ltr'><strong>traditum,</strong></span> <span class='ocrx_word' id='word_1_22' title='bbox 2531 578 2600 619; x_wconf 89' lang='lat' dir='ltr'><strong>ne</strong></span> <span class='ocrx_word' id='word_1_23' title='bbox 2632 564 2773 619; x_wconf 88' lang='lat' dir='ltr'><strong>idem</strong></span> <span class='ocrx_word' id='word_1_24' title='bbox 2800 562 2875 619; x_wconf 88' lang='lat' dir='ltr'><strong>sit</strong></span> <span class='ocrx_word' id='word_1_25' title='bbox 2899 564 3047 635; x_wconf 84' lang='lat' dir='ltr'><strong>apud</strong></span> <span class='ocrx_word' id='word_1_26' title='bbox 3091 563 3257 618; x_wconf 89' lang='lat' dir='ltr'><strong>Deum</strong></span> <span class='ocrx_word' id='word_1_27' title='bbox 3300 578 3438 633; x_wconf 80' lang='lat' dir='ltr'><strong>pra--</strong></span> 
     </span>
    </p>
   </div>
   <div class='ocr_carea' id='block_1_6' title="bbox 188 661 1165 737">
    <p class='ocr_par' dir='ltr' id='par_1_6' title="bbox 188 661 1165 737">
     <span class='ocr_line' id='line_1_6' title="bbox 188 661 1165 737; baseline -0.006 -18"><span class='ocrx_word' id='word_1_28' title='bbox 188 666 276 735; x_wconf 75' lang='grc' dir='ltr'><strong>είη</strong></span> <span class='ocrx_word' id='word_1_29' title='bbox 309 666 462 737; x_wconf 72' lang='grc' dir='ltr'>παρὰ</span> <span class='ocrx_word' id='word_1_30' title='bbox 488 663 606 735; x_wconf 83' lang='grc' dir='ltr'><strong>Θεῷ</strong></span> <span class='ocrx_word' id='word_1_31' title='bbox 648 663 777 732; x_wconf 85' lang='grc' dir='ltr'>τιμὴ</span> <span class='ocrx_word' id='word_1_32' title='bbox 801 662 895 715; x_wconf 76' lang='grc' dir='ltr'><strong>καὶ</strong></span> <span class='ocrx_word' id='word_1_33' title='bbox 927 661 1165 723; x_wconf 85' lang='grc' dir='ltr'>κόλασις.</span> 
     </span>
    </p>
   </div>
   <div class='ocr_carea' id='block_1_7' title="bbox 262 747 1766 821">
    <p class='ocr_par' dir='ltr' id='par_1_7' title="bbox 262 747 1766 821">
     <span class='ocr_line' id='line_1_7' title="bbox 262 747 1766 821; baseline -0.009 -11"><span class='ocrx_word' id='word_1_34' title='bbox 262 757 343 810; x_wconf 84' lang='grc' dir='ltr'>ιε’.</span> <span class='ocrx_word' id='word_1_35' title='bbox 368 757 569 810; x_wconf 78' lang='grc' dir='ltr'><strong>ΑΔΛΟ.</strong></span> <span class='ocrx_word' id='word_1_36' title='bbox 597 756 718 807; x_wconf 81' lang='grc' dir='ltr'>Ὀτι</span> <span class='ocrx_word' id='word_1_37' title='bbox 750 753 856 807; x_wconf 84' lang='grc' dir='ltr'><strong>τῶν</strong></span> <span class='ocrx_word' id='word_1_38' title='bbox 900 752 1116 821; x_wconf 81' lang='grc' dir='ltr'><strong>ἑκάστῳ</strong></span> <span class='ocrx_word' id='word_1_39' title='bbox 1144 750 1489 821; x_wconf 86' lang='grc' dir='ltr'>βεϐιωμένων</span> <span class='ocrx_word' id='word_1_40' title='bbox 1522 747 1766 811; x_wconf 78' lang='grc' dir='ltr'><strong>ἐξέτασις</strong></span> 
     </span>
    </p>
   </div>
   <div class='ocr_carea' id='block_1_8' title="bbox 188 841 1767 927">
    <p class='ocr_par' dir='ltr' id='par_1_8' title="bbox 188 841 1767 927">
     <span class='ocr_line' id='line_1_8' title="bbox 188 841 1767 927; baseline -0.008 -24"><span class='ocrx_word' id='word_1_41' title='bbox 188 850 341 903; x_wconf 78' lang='grc' dir='ltr'>ἔσται</span> <span class='ocrx_word' id='word_1_42' title='bbox 363 851 502 901; x_wconf 73' lang='grc' dir='ltr'>κατὰ</span> <span class='ocrx_word' id='word_1_43' title='bbox 532 847 720 917; x_wconf 75' lang='grc' dir='ltr'>καιρὸν</span> <span class='ocrx_word' id='word_1_44' title='bbox 744 848 833 900; x_wconf 69' lang='grc' dir='ltr'><strong>ἐπὶ</strong></span> <span class='ocrx_word' id='word_1_45' title='bbox 863 847 954 900; x_wconf 86' lang='grc' dir='ltr'><strong>τοῦ</strong></span> <span class='ocrx_word' id='word_1_46' title='bbox 989 846 1132 899; x_wconf 91' lang='grc' dir='ltr'>θείου</span> <span class='ocrx_word' id='word_1_47' title='bbox 1158 845 1396 927; x_wconf 82' lang='grc' dir='ltr'>βήματος</span> <span class='ocrx_word' id='word_1_48' title='bbox 1441 841 1767 894; x_wconf 69' lang='grc' dir='ltr'><strong>ἐκδιδάσκων</strong></span> 
     </span>
    </p>
   </div>
   <div class='ocr_carea' id='block_1_9' title="bbox 186 933 1768 1010">
    <p class='ocr_par' dir='ltr' id='par_1_9' title="bbox 186 933 1768 1010">
     <span class='ocr_line' id='line_1_9' title="bbox 186 933 1768 1010; baseline -0.004 -15"><span class='ocrx_word' id='word_1_49' title='bbox 186 945 215 996; x_wconf 99' lang='lat'><strong>6</strong></span> <span class='ocrx_word' id='word_1_50' title='bbox 246 941 477 1005; x_wconf 80' lang='grc' dir='ltr'>Παῦλος,</span> <span class='ocrx_word' id='word_1_51' title='bbox 514 941 666 1010; x_wconf 82' lang='grc' dir='ltr'>φησί·</span> <span class='ocrx_word' id='word_1_52' title='bbox 702 960 720 993; x_wconf 75' lang='grc' dir='ltr'><strong>ι</strong></span> <span class='ocrx_word' id='word_1_53' title='bbox 747 940 882 1004; x_wconf 80' lang='grc' dir='ltr'>Τοὺς</span> <span class='ocrx_word' id='word_1_54' title='bbox 906 941 1014 1010; x_wconf 79' lang='grc' dir='ltr'><strong>γὰρ</strong></span> <span class='ocrx_word' id='word_1_55' title='bbox 1046 940 1253 1000; x_wconf 80' lang='grc' dir='ltr'>πάντας</span> <span class='ocrx_word' id='word_1_56' title='bbox 1276 938 1420 1006; x_wconf 76' lang='grc' dir='ltr'>ἡμᾶς</span> <span class='ocrx_word' id='word_1_57' title='bbox 1451 933 1768 1005; x_wconf 80' lang='grc' dir='ltr'>φανερωθῆ-</span> 
     </span>
    </p>
   </div>
   <div class='ocr_carea' id='block_1_10' title="bbox 187 1026 1768 1103">
    <p class='ocr_par' dir='ltr' id='par_1_10' title="bbox 187 1026 1768 1103">
     <span class='ocr_line' id='line_1_10' title="bbox 187 1026 1768 1103; baseline -0.005 -18"><span class='ocrx_word' id='word_1_58' title='bbox 187 1052 277 1086; x_wconf 90' lang='grc' dir='ltr'><strong>ναι</strong></span> <span class='ocrx_word' id='word_1_59' title='bbox 299 1035 382 1087; x_wconf 87' lang='grc' dir='ltr'><strong>δεῖ</strong></span> <span class='ocrx_word' id='word_1_60' title='bbox 404 1033 713 1103; x_wconf 74' lang='grc' dir='ltr'>ἔμπροσθεν</span> <span class='ocrx_word' id='word_1_61' title='bbox 742 1032 836 1086; x_wconf 86' lang='grc' dir='ltr'><strong>τοῦ</strong></span> <span class='ocrx_word' id='word_1_62' title='bbox 862 1031 1103 1101; x_wconf 81' lang='grc' dir='ltr'><strong>βήματος</strong></span> <span class='ocrx_word' id='word_1_63' title='bbox 1140 1028 1235 1082; x_wconf 87' lang='grc' dir='ltr'><strong>τοῦ</strong></span> <span class='ocrx_word' id='word_1_64' title='bbox 1265 1028 1519 1099; x_wconf 53' lang='grc' dir='ltr'>Χριστοῦ,</span> <span class='ocrx_word' id='word_1_65' title='bbox 1559 1026 1643 1078; x_wconf 78' lang='grc' dir='ltr'><strong>ἵνα</strong></span> <span class='ocrx_word' id='word_1_66' title='bbox 1678 1042 1768 1078; x_wconf 84' lang='grc' dir='ltr'>κο-</span> 
     </span>
    </p>
   </div>
   <div class='ocr_carea' id='block_1_11' title="bbox 190 1115 1767 1196">
    <p class='ocr_par' dir='ltr' id='par_1_11' title="bbox 190 1115 1767 1196">
     <span class='ocr_line' id='line_1_11' title="bbox 190 1115 1767 1196; baseline -0.007 -18"><span class='ocrx_word' id='word_1_67' title='bbox 190 1125 420 1196; x_wconf 88' lang='grc' dir='ltr'>μίσηται</span> <span class='ocrx_word' id='word_1_68' title='bbox 454 1126 686 1186; x_wconf 73' lang='grc' dir='ltr'>ἕκαστος</span> <span class='ocrx_word' id='word_1_69' title='bbox 718 1122 787 1176; x_wconf 78' lang='grc' dir='ltr'><strong>τά</strong></span> <span class='ocrx_word' id='word_1_70' title='bbox 817 1122 902 1176; x_wconf 81' lang='grc' dir='ltr'>διὰ</span> <span class='ocrx_word' id='word_1_71' title='bbox 931 1120 1021 1175; x_wconf 86' lang='grc' dir='ltr'><strong>τοῦ</strong></span> <span class='ocrx_word' id='word_1_72' title='bbox 1056 1120 1328 1191; x_wconf 83' lang='grc' dir='ltr'>σώματος,</span> <span class='ocrx_word' id='word_1_73' title='bbox 1378 1118 1513 1187; x_wconf 80' lang='grc' dir='ltr'>πρὸς</span> <span class='ocrx_word' id='word_1_74' title='bbox 1534 1116 1569 1170; x_wconf 73' lang='grc' dir='ltr'>ἃ</span> <span class='ocrx_word' id='word_1_75' title='bbox 1598 1115 1767 1185; x_wconf 72' lang='grc' dir='ltr'>ἐπρα-</span> 
     </span>
    </p>
   </div>
   <div class='ocr_carea' id='block_1_12' title="bbox 188 1210 1769 1284">
    <p class='ocr_par' dir='ltr' id='par_1_12' title="bbox 188 1210 1769 1284">
     <span class='ocr_line' id='line_1_12' title="bbox 188 1210 1769 1284; baseline -0.006 -16"><span class='ocrx_word' id='word_1_76' title='bbox 188 1216 303 1282; x_wconf 80' lang='grc' dir='ltr'>ξεν,</span> <span class='ocrx_word' id='word_1_77' title='bbox 332 1216 441 1269; x_wconf 72' lang='grc' dir='ltr'>εἴτε</span> <span class='ocrx_word' id='word_1_78' title='bbox 470 1217 691 1284; x_wconf 76' lang='grc' dir='ltr'>ἀγαθὸν,</span> <span class='ocrx_word' id='word_1_79' title='bbox 724 1216 833 1268; x_wconf 79' lang='grc' dir='ltr'>εἴτε</span> <span class='ocrx_word' id='word_1_80' title='bbox 862 1214 1081 1283; x_wconf 87' lang='grc' dir='ltr'>φαῦλον.</span> <span class='ocrx_word' id='word_1_81' title='bbox 1111 1233 1129 1266; x_wconf 68' lang='grc' dir='ltr'><strong>ι</strong></span> <span class='ocrx_word' id='word_1_82' title='bbox 1155 1214 1217 1266; x_wconf 78' lang='lat' dir='ltr'><strong>El</strong></span> <span class='ocrx_word' id='word_1_83' title='bbox 1241 1212 1401 1265; x_wconf 77' lang='grc' dir='ltr'><strong>δὲέπὶ</strong></span> <span class='ocrx_word' id='word_1_84' title='bbox 1436 1210 1614 1279; x_wconf 88' lang='grc' dir='ltr'>μόνοις</span> <span class='ocrx_word' id='word_1_85' title='bbox 1657 1210 1769 1271; x_wconf 81' lang='grc' dir='ltr'>τοῖς</span> 
     </span>
    </p>
   </div>
   <div class='ocr_carea' id='block_1_13' title="bbox 187 1299 1770 1377">
    <p class='ocr_par' dir='ltr' id='par_1_13' title="bbox 187 1299 1770 1377">
     <span class='ocr_line' id='line_1_13' title="bbox 187 1299 1770 1377; baseline -0.004 -19"><span class='ocrx_word' id='word_1_86' title='bbox 187 1306 279 1359; x_wconf 82' lang='grc' dir='ltr'>διὰ</span> <span class='ocrx_word' id='word_1_87' title='bbox 307 1306 402 1359; x_wconf 86' lang='grc' dir='ltr'><strong>τοῦ</strong></span> <span class='ocrx_word' id='word_1_88' title='bbox 434 1308 682 1376; x_wconf 83' lang='grc' dir='ltr'>σώματος</span> <span class='ocrx_word' id='word_1_89' title='bbox 713 1307 745 1377; x_wconf 79' lang='grc' dir='ltr'>ἢ</span> <span class='ocrx_word' id='word_1_90' title='bbox 780 1305 1068 1371; x_wconf 80' lang='grc' dir='ltr'>κολάζεταί</span> <span class='ocrx_word' id='word_1_91' title='bbox 1100 1322 1203 1368; x_wconf 91' lang='grc' dir='ltr'>τις,</span> <span class='ocrx_word' id='word_1_92' title='bbox 1234 1304 1400 1375; x_wconf 73' lang='grc' dir='ltr'>ἦγουν</span> <span class='ocrx_word' id='word_1_93' title='bbox 1421 1302 1519 1370; x_wconf 83' lang='grc' dir='ltr'>τῆς</span> <span class='ocrx_word' id='word_1_94' title='bbox 1545 1299 1770 1367; x_wconf 83' lang='grc' dir='ltr'>δεούσης</span> 
     </span>
    </p>
   </div>
   <div class='ocr_carea' id='block_1_14' title="bbox 188 1391 1770 1469">
    <p class='ocr_par' dir='ltr' id='par_1_14' title="bbox 188 1391 1770 1469">
     <span class='ocr_line' id='line_1_14' title="bbox 188 1391 1770 1469; baseline -0.006 -18"><span class='ocrx_word' id='word_1_95' title='bbox 188 1397 435 1462; x_wconf 82' lang='grc' dir='ltr'>ἀξιοῦται</span> <span class='ocrx_word' id='word_1_96' title='bbox 480 1399 664 1469; x_wconf 84' lang='grc' dir='ltr'>τιμῆς,</span> <span class='ocrx_word' id='word_1_97' title='bbox 717 1400 901 1468; x_wconf 83' lang='grc' dir='ltr'>μνήμη</span> <span class='ocrx_word' id='word_1_98' title='bbox 956 1397 1012 1450; x_wconf 82' lang='grc' dir='ltr'><strong>δὲ</strong></span> <span class='ocrx_word' id='word_1_99' title='bbox 1063 1396 1287 1466; x_wconf 81' lang='grc' dir='ltr'>οὐδεμία</span> <span class='ocrx_word' id='word_1_100' title='bbox 1330 1391 1770 1466; x_wconf 77' lang='grc' dir='ltr'>προγενεστέρων</span> 
     </span>
    </p>
   </div>
   <div class='ocr_carea' id='block_1_15' title="bbox 191 1481 1770 1558">
    <p class='ocr_par' dir='ltr' id='par_1_15' title="bbox 191 1481 1770 1558">
     <span class='ocr_line' id='line_1_15' title="bbox 191 1481 1770 1558; baseline -0.005 -18"><span class='ocrx_word' id='word_1_101' title='bbox 191 1489 629 1558; x_wconf 77' lang='grc' dir='ltr'>ἁμαρτημάτων.</span> <span class='ocrx_word' id='word_1_102' title='bbox 682 1488 796 1540; x_wconf 80' lang='grc' dir='ltr'>ἀλλ’</span> <span class='ocrx_word' id='word_1_103' title='bbox 827 1487 947 1539; x_wconf 76' lang='grc' dir='ltr'>οὐδὲ</span> <span class='ocrx_word' id='word_1_104' title='bbox 976 1486 1345 1557; x_wconf 86' lang='grc' dir='ltr'>πρεσϐύτερον</span> <span class='ocrx_word' id='word_1_105' title='bbox 1372 1484 1468 1553; x_wconf 86' lang='grc' dir='ltr'>τῆς</span> <span class='ocrx_word' id='word_1_106' title='bbox 1504 1481 1770 1549; x_wconf 84' lang='grc' dir='ltr'>γενέσεως</span> 
     </span>
    </p>
   </div>
   <div class='ocr_carea' id='block_1_16' title="bbox 190 1573 1767 1649">
    <p class='ocr_par' dir='ltr' id='par_1_16' title="bbox 190 1573 1767 1649">
     <span class='ocr_line' id='line_1_16' title="bbox 190 1573 1767 1649; baseline -0.004 -18"><span class='ocrx_word' id='word_1_107' title='bbox 190 1578 448 1648; x_wconf 74' lang='grc' dir='ltr'>ἔγκλημα</span> <span class='ocrx_word' id='word_1_108' title='bbox 478 1578 874 1649; x_wconf 73' lang='grc' dir='ltr'>ζητηθήσεταιο</span> <span class='ocrx_word' id='word_1_109' title='bbox 930 1577 1046 1641; x_wconf 89' lang='grc' dir='ltr'><strong>πῶς</strong></span> <span class='ocrx_word' id='word_1_110' title='bbox 1081 1578 1187 1647; x_wconf 76' lang='grc' dir='ltr'>ἄρα</span> <span class='ocrx_word' id='word_1_111' title='bbox 1240 1574 1415 1648; x_wconf 82' lang='grc' dir='ltr'>προῆν</span> <span class='ocrx_word' id='word_1_112' title='bbox 1456 1578 1487 1644; x_wconf 82' lang='grc' dir='ltr'><strong>ἡ</strong></span> <span class='ocrx_word' id='word_1_113' title='bbox 1521 1574 1701 1645; x_wconf 71' lang='grc' dir='ltr'>ψυχῆς</span> <span class='ocrx_word' id='word_1_114' title='bbox 1734 1573 1767 1644; x_wconf 79' lang='grc' dir='ltr'>ἢ</span> 
     </span>
    </p>
   </div>
   <div class='ocr_carea' id='block_1_17' title="bbox 189 1662 1769 1741">
    <p class='ocr_par' dir='ltr' id='par_1_17' title="bbox 189 1662 1769 1741">
     <span class='ocr_line' id='line_1_17' title="bbox 189 1662 1769 1741; baseline -0.002 -19"><span class='ocrx_word' id='word_1_115' title='bbox 189 1671 309 1732; x_wconf 85' lang='grc' dir='ltr'><strong>πῶς</strong></span> <span class='ocrx_word' id='word_1_116' title='bbox 347 1670 403 1736; x_wconf 81' lang='grc' dir='ltr'>ἐξ</span> <span class='ocrx_word' id='word_1_117' title='bbox 423 1671 697 1741; x_wconf 79' lang='grc' dir='ltr'>ἁμαρτίας</span> <span class='ocrx_word' id='word_1_118' title='bbox 726 1670 1085 1739; x_wconf 81' lang='grc' dir='ltr'>ἐταπεινώθη,</span> <span class='ocrx_word' id='word_1_119' title='bbox 1113 1669 1253 1723; x_wconf 90' lang='grc' dir='ltr'>κατά</span> <span class='ocrx_word' id='word_1_120' title='bbox 1281 1686 1453 1730; x_wconf 86' lang='grc' dir='ltr'>τινας.</span> <span class='ocrx_word' id='word_1_121' title='bbox 1550 1668 1642 1720; x_wconf 78' lang='grc' dir='ltr'>καὶ</span> <span class='ocrx_word' id='word_1_122' title='bbox 1673 1667 1769 1737; x_wconf 91' lang='grc' dir='ltr'>μό-</span> 
     </span>
    </p>
   </div>
   <div class='ocr_carea' id='block_1_18' title="bbox 188 1759 1773 1834">
    <p class='ocr_par' dir='ltr' id='par_1_18' title="bbox 188 1759 1773 1834">
     <span class='ocr_line' id='line_1_18' title="bbox 188 1759 1773 1834; baseline -0.001 -20"><span class='ocrx_word' id='word_1_123' title='bbox 188 1778 282 1824; x_wconf 80' lang='grc' dir='ltr'><strong>νος</strong></span> <span class='ocrx_word' id='word_1_124' title='bbox 309 1762 549 1831; x_wconf 73' lang='grc' dir='ltr'>ὁρίζεται</span> <span class='ocrx_word' id='word_1_125' title='bbox 580 1763 768 1832; x_wconf 80' lang='grc' dir='ltr'>χρόνος</span> <span class='ocrx_word' id='word_1_126' title='bbox 793 1764 820 1815; x_wconf 88' lang='lat'><strong>6</strong></span> <span class='ocrx_word' id='word_1_127' title='bbox 857 1764 994 1834; x_wconf 76' lang='grc' dir='ltr'>μετὰ</span> <span class='ocrx_word' id='word_1_128' title='bbox 1025 1762 1245 1834; x_wconf 85' lang='grc' dir='ltr'>σαρκὸς,</span> <span class='ocrx_word' id='word_1_129' title='bbox 1282 1762 1368 1814; x_wconf 73' lang='grc' dir='ltr'><strong>διὰ</strong></span> <span class='ocrx_word' id='word_1_130' title='bbox 1394 1760 1483 1813; x_wconf 83' lang='grc' dir='ltr'><strong>τοῦ</strong></span> <span class='ocrx_word' id='word_1_131' title='bbox 1519 1761 1653 1830; x_wconf 83' lang='grc' dir='ltr'>μόνα</span> <span class='ocrx_word' id='word_1_132' title='bbox 1677 1759 1773 1831; x_wconf 78' lang='grc' dir='ltr'><strong>ζη-</strong></span> 
     </span>
    </p>
   </div>
   <div class='ocr_carea' id='block_1_19' title="bbox 187 1854 819 1927">
    <p class='ocr_par' dir='ltr' id='par_1_19' title="bbox 187 1854 819 1927">
     <span class='ocr_line' id='line_1_19' title="bbox 187 1854 819 1927; baseline 0 -21"><span class='ocrx_word' id='word_1_133' title='bbox 187 1854 399 1907; x_wconf 81' lang='grc' dir='ltr'>τεῖσθαι</span> <span class='ocrx_word' id='word_1_134' title='bbox 425 1854 492 1906; x_wconf 68' lang='grc' dir='ltr'>τὰ</span> <span class='ocrx_word' id='word_1_135' title='bbox 516 1854 581 1907; x_wconf 79' lang='grc' dir='ltr'>δι’</span> <span class='ocrx_word' id='word_1_136' title='bbox 616 1855 819 1927; x_wconf 83' lang='grc' dir='ltr'>αὑτῆς;</span> 
     </span>
    </p>
   </div>
   <div class='ocr_carea' id='block_1_20' title="bbox 264 2028 1770 2101">
    <p class='ocr_par' dir='ltr' id='par_1_20' title="bbox 264 2028 1770 2101">
     <span class='ocr_line' id='line_1_20' title="bbox 264 2028 1770 2101; baseline 0.002 -20"><span class='ocrx_word' id='word_1_137' title='bbox 264 2030 347 2091; x_wconf 89' lang='grc' dir='ltr'>ις’.</span> <span class='ocrx_word' id='word_1_138' title='bbox 405 2030 608 2082; x_wconf 79' lang='grc' dir='ltr'><strong>ΑΛΛΟ.</strong></span> <span class='ocrx_word' id='word_1_139' title='bbox 667 2030 728 2081; x_wconf 80' lang='lat' dir='ltr'><strong>Ei</strong></span> <span class='ocrx_word' id='word_1_140' title='bbox 782 2030 846 2083; x_wconf 81' lang='grc' dir='ltr'><strong>ἐκ</strong></span> <span class='ocrx_word' id='word_1_141' title='bbox 908 2028 1295 2101; x_wconf 89' lang='grc' dir='ltr'>πρεσϐυτέρων</span> <span class='ocrx_word' id='word_1_142' title='bbox 1360 2030 1770 2101; x_wconf 80' lang='grc' dir='ltr'>ἁμαρτημάτων</span> 
     </span>
    </p>
   </div>
   <div class='ocr_carea' id='block_1_21' title="bbox 189 2117 1769 2189">
    <p class='ocr_par' dir='ltr' id='par_1_21' title="bbox 189 2117 1769 2189">
     <span class='ocr_line' id='line_1_21' title="bbox 189 2117 1769 2189; baseline 0.001 -19"><span class='ocrx_word' id='word_1_143' title='bbox 189 2117 634 2188; x_wconf 84' lang='grc' dir='ltr'>ἐσωματὼθησαν</span> <span class='ocrx_word' id='word_1_144' title='bbox 681 2121 735 2172; x_wconf 87' lang='grc' dir='ltr'>αἱ</span> <span class='ocrx_word' id='word_1_145' title='bbox 774 2117 960 2189; x_wconf 73' lang='grc' dir='ltr'>ψυχαὶ,</span> <span class='ocrx_word' id='word_1_146' title='bbox 1006 2118 1123 2181; x_wconf 89' lang='grc' dir='ltr'><strong>πῶς</strong></span> <span class='ocrx_word' id='word_1_147' title='bbox 1157 2120 1184 2171; x_wconf 78' lang='lat'><strong>6</strong></span> <span class='ocrx_word' id='word_1_148' title='bbox 1224 2118 1433 2187; x_wconf 77' lang='grc' dir='ltr'>Παῦλος</span> <span class='ocrx_word' id='word_1_149' title='bbox 1476 2120 1605 2189; x_wconf 80' lang='grc' dir='ltr'>ἡμῖν</span> <span class='ocrx_word' id='word_1_150' title='bbox 1648 2121 1769 2171; x_wconf 82' lang='grc' dir='ltr'>ἐπι-</span> 
     </span>
    </p>
   </div>
   <div class='ocr_carea' id='block_1_22' title="bbox 190 2209 1770 2280">
    <p class='ocr_par' dir='ltr' id='par_1_22' title="bbox 190 2209 1770 2280">
     <span class='ocr_line' id='line_1_22' title="bbox 190 2209 1770 2280; baseline 0.001 -19"><span class='ocrx_word' id='word_1_151' title='bbox 190 2209 424 2267; x_wconf 82' lang='grc' dir='ltr'>στέλλει,</span> <span class='ocrx_word' id='word_1_152' title='bbox 452 2228 471 2260; x_wconf 77' lang='lat' dir='ltr'><strong>r</strong></span> <span class='ocrx_word' id='word_1_153' title='bbox 504 2210 921 2280; x_wconf 82' lang='grc' dir='ltr'>Παραστήσατε,</span> <span class='ocrx_word' id='word_1_154' title='bbox 956 2227 974 2260; x_wconf 70' lang='grc' dir='ltr'><strong>ι</strong></span> <span class='ocrx_word' id='word_1_155' title='bbox 996 2209 1188 2277; x_wconf 90' lang='grc' dir='ltr'>λέγων,</span> <span class='ocrx_word' id='word_1_156' title='bbox 1223 2229 1241 2260; x_wconf 77' lang='grc' dir='ltr'><strong>ι</strong></span> <span class='ocrx_word' id='word_1_157' title='bbox 1268 2209 1336 2263; x_wconf 83' lang='grc' dir='ltr'><strong>τά</strong></span> <span class='ocrx_word' id='word_1_158' title='bbox 1362 2209 1588 2279; x_wconf 83' lang='grc' dir='ltr'>σώματα</span> <span class='ocrx_word' id='word_1_159' title='bbox 1618 2210 1770 2280; x_wconf 81' lang='grc' dir='ltr'>ὑμῶν</span> 
     </span>
    </p>
   </div>
   <div class='ocr_carea' id='block_1_23' title="bbox 187 2297 1770 2371">
    <p class='ocr_par' dir='ltr' id='par_1_23' title="bbox 187 2297 1770 2371">
     <span class='ocr_line' id='line_1_23' title="bbox 187 2297 1770 2371; baseline -0.001 -20"><span class='ocrx_word' id='word_1_160' title='bbox 187 2298 385 2352; x_wconf 82' lang='grc' dir='ltr'>θυσίαν</span> <span class='ocrx_word' id='word_1_161' title='bbox 421 2299 619 2365; x_wconf 79' lang='grc' dir='ltr'>ζῶσαν,</span> <span class='ocrx_word' id='word_1_162' title='bbox 656 2300 837 2368; x_wconf 89' lang='grc' dir='ltr'>ἁγίαν,</span> <span class='ocrx_word' id='word_1_163' title='bbox 875 2298 1167 2371; x_wconf 85' lang='grc' dir='ltr'>εὐάρεστον</span> <span class='ocrx_word' id='word_1_164' title='bbox 1202 2297 1278 2369; x_wconf 84' lang='grc' dir='ltr'>τῷ</span> <span class='ocrx_word' id='word_1_165' title='bbox 1320 2297 1458 2369; x_wconf 84' lang='grc' dir='ltr'>Θεῷ.</span> <span class='ocrx_word' id='word_1_166' title='bbox 1506 2318 1522 2351; x_wconf 77' lang='grc' dir='ltr'><strong>ι</strong></span> <span class='ocrx_word' id='word_1_167' title='bbox 1562 2299 1624 2351; x_wconf 79' lang='lat' dir='ltr'><strong>Ei</strong></span> <span class='ocrx_word' id='word_1_168' title='bbox 1663 2298 1770 2367; x_wconf 75' lang='grc' dir='ltr'>γὰρ</span> 
     </span>
    </p>
   </div>
   <div class='ocr_carea' id='block_1_24' title="bbox 188 2390 1773 2463">
    <p class='ocr_par' dir='ltr' id='par_1_24' title="bbox 188 2390 1773 2463">
     <span class='ocr_line' id='line_1_24' title="bbox 188 2390 1773 2463; baseline -0.001 -19"><span class='ocrx_word' id='word_1_169' title='bbox 188 2393 249 2444; x_wconf 82' lang='grc' dir='ltr'><strong>ἐν</strong></span> <span class='ocrx_word' id='word_1_170' title='bbox 278 2390 431 2456; x_wconf 79' lang='grc' dir='ltr'>τάξει</span> <span class='ocrx_word' id='word_1_171' title='bbox 463 2393 734 2463; x_wconf 80' lang='grc' dir='ltr'>τιμωρίας</span> <span class='ocrx_word' id='word_1_172' title='bbox 765 2392 969 2447; x_wconf 87' lang='grc' dir='ltr'>δέδοται</span> <span class='ocrx_word' id='word_1_173' title='bbox 998 2395 1119 2457; x_wconf 86' lang='grc' dir='ltr'>ταῖς</span> <span class='ocrx_word' id='word_1_174' title='bbox 1156 2392 1369 2456; x_wconf 86' lang='grc' dir='ltr'>ἀθλίαις</span> <span class='ocrx_word' id='word_1_175' title='bbox 1405 2392 1626 2462; x_wconf 76' lang='grc' dir='ltr'>ψυχαῖς,</span> <span class='ocrx_word' id='word_1_176' title='bbox 1658 2392 1773 2455; x_wconf 87' lang='grc' dir='ltr'><strong>πῶς</strong></span> 
     </span>
    </p>
   </div>
   <div class='ocr_carea' id='block_1_25' title="bbox 188 2483 1772 2556">
    <p class='ocr_par' dir='ltr' id='par_1_25' title="bbox 188 2483 1772 2556">
     <span class='ocr_line' id='line_1_25' title="bbox 188 2483 1772 2556; baseline 0.002 -21"><span class='ocrx_word' id='word_1_177' title='bbox 188 2483 271 2545; x_wconf 79' lang='grc' dir='ltr'><strong>εις</strong></span> <span class='ocrx_word' id='word_1_178' title='bbox 292 2484 470 2554; x_wconf 80' lang='grc' dir='ltr'>ὀσμὴν</span> <span class='ocrx_word' id='word_1_179' title='bbox 493 2484 718 2549; x_wconf 82' lang='grc' dir='ltr'>εὐωδίας</span> <span class='ocrx_word' id='word_1_180' title='bbox 746 2488 1169 2556; x_wconf 87' lang='grc' dir='ltr'>παραστήσομεν</span> <span class='ocrx_word' id='word_1_181' title='bbox 1195 2485 1334 2539; x_wconf 79' lang='grc' dir='ltr'>αὐτὰ</span> <span class='ocrx_word' id='word_1_182' title='bbox 1362 2485 1440 2555; x_wconf 81' lang='grc' dir='ltr'>τῷ</span> <span class='ocrx_word' id='word_1_183' title='bbox 1463 2485 1581 2555; x_wconf 80' lang='grc' dir='ltr'>Θεῷ</span> <span class='ocrx_word' id='word_1_184' title='bbox 1601 2502 1614 2551; x_wconf 92' lang='grc'><strong>;</strong></span> <span class='ocrx_word' id='word_1_185' title='bbox 1634 2484 1772 2539; x_wconf 85' lang='grc' dir='ltr'>κατὰ</span> 
     </span>
    </p>
   </div>
   <div class='ocr_carea' id='block_1_26' title="bbox 186 2568 1772 2645">
    <p class='ocr_par' dir='ltr' id='par_1_26' title="bbox 186 2568 1772 2645">
     <span class='ocr_line' id='line_1_26' title="bbox 186 2568 1772 2645; baseline -0.001 -18"><span class='ocrx_word' id='word_1_186' title='bbox 186 2574 317 2627; x_wconf 88' lang='grc' dir='ltr'>τίνα</span> <span class='ocrx_word' id='word_1_187' title='bbox 340 2574 397 2627; x_wconf 79' lang='grc' dir='ltr'>δὲ</span> <span class='ocrx_word' id='word_1_188' title='bbox 428 2574 627 2644; x_wconf 79' lang='grc' dir='ltr'>τρόπον</span> <span class='ocrx_word' id='word_1_189' title='bbox 658 2576 951 2645; x_wconf 83' lang='grc' dir='ltr'>εὐάρεστον</span> <span class='ocrx_word' id='word_1_190' title='bbox 980 2575 1133 2627; x_wconf 78' lang='grc' dir='ltr'>ἔσται</span> <span class='ocrx_word' id='word_1_191' title='bbox 1158 2575 1219 2628; x_wconf 90' lang='lat'><em>16</em></span> <span class='ocrx_word' id='word_1_192' title='bbox 1247 2574 1313 2627; x_wconf 83' lang='lat' dir='ltr'><strong>6t’</strong></span> <span class='ocrx_word' id='word_1_193' title='bbox 1351 2568 1412 2626; x_wconf 76' lang='grc' dir='ltr'><strong>οῦ</strong></span> <span class='ocrx_word' id='word_1_194' title='bbox 1441 2574 1772 2645; x_wconf 89' lang='grc' dir='ltr'>κατακεκρί-</span> 
     </span>
    </p>
   </div>
   <div class='ocr_carea' id='block_1_27' title="bbox 191 2663 1772 2737">
    <p class='ocr_par' dir='ltr' id='par_1_27' title="bbox 191 2663 1772 2737">
     <span class='ocr_line' id='line_1_27' title="bbox 191 2663 1772 2737; baseline 0.001 -20"><span class='ocrx_word' id='word_1_195' title='bbox 191 2663 366 2734; x_wconf 86' lang='grc' dir='ltr'>μεθα;</span> <span class='ocrx_word' id='word_1_196' title='bbox 397 2665 430 2737; x_wconf 76' lang='grc' dir='ltr'><strong>ή</strong></span> <span class='ocrx_word' id='word_1_197' title='bbox 473 2667 625 2719; x_wconf 89' lang='grc' dir='ltr'>ποῖον</span> <span class='ocrx_word' id='word_1_198' title='bbox 650 2666 787 2729; x_wconf 84' lang='grc' dir='ltr'>ὅλως</span> <span class='ocrx_word' id='word_1_199' title='bbox 810 2667 1011 2737; x_wconf 79' lang='grc' dir='ltr'>ἀρετῆς</span> <span class='ocrx_word' id='word_1_200' title='bbox 1031 2665 1336 2731; x_wconf 81' lang='grc' dir='ltr'>ἐπιδέξεται</span> <span class='ocrx_word' id='word_1_201' title='bbox 1361 2665 1563 2737; x_wconf 86' lang='grc' dir='ltr'>τρόπον</span> <span class='ocrx_word' id='word_1_202' title='bbox 1596 2666 1656 2719; x_wconf 86' lang='grc' dir='ltr'><strong>τὸ</strong></span> <span class='ocrx_word' id='word_1_203' title='bbox 1681 2683 1772 2719; x_wconf 87' lang='grc' dir='ltr'>κο-</span> 
     </span>
    </p>
   </div>
   <div class='ocr_carea' id='block_1_28' title="bbox 184 2757 1604 2831">
    <p class='ocr_par' dir='ltr' id='par_1_28' title="bbox 184 2757 1604 2831">
     <span class='ocr_line' id='line_1_28' title="bbox 184 2757 1604 2831; baseline 0.001 -19"><span class='ocrx_word' id='word_1_204' title='bbox 184 2757 379 2823; x_wconf 77' lang='grc' dir='ltr'>λάζειν</span> <span class='ocrx_word' id='word_1_205' title='bbox 415 2759 675 2827; x_wconf 77' lang='grc' dir='ltr'>πεφυκὸς,</span> <span class='ocrx_word' id='word_1_206' title='bbox 699 2762 797 2814; x_wconf 79' lang='grc' dir='ltr'>καὶ</span> <span class='ocrx_word' id='word_1_207' title='bbox 833 2760 989 2831; x_wconf 76' lang='grc' dir='ltr'>ῥίζαν</span> <span class='ocrx_word' id='word_1_208' title='bbox 1020 2759 1140 2830; x_wconf 75' lang='grc' dir='ltr'>ἔχον</span> <span class='ocrx_word' id='word_1_209' title='bbox 1167 2761 1265 2830; x_wconf 85' lang='grc' dir='ltr'><strong>τὴν</strong></span> <span class='ocrx_word' id='word_1_210' title='bbox 1298 2760 1604 2831; x_wconf 85' lang='grc' dir='ltr'>ἁμαρτίαν;</span> 
     </span>
    </p>
   </div>
   <div class='ocr_carea' id='block_1_29' title="bbox 259 2935 1774 3008">
    <p class='ocr_par' dir='ltr' id='par_1_29' title="bbox 259 2935 1774 3008">
     <span class='ocr_line' id='line_1_29' title="bbox 259 2935 1774 3008; baseline 0.001 -20"><span class='ocrx_word' id='word_1_211' title='bbox 259 2935 352 3000; x_wconf 80' lang='grc' dir='ltr'><strong>ιζ’.</strong></span> <span class='ocrx_word' id='word_1_212' title='bbox 389 2936 592 2988; x_wconf 81' lang='grc' dir='ltr'><strong>ΑΔΛΟ.</strong></span> <span class='ocrx_word' id='word_1_213' title='bbox 618 2935 775 2990; x_wconf 77' lang='grc' dir='ltr'>Κατὰ</span> <span class='ocrx_word' id='word_1_214' title='bbox 802 2936 980 3007; x_wconf 83' lang='grc' dir='ltr'>πάσης</span> <span class='ocrx_word' id='word_1_215' title='bbox 1027 2937 1407 3008; x_wconf 78' lang='grc' dir='ltr'>ἐκτεινομένην</span> <span class='ocrx_word' id='word_1_216' title='bbox 1432 2937 1529 3007; x_wconf 81' lang='grc' dir='ltr'>τῆς</span> <span class='ocrx_word' id='word_1_217' title='bbox 1567 2935 1774 3007; x_wconf 84' lang='grc' dir='ltr'>ἀνθρώ-</span> 
     </span>
    </p>
   </div>
   <div class='ocr_carea' id='block_1_30' title="bbox 182 3026 1773 3100">
    <p class='ocr_par' dir='ltr' id='par_1_30' title="bbox 182 3026 1773 3100">
     <span class='ocr_line' id='line_1_30' title="bbox 182 3026 1773 3100; baseline 0.001 -21"><span class='ocrx_word' id='word_1_218' title='bbox 182 3044 295 3081; x_wconf 80' lang='grc' dir='ltr'><strong>που</strong></span> <span class='ocrx_word' id='word_1_219' title='bbox 316 3026 530 3097; x_wconf 83' lang='grc' dir='ltr'>φύσεως</span> <span class='ocrx_word' id='word_1_220' title='bbox 549 3028 645 3099; x_wconf 83' lang='grc' dir='ltr'><strong>τὴν</strong></span> <span class='ocrx_word' id='word_1_221' title='bbox 680 3028 905 3099; x_wconf 85' lang='grc' dir='ltr'>φθορὰν,</span> <span class='ocrx_word' id='word_1_222' title='bbox 926 3028 1012 3082; x_wconf 84' lang='grc' dir='ltr'>διὰ</span> <span class='ocrx_word' id='word_1_223' title='bbox 1041 3028 1140 3100; x_wconf 80' lang='grc' dir='ltr'>τὴν</span> <span class='ocrx_word' id='word_1_224' title='bbox 1172 3030 1230 3082; x_wconf 85' lang='grc' dir='ltr'><strong>ἐν</strong></span> <span class='ocrx_word' id='word_1_225' title='bbox 1259 3028 1430 3097; x_wconf 78' lang='grc' dir='ltr'>Ἀδὰμ</span> <span class='ocrx_word' id='word_1_226' title='bbox 1464 3028 1773 3099; x_wconf 86' lang='grc' dir='ltr'>παράϐασιν</span> 
     </span>
    </p>
   </div>
   <div class='ocr_carea' id='block_1_31' title="bbox 192 3120 1774 3190">
    <p class='ocr_par' dir='ltr' id='par_1_31' title="bbox 192 3120 1774 3190">
     <span class='ocr_line' id='line_1_31' title="bbox 192 3120 1774 3190; baseline 0 -17"><span class='ocrx_word' id='word_1_227' title='bbox 192 3120 545 3174; x_wconf 80' lang='grc' dir='ltr'>ἐπιδεικνύων</span> <span class='ocrx_word' id='word_1_228' title='bbox 588 3123 616 3174; x_wconf 89' lang='grc' dir='ltr'><strong>ό</strong></span> <span class='ocrx_word' id='word_1_229' title='bbox 644 3120 874 3189; x_wconf 78' lang='grc' dir='ltr'>Παῦλος,</span> <span class='ocrx_word' id='word_1_230' title='bbox 906 3122 1087 3190; x_wconf 76' lang='grc' dir='ltr'>φησίψ</span> <span class='ocrx_word' id='word_1_231' title='bbox 1126 3140 1144 3172; x_wconf 74' lang='grc' dir='ltr'><strong>ι</strong></span> <span class='ocrx_word' id='word_1_232' title='bbox 1198 3121 1334 3173; x_wconf 83' lang='grc' dir='ltr'>Ἀλλ’</span> <span class='ocrx_word' id='word_1_233' title='bbox 1379 3120 1720 3174; x_wconf 86' lang='grc' dir='ltr'>ἐϐασίλευσεν</span> <span class='ocrx_word' id='word_1_234' title='bbox 1747 3123 1774 3173; x_wconf 89' lang='lat'><strong>6</strong></span> 
     </span>
    </p>
   </div>
   <div class='ocr_carea' id='block_1_32' title="bbox 1869 650 2321 721">
    <p class='ocr_par' dir='ltr' id='par_1_32' title="bbox 1869 650 2321 721">
     <span class='ocr_line' id='line_1_32' title="bbox 1869 650 2321 721; baseline 0.011 -21"><span class='ocrx_word' id='word_1_235' title='bbox 1869 650 2036 702; x_wconf 89' lang='lat' dir='ltr'><strong>mium</strong></span> <span class='ocrx_word' id='word_1_236' title='bbox 2062 658 2114 705; x_wconf 88' lang='lat' dir='ltr'><strong>et</strong></span> <span class='ocrx_word' id='word_1_237' title='bbox 2140 666 2321 721; x_wconf 62' lang='lat' dir='ltr'><strong>pruna.</strong></span> 
     </span>
    </p>
   </div>
   <div class='ocr_carea' id='block_1_33' title="bbox 1943 746 3441 819">
    <p class='ocr_par' dir='ltr' id='par_1_33' title="bbox 1943 746 3441 819">
     <span class='ocr_line' id='line_1_33' title="bbox 1943 746 3441 819; baseline 0.006 -22"><span class='ocrx_word' id='word_1_238' title='bbox 1943 746 2028 799; x_wconf 78' lang='grc'><strong>15.</strong></span> <span class='ocrx_word' id='word_1_239' title='bbox 2064 746 2295 801; x_wconf 83' lang='lat' dir='ltr'><strong>ALIUD.</strong></span> <span class='ocrx_word' id='word_1_240' title='bbox 2323 746 2528 801; x_wconf 85' lang='lat' dir='ltr'><strong>Eorum</strong></span> <span class='ocrx_word' id='word_1_241' title='bbox 2564 762 2686 819; x_wconf 70' lang='lat' dir='ltr'><strong>qua:</strong></span> <span class='ocrx_word' id='word_1_242' title='bbox 2717 746 2953 819; x_wconf 89' lang='lat' dir='ltr'><strong>quisque</strong></span> <span class='ocrx_word' id='word_1_243' title='bbox 2985 748 3038 802; x_wconf 91' lang='lat' dir='ltr'><strong>in</strong></span> <span class='ocrx_word' id='word_1_244' title='bbox 3075 746 3184 800; x_wconf 82' lang='lat' dir='ltr'><strong>vita</strong></span> <span class='ocrx_word' id='word_1_245' title='bbox 3211 748 3441 817; x_wconf 78' lang='lat' dir='ltr'><strong>patrarit</strong></span> 
     </span>
    </p>
   </div>
   <div class='ocr_carea' id='block_1_34' title="bbox 1869 835 3441 909">
    <p class='ocr_par' dir='ltr' id='par_1_34' title="bbox 1869 835 3441 909">
     <span class='ocr_line' id='line_1_34' title="bbox 1869 835 3441 909; baseline 0.003 -22"><span class='ocrx_word' id='word_1_246' title='bbox 1869 835 2167 907; x_wconf 87' lang='lat' dir='ltr'><strong>aliquando</strong></span> <span class='ocrx_word' id='word_1_247' title='bbox 2196 836 2639 907; x_wconf 72' lang='lat' dir='ltr'><strong>disquisitionem</strong></span> <span class='ocrx_word' id='word_1_248' title='bbox 2685 837 2796 892; x_wconf 83' lang='lat' dir='ltr'><strong>fore</strong></span> <span class='ocrx_word' id='word_1_249' title='bbox 2842 837 2984 909; x_wconf 85' lang='lat' dir='ltr'><strong>apud</strong></span> <span class='ocrx_word' id='word_1_250' title='bbox 3050 837 3141 893; x_wconf 88' lang='lat' dir='ltr'><strong>Dei</strong></span> <span class='ocrx_word' id='word_1_251' title='bbox 3197 838 3441 904; x_wconf 73' lang='lat' dir='ltr'><strong>tribunal</strong></span> 
     </span>
    </p>
   </div>
   <div class='ocr_carea' id='block_1_35' title="bbox 1868 927 3442 993">
    <p class='ocr_par' dir='ltr' id='par_1_35' title="bbox 1868 927 3442 993">
     <span class='ocr_line' id='line_1_35' title="bbox 1868 927 3442 993; baseline 0.003 -12"><span class='ocrx_word' id='word_1_252' title='bbox 1868 927 2070 984; x_wconf 83' lang='lat' dir='ltr'><strong>Paulus</strong></span> <span class='ocrx_word' id='word_1_253' title='bbox 2093 930 2351 993; x_wconf 88' lang='lat' dir='ltr'><strong>edocens,</strong></span> <span class='ocrx_word' id='word_1_254' title='bbox 2385 932 2496 986; x_wconf 80' lang='lat' dir='ltr'><strong>ait:</strong></span> <span class='ocrx_word' id='word_1_255' title='bbox 2539 950 2558 983; x_wconf 72' lang='lat' dir='ltr'><strong>c</strong></span> <span class='ocrx_word' id='word_1_256' title='bbox 2617 930 2819 985; x_wconf 88' lang='lat' dir='ltr'><strong>Omnes</strong></span> <span class='ocrx_word' id='word_1_257' title='bbox 2876 931 3022 984; x_wconf 90' lang='lat' dir='ltr'><strong>enim</strong></span> <span class='ocrx_word' id='word_1_258' title='bbox 3071 946 3173 986; x_wconf 93' lang='lat' dir='ltr'><strong>nos</strong></span> <span class='ocrx_word' id='word_1_259' title='bbox 3213 929 3442 985; x_wconf 76' lang='lat' dir='ltr'><strong>manife-</strong></span> 
     </span>
    </p>
   </div>
   <div class='ocr_carea' id='block_1_36' title="bbox 1870 1020 3442 1093">
    <p class='ocr_par' dir='ltr' id='par_1_36' title="bbox 1870 1020 3442 1093">
     <span class='ocr_line' id='line_1_36' title="bbox 1870 1020 3442 1093; baseline 0 -18"><span class='ocrx_word' id='word_1_260' title='bbox 1870 1024 2004 1076; x_wconf 90' lang='lat' dir='ltr'><strong>stari</strong></span> <span class='ocrx_word' id='word_1_261' title='bbox 2028 1031 2392 1093; x_wconf 78' lang='lat' dir='ltr'><strong>oportet&#39;ante</strong></span> <span class='ocrx_word' id='word_1_262' title='bbox 2425 1023 2661 1077; x_wconf 85' lang='lat' dir='ltr'><strong>tribunal</strong></span> <span class='ocrx_word' id='word_1_263' title='bbox 2685 1021 2889 1076; x_wconf 83' lang='lat' dir='ltr'><strong>Clu-isti</strong></span> <span class='ocrx_word' id='word_1_264' title='bbox 2912 1062 2926 1085; x_wconf 94' lang='lat'><strong>,</strong></span> <span class='ocrx_word' id='word_1_265' title='bbox 2960 1030 3017 1075; x_wconf 92' lang='lat' dir='ltr'><strong>ut</strong></span> <span class='ocrx_word' id='word_1_266' title='bbox 3038 1020 3237 1075; x_wconf 77' lang='lat' dir='ltr'><strong>referat</strong></span> <span class='ocrx_word' id='word_1_267' title='bbox 3272 1037 3442 1075; x_wconf 85' lang='lat' dir='ltr'><strong>unus-</strong></span> 
     </span>
    </p>
   </div>
   <div class='ocr_carea' id='block_1_37' title="bbox 1870 1108 3437 1183">
    <p class='ocr_par' dir='ltr' id='par_1_37' title="bbox 1870 1108 3437 1183">
     <span class='ocr_line' id='line_1_37' title="bbox 1870 1108 3437 1183; baseline -0.001 -19"><span class='ocrx_word' id='word_1_268' title='bbox 1870 1112 2102 1183; x_wconf 80' lang='lat' dir='ltr'><strong>quisque</strong></span> <span class='ocrx_word' id='word_1_269' title='bbox 2135 1113 2351 1182; x_wconf 83' lang='lat' dir='ltr'><strong>propria</strong></span> <span class='ocrx_word' id='word_1_270' title='bbox 2370 1112 2636 1182; x_wconf 85' lang='lat' dir='ltr'><strong>corporis,</strong></span> <span class='ocrx_word' id='word_1_271' title='bbox 2669 1119 2828 1181; x_wconf 86' lang='lat' dir='ltr'><strong>prout</strong></span> <span class='ocrx_word' id='word_1_272' title='bbox 2849 1110 3042 1180; x_wconf 75' lang='lat' dir='ltr'><strong>gessit,</strong></span> <span class='ocrx_word' id='word_1_273' title='bbox 3070 1111 3184 1163; x_wconf 83' lang='lat' dir='ltr'><strong>sive</strong></span> <span class='ocrx_word' id='word_1_274' title='bbox 3213 1108 3437 1172; x_wconf 87' lang='lat' dir='ltr'><strong>bonum,</strong></span> 
     </span>
    </p>
   </div>
   <div class='ocr_carea' id='block_1_38' title="bbox 1872 1199 3444 1271">
    <p class='ocr_par' dir='ltr' id='par_1_38' title="bbox 1872 1199 3444 1271">
     <span class='ocr_line' id='line_1_38' title="bbox 1872 1199 3444 1271; baseline 0.001 -18"><span class='ocrx_word' id='word_1_275' title='bbox 1872 1200 1988 1255; x_wconf 86' lang='lat' dir='ltr'><strong>sive</strong></span> <span class='ocrx_word' id='word_1_276' title='bbox 2013 1201 2211 1256; x_wconf 81' lang='lat' dir='ltr'><strong>malum</strong></span> <span class='ocrx_word' id='word_1_277' title='bbox 2241 1202 2281 1256; x_wconf 82' lang='grc'><strong>⁵.</strong></span> <span class='ocrx_word' id='word_1_278' title='bbox 2328 1221 2347 1255; x_wconf 71' lang='grc' dir='ltr'><strong>ι</strong></span> <span class='ocrx_word' id='word_1_279' title='bbox 2382 1202 2437 1256; x_wconf 89' lang='lat' dir='ltr'><strong>Si</strong></span> <span class='ocrx_word' id='word_1_280' title='bbox 2464 1215 2595 1255; x_wconf 83' lang='lat' dir='ltr'><strong>vero</strong></span> <span class='ocrx_word' id='word_1_281' title='bbox 2628 1215 2727 1271; x_wconf 95' lang='lat' dir='ltr'><strong>pro</strong></span> <span class='ocrx_word' id='word_1_282' title='bbox 2754 1201 2885 1254; x_wconf 90' lang='lat' dir='ltr'><strong>solis</strong></span> <span class='ocrx_word' id='word_1_283' title='bbox 2908 1200 3155 1267; x_wconf 88' lang='lat' dir='ltr'><strong>corporis</strong></span> <span class='ocrx_word' id='word_1_284' title='bbox 3182 1199 3444 1269; x_wconf 83' lang='lat' dir='ltr'><strong>Operibus</strong></span> 
     </span>
    </p>
   </div>
   <div class='ocr_carea' id='block_1_39' title="bbox 1872 1292 3441 1363">
    <p class='ocr_par' dir='ltr' id='par_1_39' title="bbox 1872 1292 3441 1363">
     <span class='ocr_line' id='line_1_39' title="bbox 1872 1292 3441 1363; baseline 0.001 -18"><span class='ocrx_word' id='word_1_285' title='bbox 1872 1293 2095 1362; x_wconf 86' lang='lat' dir='ltr'><strong>punitur</strong></span> <span class='ocrx_word' id='word_1_286' title='bbox 2142 1295 2361 1363; x_wconf 83' lang='lat' dir='ltr'><strong>aliquis,</strong></span> <span class='ocrx_word' id='word_1_287' title='bbox 2399 1301 2491 1349; x_wconf 90' lang='lat' dir='ltr'><strong>aut</strong></span> <span class='ocrx_word' id='word_1_288' title='bbox 2543 1308 2642 1363; x_wconf 90' lang='lat' dir='ltr'><strong>pro</strong></span> <span class='ocrx_word' id='word_1_289' title='bbox 2700 1308 2764 1347; x_wconf 91' lang='lat' dir='ltr'><strong>eo</strong></span> <span class='ocrx_word' id='word_1_290' title='bbox 2820 1308 2883 1346; x_wconf 91' lang='lat' dir='ltr'><strong>ac</strong></span> <span class='ocrx_word' id='word_1_291' title='bbox 2914 1292 3070 1351; x_wconf 90' lang='lat' dir='ltr'><strong>decct</strong></span> <span class='ocrx_word' id='word_1_292' title='bbox 3114 1292 3441 1357; x_wconf 80' lang='lat' dir='ltr'><strong>honoratur,</strong></span> 
     </span>
    </p>
   </div>
   <div class='ocr_carea' id='block_1_40' title="bbox 1872 1383 3443 1456">
    <p class='ocr_par' dir='ltr' id='par_1_40' title="bbox 1872 1383 3443 1456">
     <span class='ocr_line' id='line_1_40' title="bbox 1872 1383 3443 1456; baseline -0.001 -15"><span class='ocrx_word' id='word_1_293' title='bbox 1872 1387 2020 1441; x_wconf 90' lang='lat' dir='ltr'><strong>nulla</strong></span> <span class='ocrx_word' id='word_1_294' title='bbox 2053 1394 2233 1439; x_wconf 87' lang='lat' dir='ltr'><strong>autem</strong></span> <span class='ocrx_word' id='word_1_295' title='bbox 2262 1387 2679 1456; x_wconf 71' lang='lat' dir='ltr'><strong>praecedentium</strong></span> <span class='ocrx_word' id='word_1_296' title='bbox 2721 1394 3068 1455; x_wconf 89' lang='lat' dir='ltr'><strong>peccatorum</strong></span> <span class='ocrx_word' id='word_1_297' title='bbox 3110 1386 3316 1438; x_wconf 83' lang='lat' dir='ltr'><strong>mentio</strong></span> <span class='ocrx_word' id='word_1_298' title='bbox 3353 1383 3443 1439; x_wconf 78' lang='lat' dir='ltr'><strong>fu-</strong></span> 
     </span>
    </p>
   </div>
   <div class='ocr_carea' id='block_1_41' title="bbox 1873 1479 3444 1547">
    <p class='ocr_par' dir='ltr' id='par_1_41' title="bbox 1873 1479 3444 1547">
     <span class='ocr_line' id='line_1_41' title="bbox 1873 1479 3444 1547; baseline -0.002 -15"><span class='ocrx_word' id='word_1_299' title='bbox 1873 1486 1995 1533; x_wconf 89' lang='lat' dir='ltr'><strong>tura</strong></span> <span class='ocrx_word' id='word_1_300' title='bbox 2026 1488 2129 1540; x_wconf 88' lang='lat' dir='ltr'><strong>est,</strong></span> <span class='ocrx_word' id='word_1_301' title='bbox 2176 1493 2276 1532; x_wconf 90' lang='lat' dir='ltr'><strong>nec</strong></span> <span class='ocrx_word' id='word_1_302' title='bbox 2320 1479 2373 1532; x_wconf 93' lang='lat' dir='ltr'><strong>in</strong></span> <span class='ocrx_word' id='word_1_303' title='bbox 2414 1494 2475 1533; x_wconf 87' lang='lat' dir='ltr'><strong>ea</strong></span> <span class='ocrx_word' id='word_1_304' title='bbox 2522 1494 2642 1547; x_wconf 68' lang='lat' dir='ltr'><strong>quae</strong></span> <span class='ocrx_word' id='word_1_305' title='bbox 2681 1488 2806 1531; x_wconf 89' lang='lat' dir='ltr'><strong>autc</strong></span> <span class='ocrx_word' id='word_1_306' title='bbox 2846 1492 3050 1547; x_wconf 92' lang='lat' dir='ltr'><strong>corpus</strong></span> <span class='ocrx_word' id='word_1_307' title='bbox 3108 1484 3258 1547; x_wconf 76' lang='lat' dir='ltr'><strong>gesta</strong></span> <span class='ocrx_word' id='word_1_308' title='bbox 3315 1482 3444 1531; x_wconf 81' lang='lat' dir='ltr'><strong>sunt</strong></span> 
     </span>
    </p>
   </div>
   <div class='ocr_carea' id='block_1_42' title="bbox 1874 1568 3442 1640">
    <p class='ocr_par' dir='ltr' id='par_1_42' title="bbox 1874 1568 3442 1640">
     <span class='ocr_line' id='line_1_42' title="bbox 1874 1568 3442 1640; baseline -0.001 -17"><span class='ocrx_word' id='word_1_309' title='bbox 1874 1569 2221 1639; x_wconf 87' lang='lat' dir='ltr'><strong>iuquiretur:</strong></span> <span class='ocrx_word' id='word_1_310' title='bbox 2258 1571 2531 1640; x_wconf 88' lang='lat' dir='ltr'><strong>quomodo</strong></span> <span class='ocrx_word' id='word_1_311' title='bbox 2566 1586 2696 1639; x_wconf 78' lang='lat' dir='ltr'><strong>ergo</strong></span> <span class='ocrx_word' id='word_1_312' title='bbox 2722 1582 2847 1623; x_wconf 84' lang='lat' dir='ltr'><strong>ante</strong></span> <span class='ocrx_word' id='word_1_313' title='bbox 2875 1585 3077 1639; x_wconf 87' lang='lat' dir='ltr'><strong>corpus</strong></span> <span class='ocrx_word' id='word_1_314' title='bbox 3106 1568 3209 1622; x_wconf 79' lang='lat' dir='ltr'><strong>fuit.</strong></span> <span class='ocrx_word' id='word_1_315' title='bbox 3240 1569 3442 1629; x_wconf 87' lang='lat' dir='ltr'><strong>anima,</strong></span> 
     </span>
    </p>
   </div>
   <div class='ocr_carea' id='block_1_43' title="bbox 1875 1660 3444 1731">
    <p class='ocr_par' dir='ltr' id='par_1_43' title="bbox 1875 1660 3444 1731">
     <span class='ocr_line' id='line_1_43' title="bbox 1875 1660 3444 1731; baseline 0 -18"><span class='ocrx_word' id='word_1_316' title='bbox 1875 1670 1968 1715; x_wconf 89' lang='lat' dir='ltr'><strong>aut</strong></span> <span class='ocrx_word' id='word_1_317' title='bbox 1998 1662 2274 1731; x_wconf 86' lang='lat' dir='ltr'><strong>quomodo</strong></span> <span class='ocrx_word' id='word_1_318' title='bbox 2322 1662 2581 1730; x_wconf 87' lang='lat' dir='ltr'><strong>depressa</strong></span> <span class='ocrx_word' id='word_1_319' title='bbox 2615 1668 2697 1715; x_wconf 82' lang='lat' dir='ltr'><strong>est</strong></span> <span class='ocrx_word' id='word_1_320' title='bbox 2744 1660 2813 1712; x_wconf 91' lang='lat' dir='ltr'><strong>ob</strong></span> <span class='ocrx_word' id='word_1_321' title='bbox 2872 1669 3175 1728; x_wconf 68' lang='lat' dir='ltr'><strong>peccatum,</strong></span> <span class='ocrx_word' id='word_1_322' title='bbox 3213 1667 3269 1713; x_wconf 91' lang='lat' dir='ltr'><strong>ut</strong></span> <span class='ocrx_word' id='word_1_323' title='bbox 3302 1674 3444 1713; x_wconf 92' lang='lat' dir='ltr'><strong>non-</strong></span> 
     </span>
    </p>
   </div>
   <div class='ocr_carea' id='block_1_44' title="bbox 1874 1750 3443 1821">
    <p class='ocr_par' dir='ltr' id='par_1_44' title="bbox 1874 1750 3443 1821">
     <span class='ocr_line' id='line_1_44' title="bbox 1874 1750 3443 1821; baseline -0.002 -14"><span class='ocrx_word' id='word_1_324' title='bbox 1874 1753 2007 1807; x_wconf 89' lang='lat' dir='ltr'><strong>nulli</strong></span> <span class='ocrx_word' id='word_1_325' title='bbox 2036 1754 2249 1816; x_wconf 89' lang='lat' dir='ltr'><strong>volunt,</strong></span> <span class='ocrx_word' id='word_1_326' title='bbox 2286 1754 2371 1806; x_wconf 91' lang='lat' dir='ltr'><strong>cui</strong></span> <span class='ocrx_word' id='word_1_327' title='bbox 2430 1763 2643 1821; x_wconf 88' lang='lat' dir='ltr'><strong>tempus</strong></span> <span class='ocrx_word' id='word_1_328' title='bbox 2700 1752 3079 1804; x_wconf 76' lang='lat' dir='ltr'><strong>tantummodo</strong></span> <span class='ocrx_word' id='word_1_329' title='bbox 3128 1750 3257 1803; x_wconf 89' lang='lat' dir='ltr'><strong>illud</strong></span> <span class='ocrx_word' id='word_1_330' title='bbox 3318 1765 3443 1804; x_wconf 89' lang='lat' dir='ltr'><strong>cum</strong></span> 
     </span>
    </p>
   </div>
   <div class='ocr_carea' id='block_1_45' title="bbox 1874 1840 3441 1914">
    <p class='ocr_par' dir='ltr' id='par_1_45' title="bbox 1874 1840 3441 1914">
     <span class='ocr_line' id='line_1_45' title="bbox 1874 1840 3441 1914; baseline -0.003 -16"><span class='ocrx_word' id='word_1_331' title='bbox 1874 1860 2038 1899; x_wconf 88' lang='lat' dir='ltr'><strong>carne</strong></span> <span class='ocrx_word' id='word_1_332' title='bbox 2073 1845 2448 1914; x_wconf 70' lang='lat' dir='ltr'><strong>prmscribitur</strong></span> <span class='ocrx_word' id='word_1_333' title='bbox 2470 1860 2533 1897; x_wconf 77' lang='lat' dir='ltr'><strong>ex</strong></span> <span class='ocrx_word' id='word_1_334' title='bbox 2564 1858 2628 1897; x_wconf 91' lang='lat' dir='ltr'><strong>eo</strong></span> <span class='ocrx_word' id='word_1_335' title='bbox 2659 1844 2802 1913; x_wconf 90' lang='lat' dir='ltr'><strong>quod</strong></span> <span class='ocrx_word' id='word_1_336' title='bbox 2829 1857 2890 1897; x_wconf 89' lang='lat' dir='ltr'><strong>ea</strong></span> <span class='ocrx_word' id='word_1_337' title='bbox 2923 1840 3273 1897; x_wconf 85' lang='lat' dir='ltr'><strong>solummodo</strong></span> <span class='ocrx_word' id='word_1_338' title='bbox 3296 1857 3441 1911; x_wconf 58' lang='lat' dir='ltr'><strong>quate</strong></span> 
     </span>
    </p>
   </div>
   <div class='ocr_carea' id='block_1_46' title="bbox 1873 1934 2869 2005">
    <p class='ocr_par' dir='ltr' id='par_1_46' title="bbox 1873 1934 2869 2005">
     <span class='ocr_line' id='line_1_46' title="bbox 1873 1934 2869 2005; baseline -0.003 -15"><span class='ocrx_word' id='word_1_339' title='bbox 1873 1946 2067 1990; x_wconf 88' lang='lat' dir='ltr'><strong>runtur</strong></span> <span class='ocrx_word' id='word_1_340' title='bbox 2095 1952 2215 2005; x_wconf 64' lang='lat' dir='ltr'><strong>quas</strong></span> <span class='ocrx_word' id='word_1_341' title='bbox 2236 1952 2329 2005; x_wconf 87' lang='lat' dir='ltr'><strong>per</strong></span> <span class='ocrx_word' id='word_1_342' title='bbox 2359 1950 2578 1990; x_wconf 90' lang='lat' dir='ltr'><strong>carnem</strong></span> <span class='ocrx_word' id='word_1_343' title='bbox 2606 1934 2869 1988; x_wconf 79' lang='lat' dir='ltr'><strong>admisit?</strong></span> 
     </span>
    </p>
   </div>
   <div class='ocr_carea' id='block_1_47' title="bbox 1942 2021 3442 2092">
    <p class='ocr_par' dir='ltr' id='par_1_47' title="bbox 1942 2021 3442 2092">
     <span class='ocr_line' id='line_1_47' title="bbox 1942 2021 3442 2092; baseline 0.001 -17"><span class='ocrx_word' id='word_1_344' title='bbox 1942 2024 2025 2077; x_wconf 81' lang='grc'><strong>16.</strong></span> <span class='ocrx_word' id='word_1_345' title='bbox 2055 2022 2285 2077; x_wconf 84' lang='lat' dir='ltr'><strong>ALIUD.</strong></span> <span class='ocrx_word' id='word_1_346' title='bbox 2323 2023 2377 2077; x_wconf 92' lang='lat' dir='ltr'><strong>Si</strong></span> <span class='ocrx_word' id='word_1_347' title='bbox 2414 2023 2482 2076; x_wconf 88' lang='lat' dir='ltr'><strong>ob</strong></span> <span class='ocrx_word' id='word_1_348' title='bbox 2528 2023 2802 2092; x_wconf 56' lang='lat' dir='ltr'><strong>praeterita</strong></span> <span class='ocrx_word' id='word_1_349' title='bbox 2850 2030 3073 2091; x_wconf 88' lang='lat' dir='ltr'><strong>peccata</strong></span> <span class='ocrx_word' id='word_1_350' title='bbox 3116 2021 3442 2090; x_wconf 84' lang='lat' dir='ltr'><strong>corporibus</strong></span> 
     </span>
    </p>
   </div>
   <div class='ocr_carea' id='block_1_48' title="bbox 1869 2112 3424 2183">
    <p class='ocr_par' dir='ltr' id='par_1_48' title="bbox 1869 2112 3424 2183">
     <span class='ocr_line' id='line_1_48' title="bbox 1869 2112 3424 2183; baseline -0.005 -14"><span class='ocrx_word' id='word_1_351' title='bbox 1869 2114 2098 2169; x_wconf 70' lang='lat' dir='ltr'><strong>addicta:</strong></span> <span class='ocrx_word' id='word_1_352' title='bbox 2124 2124 2251 2169; x_wconf 91' lang='lat' dir='ltr'><strong>sunt</strong></span> <span class='ocrx_word' id='word_1_353' title='bbox 2280 2115 2493 2177; x_wconf 65' lang='lat' dir='ltr'><strong>anima},</strong></span> <span class='ocrx_word' id='word_1_354' title='bbox 2516 2114 2791 2183; x_wconf 87' lang='lat' dir='ltr'><strong>quomodo</strong></span> <span class='ocrx_word' id='word_1_355' title='bbox 2813 2112 3016 2167; x_wconf 87' lang='lat' dir='ltr'><strong>Paulus</strong></span> <span class='ocrx_word' id='word_1_356' title='bbox 3035 2112 3192 2166; x_wconf 89' lang='lat' dir='ltr'><strong>nobis</strong></span> <span class='ocrx_word' id='word_1_357' title='bbox 3215 2113 3424 2167; x_wconf 90' lang='lat' dir='ltr'><strong>scribil:</strong></span> 
     </span>
    </p>
   </div>
   <div class='ocr_carea' id='block_1_49' title="bbox 1875 2207 3439 2277">
    <p class='ocr_par' dir='ltr' id='par_1_49' title="bbox 1875 2207 3439 2277">
     <span class='ocr_line' id='line_1_49' title="bbox 1875 2207 3439 2277; baseline 0.001 -18"><span class='ocrx_word' id='word_1_358' title='bbox 1875 2228 1893 2259; x_wconf 72' lang='grc' dir='ltr'><strong>ε</strong></span> <span class='ocrx_word' id='word_1_359' title='bbox 1931 2207 2195 2263; x_wconf 73' lang='lat' dir='ltr'><strong>Exhibete</strong></span> <span class='ocrx_word' id='word_1_360' title='bbox 2223 2222 2456 2277; x_wconf 90' lang='lat' dir='ltr'><strong>corpora</strong></span> <span class='ocrx_word' id='word_1_361' title='bbox 2490 2215 2666 2261; x_wconf 85' lang='lat' dir='ltr'><strong>vestra</strong></span> <span class='ocrx_word' id='word_1_362' title='bbox 2698 2207 2931 2262; x_wconf 86' lang='lat' dir='ltr'><strong>hostiam</strong></span> <span class='ocrx_word' id='word_1_363' title='bbox 2962 2207 3260 2269; x_wconf 84' lang='lat' dir='ltr'><strong>viventem,</strong></span> <span class='ocrx_word' id='word_1_364' title='bbox 3310 2221 3439 2260; x_wconf 84' lang='lat' dir='ltr'><strong>san-</strong></span> 
     </span>
    </p>
   </div>
   <div class='ocr_carea' id='block_1_50' title="bbox 1870 2297 3442 2369">
    <p class='ocr_par' dir='ltr' id='par_1_50' title="bbox 1870 2297 3442 2369">
     <span class='ocr_line' id='line_1_50' title="bbox 1870 2297 3442 2369; baseline 0.001 -16"><span class='ocrx_word' id='word_1_365' title='bbox 1870 2307 2039 2362; x_wconf 90' lang='lat' dir='ltr'><strong>etam,</strong></span> <span class='ocrx_word' id='word_1_366' title='bbox 2074 2299 2181 2353; x_wconf 90' lang='lat' dir='ltr'><strong>Deo</strong></span> <span class='ocrx_word' id='word_1_367' title='bbox 2217 2300 2518 2369; x_wconf 87' lang='lat' dir='ltr'><strong>placentem</strong></span> <span class='ocrx_word' id='word_1_368' title='bbox 2546 2300 2584 2352; x_wconf 82' lang='grc'><strong>⁸.</strong></span> <span class='ocrx_word' id='word_1_369' title='bbox 2630 2318 2647 2351; x_wconf 77' lang='grc' dir='ltr'><strong>ι</strong></span> <span class='ocrx_word' id='word_1_370' title='bbox 2690 2297 2746 2353; x_wconf 89' lang='lat' dir='ltr'><strong>Si</strong></span> <span class='ocrx_word' id='word_1_371' title='bbox 2781 2298 2926 2351; x_wconf 89' lang='lat' dir='ltr'><strong>enim</strong></span> <span class='ocrx_word' id='word_1_372' title='bbox 2962 2297 3026 2351; x_wconf 86' lang='lat' dir='ltr'><strong>ad</strong></span> <span class='ocrx_word' id='word_1_373' title='bbox 3067 2312 3284 2367; x_wconf 72' lang='lat' dir='ltr'><strong>pmnam</strong></span> <span class='ocrx_word' id='word_1_374' title='bbox 3314 2299 3442 2354; x_wconf 83' lang='lat' dir='ltr'><strong>data</strong></span> 
     </span>
    </p>
   </div>
   <div class='ocr_carea' id='block_1_51' title="bbox 1871 2388 3440 2459">
    <p class='ocr_par' dir='ltr' id='par_1_51' title="bbox 1871 2388 3440 2459">
     <span class='ocr_line' id='line_1_51' title="bbox 1871 2388 3440 2459; baseline -0.001 -15"><span class='ocrx_word' id='word_1_375' title='bbox 1871 2396 1997 2445; x_wconf 88' lang='lat' dir='ltr'><strong>sunt</strong></span> <span class='ocrx_word' id='word_1_376' title='bbox 2023 2404 2255 2459; x_wconf 87' lang='lat' dir='ltr'><strong>corpora</strong></span> <span class='ocrx_word' id='word_1_377' title='bbox 2283 2390 2495 2445; x_wconf 87' lang='lat' dir='ltr'><strong>miseris</strong></span> <span class='ocrx_word' id='word_1_378' title='bbox 2517 2390 2825 2455; x_wconf 90' lang='lat' dir='ltr'><strong>animabus,</strong></span> <span class='ocrx_word' id='word_1_379' title='bbox 2846 2390 3120 2459; x_wconf 89' lang='lat' dir='ltr'><strong>quomodo</strong></span> <span class='ocrx_word' id='word_1_380' title='bbox 3139 2389 3193 2443; x_wconf 92' lang='lat' dir='ltr'><strong>in</strong></span> <span class='ocrx_word' id='word_1_381' title='bbox 3217 2388 3440 2444; x_wconf 87' lang='lat' dir='ltr'><strong>odorem</strong></span> 
     </span>
    </p>
   </div>
   <div class='ocr_carea' id='block_1_52' title="bbox 1869 2481 3445 2551">
    <p class='ocr_par' dir='ltr' id='par_1_52' title="bbox 1869 2481 3445 2551">
     <span class='ocr_line' id='line_1_52' title="bbox 1869 2481 3445 2551; baseline -0.002 -15"><span class='ocrx_word' id='word_1_382' title='bbox 1869 2483 2154 2536; x_wconf 82' lang='lat' dir='ltr'><strong>suavitatis</strong></span> <span class='ocrx_word' id='word_1_383' title='bbox 2199 2496 2262 2536; x_wconf 85' lang='lat' dir='ltr'><strong>ea</strong></span> <span class='ocrx_word' id='word_1_384' title='bbox 2315 2481 2424 2537; x_wconf 91' lang='lat' dir='ltr'><strong>Deo</strong></span> <span class='ocrx_word' id='word_1_385' title='bbox 2476 2481 2909 2536; x_wconf 70' lang='lat' dir='ltr'><strong>exhibebimus?</strong></span> <span class='ocrx_word' id='word_1_386' title='bbox 2961 2488 3053 2534; x_wconf 88' lang='lat' dir='ltr'><strong>aut</strong></span> <span class='ocrx_word' id='word_1_387' title='bbox 3118 2494 3228 2551; x_wconf 90' lang='lat' dir='ltr'><strong>quo</strong></span> <span class='ocrx_word' id='word_1_388' title='bbox 3284 2488 3445 2550; x_wconf 87' lang='lat' dir='ltr'><strong>pacto</strong></span> 
     </span>
    </p>
   </div>
   <div class='ocr_carea' id='block_1_53' title="bbox 1870 2571 3442 2643">
    <p class='ocr_par' dir='ltr' id='par_1_53' title="bbox 1870 2571 3442 2643">
     <span class='ocr_line' id='line_1_53' title="bbox 1870 2571 3442 2643; baseline 0 -18"><span class='ocrx_word' id='word_1_389' title='bbox 1870 2584 2081 2642; x_wconf 78' lang='lat' dir='ltr'><strong>gratum</strong></span> <span class='ocrx_word' id='word_1_390' title='bbox 2113 2582 2166 2627; x_wconf 89' lang='lat' dir='ltr'><strong>et</strong></span> <span class='ocrx_word' id='word_1_391' title='bbox 2220 2580 2503 2643; x_wconf 88' lang='lat' dir='ltr'><strong>acceptum</strong></span> <span class='ocrx_word' id='word_1_392' title='bbox 2546 2573 2651 2627; x_wconf 88' lang='lat' dir='ltr'><strong>erit</strong></span> <span class='ocrx_word' id='word_1_393' title='bbox 2686 2573 2819 2627; x_wconf 93' lang='lat' dir='ltr'><strong>illud</strong></span> <span class='ocrx_word' id='word_1_394' title='bbox 2856 2588 2953 2643; x_wconf 91' lang='lat' dir='ltr'><strong>per</strong></span> <span class='ocrx_word' id='word_1_395' title='bbox 3005 2571 3152 2643; x_wconf 89' lang='lat' dir='ltr'><strong>quod</strong></span> <span class='ocrx_word' id='word_1_396' title='bbox 3199 2572 3442 2627; x_wconf 87' lang='lat' dir='ltr'><strong>daumati</strong></span> 
     </span>
    </p>
   </div>
   <div class='ocr_carea' id='block_1_54' title="bbox 1872 2665 3446 2735">
    <p class='ocr_par' dir='ltr' id='par_1_54' title="bbox 1872 2665 3446 2735">
     <span class='ocr_line' id='line_1_54' title="bbox 1872 2665 3446 2735; baseline -0.001 -16"><span class='ocrx_word' id='word_1_397' title='bbox 1872 2666 2108 2721; x_wconf 83' lang='lat' dir='ltr'><strong>sumus?</strong></span> <span class='ocrx_word' id='word_1_398' title='bbox 2146 2674 2242 2720; x_wconf 91' lang='lat' dir='ltr'><strong>aut</strong></span> <span class='ocrx_word' id='word_1_399' title='bbox 2271 2681 2431 2735; x_wconf 90' lang='lat' dir='ltr'><strong>quam</strong></span> <span class='ocrx_word' id='word_1_400' title='bbox 2462 2665 2685 2721; x_wconf 80' lang='lat' dir='ltr'><strong>virtutis</strong></span> <span class='ocrx_word' id='word_1_401' title='bbox 2706 2667 2972 2721; x_wconf 83' lang='lat' dir='ltr'><strong>rationem</strong></span> <span class='ocrx_word' id='word_1_402' title='bbox 3009 2666 3325 2720; x_wconf 88' lang='lat' dir='ltr'><strong>habiturum</strong></span> <span class='ocrx_word' id='word_1_403' title='bbox 3359 2674 3446 2720; x_wconf 89' lang='lat' dir='ltr'><strong>est</strong></span> 
     </span>
    </p>
   </div>
   <div class='ocr_carea' id='block_1_55' title="bbox 1873 2757 3441 2829">
    <p class='ocr_par' dir='ltr' id='par_1_55' title="bbox 1873 2757 3441 2829">
     <span class='ocr_line' id='line_1_55' title="bbox 1873 2757 3441 2829; baseline 0 -17"><span class='ocrx_word' id='word_1_404' title='bbox 1873 2759 1924 2814; x_wconf 92' lang='lat' dir='ltr'><strong>id</strong></span> <span class='ocrx_word' id='word_1_405' title='bbox 1950 2758 2093 2828; x_wconf 90' lang='lat' dir='ltr'><strong>quod</strong></span> <span class='ocrx_word' id='word_1_406' title='bbox 2129 2774 2302 2828; x_wconf 67' lang='lat' dir='ltr'><strong>pmnre</strong></span> <span class='ocrx_word' id='word_1_407' title='bbox 2331 2766 2382 2813; x_wconf 88' lang='lat' dir='ltr'><strong>ct</strong></span> <span class='ocrx_word' id='word_1_408' title='bbox 2414 2759 2687 2829; x_wconf 85' lang='lat' dir='ltr'><strong>supplieto</strong></span> <span class='ocrx_word' id='word_1_409' title='bbox 2724 2758 2885 2814; x_wconf 89' lang='lat' dir='ltr'><strong>nobis</strong></span> <span class='ocrx_word' id='word_1_410' title='bbox 2940 2764 3046 2823; x_wconf 87' lang='lat' dir='ltr'><strong>est,</strong></span> <span class='ocrx_word' id='word_1_411' title='bbox 3087 2763 3141 2812; x_wconf 78' lang='lat' dir='ltr'><strong>et</strong></span> <span class='ocrx_word' id='word_1_412' title='bbox 3172 2758 3258 2812; x_wconf 87' lang='lat' dir='ltr'><strong>cui</strong></span> <span class='ocrx_word' id='word_1_413' title='bbox 3290 2757 3441 2812; x_wconf 73' lang='lat' dir='ltr'><strong>radis</strong></span> 
     </span>
    </p>
   </div>
   <div class='ocr_carea' id='block_1_56' title="bbox 1871 2850 2319 2920">
    <p class='ocr_par' dir='ltr' id='par_1_56' title="bbox 1871 2850 2319 2920">
     <span class='ocr_line' id='line_1_56' title="bbox 1871 2850 2319 2920; baseline -0.004 -16"><span class='ocrx_word' id='word_1_414' title='bbox 1871 2859 1955 2905; x_wconf 91' lang='lat' dir='ltr'><strong>est</strong></span> <span class='ocrx_word' id='word_1_415' title='bbox 1988 2859 2271 2920; x_wconf 87' lang='lat' dir='ltr'><strong>peceatum</strong></span> <span class='ocrx_word' id='word_1_416' title='bbox 2296 2850 2319 2903; x_wconf 85' lang='lat'><strong>?</strong></span> 
     </span>
    </p>
   </div>
   <div class='ocr_carea' id='block_1_57' title="bbox 1944 2923 3483 3010">
    <p class='ocr_par' dir='ltr' id='par_1_57' title="bbox 1944 2923 3483 3010">
     <span class='ocr_line' id='line_1_57' title="bbox 1944 2923 3483 3010; baseline 0.003 -19"><span class='ocrx_word' id='word_1_417' title='bbox 1944 2941 2029 2993; x_wconf 85' lang='lat' dir='ltr'><strong>l7.</strong></span> <span class='ocrx_word' id='word_1_418' title='bbox 2073 2937 2303 2993; x_wconf 82' lang='lat' dir='ltr'><strong>ALIUD.</strong></span> <span class='ocrx_word' id='word_1_419' title='bbox 2337 2939 2756 3010; x_wconf 88' lang='lat' dir='ltr'><strong>Corruptionem</strong></span> <span class='ocrx_word' id='word_1_420' title='bbox 2789 2955 2885 3010; x_wconf 92' lang='lat' dir='ltr'><strong>per</strong></span> <span class='ocrx_word' id='word_1_421' title='bbox 2923 2940 3033 2994; x_wconf 75' lang='lat' dir='ltr'><strong>uni°</strong></span> <span class='ocrx_word' id='word_1_422' title='bbox 3066 2956 3232 2995; x_wconf 58' lang='lat' dir='ltr'><strong>,rsam</strong></span> <span class='ocrx_word' id='word_1_423' title='bbox 3266 2940 3445 2995; x_wconf 72' lang='lat' dir='ltr'><strong>homi—</strong></span> <span class='ocrx_word' id='word_1_424' title='bbox 3480 2923 3483 2929; x_wconf 27' lang='lat' dir='ltr'><strong>l</strong></span> 
     </span>
    </p>
   </div>
   <div class='ocr_carea' id='block_1_58' title="bbox 1881 3031 3439 3106">
    <p class='ocr_par' dir='ltr' id='par_1_58' title="bbox 1881 3031 3439 3106">
     <span class='ocr_line' id='line_1_58' title="bbox 1881 3031 3439 3106; baseline 0.004 -22"><span class='ocrx_word' id='word_1_425' title='bbox 1881 3033 1966 3085; x_wconf 81' lang='lat' dir='ltr'><strong>uis</strong></span> <span class='ocrx_word' id='word_1_426' title='bbox 2019 3040 2265 3085; x_wconf 87' lang='lat' dir='ltr'><strong>naturam</strong></span> <span class='ocrx_word' id='word_1_427' title='bbox 2296 3041 2574 3086; x_wconf 79' lang='lat' dir='ltr'><strong>extensam</strong></span> <span class='ocrx_word' id='word_1_428' title='bbox 2610 3033 2680 3087; x_wconf 89' lang='lat' dir='ltr'><strong>ob</strong></span> <span class='ocrx_word' id='word_1_429' title='bbox 2722 3031 2833 3106; x_wconf 67' lang='grc'><strong>84</strong></span> <span class='ocrx_word' id='word_1_430' title='bbox 2857 3042 3042 3102; x_wconf 71' lang='lat' dir='ltr'><strong>traus-D</strong></span> <span class='ocrx_word' id='word_1_431' title='bbox 3068 3032 3349 3088; x_wconf 72' lang='lat' dir='ltr'><strong>&#39;essionem</strong></span> <span class='ocrx_word' id='word_1_432' title='bbox 3387 3034 3439 3091; x_wconf 82' lang='lat' dir='ltr'><strong>in</strong></span> 
     </span>
    </p>
   </div>
   <div class='ocr_carea' id='block_1_59' title="bbox 1873 3122 3443 3195">
    <p class='ocr_par' dir='ltr' id='par_1_59' title="bbox 1873 3122 3443 3195">
     <span class='ocr_line' id='line_1_59' title="bbox 1873 3122 3443 3195; baseline 0.004 -20"><span class='ocrx_word' id='word_1_433' title='bbox 1873 3122 2042 3176; x_wconf 81' lang='lat' dir='ltr'><strong>Adam</strong></span> <span class='ocrx_word' id='word_1_434' title='bbox 2077 3122 2277 3177; x_wconf 76' lang='lat' dir='ltr'><strong>Paulus</strong></span> <span class='ocrx_word' id='word_1_435' title='bbox 2309 3125 2625 3189; x_wconf 82' lang='lat' dir='ltr'><strong>ostendens,</strong></span> <span class='ocrx_word' id='word_1_436' title='bbox 2664 3124 2732 3177; x_wconf 87' lang='lat' dir='ltr'><strong>ait</strong></span> <span class='ocrx_word' id='word_1_437' title='bbox 2766 3143 2777 3178; x_wconf 92' lang='lat'><strong>:</strong></span> <span class='ocrx_word' id='word_1_438' title='bbox 2812 3143 2827 3174; x_wconf 78' lang='grc' dir='ltr'><strong>ι</strong></span> <span class='ocrx_word' id='word_1_439' title='bbox 2871 3123 2976 3178; x_wconf 88' lang='lat' dir='ltr'><strong>Sed</strong></span> <span class='ocrx_word' id='word_1_440' title='bbox 3012 3126 3259 3195; x_wconf 68' lang='lat' dir='ltr'><strong>regnavit</strong></span> <span class='ocrx_word' id='word_1_441' title='bbox 3294 3140 3443 3181; x_wconf 85' lang='lat' dir='ltr'><strong>mors</strong></span> 
     </span>
    </p>
   </div>
   <div class='ocr_carea' id='block_1_60' title="bbox 183 3210 1847 3296">
    <p class='ocr_par' dir='ltr' id='par_1_60' title="bbox 183 3210 1841 3296">
     <span class='ocr_line' id='line_1_60' title="bbox 183 3210 1841 3296; baseline 0 -29"><span class='ocrx_word' id='word_1_442' title='bbox 183 3212 423 3276; x_wconf 80' lang='grc' dir='ltr'>θάνατος</span> <span class='ocrx_word' id='word_1_443' title='bbox 440 3210 548 3265; x_wconf 83' lang='grc' dir='ltr'><strong>άπδ</strong></span> <span class='ocrx_word' id='word_1_444' title='bbox 586 3214 756 3283; x_wconf 83' lang='grc' dir='ltr'>Ἀδὰμ</span> <span class='ocrx_word' id='word_1_445' title='bbox 786 3214 947 3283; x_wconf 88' lang='grc' dir='ltr'>μέχρι</span> <span class='ocrx_word' id='word_1_446' title='bbox 978 3212 1241 3275; x_wconf 81' lang='grc' dir='ltr'>Μωσέως,</span> <span class='ocrx_word' id='word_1_447' title='bbox 1282 3212 1375 3265; x_wconf 73' lang='grc' dir='ltr'>καὶ</span> <span class='ocrx_word' id='word_1_448' title='bbox 1407 3214 1498 3265; x_wconf 76' lang='grc' dir='ltr'>ἐπὶ</span> <span class='ocrx_word' id='word_1_449' title='bbox 1529 3213 1654 3274; x_wconf 72' lang='grc' dir='ltr'>τοὺς</span> <span class='ocrx_word' id='word_1_450' title='bbox 1700 3210 1773 3282; x_wconf 79' lang='grc' dir='ltr'>μὴ</span> <span class='ocrx_word' id='word_1_451' title='bbox 1801 3240 1841 3296; x_wconf 77' lang='lat' dir='ltr'>C</span> 
     </span>
    </p>
   </div>
   <div class='ocr_carea' id='block_1_61' title="bbox 1777 3210 3441 3296">
    <p class='ocr_par' dir='ltr' id='par_1_61' title="bbox 1801 3213 3441 3296">
     <span class='ocr_line' id='line_1_61' title="bbox 1801 3213 3441 3296; baseline 0.002 -29"><span class='ocrx_word' id='word_1_452' title='bbox 1801 3240 1841 3296; x_wconf 68' lang='grc' dir='ltr'>ο</span> <span class='ocrx_word' id='word_1_453' title='bbox 1876 3213 1946 3267; x_wconf 88' lang='lat' dir='ltr'><strong>ab</strong></span> <span class='ocrx_word' id='word_1_454' title='bbox 1976 3215 2142 3267; x_wconf 82' lang='lat' dir='ltr'><strong>Adam</strong></span> <span class='ocrx_word' id='word_1_455' title='bbox 2178 3230 2351 3283; x_wconf 87' lang='lat' dir='ltr'><strong>usque</strong></span> <span class='ocrx_word' id='word_1_456' title='bbox 2393 3214 2458 3267; x_wconf 90' lang='lat' dir='ltr'><strong>ad</strong></span> <span class='ocrx_word' id='word_1_457' title='bbox 2491 3213 2739 3285; x_wconf 84' lang='lat' dir='ltr'><strong>Moysen,</strong></span> <span class='ocrx_word' id='word_1_458' title='bbox 2776 3216 2937 3269; x_wconf 91' lang='lat' dir='ltr'><strong>etiam</strong></span> <span class='ocrx_word' id='word_1_459' title='bbox 2976 3214 3029 3269; x_wconf 90' lang='lat' dir='ltr'><strong>in</strong></span> <span class='ocrx_word' id='word_1_460' title='bbox 3074 3231 3169 3270; x_wconf 88' lang='lat' dir='ltr'><strong>eos</strong></span> <span class='ocrx_word' id='word_1_461' title='bbox 3199 3217 3290 3286; x_wconf 91' lang='lat' dir='ltr'><strong>qui</strong></span> <span class='ocrx_word' id='word_1_462' title='bbox 3334 3232 3441 3279; x_wconf 85' lang='lat' dir='ltr'><strong>non</strong></span> 
     </span>
    </p>
   </div>
   <div class='ocr_carea' id='block_1_62' title="bbox 182 3304 1771 3377">
    <p class='ocr_par' dir='ltr' id='par_1_62' title="bbox 182 3304 1771 3377">
     <span class='ocr_line' id='line_1_62' title="bbox 182 3304 1771 3377; baseline -0.001 -19"><span class='ocrx_word' id='word_1_463' title='bbox 182 3305 641 3377; x_wconf 75' lang='grc' dir='ltr'>ἁμαρτήσαντας,</span> <span class='ocrx_word' id='word_1_464' title='bbox 686 3306 776 3358; x_wconf 82' lang='grc' dir='ltr'>ἐπὶ</span> <span class='ocrx_word' id='word_1_465' title='bbox 798 3305 876 3376; x_wconf 82' lang='grc' dir='ltr'>τῷ</span> <span class='ocrx_word' id='word_1_466' title='bbox 910 3305 1217 3375; x_wconf 84' lang='grc' dir='ltr'>ὁμοιώματι</span> <span class='ocrx_word' id='word_1_467' title='bbox 1263 3305 1361 3375; x_wconf 85' lang='grc' dir='ltr'><strong>τῆς</strong></span> <span class='ocrx_word' id='word_1_468' title='bbox 1407 3304 1771 3375; x_wconf 87' lang='grc' dir='ltr'>παραϐάσεως</span> 
     </span>
    </p>
   </div>
   <div class='ocr_carea' id='block_1_63' title="bbox 184 3393 1771 3469">
    <p class='ocr_par' dir='ltr' id='par_1_63' title="bbox 184 3393 1771 3469">
     <span class='ocr_line' id='line_1_63' title="bbox 184 3393 1771 3469; baseline -0.001 -20"><span class='ocrx_word' id='word_1_469' title='bbox 184 3396 285 3449; x_wconf 70' lang='grc' dir='ltr'><strong>τοῦ</strong></span> <span class='ocrx_word' id='word_1_470' title='bbox 331 3395 521 3466; x_wconf 78' lang='grc' dir='ltr'>Ἀδάμ.</span> <span class='ocrx_word' id='word_1_471' title='bbox 558 3416 575 3447; x_wconf 76' lang='grc' dir='ltr'><strong>ι</strong></span> <span class='ocrx_word' id='word_1_472' title='bbox 619 3397 742 3460; x_wconf 90' lang='grc' dir='ltr'><strong>Πῶς</strong></span> <span class='ocrx_word' id='word_1_473' title='bbox 789 3393 882 3451; x_wconf 80' lang='grc' dir='ltr'>οὖν</span> <span class='ocrx_word' id='word_1_474' title='bbox 917 3398 1023 3469; x_wconf 78' lang='grc' dir='ltr'>ἄρα</span> <span class='ocrx_word' id='word_1_475' title='bbox 1068 3396 1222 3468; x_wconf 75' lang='grc' dir='ltr'>φησὶ,</span> <span class='ocrx_word' id='word_1_476' title='bbox 1264 3397 1357 3450; x_wconf 61' lang='grc' dir='ltr'><strong>καῖ⁷</strong></span> <span class='ocrx_word' id='word_1_477' title='bbox 1398 3396 1489 3447; x_wconf 76' lang='grc' dir='ltr'><strong>ἐπὶ</strong></span> <span class='ocrx_word' id='word_1_478' title='bbox 1526 3396 1650 3457; x_wconf 81' lang='grc' dir='ltr'>τοὺς</span> <span class='ocrx_word' id='word_1_479' title='bbox 1697 3394 1771 3464; x_wconf 83' lang='grc' dir='ltr'>μὴ</span> 
     </span>
    </p>
   </div>
   <div class='ocr_carea' id='block_1_64' title="bbox 179 3486 1771 3556">
    <p class='ocr_par' dir='ltr' id='par_1_64' title="bbox 179 3486 1771 3556">
     <span class='ocr_line' id='line_1_64' title="bbox 179 3486 1771 3556; baseline -0.001 -17"><span class='ocrx_word' id='word_1_480' title='bbox 179 3486 617 3556; x_wconf 81' lang='grc' dir='ltr'>ἁμαρτήσαντας</span> <span class='ocrx_word' id='word_1_481' title='bbox 683 3486 987 3555; x_wconf 85' lang='grc' dir='ltr'>βασιλεύειν</span> <span class='ocrx_word' id='word_1_482' title='bbox 1044 3489 1136 3540; x_wconf 86' lang='grc' dir='ltr'>τὸν</span> <span class='ocrx_word' id='word_1_483' title='bbox 1174 3488 1422 3551; x_wconf 86' lang='grc' dir='ltr'>θάνατον,</span> <span class='ocrx_word' id='word_1_484' title='bbox 1492 3486 1649 3555; x_wconf 79' lang='grc' dir='ltr'>εἴπερ</span> <span class='ocrx_word' id='word_1_485' title='bbox 1708 3488 1771 3538; x_wconf 83' lang='grc' dir='ltr'><strong>ἐκ</strong></span> 
     </span>
    </p>
   </div>
   <div class='ocr_carea' id='block_1_65' title="bbox 184 3575 1769 3648">
    <p class='ocr_par' dir='ltr' id='par_1_65' title="bbox 184 3575 1769 3648">
     <span class='ocr_line' id='line_1_65' title="bbox 184 3575 1769 3648; baseline 0.003 -20"><span class='ocrx_word' id='word_1_486' title='bbox 184 3575 581 3646; x_wconf 76' lang='grc' dir='ltr'>πρεσϐυτέρων</span> <span class='ocrx_word' id='word_1_487' title='bbox 612 3578 1024 3648; x_wconf 83' lang='grc' dir='ltr'>ἁμαρτημάτων</span> <span class='ocrx_word' id='word_1_488' title='bbox 1052 3577 1112 3630; x_wconf 86' lang='lat'><strong>16</strong></span> <span class='ocrx_word' id='word_1_489' title='bbox 1135 3578 1475 3647; x_wconf 79' lang='grc' dir='ltr'>ἀποθνῆσκον</span> <span class='ocrx_word' id='word_1_490' title='bbox 1519 3580 1651 3646; x_wconf 81' lang='grc' dir='ltr'>ἡμῖν</span> <span class='ocrx_word' id='word_1_491' title='bbox 1680 3580 1769 3631; x_wconf 89' lang='grc' dir='ltr'>δέ-</span> 
     </span>
    </p>
   </div>
   <div class='ocr_carea' id='block_1_66' title="bbox 180 3665 1769 3739">
    <p class='ocr_par' dir='ltr' id='par_1_66' title="bbox 180 3665 1769 3739">
     <span class='ocr_line' id='line_1_66' title="bbox 180 3665 1769 3739; baseline 0.003 -21"><span class='ocrx_word' id='word_1_492' title='bbox 180 3666 339 3718; x_wconf 81' lang='grc' dir='ltr'>δοται</span> <span class='ocrx_word' id='word_1_493' title='bbox 370 3665 557 3735; x_wconf 75' lang='grc' dir='ltr'>σῶμας</span> <span class='ocrx_word' id='word_1_494' title='bbox 601 3667 708 3719; x_wconf 83' lang='grc' dir='ltr'><strong>Ποῦ</strong></span> <span class='ocrx_word' id='word_1_495' title='bbox 742 3667 849 3738; x_wconf 77' lang='grc' dir='ltr'>γὰρ</span> <span class='ocrx_word' id='word_1_496' title='bbox 884 3668 1019 3729; x_wconf 84' lang='grc' dir='ltr'>ὅλως</span> <span class='ocrx_word' id='word_1_497' title='bbox 1046 3669 1097 3719; x_wconf 88' lang='grc' dir='ltr'><strong>οί</strong></span> <span class='ocrx_word' id='word_1_498' title='bbox 1146 3668 1218 3737; x_wconf 81' lang='grc' dir='ltr'>μὴ</span> <span class='ocrx_word' id='word_1_499' title='bbox 1249 3669 1685 3739; x_wconf 80' lang='grc' dir='ltr'>ἁμαρτήσαντες,</span> <span class='ocrx_word' id='word_1_500' title='bbox 1722 3673 1769 3723; x_wconf 88' lang='grc' dir='ltr'>εἰ</span> 
     </span>
    </p>
   </div>
   <div class='ocr_carea' id='block_1_67' title="bbox 179 3757 1769 3829">
    <p class='ocr_par' dir='ltr' id='par_1_67' title="bbox 179 3757 1769 3829">
     <span class='ocr_line' id='line_1_67' title="bbox 179 3757 1769 3829; baseline 0 -19"><span class='ocrx_word' id='word_1_501' title='bbox 179 3758 313 3825; x_wconf 84' lang='grc' dir='ltr'>δίκη</span> <span class='ocrx_word' id='word_1_502' title='bbox 340 3758 695 3825; x_wconf 85' lang='grc' dir='ltr'>πταισμάτων</span> <span class='ocrx_word' id='word_1_503' title='bbox 734 3760 765 3828; x_wconf 87' lang='grc' dir='ltr'><strong>ή</strong></span> <span class='ocrx_word' id='word_1_504' title='bbox 800 3759 1088 3829; x_wconf 83' lang='grc' dir='ltr'>σάρκωσις,</span> <span class='ocrx_word' id='word_1_505' title='bbox 1119 3758 1211 3810; x_wconf 71' lang='grc' dir='ltr'><strong>καὶ</strong></span> <span class='ocrx_word' id='word_1_506' title='bbox 1233 3758 1291 3809; x_wconf 87' lang='lat'><strong>16</strong></span> <span class='ocrx_word' id='word_1_507' title='bbox 1324 3760 1379 3810; x_wconf 87' lang='grc' dir='ltr'><strong>ἐν</strong></span> <span class='ocrx_word' id='word_1_508' title='bbox 1410 3757 1542 3827; x_wconf 80' lang='grc' dir='ltr'>τῷδε</span> <span class='ocrx_word' id='word_1_509' title='bbox 1564 3758 1640 3828; x_wconf 77' lang='grc' dir='ltr'>τῷ</span> <span class='ocrx_word' id='word_1_510' title='bbox 1671 3758 1769 3828; x_wconf 87' lang='grc' dir='ltr'><strong>βίῳ</strong></span> 
     </span>
    </p>
   </div>
   <div class='ocr_carea' id='block_1_68' title="bbox 183 3845 1771 3917">
    <p class='ocr_par' dir='ltr' id='par_1_68' title="bbox 183 3845 1771 3917">
     <span class='ocr_line' id='line_1_68' title="bbox 183 3845 1771 3917; baseline 0.001 -18"><span class='ocrx_word' id='word_1_511' title='bbox 183 3845 447 3913; x_wconf 77' lang='grc' dir='ltr'>γενέσθαι</span> <span class='ocrx_word' id='word_1_512' title='bbox 525 3848 659 3916; x_wconf 80' lang='grc' dir='ltr'>μετὰ</span> <span class='ocrx_word' id='word_1_513' title='bbox 722 3846 1001 3911; x_wconf 82' lang='grc' dir='ltr'>σώματος,</span> <span class='ocrx_word' id='word_1_514' title='bbox 1068 3846 1463 3916; x_wconf 86' lang='grc' dir='ltr'>προανατέλλον</span> <span class='ocrx_word' id='word_1_515' title='bbox 1524 3847 1635 3917; x_wconf 81' lang='grc' dir='ltr'>ἔχει</span> <span class='ocrx_word' id='word_1_516' title='bbox 1710 3848 1771 3901; x_wconf 88' lang='lat'><strong>16</strong></span> 
     </span>
    </p>
   </div>
   <div class='ocr_carea' id='block_1_69' title="bbox 184 3935 1770 4009">
    <p class='ocr_par' dir='ltr' id='par_1_69' title="bbox 184 3935 1770 4009">
     <span class='ocr_line' id='line_1_69' title="bbox 184 3935 1770 4009; baseline 0.003 -22"><span class='ocrx_word' id='word_1_517' title='bbox 184 3937 484 4005; x_wconf 81' lang='grc' dir='ltr'>Ξγκλημα;</span> <span class='ocrx_word' id='word_1_518' title='bbox 529 3939 760 4007; x_wconf 75' lang='grc' dir='ltr'>Ἀμαθὲς</span> <span class='ocrx_word' id='word_1_519' title='bbox 795 3935 888 3990; x_wconf 74' lang='grc' dir='ltr'><strong>οὖν</strong></span> <span class='ocrx_word' id='word_1_520' title='bbox 916 3940 1021 4009; x_wconf 81' lang='grc' dir='ltr'>ἄρα</span> <span class='ocrx_word' id='word_1_521' title='bbox 1052 3937 1157 3990; x_wconf 89' lang='grc' dir='ltr'><strong>τῶν</strong></span> <span class='ocrx_word' id='word_1_522' title='bbox 1195 3938 1261 3989; x_wconf 83' lang='grc' dir='ltr'>δι’</span> <span class='ocrx_word' id='word_1_523' title='bbox 1283 3938 1529 4001; x_wconf 89' lang='grc' dir='ltr'>ἐναντίας</span> <span class='ocrx_word' id='word_1_524' title='bbox 1548 3938 1608 3990; x_wconf 87' lang='lat'><strong>16</strong></span> <span class='ocrx_word' id='word_1_525' title='bbox 1636 3939 1770 4008; x_wconf 87' lang='grc' dir='ltr'>πρό-</span> 
     </span>
    </p>
   </div>
   <div class='ocr_carea' id='block_1_70' title="bbox 182 4026 398 4097">
    <p class='ocr_par' dir='ltr' id='par_1_70' title="bbox 182 4026 398 4097">
     <span class='ocr_line' id='line_1_70' title="bbox 182 4026 398 4097; baseline 0 -18"><span class='ocrx_word' id='word_1_526' title='bbox 182 4026 288 4097; x_wconf 76' lang='grc' dir='ltr'>σλη</span> <span class='ocrx_word' id='word_1_527' title='bbox 300 4043 378 4096; x_wconf 84' lang='grc' dir='ltr'><strong>μα</strong></span> <span class='ocrx_word' id='word_1_528' title='bbox 388 4067 398 4079; x_wconf 94' lang='grc'><strong>.</strong></span> 
     </span>
    </p>
   </div>
   <div class='ocr_carea' id='block_1_71' title="bbox 282 4115 1747 4189">
    <p class='ocr_par' dir='ltr' id='par_1_71' title="bbox 282 4115 1747 4189">
     <span class='ocr_line' id='line_1_71' title="bbox 282 4115 1747 4189; baseline 0 -18"><span class='ocrx_word' id='word_1_529' title='bbox 282 4118 356 4189; x_wconf 87' lang='grc' dir='ltr'><strong>η’.</strong></span> <span class='ocrx_word' id='word_1_530' title='bbox 385 4115 586 4171; x_wconf 78' lang='grc' dir='ltr'><strong>ΑΛΛΟ.</strong></span> <span class='ocrx_word' id='word_1_531' title='bbox 614 4119 967 4189; x_wconf 78' lang='grc' dir='ltr'>Προτήγαγόν</span> <span class='ocrx_word' id='word_1_532' title='bbox 1000 4135 1127 4171; x_wconf 87' lang='grc' dir='ltr'>ποτε</span> <span class='ocrx_word' id='word_1_533' title='bbox 1159 4118 1235 4188; x_wconf 79' lang='grc' dir='ltr'><strong>τῷ</strong></span> <span class='ocrx_word' id='word_1_534' title='bbox 1258 4119 1467 4188; x_wconf 78' lang='grc' dir='ltr'>Σωτῆρι</span> <span class='ocrx_word' id='word_1_535' title='bbox 1501 4118 1691 4171; x_wconf 80' lang='grc' dir='ltr'>πεῦσιν</span> <span class='ocrx_word' id='word_1_536' title='bbox 1719 4136 1747 4171; x_wconf 93' lang='grc' dir='ltr'><strong>ο</strong></span> 
     </span>
    </p>
   </div>
   <div class='ocr_carea' id='block_1_72' title="bbox 185 4210 1768 4281">
    <p class='ocr_par' dir='ltr' id='par_1_72' title="bbox 185 4210 1768 4281">
     <span class='ocr_line' id='line_1_72' title="bbox 185 4210 1768 4281; baseline -0.001 -17"><span class='ocrx_word' id='word_1_537' title='bbox 185 4211 441 4279; x_wconf 83' lang='grc' dir='ltr'>μαθηταὶ</span> <span class='ocrx_word' id='word_1_538' title='bbox 481 4210 607 4279; x_wconf 84' lang='grc' dir='ltr'>περί</span> <span class='ocrx_word' id='word_1_539' title='bbox 651 4228 793 4273; x_wconf 76' lang='grc' dir='ltr'>τινος</span> <span class='ocrx_word' id='word_1_540' title='bbox 832 4211 939 4261; x_wconf 88' lang='grc' dir='ltr'><strong>τῶν</strong></span> <span class='ocrx_word' id='word_1_541' title='bbox 978 4212 1040 4263; x_wconf 85' lang='grc' dir='ltr'><strong>ἐκ</strong></span> <span class='ocrx_word' id='word_1_542' title='bbox 1070 4210 1290 4279; x_wconf 82' lang='grc' dir='ltr'>γενετῆς</span> <span class='ocrx_word' id='word_1_543' title='bbox 1320 4210 1556 4279; x_wconf 77' lang='grc' dir='ltr'>τυφλῶν,</span> <span class='ocrx_word' id='word_1_544' title='bbox 1591 4211 1683 4264; x_wconf 75' lang='grc' dir='ltr'>καὶ</span> <span class='ocrx_word' id='word_1_545' title='bbox 1705 4211 1768 4281; x_wconf 83' lang='grc' dir='ltr'>δὴ</span> 
     </span>
    </p>
   </div>
   <div class='ocr_carea' id='block_1_73' title="bbox 184 4298 1772 4372">
    <p class='ocr_par' dir='ltr' id='par_1_73' title="bbox 184 4298 1772 4372">
     <span class='ocr_line' id='line_1_73' title="bbox 184 4298 1772 4372; baseline -0.002 -17"><span class='ocrx_word' id='word_1_546' title='bbox 184 4303 281 4355; x_wconf 74' lang='grc' dir='ltr'><strong>καὶ</strong></span> <span class='ocrx_word' id='word_1_547' title='bbox 314 4302 573 4368; x_wconf 62' lang='grc' dir='ltr'>ἔφασκον·</span> <span class='ocrx_word' id='word_1_548' title='bbox 597 4320 615 4352; x_wconf 75' lang='grc' dir='ltr'><strong>ι</strong></span> <span class='ocrx_word' id='word_1_549' title='bbox 649 4301 853 4363; x_wconf 76' lang='grc' dir='ltr'>Ῥαϐϐὶ,</span> <span class='ocrx_word' id='word_1_550' title='bbox 878 4303 959 4363; x_wconf 86' lang='grc' dir='ltr'><strong>τίς</strong></span> <span class='ocrx_word' id='word_1_551' title='bbox 986 4303 1248 4372; x_wconf 74' lang='grc' dir='ltr'>ἥμαρτεν,</span> <span class='ocrx_word' id='word_1_552' title='bbox 1267 4298 1438 4364; x_wconf 70' lang='grc' dir='ltr'>οὗτος.</span> <span class='ocrx_word' id='word_1_553' title='bbox 1467 4302 1497 4371; x_wconf 83' lang='grc' dir='ltr'>ἢ</span> <span class='ocrx_word' id='word_1_554' title='bbox 1525 4304 1571 4353; x_wconf 81' lang='grc' dir='ltr'>οἱ</span> <span class='ocrx_word' id='word_1_555' title='bbox 1595 4305 1772 4370; x_wconf 83' lang='grc' dir='ltr'>γονεῖς</span> 
     </span>
    </p>
   </div>
   <div class='ocr_carea' id='block_1_74' title="bbox 181 4392 1767 4464">
    <p class='ocr_par' dir='ltr' id='par_1_74' title="bbox 181 4392 1767 4464">
     <span class='ocr_line' id='line_1_74' title="bbox 181 4392 1767 4464; baseline 0.001 -21"><span class='ocrx_word' id='word_1_556' title='bbox 181 4393 383 4452; x_wconf 69' lang='grc' dir='ltr'>αὐτοῦ,</span> <span class='ocrx_word' id='word_1_557' title='bbox 417 4394 500 4443; x_wconf 78' lang='grc' dir='ltr'><strong>ἵνα</strong></span> <span class='ocrx_word' id='word_1_558' title='bbox 527 4392 723 4459; x_wconf 74' lang='grc' dir='ltr'>τυφλὸς</span> <span class='ocrx_word' id='word_1_559' title='bbox 749 4392 979 4462; x_wconf 82' lang='grc' dir='ltr'>γεννηθῇ</span> <span class='ocrx_word' id='word_1_560' title='bbox 1007 4411 1019 4455; x_wconf 88' lang='grc'>;</span> <span class='ocrx_word' id='word_1_561' title='bbox 1062 4412 1078 4441; x_wconf 77' lang='grc' dir='ltr'><strong>ι</strong></span> <span class='ocrx_word' id='word_1_562' title='bbox 1116 4393 1327 4462; x_wconf 79' lang='grc' dir='ltr'>Ἐπειδὴ</span> <span class='ocrx_word' id='word_1_563' title='bbox 1352 4392 1459 4461; x_wconf 74' lang='grc' dir='ltr'>γὰρ</span> <span class='ocrx_word' id='word_1_564' title='bbox 1486 4396 1543 4444; x_wconf 82' lang='grc' dir='ltr'>ἐν</span> <span class='ocrx_word' id='word_1_565' title='bbox 1568 4410 1767 4464; x_wconf 75' lang='grc' dir='ltr'>προφη-</span> 
     </span>
    </p>
   </div>
   <div class='ocr_carea' id='block_1_75' title="bbox 180 4482 1769 4553">
    <p class='ocr_par' dir='ltr' id='par_1_75' title="bbox 180 4482 1769 4553">
     <span class='ocr_line' id='line_1_75' title="bbox 180 4482 1769 4553; baseline -0.001 -16"><span class='ocrx_word' id='word_1_566' title='bbox 180 4486 364 4547; x_wconf 85' lang='grc' dir='ltr'>τικοῖς</span> <span class='ocrx_word' id='word_1_567' title='bbox 392 4484 798 4553; x_wconf 76' lang='grc' dir='ltr'>ἀναγέγραπται</span> <span class='ocrx_word' id='word_1_568' title='bbox 819 4482 993 4550; x_wconf 84' lang='grc' dir='ltr'>λόγοις</span> <span class='ocrx_word' id='word_1_569' title='bbox 1021 4482 1145 4551; x_wconf 76' lang='grc' dir='ltr'>περὶ</span> <span class='ocrx_word' id='word_1_570' title='bbox 1177 4482 1332 4544; x_wconf 88' lang='grc' dir='ltr'>Θεοῦ,</span> <span class='ocrx_word' id='word_1_571' title='bbox 1358 4485 1434 4545; x_wconf 83' lang='grc' dir='ltr'>ὡς</span> <span class='ocrx_word' id='word_1_572' title='bbox 1467 4484 1611 4536; x_wconf 80' lang='grc' dir='ltr'>ἔστιν</span> <span class='ocrx_word' id='word_1_573' title='bbox 1641 4487 1769 4537; x_wconf 83' lang='grc' dir='ltr'>άπο-</span> 
     </span>
    </p>
   </div>
   <div class='ocr_carea' id='block_1_76' title="bbox 1876 3304 3443 3375">
    <p class='ocr_par' dir='ltr' id='par_1_76' title="bbox 1876 3304 3443 3375">
     <span class='ocr_line' id='line_1_76' title="bbox 1876 3304 3443 3375; baseline 0.004 -17"><span class='ocrx_word' id='word_1_574' title='bbox 1876 3312 2283 3374; x_wconf 79' lang='lat' dir='ltr'><strong>peccaverunt,</strong></span> <span class='ocrx_word' id='word_1_575' title='bbox 2351 3305 2403 3358; x_wconf 91' lang='lat' dir='ltr'><strong>iu</strong></span> <span class='ocrx_word' id='word_1_576' title='bbox 2479 3304 2898 3359; x_wconf 89' lang='lat' dir='ltr'><strong>similitudinem</strong></span> <span class='ocrx_word' id='word_1_577' title='bbox 2973 3308 3443 3375; x_wconf 60' lang='lat' dir='ltr'><strong>pravarieationis</strong></span> 
     </span>
    </p>
   </div>
   <div class='ocr_carea' id='block_1_77' title="bbox 1873 3392 3443 3465">
    <p class='ocr_par' dir='ltr' id='par_1_77' title="bbox 1873 3392 3443 3465">
     <span class='ocr_line' id='line_1_77' title="bbox 1873 3392 3443 3465; baseline 0.008 -20"><span class='ocrx_word' id='word_1_578' title='bbox 1873 3394 2060 3446; x_wconf 68' lang='lat' dir='ltr'><strong>Adae&quot;.</strong></span> <span class='ocrx_word' id='word_1_579' title='bbox 2097 3412 2115 3444; x_wconf 72' lang='grc' dir='ltr'><strong>ι</strong></span> <span class='ocrx_word' id='word_1_580' title='bbox 2161 3392 2448 3459; x_wconf 87' lang='lat' dir='ltr'><strong>Quomodo</strong></span> <span class='ocrx_word' id='word_1_581' title='bbox 2483 3395 2653 3465; x_wconf 75' lang='lat' dir='ltr'><strong>igitur</strong></span> <span class='ocrx_word' id='word_1_582' title='bbox 2693 3397 2768 3448; x_wconf 87' lang='lat' dir='ltr'><strong>ait</strong></span> <span class='ocrx_word' id='word_1_583' title='bbox 2803 3406 3035 3451; x_wconf 83' lang='lat' dir='ltr'><strong>mortem</strong></span> <span class='ocrx_word' id='word_1_584' title='bbox 3073 3398 3236 3452; x_wconf 89' lang='lat' dir='ltr'><strong>etiam</strong></span> <span class='ocrx_word' id='word_1_585' title='bbox 3263 3397 3316 3451; x_wconf 90' lang='lat' dir='ltr'><strong>iu</strong></span> <span class='ocrx_word' id='word_1_586' title='bbox 3349 3414 3443 3457; x_wconf 83' lang='lat' dir='ltr'><strong>eos</strong></span> 
     </span>
    </p>
   </div>
   <div class='ocr_carea' id='block_1_78' title="bbox 1874 3484 3442 3556">
    <p class='ocr_par' dir='ltr' id='par_1_78' title="bbox 1874 3484 3442 3556">
     <span class='ocr_line' id='line_1_78' title="bbox 1874 3484 3442 3556; baseline 0.005 -20"><span class='ocrx_word' id='word_1_587' title='bbox 1874 3498 2101 3551; x_wconf 75' lang='lat' dir='ltr'><strong>regnare</strong></span> <span class='ocrx_word' id='word_1_588' title='bbox 2157 3484 2247 3552; x_wconf 87' lang='lat' dir='ltr'><strong>qui</strong></span> <span class='ocrx_word' id='word_1_589' title='bbox 2308 3498 2416 3537; x_wconf 91' lang='lat' dir='ltr'><strong>non</strong></span> <span class='ocrx_word' id='word_1_590' title='bbox 2480 3493 2867 3553; x_wconf 88' lang='lat' dir='ltr'><strong>peccaverunt,</strong></span> <span class='ocrx_word' id='word_1_591' title='bbox 2933 3486 2978 3538; x_wconf 89' lang='lat' dir='ltr'><strong>si</strong></span> <span class='ocrx_word' id='word_1_592' title='bbox 3031 3501 3094 3539; x_wconf 81' lang='lat' dir='ltr'><strong>ex</strong></span> <span class='ocrx_word' id='word_1_593' title='bbox 3149 3486 3442 3556; x_wconf 75' lang='lat' dir='ltr'><strong>prteteritis</strong></span> 
     </span>
    </p>
   </div>
   <div class='ocr_carea' id='block_1_79' title="bbox 1874 3576 3437 3647">
    <p class='ocr_par' dir='ltr' id='par_1_79' title="bbox 1874 3576 3437 3647">
     <span class='ocr_line' id='line_1_79' title="bbox 1874 3576 3437 3647; baseline 0.001 -17"><span class='ocrx_word' id='word_1_594' title='bbox 1874 3578 2113 3645; x_wconf 89' lang='lat' dir='ltr'><strong>peccatis</strong></span> <span class='ocrx_word' id='word_1_595' title='bbox 2170 3576 2399 3630; x_wconf 87' lang='lat' dir='ltr'><strong>mortale</strong></span> <span class='ocrx_word' id='word_1_596' title='bbox 2458 3576 2619 3629; x_wconf 89' lang='lat' dir='ltr'><strong>nobis</strong></span> <span class='ocrx_word' id='word_1_597' title='bbox 2662 3593 2864 3647; x_wconf 90' lang='lat' dir='ltr'><strong>corpus</strong></span> <span class='ocrx_word' id='word_1_598' title='bbox 2920 3577 3106 3631; x_wconf 85' lang='lat' dir='ltr'><strong>datum</strong></span> <span class='ocrx_word' id='word_1_599' title='bbox 3165 3578 3293 3633; x_wconf 83' lang='lat' dir='ltr'><strong>est?</strong></span> <span class='ocrx_word' id='word_1_600' title='bbox 3338 3576 3437 3639; x_wconf 84' lang='lat' dir='ltr'><strong>Ubi</strong></span> 
     </span>
    </p>
   </div>
   <div class='ocr_carea' id='block_1_80' title="bbox 1871 3667 3438 3739">
    <p class='ocr_par' dir='ltr' id='par_1_80' title="bbox 1871 3667 3438 3739">
     <span class='ocr_line' id='line_1_80' title="bbox 1871 3667 3438 3739; baseline 0.001 -20"><span class='ocrx_word' id='word_1_601' title='bbox 1871 3667 2014 3719; x_wconf 89' lang='lat' dir='ltr'><strong>enim</strong></span> <span class='ocrx_word' id='word_1_602' title='bbox 2040 3668 2303 3734; x_wconf 81' lang='lat' dir='ltr'><strong>gentium,</strong></span> <span class='ocrx_word' id='word_1_603' title='bbox 2325 3681 2533 3736; x_wconf 80' lang='lat' dir='ltr'><strong>qmeso,</strong></span> <span class='ocrx_word' id='word_1_604' title='bbox 2554 3675 2691 3739; x_wconf 80' lang='lat' dir='ltr'><strong>sunt</strong></span> <span class='ocrx_word' id='word_1_605' title='bbox 2714 3668 2788 3719; x_wconf 91' lang='lat' dir='ltr'><strong>illi</strong></span> <span class='ocrx_word' id='word_1_606' title='bbox 2815 3667 2905 3737; x_wconf 90' lang='lat' dir='ltr'><strong>qui</strong></span> <span class='ocrx_word' id='word_1_607' title='bbox 2925 3683 3029 3721; x_wconf 92' lang='lat' dir='ltr'><strong>non</strong></span> <span class='ocrx_word' id='word_1_608' title='bbox 3054 3678 3438 3737; x_wconf 81' lang='lat' dir='ltr'><strong>peccaverunt,</strong></span> 
     </span>
    </p>
   </div>
   <div class='ocr_carea' id='block_1_81' title="bbox 1872 3758 3433 3827">
    <p class='ocr_par' dir='ltr' id='par_1_81' title="bbox 1872 3758 3433 3827">
     <span class='ocr_line' id='line_1_81' title="bbox 1872 3758 3433 3827; baseline 0.001 -16"><span class='ocrx_word' id='word_1_609' title='bbox 1872 3758 1917 3811; x_wconf 90' lang='lat' dir='ltr'><strong>si</strong></span> <span class='ocrx_word' id='word_1_610' title='bbox 1952 3767 2301 3827; x_wconf 85' lang='lat' dir='ltr'><strong>peccatorum</strong></span> <span class='ocrx_word' id='word_1_611' title='bbox 2334 3773 2494 3827; x_wconf 59' lang='lat' dir='ltr'><strong>paena</strong></span> <span class='ocrx_word' id='word_1_612' title='bbox 2525 3767 2607 3813; x_wconf 90' lang='lat' dir='ltr'><strong>est</strong></span> <span class='ocrx_word' id='word_1_613' title='bbox 2641 3758 2837 3812; x_wconf 63' lang='lat' dir='ltr'><strong>animae</strong></span> <span class='ocrx_word' id='word_1_614' title='bbox 2878 3774 3001 3812; x_wconf 89' lang='lat' dir='ltr'><strong>cum</strong></span> <span class='ocrx_word' id='word_1_615' title='bbox 3036 3772 3264 3826; x_wconf 78' lang='lat' dir='ltr'><strong>corpore</strong></span> <span class='ocrx_word' id='word_1_616' title='bbox 3306 3775 3433 3814; x_wconf 91' lang='lat' dir='ltr'><strong>con-</strong></span> 
     </span>
    </p>
   </div>
   <div class='ocr_carea' id='block_1_82' title="bbox 1868 3850 3436 3921">
    <p class='ocr_par' dir='ltr' id='par_1_82' title="bbox 1868 3850 3436 3921">
     <span class='ocr_line' id='line_1_82' title="bbox 1868 3850 3436 3921; baseline 0.001 -18"><span class='ocrx_word' id='word_1_617' title='bbox 1868 3850 2102 3919; x_wconf 86' lang='lat' dir='ltr'><strong>junctio,</strong></span> <span class='ocrx_word' id='word_1_618' title='bbox 2134 3860 2188 3905; x_wconf 89' lang='lat' dir='ltr'><strong>et</strong></span> <span class='ocrx_word' id='word_1_619' title='bbox 2228 3850 2505 3905; x_wconf 80' lang='lat' dir='ltr'><strong>sarcinam</strong></span> <span class='ocrx_word' id='word_1_620' title='bbox 2539 3852 2783 3919; x_wconf 83' lang='lat' dir='ltr'><strong>corporis</strong></span> <span class='ocrx_word' id='word_1_621' title='bbox 2814 3851 2865 3903; x_wconf 92' lang='lat' dir='ltr'><strong>in</strong></span> <span class='ocrx_word' id='word_1_622' title='bbox 2912 3850 3013 3903; x_wconf 88' lang='lat' dir='ltr'><strong>hac</strong></span> <span class='ocrx_word' id='word_1_623' title='bbox 3046 3851 3155 3903; x_wconf 88' lang='lat' dir='ltr'><strong>vita</strong></span> <span class='ocrx_word' id='word_1_624' title='bbox 3200 3860 3436 3921; x_wconf 75' lang='lat' dir='ltr'><strong>gestare,</strong></span> 
     </span>
    </p>
   </div>
   <div class='ocr_carea' id='block_1_83' title="bbox 1872 3940 3439 4012">
    <p class='ocr_par' dir='ltr' id='par_1_83' title="bbox 1872 3940 3439 4012">
     <span class='ocr_line' id='line_1_83' title="bbox 1872 3940 3439 4012; baseline 0.001 -19"><span class='ocrx_word' id='word_1_625' title='bbox 1872 3942 2231 4012; x_wconf 72' lang='lat' dir='ltr'><strong>praecedentis</strong></span> <span class='ocrx_word' id='word_1_626' title='bbox 2278 3956 2435 4012; x_wconf 78' lang='lat' dir='ltr'><strong>poena</strong></span> <span class='ocrx_word' id='word_1_627' title='bbox 2469 3950 2552 3996; x_wconf 90' lang='lat' dir='ltr'><strong>est</strong></span> <span class='ocrx_word' id='word_1_628' title='bbox 2608 3942 2861 4009; x_wconf 88' lang='lat' dir='ltr'><strong>peccati?</strong></span> <span class='ocrx_word' id='word_1_629' title='bbox 2906 3940 3091 4011; x_wconf 82' lang='lat' dir='ltr'><strong>Inepta</strong></span> <span class='ocrx_word' id='word_1_630' title='bbox 3160 3941 3326 4011; x_wconf 75' lang='lat' dir='ltr'><strong>igitur</strong></span> <span class='ocrx_word' id='word_1_631' title='bbox 3354 3953 3439 3997; x_wconf 89' lang='lat' dir='ltr'><strong>est</strong></span> 
     </span>
    </p>
   </div>
   <div class='ocr_carea' id='block_1_84' title="bbox 1872 4033 2667 4103">
    <p class='ocr_par' dir='ltr' id='par_1_84' title="bbox 1872 4033 2667 4103">
     <span class='ocr_line' id='line_1_84' title="bbox 1872 4033 2667 4103; baseline 0 -18"><span class='ocrx_word' id='word_1_632' title='bbox 1872 4033 2310 4088; x_wconf 88' lang='lat' dir='ltr'><strong>adversariorum</strong></span> <span class='ocrx_word' id='word_1_633' title='bbox 2348 4034 2667 4103; x_wconf 89' lang='lat' dir='ltr'><strong>propositio.</strong></span> 
     </span>
    </p>
   </div>
   <div class='ocr_carea' id='block_1_85' title="bbox 1943 4123 3437 4194">
    <p class='ocr_par' dir='ltr' id='par_1_85' title="bbox 1943 4123 3437 4194">
     <span class='ocr_line' id='line_1_85' title="bbox 1943 4123 3437 4194; baseline -0.001 -17"><span class='ocrx_word' id='word_1_634' title='bbox 1943 4126 2025 4179; x_wconf 86' lang='lat' dir='ltr'><strong>l8.</strong></span> <span class='ocrx_word' id='word_1_635' title='bbox 2094 4123 2322 4178; x_wconf 81' lang='lat' dir='ltr'><strong>ALIUD.</strong></span> <span class='ocrx_word' id='word_1_636' title='bbox 2384 4123 2643 4194; x_wconf 84' lang='lat' dir='ltr'><strong>Discipuli</strong></span> <span class='ocrx_word' id='word_1_637' title='bbox 2696 4123 2972 4176; x_wconf 81' lang='lat' dir='ltr'><strong>Christum</strong></span> <span class='ocrx_word' id='word_1_638' title='bbox 3028 4125 3437 4193; x_wconf 76' lang='lat' dir='ltr'><strong>interrogarunt</strong></span> 
     </span>
    </p>
   </div>
   <div class='ocr_carea' id='block_1_86' title="bbox 1872 4216 3432 4286">
    <p class='ocr_par' dir='ltr' id='par_1_86' title="bbox 1872 4216 3432 4286">
     <span class='ocr_line' id='line_1_86' title="bbox 1872 4216 3432 4286; baseline -0.001 -15"><span class='ocrx_word' id='word_1_639' title='bbox 1872 4217 2165 4286; x_wconf 76' lang='lat' dir='ltr'><strong>aliquando</strong></span> <span class='ocrx_word' id='word_1_640' title='bbox 2189 4217 2253 4271; x_wconf 84' lang='lat' dir='ltr'><strong>de</strong></span> <span class='ocrx_word' id='word_1_641' title='bbox 2282 4232 2425 4270; x_wconf 70' lang='lat' dir='ltr'><strong>cmro</strong></span> <span class='ocrx_word' id='word_1_642' title='bbox 2448 4217 2679 4285; x_wconf 85' lang='lat' dir='ltr'><strong>quodam</strong></span> <span class='ocrx_word' id='word_1_643' title='bbox 2712 4231 2740 4269; x_wconf 91' lang='lat' dir='ltr'><strong>a</strong></span> <span class='ocrx_word' id='word_1_644' title='bbox 2767 4216 3072 4277; x_wconf 77' lang='lat' dir='ltr'><strong>nativitate,</strong></span> <span class='ocrx_word' id='word_1_645' title='bbox 3106 4216 3187 4269; x_wconf 93' lang='lat' dir='ltr'><strong>his</strong></span> <span class='ocrx_word' id='word_1_646' title='bbox 3215 4216 3394 4270; x_wconf 82' lang='lat' dir='ltr'><strong>verbis</strong></span> <span class='ocrx_word' id='word_1_647' title='bbox 3422 4237 3432 4270; x_wconf 94' lang='lat'><strong>:</strong></span> 
     </span>
    </p>
   </div>
   <div class='ocr_carea' id='block_1_87' title="bbox 1877 4304 3435 4375">
    <p class='ocr_par' dir='ltr' id='par_1_87' title="bbox 1877 4304 3435 4375">
     <span class='ocr_line' id='line_1_87' title="bbox 1877 4304 3435 4375; baseline 0 -18"><span class='ocrx_word' id='word_1_648' title='bbox 1877 4326 1895 4357; x_wconf 85' lang='grc'><strong><em>‹</em></strong></span> <span class='ocrx_word' id='word_1_649' title='bbox 1937 4304 2133 4369; x_wconf 79' lang='lat' dir='ltr'><strong>Rahbi,</strong></span> <span class='ocrx_word' id='word_1_650' title='bbox 2193 4306 2316 4374; x_wconf 90' lang='lat' dir='ltr'><strong>quis</strong></span> <span class='ocrx_word' id='word_1_651' title='bbox 2354 4309 2644 4375; x_wconf 84' lang='lat' dir='ltr'><strong>peccavit,</strong></span> <span class='ocrx_word' id='word_1_652' title='bbox 2682 4304 2790 4367; x_wconf 91' lang='lat' dir='ltr'><strong>hic,</strong></span> <span class='ocrx_word' id='word_1_653' title='bbox 2847 4311 2939 4356; x_wconf 89' lang='lat' dir='ltr'><strong>aut</strong></span> <span class='ocrx_word' id='word_1_654' title='bbox 2991 4313 3247 4374; x_wconf 88' lang='lat' dir='ltr'><strong>parentes</strong></span> <span class='ocrx_word' id='word_1_655' title='bbox 3295 4304 3435 4375; x_wconf 81' lang='lat' dir='ltr'><strong>ejus,</strong></span> 
     </span>
    </p>
   </div>
   <div class='ocr_carea' id='block_1_88' title="bbox 1873 4394 3440 4463">
    <p class='ocr_par' dir='ltr' id='par_1_88' title="bbox 1873 4394 3440 4463">
     <span class='ocr_line' id='line_1_88' title="bbox 1873 4394 3440 4463; baseline 0.001 -15"><span class='ocrx_word' id='word_1_656' title='bbox 1873 4406 1931 4448; x_wconf 87' lang='lat' dir='ltr'><strong>ut</strong></span> <span class='ocrx_word' id='word_1_657' title='bbox 1971 4412 2148 4450; x_wconf 68' lang='lat' dir='ltr'><strong>caecus</strong></span> <span class='ocrx_word' id='word_1_658' title='bbox 2182 4394 2586 4450; x_wconf 85' lang='lat' dir='ltr'><strong>nasccretur&#39;?</strong></span> <span class='ocrx_word' id='word_1_659' title='bbox 2620 4415 2638 4446; x_wconf 76' lang='grc' dir='ltr'><strong>ι</strong></span> <span class='ocrx_word' id='word_1_660' title='bbox 2685 4394 2820 4447; x_wconf 89' lang='lat' dir='ltr'><strong>Cum</strong></span> <span class='ocrx_word' id='word_1_661' title='bbox 2870 4396 3015 4448; x_wconf 88' lang='lat' dir='ltr'><strong>enim</strong></span> <span class='ocrx_word' id='word_1_662' title='bbox 3068 4396 3334 4463; x_wconf 87' lang='lat' dir='ltr'><strong>scriptum</strong></span> <span class='ocrx_word' id='word_1_663' title='bbox 3368 4398 3440 4451; x_wconf 82' lang='lat' dir='ltr'><strong>sit</strong></span> 
     </span>
    </p>
   </div>
   <div class='ocr_carea' id='block_1_89' title="bbox 1872 4487 3442 4559">
    <p class='ocr_par' dir='ltr' id='par_1_89' title="bbox 1872 4487 3442 4559">
     <span class='ocr_line' id='line_1_89' title="bbox 1872 4487 3442 4559; baseline 0.001 -17"><span class='ocrx_word' id='word_1_664' title='bbox 1872 4490 1924 4542; x_wconf 90' lang='lat' dir='ltr'><strong>in</strong></span> <span class='ocrx_word' id='word_1_665' title='bbox 1955 4490 2343 4559; x_wconf 77' lang='lat' dir='ltr'><strong>prophetarum</strong></span> <span class='ocrx_word' id='word_1_666' title='bbox 2386 4488 2545 4541; x_wconf 89' lang='lat' dir='ltr'><strong>libris</strong></span> <span class='ocrx_word' id='word_1_667' title='bbox 2594 4488 2661 4543; x_wconf 91' lang='lat' dir='ltr'><strong>de</strong></span> <span class='ocrx_word' id='word_1_668' title='bbox 2714 4487 2846 4549; x_wconf 89' lang='lat' dir='ltr'><strong>Deo,</strong></span> <span class='ocrx_word' id='word_1_669' title='bbox 2906 4487 3081 4556; x_wconf 89' lang='lat' dir='ltr'><strong>ipsum</strong></span> <span class='ocrx_word' id='word_1_670' title='bbox 3138 4488 3442 4543; x_wconf 87' lang='lat' dir='ltr'><strong>retribuere</strong></span> 
     </span>
    </p>
   </div>
   <div class='ocr_carea' id='block_1_90' title="bbox 180 4570 1844 4650">
    <p class='ocr_par' dir='ltr' id='par_1_90' title="bbox 180 4570 1841 4644">
     <span class='ocr_line' id='line_1_90' title="bbox 180 4570 1841 4644; baseline 0 -17"><span class='ocrx_word' id='word_1_671' title='bbox 180 4570 367 4637; x_wconf 72' lang='grc' dir='ltr'>διδοὺς</span> <span class='ocrx_word' id='word_1_672' title='bbox 400 4574 667 4643; x_wconf 79' lang='grc' dir='ltr'>ἁμαρτίας</span> <span class='ocrx_word' id='word_1_673' title='bbox 690 4574 939 4644; x_wconf 76' lang='grc' dir='ltr'>πατέρων</span> <span class='ocrx_word' id='word_1_674' title='bbox 971 4574 1060 4626; x_wconf 73' lang='grc' dir='ltr'>ἐπὶ</span> <span class='ocrx_word' id='word_1_675' title='bbox 1077 4577 1259 4639; x_wconf 88' lang='grc' dir='ltr'>τέκνα,</span> <span class='ocrx_word' id='word_1_676' title='bbox 1310 4574 1465 4626; x_wconf 83' lang='grc' dir='ltr'>τοῦτο</span> <span class='ocrx_word' id='word_1_677' title='bbox 1506 4575 1768 4627; x_wconf 86' lang='grc' dir='ltr'>πεπονθέ-</span> <span class='ocrx_word' id='word_1_678' title='bbox 1799 4580 1841 4634; x_wconf 85' lang='grc' dir='ltr'><strong>Ι)</strong></span> 
     </span>
    </p>
   </div>
   <div class='ocr_carea' id='block_1_91' title="bbox 1773 4570 3437 4650">
    <p class='ocr_par' dir='ltr' id='par_1_91' title="bbox 1799 4577 3437 4650">
     <span class='ocr_line' id='line_1_91' title="bbox 1799 4577 3437 4650; baseline 0 -16"><span class='ocrx_word' id='word_1_679' title='bbox 1799 4580 1841 4634; x_wconf 84' lang='grc' dir='ltr'><strong>Ι)</strong></span> <span class='ocrx_word' id='word_1_680' title='bbox 1873 4589 2092 4650; x_wconf 84' lang='lat' dir='ltr'><strong>peccata</strong></span> <span class='ocrx_word' id='word_1_681' title='bbox 2127 4588 2341 4649; x_wconf 87' lang='lat' dir='ltr'><strong>patrum</strong></span> <span class='ocrx_word' id='word_1_682' title='bbox 2385 4580 2437 4631; x_wconf 91' lang='lat' dir='ltr'><strong>iu</strong></span> <span class='ocrx_word' id='word_1_683' title='bbox 2479 4578 2620 4633; x_wconf 83' lang='lat' dir='ltr'><strong>lilios</strong></span> <span class='ocrx_word' id='word_1_684' title='bbox 2645 4579 2688 4641; x_wconf 82' lang='lat'><strong>’,</strong></span> <span class='ocrx_word' id='word_1_685' title='bbox 2738 4577 2885 4632; x_wconf 91' lang='lat' dir='ltr'><strong>istud</strong></span> <span class='ocrx_word' id='word_1_686' title='bbox 2941 4578 3189 4633; x_wconf 83' lang='lat' dir='ltr'><strong>accidere</strong></span> <span class='ocrx_word' id='word_1_687' title='bbox 3234 4580 3437 4634; x_wconf 88' lang='lat' dir='ltr'><strong>homini</strong></span> 
     </span>
    </p>
   </div>
   <div class='ocr_carea' id='block_1_92' title="bbox 180 4663 1767 4736">
    <p class='ocr_par' dir='ltr' id='par_1_92' title="bbox 180 4663 1767 4736">
     <span class='ocr_line' id='line_1_92' title="bbox 180 4663 1767 4736; baseline -0.002 -15"><span class='ocrx_word' id='word_1_688' title='bbox 180 4686 276 4721; x_wconf 74' lang='grc' dir='ltr'><strong>ναι</strong></span> <span class='ocrx_word' id='word_1_689' title='bbox 306 4668 403 4718; x_wconf 84' lang='grc' dir='ltr'><strong>τὸν</strong></span> <span class='ocrx_word' id='word_1_690' title='bbox 436 4667 717 4734; x_wconf 77' lang='grc' dir='ltr'>ἄνθρωπον</span> <span class='ocrx_word' id='word_1_691' title='bbox 758 4666 1016 4719; x_wconf 82' lang='grc' dir='ltr'>ὑπενόουν</span> <span class='ocrx_word' id='word_1_692' title='bbox 1038 4668 1085 4719; x_wconf 75' lang='lat' dir='ltr'><strong>oi</strong></span> <span class='ocrx_word' id='word_1_693' title='bbox 1111 4665 1369 4736; x_wconf 84' lang='grc' dir='ltr'>μαθηταί.</span> <span class='ocrx_word' id='word_1_694' title='bbox 1396 4666 1459 4717; x_wconf 94' lang='grc' dir='ltr'>Τί</span> <span class='ocrx_word' id='word_1_695' title='bbox 1505 4663 1597 4717; x_wconf 73' lang='grc' dir='ltr'><strong>οὖν</strong></span> <span class='ocrx_word' id='word_1_696' title='bbox 1631 4667 1767 4736; x_wconf 72' lang='grc' dir='ltr'>πρὸς</span> 
     </span>
    </p>
   </div>
   <div class='ocr_carea' id='block_1_93' title="bbox 181 4752 1767 4828">
    <p class='ocr_par' dir='ltr' id='par_1_93' title="bbox 181 4752 1767 4828">
     <span class='ocr_line' id='line_1_93' title="bbox 181 4752 1767 4828; baseline -0.001 -17"><span class='ocrx_word' id='word_1_697' title='bbox 181 4758 368 4811; x_wconf 85' lang='grc' dir='ltr'>ταῦτα</span> <span class='ocrx_word' id='word_1_698' title='bbox 395 4757 626 4827; x_wconf 84' lang='grc' dir='ltr'>Χριστός</span> <span class='ocrx_word' id='word_1_699' title='bbox 648 4774 661 4821; x_wconf 85' lang='grc'>;</span> <span class='ocrx_word' id='word_1_700' title='bbox 680 4776 698 4808; x_wconf 84' lang='grc'><strong><em>‹</em></strong></span> <span class='ocrx_word' id='word_1_701' title='bbox 736 4757 904 4828; x_wconf 77' lang='grc' dir='ltr'>Ἀμὴν</span> <span class='ocrx_word' id='word_1_702' title='bbox 931 4757 1075 4824; x_wconf 88' lang='grc' dir='ltr'>λέγω</span> <span class='ocrx_word' id='word_1_703' title='bbox 1102 4757 1248 4825; x_wconf 84' lang='grc' dir='ltr'>ὑμῖν,</span> <span class='ocrx_word' id='word_1_704' title='bbox 1268 4755 1389 4809; x_wconf 75' lang='grc' dir='ltr'>οὔτε</span> <span class='ocrx_word' id='word_1_705' title='bbox 1418 4752 1767 4826; x_wconf 74' lang='grc' dir='ltr'>οὗτοςήμαρ-</span> 
     </span>
    </p>
   </div>
   <div class='ocr_carea' id='block_1_94' title="bbox 180 4848 1767 4919">
    <p class='ocr_par' dir='ltr' id='par_1_94' title="bbox 180 4848 1767 4919">
     <span class='ocr_line' id='line_1_94' title="bbox 180 4848 1767 4919; baseline -0.001 -16"><span class='ocrx_word' id='word_1_706' title='bbox 180 4868 302 4913; x_wconf 87' lang='grc' dir='ltr'>τεν,</span> <span class='ocrx_word' id='word_1_707' title='bbox 352 4849 479 4902; x_wconf 72' lang='grc' dir='ltr'>οὔτε</span> <span class='ocrx_word' id='word_1_708' title='bbox 517 4851 566 4902; x_wconf 80' lang='lat' dir='ltr'><strong>oi</strong></span> <span class='ocrx_word' id='word_1_709' title='bbox 614 4853 793 4917; x_wconf 87' lang='grc' dir='ltr'>γονεῖς</span> <span class='ocrx_word' id='word_1_710' title='bbox 835 4849 1022 4915; x_wconf 80' lang='grc' dir='ltr'>αὑτοῦ,</span> <span class='ocrx_word' id='word_1_711' title='bbox 1058 4849 1173 4901; x_wconf 77' lang='grc' dir='ltr'>ἀλλ’</span> <span class='ocrx_word' id='word_1_712' title='bbox 1226 4850 1313 4901; x_wconf 81' lang='grc' dir='ltr'>ἵνα</span> <span class='ocrx_word' id='word_1_713' title='bbox 1358 4849 1645 4919; x_wconf 81' lang='grc' dir='ltr'>φανερωθῇ</span> <span class='ocrx_word' id='word_1_714' title='bbox 1700 4848 1767 4901; x_wconf 84' lang='grc' dir='ltr'><strong>τά</strong></span> 
     </span>
    </p>
   </div>
   <div class='ocr_carea' id='block_1_95' title="bbox 179 4936 1768 5011">
    <p class='ocr_par' dir='ltr' id='par_1_95' title="bbox 179 4936 1768 5011">
     <span class='ocr_line' id='line_1_95' title="bbox 179 4936 1768 5011; baseline -0.001 -17"><span class='ocrx_word' id='word_1_715' title='bbox 179 4942 327 5011; x_wconf 74' lang='grc' dir='ltr'>ἔργα</span> <span class='ocrx_word' id='word_1_716' title='bbox 380 4940 475 4993; x_wconf 86' lang='grc' dir='ltr'><strong>τοῦ</strong></span> <span class='ocrx_word' id='word_1_717' title='bbox 542 4940 676 4993; x_wconf 84' lang='grc' dir='ltr'>Θεοῦ</span> <span class='ocrx_word' id='word_1_718' title='bbox 738 4943 795 4993; x_wconf 86' lang='grc' dir='ltr'>ἐν</span> <span class='ocrx_word' id='word_1_719' title='bbox 829 4940 993 5010; x_wconf 79' lang='grc' dir='ltr'>αὐτῷ.</span> <span class='ocrx_word' id='word_1_720' title='bbox 1036 4959 1053 4991; x_wconf 77' lang='grc' dir='ltr'><strong>ι</strong></span> <span class='ocrx_word' id='word_1_721' title='bbox 1103 4938 1228 5003; x_wconf 91' lang='grc' dir='ltr'><strong>Πῶς</strong></span> <span class='ocrx_word' id='word_1_722' title='bbox 1267 4936 1358 4994; x_wconf 78' lang='grc' dir='ltr'>οὖν</span> <span class='ocrx_word' id='word_1_723' title='bbox 1409 4940 1513 5004; x_wconf 78' lang='grc' dir='ltr'>ἔξω</span> <span class='ocrx_word' id='word_1_724' title='bbox 1556 4940 1768 5010; x_wconf 85' lang='grc' dir='ltr'>τίθησιν</span> 
     </span>
    </p>
   </div>
   <div class='ocr_carea' id='block_1_96' title="bbox 179 5030 1766 5106">
    <p class='ocr_par' dir='ltr' id='par_1_96' title="bbox 179 5030 1766 5106">
     <span class='ocr_line' id='line_1_96' title="bbox 179 5030 1766 5106; baseline -0.003 -18"><span class='ocrx_word' id='word_1_725' title='bbox 179 5033 472 5106; x_wconf 79' lang='grc' dir='ltr'>ἁμαρτίας</span> <span class='ocrx_word' id='word_1_726' title='bbox 486 5034 700 5096; x_wconf 72' lang='grc' dir='ltr'>αὐτοὺς,</span> <span class='ocrx_word' id='word_1_727' title='bbox 737 5032 913 5085; x_wconf 82' lang='grc' dir='ltr'>καίτοι</span> <span class='ocrx_word' id='word_1_728' title='bbox 945 5031 1017 5102; x_wconf 84' lang='grc' dir='ltr'>μὴ</span> <span class='ocrx_word' id='word_1_729' title='bbox 1050 5030 1204 5097; x_wconf 79' lang='grc' dir='ltr'>ϐντας</span> <span class='ocrx_word' id='word_1_730' title='bbox 1240 5031 1602 5101; x_wconf 85' lang='grc' dir='ltr'>ἀνεγκλήτους</span> <span class='ocrx_word' id='word_1_731' title='bbox 1624 5031 1766 5084; x_wconf 75' lang='grc' dir='ltr'>κατὰ</span> 
     </span>
    </p>
   </div>
   <div class='ocr_carea' id='block_1_97' title="bbox 176 5122 1766 5195">
    <p class='ocr_par' dir='ltr' id='par_1_97' title="bbox 176 5122 1766 5195">
     <span class='ocr_line' id='line_1_97' title="bbox 176 5122 1766 5195; baseline -0.003 -15"><span class='ocrx_word' id='word_1_732' title='bbox 176 5127 273 5181; x_wconf 63' lang='grc' dir='ltr'>τὶν</span> <span class='ocrx_word' id='word_1_733' title='bbox 306 5126 426 5195; x_wconf 77' lang='grc' dir='ltr'>βίον</span> <span class='ocrx_word' id='word_1_734' title='bbox 453 5141 467 5189; x_wconf 90' lang='grc'><strong>;</strong></span> <span class='ocrx_word' id='word_1_735' title='bbox 494 5124 803 5195; x_wconf 75' lang='grc' dir='ltr'>’Ἄνθρωποι</span> <span class='ocrx_word' id='word_1_736' title='bbox 842 5125 947 5194; x_wconf 86' lang='grc' dir='ltr'>γὰρ</span> <span class='ocrx_word' id='word_1_737' title='bbox 984 5122 1155 5187; x_wconf 74' lang='grc' dir='ltr'>ὄντες,</span> <span class='ocrx_word' id='word_1_738' title='bbox 1206 5123 1376 5193; x_wconf 69' lang='grc' dir='ltr'>ἔνοχοί</span> <span class='ocrx_word' id='word_1_739' title='bbox 1408 5141 1507 5176; x_wconf 89' lang='grc' dir='ltr'><strong>που</strong></span> <span class='ocrx_word' id='word_1_740' title='bbox 1550 5125 1766 5187; x_wconf 85' lang='grc' dir='ltr'>πάντως</span> 
     </span>
    </p>
   </div>
   <div class='ocr_carea' id='block_1_98' title="bbox 178 5215 1767 5289">
    <p class='ocr_par' dir='ltr' id='par_1_98' title="bbox 178 5215 1767 5289">
     <span class='ocr_line' id='line_1_98' title="bbox 178 5215 1767 5289; baseline -0.001 -17"><span class='ocrx_word' id='word_1_741' title='bbox 178 5216 328 5289; x_wconf 63' lang='grc' dir='ltr'>ἦσαν</span> <span class='ocrx_word' id='word_1_742' title='bbox 364 5216 463 5273; x_wconf 70' lang='grc' dir='ltr'>καὶ</span> <span class='ocrx_word' id='word_1_743' title='bbox 521 5217 875 5285; x_wconf 69' lang='grc' dir='ltr'>πταίσμασιν.</span> <span class='ocrx_word' id='word_1_744' title='bbox 926 5215 1065 5268; x_wconf 77' lang='grc' dir='ltr'>Ἀλλ’</span> <span class='ocrx_word' id='word_1_745' title='bbox 1105 5216 1221 5270; x_wconf 77' lang='grc' dir='ltr'>ἔστι</span> <span class='ocrx_word' id='word_1_746' title='bbox 1265 5216 1526 5287; x_wconf 87' lang='grc' dir='ltr'>πρόδηλόν</span> <span class='ocrx_word' id='word_1_747' title='bbox 1565 5234 1623 5269; x_wconf 88' lang='grc' dir='ltr'><strong>τε</strong></span> <span class='ocrx_word' id='word_1_748' title='bbox 1673 5218 1767 5270; x_wconf 76' lang='grc' dir='ltr'><strong>καὶ</strong></span> 
     </span>
    </p>
   </div>
   <div class='ocr_carea' id='block_1_99' title="bbox 180 5307 1767 5379">
    <p class='ocr_par' dir='ltr' id='par_1_99' title="bbox 180 5307 1767 5379">
     <span class='ocr_line' id='line_1_99' title="bbox 180 5307 1767 5379; baseline -0.001 -17"><span class='ocrx_word' id='word_1_749' title='bbox 180 5308 500 5378; x_wconf 69' lang='grc' dir='ltr'>συμφανὲς,</span> <span class='ocrx_word' id='word_1_750' title='bbox 547 5308 739 5377; x_wconf 82' lang='grc' dir='ltr'>ὅτιπερ</span> <span class='ocrx_word' id='word_1_751' title='bbox 774 5308 801 5361; x_wconf 86' lang='grc' dir='ltr'>ὁ</span> <span class='ocrx_word' id='word_1_752' title='bbox 833 5308 988 5375; x_wconf 85' lang='grc' dir='ltr'>λόγος</span> <span class='ocrx_word' id='word_1_753' title='bbox 1031 5310 1109 5371; x_wconf 90' lang='grc' dir='ltr'>εἰς</span> <span class='ocrx_word' id='word_1_754' title='bbox 1139 5307 1227 5360; x_wconf 76' lang='grc' dir='ltr'>τὸν</span> <span class='ocrx_word' id='word_1_755' title='bbox 1256 5310 1362 5379; x_wconf 75' lang='grc' dir='ltr'><strong>πρὸ</strong></span> <span class='ocrx_word' id='word_1_756' title='bbox 1385 5310 1480 5379; x_wconf 85' lang='grc' dir='ltr'>τῆς</span> <span class='ocrx_word' id='word_1_757' title='bbox 1505 5312 1767 5377; x_wconf 84' lang='grc' dir='ltr'>γενέσεως</span> 
     </span>
    </p>
   </div>
   <div class='ocr_carea' id='block_1_100' title="bbox 180 5399 1582 5471">
    <p class='ocr_par' dir='ltr' id='par_1_100' title="bbox 180 5399 1582 5471">
     <span class='ocr_line' id='line_1_100' title="bbox 180 5399 1582 5471; baseline -0.003 -15"><span class='ocrx_word' id='word_1_758' title='bbox 180 5400 481 5456; x_wconf 84' lang='grc' dir='ltr'>ἀναϐαίνει</span> <span class='ocrx_word' id='word_1_759' title='bbox 533 5400 744 5471; x_wconf 82' lang='grc' dir='ltr'>καιρὸν,</span> <span class='ocrx_word' id='word_1_760' title='bbox 798 5400 918 5457; x_wconf 86' lang='grc' dir='ltr'>καθ’</span> <span class='ocrx_word' id='word_1_761' title='bbox 964 5400 1023 5452; x_wconf 84' lang='grc' dir='ltr'><strong>δν</strong></span> <span class='ocrx_word' id='word_1_762' title='bbox 1076 5399 1227 5453; x_wconf 80' lang='grc' dir='ltr'>οῦπω</span> <span class='ocrx_word' id='word_1_763' title='bbox 1278 5402 1582 5468; x_wconf 87' lang='grc' dir='ltr'>γεγονότες,</span> 
     </span>
    </p>
   </div>
   <div class='ocr_carea' id='block_1_101' title="bbox 182 5490 1319 5563">
    <p class='ocr_par' dir='ltr' id='par_1_101' title="bbox 182 5490 1319 5563">
     <span class='ocr_line' id='line_1_101' title="bbox 182 5490 1319 5563; baseline 0.004 -23"><span class='ocrx_word' id='word_1_764' title='bbox 182 5492 527 5563; x_wconf 74' lang='grc' dir='ltr'>ἡμάρτανον,</span> <span class='ocrx_word' id='word_1_765' title='bbox 568 5492 656 5544; x_wconf 83' lang='grc' dir='ltr'><strong>ἴνα</strong></span> <span class='ocrx_word' id='word_1_766' title='bbox 684 5491 778 5543; x_wconf 79' lang='grc' dir='ltr'>καὶ</span> <span class='ocrx_word' id='word_1_767' title='bbox 802 5490 1038 5563; x_wconf 81' lang='grc' dir='ltr'>ἀληθεύῃ</span> <span class='ocrx_word' id='word_1_768' title='bbox 1070 5492 1319 5561; x_wconf 80' lang='grc' dir='ltr'>Χριστός.</span> 
     </span>
    </p>
   </div>
   <div class='ocr_carea' id='block_1_102' title="bbox 258 5583 1767 5659">
    <p class='ocr_par' dir='ltr' id='par_1_102' title="bbox 258 5583 1767 5659">
     <span class='ocr_line' id='line_1_102' title="bbox 258 5583 1767 5659; baseline 0.002 -22"><span class='ocrx_word' id='word_1_769' title='bbox 258 5585 354 5639; x_wconf 87' lang='grc' dir='ltr'>ιθ’.</span> <span class='ocrx_word' id='word_1_770' title='bbox 391 5584 592 5637; x_wconf 79' lang='grc' dir='ltr'><strong>ΑΛΛΟ.</strong></span> <span class='ocrx_word' id='word_1_771' title='bbox 641 5583 699 5635; x_wconf 79' lang='grc'><strong>’0</strong></span> <span class='ocrx_word' id='word_1_772' title='bbox 738 5583 1003 5655; x_wconf 87' lang='grc' dir='ltr'>μακάριος</span> <span class='ocrx_word' id='word_1_773' title='bbox 1052 5588 1336 5655; x_wconf 78' lang='grc' dir='ltr'>προφήτης</span> <span class='ocrx_word' id='word_1_774' title='bbox 1383 5588 1631 5655; x_wconf 80' lang='grc' dir='ltr'>Ἡσαΐας,</span> <span class='ocrx_word' id='word_1_775' title='bbox 1668 5588 1767 5659; x_wconf 84' lang='grc' dir='ltr'>τὴν</span> 
     </span>
    </p>
   </div>
   <div class='ocr_carea' id='block_1_103' title="bbox 181 5674 1767 5749">
    <p class='ocr_par' dir='ltr' id='par_1_103' title="bbox 181 5674 1767 5749">
     <span class='ocr_line' id='line_1_103' title="bbox 181 5674 1767 5749; baseline 0.001 -16"><span class='ocrx_word' id='word_1_776' title='bbox 181 5678 375 5733; x_wconf 72' lang='grc' dir='ltr'>αιτίαν</span> <span class='ocrx_word' id='word_1_777' title='bbox 409 5674 505 5729; x_wconf 85' lang='grc' dir='ltr'><strong>τοῦ</strong></span> <span class='ocrx_word' id='word_1_778' title='bbox 542 5674 871 5746; x_wconf 86' lang='grc' dir='ltr'>πεποιῆσθαι</span> <span class='ocrx_word' id='word_1_779' title='bbox 912 5677 1011 5747; x_wconf 75' lang='grc' dir='ltr'><strong>τὴν</strong></span> <span class='ocrx_word' id='word_1_780' title='bbox 1038 5678 1142 5748; x_wconf 82' lang='grc' dir='ltr'>γῆν</span> <span class='ocrx_word' id='word_1_781' title='bbox 1181 5676 1561 5749; x_wconf 82' lang='grc' dir='ltr'>ἐξηγούμενος,</span> <span class='ocrx_word' id='word_1_782' title='bbox 1600 5699 1617 5728; x_wconf 71' lang='grc' dir='ltr'><strong>ε</strong></span> <span class='ocrx_word' id='word_1_783' title='bbox 1655 5681 1767 5735; x_wconf 90' lang='grc' dir='ltr'>Ούκ</span> 
     </span>
    </p>
   </div>
   <div class='ocr_carea' id='block_1_104' title="bbox 240 5850 1791 5922">
    <p class='ocr_par' dir='ltr' id='par_1_104' title="bbox 240 5850 1791 5922">
     <span class='ocr_line' id='line_1_104' title="bbox 240 5850 1791 5922; baseline 0.003 -11"><span class='ocrx_word' id='word_1_784' title='bbox 240 5850 254 5873; x_wconf 71' lang='grc'><strong><em>⁷</em></strong></span> <span class='ocrx_word' id='word_1_785' title='bbox 324 5858 365 5911; x_wconf 85' lang='grc' dir='ltr'><strong>ιι</strong></span> <span class='ocrx_word' id='word_1_786' title='bbox 404 5856 531 5911; x_wconf 84' lang='lat' dir='ltr'><strong>Cor.</strong></span> <span class='ocrx_word' id='word_1_787' title='bbox 572 5872 621 5920; x_wconf 80' lang='grc' dir='ltr'><strong>ν,</strong></span> <span class='ocrx_word' id='word_1_788' title='bbox 659 5856 741 5912; x_wconf 79' lang='grc'><strong>10.</strong></span> <span class='ocrx_word' id='word_1_789' title='bbox 821 5859 840 5887; x_wconf 80' lang='grc'><strong>⁸</strong></span> <span class='ocrx_word' id='word_1_790' title='bbox 880 5855 1038 5911; x_wconf 77' lang='lat' dir='ltr'><strong>Rom.</strong></span> <span class='ocrx_word' id='word_1_791' title='bbox 1075 5874 1184 5919; x_wconf 80' lang='lat' dir='ltr'><strong>xu,</strong></span> <span class='ocrx_word' id='word_1_792' title='bbox 1224 5858 1272 5914; x_wconf 82' lang='lat' dir='ltr'><strong>l.</strong></span> <span class='ocrx_word' id='word_1_793' title='bbox 1351 5860 1368 5888; x_wconf 78' lang='lat'>&quot;</span> <span class='ocrx_word' id='word_1_794' title='bbox 1404 5857 1563 5913; x_wconf 77' lang='lat' dir='ltr'><strong>Rom.</strong></span> <span class='ocrx_word' id='word_1_795' title='bbox 1599 5877 1667 5922; x_wconf 85' lang='grc' dir='ltr'><strong>ν,</strong></span> <span class='ocrx_word' id='word_1_796' title='bbox 1707 5862 1791 5915; x_wconf 80' lang='grc' dir='ltr'><strong>Η.</strong></span> 
     </span>
    </p>
   </div>
   <div class='ocr_carea' id='block_1_105' title="bbox 1645 5402 1809 5471">
    <p class='ocr_par' dir='ltr' id='par_1_105' title="bbox 1645 5402 1809 5471">
     <span class='ocr_line' id='line_1_105' title="bbox 1645 5402 1809 5471; baseline 0.006 -18"><span class='ocrx_word' id='word_1_797' title='bbox 1645 5402 1809 5471; x_wconf 21' lang='grc' dir='ltr'>οὐδὲ,</span> 
     </span>
    </p>
   </div>
   <div class='ocr_carea' id='block_1_106' title="bbox 1869 4667 3442 4739">
    <p class='ocr_par' dir='ltr' id='par_1_106' title="bbox 1869 4667 3442 4739">
     <span class='ocr_line' id='line_1_106' title="bbox 1869 4667 3442 4739; baseline -0.002 -15"><span class='ocrx_word' id='word_1_798' title='bbox 1869 4671 2123 4739; x_wconf 88' lang='lat' dir='ltr'><strong>discipuli</strong></span> <span class='ocrx_word' id='word_1_799' title='bbox 2168 4670 2612 4738; x_wconf 84' lang='lat' dir='ltr'><strong>suspicabantur.</strong></span> <span class='ocrx_word' id='word_1_800' title='bbox 2650 4668 2789 4733; x_wconf 85' lang='lat' dir='ltr'><strong>Quid</strong></span> <span class='ocrx_word' id='word_1_801' title='bbox 2826 4682 2960 4737; x_wconf 76' lang='lat' dir='ltr'><strong>ergo</strong></span> <span class='ocrx_word' id='word_1_802' title='bbox 2994 4667 3057 4720; x_wconf 92' lang='lat' dir='ltr'><strong>ad</strong></span> <span class='ocrx_word' id='word_1_803' title='bbox 3120 4668 3233 4721; x_wconf 61' lang='lat' dir='ltr'><strong>hare</strong></span> <span class='ocrx_word' id='word_1_804' title='bbox 3280 4667 3442 4721; x_wconf 84' lang='lat' dir='ltr'><strong>Chri-</strong></span> 
     </span>
    </p>
   </div>
   <div class='ocr_carea' id='block_1_107' title="bbox 1870 4756 3443 4826">
    <p class='ocr_par' dir='ltr' id='par_1_107' title="bbox 1870 4756 3443 4826">
     <span class='ocr_line' id='line_1_107' title="bbox 1870 4756 3443 4826; baseline -0.001 -12"><span class='ocrx_word' id='word_1_805' title='bbox 1870 4762 2033 4815; x_wconf 83' lang='lat' dir='ltr'><strong>stus?</strong></span> <span class='ocrx_word' id='word_1_806' title='bbox 2064 4780 2081 4811; x_wconf 83' lang='grc'><strong><em>‹</em></strong></span> <span class='ocrx_word' id='word_1_807' title='bbox 2122 4761 2291 4813; x_wconf 88' lang='lat' dir='ltr'><strong>Amen</strong></span> <span class='ocrx_word' id='word_1_808' title='bbox 2324 4762 2446 4813; x_wconf 91' lang='lat' dir='ltr'><strong>dico</strong></span> <span class='ocrx_word' id='word_1_809' title='bbox 2484 4759 2659 4821; x_wconf 84' lang='lat' dir='ltr'><strong>vobis,</strong></span> <span class='ocrx_word' id='word_1_810' title='bbox 2694 4773 2870 4826; x_wconf 88' lang='lat' dir='ltr'><strong>neque</strong></span> <span class='ocrx_word' id='word_1_811' title='bbox 2907 4758 2993 4810; x_wconf 89' lang='lat' dir='ltr'><strong>hic</strong></span> <span class='ocrx_word' id='word_1_812' title='bbox 3040 4756 3307 4826; x_wconf 83' lang='lat' dir='ltr'><strong>peccavit,</strong></span> <span class='ocrx_word' id='word_1_813' title='bbox 3344 4772 3443 4813; x_wconf 83' lang='lat' dir='ltr'><strong>ne-</strong></span> 
     </span>
    </p>
   </div>
   <div class='ocr_carea' id='block_1_108' title="bbox 1869 4848 3438 4923">
    <p class='ocr_par' dir='ltr' id='par_1_108' title="bbox 1869 4848 3438 4923">
     <span class='ocr_line' id='line_1_108' title="bbox 1869 4848 3438 4923; baseline -0.001 -18"><span class='ocrx_word' id='word_1_814' title='bbox 1869 4869 1973 4923; x_wconf 88' lang='lat' dir='ltr'><strong>que</strong></span> <span class='ocrx_word' id='word_1_815' title='bbox 2009 4862 2258 4921; x_wconf 90' lang='lat' dir='ltr'><strong>parentes</strong></span> <span class='ocrx_word' id='word_1_816' title='bbox 2294 4852 2412 4918; x_wconf 84' lang='lat' dir='ltr'><strong>ejus</strong></span> <span class='ocrx_word' id='word_1_817' title='bbox 2440 4870 2450 4903; x_wconf 91' lang='lat'>:</span> <span class='ocrx_word' id='word_1_818' title='bbox 2488 4850 2580 4903; x_wconf 89' lang='lat' dir='ltr'><strong>sed</strong></span> <span class='ocrx_word' id='word_1_819' title='bbox 2608 4862 2666 4902; x_wconf 90' lang='lat' dir='ltr'><strong>ut</strong></span> <span class='ocrx_word' id='word_1_820' title='bbox 2699 4848 3119 4904; x_wconf 81' lang='lat' dir='ltr'><strong>manifeslentur</strong></span> <span class='ocrx_word' id='word_1_821' title='bbox 3144 4863 3309 4919; x_wconf 88' lang='lat' dir='ltr'><strong>opera</strong></span> <span class='ocrx_word' id='word_1_822' title='bbox 3346 4848 3438 4909; x_wconf 84' lang='lat' dir='ltr'><strong>Dei</strong></span> 
     </span>
    </p>
   </div>
   <div class='ocr_carea' id='block_1_109' title="bbox 1872 4940 3441 5012">
    <p class='ocr_par' dir='ltr' id='par_1_109' title="bbox 1872 4940 3441 5012">
     <span class='ocr_line' id='line_1_109' title="bbox 1872 4940 3441 5012; baseline -0.003 -12"><span class='ocrx_word' id='word_1_823' title='bbox 1872 4948 1924 5000; x_wconf 90' lang='lat' dir='ltr'><strong>in</strong></span> <span class='ocrx_word' id='word_1_824' title='bbox 1958 4946 2048 4999; x_wconf 92' lang='lat' dir='ltr'><strong>illo</strong></span> <span class='ocrx_word' id='word_1_825' title='bbox 2078 4946 2139 4997; x_wconf 77' lang='grc' dir='ltr'><strong>ὀ.</strong></span> <span class='ocrx_word' id='word_1_826' title='bbox 2189 4964 2206 4995; x_wconf 72' lang='grc' dir='ltr'><strong>ι</strong></span> <span class='ocrx_word' id='word_1_827' title='bbox 2253 4942 2537 5009; x_wconf 89' lang='lat' dir='ltr'><strong>Quomodo</strong></span> <span class='ocrx_word' id='word_1_828' title='bbox 2592 4942 2758 5012; x_wconf 77' lang='lat' dir='ltr'><strong>igitur</strong></span> <span class='ocrx_word' id='word_1_829' title='bbox 2796 4941 3000 5010; x_wconf 86' lang='lat' dir='ltr'><strong>peccati</strong></span> <span class='ocrx_word' id='word_1_830' title='bbox 3034 4949 3285 5008; x_wconf 80' lang='lat' dir='ltr'><strong>expertes</strong></span> <span class='ocrx_word' id='word_1_831' title='bbox 3317 4940 3441 4996; x_wconf 88' lang='lat' dir='ltr'><strong>illos</strong></span> 
     </span>
    </p>
   </div>
   <div class='ocr_carea' id='block_1_110' title="bbox 1873 5031 3445 5107">
    <p class='ocr_par' dir='ltr' id='par_1_110' title="bbox 1873 5031 3445 5107">
     <span class='ocr_line' id='line_1_110' title="bbox 1873 5031 3445 5107; baseline -0.003 -18"><span class='ocrx_word' id='word_1_832' title='bbox 1873 5041 1967 5099; x_wconf 83' lang='lat' dir='ltr'><strong>ait,</strong></span> <span class='ocrx_word' id='word_1_833' title='bbox 2006 5038 2255 5107; x_wconf 89' lang='lat' dir='ltr'><strong>quamvis</strong></span> <span class='ocrx_word' id='word_1_834' title='bbox 2288 5036 2339 5087; x_wconf 90' lang='lat' dir='ltr'><strong>in</strong></span> <span class='ocrx_word' id='word_1_835' title='bbox 2383 5034 2489 5087; x_wconf 84' lang='lat' dir='ltr'><strong>vita</strong></span> <span class='ocrx_word' id='word_1_836' title='bbox 2520 5032 2943 5101; x_wconf 86' lang='lat' dir='ltr'><strong>reprehensione</strong></span> <span class='ocrx_word' id='word_1_837' title='bbox 2979 5045 3089 5085; x_wconf 87' lang='lat' dir='ltr'><strong>non</strong></span> <span class='ocrx_word' id='word_1_838' title='bbox 3154 5031 3445 5087; x_wconf 74' lang='lat' dir='ltr'><strong>carerent?</strong></span> 
     </span>
    </p>
   </div>
   <div class='ocr_carea' id='block_1_111' title="bbox 1873 5123 3442 5193">
    <p class='ocr_par' dir='ltr' id='par_1_111' title="bbox 1873 5123 3442 5193">
     <span class='ocr_line' id='line_1_111' title="bbox 1873 5123 3442 5193; baseline -0.003 -11"><span class='ocrx_word' id='word_1_839' title='bbox 1873 5128 2029 5192; x_wconf 88' lang='lat' dir='ltr'><strong>Nam,</strong></span> <span class='ocrx_word' id='word_1_840' title='bbox 2060 5128 2308 5180; x_wconf 82' lang='lat' dir='ltr'><strong>homines</strong></span> <span class='ocrx_word' id='word_1_841' title='bbox 2343 5140 2463 5180; x_wconf 91' lang='lat' dir='ltr'><strong>cum</strong></span> <span class='ocrx_word' id='word_1_842' title='bbox 2492 5123 2943 5184; x_wconf 80' lang='lat' dir='ltr'><strong>essent,obuoxii</strong></span> <span class='ocrx_word' id='word_1_843' title='bbox 2979 5124 3168 5193; x_wconf 91' lang='lat' dir='ltr'><strong>utique</strong></span> <span class='ocrx_word' id='word_1_844' title='bbox 3204 5123 3442 5193; x_wconf 89' lang='lat' dir='ltr'><strong>peccatis</strong></span> 
     </span>
    </p>
   </div>
   <div class='ocr_carea' id='block_1_112' title="bbox 1873 5210 3439 5287">
    <p class='ocr_par' dir='ltr' id='par_1_112' title="bbox 1873 5210 3439 5287">
     <span class='ocr_line' id='line_1_112' title="bbox 1873 5210 3439 5287; baseline -0.006 -14"><span class='ocrx_word' id='word_1_845' title='bbox 1873 5230 2048 5273; x_wconf 89' lang='lat' dir='ltr'><strong>erant.</strong></span> <span class='ocrx_word' id='word_1_846' title='bbox 2077 5216 2238 5287; x_wconf 86' lang='lat' dir='ltr'><strong>Atqui</strong></span> <span class='ocrx_word' id='word_1_847' title='bbox 2270 5215 2621 5270; x_wconf 81' lang='lat' dir='ltr'><strong>manifestum</strong></span> <span class='ocrx_word' id='word_1_848' title='bbox 2662 5221 2745 5267; x_wconf 90' lang='lat' dir='ltr'><strong>est</strong></span> <span class='ocrx_word' id='word_1_849' title='bbox 2775 5210 2990 5266; x_wconf 91' lang='lat' dir='ltr'><strong>Domini</strong></span> <span class='ocrx_word' id='word_1_850' title='bbox 3031 5212 3193 5267; x_wconf 82' lang='lat' dir='ltr'><strong>verba</strong></span> <span class='ocrx_word' id='word_1_851' title='bbox 3242 5211 3439 5265; x_wconf 83' lang='lat' dir='ltr'><strong>intelli-</strong></span> 
     </span>
    </p>
   </div>
   <div class='ocr_carea' id='block_1_113' title="bbox 1874 5302 3439 5379">
    <p class='ocr_par' dir='ltr' id='par_1_113' title="bbox 1874 5302 3439 5379">
     <span class='ocr_line' id='line_1_113' title="bbox 1874 5302 3439 5379; baseline -0.005 -16"><span class='ocrx_word' id='word_1_852' title='bbox 1874 5309 2046 5379; x_wconf 76' lang='lat' dir='ltr'><strong>genda</strong></span> <span class='ocrx_word' id='word_1_853' title='bbox 2076 5322 2198 5361; x_wconf 90' lang='lat' dir='ltr'><strong>esse</strong></span> <span class='ocrx_word' id='word_1_854' title='bbox 2228 5307 2296 5361; x_wconf 90' lang='lat' dir='ltr'><strong>de</strong></span> <span class='ocrx_word' id='word_1_855' title='bbox 2322 5318 2571 5376; x_wconf 85' lang='lat' dir='ltr'><strong>tempore</strong></span> <span class='ocrx_word' id='word_1_856' title='bbox 2603 5304 2746 5374; x_wconf 85' lang='lat' dir='ltr'><strong>quod</strong></span> <span class='ocrx_word' id='word_1_857' title='bbox 2773 5303 3111 5356; x_wconf 84' lang='lat' dir='ltr'><strong>nativitatem</strong></span> <span class='ocrx_word' id='word_1_858' title='bbox 3137 5302 3439 5371; x_wconf 69' lang='lat' dir='ltr'><strong>praecessit,</strong></span> 
     </span>
    </p>
   </div>
   <div class='ocr_carea' id='block_1_114' title="bbox 1875 5397 3443 5471">
    <p class='ocr_par' dir='ltr' id='par_1_114' title="bbox 1875 5397 3443 5471">
     <span class='ocr_line' id='line_1_114' title="bbox 1875 5397 3443 5471; baseline -0.006 -15"><span class='ocrx_word' id='word_1_859' title='bbox 1875 5418 2007 5471; x_wconf 89' lang='lat' dir='ltr'><strong>quo,</strong></span> <span class='ocrx_word' id='word_1_860' title='bbox 2042 5415 2163 5455; x_wconf 91' lang='lat' dir='ltr'><strong>cum</strong></span> <span class='ocrx_word' id='word_1_861' title='bbox 2200 5399 2443 5453; x_wconf 90' lang='lat' dir='ltr'><strong>nondum</strong></span> <span class='ocrx_word' id='word_1_862' title='bbox 2480 5406 2689 5460; x_wconf 89' lang='lat' dir='ltr'><strong>essent,</strong></span> <span class='ocrx_word' id='word_1_863' title='bbox 2718 5397 2789 5449; x_wconf 92' lang='lat' dir='ltr'><strong>ita</strong></span> <span class='ocrx_word' id='word_1_864' title='bbox 2825 5411 3001 5465; x_wconf 84' lang='lat' dir='ltr'><strong>neque</strong></span> <span class='ocrx_word' id='word_1_865' title='bbox 3040 5400 3361 5465; x_wconf 75' lang='lat' dir='ltr'><strong>peccarunt&#39;,</strong></span> <span class='ocrx_word' id='word_1_866' title='bbox 3384 5400 3443 5447; x_wconf 91' lang='lat' dir='ltr'><strong>ut</strong></span> 
     </span>
    </p>
   </div>
   <div class='ocr_carea' id='block_1_115' title="bbox 1876 5490 2807 5565">
    <p class='ocr_par' dir='ltr' id='par_1_115' title="bbox 1876 5490 2807 5565">
     <span class='ocr_line' id='line_1_115' title="bbox 1876 5490 2807 5565; baseline -0.004 -16"><span class='ocrx_word' id='word_1_867' title='bbox 1876 5512 1999 5551; x_wconf 84' lang='lat' dir='ltr'><strong>vera</strong></span> <span class='ocrx_word' id='word_1_868' title='bbox 2025 5510 2240 5565; x_wconf 89' lang='lat' dir='ltr'><strong>quoque</strong></span> <span class='ocrx_word' id='word_1_869' title='bbox 2272 5494 2476 5549; x_wconf 84' lang='lat' dir='ltr'><strong>Christi</strong></span> <span class='ocrx_word' id='word_1_870' title='bbox 2518 5494 2586 5547; x_wconf 88' lang='lat' dir='ltr'><strong>sit</strong></span> <span class='ocrx_word' id='word_1_871' title='bbox 2612 5490 2807 5546; x_wconf 88' lang='lat' dir='ltr'><strong>oratio.</strong></span> 
     </span>
    </p>
   </div>
   <div class='ocr_carea' id='block_1_116' title="bbox 1948 5577 3443 5654">
    <p class='ocr_par' dir='ltr' id='par_1_116' title="bbox 1948 5577 3443 5654">
     <span class='ocr_line' id='line_1_116' title="bbox 1948 5577 3443 5654; baseline -0.005 -14"><span class='ocrx_word' id='word_1_872' title='bbox 1948 5586 2033 5642; x_wconf 83' lang='grc'><strong>19.</strong></span> <span class='ocrx_word' id='word_1_873' title='bbox 2061 5584 2288 5641; x_wconf 83' lang='lat' dir='ltr'><strong>ALIUD.</strong></span> <span class='ocrx_word' id='word_1_874' title='bbox 2322 5585 2522 5639; x_wconf 90' lang='lat' dir='ltr'><strong>Beatus</strong></span> <span class='ocrx_word' id='word_1_875' title='bbox 2559 5583 2823 5654; x_wconf 87' lang='lat' dir='ltr'><strong>propheta</strong></span> <span class='ocrx_word' id='word_1_876' title='bbox 2868 5578 3063 5643; x_wconf 84' lang='lat' dir='ltr'><strong>Isaias,</strong></span> <span class='ocrx_word' id='word_1_877' title='bbox 3094 5593 3319 5634; x_wconf 88' lang='lat' dir='ltr'><strong>causam</strong></span> <span class='ocrx_word' id='word_1_878' title='bbox 3371 5577 3443 5632; x_wconf 90' lang='lat' dir='ltr'><strong>ob</strong></span> 
     </span>
    </p>
   </div>
   <div class='ocr_carea' id='block_1_117' title="bbox 1876 5670 3438 5750">
    <p class='ocr_par' dir='ltr' id='par_1_117' title="bbox 1876 5670 3438 5750">
     <span class='ocr_line' id='line_1_117' title="bbox 1876 5670 3438 5750; baseline -0.006 -16"><span class='ocrx_word' id='word_1_879' title='bbox 1876 5695 2039 5750; x_wconf 88' lang='lat' dir='ltr'><strong>quam</strong></span> <span class='ocrx_word' id='word_1_880' title='bbox 2077 5687 2222 5731; x_wconf 81' lang='lat' dir='ltr'><strong>tetra</strong></span> <span class='ocrx_word' id='word_1_881' title='bbox 2259 5677 2402 5729; x_wconf 75' lang='lat' dir='ltr'><strong>facta</strong></span> <span class='ocrx_word' id='word_1_882' title='bbox 2444 5677 2515 5730; x_wconf 86' lang='lat' dir='ltr'><strong>sit</strong></span> <span class='ocrx_word' id='word_1_883' title='bbox 2545 5690 2867 5746; x_wconf 77' lang='lat' dir='ltr'><strong>exponens:</strong></span> <span class='ocrx_word' id='word_1_884' title='bbox 2899 5692 2917 5725; x_wconf 73' lang='grc' dir='ltr'><strong>ι</strong></span> <span class='ocrx_word' id='word_1_885' title='bbox 2980 5670 3097 5726; x_wconf 87' lang='grc' dir='ltr'><strong>Νοη</strong></span> <span class='ocrx_word' id='word_1_886' title='bbox 3134 5670 3361 5726; x_wconf 63' lang='lat' dir='ltr'><strong>Frustra.</strong></span> <span class='ocrx_word' id='word_1_887' title='bbox 3417 5690 3438 5735; x_wconf 67' lang='grc' dir='ltr'><strong>ι</strong></span> 
     </span>
    </p>
   </div>
   <div class='ocr_carea' id='block_1_118' title="bbox 1868 5850 3331 5925">
    <p class='ocr_par' dir='ltr' id='par_1_118' title="bbox 1868 5850 3331 5925">
     <span class='ocr_line' id='line_1_118' title="bbox 1868 5850 3331 5925; baseline -0.009 -8"><span class='ocrx_word' id='word_1_888' title='bbox 1868 5861 1889 5892; x_wconf 80' lang='grc'><strong><em>⁸⁵</em></strong></span> <span class='ocrx_word' id='word_1_889' title='bbox 1926 5859 2084 5916; x_wconf 71' lang='lat' dir='ltr'><strong>Joan.</strong></span> <span class='ocrx_word' id='word_1_890' title='bbox 2124 5875 2207 5925; x_wconf 66' lang='lat' dir='ltr'><strong>ts,</strong></span> <span class='ocrx_word' id='word_1_891' title='bbox 2244 5860 2296 5911; x_wconf 71' lang='grc' dir='ltr'><strong>Ξ.</strong></span> <span class='ocrx_word' id='word_1_892' title='bbox 2374 5861 2393 5891; x_wconf 73' lang='grc' dir='ltr'>θ</span> <span class='ocrx_word' id='word_1_893' title='bbox 2440 5856 2593 5915; x_wconf 87' lang='lat' dir='ltr'><strong>Dcut.</strong></span> <span class='ocrx_word' id='word_1_894' title='bbox 2629 5871 2728 5921; x_wconf 64' lang='grc' dir='ltr'>τις,</span> <span class='ocrx_word' id='word_1_895' title='bbox 2766 5854 2818 5907; x_wconf 77' lang='lat'><strong>5.</strong></span> <span class='ocrx_word' id='word_1_896' title='bbox 2899 5854 2942 5885; x_wconf 87' lang='grc'><strong>¹⁶</strong></span> <span class='ocrx_word' id='word_1_897' title='bbox 2977 5850 3133 5911; x_wconf 84' lang='lat' dir='ltr'><strong>Joan.</strong></span> <span class='ocrx_word' id='word_1_898' title='bbox 3169 5867 3245 5922; x_wconf 74' lang='grc' dir='ltr'>ιι,</span> <span class='ocrx_word' id='word_1_899' title='bbox 3274 5850 3331 5915; x_wconf 67' lang='lat'><strong>3,</strong></span> 
     </span>
    </p>
   </div>
  </div>
