4214 6502
209 374 309 430 115

1309 368 1376 422 ΙΝ·
1404 365 1690 423 JOANNIS
1731 362 2178 424 EVANGELIUM
2217 367 2340 422 [ΑΒ.
2368 367 2405 422 Ι.

3363 371 3465 426 1w

214 488 380 540 Ἀλλὰ
414 489 506 539 καὶ
546 484 706 539 πάλιν
749 483 964 554 εἰσῆλθε
993 483 1080 539 διὰ
1112 483 1207 553 τῆς
1253 485 1526 554 ἁμαρτίας
1559 486 1587 536 ὀ
1616 482 1776 536 θάνα-

1892 479 2120 535 inve‘hit.
2164 481 2268 536 Sed
2297 490 2350 536 et
2381 497 2474 550 per
2503 492 2786 550 peccatum
2814 500 2960 539 mors
2997 501 3188 541 rursus
3220 502 3462 557 ingressa

200 595 294 641 τος
325 597 332 606 ’
368 579 502 649 αὐτή
548 575 837 648 τοιγαροῦν
873 576 994 630 καθ’
1026 576 1225 647 ἑαυτῆς
1267 577 1299 646 ἡ
1334 575 1577 647 ἁμαρτία
1603 574 1788 626 λοιπὸν

201 669 563 734 ἐξοπλίζουσα
613 668 889 737 φαίνεται,
932 667 1134 720 λύουσα
1180 670 1291 730 τοῖς
1337 667 1584 737 ὑστέροις
1630 663 1699 716 τὰ
1731 665 1786 715 ἐν

201 762 390 830 ἀρχῇ,
438 761 529 813 καὶ
578 763 605 813 ὁ
650 761 892 822 Σατανᾶς
949 760 1032 828 ἐφ’
1083 759 1260 828 ἐαυτῷ
1320 759 1646 829 μεμέρισται
1700 755 1786 808 διὰ

199 851 389 904 τοῦτο.
432 869 451 900 ε
497 850 619 914 Πῶς
668 847 760 903 οὖν
813 851 1137 920 σταθήσεται
1174 851 1206 920 ἡ
1251 849 1496 918 βασιλεία
1527 847 1728 911 αὑτοῦ,
1762 867 1778 898 ι

206 943 354 996 κατά
389 945 487 1014 τὴν
525 943 618 994 τοῦ
660 943 910 1012 Σωτῆρος
947 946 1162 1012 ger/qv;
1212 941 1356 993 ’Λλλζ
1410 940 1512 1010 μὴν
1554 939 1613 991 τὸ
1644 940 1787 992 οὕτω

205 1039 369 1102 νοεῖν,
410 1036 688 1089 ἀπίθανον·
729 1035 923 1103 ἀληθὲς
958 1030 1048 1086 οὖν
1075 1035 1183 1104 ἄρα
1216 1033 1274 1084 τὸ
1307 1031 1567 1084 ἐναντίον.

278 1129 374 1182 κδ’.
417 1130 617 1181 ΑΛΛΟ.
659 1129 878 1180 ’Έκτισε
913 1128 1042 1189 Θεὸς
1078 1128 1134 1178 ὲν
1170 1109 1447 1196 ἀφθαρσίᾳ
1489 1125 1554 1176 τά
1588 1123 1782 1176 πάντα.

207 1239 227 1270 ι
272 1221 381 1272 Καὶ
415 1219 644 1272 θάνατον
691 1220 786 1290 μὲν
817 1221 914 1271 οὐκ
949 1219 1204 1288 ἐποίησεν
1238 1216 1419 1279 αὐτὸς,
1462 1235 1480 1266 ι
1515 1214 1694 1283 φθόνῳ
1729 1212 1785 1264 δὲ

198 1312 450 1365 διαϐόλου
473 1311 696 1373 Θάνατος
721 1311 966 1380 εἰσῆλθεν
990 1312 1064 1372 είς
1091 1309 1178 1361 τὸν
1204 1309 1425 1378 κόσμον.
1466 1309 1604 1359 Ἀλλ’
1628 1307 1785 1376 ειπερ

200 1405 356 1457 ἐστὶν
380 1404 600 1473 ἀληθὲς,
631 1403 704 1465 ὡς
739 1406 795 1454 ἐν
825 1402 974 1464 τάξει
1005 1399 1273 1470 τιμωρίας
1295 1400 1504 1452 δέδοται
1537 1399 1596 1450 τὸ
1625 1399 1782 1466 σῶμα

202 1500 270 1566 τῇ
302 1496 397 1548 τοῦ
431 1495 715 1565 ἀνθρώπου
757 1495 934 1566 ψυχῇ,
983 1495 1070 1546 διὰ
1107 1494 1263 1545 ποίαν
1296 1493 1473 1546 αἰτίαν
1497 1531 1509 1553 ,
1542 1484 1586 1543 ὦ
1616 1487 1780 1552 οὗτοι,

203 1588 294 1638 τον
319 1588 413 1638 τοῦ
439 1587 684 1639 διαϐόλου
716 1587 907 1656 φθόνον
939 1585 1321 1655 αἰτιασόμεθα,
1352 1585 1410 1636 τὸ
1443 1584 1617 1653 πέρας
1652 1584 1782 1652 ἡμῖν

203 1678 311 1729 τῶν
347 1679 702 1749 ἀνθρωπίνων
737 1680 1079 1748 είσψέροντα,
1128 1679 1218 1730 καί
1256 1678 1316 1730 τὸ
1365 1677 1592 1741 κολάζον
1635 1680 1782 1747 ἡμᾶς

204 1770 537 1838 ἀρανίζοντα
581 1773 774 1840 σῶμας
821 1772 912 1822 ἐπὶ
946 1771 1054 1821 τίσι
1085 1770 1140 1821 δὲ
1173 1771 1304 1832 ὅλως
1333 1770 1676 1839 ἀναθήσομεν
1707 1771 1782 1839 τῷ

205 1863 422 1932 Σωτῆρι
453 1863 519 1914 τὰ
550 1865 908 1934 χαριστήρια,
945 1862 1370 1934 προσδεσμοῦντι
1422 1863 1581 1914 πάλιν
1636 1864 1782 1931 ἡμᾶς

202 1956 265 2024 τῇ
307 1956 473 2024 σαρκὶ
509 1955 596 2006 διὰ
630 1955 726 2022 τῆς
768 1955 1145 2017 ἀναστάσεωςς
1191 1953 1348 2006 Ἀλλὰ
1398 1953 1504 2024 μὴν
1561 1955 1782 2023 εὐχαρι-

203 2045 436 2115 σωίμεν
466 2087 479 2109 ,
522 2047 613 2096 καὶ
643 2045 914 2114 λελύπῃκε
970 2046 1066 2116 τὴν
1117 2045 1278 2114 φύσιν
1315 2048 1342 2099 ὁ
1391 2045 1483 2098 τοῦ
1538 2046 1782 2099 διαϐόλου

202 2137 402 2202 φθόνος
431 2178 444 2197 ,
499 2137 834 2206 προξενήσας
888 2141 1001 2200 τοῖς
1040 2136 1254 2206 σώμασι
1299 2137 1396 2207 τὴν
1441 2137 1666 2209 φθοράν.
1710 2140 1782 2192 Οὐ

201 2233 408 2300 τρόπος
457 2232 565 2300 ἄρα
615 2231 886 2299 τιμωρίας
926 2231 986 2284 τὸ
1033 2231 1193 2302 σῶμά
1244 2234 1430 2297 ἐστιν,
1490 2231 1606 2285 ἀλλ’
1665 2233 1786 2286 οὐδὲ

201 2322 442 2393 ἀρχαίας
471 2322 630 2391 ἡμῶν
669 2323 939 2393 ἁμαρτίας
979 2323 1226 2392 ὀψώνιον.

273 2416 388 2470 Καὶ
420 2419 452 2468 ό
493 2418 719 2484 κόσμος
761 2415 834 2468 δι’
863 2417 1048 2471 αὐτοῦ
1082 2418 1338 2486 ἐγένετο.

277 2519 378 2572 Διά
431 2517 523 2570 τοῦ
567 2518 742 2586 φωτὸς
785 2523 876 2570 τοῦ
931 2518 1223 2589 ἀληθινοῦ,
1278 2517 1420 2572 τοῦτ’
1489 2518 1639 2582 ἔστι,
1693 2519 1786 2572 τοῦ

206 2609 574 2679 Μονογενοῦς,
605 2610 938 2678 πεποιῆσθαι
979 2610 1069 2663 τὸν
1105 2611 1342 2680 κόσμον,
1379 2610 1689 2678 ἀναγκαίως
1733 2611 1789 2662 ὲν

200 2704 422 2766 τούτοις
449 2705 478 2756 ὁ
514 2703 908 2772 εὐαγγελιστὴς
954 2703 1392 2771 ἐπισημαίνεται.
1445 2702 1505 2754 Εἰ
1556 2702 1663 2772 γὰρ
1696 2701 1790 2753 καὶ

203 2798 286 2850 ὅτι
321 2796 560 2865 μάλιστα
596 2796 767 2862 Λόγον
793 2794 952 2846 αὑτὸν
991 2794 1336 2856 ἀποκαλέσας
1370 2794 1512 2845 κατά
1557 2794 1656 2862 τὴν
1692 2795 1792 2864 ἀρο

207 2891 346 2960 χὴν,
399 2890 578 2942 πάντα
630 2889 696 2941 δι’
735 2887 898 2940 αὑτοῦ
951 2885 1239 2953 γενέσθαι,
1287 2886 1380 2938 καὶ
1425 2886 1592 2955 χωρὶς
1627 2886 1790 2938 αὐτοῦ

208 2981 496 3051 παρῆχθαι
525 2981 688 3050 μηδὲν
735 2982 812 3041 εἰς
840 2979 1051 3046 γένεσιν
1084 2977 1531 3044 διεϐεϐαιώσατο,
1562 2980 1791 3048 ποιητήν

207 3092 266 3127 τε
310 3075 403 3126 διὰ
454 3074 657 3126 τούτων
698 3072 944 3137 ἀπέδειξε
1012 3072 1104 3124 καὶ
1149 3072 1516 3142 δημιουργόν
1574 3071 1688 3124 ἀλλ’
1727 3067 1792 3142 ἦν

1891 583 1973 626 est
2009 576 2061 625 in
2099 574 2363 627 mundum
2394 573 2436 604 ιθ
2465 591 2475 626 :
2506 575 2683 642 ipsum
2713 589 2843 644 ergo
2875 584 3159 644 peccatum
3193 587 3463 630 armatum

1891 666 1944 718 in
1987 681 2112 720 sese
2152 665 2369 720 videtur
2399 681 2542 727 esse,
2571 669 2972 736 posterioribus
3005 669 3190 737 priora
3220 671 3461 728 solvens.

1887 765 1940 812 et
1968 757 2199 813 Satanas
2228 759 2280 811 in
2305 761 2545 827 seipsum
2571 767 2861 828 propterea
2889 761 3100 816 divisus
3125 769 3229 815 est.
3266 780 3284 809 ι
3318 761 3464 827 Quo-

1889 850 2049 903 modo
2086 865 2219 920 ergo
2244 851 2408 902 stabit
2441 866 2666 919 regnum
2691 851 2810 921 ejus
2833 852 2899 913 υ,
2934 870 2951 902 ι
2984 852 3137 920 juxta
3162 852 3464 909 Salvatoris

1887 942 2280 1014 dictum?“
2308 946 2470 1013 Atqui
2527 947 2628 1001 hoc
2677 946 3002 1001 incredibile
3048 947 3289 1018 cogitatu
3336 957 3462 1004 est:

1887 1049 2076 1086 verum
2095 1050 2222 1102 ergo
2255 1037 2618 1088 contrarium.

1956 1125 2046 1177 Ἠ.
2073 1123 2303 1179 ALIUD.
2324 1126 2518 1180 Omnia
2543 1129 2752 1181 creavit
2778 1127 2923 1182 Deus
2951 1131 3004 1181 in
3028 1129 3462 1198 incorruptione,

1890 1233 1908 1265 ι
1943 1214 2006 1268 Et
2038 1227 2266 1271 mortem
2307 1219 2526 1287 quidem
2569 1234 2676 1273 non
2715 1218 2842 1274 fecit
2879 1220 2995 1289 ipse
3022 1221 3084 1284 ",
3111 1240 3128 1273 ι
3159 1222 3252 1276 sed
3277 1240 3295 1273 ι
3330 1223 3468 1276 invi-

1883 1305 1973 1359 dia
1987 1306 2185 1360 diaboli
2208 1324 2354 1362 mors
2373 1310 2595 1362 intravit
2609 1309 2661 1362 in
2679 1311 2938 1364 mundum
2958 1312 3042 1363 ιν.
3058 1331 3074 1362 ι
3088 1313 3190 1366 Sed
3209 1314 3251 1366 si
3276 1328 3462 1369 verum

1884 1405 1968 1451 est
1998 1413 2201 1466 corpus
2232 1401 2416 1454 datum
2443 1417 2565 1455 esse
2597 1401 2663 1454 ad
2708 1418 2920 1470 pinnam
2959 1403 3203 1458 hominis
3247 1406 3464 1467 anima,

1884 1504 2048 1558 quam
2080 1491 2148 1544 ob
2179 1506 2422 1554 causam,
2461 1509 2650 1562 quaeso
2685 1509 2802 1557 vos,
2870 1495 3073 1550 diaboli
3114 1498 3466 1566 culpabimus

1885 1581 2146 1635 invidiam
2183 1584 2273 1651 qui
2305 1583 2462 1637 ﬁnem
2506 1585 2666 1638 nobis
2692 1584 2850 1638 aﬂ'ert
2882 1586 3249 1642 humanorum
3286 1591 3459 1642 malo-

1885 1688 2026 1737 rum,
2061 1684 2112 1727 et
2139 1689 2339 1741 corpus
2364 1675 2504 1728 delet
2533 1676 2679 1746 quod
2711 1679 2965 1746 supplicii
2999 1679 3119 1732 loco
3154 1681 3314 1734 nobis
3342 1679 3466 1732 est?

1885 1782 2024 1834 quas
2061 1768 2129 1819 ob
2152 1782 2238 1820 res
2261 1783 2388 1820 vero
2425 1767 2716 1833 Salvatori,
2741 1785 2949 1838 quaeso,
2979 1772 3185 1839 gratias
3217 1786 3461 1839 agemus.

1887 1876 1988 1913 nos
2014 1875 2109 1927 per
2137 1862 2603 1914 resurrectionem
2633 1878 2826 1916 rursus
2846 1864 3171 1930 corporibus
3198 1861 3468 1930 illiganti?

1885 1954 1952 2003 At
1990 1967 2114 2003 vero
2166 1953 2372 2021 gratias
2409 1955 2642 2020 agimus,
2676 1961 2730 2008 et
2781 1964 3033 2006 naturam
3093 1957 3227 2007 laesit
3262 1954 3464 2008 invidia

1887 2044 2114 2105 diaboli,
2149 2047 2562 2113 cormptionem
2594 2046 2946 2100 conciliando
2971 2047 3320 2114 corporibus.
3349 2045 3462 2098 Non

1887 2152 2019 2206 ergo
2050 2139 2378 2206 Supplicium
2412 2150 2497 2192 est
2532 2154 2760 2206 corpus,
2800 2139 2895 2191 sed
2934 2146 3233 2207 nequevett
3257 2139 3332 2191 ris
3371 2152 3462 2190 no-

1888 2233 1985 2287 stri
2021 2234 2231 2301 peccati
2265 2239 2744 2284 auctor-amentum
2758 2269 2770 2282 .

1962 2412 2001 2477 Ι,
2038 2414 2122 2467 10.
2162 2413 2225 2466 Et
2251 2413 2474 2467 mundus
2505 2429 2596 2480 per
2633 2415 2801 2480 ipsum
2831 2414 3002 2481 factus
3035 2424 3130 2479 est.

1960 2506 2062 2562 Per
2086 2508 2261 2560 lucem
2285 2523 2489 2569 veram,
2514 2507 2616 2560 hoc
2637 2518 2743 2569 est,
2781 2525 2862 2576 pet
2893 2507 3244 2574 L'nigt-nitum
3265 2507 3469 2568 factum

1891 2612 2011 2653 esse
2046 2597 2335 2660 mundum,
2383 2597 2471 2650 hic
2515 2599 2851 2668 evangelista
2889 2601 3202 2653 necessario
3267 2601 3467 2654 innuit.

1895 2688 2005 2742 Etsi
2037 2690 2180 2742 enim
2213 2689 2393 2757 ipsum
2433 2689 2678 2744 Verbum
2714 2690 2873 2743 initio
2922 2691 3223 2758 praesertim
3261 2705 3472 2744 nuncu-

1896 2786 2056 2850 parit,
2089 2783 2385 2849 omniaque
2419 2797 2514 2850 per
2543 2781 2721 2849 ipsum
2749 2779 2891 2834 facta
2921 2797 3064 2846 esse,
3094 2790 3146 2834 et
3180 2784 3298 2836 sine
3353 2783 3473 2852 ipso

1893 2882 2137 2926 creatum
2210 2872 2346 2924 nihil
2411 2873 2734 2934 asseruerit,
2770 2881 2934 2940 atque
2994 2873 3048 2924 it'
3113 2873 3376 2927 faetorem
3418 2885 3474 2930 et

1895 2961 2143 3028 Opilit-ent
2181 2976 2300 3013 esse
2336 2961 2677 3014 ostenderit:
2723 2961 3040 3015 necessaria
3089 2977 3100 3010 ι
3147 2973 3323 3017 tamen
3355 2971 3475 3018 erat

1898 3051 2044 3107 istud
2075 3053 2254 3120 ipsum
2289 3068 2482 3105 rursus
2521 3068 2738 3120 quoque
2770 3053 2859 3105 hic
2907 3063 3170 3120 repetere,
3215 3069 3281 3108 ne
3312 3053 3477 3108 haere-

210 3168 512 3234 ἀναγκαῖον
579 3165 673 3216 νῦν
725 3165 824 3233 ἤδη
898 3164 1131 3232 μάλιστα
1192 3164 1348 3214 τοῦτο
1405 3164 1499 3214 καὶ
1551 3161 1792 3225 εἰσαῦθις

1901 3144 2045 3205 tieis,
2083 3145 2175 3212 qui
2229 3144 2541 3198 divinorum
2571 3143 2884 3212 tlogmatum
2932 3153 3248 3214 pervertere
3300 3146 3473 3198 solent

211 3258 552 3311 ἀναλαϐόντα
580 3258 769 3317 εἰπεῖν,
801 3255 884 3307 ἴνα
915 3256 989 3324 μὴ
1019 3257 1130 3318 τοῖς
1165 3254 1538 3325 παρατρέπειν
1579 3255 1792 3307 εἰωθόσι

210 3351 304 3421 τήν
334 3349 447 3402 τῶν
493 3349 650 3400 θείων
681 3347 965 3416 δογμάτων
1008 3347 1277 3417 ὀρθότητα
1303 3389 1315 3407 ,
1359 3348 1563 3416 πλάνης
1607 3365 1664 3399 τε
1697 3347 1792 3400 καὶ

212 3441 493 3501 ἀπωλείας
531 3438 998 3508 περιλιμττάνηται
1039 3437 1219 3498 τόπος.
1271 3437 1489 3506 Ἐπειδὴ
1526 3436 1633 3506 γὰρ
1685 3435 1790 3504 ἔφη

214 3534 339 3602 περὶ
374 3531 472 3585 τοῦ
503 3529 702 3599 φωτὸς,
742 3531 822 3582 ὅτι
851 3531 908 3580 ὲν
939 3527 1013 3598 τῷ
1047 3529 1237 3598 κόσμῳ
1273 3523 1362 3596 ἦν,
1406 3529 1491 3580 ῖνα
1531 3530 1690 3597 μήτις
1715 3528 1794 3590 εἰς

214 3629 482 3689 ἐντόπους
514 3626 720 3687 ἐννοίας
751 3623 1053 3695 περιέλκων
1101 3622 1162 3674 τὸ
1192 3621 1507 3692 εἰρημένον,
1536 3624 1645 3684 τοῖς
1677 3637 1776 3673 κατ

214 3716 349 3779 εἶδος
378 3717 473 3770 τοῦ
501 3718 703 3784 κζσμου
731 3715 952 3785 μέρεσιν
983 3714 1296 3784 ἐναρίθμιον
1331 3716 1534 3764 ποιοῖτο
1568 3713 1626 3764 τὸ
1657 3711 1791 3780 φῶς,

216 3810 405 3878 ὥσπερ
444 3805 538 3860 οὖν
588 3807 818 3876 ἀμέλει,
869 3805 962 3857 καὶ
1013 3805 1203 3875 ἥλιος,
1263 3804 1358 3857 καὶ
1409 3804 1646 3874 σελήνη,
1705 3805 1798 3858 καὶ

217 3902 446 3970 ἀστέρες
468 3899 653 3967 τυχὸν,
688 3899 744 3949 ἐν
774 3897 850 3967 τῷ
884 3897 1074 3966 κόσμῳ
1106 3895 1203 3965 μέν
1231 3896 1359 3961 εἰσι,
1391 3894 1528 3964 πλὴν
1549 3895 1624 3957 ὡς
1657 3896 1797 3965 μέρη

215 3991 310 4044 τοῦ
339 3994 570 4060 κόσμου,
611 3991 702 4042 καὶ
735 3988 984 4057 καθάπερ
1013 3989 1134 4049 ἑνὸς
1174 3987 1308 4057 μέλη
1349 3985 1631 4056 σώματος.
1665 4003 1802 4055 χρη-

222 4086 393 4154 σίμω,
433 4101 492 4134 τε
519 4083 613 4134 καὶ
636 4080 987 4146 ἀναγκαίωςὸ
1010 4078 1399 4146 εὐαγγελιστὴς
1421 4078 1800 4146 γενεσιουργὸν

221 4179 400 4239 εὐθὺς,
435 4175 530 4227 καὶ
560 4174 757 4234 παντὸς
797 4171 888 4224 τοῦ
923 4171 1127 4240 κόσμου
1157 4170 1405 4240 τεχνίτην
1436 4169 1676 4239 εἰσφέρει
1712 4171 1802 4222 τὸν

220 4272 527 4338 Μονογενῆ,
563 4269 657 4318 καὶ
698 4266 787 4318 διὰ
827 4263 1018 4316 τούτου
1056 4262 1216 4316 πάλιν
1263 4264 1411 4332 ἡμᾶς
1441 4260 1800 4329 ὲξασφαλιζό-

225 4379 406 4430 μενος,
443 4361 539 4412 καὶ
571 4356 926 4428 χειραγωγῶν
954 4357 1033 4418 εἰς
1067 4354 1282 4424 ἀπλανῆ
1324 4355 1417 4406 καὶ
1461 4354 1673 4406 εὐθεῖαν
1706 4356 1804 4424 τῆς

219 4454 482 4524 ἀληθείας
545 4449 870 4518 κατάληψιν.
938 4447 1036 4510 Τίς
1086 4446 1194 4516 γὰρ
1251 4444 1423 4509 οὕτως
1469 4445 1724 4514 ἀμαθὴς,
1769 4445 1800 4514 ἢ

219 4546 494 4614 τοσαύτην
534 4543 643 4606 ἕξει

223 4638 440 4699 πᾶντως
472 4637 660 4703 ἕτερον
692 4629 830 4684 εἶναι
877 4630 1027 4701 παρά
1071 4629 1162 4682 τὸν
1205 4629 1409 4698 κόσμον
1435 4628 1799 4696 ὑποτοπῆσαι,

224 4730 311 4781 τὸν
358 4729 423 4781 δι’
460 4722 522 4780 οὗ
554 4724 882 4796 γεγενῆσθαι
918 4723 1170 4790 λέγεται,
1225 4710 1319 4773 καὶ
1354 4720 1557 4772 τιθέναι
1619 4721 1716 4790 μὲν
1748 4723 1802 4772 ἐν

226 4820 340 4889 ἰδίῳ
374 4819 534 4888 μέρει
577 4816 676 4885 τὴν
716 4814 892 4866 κτίσιν
916 4855 930 4877 ,
965 4811 1264 4865 ἀποδιελεῖν
1303 4811 1358 4862 δὲ
1400 4810 1478 4879 τῷ
1529 4809 1672 4880 λόγῳ
1713 4812 1804 4862 τὸν

223 4910 588 4980 Δημιουργῗιν,
621 4909 711 4959 καὶ
736 4905 830 4974 τὴν
861 4903 1010 4956 θείαν
1038 4902 1200 4956 αὑτοῦ
1225 4900 1580 4971 φαντάζεσθαι
1612 4901 1802 4969 φύσινς

224 5006 314 5055 Δεῖ
350 5003 457 5071 γὰρ
489 5000 679 5068 ’ἕτερον
715 4993 852 5049 εἶναι
883 4999 947 5066 τῇ
989 4994 1146 5062 φύσει
1179 4994 1240 5046 τὸ
1268 4994 1489 5062 ποιηθὲν
1524 4992 1676 5064 παρά
1709 4995 1800 5045 τον

226 5093 480 5161 ποιητὴν,
511 5090 598 5141 ἵνα
633 5089 706 5156 μὴ
748 5087 1007 5155 φαίνηται
1054 5083 1218 5135 ταυτὺ
1255 5082 1317 5133 τὸ
1363 5080 1552 5133 ποιοῦν
1599 5082 1690 5132 καὶ
1748 5079 1808 5132 τὸ

227 5185 576 5254 ποιούμενον.
612 5181 672 5232 Ei
702 5180 810 5248 γὰρ
842 5179 1012 5229 νοοῖτο
1034 5174 1246 5235 ταυτὸν,
1279 5173 1397 5226 οὐδὲ
1431 5175 1558 5243 μιᾶς
1583 5171 1808 5241 ἐνούσης

230 5274 373 5328 κατὰ
398 5274 489 5326 τὸν
519 5270 612 5324 τοῦ
644 5270 757 5331 πῶς
785 5265 922 5322 εἶναι
947 5268 1104 5334 λόγον
1128 5263 1451 5332 ἐξαλλαγῆς,
1480 5263 1808 5332 ἀναϐήσεται

234 5369 331 5436 μὲν
366 5368 426 5418 τὸ
471 5365 696 5435 ποιηθὲν
728 5364 806 5425 εἰς
838 5361 936 5430 τὴν
966 5358 1059 5412 τοῦ
1108 5355 1389 5420 ποιοῦντος
1419 5355 1602 5423 φύσιν,
1645 5374 1810 5408 κατα-

231 5460 458 5525 ϐήσεται
484 5456 538 5508 δὲ
572 5457 665 5507 καὶ
693 5455 771 5517 είς
791 5453 892 5522 τὴν
925 5451 1031 5504 τῶν
1059 5449 1373 5518 κτισμάτων
1394 5451 1421 5500 ὁ
1441 5449 1804 5518 Δημιουργὸς,

233 5548 494 5602 οὖκέτιδὲ
533 5547 692 5617 μόνος
723 5545 834 5609 ἕξει
857 5543 916 5596 τὸ
944 5542 1203 5596 δύνασθαι
1236 5543 1660 5608 γενεσιουργεῖν,
1697 5540 1809 5592 ἀλλ’

235 5641 541 5709 ὲνυττὰρχον
567 5637 725 5692 τοῦτο
749 5637 975 5706 δυνάμει
1004 5636 1096 5689 καὶ⁹
1122 5637 1234 5698 τοῖς
1259 5634 1554 5704 ποιήμασιν
1586 5633 1811 5704 εὑρεθή-

312 5823 351 5852 “
395 5821 437 5874 Β
484 5840 550 5875 ιιι.
587 5839 656 5887 v,
703 5820 763 5874 l2

865 5820 904 5851 ¹³
948 5819 1077 5876 Luc.
1121 5833 1195 5884 ιιι,
1235 5817 1315 5872 18.
1396 5817 1438 5846 “‘
1478 5813 1606 5887 Sap.
1637 5831 1686 5881 ι,
1731 5816 1809 5870 15.

1898 3248 2099 3288 reetam
2133 3233 2427 3296 rationem,
2482 3233 2886 3302 relinqueretur
2935 3234 3092 3289 locus
3145 3235 3475 3304 perditionis

1894 3337 1943 3378 et
1969 3325 2196 3380 erroris.
2224 3325 2357 3378 Nam
2385 3341 2506 3378 cum
2530 3325 2729 3378 dixerit
2757 3323 2825 3378 de
2854 3325 2998 3391 luce,
3021 3329 3167 3396 quod
3191 3329 3242 3381 in
3272 3329 3478 3381 mundo

1895 3428 2032 3480 erat,
2072 3432 2140 3470 ne
2171 3417 2295 3486 quis
2332 3418 2386 3470 in
2424 3419 2695 3472 absurdas
2750 3419 3054 3474 sententias
3110 3421 3315 3473 dictum
3351 3436 3474 3489 per-

1897 3511 2142 3572 trahens,
2173 3524 2336 3562 unam
2377 3512 2611 3579 partium
2646 3510 2813 3578 hujus
2853 3509 3041 3564 mundi
3101 3511 3273 3564 lucem
3327 3512 3474 3564 illam

1897 3601 2171 3669 suspicari
2233 3609 2440 3670 posset,
2473 3601 2781 3671 cujusmodi
2841 3603 2949 3666 sol,
2998 3603 3128 3656 luna
3177 3613 3232 3657 et
3283 3604 3476 3668 stellae,

1898 3693 2048 3747 verbi
2077 3694 2276 3764 gratia,
2311 3693 2364 3746 in
2403 3694 2609 3746 mundo
2646 3693 2868 3763 quidem
2907 3704 3056 3758 sunt,
3083 3695 3180 3750 sed
3214 3703 3475 3763 tanquam

1899 3791 2083 3852 partes
2114 3783 2329 3846 mundi,
2360 3799 2422 3838 ac
2463 3786 2611 3838 velut
2649 3785 2810 3839 unius
2874 3786 3118 3841 membra
3177 3787 3426 3855 corporis
3455 3825 3470 3846 .

1901 3877 2110 3930 utiliter
2153 3893 2216 3930 ac
2263 3877 2579 3931 necessario
2633 3879 2966 3947 evangelista
3028 3894 3212 3932 rerum
3292 3879 3477 3932 statim

1903 3979 2183 4021 auctorem
2215 3982 2278 4021 ac
2307 3968 2476 4020 totius
2511 3968 2700 4022 mundi
2757 3969 3008 4038 opiﬁcem
3049 3967 3210 4021 infert
3277 3966 3479 4036 Unige«

1904 4061 2104 4120 nitum,
2142 4059 2228 4111 his
2271 4059 2454 4112 verbis
2483 4075 2580 4112 nos
2612 4073 2809 4113 rursus
2837 4058 3191 4119 conﬁrmans,
3229 4067 3289 4112 et.
3317 4060 3477 4128 quasi

1905 4167 2066 4203 manu
2100 4150 2306 4204 ducens
2334 4151 2399 4203 ad
2430 4159 2633 4204 certam
2693 4161 2746 4204 et
2778 4158 2982 4204 rectam
3041 4149 3286 4205 veritatis
3323 4164 3477 4203 com-

1906 4244 2350 4312 prehensionem.
2384 4241 2518 4306 Quis
2565 4241 2708 4295 enim
2753 4240 2890 4294 adeo
2931 4241 3085 4295 rudis
3120 4255 3184 4294 ac
3223 4239 3478 4310 stupidus

1905 4335 2007 4388 erit
2049 4334 2287 4405 ingenio,
2329 4343 2385 4386 ut
2410 4349 2517 4386 non
2550 4334 2709 4402 plane
2741 4332 3022 4387 diversum
3047 4348 3096 4394 ,a
3126 4333 3329 4386 mundo
3358 4333 3473 4387 exi-

1909 4427 2092 4480 stimet
2123 4442 2250 4480 enm
2287 4441 2384 4494 per
2418 4442 2578 4493 quem
2607 4425 2784 4478 factus
2808 4439 2932 4479 esse
2962 4424 3181 4489 dicitur,
3215 4431 3270 4479 et
3295 4433 3480 4494 partes

683 4517 779 4610 τήν
817 4538 1135 4608 ἠλιθιότητα
1161 4537 1301 4591 κατὰ
1323 4538 1413 4590 τὸν
1439 4537 1582 4600 νοῦν,
1616 4537 1692 4599 ὡς
1729 4536 1792 4606 μὴ

1908 4534 2039 4573 suas
2064 4528 2331 4571 creatura:
2371 4518 2598 4579 tribuat,
2628 4517 2882 4585 opiticem
2917 4526 3100 4570 autem
3152 4517 3366 4570 ratione
3391 4528 3481 4570 se-

1911 4619 2084 4682 paret,
2119 4620 2172 4664 et
2218 4610 2457 4664 divinam
2490 4611 2610 4676 ejus
2663 4617 2913 4663 naturam
2952 4608 3283 4676 imagini-tur
3313 4608 3483 4661 esse?

1911 4705 2071 4757 Aliud
2101 4703 2246 4756 enim
2277 4711 2490 4770 oportet
2522 4717 2644 4755 esse
2672 4711 2865 4754 natura
2901 4715 3041 4768 Opus
3077 4717 3106 4754 a
3153 4700 3381 4763 faetore,
3416 4715 3484 4753 ne

1913 4797 2158 4849 videatur
2197 4794 2342 4847 idem
2373 4810 2494 4847 esse
2544 4795 2688 4862 quod
2745 4793 2852 4863 87
2886 4792 3018 4844 facit
3074 4808 3196 4845 eum
3240 4805 3306 4845 eo
3339 4792 3484 4860 quod

1911 4892 2161 4944 elﬁcitur.
2203 4889 2259 4942 Si
2285 4889 2433 4942 enim
2461 4888 2602 4941 idem
2630 4901 2751 4940 esse
2779 4895 3093 4947 censeatur,
3133 4884 3280 4936 nullo
3306 4884 3484 4952 quoad

1911 4982 2166 5038 essentia:
2208 4979 2430 5033 modum
2481 4978 2856 5030 intercedente
2895 4975 3238 5036 discrimine,
3290 4974 3487 5029 evehe-

1915 5085 2001 5128 tnr
2031 5073 2252 5142 quidem
2290 5070 2340 5124 id
2375 5069 2520 5138 quod
2557 5068 2758 5121 laetum
2787 5077 2870 5122 est
2911 5067 2977 5121 ad
3015 5067 3267 5120 facientis
3304 5074 3486 5118 natu.

1914 5183 2052 5231 ram,
2071 5174 2123 5219 et
2152 5165 2205 5218 in
2230 5169 2608 5216 creaturarum
2639 5168 2889 5214 naturam
2919 5159 3145 5213 Creator
3167 5156 3484 5219 descendet;

1917 5274 2092 5326 neque
2123 5257 2235 5324 jam
2271 5255 2423 5309 solus
2457 5269 2636 5308 rerum
2673 5260 2862 5306 auctor
2897 5267 2960 5306 ac
2988 5266 3186 5320 parens
3216 5250 3343 5313 erit,
3391 5251 3488 5303 sed

1915 5352 2058 5408 istud
2089 5352 2266 5419 ipsmn
2303 5361 2522 5417 quoque
2558 5346 2723 5398 rebus
2753 5345 2955 5398 creatis
3010 5345 3189 5396 inesse
3244 5341 3489 5410 potentia

1919 5444 2312 5513 comperietur,
2358 5441 2400 5494 si
2451 5438 2597 5492 nulla
2637 5436 2792 5505 plane
2832 5435 2972 5487 ratio
3016 5435 3138 5490 illas
3173 5449 3203 5486 a
3250 5431 3490 5486 consub-

1919 5535 2276 5594 stantialitate
2315 5548 2438 5586 cum
2475 5532 2597 5601 ipso
2623 5528 2883 5598 sejungit;
2919 5535 3082 5597 atque
3139 5527 3210 5579 ita
3271 5525 3490 5578 demum

1921 5629 2184 5698 suiipsius
2215 5632 2468 5680 creatura
2511 5620 2749 5678 creatrix
2785 5619 2910 5683 erit,
2960 5632 3024 5673 ac
3058 5616 3259 5672 nudam
3293 5612 3494 5684 Umge-

1892 5815 1950 5845 “'
1979 5812 2105 5883 Sap.
2143 5826 2200 5865 ιι.
2232 5807 2320 5863 2t.
