4222 6510
725 370 817 428 I5!

1734 374 1789 426 S.
1820 369 2094 428 CYRILLI
2123 362 2595 423 ALEXANDRINI
2629 362 2942 418 AItCIIll-LI‘.

3866 354 3972 409 I52

723 509 915 564 vitium
963 510 1054 566 Dei
1092 512 1477 580 conjunctione
1509 510 1732 573 orbatae,
1793 511 1846 564 id
1894 511 2058 565 etiam
2103 508 2287 564 damni
2324 513 2366 567 Α

2324 513 2366 567 Α
2398 506 2580 567 αὐτοῖς
2604 507 2704 573 τῆς
2730 502 3033 571 ἀποτομίας
3066 498 3126 551 το
3151 499 3342 569 κρῖμα,
3374 496 3622 563 καθάπερ
3651 494 3838 564 ἀμέλει
3871 494 3965 547 καὶ

726 601 950 671 insuper
980 612 1331 672 acceperunt,
1362 604 1507 673 quod
1555 604 1952 658 illuminantem
1988 620 2095 657 non
2126 617 2294 672 agno-

724 698 939 745 verunt.
970 689 1139 746 Judaei
1171 708 1320 757 vero,
1365 694 1681 764 cognitione
1713 695 1831 763 ejus
1878 710 1972 764 per
2004 696 2173 763 legem
2207 706 2297 744 ac-

724 794 903 851 υουιθν
943 792 996 839 et
1043 785 1107 838 ad
1152 786 1275 839 vitae
1304 802 1476 858 genus
1524 785 1632 839 Deo
1658 794 1870 857 gratum
1903 786 2103 846 vocati,
2149 784 2296 835 ultro

721 874 941 930 demum
974 877 1025 930 in
1057 876 1178 946 ejus
1209 878 1605 947 ignorationem
1633 895 1792 949 quem
1819 880 1928 947 jam
1959 886 2297 947 agnoverant.

725 966 1061 1032 inciderunt,
1096 978 1150 1023 et
1173 970 1239 1023 ad
1268 970 1482 1038 propria
1519 970 1743 1025 veniens
1774 970 1866 1023 Dei
1906 968 2143 1023 Verbum
2185 984 2292 1024 non

724 1069 1066 1127 receperunt.
1110 1060 1366 1129 Proprius
1402 1062 1544 1113 enim
1596 1059 1707 1115 Deo
1752 1070 1837 1115 est
1885 1060 2175 1114 universus
2206 1075 2298 1113 or-

723 1147 827 1210 bis,
862 1149 913 1200 in
947 1160 1206 1217 quantum
1243 1150 1311 1202 ab
1344 1152 1462 1217 ip.~0
1494 1160 1733 1213 creatus,
1765 1158 1818 1203 et
1852 1166 1915 1204 ex
1945 1151 2089 1219 ipso,
2119 1157 2172 1203 ct
2200 1165 2296 1218 per

725 1240 901 1309 ipsum
944 1243 997 1295 in
1028 1250 1206 1295 ortum
1235 1250 1316 1295 est
1350 1248 1613 1296 vocatus:
1641 1241 1735 1296 sed
1774 1242 1939 1296 Israel
1972 1243 2295 1295 convenien-

724 1334 834 1389 tius
865 1336 1268 1403 quodammodo
1301 1337 1557 1407 preprius
1582 1338 1699 1405 ejus
1724 1336 2028 1397 vocabitur.
2061 1352 2294 1403 eamque

728 1426 1139 1494 praerogativam
1184 1428 1466 1483 habiturus
1499 1428 1608 1496 90
1651 1436 1735 1482 est
1781 1444 1905 1481 ctttn
1947 1430 2019 1480 ob
2072 1435 2293 1481 sanctos

727 1525 908 1583 patres
938 1532 1001 1571 ex
1034 1533 1098 1572 co
1132 1518 1330 1587 populo
1351 1518 1612 1580 delectos,
1644 1526 1758 1570 tum
1787 1517 1930 1586 quod
1963 1518 2291 1585 principium

726 1615 886 1675 atque
926 1609 1317 1677 primogenitus
1347 1608 1526 1665 dictus
1565 1612 1635 1665 sit
1689 1610 1923 1663 filiorum
1978 1608 2090 1662 Dei.
2143 1629 2158 1659 ‹
2208 1607 2296 1660 ιε’ἰέ

724 1696 830 1750 Iius
883 1699 1024 1752 enim
1079 1698 1476 1768 primogenitus
1519 1715 1671 1753 meus
1712 1698 1878 1753 Israel
1926 1698 1993 1757 ",
2058 1717 2075 1746 ι
2118 1698 2293 1765 inquit

722 1789 921 1843 alicubi
956 1789 1020 1844 ad
1052 1789 1275 1860 Moysen
1305 1790 1483 1845 Deus:
1530 1807 1689 1861 quem
1717 1807 1850 1845 sane
1870 1790 2018 1844 velut
2047 1806 2213 1842 unum
2238 1801 2293 1843 et

2404 597 2637 648 ἐπὶτῶν
2666 593 2837 645 ἐθνῶν
2881 594 2914 662 ἡ
2960 591 3287 663 χρηστότης.
3350 591 3408 642 Ὀ
3456 588 3553 657 μὲν
3597 586 3700 657 γάρ
3743 587 3962 654 κόσμος.

2402 689 2520 758 ἦτοι
2553 687 2619 739 τὰ
2663 686 2813 755 ἔθνη,
2848 687 2946 755 τὴν
2979 684 3114 754 πρὸς
3164 682 3295 735 Θεὸν
3337 681 3607 734 οἰκείωσιν
3633 678 3968 730 ἀπολέσαντα

2402 780 2487 830 διὰ
2523 779 2620 847 τῆς
2656 779 2735 838 εἰς
2781 774 3096 844 φαυλότητα
3128 770 3510 840 καταδρομῆς,
3544 768 3635 819 καὶ
3668 767 3724 818 τὺ
3772 764 3967 817 εἰδέναι

2404 866 2828 938 προσεξημιώθη
2865 867 2957 918 τὸν
2987 864 3289 932 φωτίζοντα
3329 862 3496 914 αὑτά·
3531 861 3577 912 οἰ
3605 858 3657 911 δὲ
3690 858 3773 908 διὰ.
3801 857 3965 924 νόμον

2401 961 2498 1030 τὴν
2522 961 2723 1026 γνῶσιν
2762 956 3333 1024 καταπλουτήσαντες,
3363 953 3453 1005 καὶ
3492 953 3569 1013 εἰς
3604 951 3701 1019 τὴν
3748 948 3965 1016 θυμήρη

2400 1051 2477 1121 τῷ
2522 1050 2642 1120 Θεῷ
2680 1049 2957 1102 πολιτείαν
3012 1045 3480 1115 ἀνακεκλημένοι,
3532 1040 3710 1094 λοιπὸν
3754 1039 3964 1098 ἑκόντες

2400 1142 2749 1210 ἐσφάλλοντο,
2814 1140 2903 1192 τὸν
2967 1138 3067 1208 ἢδη
3110 1135 3425 1205 γνωσθέντα
3469 1133 3557 1185 καὶ
3602 1131 3675 1191 ὡς
3718 1130 3773 1180 ὲν
3819 1126 3968 1187 ἰδίοις

2400 1234 2814 1303 ἐπιδημήσαντα
2853 1229 2945 1283 τοῦ
2999 1228 3135 1280 Θεοῦ
3186 1228 3357 1293 Λόγον
3404 1225 3464 1277 οὐ
3511 1220 3964 1291 παραδεξάμενοι.

2404 1332 2561 1393 Ἰδιος
2596 1332 2691 1399 μὲν
2722 1328 2832 1399 γὰρ
2863 1326 3085 1396 σύμπας
3107 1326 3135 1376 6
3174 1324 3378 1391 κόσμος
3410 1321 3522 1373 ἐστὶ
3551 1318 3626 1385 τῷ
3653 1314 3787 1383 Θεῷ,
3827 1311 3969 1363 κατα

2398 1440 2457 1474 τε
2492 1421 2585 1473 τὸν
2617 1420 2710 1473 τοῦ
2745 1416 3075 1487 πεποιῆσθαι
3119 1415 3297 1482 λόγον,
3340 1414 3431 1465 καὶ
3474 1410 3535 1463 τὸ
3579 1408 3636 1471 ἐξ
3672 1403 3829 1459 αὑτοῦ
3875 1404 3969 1453 καὶ

2399 1513 2463 1565 δι’
2494 1512 2655 1565 αὑτοῦ
2694 1508 2972 1581 παρῆχθαι
3001 1509 3136 1578 πρὸς
3163 1509 3404 1573 γένεσιν⁶
3439 1499 3877 1571 πρεπωδέστερον
3907 1492 3967 1544 δέ

2400 1624 2515 1669 πως
2534 1608 2562 1657 6
2595 1604 2810 1674 Ἰσραὴλ
2835 1602 2912 1673 τῷ
2936 1604 3031 1671 τῆς
3063 1601 3324 1669 ἰδιότητος
3346 1594 3689 1661 ἀποκεκλήσε
3701 1606 3783 1641 ται
3803 1587 3965 1654 λόγῳ,

2400 1696 2491 1747 καὶ
2517 1694 2615 1762 τὴν
2650 1694 2740 1744 ἐπὶ
2776 1692 2949 1760 τούτῳ
2981 1690 3138 1753 δόξαν
3171 1686 3638 1755 ἀποκληρώσεται,
3668 1680 3753 1732 δια
3782 1695 3835 1728 τε
3869 1674 3967 1742 τὴν

2398 1786 2506 1837 τῶν
2549 1785 2719 1852 ἁγίων
2755 1782 3012 1853 Πατέρων
3042 1780 3302 1848 ἐκλογὴν,
3356 1778 3451 1829 καὶ
3488 1776 3573 1828 διὰ
3606 1773 3663 1825 τὸ
3697 1768 3832 1840 ἀρχὴ
3872 1766 3969 1817 καὶ

721 1882 981 1936 eximium
1006 1883 1109 1938 sibi
1143 1900 1335 1939 rursus
1371 1885 1640 1942 tribuens.
1673 1899 1831 1937 somn
1864 1884 2119 1953 pepulum
2154 1898 2293 1935 nun-
2326 1864 2367 1918 Β

2326 1864 2367 1918 Β
2398 1874 2735 1943 πρωτότοκος
2759 1870 3076 1940 ὠνομάσθαι
3105 1868 3216 1921 τῶν
3246 1867 3339 1920 τοῦ
3373 1864 3507 1918 Θεοῦ
3532 1864 3727 1915 τέκνων
3750 1877 3761 1888 ι
3797 1878 3812 1907 ε
3841 1857 3967 1915 γης

719 1976 960 2044 cupavit.
1019 1994 1036 2026 ι
1095 1975 1315 2031 Dimitte
1364 1979 1623 2047 populum
1665 1992 1842 2030 meum
1874 1976 1940 2039 ”,
1970 1995 1987 2027 ι
2020 1976 2196 2044 inquit
2227 1974 2293 2028 ad

723 2066 1063 2122 Pharaonem
1100 2068 1319 2138 Egypti
1367 2079 1683 2139 tyrannum.
1723 2068 1988 2122 Praeterea
2033 2084 2096 2121 ex
2138 2068 2294 2121 libris

722 2157 979 2213 Mosaicis
1006 2160 1191 2227 ejuscc
1227 2160 1302 2213 rei
1340 2161 1540 2215 veritas
1574 2161 1818 2229 patebit:
1861 2178 1878 2210 ι
1915 2158 2168 2224 Quando,
2206 2162 2294 2214 in-

725 2246 864 2314 quit,
900 2247 1174 2302 dividebat
1204 2248 1521 2304 Altissimus
1550 2260 1758 2318 gentes,
1788 2249 2008 2318 quando
2043 2250 2296 2304 dissemi-

731 2338 878 2390 uavit
913 2338 1053 2394 filios
1086 2337 1276 2404 Adam,
1311 2342 1597 2394 constituit
1641 2343 1901 2395 terminos
1944 2342 2181 2409 gentium
2210 2356 2295 2395 se-

724 2430 966 2486 cundum
998 2448 1282 2485 numerum
1309 2434 1623 2502 angelorum
1651 2431 1765 2487 Dei.
1803 2432 1862 2484 Et
1897 2431 2039 2485 facta
2062 2444 2145 2487 est
2169 2448 2294 2501 pars

727 2522 936 2576 Domini
986 2524 1216 2592 populus
1252 2523 1457 2578 Jacob:
1511 2524 1789 2580 funiculus
1817 2525 2149 2579 Imrcditalis
2173 2525 2294 2593 ejus

726 2615 895 2667 lsracl
928 2615 993 2670 “.
1029 2634 1046 2666 ο
1091 2617 1169 2670 Ad
1208 2632 1368 2686 quem
1399 2618 1562 2673 etiam
1595 2618 1763 2682 venit,
1795 2634 1892 2672 ceu
1924 2618 1976 2671 in
2020 2619 2292 2687 propriam

726 2717 927 2761 sortem
966 2718 1018 2762 et
1052 2709 1117 2761 ad
1167 2710 1444 2779 proprium
1492 2708 1826 2771 funiculum,
1858 2712 2081 2765 dicens:
2121 2729 2139 2760 (
2178 2710 2296 2764 Νοη

729 2814 846 2851 sum
896 2800 1099 2855 missus
1154 2803 1257 2855 nisi
1308 2803 1373 2856 ad
1422 2818 1552 2857 oves
1604 2818 1725 2872 quae
1770 2803 2068 2870 perierunt,
2100 2802 2297 2856 domus

726 2886 893 2943 Israel
923 2890 988 2944 ".
1027 2909 1044 2941 ι
1083 2890 1185 2956 Qui
1214 2908 1338 2945 cum
1371 2893 1601 2962 gratiam
1636 2892 2038 2962 rcpudiassent,
2074 2892 2138 2945 ad
2166 2906 2297 2961 gen-

728 2984 811 3028 tes
844 2990 902 3029 sc
942 2979 1243 3031 transtulit.
1277 2977 1349 3031 Ita
1383 2980 1618 3034 mundus
1646 2980 1866 3050 quidem
1904 2997 2002 3050 per
2027 2981 2298 3051 poeniten-

730 3066 859 3118 tiam
909 3083 970 3119 ac
1021 3068 1180 3121 fidem
1239 3070 1596 3134 illuminatur,
1631 3087 1754 3125 cum
1797 3073 2068 3142 principio
2119 3073 2296 3141 ipsum

731 3156 1031 3224 ignorarit:
1086 3159 1179 3213 sed
1237 3157 1549 3213 Iudaeorum
1613 3162 1849 3230 populus
1904 3161 1968 3213 ad
2024 3161 2297 3224 tenebras,

731 3250 875 3302 unde
907 3250 1140 3303 edoctus
1190 3250 1367 3305 fuerat
1412 3253 1723 3306 revertitur.
1766 3252 2007 3319 Ideoque
2046 3250 2300 3306 Salvator

732 3354 949 3409 quoque
984 3340 1236 3396 dicebat:
1280 3361 1297 3393 ε
1360 3341 1416 3397 In
1464 3344 1734 3413 judicium
1783 3360 1882 3414 ego
1935 3346 1987 3398 in
2038 3346 2298 3400 mundum

733 3431 878 3485 hunc
918 3433 1057 3494 veni,
1096 3440 1153 3485 ut
1190 3434 1281 3502 qui
1320 3449 1424 3488 non
1466 3435 1670 3501 vident,
1708 3436 1947 3497 videant,
1995 3446 2049 3491 et
2080 3437 2174 3505 qui
2224 3438 2300 3489 vi-

732 3521 861 3575 dent
892 3522 1036 3576 caeci
1068 3520 1197 3576 ﬁant
1224 3524 1290 3577 '“.
1331 3543 1345 3571 ι

808 3783 846 3847 I,
904 3782 983 3837 I2.
1023 3784 1291 3855 Quotquot
1334 3796 1508 3838 autem
1545 3796 1845 3853 receperunt
1875 3802 2012 3851 eum,
2044 3786 2187 3840 dedit
2228 3787 2303 3841 eis

734 3884 1043 3943 potestatem
1078 3878 1218 3945 ﬁlios
1267 3877 1363 3931 Dei
1396 3878 1533 3947 ﬁeri,
1569 3878 1633 3932 iis
1660 3879 1747 3948 qui
1768 3878 1985 3932 credunt
2015 3880 2068 3933 in
2100 3881 2308 3935 nomine

734 3968 870 4035 ejus.

804 4054 1020 4117 Justum
1054 4075 1243 4116 revera
1277 4061 1566 4130 judicium,
1593 4076 1654 4115 ac
1687 4060 1794 4117 Deo
1822 4061 2068 4133 dignum.
2101 4062 2306 4118 Primo-

735 4155 955 4223 genitus
1004 4150 1092 4205 ille
1140 4151 1307 4205 Israel
1340 4151 1612 4219 abjicilur.
1653 4152 1835 4206 Noluit
1862 4154 2007 4207 enim
2060 4162 2307 4223 perstare

740 4250 791 4298 in
823 4245 1209 4314 conjunctione
1229 4260 1351 4297 cum
1390 4246 1515 4310 Deo,
1551 4260 1725 4316 neque
1747 4246 1943 4300 Filium
1985 4247 2202 4316 excepit
2237 4246 2305 4301 ad

741 4338 960 4406 propria
994 4338 1330 4391 venientem:
1368 4338 1668 4392 nobilitatis
1700 4339 2009 4408 largitorem
2045 4340 2305 4408 reproba-

742 4428 834 4490 vit,
871 4437 1153 4481 auctorem
1184 4428 1372 4496 gratiae
1403 4429 1621 4497 repulit,
1654 4446 1813 4497 quem
1870 4438 2061 4500 gentes
2096 4445 2308 4501 recepe-

2396 1964 2504 2034 γὰρ
2560 1960 2901 2031 πρωτότοκός
2956 1977 3058 2029 μου
3123 1956 3382 2029 Ἰσραὴλ,
3426 1973 3444 2004 ι
3502 1952 3632 2022 φησί
3689 1965 3785 2000 που
3832 1943 3968 2013 πρὶς

2394 2057 2595 2110 Μωσέα
2626 2055 2778 2118 Θεὸς,
2810 2054 2868 2107 ὃν
2897 2054 2962 2122 δὴ
2999 2053 3095 2105 καὶ
3122 2052 3195 2113 ὡς
3230 2052 3325 2103 ἕνα
3356 2049 3449 2101 καὶ
3489 2045 3757 2114 ἐξαίρετον
3790 2036 3969 2103 ἐαυτῷ

2400 2151 2559 2205 πάλιν
2580 2148 2871 2211 ἀνατιθεὶς,
2896 2146 3024 2199 ἴδιον
3053 2143 3301 2212 ὠνόμαζε
3323 2140 3453 2197 λαόν
3474 2157 3485 2169 ·
3516 2156 3533 2189 ι
3558 2129 3963 2202 eandm-3m

2399 2245 2490 2297 τὸν
2523 2244 2647 2297 λαόν
2684 2259 2806 2313 μου,
2836 2261 2854 2293 ι
2891 2238 3027 2311 πρὸς
3059 2238 3259 2308 Φαραὼ
3292 2236 3381 2288 τὸν
3406 2230 3681 2300 Αἰγύπτου
3712 2226 3971 2313 τύραννον

2398 2337 2585 2390 εἰπών.
2619 2312 2863 2388 Δεικνύει
2890 2350 2955 2401 γε
2990 2334 3098 2403 μὴν
3129 2330 3273 2391 ἰδίως
3303 2328 3572 2397 ἀνήκοντα
3607 2321 3683 2390 τῷ
3715 2316 3828 2385 Θεῷ
3860 2312 3969 2364 τῶν

2404 2428 2517 2501 [γρ.
2552 2429 2640 2483 τὸν
2665 2426 2683 2498 ]
2716 2425 2935 2496 Ἰσραὴλ
2958 2465 2973 2488 ,
3002 2425 3098 2476 καὶ
3123 2424 3187 2474 ὲκ
3210 2416 3521 2474 δίωσαῖκῶν
3562 2414 3774 2484 βιϐλίων
3813 2408 3971 2473 λόγος

2396 2520 2619 2591 ἀληθής.
2657 2539 2676 2571 ί
2716 2520 2845 2571 Ὅτε
2880 2517 2987 2587 γὰρ
3014 2555 3028 2579 ,
3083 2513 3253 2586 φησὶ,
3290 2508 3597 2580 διεμέριζεν
3637 2506 3665 2557 6
3705 2500 3971 2591 ’Υψιστος

2397 2589 2646 2682 ἔθνη,ήὼς
2672 2610 2981 2679 διέσπειρεν
3002 2608 3153 2668 υἰους
3192 2604 3383 2673 Ἀδὰμ,
3415 2601 3636 2668 ἔστησεν
3658 2598 3777 2665 ὅρια
3802 2589 3973 2643 ἐθνῶν

2398 2704 2541 2755 κατὰ
2587 2702 2819 2773 ἀριθμὸν
2868 2699 3117 2768 ἀγγέλων
3165 2697 3322 2750 Θεοῦ.
3378 2694 3488 2747 Καὶ
3538 2688 3760 2759 ἐγενήθη
3814 2685 3974 2752 μερὶς

2398 2796 2603 2867 Κυρίου
2649 2796 2777 2859 λαὸς
2814 2793 2979 2848 αὑτοῦ
3009 2790 3205 2846 Ἰακὼϐ
3230 2832 3244 2854 ,
3279 2788 3565 2859 σχοίνισμα
3616 2776 3972 2851 κληρονομίαξ

2398 2889 2562 2941 αὑτοῦ
2591 2887 2831 2959 Ἰσραήλ⁹
2857 2879 2934 2952 »ᾧ
2954 2886 3049 2938 καὶ
3069 2882 3447 2951 ὲπεφοίτησεν,
3478 2877 3549 2939 ὼς
3576 2876 3630 2925 ὲν
3654 2872 3763 2940 ἰδίῳ
3789 2868 3974 2959 κλήρῳ

2398 2980 2493 3033 καὶ
2543 2981 2601 3031 ἐν
2646 2956 2773 3049 ἰδίῳί
2810 2976 3185 3047 σχοινίσματι,
3221 2972 3414 3039 λέγων’
3457 2987 3474 3019 ‹
3517 2968 3627 3019 Οὐκ
3663 2956 3975 3049 ἀπεστάλην

2400 3071 2449 3121 εἰ
2484 3069 2558 3139 μὴ
2588 3070 2666 3131 εἰς
2692 3048 2760 3120 τά
2789 3067 3040 3139 πρόϐατα
3060 3064 3128 3118 τὰ
3152 3061 3468 3117 ἀπολωλότα
3494 3058 3640 3109 οἴκου
3671 3048 3903 3139 Ἰσραήλ.
3948 3066 3967 3096 ι

2415 3138 2631 3229 Ἐπειδὴ
2672 3159 2728 3210 δὲ
2767 3138 2845 3210 οὑν
2887 3154 3217 3228 παρεδέχθη,
3269 3152 3365 3221 τὴν
3406 3152 3563 3220 χάριν
3608 3148 3684 3207 εἰς
3732 3144 3797 3196 τὰ
3844 3138 3975 3208 ἔθνη

2409 3248 2720 3319 μεθίστησι,
2763 3248 2858 3300 καὶ
2902 3243 3194 3315 φωτίζεται
3244 3245 3338 3312 μὲν
3374 3242 3400 3291 6
3443 3239 3639 3305 κόσμος
3676 3233 3763 3285 διὰ
3805 3246 3977 3299 μετα-

2406 3340 2552 3403 νοίας
2592 3341 2685 3391 καὶ⁸
2716 3338 2971 3401 πίστεως,
3012 3335 3284 3404 ἀγνοήσας
3313 3330 3472 3384 αὑτὸν
3502 3330 3556 3379 ἐν
3582 3325 3757 3395 ἀρχῇ,
3787 3319 3977 3372 παλιν-

2407 3434 2597 3503 δρομεῖ
2641 3433 2696 3483 δὲ
2729 3430 2757 3481 6
2796 3430 2896 3499 τῆς
2921 3470 2934 3483 .
2964 3470 2977 3483 .
3006 3466 3020 3481 .
3048 3467 3061 3479 .
3090 3465 3102 3479 .
3131 3466 3144 3479 .
3170 3464 3184 3478 .
3213 3464 3226 3478 .
3254 3466 3264 3476 .
3298 3424 3373 3484 εἰς
3424 3423 3512 3471 τὸν
3550 3418 3668 3470 ὅθεν
3704 3410 3976 3477 ἐκϐέϐηκε

2408 3521 2623 3573 σκότον·
2657 3519 2735 3570 διδ)
2761 3517 2828 3589 δὴ
2874 3518 2968 3570 καί⁵
3016 3515 3251 3583 ἔφασκεν
3280 3515 3307 3565 6
3343 3508 3566 3578 Σωτήρ·
3602 3525 3618 3556 ‹
3659 3505 3747 3566 Εἰς
3799 3504 3975 3570 κρῖμα

2404 3609 2537 3679 ἐγὼ,
2567 3612 2642 3673 εἰς
2659 3607 2748 3662 τὸν
2770 3609 2972 3677 κόσμον
2993 3606 3177 3659 τοῦτον
3206 3601 3387 3676 ἦλθον,
3413 3603 3496 3653 ἵνα
3516 3602 3562 3652 οἰ
3594 3598 3665 3668 μὴ
3692 3595 3977 3665 βλέποντες

2402 3697 2661 3770 βλέψωσι,
2695 3701 2787 3752 καὶ
2811 3699 2861 3750 οἱ
2899 3698 3183 3767 βλέποντες
3210 3694 3398 3764 τυφλοὶ
3436 3692 3713 3759 γένωνται.
3746 3704 3764 3735 ι

2476 3793 2646 3843 Ὅσοι
2666 3789 2733 3842 δὲ
2761 3788 2981 3842 ἔλαϐον
3000 3786 3206 3848 αὑτὸν,
3227 3783 3439 3836 ἔδωκεν
3460 3777 3663 3843 αὐτοῖς
3687 3772 3925 3839 ἐξουσία
3941 3786 3979 3819 ν

2403 3884 2586 3936 τέκνα
2625 3880 2772 3935 Θεοῦ
2819 3878 3117 3949 γενέσθαι,
3158 3874 3281 3939 τοῖς
3344 3872 3736 3924 πιστεύουσιν
3781 3866 3868 3928 εἰς
3910 3861 3977 3911 τό

2410 3975 2595 4043 ὄνομα
2628 3971 2835 4026 αὑτοῦ.

2480 4067 2669 4136 Κρῖμα
2705 4063 2910 4116 δίκαιον
2954 4062 3121 4122 δντως
3162 4057 3257 4110 καὶ
3302 4052 3618 4125 θεοπρεπὲς.
3662 4051 3719 4100 '0
3770 4047 3980 4115 πρωτό-

2408 4174 2564 4220 τοκος
2633 4154 2847 4225 Ἰσραὴλ
2908 4152 3245 4222 ἐκρίπτεται.
3316 4147 3390 4200 Οὐ
3448 4145 3555 4214 γὰρ
3611 4140 3869 4210 ἠθέλησεν
3921 4138 3980 4187 ἐν

2410 4250 2701 4318 οἰκειότητι
2736 4248 3005 4316 διαμεῖναι
3056 4246 3121 4313 τῇ
3164 4241 3297 4311 πρὸς
3343 4240 3432 4292 τὸν
3476 4236 3623 4297 Θεὸν,
3659 4232 3775 4285 οὐδὲ
3811 4246 3983 4300 προσ-

2412 4343 2583 4411 ήκατο
2610 4340 2702 4392 τὸν
2738 4339 2881 4399 Υἱὸν,
2910 4338 2982 4399 ῶς
3012 4338 3067 4388 ὲν
3103 4334 3251 4395 ἰδίοις
3283 4332 3713 4400 ἐπιδημήσαντα·
3746 4326 3836 4376 τὸν
3880 4322 3984 4389 τῆς

2412 4431 2688 4499 εὐγενείας
2743 4426 3110 4495 ἀπεδοκίμασε
3168 4422 3443 4492 χορηγὸν,
3499 4422 3589 4470 τὸν
3636 4417 3832 4484 δοτῆρα
3882 4413 3985 4479 τῆς

741 4526 867 4571 runt
898 4534 995 4587 per
1024 4518 1201 4572 fidem.
1238 4518 1418 4585 Quare
1464 4520 1748 4574 dementia:
1787 4538 1899 4575 sua:
1933 4533 2308 4576 auctoramen-
2341 4520 2386 4577 D

2341 4520 2386 4577 Β
2412 4525 2629 4594 χάριτος
2664 4519 2922 4573 ἀπώσατο
2949 4559 2961 4576 ,
3014 4514 3371 4585 προσεδέξατο
3399 4512 3454 4564 δὲ
3498 4510 3564 4563 τὰ
3600 4507 3719 4575 ἔθνη
3756 4506 3841 4557 διὰ
3885 4504 3981 4569 τῖς

738 4622 853 4664 ιιιιιι
901 4607 1072 4662 Israel
1096 4609 1219 4677 jure
1250 4612 1446 4664 merito
1479 4613 1702 4681 recipiet
1731 4629 1743 4665 :
1793 4614 1995 4683 lugebit
2032 4614 2302 4682 jacturam

739 4704 1029 4759 bonorum,
1050 4700 1305 4754 acerbum
1340 4703 1659 4757 temeritatis
1683 4719 1797 4759 suae
1826 4704 2057 4759 fructum
2090 4702 2307 4774 colliget

741 4793 1036 4859 adoptione
1069 4791 1300 4846 filiorum
1331 4794 1420 4847 Dei
1451 4795 1729 4851 nudatus:
1783 4804 1974 4851 contra
2018 4812 2148 4850 vero
2187 4797 2306 4851 fidei

744 4884 903 4938 bonis
953 4896 1143 4952 gentes
1192 4885 1562 4954 perfruentur,
1609 4889 1886 4941 luculenta
1922 4889 2172 4958 obsequii
2224 4889 2307 4942 sui

744 4976 963 5043 praemia
1000 4986 1423 5046 consequentur,
1461 4991 1513 5033 ct
1556 4981 1607 5033 in
1637 4982 1758 5047 ejus
1786 4982 1960 5034 locum
1997 4981 2306 5049 transplan-

746 5065 1026 5118 tabuntur.
1076 5066 1408 5122 Excidentur
1453 5070 1596 5123 enim
1648 5086 1712 5124 ex
1760 5071 1996 5124 naturali
2045 5072 2310 5131 oleastro,

744 5157 839 5210 sed
905 5156 1185 5227 frugifem
1231 5161 1362 5215 oleae
1414 5164 1820 5229 supernaturali
1873 5166 2203 5216 inserentur.
2253 5160 2317 5212 Et

743 5248 1165 5318 audietquidem
1192 5250 1386 5305 Israel:
1421 5272 1435 5300 ι
1468 5250 1580 5314 Vae,
1608 5270 1740 5323 gens
1770 5254 2063 5321 peccatrix,
2087 5254 2317 5326 populus

749 5347 1094 5407 peccatorum
1118 5343 1331 5410 plenus,
1358 5360 1543 5399 semen
1570 5360 1820 5415 pravum,
1845 5345 1935 5397 lilii
1959 5346 2198 5407 scelesti,
2224 5345 2318 5398 de-

750 5431 1045 5500 reliquistis
1079 5433 1391 5502 Dominum,
1426 5445 1477 5488 et
1513 5437 1579 5490 ad
1615 5436 1955 5489 iracundiam
1994 5436 2317 5489 concitastis

747 5534 1000 5575 sanctum
1057 5522 1219 5579 Israel
1248 5528 1312 5577 ’⁷.
1356 5547 1371 5576 ι
1416 5527 1619 5581 Gentes
1668 5537 1870 5590 autem,
1904 5543 1933 5580 e
1968 5526 2168 5580 Christi
2194 5527 2311 5580 dis-

746 5610 972 5680 seipulis
1004 5614 1225 5682 quidam
1255 5618 1599 5685 cotupellabit
1632 5618 1714 5673 his
1750 5617 1930 5672 Verbis
1958 5633 1969 5668 :
2022 5638 2038 5669 ι
2081 5615 2185 5670 Vos
2216 5631 2312 5669 au-

816 5730 860 5757 "
908 5725 1076 5780 Exod.
1116 5746 1185 5795 Iv,
1238 5731 1327 5785 2’2,

1463 5730 1703 5785 "Exod.
1760 5747 1876 5794 vut,
1936 5731 1981 5784 I.

747 5800 790 5830 ³⁷
825 5798 926 5851 Isa.
966 5814 1002 5859 I,
1066 5800 1111 5852 ἰ.
1846 5816 1850 5819 ·

2136 5731 2181 5761 ³⁸
2236 5728 2393 5782 Deut.
2431 5742 2600 5790 xuii,
2658 5723 2707 5785 8,
2753 5719 2805 5773 9.

2415 4614 2668 4675 πίστεως.
2707 4610 2912 4664 Οὐκοῦν
2943 4608 3052 4672 ἕξει
3092 4607 3187 4676 μὲν
3213 4605 3434 4664 εἰκότως
3470 4604 3497 4654 6
3550 4598 3762 4669 Ἰσραὴλ
3790 4597 3856 4647 τά
3888 4596 3985 4663 τῆς

2414 4704 2671 4765 ἀπονοίας
2694 4700 2899 4769 ὀψώνια
2924 4716 2936 4728 ·
2974 4697 3233 4767 θρηνήσει
3257 4693 3360 4746 τῶν
3387 4691 3606 4760 ἀγαθῶν
3631 4690 3726 4757 τὴν
3754 4687 3816 4755 ζη
3829 4688 3980 4755 μίαν·

2416 4795 2609 4866 πικρὸν
2642 4791 2978 4860 ἀπολήψεται
3015 4788 3103 4840 τὸν
3137 4787 3234 4854 τῆς
3265 4783 3455 4837 ἑαυτοῦ
3488 4780 3802 4839 δυσϐουλίας
3845 4795 3983 4842 κτρ-

2417 4884 2536 4945 πὸν,
2566 4883 2664 4951 τῆς
2708 4879 2981 4940 υἱοθεσίας
3012 4874 3489 4943 ἀπογυμνούμενος
3518 4888 3529 4899 ·
3571 4872 3892 4937 ἐντρυττβκ
3930 4867 3985 4916 δὲ

2416 4975 2482 5027 τὰ
2532 4973 2657 5043 ἔθνη
2691 4975 2803 5033 τοῖς
2844 4970 2907 5020 ἐκ
2942 4969 3174 5029 πίστεως
3209 4965 3450 5033 ἀγαθοῖς,
3480 4961 3704 5029 λαμπρὰ
3752 4958 3846 5025 τῆς
3881 4958 3987 5007 ξιτ-

2418 5066 2584 5131 ἀκοῆς
2612 5065 2833 5133 εὑρήσει
2863 5060 2927 5112 τὰ
2957 5059 3116 5128 γέρα,
3151 5057 3239 5109 καὶ
3276 5056 3409 5124 πρὸς
3448 5055 3535 5106 τὸν
3579 5053 3786 5103 ἐκείνου
3821 5066 3988 5117 μετα-

2421 5153 2848 5224 μοσχευθήσεται
2887 5152 3049 5202 τόπον
3079 5167 3091 5179 ο
3137 5148 3497 5216 ἐκκοπήσεται
3531 5144 3625 5211 μὲν
3657 5144 3762 5210 γαρ
3794 5142 3856 5190 ἐκ
3886 5139 3987 5207 τῆς

2416 5248 2556 5300 κατὰ
2583 5246 2742 5313 φύσιν
2770 5242 3102 5313 ἀγριελαίου,
3134 5236 3456 5305 καλλιελαίῳ
3475 5236 3529 5287 δὲ
3556 5237 3619 5304 τῇ
3648 5235 3797 5301 παρὰ
3824 5234 3989 5299 φύσιν

2416 5335 2961 5406 ὲγκεντρισθήσεται,
3027 5330 3121 5382 καὶ
3175 5327 3467 5381 ἀκούσεται
3523 5324 3618 5392 μὲν
3666 5324 3693 5372 6
3748 5320 3983 5388 Ἰσραήλ·

2424 5451 2440 5481 ι
2482 5429 2616 5481 Οὐαὶ
2653 5426 2802 5488 ἔθνος
2847 5421 3204 5493 ἁμαρτωλὸν,
3253 5419 3377 5481 λαὸς
3416 5416 3627 5484 πλήρης
3676 5411 3987 5481 ἁμαρτιῶν,

2421 5519 2641 5587 σπέρμα
2691 5512 2964 5583 πονηρον,
3025 5510 3131 5562 υἱοὶ
3182 5509 3389 5576 ἄνομοι,
3446 5503 3827 5572 ἐγκατελίπετε
3897 5500 3993 5551 τὸν

2420 5610 2647 5679 Κύριον,
2680 5606 2774 5656 καὶ
2822 5601 3210 5673 παρωργίσατε
3249 5598 3338 5650 τὸν
3368 5598 3521 5663 ἀγιον
3551 5592 3644 5645 τοῦ
3691 5591 3924 5660 Ἰσραήλ.
3968 5606 3989 5639 ι

2885 5719 2930 5749 ³⁸
2962 5715 3147 5771 Matth.
3196 5729 3281 5777 xv,
3311 5711 3397 5764 2-1.
3502 5710 3547 5742 ³⁸
3585 5707 3740 5763 Joan.
3792 5722 3866 5769 is,
3898 5704 3993 5760 33.
