4222 6510
234 413 338 467 [53

1322 418 1386 472 IN
1419 417 1706 474 JUANNIS
1746 419 2190 483 EVANGEL-IUM
2247 432 2376 487 LIB.
2412 433 2451 488 Ι.

3395 439 3495 494 154

241 531 394 600 Ἐρετ
425 529 485 584 δέ
520 547 604 620 τις
650 529 784 620 πρὸς
819 530 885 584 τά
927 529 1052 602 ἔθνη
1098 531 1204 585 τῶν
1253 534 1490 604 Χριστοῦ
1523 535 1802 606 μαθητῶν·

1917 549 2018 595 tem
2054 559 2229 613 genus
2265 547 2522 609 electum,
2559 550 2740 618 regale
2767 549 3161 613 sacerdotium,
3201 567 3336 620 gens
3365 568 3495 606 san-

235 639 256 672 ι
302 620 491 690 Ὑμεῖς
538 619 594 672 δὲ
625 618 780 687 γένος
823 618 1113 685 ἐκλεκτὸν,
1168 621 1439 691 βασίλειον
1489 627 1817 694 ἱεράτευμα,

230 711 385 775 ἔθνος
412 712 566 781 ἆγιον
589 753 604 776 ,
639 713 766 777 λαδς
809 716 888 777 εἰς
915 717 1261 786 περιποίησιν
1286 758 1299 779 ,
1350 719 1435 770 ἵνα
1482 720 1578 781 τάς
1624 720 1822 786 ἀρετὰς

234 801 590 873 ἐξαγγείλητε
626 805 719 858 τοῦ
759 807 824 858 ἐκ
863 807 1085 870 σκότους
1117 809 1260 877 ὑμᾶς
1307 809 1599 876 καλοῦντος
1647 814 1726 874 εἰς
1763 812 1822 863 τὸ
1873 824 1878 832 ·

233 895 548 966 θαυμαστὸν
598 896 762 950 αὑτοῦ
796 898 930 966 φῶς.
974 919 991 950 ι
1043 899 1254 970 Ἐπειδὴ
1297 901 1387 972 ys,
1451 901 1814 972 παρεδέξαντο

231 985 324 1038 διὰ
344 987 443 1055 τῆς
469 989 700 1051 πίστεως
729 989 819 1041 τὸν
849 989 995 1056 Υίὸν,
1021 984 1265 1062 δέχονται
1295 995 1394 1056 τὴν
1423 993 1679 1058 ἐξουσίαν
1725 996 1818 1049 τοῦ

235 1076 295 1124 ἐν
324 1075 534 1137 τέκνοις
562 1077 822 1147 τετάχθαι
859 1080 992 1134 Θεοῦ
1018 1098 1030 1111 ο
1065 1081 1247 1134 δίδωσί
1284 1100 1347 1151 γε
1386 1085 1492 1154 μὴν
1538 1087 1567 1138 ὀ
1607 1085 1735 1147 Υἱὸς
1759 1087 1820 1139 τὸ

239 1166 390 1236 μόνῳ
455 1168 552 1220 καὶ
613 1169 758 1233 ἰδίως
805 1173 955 1244 αὐτῷ
1023 1171 1116 1227 καὶ
1165 1178 1308 1231 κατὰ
1360 1179 1522 1247 φύσιν
1573 1183 1819 1252 ὑπάρχον

236 1257 679 1325 ἐξουσιαστικῶς,
708 1265 787 1326 είς
821 1266 1106 1336 κοινότητα
1138 1271 1384 1339 προθεὶς,
1415 1263 1605 1343 ὥσπερ
1632 1277 1818 1329 εἰκόνα

237 1347 649 1420 φιλανθρωπίας
693 1355 791 1424 τῆς
840 1355 1065 1429 ἐνούσης
1110 1360 1259 1432 αὐτῷ
1319 1365 1414 1415 καὶ
1457 1366 1556 1435 τῆς
1601 1368 1681 1428 εἰς
1726 1367 1818 1420 τὸν

235 1436 444 1528 κόσμον
479 1440 698 1508 ἀγάπης
751 1445 814 1497 τὸ
853 1449 1085 1517 πρᾶγμα
1128 1450 1466 1522 ποιούμενος.
1509 1455 1584 1509 Οὐ
1617 1455 1723 1527 γάρ
1750 1453 1818 1528 ἦν

238 1527 442 1597 ἑτέρως
467 1530 748 1600 διαφυγεῖν
777 1537 874 1606 τὴν
909 1537 1138 1609 φθοράν,
1170 1541 1266 1612 τὴν
1297 1546 1482 1597 εἰκόνα
1503 1547 1598 1598 τοῦ
1629 1527 1815 1616 χοϊκοῦ

235 1620 363 1682 τοὺς
393 1624 748 1690 φορέσαντας,
787 1629 834 1680 εἰ
869 1630 943 1698 μὴ
975 1630 1075 1698 τῆς
1113 1634 1321 1698 εἰκόνος
1344 1638 1444 1705 τῆς
1468 1638 1813 1709 ἐπουρανίου,

235 1709 325 1764 διὰ
354 1711 448 1763 τοῦ
486 1713 785 1781 κεκλῆσθαι
832 1719 967 1788 πρὸς
1004 1721 1310 1789 υἱοθεσίαν,
1344 1727 1404 1779 τὸ
1448 1728 1641 1791 κάλλος
1683 1734 1816 1802 ἡμῖν

235 1803 602 1872 ὲνεσημάνθη.
652 1806 884 1877 Μέτοχοι
928 1809 1037 1881 γὰρ
1074 1814 1359 1881 γεγονότες
1399 1818 1564 1871 αὑτοῦ
1597 1819 1684 1873 διὰ
1722 1822 1812 1874 τοῦ

236 1893 589 1962 Πνεῦματος,
635 1901 1194 1970 κατεσφραγίσθημεν
1253 1908 1332 1968 είς
1373 1909 1670 1980 ὁμοιότητα
1717 1912 1814 1980 τὴν
1847 1881 1891 1935 Β

236 1987 378 2055 πρὸς
403 1987 584 2050 αὑτὸν,
614 1991 708 2042 καὶ
731 1991 811 2054 είς
834 1992 894 2044 τὸ
913 1993 1220 2063 ἀρχέτυπον
1243 1994 1343 2067 τῆς
1365 2000 1572 2064 εἰκόνος
1592 2041 1604 2056 .
1629 2044 1642 2056 .
1667 2045 1678 2057 .
1699 2045 1711 2058 .
1735 2044 1746 2057 .
1768 2045 1782 2057 .
1801 2046 1813 2059 .

235 2095 404 2148 νομον
471 2081 689 2150 σχῆμα,
749 2081 873 2136 καθ’
923 2085 1103 2156 ἤνπερ
1153 2089 1300 2158 ἡμᾶς
1349 2091 1444 2143 καὶ
1490 2094 1817 2164 πεποιῆσθαι

236 2189 404 2240 φησιν
437 2175 469 2241 ἠ
508 2173 626 2226 Θεία
655 2173 870 2248 Γραφή.
924 2178 1094 2241 Μόλις
1134 2180 1243 2250 γὰρ
1292 2181 1437 2235 οῦτω
1480 2185 1541 2237 τὸ
1587 2189 1816 2257 ἀρχαῖον

235 2263 336 2329 τῆς
369 2263 586 2331 φύσεως
623 2267 1089 2340 άνακομισάμενοι
1120 2273 1316 2336 κάλλος
1341 2315 1355 2338 ,
1409 2277 1504 2330 καὶ
1537 2277 1673 2345 πρὸς
1717 2281 1817 2349 τὴν

235 2353 392 2407 θείαν
458 2357 672 2427 ἐκείνην
730 2360 1218 2430 άναμορφωθέντες
1275 2365 1476 2433 φύσιν,
1537 2369 1818 2440 κρείττους

237 2443 475 2512 ἐσόμεθα
528 2446 638 2500 τῶν
690 2453 752 2501 ὲκ
793 2452 1160 2522 παραϐάσεως
1211 2457 1342 2525 ἡμῖν
1397 2458 1818 2528 συμϐεϐηκότων

240 2540 447 2594 κακῶν.
476 2542 684 2596 Οὐκοῦν
713 2545 1076 2616 ἀναϐαίνομεν
1099 2549 1180 2612 εἰς
1210 2550 1269 2602 τὸ
1293 2551 1434 2622 ὑπὲρ
1465 2551 1626 2621 φύσιν
1655 2555 1818 2619 ἀξίω·

243 2648 322 2698 μσι
368 2631 455 2684 διὰ
513 2635 747 2704 Χριστὸν
772 2677 786 2699 ,
822 2638 937 2690 ἀλλ’
983 2641 1045 2692 οὑ
1094 2644 1212 2694 κατ’
1253 2646 1459 2696 ἐκεῖνον
1499 2647 1816 2716 ἀπαραλλά-

238 2739 385 2783 κτως
415 2723 648 2792 ἐσόμεθα
699 2728 790 2779 καὶ
845 2731 1004 2798 ἡμεῖς
1052 2733 1158 2785 υἱοὶ
1193 2734 1328 2787 Θεοῦ
1357 2775 1371 2799 ,
1420 2735 1531 2789 ἀλλ’
1579 2737 1652 2800 ὡς
1684 2739 1819 2808 πρὸς

237 2816 449 2865 ἐκεῖνον
483 2813 571 2867 διὰ
615 2817 716 2886 τῆς
759 2820 900 2873 κατά
947 2822 1176 2893 μίμησιν
1217 2827 1438 2896 χάριτος
1463 2841 1475 2854 ⁸
1516 2829 1544 2879 ό
1576 2830 1673 2897 μὲν
1712 2831 1820 2900 γάρ

238 2906 387 2956 ἐστιν
437 2906 556 2969 Υξδς
595 2911 660 2961 ὲκ
698 2910 912 2980 [ἰατρὸς
953 2913 1213 2985 ὑπάρχων
1252 2917 1538 2986 ἀληθινὸς,
1586 2919 1730 2973 θετοὶ
1763 2921 1819 2975 δὲ

238 2997 402 3063 ἡμεῖς
432 2997 494 3047 ἐκ
539 2997 972 3068 φιλανθρωπίας,
1017 3003 1091 3065 ὡς
1137 3006 1194 3056 ὲν
1243 3005 1465 3075 χάριτος
1495 3007 1656 3079 μοίρᾳ
1681 3008 1822 3079 λαμο

239 3085 493 3146 ϐάνοντες
518 3087 576 3138 τὸ
606 3105 620 3118 ·
649 3108 666 3138 ι
693 3088 830 3156 Ἐγὼ
849 3088 1004 3143 εἷπα’
1029 3093 1152 3146 Θεοί
1174 3096 1294 3146 ἐστε
1318 3097 1409 3149 καὶ
1433 3099 1537 3149 υἱοὶ
1564 3098 1818 3164 Ὑψίστου

1924 642 2030 693 cta.
2060 636 2293 704 pepulus
2313 640 2714 707 acquisitiouis,
2750 640 2852 710 91
2893 649 2952 694 ut
2995 641 3222 696 virtutes
3247 644 3368 712 ejus
3398 659 3497 698 an—

1924 729 2212 794 nuutietis,
2244 731 2337 796 qui
2375 747 2470 785 vos
2510 746 2539 783 a
2575 732 2819 786 tenebris
2855 733 3071 787 vocavit
3093 732 3150 786 in
3184 733 3361 788 lucem
3391 735 3494 788 ad-

1923 822 2224 876 mirabilem
2272 824 2338 879 ".
2387 843 2405 875 ο
2445 824 2580 878 Cum
2615 825 2758 879 enim
2816 823 3013 879 Filium
3043 826 3360 896 exceperint
3401 843 3488 896 pet

1923 913 2101 978 Iidem,
2158 925 2483 984 potestatem
2545 918 2822 986 accipiunt
2879 925 2938 971 ut
2984 917 3128 972 inter
3187 918 3336 974 Iilios
3398 917 3496 973 Dei

1921 1007 2280 1061 collocentur.
2317 1008 2608 1063 Enimvero
2647 1008 2741 1062 dat
2765 1007 2941 1064 Filius
2983 1017 3042 1063 ut
3071 1008 3182 1064 sint
3223 1018 3497 1078 potestate

1921 1100 1972 1152 id
2013 1101 2160 1169 quod
2211 1101 2312 1154 sibi
2371 1104 2462 1155 uni
2520 1103 2738 1172 proprie
2774 1111 2828 1157 et
2879 1103 3183 1157 secundum
3240 1111 3495 1156 naturam

1921 1191 2085 1257 inest,
2143 1194 2195 1246 in
2251 1208 2539 1247 commune
2592 1194 2998 1262 quodaminodo
3046 1208 3381 1263 proponens,
3439 1193 3496 1246 in

1921 1282 2133 1351 signum
2183 1282 2535 1351 benignitatis
2570 1298 2683 1336 suae
2725 1283 2777 1336 in
2818 1283 3066 1336 homines
3097 1289 3152 1336 et
3179 1297 3306 1351 erga
3343 1299 3497 1336 mun-

1919 1373 2048 1427 dum
2087 1375 2397 1428 charitatis.
2443 1372 2562 1427 Non
2609 1376 2753 1428 enim
2786 1375 2943 1428 aliter
2991 1389 3277 1443 possemus
3307 1390 3499 1430 corru-

1919 1464 2160 1534 ptionem
2208 1464 2416 1534 Ingere,
2451 1467 2546 1535 qui
2593 1466 2798 1520 terreni
2855 1473 3135 1535 gestamus
3179 1467 3494 1536 imaginem,

1918 1559 2023 1614 nisi
2071 1560 2419 1628 pulchritudo
2451 1560 2708 1628 imaginis
2747 1560 2998 1614 caelestis
3027 1559 3175 1614 illius
3221 1561 3494 1630 impressa

1919 1650 2076 1704 nobis
2107 1658 2254 1703 esset
2293 1665 2358 1702 ex
2393 1663 2457 1701 eo
2504 1648 2648 1716 quod
2681 1649 2857 1701 vocati
2908 1662 3100 1702 sumus
3149 1648 3214 1700 ad
3257 1644 3494 1700 ﬁliorum

1921 1737 2013 1791 Dei
2069 1738 2419 1806 adeptionem
2465 1738 2532 1791 ³⁸.
2613 1736 2917 1803 Partieipes
2968 1735 3114 1788 enim
3182 1735 3304 1800 ejus
3369 1733 3497 1786 facti

1920 1845 2019 1898 per
2071 1827 2357 1897 Spiritum,
2397 1826 2671 1895 obsignati
2721 1841 2912 1880 sumus
2962 1825 3016 1878 in
3073 1824 3494 1879 similitudinem

1918 1935 2044 1974 cum
2081 1920 2222 1987 ipso,
2255 1927 2310 1972 et
2343 1917 2409 1970 ad
2443 1917 2809 1985 exemplarem
2845 1915 3076 1970 formam
3125 1916 3272 1968 illius
3305 1915 3499 1982 imagi-

1917 2011 2004 2066 nis
2031 2009 2475 2070 conscendimus,
2501 2008 2566 2062 ad
2590 2022 2752 2077 quam
2781 2021 2880 2062 nos
2905 2021 3125 2076 quoque
3157 2005 3332 2060 factos
3365 2018 3492 2059 esse.

1917 2103 1993 2157 ait
2039 2101 2223 2156 divina
2269 2099 2556 2169 Scriptura
2593 2099 2658 2152 '°.
2713 2099 2804 2153 Sic
2850 2099 2996 2154 enim
3048 2097 3268 2150 tandem
3317 2096 3489 2150 veteri

1917 2202 2127 2248 natura:
2176 2191 2585 2262 pulchritudine
2638 2197 2985 2258 recuperata,
3033 2198 3088 2243 et
3138 2189 3205 2241 ad
3257 2177 3532 2240 divinam'

1917 2287 2066 2340 illam
2121 2282 2404 2339 reformati
2447 2291 2742 2342 naturam,
2794 2295 2856 2334 ea
2911 2280 3050 2333 mala
3105 2278 3493 2347 superabimus

1918 2391 2040 2447 quae
2078 2375 2239 2429 nobis
2281 2389 2348 2428 ex
2403 2373 2854 2443 prtevaricatione
2903 2371 3272 2440 contigerunt.
3329 2369 3494 2438 Igitur

1917 2464 1984 2518 ad
2015 2464 2336 2535 dignitatem
2371 2461 2848 2532 supernaturalem
2885 2459 3240 2514 ascendimus
3276 2464 3500 2525 propter

1918 2556 2222 2621 Christum,
2256 2563 2632 2609 verumtamen
2688 2566 2794 2605 non
2843 2551 3116 2613 sicutille,
3156 2550 3305 2603 nulio
3340 2548 3500 2618 plane

1918 2648 2243 2703 discrimine
2277 2662 2380 2700 nos
2431 2661 2651 2716 quoque
2695 2643 2865 2698 futuri
2895 2658 3089 2698 sumus
3127 2641 3220 2695 Dei
3253 2641 3366 2704 ﬁlii,
3405 2638 3498 2694 sed

1920 2740 1987 2794 ad
2031 2740 2150 2808 ejus
2196 2737 2638 2801 similitudinem,
2672 2753 2770 2806 per
2800 2736 3030 2805 gratiam
3076 2726 3360 2795 nimirum,
3392 2747 3496 2800 qua

1920 2831 2070 2884 illum
2100 2827 2367 2884 imitando
2399 2839 2878 2898 repraesentamus.
2922 2824 3019 2879 Est
3042 2842 3065 2874 ι·
3097 2825 3188 2876 tim
3221 2837 3383 2876 verus
3411 2821 3501 2876 ille

1922 2921 2113 2984 Filius,
2146 2922 2418 2976 exsistens
2453 2935 2483 2973 a
2515 2919 2696 2985 Patre,
2731 2919 2826 2974 sed
2862 2933 2964 2972 nos
2995 2934 3033 2983 ο,
3074 2933 3119 2972 IS
3161 2915 3501 2985 benignitate

1923 3013 2184 3083 adoptivi,
2219 3014 2406 3082 gratiae
2446 3013 2565 3066 loco
2606 3012 2661 3065 id
2699 3012 3030 3081 accipientes
3062 3031 3072 3064 :
3113 3029 3131 3060 ι
3192 3007 3305 3078 Ego
3339 3008 3495 3062 dixi:

1923 3103 2008 3159 Dii
2045 3107 2202 3166 estis.
2233 3113 2286 3159 et
2323 3105 2415 3159 ﬁlii
2447 3103 2664 3158 Excelsi
2696 3118 2891 3160 omnes
2918 3104 2985 3158 ³³.
3020 3122 3038 3154 ι
3071 3103 3266 3156 Creata
3296 3099 3499 3169 quippe

241 3175 462 3277 ﬁdem;
494 3195 511 3224 ι
569 3177 630 3277 'II
660 3176 756 3246 μὲν
783 3178 891 3248 γὰρ
925 3182 1265 3253 πεποιημένη
1299 3184 1392 3236 καὶ
1423 3184 1581 3255 δούλη
1625 3187 1818 3250 κτίσις,

1921 3207 1977 3254 et
2006 3213 2162 3254 serva
2187 3206 2382 3250 natura
2421 3195 2486 3250 ad
2514 3212 2602 3252 res
2641 3195 3092 3266 supernaturales
3122 3201 3349 3247 vocatur
3377 3191 3498 3244 solo

241 3262 487 3314 καλεῖται
533 3264 667 3329 πρὸς
705 3265 772 3317 τά
815 3267 954 3336 ὑπὲρ
991 3268 1154 3335 φύσιν
1197 3271 1427 3340 νεύματι
1483 3274 1674 3344 γυμνῷ
1721 3279 1816 3328 καὶ

241 3351 458 3421 θελήσει
503 3353 594 3406 τοῦ
622 3355 833 3425 Πατρός
855 3373 871 3388 ο
898 3361 926 3410 ό
948 3359 1002 3411 δὲ
1026 3360 1151 3424 Υἱὸς
1178 3362 1267 3414 καὶ
1293 3362 1444 3426 Θεὸς,
1473 3365 1565 3417 καὶ
1591 3365 1814 3435 Κύριος,

238 3445 342 3496 οὐκ
374 3447 432 3497 ἐν
473 3449 584 3508 τοῖς
625 3447 893 3517 θελήμασι
940 3449 1034 3502 τοῦ
1069 3451 1206 3505 Θεοῦ
1255 3453 1350 3504 καὶ
1392 3453 1638 3524 Πατρδς,
1695 3455 1815 3506 οὐδὲ

238 3535 363 3586 ὅσον
395 3537 475 3596 εἰς
506 3539 568 3590 τὸ
613 3536 971 3607 βεϐουλῆσθαι
1001 3541 1160 3609 μόνον
1213 3543 1392 3606 αὑτὸν,
1427 3545 1486 3596 τὸ
1522 3544 1658 3598 εἶναι
1685 3545 1815 3608 Θεὸς

241 3627 337 3678 καὶ
388 3625 513 3688 Υἱὸς
563 3629 923 3698 κεκτήσεται,
976 3631 1092 3684 ἀλλ’
1145 3633 1205 3697 ἐξ
1255 3635 1425 3703 αὐτῆς
1475 3637 1574 3703 τῆς
1627 3637 1814 3701 οὐσίας

240 3718 565 3786 ἀναλάμψας
592 3719 681 3772 τοῦ
715 3723 945 3793 Πατρός,
979 3723 1038 3774 τὸ
1074 3724 1200 3776 ἴδιον
1225 3725 1394 3794 αὐτῆς
1431 3723 1634 3793 ἀγαθὸν
1669 3730 1810 3783 κατά

242 3808 406 3876 φύσιν
453 3811 738 3878 ἐπάγεται.
783 3813 1007 3883 Ὀρᾶται
1059 3814 1115 3866 δὲ
1169 3817 1332 3869 πάλιν
1372 3816 1498 3880 Υἱὸς
1553 3818 1815 3888 ὑπάρχων

240 3901 514 3969 ἀληθινὸς,
560 3906 651 3954 καὶ
684 3907 747 3973 τῇ
791 3904 927 3975 πρὸς
970 3907 1116 3975 ἡμᾶς
1150 3908 1574 3980 άντιπαραθέσει
1602 3909 1818 3975 δοξαζό-

246 4009 424 4062 μενος.
482 3995 697 4063 Ἐπειδὴ
745 3998 852 4066 γάρ
884 3998 944 4048 τὸ
972 3997 1132 4065 φύσει
1175 4000 1332 4066 λόγον
1366 4001 1552 4070 ἓτερον
1586 4001 1699 4070 ἔχει
1740 4001 1816 4072 τῷ

242 4085 385 4135 κατὰ
419 4084 586 4145 θέσιν,
619 4087 712 4137 καὶ
745 4087 823 4155 τῷ
854 4088 992 4139 κατὰ
1025 4089 1256 4158 μίμησιν
1288 4091 1350 4142 τὸ
1385 4097 1498 4142 κατ’
1533 4092 1812 4161 ἀλήθειαν,

243 4176 351 4226 υἱοὶ
374 4175 429 4225 δὲ
460 4177 618 4243 ἡμεῖς
645 4176 959 4245 κεκλήμεθα
1005 4178 1143 4230 Θεοῦ
1177 4180 1317 4232 κατὰ
1348 4179 1515 4243 θέσιν,
1550 4182 1643 4233 καὶ
1677 4183 1816 4235 κατὰ

244 4267 499 4335 μίμησιν·
539 4267 680 4319 κατὰ
709 4267 868 4334 φύσιν
909 4268 1018 4338 ἄρα
1057 4270 1149 4321 καὶ
1178 4270 1316 4322 κατὰ
1353 4271 1609 4340 ἀλήθειαν
1633 4273 1813 4338 αὐτὸς,

238 4351 284 4423 ᾧ
328 4358 424 4409 καὶ
469 4358 640 4409 ταῦτα
696 4359 987 4425 γεγονότες
1034 4361 1577 4430 άντιπαρακείμεθα,
1632 4363 1692 4414 τὸ
1752 4364 1815 4414 ὲκ

238 4450 462 4519 χάριτος
485 4449 686 4516 ἀγαθὸν
713 4449 834 4502 ἀντὶ
869 4450 1113 4518 φυσικῶν
1138 4451 1458 4521 ἀξιωμάτων
1485 4454 1812 4524 ἀποκερδαί-

239 4557 444 4602 νοντες.

316 4631 383 4682 Οἵ
413 4633 523 4684 οὐκ
546 4631 612 4694 ἐξ
634 4631 914 4701 αἱμάτων,
947 4633 1088 4687 οὐδὲ
1115 4634 1184 4687 ἐκ
1214 4634 1543 4704 θελήματος
1565 4637 1810 4706 σαρκὸς,

235 4720 382 4776 οὐδὲ
412 4724 478 4776 ἐκ
517 4724 846 4792 θελήματος
878 4725 1116 4792 ἀνδρὸς,
1148 4727 1283 4780 ἀλλ’
1317 4728 1383 4780 ἐκ
1407 4728 1551 4781 Θεοῦ
1579 4730 1812 4799 ἐγεννή-

238 4817 457 4875 θησαν.

312 4907 373 4956 υἱ
415 4904 503 4956 διὰ
538 4904 802 4968 πίστεως,
848 4905 982 4974 φησὶ
1007 4945 1022 4969 ,
1073 4907 1172 4976 τῆς
1205 4909 1284 4969 είς
1324 4907 1557 4978 Χριστὸν
1589 4911 1668 4970 εἰς
1702 4910 1810 4960 uio-

238 4996 429 5049 θεσίαν
473 4996 800 5064 κεκλημένοι
845 4996 981 5049 Θεοῦ
1007 5037 1021 5061 ,
1075 4997 1172 5066 τῆς
1217 4999 1314 5068 μὲν
1351 5001 1556 5062 οἰκείας
1597 4999 1811 5068 φύσεως

235 5089 342 5158 τὴν
371 5087 644 5140 εὐτέλειαν
672 5089 1030 5150 άπεδύσαντο,
1061 5090 1518 5160 κατηγλαῖσμὲνοι
1541 5093 1596 5144 δὲ
1623 5092 1811 5165 ὥσπερ

236 5181 434 5249 ἁμερίῳ
466 5179 704 5249 λαμπρῷ
745 5183 811 5249 τῇ
854 5179 947 5232 τοῦ
1003 5182 1273 5251 τιμῶντος
1321 5185 1534 5255 χάριτι,
1589 5185 1723 5253 πρὸς
1753 5187 1813 5237 τὸ

235 5272 382 5341 ὑπὲρ
421 5270 582 5338 φύσιν
615 5271 994 5325 ἀναϐαίνουσιν
1030 5273 1265 5341 ἀξίωμα.
1311 5275 1384 5325 Οὔ
1422 5275 1528 5346 γὰρ
1559 5275 1638 5328 ἔτι
1675 5294 1810 5347 χρη-

235 5360 529 5433 ματίζουσι
555 5362 719 5416 τέκνα
751 5363 972 5432 σαρκὸς,
1002 5362 1136 5416 Θεοῦ
1165 5363 1221 5416 δὲ
1252 5363 1451 5432 μᾶλλον
1482 5366 1622 5418 κατὰ
1666 5365 1812 5420 θέσιν

230 5460 572 5525 γεννήματα.
613 5456 890 5528 Ἐπιτήρει
922 5457 979 5510 δὲ
1022 5457 1154 5526 ὅσην
1187 5459 1214 5509 ό
1248 5459 1513 5527 μακάριος
1537 5460 1813 5526 εὐαγγελι-

230 5549 370 5618 στὴς
402 5551 456 5600 ἐν
479 5552 590 5611 τοῖς
619 5549 810 5603 ἑαυτοῦ
842 5549 1018 5617 λόγοις
1043 5549 1340 5619 ἐποιήσατο
1365 5551 1461 5619 τὴν
1486 5551 1804 5618 ἀσφάλειαν.

227 5641 458 5710 Ἐπειδὴ
477 5643 584 5712 γὰρ
603 5642 822 5713 ἔμελλεν
847 5643 990 5713 ἐρεῖν
1012 5642 1076 5696 ὲκ
1096 5641 1230 5695 Θεοῦ
1258 5641 1666 5714 γεγε[ν]νῆσθαι
1683 5644 1806 5708 τοὺς

310 5821 356 5852 ³⁵⁸
401 5819 417 5877 Ι
475 5819 615 5876 Pctr.
657 5839 710 5886 ιι,
745 5823 794 5878 9.
894 5823 985 5876 "l
1041 5823 1166 5879 Cur.
1209 5840 1291 5891 xv,
1329 5826 1434 5893 i9;
1470 5827 1643 5880 tialat.
1681 5845 1749 5893 tv,
1787 5828 1837 5881 ὃ.

1916 3299 2050 3346 ηυιυ
2082 3306 2145 3345 ac
2174 3293 2454 3346 voluntate
2475 3289 2692 3345 Patris:
2729 3285 2900 3344 Filius
2928 3298 3132 3349 autem,
3162 3294 3215 3342 et
3251 3285 3415 3346 Deus,
3444 3293 3498 3336 et

1917 3380 2200 3444 Dominus,
2244 3394 2349 3434 non
2404 3377 2493 3434 Dei
2537 3394 2600 3432 ac
2645 3378 2820 3432 Patris
2865 3385 3022 3443 nutu,
3066 3390 3167 3430 nec
3221 3376 3341 3442 ejus
3381 3374 3499 3428 sola

1918 3475 2195 3526 voluntate
2227 3474 2278 3524 id
2322 3471 2482 3524 habet
2509 3470 2656 3539 quod
2683 3471 2826 3524 Deus
2868 3469 2962 3530 sit,
2999 3467 3093 3523 sed
3120 3482 3244 3520 cum
3281 3481 3344 3518 ex
3376 3465 3492 3534 ipsa

1915 3565 2226 3618 substantia
2262 3560 2442 3615 Patris
2474 3561 2762 3623 eﬁ‘ulscrit,
2800 3559 3081 3629 proprium
3119 3557 3239 3625 ejus
3289 3555 3490 3610 bonum

1918 3656 2216 3712 secundum
2252 3661 2503 3706 naturam
2553 3651 2656 3707 sibi
2689 3651 2936 3706 asciscit.
2974 3649 3186 3704 Rursus
3227 3649 3492 3702 hancre-

1920 3763 2041 3802 rum
2089 3762 2212 3801 esse
2250 3743 2444 3798 Filium
2485 3751 2674 3796 mutua
2724 3741 2895 3796 nostri
2942 3741 3359 3810 comparatione
3407 3753 3491 3792 co.

1921 3840 2260 3910 gnoscimus.
2291 3833 2427 3890 Cum
2464 3835 2610 3889 enim
2641 3835 2694 3887 id
2721 3834 2865 3903 quod
2901 3843 2986 3890 est
3029 3840 3223 3887 natura
3265 3833 3498 3888 diversae

1921 3930 2152 3986 rationis
2193 3930 2265 3984 sit
2313 3928 2384 3981 ab
2429 3941 2495 3980 eo
2531 3924 2678 3996 quod
2706 3933 2791 3980 est
2827 3925 3145 3993 adoptione,
3180 3932 3233 3978 et
3263 3923 3315 3977 id
3351 3923 3494 3993 quod

1922 4037 1987 4074 ex
2031 4018 2337 4072 imitatione
2399 4031 2522 4070 cum
2574 4031 2637 4069 eo
2672 4015 2816 4084 quod
2851 4024 2935 4069 est
2974 4016 3224 4076 veritate,
3256 4029 3357 4067 nos
3405 4029 3495 4065 au-

1917 4121 2022 4166 tem
2071 4111 2165 4164 ﬁlii
2207 4109 2294 4164 Dei
2333 4123 2720 4176 nuncupemur
2764 4122 2862 4176 per
2897 4107 3273 4175 adoptionem,
3334 4111 3387 4158 et
3428 4119 3496 4157 ex

1919 4205 2249 4266 imitatione,
2310 4209 2506 4256 natura
2549 4200 2717 4270 igitur
2756 4207 2810 4254 et
2853 4200 3084 4253 veritate
3111 4208 3197 4252 est
3227 4197 3364 4265 ipse,
3403 4195 3491 4248 cui

1918 4310 2040 4360 nos,
2089 4311 2211 4348 cum
2281 4293 2469 4348 istlnec
2525 4293 2721 4353 simus,
2769 4297 2960 4343 mutuo
2980 4290 3330 4364 Opponimur,
3390 4300 3490 4355 pro

1917 4388 2155 4441 naturali
2222 4387 2489 4458 dignitate
2553 4384 2766 4440 scilicet
2831 4382 3023 4454 gratiae
3095 4381 3297 4434 bonum
3364 4393 3496 4433 con-

1917 4477 2113 4534 secuti.

1988 4649 2027 4702 I.
2072 4650 2159 4704 l5.
2203 4649 2307 4716 Qui
2347 4667 2449 4702 non
2492 4664 2556 4702 ex
2592 4647 2960 4718 sanguiuibus,
3003 4661 3166 4713 neque
3199 4660 3263 4698 ea:
3307 4645 3492 4698 volun-

1919 4751 2024 4795 lale
2047 4743 2246 4805 carnis,
2271 4757 2429 4809 neque
2465 4756 2530 4793 ea:
2565 4740 2833 4793 voluntate
2860 4739 2978 4802 viri,
3007 4735 3097 4791 sed
3136 4752 3200 4789 ea:
3232 4735 3336 4789 Deo
3379 4737 3493 4788 nati

1914 4843 2061 4887 siml.

1990 4921 2094 4987 Qui
2123 4936 2220 4990 per
2266 4919 2448 4984 ﬁdem,
2505 4918 2706 4987 inquit,
2737 4920 2792 4973 in
2837 4917 3115 4972 Christum
3163 4915 3272 4986 92
3313 4917 3496 4971 vocati

1919 5011 2127 5064 suntin
2163 5009 2509 5076 adoptionem
2549 5007 2784 5060 ﬁliorum
2830 5006 2946 5067 Dei,
2996 5007 3232 5075 propriae
3273 5005 3490 5074 quidem

1920 5111 2124 5156 naturae
2177 5101 2438 5153 vilitatem
2509 5107 2824 5163 exuerunt,
2890 5095 3092 5166 Deique
3173 5098 3492 5151 honor-antis

1917 5193 2089 5262 gratia
2124 5206 2243 5245 ceu
2277 5190 2563 5260 splendida
2607 5190 2845 5260 quadam
2877 5197 3028 5243 veste
3075 5189 3381 5256 conspicui,
3422 5187 3492 5241 ad

1919 5283 2387 5354 supernaturalem
2439 5282 2760 5351 dignitatem
2808 5280 3132 5335 evehuntur.
3191 5277 3308 5332 Non
3339 5278 3489 5331 enim

1919 5375 2151 5444 amplius
2178 5375 2362 5428 carnis
2390 5373 2504 5437 ﬁlii,
2539 5371 2756 5426 sed'Dei
2788 5371 2966 5439 potius
2989 5369 3238 5438 adeptiva
3273 5369 3490 5423 soboles

1921 5474 2330 5534 nuncupantur.
2391 5466 2628 5518 Adverte
2687 5477 2818 5516 vero
2883 5469 3088 5530 quanta
3155 5459 3367 5514 cautela
3432 5459 3488 5512 in

1917 5557 2262 5612 sermonibus
2305 5556 2423 5612 suis
2451 5557 2642 5610 beatus
2676 5553 3011 5622 evangelista
3049 5567 3182 5606 usus
3221 5551 3310 5605 sit.
3352 5548 3488 5603 Cum

1917 5648 2061 5703 enim
2093 5649 2346 5703 dicturus
2375 5654 2524 5704 esset
2549 5662 2616 5701 ex
2652 5643 2758 5700 Deo
2801 5654 2959 5700 natos
2997 5657 3122 5699 esse
3153 5641 3377 5708 ﬁdeles,
3419 5656 3489 5697 ne

1918 5830 1958 5858 πο
1993 5827 2162 5884 "cm.
2198 5827 2289 5896 ιη’,
2326 5827 2412 5883 ιι,
2490 5829 2529 5859 ³¹
2572 5826 2715 5881 Psal.
2767 5839 2967 5892 um,
2998 5824 3051 5879 6.
