4222 6510
208 432 308 486 157

1309 438 1375 492 ΙΝ
1412 435 1703 493 JOANMS
1744 435 2196 513 EVANGELIUM
2236 437 2364 493 LIB.
2404 438 2447 493 l.

3368 438 3469 491 158

202 569 369 614 τινες,
400 554 592 624 ὥσπερ
643 556 737 609 τοῦ
771 556 1128 626 Μονογενοῦς,
1163 558 1305 612 οὕτω
1355 562 1449 613 καὶ
1488 558 1584 612 τοῦ
1635 560 1792 626 ἁγίου

1901 577 2042 615 ιιιιιε.
2078 562 2134 613 Si
2160 562 2308 615 enim
2338 567 2517 629 neque
2544 558 2687 613 Deus
2722 559 3026 614 secundum
3058 567 3335 624 naturam,
3371 575 3472 615 ne-

204 643 628 710 καταψεύδονται
685 645 1021 717 Πνεύματος,
1066 649 1294 717 γενητὸν
1346 649 1480 701 αὐτὸ
1524 649 1619 702 καὶ
1681 666 1796 701 κτι-

205 730 507 788 στὸν.εῐναι
544 738 861 804 φάσκοντες,
912 740 1007 792 καὶ
1057 739 1192 802 ὅλως
1240 740 1342 808 τῆς
1381 740 1474 793 τοῦ
1525 739 1661 792 Θεοῦ
1702 742 1794 793 καὶ

213 825 429 895 Πατρὸς
462 826 700 891 ἐξέλκειν
732 829 1144 900 ὁμοουσιότητος
1171 846 1185 860 ·
1222 830 1352 901 φέρε
1393 830 1457 901 δὴ
1490 830 1651 883 πάλιν
1678 832 1797 894 ταῖς

204 914 431 967 ἐκείνων
490 915 995 989 ἀθυρογλωσσιαις,
1051 920 1144 973 τὸν
1198 922 1295 991 τῆς
1346 921 1511 992 ὀοθῆς
1560 923 1798 985 πίστεως

204 1005 591 1075 ἀντεξάγοντες
615 1008 790 1078 λόγον,
816 1011 1029 1073 ἑαυτοῖς
1055 1028 1114 1064 τε
1139 1011 1229 1065 καὶ
1258 1016 1368 1076 τοῖς
1392 1013 1795 1084 εντευξομένοις

205 1094 473 1164 ὡφελείας
505 1100 853 1170 γεννήσωμεν
892 1100 1165 1173 ἀφορμάς.
1217 1103 1279 1155 Εἰ
1320 1105 1427 1172 γάρ
1469 1106 1609 1173 μήτε
1659 1105 1792 1168 Θεὸς

206 1186 352 1239 κατά
387 1187 568 1255 φύσιν,
594 1183 639 1243 ὦ
666 1185 831 1254 οὗτοι,
870 1194 1005 1262 μήτε
1038 1193 1143 1263 μὴν
1190 1197 1254 1247 ἐκ
1287 1194 1422 1247 Θεοῦ
1466 1196 1528 1248 τὸ
1572 1195 1797 1265 Πνεῦμά

206 1282 358 1332 ἐστιν
399 1281 530 1334 ἴδιον
557 1282 743 1347 αὐτοῦ,
782 1284 873 1337 καὶ
911 1284 1001 1338 διὰ
1043 1285 1200 1338 τοῦτο
1245 1285 1515 1348 οὺσιωδῶς
1551 1287 1794 1354 ἐνυπάρ-

208 1387 305 1438 χον
352 1371 532 1440 αὐτῷ·
581 1370 767 1442 ἕτερον
819 1371 876 1425 δέ
925 1390 976 1425 τι
1027 1374 1156 1437 παρ’
1188 1373 1366 1434 αὑτὸν,
1416 1374 1511 1425 καὶ
1551 1375 1649 1442 τῆς
1688 1372 1797 1425 τῶν

209 1461 596 1530 πεποιημένων
629 1462 894 1530 ὁμοφυῖας
938 1462 1037 1514 οὐκ
1074 1463 1478 1531 ἀπῳκισμένον·
1509 1462 1625 1525 πῶς
1652 1465 1700 1515 0i
1729 1462 1796 1514 δι’

208 1550 381 1603 αὐτοῦ
424 1551 773 1621 γεννηθέντες
804 1554 965 1622 ἡμεῖς
980 1553 1043 1605 ὲκ
1085 1552 1219 1604 Θεοῦ
1248 1553 1605 1622 γεγεννῆσθαι
1644 1553 1797 1620 λεγό-

211 1642 391 1710 μεθας
422 1642 493 1694 Ἠ
519 1643 625 1713 γὰρ
652 1644 735 1697 ὅτι
757 1643 1012 1713 ψεύδεται
1061 1648 1276 1706 πάντως
1312 1643 1544 1714 ἐροῦμεν
1571 1647 1598 1697 ὁ
1630 1645 1794 1712 εὐαγ-

207 1732 546 1802 γελιστὴς,ή
583 1734 740 1805 εἴπερ
779 1734 926 1787 ἐστὶν
965 1733 1191 1804 ἀληθὴς,
1248 1734 1359 1802 ἔχει
1398 1733 1455 1786 δὲ
1499 1732 1660 1797 οὕτω,
1704 1736 1796 1788 καὶ

207 1823 308 1893 οὐχ
338 1824 560 1894 ἑτέρως,
586 1824 717 1887 Θεὸς
749 1825 900 1877 ἔσται
944 1827 1037 1879 καὶ
1083 1827 1147 1878 ὲκ
1188 1824 1323 1877 Θεοῦ
1355 1826 1494 1878 κατά
1536 1824 1697 1894 φύσιν
1736 1824 1795 1877 τὸ

210 1914 459 1983 Πνεῦμα,
498 1910 559 1969 οῦ
598 1915 662 1986 δὴ
706 1916 799 1970 καὶ
852 1917 1128 1985 μετίσχειν
1172 1914 1259 1968 διὰ
1308 1915 1543 1976 πίστεως
1578 1915 1680 1983 τῆς
1718 1917 1796 1979 εἰς

206 2008 447 2078 Χριστὸν
486 2008 814 2077 ἀξιούμενοι,
851 2008 1002 2071 θείας
1035 2025 1094 2060 τε
1134 2006 1347 2075 φύσεως
1388 2006 1795 2077 ἀποτελούμεθα

208 2099 477 2159 zzz-nevolt,
512 2100 602 2150 xz“.
628 2100 689 2151 ἐκ
715 2098 849 2152 Θεοῦ
872 2098 1232 2168 γεγεννῆσθαι
1250 2096 1544 2167 λεγόμεθα,
1574 2097 1665 2149 καὶ
1683 2095 1798 2149 θεοὶ

204 2191 235 2238 ὃ
267 2188 297 2239 ὲ
318 2188 474 2239 τοῦτο
495 2190 924 2259 χρηματίζομεν,
955 2191 1016 2242 οὔ
1040 2192 1221 2260 χάριτι
1246 2189 1406 2259 μόνον
1428 2188 1507 2251 είς
1531 2190 1625 2258 τὴν
1650 2188 1796 2258 ὑπὲρ

210 2280 365 2347 ἡμᾶς
410 2279 769 2349 ἀνιπτάμενοι
801 2279 980 2344 δόξαν,
1007 2279 1121 2333 ἀλλ’
1150 2279 1223 2341 ὡς
1245 2280 1345 2350 ήδη
1377 2278 1618 2333 “tam
1648 2279 1797 2349 ἔχον-

204 2388 305 2432 τες
327 2374 386 2423 ὲν
413 2371 624 2433 tantoa;
642 2370 949 2424 ἐνοικοῦντα
975 2371 1072 2425 καὶ
1097 2370 1467 2437 αὑλιζόμενον,
1499 2370 1642 2424 κατά
1657 2370 1717 2422 τὸ
1741 2372 1799 2423 ὲν

208 2460 293 2531 τῷ
345 2464 601 2533 προφήτῃ
642 2464 921 2532 κείμενον,
971 2463 1052 2516 ὅτι
1105 2480 1124 2513 ι
1172 2463 1469 2532 Ἐνοικήσω
1514 2462 1571 2512 ἐν
1616 2460 1798 2524 αὐτοῖς

209 2553 305 2605 καὶ
338 2553 807 2621 ὲμπεριπατήσω·
846 2570 865 2603 ι
902 2551 1023 2604 ἐπεὶ
1063 2550 1205 2604 κατά
1240 2551 1360 2602 τίνα
1387 2550 1585 2621 τρόπον
1605 2550 1797 2620 ,λεγόν-

208 2661 322 2695 των
338 2646 469 2713 ἡμῖν
500 2646 547 2696 οἱ
578 2644 677 2713 τῆς
691 2641 957 2712 τοσαύτης
967 2641 1205 2711 ἀμαθίας
1223 2642 1473 2712 ἀνάπλεῳ
1497 2643 1613 2695 ναοὶ
1639 2642 1793 2708 Θεοῦ,

210 2733 359 2785 κατὰ
385 2734 593 2787 Παῦλον
630 2734 819 2803 ἐσμὲν,
844 2734 904 2785 τὸ
922 2733 1146 2802 Πνεῦμα
1176 2732 1387 2803 ἔχοντες
1416 2732 1712 2787 κατοικοῦν
1742 2736 1799 2787 ἐν

210 2827 367 2893 ἡμῖν,
390 2828 437 2877 εἰ
462 2824 537 2894 μὴ
550 2824 680 2887 Θεὸς
698 2825 841 2876 κατά
858 2822 1016 2891 φύσιν
1035 2824 1178 2877 ἐστίν
1201 2840 1214 2887 ;
1237 2824 1297 2876 Εἰ
1327 2824 1432 2893 γὰρ
1450 2823 1649 2893 κτίσμα
1680 2826 1799 2877 ἐστὶ

209 2920 308 2967 καὶ
326 2915 572 2985 γενητὸν,
588 2916 674 2968 διὰ
694 2918 853 2970 ποίαν
884 2916 1063 2970 αἰτίαν
1079 2917 1224 2985 ἡμᾶς
1249 2914 1799 2984 ὲκαταφθείρειθεὸς,

210 3007 450 3068 ὡςΘεοῦ
482 3007 943 3077 καταφθείροντας
974 3007 1119 3071 ναὸν,
1156 3006 1286 3058 ὅταν
1303 3006 1361 3057 τὸ
1394 3007 1552 3075 σῶμα
1569 3024 1802 3076 καταμο-

210 3098 239 3147 ὶ.
254 3097 486 3165 ὀνωμεν,
512 3098 569 3149 ὲν
589 3091 632 3163 ᾧ
651 3096 711 3148 τὸ
733 3096 954 3166 Πνεῦμα
977 3098 1136 3160 οἰκεῖ,
1162 3097 1287 3165 ὃλην
1305 3096 1425 3165 ἕχον
1442 3096 1534 3148 τοῦ
1558 3096 1689 3147 Θεοῦ
1706 3096 1800 3149 καὶ⁹

1900 667 2010 720 que
2047 666 2111 705 ex
2146 652 2254 706 Deo
2292 661 2377 706 est
2404 650 2647 719 Spiritus
2681 651 2822 718 ejus,
2855 651 3013 720 eique
3035 650 3479 705 substantialiter

1901 742 2257 802 inexsisteus,
2300 741 2395 796 sed
2426 742 2569 795 alius
2598 740 2667 793 ab
2700 739 2839 808 ipso,
2874 755 2973 793 nec
3004 754 3033 792 a
3080 746 3276 792 natura
3307 750 3477 791 creo-

1901 841 2148 886 turarum
2205 834 2437 895 alienus,
2502 832 2777 902 quomodo
2813 846 2934 895 nos,
2988 832 3080 901 qui
3152 846 3247 900 per
3296 830 3473 899 ipsum

1901 926 2010 978 nati
2042 939 2252 987 sumus,
2279 938 2345 977 ex
2372 921 2479 976 Deo
2504 924 2616 975 nati
2645 922 2922 975 dicimur?
2943 923 3052 974 Aut
3076 925 3219 976 enim
3254 918 3475 974 mentiri

1902 1016 2060 1084 plane
2105 1016 2494 1085 evangelistam
2539 1012 2879 1067 fatebimur:
2930 1020 3024 1067 aut
3081 1013 3127 1066 si
3166 1027 3327 1066 verax
3368 1020 3473 1073 est,

1902 1108 2062 1161 sicuti
2096 1115 2180 1161 est
2215 1105 2477 1175 profecto,
2508 1105 2649 1159 Deus
2686 1105 2808 1169 erit,
2844 1114 2899 1158 et
2926 1121 2990 1159 ex
3026 1103 3134 1158 Deo
3168 1102 3473 1159 secundum

1902 1206 2150 1251 naturam
2188 1196 2466 1266 Spiritus:
2506 1193 2674 1264 'ciijus
2725 1196 3143 1264 participatione
3180 1209 3275 1265 per
3315 1193 3474 1247 tidem

1901 1289 1953 1341 in
1995 1288 2273 1341 Christum
2308 1288 2515 1351 donati,
2568 1296 2620 1340 et
2677 1296 2884 1339 natura:
2932 1285 3130 1339 divinae
3172 1285 3470 1354 participes

1899 1378 2185 1440 eﬂicimur,
2232 1385 2286 1431 et
2328 1393 2390 1431 ex
2430 1377 2537 1430 Deo
2571 1378 2681 1430 nati
2717 1391 2839 1430 csse
2874 1376 3129 1437 dicimur,
3159 1383 3213 1428 et
3247 1390 3367 1428 eam
3403 1376 3475 1427 ob

1902 1484 2012 1521 rem
2049 1468 2123 1521 dii
2156 1483 2556 1536 nuncupantur,
2604 1482 2713 1519 non
2752 1468 2929 1536 gratia
2961 1466 3137 1520 solum
3173 1465 3238 1518 ad
3271 1479 3467 1533 super-

1899 1560 2199 1613 naturalem
2242 1559 2465 1628 gloriam
2498 1557 2706 1619 evecti,
2741 1557 2835 1609 sed
2879 1570 2989 1624 quo
3032 1555 3145 1624 jam
3191 1553 3357 1608 Demn
3418 1552 3473 1605 in

1900 1649 2058 1702 nobis
2092 1650 2424 1702 habitantem
2481 1655 2646 1715 atque
2678 1646 3043 1699 diversantcm
3075 1645 3375 1698 habeamus
3402 1640 3474 1707 ³⁷,

1893 1739 2050 1806 juxta
2081 1739 2211 1792 illud
2242 1738 2516 1807 propheta:
2545 1738 2753 1790 dictum
2788 1755 2801 1790 :
2847 1756 2865 1787 ι
2894 1735 3033 1801 Quia
3069 1734 3387 1787 inliahitabo
3421 1734 3478 1787 in

1899 1830 2033 1898 ipsis
2061 1838 2114 1884 et
2147 1829 2494 1883 inamhulaho
2523 1830 2662 1881 inter
2685 1841 2781 1881 eos
2811 1827 2875 1880 ⁸⁸.
2917 1846 2935 1878 ι
2966 1824 3213 1893 Alioqui,
3250 1839 3480 1893 respon-

1832 1894 1871 1949 Β
1898 1894 2085 1985 deant,
2129 1936 2336 1989 ψιιεεο,
2374 1921 2551 1985 nobis,
2584 1921 2683 1989 qui
2719 1929 2867 1974 tanta
2898 1919 3043 1988 pleni
3076 1925 3204 1972 sunt
3240 1916 3477 1976 inscitia,

1899 2009 2175 2079 quomodo
2206 2010 2401 2077 templa
2454 2007 2545 2062 Dei
2582 2009 2778 2069 simus,
2821 2008 2978 2074 juxta
3019 2004 3248 2058 Paulum
3280 2004 3359 2067 ³⁴¹,
3396 2005 3480 2056 in-

1900 2101 2232 2153 habitantem
2269 2099 2321 2152 in
2353 2099 2510 2152 nobis
2543 2098 2804 2167 Spiritum
2838 2097 3102 2150 habentes
3128 2136 3142 2158 ,
3172 2094 3277 2149 nisi
3309 2092 3480 2161 Spiri-

1900 2202 1987 2246 tus
2019 2190 2161 2245 Deus
2195 2191 2267 2244 sit
2298 2190 2603 2245 secundum
2642 2188 2935 2242 naturam?
2961 2188 3007 2241 si
3040 2186 3189 2241 enim
3223 2193 3477 2239 creatura

1897 2292 2002 2346 est,
2036 2298 2100 2336 ac
2131 2298 2288 2351 opus,
2343 2296 2506 2350 quam
2536 2280 2607 2336 ob
2636 2295 2861 2336 causam
2910 2278 3054 2334 Deus
3088 2293 3190 2333 nos
3220 2275 3476 2335 destruit.

1900 2383 2155 2443 tanquam
2189 2373 2281 2442 qui
2304 2372 2396 2427 Dei
2429 2374 2690 2443 templum
2722 2373 3096 2433 destruamus,
3129 2385 3253 2424 cum
3277 2384 3480 2437 corpus

1898 2464 2268 2531 inquinamus,
2314 2463 2367 2517 in
2402 2478 2511 2532 quo
2548 2463 2785 2531 Spiritus
2821 2462 3030 2515 habitat
3071 2461 3152 2524 “,
3184 2460 3278 2530 qui
3312 2468 3482 2513 totam

1903 2555 1992 2609 Dei
2031 2571 2095 2608 ac
2162 2554 2332 2608 Patri<
2396 2563 2448 2606 et
2512 2554 2767 2608 similiter
2822 2552 3100 2622 Unigeniti
3170 2552 3483 2607 naturalem

1900 2645 2285 2712 proprietatem
2311 2641 2420 2712 94
2442 2643 2495 2694 in
2528 2658 2585 2695 se
2610 2642 2770 2695 habet
2788 2642 2811 2693 ?
2831 2639 2965 2694 Nam
2991 2641 3265 2709 quomodo
3292 2654 3481 2693 verum

1898 2735 2003 2787 erit
2041 2732 2184 2801 quod
2219 2750 2245 2785 ιι
2272 2734 2558 2786 Salvatore
2589 2732 2790 2785 dicitur
2826 2748 2839 2784 :
2880 2748 2898 2781 ι
2933 2729 2988 2783 Si
3015 2731 3136 2800 quis
3163 2730 3339 2800 diligit
3372 2744 3481 2791 me,

1900 2840 2207 2878 sermonem
2262 2839 2441 2877 meum
2495 2822 2759 2881 servabit.
2814 2830 2868 2877 et
2906 2821 3065 2876 Pater
3103 2836 3252 2875 :neus
3298 2820 3487 2889 diliget

1899 2928 2044 2974 eum,
2083 2919 2135 2966 ct
2160 2913 2222 2963 ad
2252 2928 2375 2966 eum
2413 2911 2715 2975 veniemus,
2738 2918 2791 2965 et
2817 2912 3029 2965 mansio
3063 2926 3158 2965 .em
3185 2909 3327 2978 apud
3359 2922 3483 2962 eum

1903 3004 2217 3057 faciemus“
2244 3042 2258 3065 ,
2286 3023 2303 3051 ι
2337 3018 2459 3054 eum
2483 3003 2721 3070 Spiritus
2756 3004 2825 3057 sit
2852 3003 2945 3072 qui
2970 3003 3035 3054 ιι..
3085 3003 3178 3053 itat
3215 3001 3268 3054 in
3305 2999 3485 3063 nobis,

1901 3105 1954 3147 et
1990 3108 2082 3161 per
2120 3094 2298 3160 ipsum
2338 3092 2537 3145 habere
2575 3107 2675 3145 nos
2724 3090 2942 3145 Patrem
2980 3091 3144 3146 simul
3187 3098 3242 3145 et
3288 3088 3481 3143 Filium

211 3189 429 3259 Πατρος
464 3187 560 3258 τὴν
590 3189 825 3258 φυσικὴν
856 3188 1114 3257 ἰδιότητα,
1140 3189 1231 3241 καὶ
1272 3189 1474 3257 ὁμοίως
1502 3188 1594 3240 τοῦ
1625 3190 1799 3241 Μονο-

1904 3186 2214 3244 credamus,
2248 3184 2705 3252 quemadmodum
2749 3184 2865 3252 ipse
2896 3198 3119 3253 quoque
3153 3197 3346 3237 rursus
3390 3181 3463 3237 ali

208 3281 441 3349 γενι)ῦ;;
480 3280 630 3331 Ἐπεὶ
654 3278 769 3341 πῶς
798 3278 1085 3349 ἀληθεύσει
1116 3278 1287 3347 λέγων
1316 3281 1344 3331 ὁ
1377 3279 1591 3349 Σωτὴρ,
1626 3297 1644 3330 ι
1677 3279 1801 3332 Ἐάν

212 3391 298 3435 τις
333 3373 528 3440 ἀγαπᾷ
560 3388 647 3441 με,
673 3370 764 3422 τὸν
795 3370 957 3438 λόγον
997 3388 1096 3432 μου
1142 3372 1389 3441 τηρήσει,
1422 3372 1515 3423 καὶ
1556 3374 1584 3424 ὁ
1618 3372 1807 3440 Πατήρ

214 3483 319 3531 μου
350 3465 629 3533 ἀγαπήσει
677 3461 861 3526 αὑτὸν,
909 3462 999 3513 καὶ
1057 3461 1191 3531 πρὸς
1249 3462 1413 3514 αὐτὸν
1453 3462 1805 3531 ἐλευσόμεθα,

208 3552 308 3603 κιὶ
339 3552 397 3602 ὲν
427 3548 575 3618 αὐτῷ
617 3550 1022 3620 καταλύσομεν;
1054 3549 1276 3604 »Καίτοι
1318 3551 1379 3602 τὸ
1416 3551 1640 3621 Πνεῦμά
1692 3554 1807 3604 ἐστι

208 3644 271 3693 τὸ
297 3638 587 3693 κατοικοῦν
617 3642 673 3692 ὲν
703 3640 853 3709 ἡμῖν,
886 3641 978 3691 καὶ
1008 3638 1073 3690 δι’
1103 3638 1268 3691 αὑτοῦ
1302 3640 1632 3709 πιστεύομεν
1664 3640 1806 3709 ἔχειν

212 3734 338 3801 Ξμα
370 3731 459 3782 τὸν
494 3729 716 3799 Πατέρα
770 3728 975 3781 καὶτὸν
1015 3728 1157 3793 Υίὸν,
1191 3729 1436 3799 καθάπερ
1463 3726 1553 3782 οῦν
1581 3729 1685 3801 ἔφη
1715 3733 1807 3784 καὶ

209 3823 379 3885 αὐτὸς
415 3839 515 3874 που
555 3824 713 3874 πάλιν
745 3822 773 3871 ὁ
819 3821 1072 3890 Ἰωάννης
1120 3822 1175 3873 ὲν
1221 3820 1593 3884 Ἐπιστολαῖς·
1655 3841 1672 3872 ι
1721 3822 1807 3874 Ἐν

214 3920 391 3986 ἐοὖτῳ
422 3916 781 3985 γινώσκομεν,
812 3917 895 3967 ὃτι
944 3917 1002 3967 ἐν
1049 3914 1197 3985 αὐτῷ
1232 3916 1485 3985 μένομεν,
1524 3915 1618 3967 καὶ
1651 3915 1809 3977 αὐτὸς

212 4012 272 4059 ἐν
309 4010 465 4077 ἡμῖν,
498 4009 579 4060 ὅτι
611 4009 675 4059 ἐκ
700 4006 790 4059 τοῦ
827 4005 1139 4075 Πνεῦματος
1171 4006 1333 4058 αὐτοῦ
1363 4006 1563 4059 ἔδωκεν
1594 4009 1744 4075 ἡμῖν.
1784 4025 1802 4057 ι

216 4101 345 4161 Πῶς
377 4100 432 4151 δὲ
464 4100 598 4161 ὅλως
621 4099 712 4151 καὶ
737 4096 870 4149 Θεοῦ
906 4098 1229 4167 κεκλήσεται
1276 4097 1520 4167 Πνεῦμα,
1561 4098 1608 4147 εἰ
1647 4097 1718 4166 μὴ
1752 4097 1808 4161 ἐξ

212 4188 388 4243 αᾶτοῦ
444 4190 535 4240 καὶ
564 4190 621 4239 ἐν
653 4186 801 4254 αὐτῷ
834 4185 974 4238 κατά
1003 4184 1163 4253 φύσιν
1210 4185 1345 4247 ἐστὶ,
1392 4185 1485 4235 καὶ
1526 4183 1609 4235 διὰ
1654 4187 1809 4234 τοῦτο

209 4281 384 4343 Θεὲς;

216 4371 444 4439 πνεῦμά
474 4372 589 4422 ἐστι
635 4368 728 4422 τοῦ
761 4368 916 4433 Θεοῦ,
965 4367 1025 4419 τὸ
1070 4367 1277 4418 κωλῦον
1328 4365 1483 4417 οὐδὲν
1524 4363 1810 4432 πνεύματα

212 4462 357 4516 Θεοῦ
396 4464 486 4516 καὶ
530 4464 598 4515 τά
628 4462 762 4516 ἄλλα
800 4461 1081 4514 καλεῖσθαι
1130 4460 1439 4528 ποιήματα·
1480 4457 1675 4525 φθάσει
1703 4458 1808 4528 γὰρ

441 4281 501 4331 Εἰ
552 4278 658 4348 γὰρ
700 4278 964 4347 ὑπάρχον,
992 4276 1064 4339 ὼς
1118 4274 1314 4327 ἐκεῖνοί
1370 4291 1522 4342 φασι,
1562 4274 1807 4341 γενητὸν,

1910 3277 2034 3331 culi
2073 3276 2315 3330 Joannes
2359 3277 2411 3328 in
2448 3276 2708 3345 Epistolis
2744 3277 2859 3329 ait:
2903 3294 2922 3326 ι
2962 3276 3019 3328 In
3072 3277 3175 3329 hoc
3202 3288 3487 3343 cognosc:-

1911 3386 2052 3433 mns,
2084 3370 2339 3437 quoniam
2374 3370 2424 3419 in
2465 3369 2583 3436 ipso
2615 3383 2923 3430 manemus,
2976 3376 3031 3421 et
3069 3367 3185 3436 ipse
3220 3366 3274 3418 in
3308 3365 3487 3427 nobis,

1909 3461 2165 3530 quoniam
2199 3460 2263 3511 de
2298 3460 2497 3528 Spiritu
2536 3474 2636 3512 suo
2669 3458 2819 3511 dedit
2850 3459 3007 3513 nobis
3038 3458 3104 3511 δ’.
3146 3476 3163 3507 ι
3202 3454 3490 3521 Quomodo
3540 3474 3553 3481 -

1909 3571 2059 3615 vero,
2096 3568 2281 3621 quiem
2306 3593 2318 3615 ,
2360 3550 2601 3620 Spiritus
2642 3565 2859 3618 quoque
2897 3548 2986 3602 Dei
3019 3548 3326 3613 vocabitur,
3381 3545 3490 3599 nisi

1908 3662 1970 3699 ex
2010 3647 2129 3715 ipso
2153 3654 2203 3697 et
2231 3646 2281 3696 in
2316 3645 2435 3713 ipso
2471 3643 2771 3696 secundum
2807 3648 3056 3693 naturam
3088 3639 3178 3703 sit,
3203 3653 3268 3692 ac
3299 3638 3489 3707 proin-

1909 3738 1976 3792 de
2010 3737 2189 3790 Deus?
2231 3736 2285 3788 Si
2324 3735 2465 3787 enim
2505 3744 2719 3787 creatus
2748 3750 2872 3786 cum
2917 3733 3009 3795 sit,
3048 3740 3106 3784 ut
3159 3731 3236 3784 illi
3276 3730 3489 3790 volunt.

1910 3828 2003 3881 Dei
2053 3838 2231 3881 tamen
2288 3836 2371 3881 est
2429 3825 2703 3893 spiritus:
2761 3826 2894 3877 nihil
2952 3827 3137 3877 ohstat
3196 3822 3491 3892 quominus

1912 3922 2045 3973 alias
2082 3934 2298 3989 quoque
2347 3929 2629 3970 creaturas
2673 3916 2902 3985 spiritus
2954 3914 3047 3969 Dei
3100 3929 3381 3969 vocemus.
3434 3912 3492 3965 Id

1911 4013 2055 4066 enim
2099 4013 2151 4064 in
2184 4026 2277 4064 eas
2308 4010 2495 4078 utique
2525 4007 2724 4061 cadere
2758 4010 2982 4076 poterit,
3026 4008 3068 4060 si
3102 4005 3344 4075 profecto
3377 4003 3492 4056 ﬁeri

1913 4109 2089 4169 potest
2129 4109 2184 4152 ut
2215 4111 2395 4153 creata
2447 4100 2753 4153 substantia
2796 4101 2867 4153 sit
2894 4100 3125 4168 spiritus
3160 4097 3275 4151 Dei.
3326 4096 3492 4149 Plura

1911 4191 2129 4259 quidem
2162 4201 2307 4244 certe
2334 4191 2421 4243 hic
2449 4200 2635 4244 essent
2662 4188 2893 4243 dicenda
2919 4231 2933 4254 ,
2966 4198 3019 4243 et
3046 4188 3277 4257 longiori
3310 4187 3492 4255 dispu-

1914 4282 2120 4335 tatione
2175 4282 2467 4336 evertenda
2523 4287 2670 4334 esset
2727 4279 3111 4333 haereticorum
3172 4276 3490 4331 temeritas:

1913 4374 2005 4428 sed
2035 4389 2158 4427 cum
2192 4374 2259 4427 de
2308 4381 2497 4427 sancto
2545 4372 2758 4442 Spiritu
2805 4371 2861 4424 in
2912 4371 3056 4424 libro
3108 4367 3185 4421 De
3234 4366 3495 4445 Trinitate

1910 4464 2021 4534 jam
2081 4453 2297 4517 abunde
2362 4464 2816 4527 tractaverimus,
2865 4461 3022 4531 plura
3070 4458 3257 4513 dicere
3307 4470 3496 4527 super-

216 4562 316 4614 καὶ
346 4562 431 4613 ἐπ’
458 4559 593 4613 αῦτά
630 4558 855 4626 δυνάμει
884 4555 943 4608 τὸ
968 4556 1217 4625 πρᾶγμα,
1249 4553 1404 4623 ετπερ
1434 4550 1570 4613 ὅλως
1600 4552 1800 4621 ἐνδέχε·

1919 4557 2253 4611 scdebimus.

214 4675 309 4711 ται
349 4654 581 4723 γενητὴν
613 4652 799 4704 οὐσίαν
826 4648 1040 4718 πνεῦμα
1078 4646 1343 4714 ὑπάρχειν
1375 4644 1466 4696 τοῦ
1503 4643 1657 4695 Θεοῦ.
1690 4646 1796 4697 Καὶ
1836 4644 1901 4719 ἦν
1947 4648 2046 4717 μὲν
2093 4648 2261 4709 ὅντως
2314 4644 2625 4708 ἀκόλουθον,
2683 4645 2889 4717 μακρὸν
2933 4643 3026 4695 ἐπὶ
3092 4641 3301 4703 τούτοις
3368 4637 3498 4691 ἀνα-

215 4748 423 4811 πτύξαι
473 4748 649 4813 λόγον,
693 4745 786 4797 καὶ
834 4741 921 4793 διὰ
980 4744 1242 4793 πλειόνων
1294 4739 1673 4807 ἀὼλεσχῆσαι,
1741 4740 1839 4803 τὰς
1876 4734 1983 4795 τῶν
2048 4742 2276 4795 ἀνοσίων
2323 4742 2613 4813 αἱρετικῶν
2640 4741 3041 4809 ἀνατρέποντας
3070 4735 3361 4796 ἀϐουλίας·
3398 4732 3501 4799 ἀρ-

215 4842 462 4901 κοῦντως
485 4839 539 4891 δὲ
567 4839 665 4909 ήδη
696 4836 1022 4904 διειληφότες
1047 4834 1134 4887 διὰ
1162 4833 1254 4886 τοῦ
1284 4832 1439 4900 ἁγίου
1488 4832 1820 4900 Πνεῦματος,
1864 4837 1920 4886 ἐν
1952 4836 2030 4906 τῷ
2077 4837 2211 4905 Περὶ
2252 4834 2357 4901 τῆς
2411 4834 2583 4903 ἁγίας
2658 4831 2897 4899 Τριάδος
2971 4828 3175 4899 Βιϐλίῳ,
3226 4826 3290 4877 τὸ
3333 4820 3501 4879 πολλά

215 4935 406 5001 λέγειν
446 4932 549 4991 ἔτι,
584 4931 755 4983 διὰτοι
789 4927 947 4981 τοῦτο
977 4927 1318 4996 παρήσομεν.

289 5026 405 5080 Καὶ
439 5028 470 5077 ὀ
500 5028 686 5092 Λόγος
715 5020 869 5088 σὰρξ
898 5019 1152 5088 ἐγένετο.

292 5114 632 5184 Εἱσὸἐσηκεν
660 5114 762 5183 ήδη
803 5109 1055 5189 καθαρῶς
1089 5108 1177 5162 διά
1218 5107 1405 5161 τούτου
1445 5109 1524 5171 εἰς
1558 5107 1647 5159 τὸν
1677 5108 1803 5178 περὶ

212 5208 322 5279 τῆς
354 5204 811 5275 ἐνανθρωπήσεως
840 5202 1013 5270 λόγον.
1051 5201 1171 5252 Ὀτι
1207 5200 1315 5269 γὰρ
1342 5196 1469 5259 Υἱὸς
1514 5196 1802 5266 ἀνθρώπου

217 5300 417 5371 γέγονέ
452 5316 511 5351 τε
570 5296 669 5367 ήδη
714 5296 805 5347 καὶ
855 5294 1256 5363 κεχρημάτικεν
1292 5293 1320 5342 ὁ
1356 5288 1683 5359 Μονογενὴς,
1718 5289 1803 5351 ἐξ-

216 5394 442 5463 ηγεῖται
478 5389 693 5456 σαφῶς·
738 5386 986 5455 σημαίνει
1016 5383 1123 5453 γὰρ
1166 5381 1338 5443 τοῦτο,
1374 5382 1467 5434 καὶ
1505 5380 1687 5451 ἕτερον
1720 5379 1810 5430 οῦ-

222 5487 341 5548 δὲν,
368 5482 431 5534 τὸ
461 5481 636 5550 σάρκα
661 5478 909 5546 γενέσθαι
936 5480 1026 5529 τὸν
1048 5476 1217 5544 Λόγον
1244 5475 1416 5529 εἰπεῖν
1436 5490 1447 5501 ’
1471 5474 1651 5542 ὅμοιον
1680 5470 1811 5540 γὰρ,

219 5579 300 5639 ὡς
350 5577 396 5625 εἰ
433 5575 523 5625 καὶ
561 5572 889 5641 γυμνότερον
935 5569 1189 5637 ἔφασκεν,
1241 5566 1299 5619 Ὀ
1339 5564 1506 5633 Λόγος
1538 5565 1819 5631 ἄνθρωπος

223 5669 466 5736 ἐγένετο.
496 5663 731 5717 Ξενονδὲ
761 5663 920 5717 πάλιν
949 5663 1098 5732 ἡμῖν,
1125 5660 1157 5730 ἢ
1188 5656 1451 5727 ἀσύνηθες
1484 5655 1634 5708 οὐδὲν
1664 5653 1805 5705 οὕτω

306 5784 401 5835 “l
455 5784 580 5834 itur.
627 5796 696 5846 Vl,
755 5786 842 5835 ia.

241 5870 359 5909 xw.
416 5857 505 5906 :23.
579 5854 617 5883 δ’
653 5852 669 5917 1
706 5852 861 5913 «Ιυιιιι,
900 5868 966 5909 ιδ’.
1002 5852 1060 5902 t'i

918 5780 961 5810 ³⁸
997 5780 1164 5834 Ιιυιιι.
1226 5793 1369 5840 xxvv,
1423 5774 1593 5841 1τ³;ΙΙ
1648 5775 1770 5829 (ζον.
1811 5788 1881 5839 Vl,
1930 5772 2009 5826 l6.

1979 5013 2035 5076 i,
2070 5013 2156 5065 H.
2198 5010 2262 5063 Et
2310 5010 2533 5063 Verbum
2583 5022 2706 5059 caro
2739 5005 2939 5073 factum
2980 5010 3077 5055 est.

1978 5106 2174 5173 Aperte
2207 5104 2423 5157 demum
2470 5101 2556 5154 his
2606 5098 2788 5153 verbis
2840 5094 3239 5150 incarnationis
3288 5109 3493 5149 sermo-

1912 5213 2033 5252 ncm
2064 5196 2382 5265 ingreditur.
2435 5192 2594 5247 Clare
2640 5191 2784 5246 enim
2816 5189 2976 5244 docet
3026 5186 3224 5241 Filium
3260 5186 3501 5241 hominis

1916 5289 2118 5342 factum
2174 5297 2225 5341 et
2276 5286 2609 5356 appellatum
2660 5298 2781 5338 esse
2830 5280 3205 5351 Unigcnitum.
3250 5278 3307 5331 Id
3358 5278 3502 5331 enim

1919 5378 2191 5447 signiﬁcat
2226 5378 2355 5429 illud
2407 5375 2555 5445 quod
2593 5375 2692 5439 ait,
2747 5372 2987 5427 Verbum
3025 5385 3247 5424 carnem
3299 5368 3503 5421 factum

1922 5487 2062 5525 esse.
2098 5470 2240 5523 Idem
2292 5470 2437 5522 enim
2489 5475 2575 5520 est
2631 5481 2697 5519 ac
2747 5464 2793 5519 si
2834 5463 3061 5523 diceret,
3096 5460 3335 5515 Verbum
3383 5474 3503 5514 esse

1930 5561 2128 5615 factum
2153 5561 2451 5613 hominem.
2486 5558 2639 5624 Quod
2670 5572 2794 5610 cum
2832 5555 2931 5621 ait,
2960 5553 3095 5607 nihil
3130 5552 3289 5605 nobis
3327 5550 3502 5604 inusi-

1914 5662 2085 5707 talum
2123 5661 2213 5705 aut
2264 5652 2608 5722 peregrinum
2636 5648 2857 5719 ingerit,
2889 5660 3014 5699 cum
3059 5642 3383 5713 plerumque
3418 5639 3502 5693 di-

2604 5768 2647 5798 δο
2674 5764 2690 5817 1
2714 5766 2837 5820 Cor.
2876 5779 2956 5829 Ill,
2987 5761 3073 5826 15,
3107 5758 3191 5815 16.
3270 5758 3310 5790 δ’
3345 5755 3503 5811 Joan.

2092 5770 2441 5835 ³³11υιιι.ι·ιιι,
2477 5770 2524 5822 1.
