4222 6510
213 428 304 483 161
1285 421 1349 476 ΙΝ
1382 422 1666 478 ΙΟΛΝΜΞ
1708 420 2158 512 ΕνΑιςοιειτιυιι
2196 421 2321 476 LIB.
2362 421 2399 476 1.
2438 430 2443 433 ’

3383 419 3487 474 162

206 539 352 592 κατὰ
401 537 563 607 φύσιν
608 537 664 592 ὲν
698 537 884 608 σαρκὶ,
920 535 1015 589 καὶ
1055 534 1193 606 μετὰ
1244 536 1487 607 σαρκὸς,
1546 537 1620 598 ὠς
1665 537 1800 589 ίδίαν

1909 518 2059 590 illam
2088 537 2309 600 habeat,
2342 543 2398 591 et
2424 542 2603 589 tamen
2635 541 2693 588 ιιι
2716 533 2867 589 aliud
2888 534 3020 605 quid
3056 533 3396 605 intelligatur
3417 535 3486 590 ab

210 634 347 701 ἔχων
373 629 563 700 αὐτὴν,
599 630 694 683 καὶ
720 629 795 693 ὡς
827 628 1014 700 ἕτερόν
1040 645 1092 681 τι
1124 630 1252 700 παρ’
1287 629 1459 699 αὐτὴν
1490 628 1800 698 νοούμενος,

210 725 304 777 καὶ
335 725 393 775 ἐν
421 723 559 794 αὐτῇ
591 724 685 775 καὶ
725 723 821 775 σὺν
849 721 986 791 αὐτῇ
1017 720 1492 791 προσκυνούμενος
1515 759 1530 783 ,
1569 720 1711 773 κατὰ
1743 719 1804 771 τὸ

207 817 265 869 ὲν
304 815 384 884 τῷ
419 815 674 885 προφήτῃ
711 811 965 883 κείμενον
1010 812 1207 882 Ἠσαίᾳ
1234 828 1245 841 ·
1291 830 1309 861 ι
1345 812 1568 882 Ἄνδρες
1609 810 1804 881 ὑψηλοὶ

206 907 301 958 ἐπὶ
327 905 386 957 σὲ
415 903 785 974 διαϐήσονται,
824 904 919 956 καὶ
952 903 1035 955 σοι
1075 902 1289 955 ἔσονται
1316 900 1527 963 δοῦλοι,
1557 900 1651 954 καὶ
1684 900 1804 952 ὀπί-

210 1008 289 1044 σω
339 1008 432 1042 σου
479 989 906 1059 ἀκολουθήσουσι
948 990 1220 1060 δεδεμένοι
1263 989 1647 1059 χειμπέδαις,
1708 988 1804 1042 καὶ

210 1081 650 1154 προσκυνήσουσί
682 1098 795 1144 σοι,
856 1081 948 1133 καὶ
983 1083 1039 1133 ὲν
1077 1081 1159 1133 σο“ι
1188 1079 1599 1150 προσεύξονται,
1626 1080 1707 1132 ὅτι
1746 1080 1803 1131 ὲν

210 1177 293 1227 σοὶ
326 1178 355 1227 ὁ
378 1175 509 1236 Θεός
546 1176 682 1238 ἑστι,
715 1173 807 1225 καὶ
838 1173 939 1226 οὐκ
966 1173 1081 1226 ἔστι
1113 1173 1245 1235 Θεὸς
1278 1172 1419 1241 πλὴν
1448 1172 1563 1224 σοῦ.
1602 1192 1620 1224 ι
1672 1172 1802 1225 Ἰδοὺ

188 1267 305 1318 καὶ
353 1268 410 1319 ὲν
439 1265 587 1335 αὐτῷ
619 1266 749 1319 Θεὸν
777 1261 915 1317 εἷναί
954 1283 1123 1334 φασι,
1185 1265 1260 1335 μὴ
1297 1263 1673 1325 ἀποδιελόντες
1704 1261 1798 1315 τοῦ

210 1358 391 1426 Λόγου
422 1356 520 1426 τὴν
564 1357 746 1428 σάρκα
770 1375 781 1387 ·
822 1357 919 1409 καὶ
952 1357 1115 1410 πάλιν
1155 1356 1254 1407 οὐκ
1284 1350 1424 1408 εἶναι
1463 1355 1648 1424 ἕτερον
1672 1352 1802 1405 Θεὸν

211 1450 357 1520 πλὴν
390 1448 554 1503 αὐτοῦ
599 1449 998 1520 διισχυρίσαντο
1016 1490 1029 1514 ,
1059 1448 1304 1511 ὲνοῦντες
1327 1446 1404 1518 τῷ
1433 1447 1589 1517 Λόγῳ
1616 1446 1675 1499 τὸ
1708 1463 1802 1515 φο-

216 1540 501 1612 ρούμενον,
528 1541 602 1604 ὡς
632 1540 761 1593 ίδιον
789 1541 977 1607 αὑτοῦ,
1009 1540 1152 1593 τοῦτ’
1179 1540 1293 1592 ἐστι
1316 1539 1407 1593 τὸν
1434 1541 1499 1591 ὲκ
1522 1538 1801 1608 Παρθένου

211 1634 339 1685 ναόν
365 1651 378 1663 σ
413 1627 491 1695 εἷς
516 1633 625 1703 γάρ
653 1634 711 1698 ἐξ
744 1634 946 1712 ἀμφοῖν
983 1635 1010 1685 ό
1044 1632 1297 1702 Χριστός.

284 1722 395 1775 Καὶ
425 1721 779 1789 ἐσκήνωσεν
807 1722 875 1775 ἐν
913 1721 1076 1791 ἡμῖν.

295 1814 754 1885 Ἐπεξεργάζεται
800 1815 1089 1885 χρησίμως
1133 1815 1194 1867 τὸ
1246 1816 1535 1886 εἰρημένον
1578 1817 1605 1870 ὁ
1636 1817 1800 1885 εὐαγ-

209 1908 485 1978 ’ςε).ιστὴς,
510 1908 602 1959 καὶ
630 1909 708 1971 εἰς
730 1909 1142 1980 ἐμφανεστέραν
1171 1908 1290 1975 ἄγει
1319 1908 1554 1961 διάνοιαν
1577 1908 1673 1978 τὴν
1702 1906 1796 1961 τοῦ

210 2000 393 2070 έλεωρή
405 2015 572 2068 ματος
594 1997 824 2067 δύναμιν
847 2016 860 2029 ο
885 1998 1070 2068 ἐπειδὴ
1102 1999 1209 2069 γὰρ
1234 1999 1336 2070 ἔφη
1367 2000 1545 2069 σάρκα
1572 1999 1798 2068 γεγενῆ-

214 2091 339 2144 σθαι
374 2092 462 2142 τὸν
496 2089 589 2141 τοῦ
624 2088 757 2141 Θεοῦ
776 2089 970 2157 Λόγον,
1005 2089 1092 2143 ἵνα
1124 2090 1197 2161 μή
1228 2107 1309 2152 τις
1332 2091 1397 2143 ὲκ
1427 2090 1622 2159 πολλῆς
1654 2091 1797 2158 ἀμα-

210 2185 335 2246 θίας
392 2184 490 2251 τῆς
538 2182 636 2251 μὲν
675 2182 809 2243 ἰδίας
857 2182 1019 2233 αὑτὸν
1062 2181 1320 2235 ὑπολάϐοι
1356 2183 1569 2252 κρύσεως
1605 2181 1797 2252 ἐκδρα-

214 2278 371 2344 μεῖν,
405 2272 880 2343 μεταπεποιῆσθαι
913 2273 970 2327 δὲ
1001 2273 1169 2336 ὅντως
1205 2276 1284 2337 εἰς
1320 2274 1499 2346 σάρκα
1534 2273 1663 2345 (καὶ
1694 2290 1799 2326 πα-

210 2372 351 2431 θεῖν,
406 2369 543 2437 ὅπερ
592 2362 661 2437 ἧν
697 2365 957 2419 ἀδύνατον
982 2383 996 2397 ·
1029 2367 1368 2430 ἀλλοιώσεως
1414 2369 1521 2436 γὰρ
1558 2367 1794 2437 ἁπάσης,

210 2462 309 2514 καὶ
343 2458 646 2528 μεταϐολῆς
690 2458 788 2527 τῆς
817 2457 900 2526 ἐφ’
935 2458 1119 2529 ἕτερόν
1163 2476 1236 2524 τι,
1279 2459 1419 2511 κατὰ
1446 2460 1536 2511 τὸν
1563 2459 1657 2511 τοῦ
1681 2457 1799 2520 πῶς

210 2547 354 2604 εἶναι
381 2550 538 2617 λόγον
580 2549 640 2601 τὸ
674 2548 826 2602 Θεῖον
874 2548 1204 2619 ἀπῴκισται)
1237 2567 1248 2579 ·
1284 2549 1464 2612 καλῶς
1495 2566 1556 2617 γε
1595 2548 1798 2620 σφόδρα

214 2641 386 2694 ῖτοιῶν
415 2644 441 2693 ὀ
474 2641 721 2708 θεολόγος
760 2641 1063 2711 ἐπήνεγκεν
1096 2640 1285 2704 εὐθὺς,
1349 2643 1430 2694 ὃτι
1469 2661 1485 2692 ι
1512 2642 1619 2693 Καὶ
1646 2641 1801 2710 ἐσκή-

214 2751 389 2787 νωσεν
417 2734 475 2785 ὲν
499 2734 647 2801 ἡμῖν,
674 2751 690 2781 ι
726 2732 811 2785 ἵνα
845 2733 939 2785 δύο
959 2734 1156 2802 νοήσας
1181 2732 1247 2785 τὰ
1283 2736 1682 2804 σημαινόμενα,
1708 2733 1798 2785 τόν

211 2842 273 2876 τε
308 2824 612 2894 σκηνοῦντα
641 2825 732 2875 καί
764 2823 824 2875 τὸ
852 2825 909 2876 ὲν
937 2815 980 2889 ᾧ
1008 2826 1039 2894 ὴ
1073 2825 1367 2893 σκήνωσις,
1404 2825 1477 2895 μὴ
1508 2825 1585 2886 εἰς
1622 2824 1800 2893 σάρκα

219 2915 674 2986 ,παρατετράφθαι
711 2915 939 2986 νομίσῃς
978 2915 1162 2978 αὑτὸν,
1204 2916 1481 2985 σκηνῶσαι
1512 2917 1566 2969 δὲ
1601 2916 1800 2986 μᾶλλον

209 3009 273 3053 εν
304 3004 470 3072 σαρκὶ
491 3044 505 3068 ,
550 3003 623 3066 ὡς
657 3003 769 3072 ἰδίῳ
817 3006 1305 3077 προσχρησάμενον
1337 3006 1576 3074 σώματι,
1627 3006 1704 3074 τῷ
1737 3008 1799 3058 ἐκ

206 3094 315 3162 τῆς
343 3094 505 3161 ἁγίας
536 3094 812 3164 Παρθένου
842 3095 974 3164 ναῷ·
1008 3114 1025 3145 ι
1071 3097 1158 3147 Ἐν
1190 3096 1338 3167 αὐτῷ
1370 3099 1476 3169 γὰρ
1512 3096 1798 3168 κατῴκησε

207 3190 324 3241 πᾶν
378 3187 439 3238 τὸ
479 3187 753 3257 πλήρωμα
785 3189 883 3256 τῆς
930 3185 1183 3255 θεότητος
1214 3190 1571 3259 σωματικῶς,
1620 3209 1637 3241 ι
1667 3192 1741 3255 ὡς
1769 3194 1797 3244 ὁ

211 3281 429 3343 [Ιαῦλὸς
470 3296 670 3351 φησιν·
724 3280 1095 3347 ὲσκηνωκέναι
1141 3298 1203 3349 γε
1244 3283 1349 3351 μὴν
1392 3283 1480 3335 τὸν
1527 3284 1697 3350 Λόγον
1743 3288 1799 3337 ὲν

207 3375 347 3442 ἡμῖν
393 3372 679 3440 χρησίμως
728 3368 1149 3440 διισχυρίζεται,
1207 3370 1339 3440 βαθὺ
1372 3375 1461 3425 καὶ
1494 3373 1649 3426 τοῦτο
1682 3374 1800 3427 λίαν

205 3466 347 3534 ἡμῖν
398 3463 756 3516 ὲκκαλύπτων
809 3466 1105 3534 μυστήριον
1129 3480 1141 3492 °
1184 3465 1382 3526 πάντες
1417 3464 1525 3536 γὰρ
1565 3462 1705 3537 ἦμεν
1744 3468 1801 3518 ἐν

207 3553 440 3624 Χριστῷ
460 3593 472 3614 ,
532 3553 625 3603 καὶ
652 3553 712 3603 τὸ
739 3552 913 3605 κοινὸν
948 3554 1049 3622 τῆς
1085 3553 1499 3626 ἀνθρωπότητος
1532 3559 1609 3619 εἰς
1640 3557 1799 3610 αὑτὸν

206 3644 430 3697 ἀναϐιοί
454 3644 761 3711 πρόσωπον.
796 3644 946 3695 Ἐπεὶ
976 3647 1068 3696 καὶ
1095 3644 1504 3716 ἕσχατοςᾊδὰμ
1532 3648 1619 3699 διὰ
1644 3646 1800 3700 τοῦτο

208 3735 637 3803 κατωνόμασται
670 3737 736 3803 τῇ
767 3735 1036 3805 κοινότητι
1068 3737 1165 3804 τῆς
1191 3736 1405 3804 φύσεως
1442 3739 1616 3791 πάντα
1649 3739 1800 3790 πλου-

205 3827 379 3890 τίζων
410 3827 474 3877 τὰ
506 3828 581 3888 είς
623 3826 887 3895 εὐθυμίαν
938 3829 1031 3878 καὶ
1060 3827 1216 3891 δόξαν
1239 3869 1253 3892 ,
1301 3827 1490 3900 ὥσπερ
1530 3826 1617 3882 οὖν
1647 3832 1739 3883 καὶ
1771 3835 1798 3883 ὁ

209 3919 434 3988 πρῶτος
475 3918 640 3988 Ἀδὰμ
687 3922 765 3981 εἰς
798 3919 1003 3994 φθορὰν
1047 3921 1141 3973 καὶ
1170 3922 1493 3991 κατήφειαν.
1544 3924 1630 3975 Ἐν
1666 3926 1799 3976 πᾶσι

206 4007 507 4079 τοιγαροῦν
552 4011 579 4061 ὁ
609 4011 778 4075 Λόγος
818 4012 1097 4079 ἐσκήνωσε
1124 4011 1189 4062 δι’
1226 4014 1342 4076 ὲνός
1368 4053 1381 4075 ,
1439 4014 1523 4066 ἵνα
1554 4014 1648 4066 τοῦ
1682 4016 1799 4080 ἐνὸς

205 4102 522 4173 ὁριᾶθέντος
552 4102 678 4154 Υἰοῦ
704 4102 836 4154 Θεοῦ
869 4105 925 4154 ὲν
947 4103 1192 4174 δυνάμει,
1220 4105 1359 4158 κατὰ
1383 4106 1600 4174 πνεῦμα
1631 4109 1797 4175 ἁγιω-

210 4195 383 4262 σύνης
409 4197 487 4257 εἰς
512 4195 637 4264 ὅλην
668 4194 896 4263 ἔρχηται
922 4195 1017 4266 τὴν
1045 4196 1438 4268 ἀνθρωπότητα
1465 4198 1526 4250 τὸ
1558 4198 1794 4269 ἀξίωμα,

204 4285 361 4339 οὕτω
412 4304 469 4336 τε
519 4285 700 4358 φθάσῃ
737 4286 831 4338 καὶ
876 4288 957 4355 ἐφ’
990 4289 1137 4356 ήμᾶς
1180 4287 1245 4339 δι’
1276 4288 1368 4341 ἕνα
1401 4290 1506 4341 τῶν
1550 4290 1607 4353 ἐξ
1642 4290 1795 4359 ήμῶν

204 4377 292 4437 τὸ,
321 4394 339 4425 ι
380 4374 518 4441 Ἐγὼ
540 4370 686 4427 εἶπα·
712 4377 832 4428 Θεοί
858 4379 997 4441 ἐστε,
1020 4380 1113 4430 καὶ
1138 4379 1512 4448 υἱοὶῚᾯίστου
1540 4382 1789 4444 πάντες.)

204 4466 427 4519 Οὐκοῦν
457 4468 513 4519 ἐν
538 4467 757 4537 Χριστῴ
792 4468 889 4538 μὲν
924 4468 1139 4540 ἀληθῶς
1163 4470 1540 4541 ἐλευθεροῦται
1572 4472 1632 4524 τὸ
1671 4474 1791 4527 δοῦ-

1905 631 2045 700 ipsa,
2065 629 2192 684 etin
2214 630 2354 698 ipsa,
2384 636 2551 698 atque
2579 643 2702 682 cum
2730 630 2849 698 ipsa
2870 627 3321 697 adoretur,jnxta
3351 628 3487 683 illud

1909 720 2065 774 lsaite
2097 718 2306 773 dictum
2338 738 2349 772 :
2400 738 2417 771 ι
2457 717 2573 773 Viri
2604 720 2805 774 excelsi
2846 719 2914 774 ad
2953 728 3007 773 te
3066 719 3403 794 transibunt,
3431 726 3489 774 et

1908 813 1982 864 tui
2022 820 2186 866 erunt
2218 811 2456 877 servi,et
2481 822 2605 882 post
2632 820 2685 868 te
2713 821 3011 881 sequentur
3030 812 3198 866 vincti
3231 798 3486 875 manicis,

1909 904 2020 976 96
2049 915 2100 959 et
2134 904 2443 959 adorabunt
2475 913 2548 969 te,
2582 912 2636 959 et
2666 905 2721 958 in
2751 913 2805 957 te
2834 904 3087 967 orabunt,
3125 904 3385 974 quoniam
3430 904 3486 957 in

1906 1006 1959 1051 te
1991 1006 2076 1052 est
2102 996 2269 1060 Deus,
2302 1005 2356 1051 et
2390 1012 2498 1050 non
2534 1005 2618 1050 est
2660 996 2804 1051 Deus
2865 1004 3063 1066 praeter
3096 1004 3149 1050 te
3170 997 3235 1049 ⁸⁷.
3286 1015 3304 1047 ι
3345 995 3489 1051 Ecce

1908 1089 2081 1143 Deum
2128 1092 2291 1145 etiam
2333 1091 2385 1143 in
2445 1090 2564 1159 ipso
2597 1105 2721 1143 esse
2769 1093 2949 1153 aiunt,
3007 1105 3115 1143 non
3167 1099 3488 1157 separautes

1907 1198 2131 1236 carnem
2171 1197 2200 1235 a
2236 1181 2452 1236 Verbo:
2490 1191 2546 1235 et
2584 1196 2776 1236 rursus
2808 1181 2980 1234 alium
3016 1195 3125 1234 non
3157 1196 3280 1235 esse
3313 1178 3485 1234 Deum

1905 1280 2108 1343 praeter
2168 1273 2345 1342 ipsum
2416 1272 2770 1335 confirmant,
2832 1272 3239 1341 conjungentes
3304 1269 3487 1327 Verbo

1903 1376 2211 1436 gestamen,
2256 1376 2312 1419 nt
2342 1365 2460 1435 ejus
2517 1365 2826 1435 prOprium,
2862 1365 3121 1433 templum
3179 1363 3389 1418 scilicet
3417 1379 3486 1418 ex

1904 1456 2161 1527 Virgine:
2205 1473 2349 1511 unus
2375 1458 2521 1513 enim
2549 1472 2615 1512 ex
2648 1457 2916 1512 ambobus
2946 1454 3205 1511 Christus
3238 1462 3343 1511 est.

1972 1718 2014 1784 l,
2054 1720 2139 1774 Μ.
2180 1718 2248 1773 Et
2280 1721 2539 1774 habitavit
2568 1721 2620 1773 in
2643 1720 2815 1776 nobis.

1974 1812 2222 1882 Explicat
2254 1815 2506 1883 pluribus
2550 1814 2733 1867 verbis
2764 1810 3107 1882 evangelista
3142 1810 3285 1879 quod
3321 1810 3483 1874 dixit.

1832 1887 1874 1945 Β
1912 1912 2076 1973 atque
2104 1921 2258 1960 suam
2292 1906 2622 1959 sententiam
2658 1906 2863 1959 clarius
2892 1906 3136 1973 exponit.
3172 1905 3304 1958 (Σιιιιι
3335 1904 3482 1958 enim

1908 1995 2111 2049 dixerit
2142 2011 2363 2050 carnem
2396 1995 2602 2050 factum
2644 2012 2769 2052 esse
2824 1997 2919 2051 Dei
2956 1996 3219 2061 Verbum,
3262 2012 3328 2050 ne
3358 1996 3485 2065 quis

1898 2091 2133 2159 .propria
2168 2091 2348 2160 ipsum
2382 2101 2578 2143 natura
2616 2088 2895 2144 excidisse
2942 2089 3270 2143 stultissime
3301 2089 3483 2157 suspi-

1902 2190 2146 2245 caretur,
2185 2192 2238 2237 et
2289 2184 2342 2236 in
2388 2166 2611 2237 carnem
2657 2197 2784 2237 vere
2838 2187 3276 2236 transmutatum
3333 2195 3481 2245 esse,

1902 2283 2066 2344 atque
2100 2276 2151 2328 id
2185 2276 2297 2344 pati
2347 2275 2489 2344 quod
2538 2276 2762 2329 omnino
2818 2275 2929 2345 pati
2972 2290 3081 2328 non
3138 2274 3316 2343 possit
3369 2272 3483 2342 (ab

1903 2368 2053 2421 Omni
2083 2369 2284 2438 quippe
2319 2368 2648 2422 alteratione
2698 2377 2752 2423 et
2814 2368 3175 2421 conversione
3210 2366 3263 2420 in
3294 2364 3482 2430 aliud,

1904 2458 2117 2513 ratione
2176 2460 2431 2514 essentia:
2492 2457 2635 2513 Deus
2673 2459 2993 2527 longissime
3059 2457 3278 2527 abest),
3335 2465 3486 2512 recto

1906 2551 2095 2619 utique
2127 2551 2439 2621 Theologns
2469 2551 2651 2604 statim
2702 2549 2890 2617 infert,
2928 2569 2944 2601 ι
2996 2549 3059 2602 Et
3118 2549 3387 2603 habitavit
3426 2549 3483 2604 in

1903 2645 2065 2697 nobis
2105 2664 2122 2693 ι
2157 2651 2215 2697 ιιι
2260 2659 2385 2698 ειιιιι
2424 2628 2533 2697 duo
2563 2644 2880 2698 necessario
2937 2642 3233 2712 intelligas,
3275 2648 3326 2695 et
3357 2656 3482 2696 eum

1903 2734 1998 2803 qui
2060 2734 2292 2797 habitat,
2353 2741 2408 2788 et
2442 2734 2493 2787 id
2531 2734 2586 2787 in
2654 2749 2761 2803 quo
2800 2733 3103 2795 habitatur,
3162 2732 3216 2785 in
3261 2744 3481 2784 carnem

1904 2830 2082 2897 ipsum
2118 2843 2226 2881 non
2261 2843 2385 2881 esse
2408 2834 2837 2881 transmutatum
2863 2826 3081 2879 existim
3128 2856 3171 2889 ,,
3203 2823 3298 2877 sed
3324 2822 3483 2877 habi-

1903 2926 2020 2972 tare
2059 2918 2241 2987 potius
2267 2917 2322 2969 in
2367 2930 2555 2979 carne,
2598 2923 2655 2968 ut
2701 2915 2924 2985 proprio
2954 2923 3043 2967 utc
3091 2925 3194 2967 tem
3230 2926 3482 2982 corpore,

1906 3007 2110 3075 templo
2158 3008 2250 3060 illo
2286 3007 2547 3059 nimirum
2581 3006 2728 3075 quod
2761 3015 2845 3059 est
2884 3019 2947 3058 ex
2980 3021 3057 3058 Sili
3096 3011 3166 3056 ‘ta
3209 3001 3481 3070 Virgine:

1909 3119 1927 3151 ι
1967 3098 2023 3153 ln
2055 3100 2173 3170 ipso
2194 3100 2341 3152 enim
2372 3099 2703 3155 inhabitavit
2735 3097 2920 3151 omnis
2956 3096 3243 3168 plenitudo
3286 3094 3485 3148 divini-

1905 3191 2035 3245 tatis
2070 3191 2437 3260 corporaliter
2473 3209 2490 3240 ι
2552 3198 2609 3242 ιιι
2644 3188 2848 3247 Paulus
2904 3190 2980 3242 ait
3004 3189 3072 3242 ".
3124 3187 3268 3253 Quin
3321 3196 3374 3241 et
3427 3185 3481 3240 in

1906 3283 2063 3335 nobis
2107 3283 2383 3335 habitasse
2410 3280 2643 3336 Verbum
2670 3282 2875 3336 utiliter
2898 3280 3121 3341 asserit,
3155 3279 3481 3335 altissimum

1905 3390 2123 3445 quoque
2154 3375 2314 3428 nobis
2356 3374 2502 3427 istud
2566 3375 2819 3428 revelans
2879 3373 3221 3441 mysterium.
3281 3372 3483 3425 Sumus

1905 3471 2268 3520 enimomnes
2306 3468 2357 3518 in
2394 3465 2636 3526 Christo,
2672 3472 2723 3517 et
2769 3466 3079 3518 communis
3118 3464 3484 3518 humanitatis

1906 3575 2139 3629 persona
2186 3559 2240 3611 in
2288 3559 2470 3627 ipsum
2525 3556 2825 3611 reviviscit.
2872 3554 3006 3611 Nam
3043 3565 3095 3610 et
3144 3556 3483 3611 novissimus

1905 3653 2074 3705 Adam
2103 3652 2309 3704 idcirco
2351 3658 2703 3717 nuncupatus
2732 3656 2836 3711 est,
2871 3648 2964 3717 qui
3010 3656 3224 3702 natura:
3260 3646 3484 3717 partici-

1903 3745 2125 3812 patione
2153 3743 2335 3795 omnia
2364 3743 2660 3809 locupletat
2692 3739 2758 3792 ad
2795 3738 3114 3793 felicitatem
3148 3746 3199 3793 ct
3229 3740 3479 3809 gloriam,

1903 3836 2065 3889 sicuti
2101 3835 2314 3902 primus
2370 3833 2540 3886 Adam
2604 3833 2658 3884 in
2717 3832 3128 3899 corruptionem
3162 3841 3214 3883 et
3251 3831 3483 3900 ignomi-

1902 3925 2050 3976 niam
2079 3924 2149 3979 ‘9.
2182 3923 2234 3975 in
2263 3924 2521 3976 omnibus
2557 3922 2744 3990 itaque
2774 3919 3015 3974 Verbum
3079 3921 3350 3974 habitavit
3388 3936 3482 3990 per

1906 4031 2095 4075 unum,
2142 4022 2226 4076 ut,
2260 4030 2370 4067 uno
2410 4015 2711 4067 constituto
2756 4012 2848 4067 Dei
2883 4012 3022 4066 Filio
3053 4013 3107 4066 in
3141 4017 3360 4076 virtute,
3397 4026 3483 4067 se-

1901 4108 2143 4161 cundum
2184 4110 2434 4176 spiritum
2475 4107 2787 4161 sanctitatis
2838 4106 2890 4159 in
2937 4106 3246 4159 universam
3282 4105 3480 4158 huma-

1900 4202 2127 4252 nitatem
2182 4198 2424 4267 dignitas
2491 4199 2584 4252 illa
2647 4197 3003 4260 redundaret,
3068 4197 3313 4266 adeoque
3385 4212 3480 4265 per

1903 4306 2068 4344 unum
2109 4306 2171 4343 ex
2208 4290 2365 4343 nobis
2408 4292 2459 4342 in
2510 4305 2610 4343 nos
2664 4305 2888 4358 quoque
2947 4289 3257 4357 perveniret
3299 4288 3474 4342 illud:

1906 4404 1922 4433 ι
1962 4384 2069 4453 ligo
2109 4383 2219 4436 dixi
2260 4401 2271 4434 :
2308 4382 2391 4434 Dii
2429 4382 2582 4445 estis,
2615 4391 2668 4436 et
2718 4382 2811 4434 ﬁlii
2869 4380 3082 4435 Excelsi
3118 4396 3308 4435 omnes
3333 4382 3402 4435 '°.
3452 4399 3471 4431 ι

1901 4477 2070 4547 Igitur
2098 4477 2150 4528 in
2182 4475 2401 4528 Christo
2456 4475 2672 4543 quidem
2725 4490 2881 4528 serva
2953 4482 3146 4527 natura
3188 4472 3247 4527 fit
3284 4488 3477 4543 reapse

204 4562 332 4621 λον,
372 4559 659 4613 ἀναϐαῖνον
698 4563 774 4624 εἰς
814 4562 1039 4632 ἑνότητα
1078 4563 1176 4633 τὴν
1229 4563 1495 4634 μυστικὴν
1526 4564 1604 4634 τῷ
1633 4566 1793 4635 φορέ-

1903 4570 2091 4630 lihera,
2117 4569 2183 4620 ad
2211 4568 2493 4635 mysticam
2527 4567 2790 4620 nimirum
2817 4566 3083 4620 unitatem
3115 4566 3235 4634 ejus
3262 4574 3472 4629 evecta,

204 4664 368 4706 σαντι
398 4652 495 4722 τὴν
520 4652 612 4704 τοῦ
644 4652 828 4705 δούλου
863 4656 1096 4724 μορφὴν,
1127 4655 1183 4707 ἐν
1215 4657 1345 4725 ἡμῖν
1368 4656 1423 4708 δὲ
1450 4656 1590 4709 κατὰ
1622 4657 1790 4726 μίμη-

203 4765 299 4800 σιν
326 4747 424 4815 τὴν
449 4747 581 4816 πρὸς
609 4746 697 4799 τὸν
724 4748 820 4800 ἕνα
846 4748 930 4801 διὰ
957 4749 1053 4818 τὴν
1073 4749 1213 4801 κατὰ
1238 4750 1414 4819 σάρκα
1448 4750 1766 4818 συγγένειαν

216 4838 380 4892 Ἐπεὶ
423 4839 509 4891 διὰ
543 4840 701 4892 ποίαν
731 4840 907 4893 αἰτίαν
930 4842 1030 4893 οὐκ
1061 4841 1306 4909 ἀγγέλων
1336 4842 1784 4913 ἐπιλαμϐάνεται,

198 4930 349 4983 ἁ).λᾶ
383 4930 690 4999 σπέρματος
738 4930 1018 5001 Ἀϐραὰμ,
1065 4933 1185 4984 ὅθεν
1216 4932 1411 5001 ὤφειλε
1442 4934 1582 4986 κατὰ
1615 4935 1689 4986 πά
1704 4953 1789 4987 ιτα

195 5026 323 5079 τοῖς
364 5022 608 5089 ἀδελφοῖς
638 5023 998 5092 ὁμοιωθῆναι,
1057 5026 1148 5075 καὶ
1174 5026 1423 5091 γενέσθαι
1468 5026 1611 5078 κατὰ
1658 5027 1789 5097 ἀλῄ-

198 5116 365 5168 Θειαν
409 5114 731 5183 ἄνθρωπος;
772 5111 899 5185 'Ap‘
925 5117 1043 5186 οὐχὶ
1095 5118 1257 5169 πᾶσίν
1300 5120 1415 5170 ἐστι
1458 5120 1787 5185 καταφανὲς,

193 5209 288 5259 ὅτι
315 5203 692 5274 καταϐέϐηκεν
735 5207 812 5268 εἰς
841 5206 901 5258 τὸ
929 5207 1112 5261 δοῦλον
1134 5248 1148 5272 ,
1189 5208 1349 5271 αὐτὸς
1369 5251 1381 5273 ,
1408 5210 1503 5278 οὐχ
1529 5210 1706 5280 ἑαυτῷ
1736 5228 1791 5263 τι

191 5298 295 5351 διά
321 5297 514 5349 τούτου
539 5298 813 5368 προξενῶν
837 5338 850 5360 ,
880 5299 994 5352 ἀλλ’
1032 5302 1158 5370 ἡμῖν
1192 5301 1382 5353 ἑαυτὸν
1412 5300 1787 5371 χαριζόμενος,

194 5391 296 5441 ἵνα
334 5391 497 5457 ἡμεῖς
528 5392 592 5459 τῇ
626 5390 790 5442 αὑτοῦ
825 5392 1066 5463 πτωχείᾳ
1101 5393 1518 5463 πλουτήσωμεν,
1561 5394 1788 5463 ἀνατρέ-

189 5494 396 5549 χοντες
417 5480 503 5531 διὰ
541 5480 635 5550 τῆς
665 5480 799 5551 πρὸς
824 5481 982 5533 αὑτὸν
1012 5483 1323 5552 ὁμοιότητος
1354 5484 1429 5544 εἰς
1442 5483 1501 5535 τὸ
1533 5484 1659 5536 ἴδιον
1694 5485 1789 5536 αὑ-

187 5570 299 5623 τοῦ
334 5572 429 5621 καὶ
458 5570 733 5640 ἐξαίρετον
778 5573 1016 5640 ἀγαθὸν,
1055 5574 1166 5626 θεοί
1211 5583 1270 5628 τε
1325 5574 1418 5627 καὶ
1445 5575 1579 5627 Θεοῦ
1622 5580 1789 5629 τέκνα

186 5664 291 5716 διὰ
322 5662 423 5731 τῆς
470 5662 705 5727 πίστεως
746 5663 1201 5736 ἀναφαινώμεθας
1264 5664 1564 5737 Ἐσκήνωσε
1589 5667 1696 5737 γὰρ
1736 5670 1793 5720 ὲν

273 5779 317 5809 ⁸⁷
360 5778 465 5829 lsa.
516 5793 636 5833 xu,
670 5778 758 5831 14.
834 5778 878 5809 ’⁵⁸
900 5778 1019 5835 Col.
1082 5797 1142 5837 ll.
1178 5782 1230 5835 9.

184 5858 206 5885 ευ
284 5849 327 5901 it
364 5847 493 5901 Cor.
541 5864 653 5913 vni,
698 5849 749 5903 9.

1311 5780 1394 5833 “l
1441 5782 1564 5837 Cor.
1609 5799 1697 5851 xv,
1735 5786 1921 5840 45—49.
1978 5786 2023 5817 ⁵⁰
2055 5784 2198 5839 Psal.
2242 5800 2427 5845 LXXXI,
2470 5783 2536 5847 G;
2566 5781 2724 5836 Joan.
2767 5799 2816 5841 κ,
2848 5783 2933 5835 Si.

1900 4660 1994 4729 qui
2035 4657 2137 4711 fert
2169 4659 2311 4711 servi
2342 4656 2595 4720 formam,
2632 4658 2686 4709 in
2725 4656 2885 4710 nobis
2933 4672 3058 4711 vero
3092 4656 3396 4711 imitatione
3420 4665 3471 4712 et

1901 4750 2262 4807 similitudine
2294 4766 2417 4803 cum
2475 4751 2565 4802 ilio
2615 4765 2742 4812 uno,
2781 4759 3005 4818 propter
3043 4748 3225 4802 carnis
3273 4763 3445 4817 cogna

1899 4848 2125 4899 tionem.
2160 4845 2379 4912 Alioqui
2410 4845 2579 4906 enim,
2615 4858 2777 4911 quam
2809 4842 2879 4895 ob
2900 4856 3121 4894 causam
3160 4854 3268 4892 non
3299 4854 3464 4909 ange-

1899 4938 2074 4991 lorum
2106 4936 2353 5006 quidem,
2418 4934 2509 4989 sed
2568 4934 2804 4987 Abraha:
2850 4947 3036 4987 semen
3090 4930 3468 5000 apprehendit,

1894 5030 2035 5083 unde
2055 5028 2237 5081 debuit
2260 5044 2353 5094 per
2377 5027 2559 5078 omnia
2592 5024 2854 5078 fratribus
2869 5023 3160 5078 assimilari
3184 5022 3251 5085 ⁵³,
3269 5032 3319 5075 ει
3345 5038 3470 5077 vere

1897 5123 2059 5175 homo
2100 5119 2261 5172 ﬁeri?
2296 5118 2491 5170 Annon
2531 5116 2886 5170 manifestum
2918 5113 3025 5184 97
3076 5120 3161 5168 est
3189 5113 3468 5178 omnibus,

1898 5211 2041 5281 quod
2068 5212 2131 5262 ad
2190 5211 2446 5262 servilem
2504 5208 2879 5261 conditionem
2942 5207 3058 5275 ipse
3111 5220 3169 5260 se
3226 5204 3463 5269 demisit,

1900 5304 2032 5356 nihil
2065 5318 2127 5355 es
2166 5302 2268 5354 hoc
2295 5302 2399 5355 sibi
2426 5301 2744 5369 acquirens,
2777 5301 2869 5353 sed
2895 5298 3055 5352 nobis
3088 5298 3326 5367 seipsnm
3362 5298 3469 5350 lar-

1895 5397 2067 5466 giens.
2102 5405 2161 5446 ut
2196 5409 2295 5447 nos
2327 5394 2446 5460 ejus
2478 5399 2801 5461 paupertate
2830 5390 3133 5443 ditaremur
3156 5389 3224 5451 ",
3274 5389 3470 5443 simili-

1898 5487 2083 5539 tudine
2111 5501 2235 5538 cum
2270 5485 2388 5553 ipso
2419 5484 2483 5538 ad
2519 5484 2796 5552 proprium
2835 5489 2888 5535 ct
2920 5482 3180 5535 eximium
3212 5481 3333 5549 ejus
3371 5481 3471 5535 bo-

1901 5594 2027 5643 num
2061 5575 2259 5635 evecti,
2298 5575 2480 5643 diique
2516 5582 2567 5625 ct
2610 5571 2703 5624 Dei
2742 5571 2835 5624 lilii
2884 5586 2976 5640 per
3018 5570 3173 5625 ﬁdem
3210 5569 3471 5625 reddere-

1905 5670 2066 5724 tuur?
2106 5667 2380 5722 Habitavit
2421 5666 2566 5720 enim
2605 5666 2657 5717 iu
2714 5666 2891 5729 nobis,
2949 5665 3041 5734 qui
3085 5679 3179 5733 per
3216 5670 3468 5721 naturam

3014 5782 3053 5812 '“
3092 5779 3256 5836 Ilcbr.
3278 5793 3331 5841 tt,
3380 5783 3469 5841 i7,
