4222 6510
230 442 334 497 135
1280 435 1343 490 ΙΝ
1368 433 1660 491 JOANNIS
1693 434 1897 489 ΕνΑΝι

1827 434 2144 492 ,NGELIIJM
2186 434 2315 488 LIII.
2363 434 2400 488 I.
3390 435 3494 490 166

228 558 297 610 ἂν
334 556 420 627 εἴη
459 557 554 609 καὶ
591 556 619 606 6
654 554 868 623 Πατὴρ,
897 554 964 605 δι’
999 554 1179 606 αὐτῶν
1221 554 1415 622 ὁρᾶται
1464 553 1575 606 τῶν
1611 552 1806 623 ἔργων·
1839 560 1886 615 Α

1839 560 1886 615 Α
1920 554 2061 608 Deus
2084 594 2097 617 ,
2129 562 2181 606 et
2214 552 2356 606 ﬁlios
2385 552 2675 619 adOptivos
2704 559 2931 619 superat
2954 564 3136 604 verus.
3169 545 3344 603 Porro
3367 561 3491 603 cum

231 646 578 716 ίσοστάθμοις
622 645 901 713 ἀναλόγως
952 642 1425 714 μεγαλυνθήσεται
1455 642 1633 706 δόξαις
1658 682 1672 704 ,
1715 642 1809 695 ἆτε

1907 645 2051 716 apud
2093 645 2310 699 beatum
2343 643 2545 696 Lucam
2584 644 2852 710 scriptum
2886 641 2961 695 sit
2993 660 3007 695 :
3048 660 3067 692 ι
3104 639 3266 696 Jesus
3310 650 3491 695 autem

226 739 292 807 δὴ
344 739 440 790 καὶ
491 736 598 788 τῶν
655 736 787 787 τσων
841 734 1112 803 ἐργάτης·
1171 732 1427 803 ὑπερέξει
1479 733 1535 785 δὲ
1595 732 1811 793 πάντως

1908 735 2225 807 proﬁciebat
2247 734 2510 803 sapientia
2545 740 2598 787 et
2624 734 2798 802 gratia
2821 734 2866 766 ⁸⁸
2888 753 2934 798 ι,
2988 732 3392 788 observadum
3410 740 3495 787 est

224 828 496 888 τοσοῦτον,
528 829 622 881 καὶ
645 829 700 880 ὲν
731 827 897 898 σαρκὶ
923 825 1182 893 γεγονὼς,
1216 826 1342 887 τοὺς
1374 826 1452 887 εἰς
1475 823 1811 893 ἀδελφότητα

1910 826 1999 879 hic
2055 824 2451 895 evangelistam
2506 824 2717 879 dixisse
2770 821 2966 877 Filium
3026 826 3247 894 plenum
3312 822 3493 893 gratia

227 919 626 991 κεκλημένους,
671 920 793 973 ὅσον
827 917 1147 989 ἀνθρώπους
1182 918 1211 968 6
1262 916 1403 970 κατέ·
1450 916 1611 986 φύσιν
1653 916 1807 980 Θεὸς,

1913 919 2112 973 habere
2145 918 2398 989 gloriam.
2421 916 2489 986 ᾼι
2520 917 2799 985 quomodo
2830 916 3084 987 proticiet
3114 917 3164 971 id
3194 914 3343 986 quod
3378 914 3494 984 ple-

228 1013 322 1064 καὶ
349 1014 495 1075 υἱοὺς
517 1014 643 1075 τοὺς
672 1011 811 1064 κατὰ
837 1010 985 1063 θέσιν
1004 1013 1032 1063 6
1056 1011 1195 1064 κατὰ
1218 1010 1479 1080 ἀλήθειαν
1504 1010 1807 1073 ἐξάλλεται.

1913 1025 2042 1062 num
2062 1020 2169 1075 est,
2194 1017 2288 1061 aut
2313 1008 2443 1077 quid
2480 1008 2553 1069 ei,
2584 1024 2792 1077 quzeso,
2846 1007 3110 1062 accedere
3138 1014 3316 1075 potest
3350 1006 3493 1058 ultra

240 1103 458 1174 Ἐπειδὴ
512 1103 567 1155 δὲ
624 1104 933 1173 γέγραπται
972 1102 1122 1171 παρὰ
1176 1101 1255 1171 τῷ
1300 1101 1556 1171 μακαρίῳ
1596 1099 1801 1168 Λουκᾷ·

1913 1101 2059 1170 quod
2115 1101 2251 1154 nihil
2302 1100 2421 1154 est?
2479 1099 2651 1167 Igitur
2703 1114 2814 1153 non
2852 1113 2959 1168 qua
3015 1095 3254 1152 Verbum
3304 1102 3390 1149 est
3430 1107 3495 1146 ac

231 1214 248 1245 ι
304 1195 511 1266 Ἰησοῦς
559 1195 615 1248 δὲ
678 1195 1017 1264 προέκοπτεν
1055 1194 1112 1245 ὲν
1152 1195 1313 1264 σοφίᾳ
1367 1194 1463 1246 καὶ
1522 1192 1740 1263 χάριτι·
1781 1210 1798 1241 ι

1916 1191 2083 1256 Deus,
2133 1190 2313 1244 dictus
2362 1196 2447 1243 est
2497 1189 2780 1258 prolicere,
2828 1187 2923 1243 sed
2974 1186 3119 1256 quod
3157 1187 3332 1255 magis
3372 1198 3492 1237 ma-

232 1288 567 1357 σημειωτέον
594 1290 651 1340 ὲν
673 1288 904 1353 τούτοις,
922 1288 1003 1340 ὅτι
1030 1287 1266 1354 πλήρης
1297 1286 1533 1354 χάριτος
1550 1284 1691 1355 ἔχειν
1712 1283 1812 1353 τὴν

1909 1285 2104 1356 gisqne
2125 1281 2534 1335 admirationem
2557 1280 2639 1335 sui
2672 1279 2959 1350 praeberet.
2983 1294 3047 1333 ex
3067 1278 3330 1347 operibus
3358 1277 3493 1346 ipsis

224 1378 381 1444 δόξαν
404 1379 507 1451 ἔφη
544 1379 636 1432 τὸν
672 1380 795 1432 Υίδν
816 1382 844 1432 6
883 1378 1328 1449 πνευματοφόρος
1354 1393 1367 1407 ⁸
1407 1374 1525 1429 εἶτα
1560 1379 1651 1429 ποῖ
1681 1392 1809 1428 ποτε

1911 1377 2083 1446 gratia
2130 1376 2184 1429 in
2218 1374 2336 1428 dies
2363 1373 2547 1443 augeri
2584 1372 2990 1443 spectatoribus
3017 1369 3328 1432 videbatur,
3361 1382 3490 1437 pro-

228 1472 491 1541 προκόψει
532 1472 595 1524 τὸ
634 1472 872 1542 πλῆρες,
902 1472 934 1540 ἣ
982 1474 1140 1524 ποίαν
1171 1470 1305 1532 ὅλως
1340 1468 1642 1532 ὲπιδὲξεται
1676 1485 1812 1537 προ-

1916 1469 2129 1522 tieiente
2151 1469 2376 1536 potius,‘
2398 1475 2449 1516 nt
2480 1479 2608 1519 vere
2645 1459 3487 1527 dicam,admirantiumbabitu,

227 1563 470 1632 σθήκην,
514 1558 574 1617 οὗ
614 1563 874 1616 ἐπέκεινα
909 1562 1105 1633 μηδέν;
1141 1562 1350 1615 Οὐκοῦν
1374 1600 1388 1625 ,
1428 1562 1527 1631 ούχ
1640 1561 1811 1629 Λόγος

1913 1573 2075 1628 quam
2103 1558 2222 1626 ipso
2256 1554 2321 1609 ad
2355 1555 2614 1626 gratiam,
2648 1556 2741 1624 qui
2776 1555 3049 1622 perfectus
3077 1561 3181 1619 est,
3230 1561 3288 1607 ut
3321 1550 3488 1607 Deus.

226 1658 346 1708 ἐστὶ
380 1658 473 1709 καὶ
496 1656 630 1717 Θεὸς
662 1656 992 1725 προκόπτειν
1015 1655 1252 1723 εἴρηται,
1290 1653 1403 1706 ἀλλ’
1431 1655 1512 1706 ὅτι
1544 1652 1808 1723 μειζόνως

1914 1654 2093 1718 Atque
2120 1649 2233 1702 haec
2256 1662 2720 1701 commemorasse
2750 1662 2858 1700 non
2892 1648 2997 1700 erit
3046 1648 3255 1710 inutile,
3291 1660 3489 1715 quam-

224 1750 316 1801 ἀεὶ
347 1748 779 1817 θαυμαζόμενος,
818 1748 1168 1817 χαριέστερος
1196 1746 1345 1816 παρὰ
1384 1749 1495 1809 τοῖς
1519 1747 1688 1816 ὁρῶσι
1720 1745 1807 1798 διὰ

1384 1749 1495 1809 τοῖς
1519 1747 1688 1816 ὁρῶσι
1720 1745 1807 1798 διὰ
1915 1745 1997 1798 vis
2029 1741 2427 1810 aliquantulum
2464 1740 2710 1807 digressa
2740 1742 2806 1792 sit
2848 1741 3045 1793 oratio.

223 1841 335 1893 τῶν
370 1841 824 1910 ἀποτελεσμάτων
854 1839 1229 1902 ἁνεδείκνυτο,
1283 1840 1702 1911 προκοπτούσης
1758 1840 1832 1901 ὡς
1873 1837 1988 1889 ἐστι
2023 1835 2221 1907 μᾶλλον
2252 1836 2425 1887 εἰπεῖν
2461 1832 2839 1903 ἀληθέστερον,
2880 1831 2978 1899 τῆς
3016 1830 3124 1883 τῶν
3189 1827 3493 1897 θαυμαζόν-

224 1951 338 1986 των
390 1933 588 1999 ἕξεως,
626 1934 769 2003 ἥπερ
804 1933 971 1985 αὐτου
1017 1931 1111 1985 τοῦ
1152 1931 1394 1995 τελείου,
1447 1932 1584 2004 πρὸς
1625 1933 1802 2003 χάριν,
1843 1931 1918 1993 ὡς
1951 1929 2107 1982 Θεοῦ.
2141 1927 2396 1999 Εἰρήσθω
2429 1924 2720 1978 καὶταῦτα
2772 1923 3077 1993 χρησίμως,
3110 1923 3157 1974 εἰ
3216 1922 3310 1973 καὶ
3375 1919 3492 1972 ἐστι

228 2026 631 2096 παρεκόατικὸς
653 2028 681 2078 ὁ
712 2024 891 2092 λόγος.

278 2146 555 2213 Ἰωάννης
592 2142 885 2213 μαρτιφεῖ
924 2142 1057 2210 περὶ
1092 2141 1301 2208 αὑτοῦ,
1334 2143 1431 2198 καὶ
1464 2143 1772 2212 κέκραγεν.
1842 2129 1886 2183 Β

315 2315 630 2370 Ἀκολουθεί
660 2317 823 2371 πάλιν
850 2320 970 2381 ταῖς
998 2318 1157 2381 ἰδίαις
1181 2318 1411 2382 ἐννοίαις
1443 2320 1471 2371 6
1504 2318 1813 2389 σοφώτατος

224 2410 648 2479 εὐαγγελιοτὴςι
681 2410 775 2463 καὶ
801 2409 876 2473 ὡς
906 2412 1015 2473 τοῖς
1041 2411 1217 2463 ὀπίσω
1260 2410 1700 2481 χρεωστούμενον
1724 2410 1813 2461 τον

224 2502 430 2571 ἐφεξῆς
475 2501 763 2572 εὐρύθμως
804 2504 1040 2554 ποιεῖται
1088 2503 1265 2568 λόγον.
1311 2503 1527 2572 Ἐπειδὴ
1559 2502 1667 2569 γὰρ
1711 2502 1811 2572 ἔφη

224 2595 359 2665 περὶ
386 2593 479 2647 τοῦ
522 2592 653 2645 Υἱοῦ
702 2592 796 2646 τοῦ
832 2593 990 2656 Θεοῦ,
1031 2613 1049 2645 ι
1099 2594 1473 2663 Ἐθεασάμεθα
1517 2594 1614 2665 τὴν
1660 2592 1815 2657 δόξαν

224 2684 418 2748 αὑτοῦ,
451 2684 604 2748 δόξαν
633 2685 708 2746 ὼς
739 2685 1101 2753 Μονογενοῦς,
1145 2705 1161 2739 ι
1206 2686 1291 2738 ἵνα
1341 2685 1427 2756 μὴ
1473 2686 1630 2755 μόνος
1691 2686 1817 2753 φαί-

224 2791 391 2843 νηται
414 2775 571 2827 τοῦτο
617 2776 812 2843 λέγων,
847 2778 945 2847 ούχ
974 2778 1055 2830 ἑνὶ
1088 2778 1365 2849 προσώπῳ
1402 2778 1494 2831 τοῦ
1533 2798 1548 2830 ι
1586 2778 1817 2831 ὲθεασὼ

234 2866 384 2936 μεθα
417 2887 434 2918 ι
470 2868 788 2937 πρέποντος,
810 2870 900 2921 τὸν
929 2868 1212 2940 ὁμώνυμον
1252 2871 1509 2923 συνάπτει
1543 2871 1814 2940 μάρτυρα,

228 2959 366 3027 μίαν
397 2959 590 3029 ἔχοντα
621 2960 758 3030 πρὸς
795 2961 960 3013 αὑτὸν
1017 2963 1109 3013 καὶ
1155 2962 1253 3032 τὴν
1285 2964 1456 3031 αὐτὴν
1505 2962 1813 3015 εύσέὸειαν.

222 3050 534 3121 Μαρτυρῶ,
567 3053 721 3121 φησι,
760 3051 1047 3121 τοιγαροῦν
1072 3052 1181 3119 ἐγὼ
1215 3052 1501 3122 (τεθέαμαι
1534 3054 1643 3124 γὰρ
1679 3054 1817 3124 ὅπερ

230 3136 410 3209 εἷπον)
434 3183 444 3198 .
484 3146 748 3212 μαρτυρεί
787 3142 842 3195 δὲ
869 3143 1077 3212 ὁμοίως
1102 3144 1195 3195 καὶ
1220 3146 1248 3196 6
1272 3144 1601 3215 Βαπτιστής.
1645 3144 1816 3208 Ἀξιο-

225 3231 517 3303 λογωτάτη
559 3232 665 3285 τῶν
723 3235 1193 3305 πνευματοφόρων
1220 3236 1349 3297 δυὰς
1382 3238 1476 3287 καὶ
1516 3235 1815 3305 ἀξιόχρεως

226 3323 490 3391 ξυνωρὶς,
524 3323 752 3393 ἀληθείᾳ
797 3324 1317 3396 συντεθραμμένων,
1360 3328 1451 3379 καὶ
1475 3328 1572 3379 οὐκ
1601 3327 1816 3380 εἰδότων

224 3413 291 3465 τὸ
333 3413 645 3483 ψεύδεσθαι.
697 3415 804 3467 Θέα
858 3415 913 3468 δὲ
966 3416 1113 3480 ὅπως
1158 3419 1646 3488 ὲμφαντικωτάτην
1687 3421 1815 3489 ἡμῖν

1986 2136 2034 2201 l,
2073 2136 2160 2188 15.
2193 2134 2429 2188 Joannes
2480 2133 2834 2187 testimonium
2884 2130 3115 2198 perhibet
3162 2134 3225 2183 de
3278 2131 3387 2197 ipso
3440 2141 3493 2186 et

1914 2228 2134 2282 clamat.

1985 2318 2178 2371 Eidem
2230 2314 2516 2369 sententia:
2562 2314 2769 2369 insistit
2812 2314 3263 2385 sapientissimus
3317 2330 3491 2369 evan-

1915 2408 2130 2478 gelista,
2170 2412 2221 2461 et
2246 2406 2607 2473 posteriorem
2651 2419 2958 2458 sermonem
2997 2405 3245 2473 apposite
3285 2418 3492 2459 conneo

1915 2501 2012 2554 ctit
2045 2498 2399 2569 praecedenti.
2448 2496 2584 2550 Nam
2621 2512 2745 2550 cum
2780 2496 2847 2551 de
2896 2495 3035 2549 Filio
3072 2496 3164 2551 Dei
3216 2497 3489 2553 dixisset:

1920 2612 1937 2644 ι
1980 2591 2230 2646 Vidimus
2288 2590 2520 2660 gloriam
2584 2588 2736 2658 ejus,
2794 2590 3024 2659 gloriam
3079 2591 3235 2660 quasi
3287 2590 3493 2659 l‘nige-

1917 2686 2036 2747 uiti,
2078 2705 2095 2737 ι
2131 2700 2201 2738 ne
2242 2685 2395 2738 solus
2427 2682 2575 2737 istud
2625 2681 2812 2737 dicere
2849 2682 3150 2747 videretur,
3187 2698 3311 2736 cum
3344 2701 3363 2734 ‹
3397 2681 3490 2735 Vi-

1917 2777 2121 2841 dimus,
2157 2796 2174 2827 ι
2209 2792 2315 2830 non
2346 2777 2437 2829 uni
2470 2790 2721 2844 personae
2764 2776 3071 2829 conveniat.
3108 2776 3489 2844 cognominem

1918 2874 2019 2928 sibi
2082 2880 2278 2925 testem
2322 2869 2594 2939 adjungit,
2637 2884 2748 2922 una
2803 2884 2987 2923 secum
3036 2888 3089 2919 σε
3123 2868 3311 2923 eadem
3362 2882 3491 2938 erga

1920 2965 2085 3019 Deum
2121 2965 2323 3033 pietate
2345 2962 2657 3031 praeditum.
2692 2961 2889 3015 Testor
2920 2962 3037 3032 igilt
3074 2978 3105 3023 ',
3138 2962 3343 3031 inquit,
3368 2977 3491 3031 ego,

1919 3055 2309 3127 (spectavi99
2332 3056 2476 3109 enim
2511 3057 2655 3123 quod
2681 3056 2818 3125 dixi)
2845 3095 2858 3119 ,
2891 3056 3273 3109 testatur-item
3304 3054 3489 3123 Bapti-

1917 3156 2020 3203 sta.
2094 3147 2489 3214 Diguissimum
2555 3162 2653 3216 par
2711 3148 3089 3217 theologorum
3160 3147 3493 3216 testiumque

1915 3239 2272 3307 locupletum,
2326 3238 2419 3307 qui
2465 3238 2687 3291 veritati
2726 3239 2980 3291 innutriti
3033 3246 3161 3293 sunt
3214 3250 3268 3292 et
3310 3240 3492 3295 omnis

1914 3324 2187 3378 mendacii
2232 3324 2431 3378 nescii.
2465 3323 2642 3378 Cerne
2688 3334 2870 3379 autem
2924 3341 3038 3397 quo
3092 3335 3251 3396 pacto
3286 3328 3491 3397 signiﬁ-

1915 3415 2237 3470 cantissime
2280 3416 2332 3469 id
2371 3416 2531 3469 nobis
2562 3427 2819 3486 exponat.
2863 3417 2979 3472 Non
3013 3421 3156 3473 enim
3192 3423 3368 3475 solum
3416 3424 3492 3475 ait

228 3505 530 3573 ἐποιήσατο
561 3504 659 3574 τὴν
687 3504 966 3575 ἐξήγησιν.
998 3507 1072 3559 Ού
1102 3506 1211 3574 γὰρ
1243 3508 1403 3573 μόνον
1432 3511 1511 3561 ὅτι
1550 3511 1818 3578 μαρτυρεῖ
1844 3508 1884 3563 C

1844 3508 1884 3563 C
1918 3504 2183 3558 Joannem
2223 3506 2410 3559 testari
2443 3505 2512 3558 de
2546 3507 2685 3575 ipso,
2726 3509 2821 3561 sed
2854 3510 3017 3561 etiam
3051 3510 3294 3566 clamare
3347 3512 3490 3566 utili-

228 3613 400 3665 φησιν
433 3597 461 3647 ὁ
501 3596 754 3663 Ἰωάννης
782 3597 910 3667 περὶ
956 3597 1147 3664 αὑτοῦ,
1184 3600 1510 3669 προστίθησι
1544 3600 1598 3651 δὲ
1624 3601 1815 3671 κρησί“

231 3702 375 3755 μως,
419 3686 502 3737 ὅτι
545 3688 638 3737 καὶ
684 3688 973 3756 κέκραγεν,
1029 3689 1135 3741 ἀπὸ
1166 3690 1260 3742 τού
1286 3732 1300 3755 ,
1336 3709 1355 3742 ι
1389 3691 1543 3761 Φωνὴ
1585 3692 1814 3759 βοῶντος

227 3778 289 3829 ὲν
327 3778 393 3845 τῇ
428 3777 616 3845 ἐρήμῳ
642 3815 655 3839 ,
691 3795 708 3827 ι
744 3777 1033 3846 λαμϐάνων
1068 3780 1161 3832 τοῦ
1194 3781 1353 3848 λόγου
1392 3782 1487 3852 τὴν
1513 3782 1809 3847 ἀπόδειξιν·

226 3867 416 3930 καλῶς
448 3868 500 3919 δὲ
530 3871 623 3920 καὶ
655 3872 813 3922 τοῦτο
847 3871 988 3925 λίαν.
1037 3872 1326 3944 Ἐνεχώρει
1367 3876 1473 3946 γάρ
1512 3893 1663 3938 τινας
1703 3876 1811 3929 τῶν

224 3960 296 4011 δι’
338 3960 583 4022 ἐναντίας
623 3963 817 4014 εἰπεῖν·
879 3964 1017 4015 Πότε
1057 3965 1134 4035 τῷ
1184 3967 1480 4034 Μονογενεῖ
1535 3968 1815 4038 μεμαρτύ-

228 4069 404 4120 ρηκεν
438 4053 466 4103 6
496 4052 827 4123 Βαπτιστὴς,
874 4055 907 4124 ἢ
938 4057 1032 4108 καὶ
1059 4056 1198 4110 τίσιν
1226 4059 1431 4122 ἐκεῖνος
1457 4061 1584 4129 περὶ⁷
1611 4061 1815 4113 τούτων

226 4140 667 4205 aversati/dicato;
719 4143 1006 4213 Κέκραγεν
1049 4144 1173 4208 οὖν,
1220 4150 1423 4217 φησιν,
1468 4150 1611 4202 τοῦτ’
1644 4150 1810 4216 ἔστιν,

224 4233 332 4284 ούκ
362 4234 418 4283 ὲν
449 4232 784 4302 παραϐύστῳ
811 4235 983 4299 λαλεῖ,
1026 4239 1124 4290 οὐκ
1151 4239 1354 4309 ἠρέμα,
1393 4242 1485 4293 καὶ
1514 4241 1813 4312 ψιθυρίζων

229 4327 542 4395 μαρτυρεί’
582 4324 878 4395 σάλπιγγος
908 4328 1114 4399 ἀκούσῃ
1156 4330 1387 4394 ϐοῶντος
1435 4333 1808 4403 εύηχέστερον.

224 4418 304 4468 υύ
350 4415 511 4484 μόνος
539 4416 776 4479 ἀκούσας
806 4418 871 4469 τά
902 4420 1129 4473 τοιαῦτά
1160 4439 1322 4492 φημι,
1360 4424 1569 4487 πλατὺς
1599 4426 1692 4478 καὶ
1733 4428 1811 4490 εἰς

224 4507 443 4568 πάντας
472 4508 498 4557 ὁ
527 4507 700 4573 λόγος,
724 4509 975 4580 λαμπρὸς
995 4513 1022 4563 ὁ
1047 4513 1241 4584 κήρυξ,
1274 4514 1546 4586 ἐπίσημος
1572 4519 1604 4587 ἡ
1636 4519 1807 4590 φωνὴ,

226 4596 408 4666 μέγας
448 4598 541 4648 καὶ
583 4598 683 4650 ούκ
710 4599 983 4665 ἄγνωστος
1010 4602 1037 4653 ὁ
1074 4603 1394 4676 πρόδρομος.

304 4682 500 4751 Οὗτος
536 4683 633 4755 ἦν,
655 4688 727 4742 ὃν
764 4685 934 4743 εἷπον
960 4711 972 4723 ·
1018 4692 1076 4745 ’0
1104 4696 1295 4748 ὀπίσω
1322 4715 1443 4765 μου
1468 4699 1807 4769 ἐρχόμενος,

219 4778 574 4847 ἔμπροσθέν
601 4796 720 4847 μου
759 4784 1023 4849 γέγονεν,
1064 4785 1155 4839 ὅτι
1187 4787 1418 4854 πρῶτός
1457 4807 1575 4858 μου
1619 4787 1716 4861 ἦν,

315 4870 623 4937 Ὀνομάσας
652 4871 741 4923 τὸν
772 4874 1024 4945 μάρτυρα
1055 4877 1144 4929 τὸν
1168 4878 1526 4948 ὁμογνώμονα
1551 4885 1642 4935 καὶ
1660 4883 1804 4953 ὁμὼ-
1837 4875 1879 4929 Ι)

220 4979 403 5031 νυμον
428 4962 594 5031 αὐτῷ,
637 4964 729 5016 καὶ
777 4967 987 5038 μεγάλῃ
1026 4968 1204 5035 δείξας
1252 4973 1702 5044 ἀποχρησάμενον
1738 4979 1803 5047 τῇ

217 5054 384 5120 φωνῇ
429 5053 562 5120 πρὸς
597 5054 695 5122 τὴν
726 5056 820 5108 τοῦ
866 5060 1222 5129 κηρύγματος
1271 5064 1570 5131 διακονίαν,
1608 5069 1806 5135 ἐπάγει

215 5142 518 5213 χρησίμως
551 5144 645 5195 καὶ
689 5146 788 5213 τῆς
817 5151 1119 5219 μαρτυρίας
1153 5152 1243 5204 τὸν
1273 5155 1503 5224 τρόπον’
1539 5160 1595 5209 ὲν
1634 5160 1807 5230 τούτῳ

214 5236 340 5305 γὰρ
385 5236 613 5303 μάλιστα
641 5238 860 5307 σύμπαν
895 5235 961 5310 ἦν
995 5243 1054 5295 τὸ
1080 5243 1430 5315 ζητούμενον.
1465 5250 1529 5302 Τί
1573 5248 1662 5303 οὖν
1700 5254 1807 5323 ἄρα

212 5327 319 5379 τὸν
354 5327 593 5379 τοιοῦτον
635 5324 884 5397 Ἰωάννην
918 5332 1335 5405 ἀνακεκραγότα
1362 5341 1603 5408 περὶτοῦ
1636 5344 1808 5395 Μονο-

213 5418 423 5488 γενούς
456 5419 794 5490 εύρήσομενς
843 5442 860 5473 ι
916 5424 973 5477 '0
1011 5426 1186 5480 ὀπίσω
1222 5447 1322 5499 μου
1355 5433 1665 5502 ἐρχόμενος,
1708 5435 1803 5505 ἔμε

211 5510 467 5580 πρόσθεν
506 5528 606 5578 μου
640 5514 848 5577 γέγονε,
886 5515 966 5567 ὅτι
993 5519 1208 5586 πρῶτός
1247 5539 1347 5590 μου
1378 5519 1444 5593 ἦν
1465 5540 1476 5552 ·
1524 5544 1541 5575 ι
1576 5526 1751 5589 Βαθὺς
1778 5528 1806 5579 ό

209 5603 410 5667 λόγος,
449 5605 537 5650 καὶ
576 5598 775 5670 πολλὴν
806 5603 888 5668 ἐφ’
919 5605 1095 5675 ἐαυτῷ
1120 5608 1218 5678 τὴν
1259 5610 1489 5679 βάσανον
1524 5614 1770 5667 ἁπαιτῶν
1791 5633 1803 5644 ·

208 5695 243 5757 ἡ
307 5690 411 5758 μὲν
458 5690 564 5761 γὰρ
605 5687 892 5763 πρόχειρος
935 5698 1047 5759 τοῖς
1085 5700 1296 5762 πολλοῖς
1345 5703 1435 5753 καὶ
1467 5707 1803 5776 τετριμμένη

292 5852 315 5879 ⁸
383 5850 515 5907 an.
567 5870 628 5910 ιι,
675 5854 760 5906 ῖὶξ.
834 5859 871 5887 ⁵⁹
909 5857 1012 5909 lsa.
1050 5871 1135 5916 τι.
1193 5857 1250 5915 5;
1284 5856 1437 5911 .lian.
1476 5874 1511 5922 ι,
1553 5860 1638 5911 ‘23.

1922 3608 2004 3651 ter
2044 3597 2230 3664 addit,
2282 3606 2499 3667 sumpta
2546 3600 2837 3654 occasione
2876 3618 2939 3655 ex
2970 3603 3062 3655 illo
3097 3604 3267 3669 dicto,
3306 3624 3325 3656 ι
3372 3604 3487 3661 Vox

1917 3690 2208 3745 clamantis
2236 3692 2289 3743 in
2314 3689 2661 3755 deserto";i
2698 3700 2847 3746 recte
2881 3707 3047 3748 sane:
3080 3704 3307 3763 possent
3340 3698 3486 3751 enim

1915 3796 2158 3850 querere
2170 3780 2850 3851 adversai‘iiﬂuandonam
2870 3785 2935 3838 de
2950 3782 3244 3854 Unigenito
3261 3794 3490 3842 testatus

1914 3883 1999 3928 est
2020 3872 2288 3943 Baptista,
2306 3880 2398 3927 aut
2422 3874 2750 3942 quibuscum
2771 3876 2837 3929 de
2868 3876 3019 3931 hisce
3043 3878 3208 3933 rebus
3242 3893 3488 3933 commu-

1916 3965 2138 4019 nicavit.
2190 3966 2399 4018 Clamat
2458 3965 2644 4035 igitur,
2686 3966 2895 4035 inquit,
2952 3967 3057 4022 boc
3108 3978 3211 4034 est,
3264 3985 3373 4024 non
3432 3970 3486 4024 in

1914 4058 2130 4112 occulto
2162 4057 2421 4125 loquitur,
2468 4072 2579 4111 non
2620 4059 2893 4113 submisse
2925 4068 2979 4115 et
3008 4061 3149 4113 clam
3186 4077 3487 4119 susurrans

1913 4155 2164 4202 testatur.
2203 4147 2411 4201 Tubam
2448 4150 2743 4203 clamantis
2775 4150 2943 4206 altius
2981 4152 3334 4207 insonantem
3392 4168 3488 4208 au-

1914 4237 2055 4293 dies.
2090 4238 2209 4291 Non
2242 4238 2356 4291 Ιιεεε
2405 4239 2559 4294 solus
2599 4239 2750 4293 audit
2783 4242 3027 4304 scilicet,
3074 4244 3233 4313 longe
3272 4245 3487 4314 lateque

1914 4343 2097 4382 sermo
2145 4331 2389 4383 manavit
2415 4330 2469 4383 in
2502 4346 2724 4396 omnes,
2753 4347 2933 4393 prmco
2958 4333 3194 4389 illustris
3213 4374 3227 4398 ,
3256 4335 3407 4390 clara
3434 4343 3489 4391 et

1913 4418 2173 4473 distincta
2205 4433 2343 4483 vox,
2396 4434 2627 4490 magnus
2686 4434 2788 4475 nec
2832 4422 3102 4477 obscurus
3156 4438 3485 4493 prmcursor.

1984 4700 2034 4764 Ι,
2077 4700 2163 4754 1⁷5.
2206 4699 2307 4754 Hic
2336 4711 2485 4765 erat,
2512 4718 2661 4771 quem
2691 4702 2844 4756 dixi:
2883 4702 2989 4769 Qui
3022 4714 3140 4773 post
3178 4722 3259 4760 me
3299 4714 3485 4761 ventu--

1918 4806 2008 4843 rus
2033 4801 2145 4855 est,
2178 4802 2299 4846 ante
2321 4810 2398 4847 me
2428 4794 2600 4861 factus
2626 4803 2738 4858 est;
2769 4796 2892 4864 quia
2914 4797 3063 4864 prior
3086 4814 3165 4851 me
3186 4808 3322 4855 erat.

1982 4883 2158 4936 (litato
2186 4892 2324 4937 teste
2365 4885 2610 4954 ejusdem
2642 4902 2827 4940 secum
2869 4890 3111 4944 nominis
3141 4904 3203 4943 ac
3259 4899 3482 4946 senten-

1909 4977 2017 5039 tiae,
2051 4990 2213 5044 quem
2252 4988 2448 5045 magna
2484 4992 2617 5032 voce
2657 4993 2774 5031 sua:
2810 4980 3216 5047 przedicationis
3238 4981 3480 5038 oﬂieium

1911 5068 2171 5137 implesse
2208 5066 2349 5119 dixit
2374 5108 2387 5129 ,
2421 5070 2770 5124 commodum
2806 5071 3028 5140 subjicit
3074 5062 3263 5141 ejusce
3315 5078 3477 5131 testi-

1910 5159 2081 5214 monii
2131 5159 2431 5224 rationem,
2488 5162 2541 5213 in
2599 5161 2703 5215 hoc
2755 5164 2900 5216 enim
2964 5167 3311 5233 potissimum
3361 5176 3476 5222 tota

1909 5253 2141 5322 quaestio
2176 5253 2430 5307 vertitur.
2486 5254 2627 5318 Quid
2681 5270 2811 5326 ergo
2864 5254 3129 5313 Joannem
3182 5259 3347 5313 istum
3408 5262 3479 5317 de

1909 5345 2208 5415 Unigenito
2276 5345 2546 5401 clamasse
2608 5348 3012 5416 comperiemus
3064 5369 3076 5404 :
3129 5367 3147 5400 ι
3190 5350 3291 5416 Qui
3354 5361 3475 5421 post

1904 5452 1991 5489 me
2024 5446 2294 5491 venturus
2332 5446 2438 5499 est,
2488 5446 2614 5492 ante
2651 5455 2736 5493 me
2793 5440 2974 5494 factus
3012 5451 3113 5507 est,
3149 5443 3277 5510 quia
3326 5445 3477 5509 prior

1910 5544 1994 5581 me
2033 5528 2189 5580 erat?
2222 5548 2238 5578 ι
2282 5532 2441 5583 Altus
2483 5538 2577 5585 εει·
2613 5547 2812 5596 sermo,
2848 5542 2901 5585 et
2949 5534 3133 5588 multa;
3178 5534 3474 5604 indaginis.

1909 5616 2062 5670 Trita
2096 5620 2239 5672 cnim
2266 5630 2319 5674 et
2355 5622 2669 5690 pervulgata
2697 5623 3058 5692 plurimorum
3097 5626 3207 5678 haec
3239 5634 3323 5681 est
3347 5640 3475 5682 sen-

1911 5712 2081 5766 tentia
2116 5731 2125 5766 :
2157 5711 2311 5780 Quod
2349 5717 2412 5768 azl
2467 5715 2805 5771 nativitatem
2859 5719 3042 5770 carnis
3087 5720 3302 5784 attinet,
3347 5718 3471 5778 Sal-
