4222 6510
228 436 330 487 Hl')

1259 429 1323 482 l.\’
1363 424 1654 482 JOA'NNIS
1694 424 2145 484 EVANUELIUM
2196 429 2326 488 LIB.
2360 431 2401 484 l.

3408 419 3511 474 1το

226 562 320 612 χεν
356 543 604 614 ἀληθινός
636 563 645 575 ·
688 545 875 615 ἐπειδὴ
930 545 985 598 δὲ
1051 546 1296 611 ἠγνοεῖτο
1332 542 1391 594 τὸ
1415 538 1816 609 θαυμαζόμεναΙ

1928 540 2016 608 jor
2046 543 2346 596 etiamnum
2379 552 2533 596 erat:
2567 542 2660 596 sed
2696 544 2786 613 qui
2811 556 2951 612 pone
2976 541 3308 610 sequebatur
3332 537 3511 593 factus

225 636 318 686 τοῦ
363 636 667 689 Βαπτιστοῦ
694 677 709 700 ,
748 637 919 690 ἐδόκει
966 653 1082 696 πως
1134 636 1228 687 καὶ
1273 632 1579 704 ὑστερίζειν
1612 630 1777 684 αὑτοῦ
1805 645 1817 658 °

226 728 474 790 εεάδιζεν
510 729 683 780 ὀπίσω
737 728 910 798 βραχὺ
958 728 1020 780 τὸ
1069 727 1255 795 μεῖζον
1302 724 1516 794 ἔχοντος
1562 723 1641 775 ἔτι
1682 723 1823 777 κατὰ

228 819 393 888 τιμὴν
425 822 519 872 καὶ
560 818 719 882 δόξαν
761 819 861 888 τὴν
912 820 968 870 ἐν
1019 816 1328 887 ἀνθρώποις
1374 816 1619 869 ἐκείνου·
1654 814 1768 868 ἀλλ’
1794 818 1823 868 6

228 910 522 979 ἐρχόμενος
554 911 729 962 ὀπίσω
760 910 984 977 γέγονεν
1016 907 1346 978 ἔμπροσθεν,
1397 906 1597 977 μείζων
1639 907 1821 959 Ἰωάν-

224 1018 342 1061 νου,
374 1001 469 1053 καὶ
505 1002 769 1072 κρείττων
804 1000 1283 1069 άναδεικνὺμενος.
1346 1000 1398 1050 ’6
1453 1000 1551 1069 μὲν
1581 998 1689 1069 γὰρ
1719 998 1821 1069 ἤδη

223 1090 361 1153 Θεὸς
396 1091 679 1160 ὑπάρχων,
727 1091 816 1143 διὰ
851 1092 958 1143 τῶν
1006 1091 1184 1161 ἔργων
1241 1090 1680 1143 άπεκαλὺπτετο·
1712 1093 1739 1142 ό
1768 1090 1823 1141 δὲ.

226 1181 329 1249 τῆς
363 1179 783 1250 άνθρωπότητος
810 1182 910 1235 οὑκ
946 1182 1257 1235 ἀναϐαίνων
1285 1181 1345 1233 τὸ
1387 1181 1606 1251 μέτρον,
1646 1181 1821 1232 ὀπίσω

162 1316 167 1325 ,
224 1272 413 1323 λοιπὸν
458 1273 550 1323 καὶ
596 1272 833 1340 γεγονὼς
867 1273 1204 1343 εὑρίσκεται.
1239 1274 1449 1325 Οὑκρῦν
1478 1274 1820 1341 αἰνιγματω-

226 1368 334 1428 δῶς
366 1369 392 1417 6
424 1368 695 1437 μακάριος
728 1366 932 1436 ἔφασκε
965 1368 1275 1436 Βαπτιστής
1304 1384 1314 1396 ·
1352 1387 1368 1415 ι
1421 1367 1478 1419 'U
1508 1367 1683 1419 ὀπίσω
1722 1384 1820 1436 μου

227 1460 548 1529 ἐρχόμενος,
600 1459 912 1530 ἔμπροσθέν
960 1477 1061 1529 μου
1099 1459 1360 1526 γέγονεν,
1408 1479 1424 1509 ι
1465 1460 1584 1511 ἀντὶ
1607 1461 1724 1521 τοῦ,
1765 1460 1821 1509 '0

226 1554 360 1605 ποτε
394 1555 621 1605 κατόπιν
651 1555 751 1622 τῆς
776 1556 915 1623 ἐμῆς
940 1555 1200 1623 ὑπάρχων
1230 1556 1415 1623 τιμῆς,
1448 1554 1820 1622 ἐπιδοξότερος

223 1646 406 1715 ὤφθη,
458 1648 551 1698 καὶ
599 1648 954 1717 ἁσυγκρίτοις
990 1648 1288 1716 ὑπεροχαῖς
1329 1648 1391 1697 τὸ
1439 1647 1563 1714 ἐμοὶ
1608 1646 1818 1714 πρέπον

222 1753 284 1787 τε
317 1737 409 1788 καὶ
452 1738 651 1806 προσὸν
712 1738 1105 1808 ὑπερεκτρέχει
1142 1738 1358 1808 μέτρον.
1394 1737 1549 1788 Οῦτω
1577 1736 1821 1799 νοοῦντες

221 1830 282 1879 τό
331 1829 641 1897 εἰρημένον,
699 1829 954 1899 μάρτυρα
1007 1831 1105 1900 τῆς
1149 1829 1306 1899 δόξης
1347 1829 1441 1882 τοῦ
1478 1829 1821 1897 Μονογενοῦς

1926 640 2009 684 est
2038 631 2248 687 Joanne
2282 633 2476 701 major.
2507 633 2599 686 Ille
2627 635 2778 704 99"
2800 635 2949 689 enim
2970 632 3319 687 divinitatem
3352 645 3509 685 suam

1926 724 2190 792 operibus
2223 726 2502 793 probavit,
2536 726 2625 779 hic
2663 728 2804 780 ultra
2835 724 3203 780 humanitatis
3234 722 3511 778 conditio-

1925 832 2047 869 nem
2084 831 2191 869 non
2219 827 2466 879 evectus,
2505 827 2821 886 postremus
2870 833 2995 872 esse
3029 831 3253 887 quoque
3297 817 3511 884 reperi-

1925 915 2036 959 tur.
2101 910 2286 977 itaque
2343 910 2692 978 :enigmatice
2754 910 2953 964 beatus
3010 909 3251 979 Baptista
3326 907 3506 962 dixit:

1930 1019 1946 1049 ‹
1989 999 2092 1063 Qui
2128 1012 2250 1069 post
2284 1018 2367 1055 me
2405 1012 2670 1057 venturus
2699 1011 2803 1065 cst,
2829 1012 2961 1057 ante
3002 1018 3090 1056 me
3127 1003 3304 1057 lactus
3326 1009 3444 1063 est;
3484 1020 3502 1051 ι

1923 1094 2083 1160 quasi
2117 1093 2366 1147 diceret:
2399 1096 2504 1160 Qui
2549 1095 2681 1149 mihi
2722 1096 2929 1150 honore
2968 1095 3204 1151 inferior
3247 1104 3388 1158 erat,
3426 1095 3507 1147 vi-

1925 1198 2020 1235 sus
2069 1193 2154 1235 est
2212 1184 2506 1247 illustrior,
2579 1196 2630 1238 ct
2697 1187 3120 1255 incomparabili
3177 1187 3506 1242 excellentia

1925 1273 2299 1328 conditionem
2353 1291 2527 1329 meam
2585 1279 2886 1331 antecellit.
2929 1278 2981 1331 Si
3019 1278 3225 1332 dictum
3270 1293 3508 1348 cvange-

1924 1364 2068 1417 lislze
2111 1366 2212 1419 hoc
2246 1368 2408 1420 modo
2444 1368 2851 1439 intelligamus,
2896 1379 3092 1423 testem
3151 1371 3336 1439 gloria:
3380 1369 3508 1424 Uni-

1925 1457 2093 1524 geniti
2137 1459 2315 1527 ipsum
2375 1462 2811 1529 compeiicmus.
2858 1478 2958 1516 nec
3005 1463 3252 1516 inanium
3317 1478 3501 1515 rerum

1927 1547 2373 1615 intempestivum
2402 1551 2779 1619 interpretem.
2813 1551 3001 1605 Dicere
3028 1553 3173 1605 enim
3222 1552 3505 1607 Christum

1926 1656 1985 1694 se
2036 1641 2294 1709 majorem
2345 1659 2489 1703 esse,
2546 1658 2670 1695 cum
2724 1659 2978 1713 magnam
3030 1644 3134 1700 sibi
3191 1647 3507 1700 sanctitatis

1925 1731 2243 1799 opinionem
2294 1733 2688 1796 conciliasset,
2740 1734 2871 1802 quid
2930 1735 3078 1788 aliud
3133 1745 3219 1791 est
3282 1736 3505 1790 demum

1924 1837 2091 1888 quam
2131 1823 2386 1875 eximiam
2425 1832 2481 1877 et
2514 1823 2848 1893 singularem
2878 1826 2925 1879 ei
2958 1825 3188 1894 gloriam
3226 1826 3509 1881 tribuere?

220 1921 534 1989 εὑρήσομεν
564 1920 746 1985 αὑτὸν,
775 1921 868 1972 καὶ
896 1921 996 1973 οὑκ
1026 1919 1249 1972 εἰκαίων
1286 1921 1628 1990 πραγμάτων
1662 1920 1815 1973 ἄκαι-
1848 1908 1889 1962 Β
1918 1909 2217 1980 Ροδιψωηι
2246 1914 2389 1966 enim
2418 1913 2557 1966 (ῘῙΧῘι
2577 1954 2590 1977 9
2622 1932 2639 1964 ί
2676 1914 2778 1979 ρυί
2806 1926 2930 1983 Ροεῑ
2961 1932 3045 1969 me
3088 1926 3357 1971 venturus
3396 1925 3504 1981 εει,

222 2028 319 2081 ρον
356 2012 647 2081 ἐξηγητὴν.
703 2011 775 2062 Τὸ
830 2011 936 2081 γὰρ
992 2012 1217 2079 μείζονα
1264 2010 1443 2075 λέγειν
1494 2011 1687 2063 ἑαυτοῦ
1722 2009 1814 2061 τὸν

220 2104 490 2172 Χριστὸν,
531 2100 778 2171 μεγάλην
827 2101 1042 2170 ἔχοντος
1081 2103 1173 2154 ἐπὶ
1217 2102 1463 2170 ἁγιότητι
1491 2102 1591 2171 τὴν
1617 2100 1816 2170 ὑπόλη-

215 2196 336 2264 ψιν,
364 2196 413 2246 τί
444 2198 505 2246 iw
537 2195 725 2264 ἕτερον
756 2196 843 2263 εἴη
878 2194 1085 2256 λοιπὸν,
1123 2193 1340 2263 ἢδόξαν
1367 2192 1518 2262 αὑτῷ
1548 2188 1644 2262 τὴν
1678 2192 1813 2258 ἐξαί-

220 2304 381 2357 ρετον
408 2289 835 2357 ὲπιμαρτυρεῖν;
859 2286 1003 2347 Ὅτι,
1036 2304 1054 2335 t
1090 2285 1147 2337 '0
1172 2286 1344 2339 ὀπίσω
1380 2302 1478 2354 μου
1498 2284 1813 2353 ἐρχόμενος,

218 2376 535 2449 ἔμπροσθέν
585 2394 686 2446 μου
723 2377 969 2444 γέγονεν,
1016 2395 1034 2427 ι
1085 2374 1287 2441 εἰπὼν,
1326 2374 1640 2441 ἀναγκαίως
1692 2374 1816 2426 ὲπιο

220 2474 381 2542 φέρει
406 2472 485 2535 τὸ,
513 2489 531 2522 ι
567 2472 690 2524 Ὅτι
718 2470 937 2541 πρῶτός
969 2488 1070 2541 μου
1101 2466 1189 2540 ἦν,
1224 2490 1241 2521 ι
1273 2470 1821 2540 πρεσϐυτάτηναὺτῷ

217 2568 320 2635 τὴν
351 2567 507 2631 δόξαν
543 2564 821 2628 ἀνατιθεὶς
844 2604 860 2629 ,
901 2566 992 2618 καὶ
1039 2564 1100 2614 τὸ
1132 2563 1391 2634 προῦχειν
1423 2563 1682 2615 ἁπάντων
1719 2564 1819 2614 οὑκ

218 2663 281 2711 ἐν
311 2660 488 2729 χρόνῳ
536 2657 941 2730 προσ-γεγονὸς,
990 2656 1105 2708 ἀλλ’
1136 2656 1441 2725 ἐνυπάρχον
1481 2656 1707 2720 ἄνωθεν,
1744 2656 1820 2719 ὡς

216 2752 343 2822 Θεῴ
369 2752 508 2804 κατὰ
536 2750 720 2818 φύσιν,
752 2744 1363 2819 διαὸεϐαιούμενοςῘΗν
1382 2748 1489 2820 γάρ
1519 2764 1621 2818 μου
1657 2747 1810 2819 πρῶ-

217 2860 333 2905 τος,
363 2842 549 2912 φησὶν,
584 2841 705 2894 ἀντὶ
756 2839 877 2904 τοῦ,
916 2840 1002 2892 ἀεὶ
1049 2840 1144 2891 καὶ
1189 2838 1278 2891 διὰ
1326 2839 1527 2902 παντὸς
1569 2840 1811 2912 ἀμείνων

218 2937 318 2987 καὶ
354 2933 726 3003 ἐπιδοξότερος
751 2948 766 2962 ο
801 2932 891 2985 διὰ
915 2931 973 2984 δὲ
1002 2932 1101 3001 τῆς
1136 2932 1274 3002 πρὸς
1304 2932 1400 2983 ἕνα
1424 2931 1534 2984 τῶν
1563 2932 1810 3001 γενητῶν

218 3026 591 3095 συγκρίσεως,
655 3024 687 3092 ἡ
742 3022 883 3075 κατὰ
919 3022 1138 3075 πάντων
1175 3022 1356 3091 ψῆφος
1387 3021 1465 3091 τῷ
1499 3022 1641 3094 ὑπὲρ
1671 3024 1810 3077 πάν-

1919 2014 2044 2059 ante
2078 2020 2164 2058 me
2209 2004 2385 2060 factus
2410 2014 2515 2071 est,
2552 2023 2568 2056 ι
2618 2008 2930 2061 necessario
2960 2008 3274 2075 subjungit,
3320 2027 3337 2060 ‹
3372 2008 3506 2078 quia

1920 2098 2072 2163 prior
2116 2112 2203 2150 me
2243 2106 2385 2159 erat,
2431 2116 2449 2147 ι
2493 2096 2938 2167 antiquissimam
2971 2098 3017 2151 ei
3053 2099 3283 2167 gloriam
3329 2098 3505 2154 ascri-

1920 2189 2077 2253 bens,
2116 2197 2168 2242 et
2213 2190 2587 2258 praestantiam
2634 2205 2799 2259 supra
2850 2204 2939 2244 res
2984 2205 3177 2245 omnes
3218 2206 3327 2244 non
3367 2200 3505 2245 tem-

1919 2283 2218 2353 porariam,
2268 2282 2362 2336 sed
2411 2298 2650 2349 superne
2689 2284 3138 2347 inexsistentcm,
3173 2291 3232 2337 ut
3269 2282 3381 2338 Deo
3413 2298 3505 2338 se-

1919 2374 2159 2429 cundum
2187 2384 2440 2429 naturam
2472 2376 2832 2430 conlirmans.
2863 2376 2994 2428 Erat
3024 2376 3168 2430 enim
3216 2376 3368 2445 prior
3395 2391 3502 2441 me,

1918 2470 2119 2538 inquit,
2150 2468 2201 2523 id
2234 2478 2341 2533 est,
2368 2477 2683 2537 semper,et
2718 2478 2993 2539 perpetuo
3027 2469 3227 2538 major,
3273 2478 3329 2523 et
3364 2485 3506 2539 pra:-

1917 2563 2181 2617 stantior.
2223 2560 2390 2629 Facta
2428 2570 2611 2615 autem
2644 2562 2766 2630 ejus
2812 2577 2935 2616 cum
2976 2578 3082 2616 una
3120 2579 3183 2616 ex
3226 2564 3506 2619 creaturis

1916 2654 2372 2722 comparatione,
2431 2669 2754 2723 supremum
2815 2655 3063 2708 omnium
3133 2655 3303 2711 Deum
3376 2673 3502 2711 cum

1917 2746 2178 2800 onmibus
2211 2756 2599 2815 comparatum
2635 2747 2900 2817 intellige.
2938 2746 3055 2801 Non
3099 2749 3246 2803 enim
3292 2766 3360 2804 ex
3400 2748 3507 2803 hoc

1919 2841 2039 2893 SUlO
2083 2839 2550 2908 magniﬁcentiam
2602 2848 2656 2893 et
2683 2838 3065 2894 admirandam
3102 2840 3193 2895 Dei
3239 2842 3499 2910 majesta-

1916 2943 2026 2987 tem
2073 2946 2475 3002 agnoscentus,
2527 2931 2674 3001 quod
2725 2929 2994 2987 Joannem
3031 2934 3081 3002 g'
3112 2934 3211 2987 .ria
3251 2942 3499 3004 superet,

1919 3026 2014 3078 sed
2053 3024 2199 3093 quod
2256 3039 2475 3076 omnem
2518 3035 2765 3076 creatam
2822 3024 3053 3078 substan
3091 3027 3194 3077 iam
3247 3026 3502 3080 excedat.

214 3136 318 3180 τας
351 3118 660 3185 συνάγεται.
690 3117 765 3169 Οὑ
796 3116 905 3185 γὰρ
935 3119 992 3169 ἐν
1038 3117 1215 3187 τούτῳ
1242 3118 1336 3170 καὶ
1386 3118 1533 3188 μόνῳ
1586 3120 1647 3171 τὸ
1680 3121 1824 3190 μέγα
1901 3124 1995 3176 καὶ
2040 3121 2373 3188 ἁξιάγαστον
2421 3118 2515 3174 τοῦ
2556 3120 2683 3172 Υἰοῦ
2735 3119 3090 3191 θεωρήσομεν
3141 3122 3382 3194 ἀξίωμα,
3447 3126 3527 3179 ιν,

217 3209 300 3279 τῷ
348 3210 445 3278 τὴν
496 3209 744 3263 Ἰωάννου
793 3208 951 3274 δόξαν
1012 3212 1386 3282 ὑπερδραμεῖν
1412 3251 1428 3276 ,
1477 3211 1593 3264 ἀλλ’
1644 3216 1701 3266 ὲν
1734 3216 1813 3286 τῷ
1852 3219 2032 3285 πάσης
2067 3214 2423 3284 ὑπερκεῖσθαι
2454 3215 2689 3283 γενητῆς
2719 3215 2927 3278 οὐσίας.

294 3357 420 3407 Ὅτι
467 3355 535 3407 ἐκ
586 3352 691 3406 τοῦ
722 3349 1116 3418 πληρώματος
1151 3346 1337 3401 αὑτοῦ
1378 3347 1548 3415 ἡμεῖς
1591 3348 1815 3415 πάντες

211 3447 543 3515 ἐλάϐομεν.

304 3581 650 3650 Ἀποδέχεται
677 3578 763 3631 διὰ
788 3577 991 3629 τούτων
1032 3574 1131 3645 τὴν
1160 3573 1333 3643 ἀληΟῆ
1382 3572 1475 3626 τοῦ
1507 3575 1813 3629 Βαπτιστοῦ

218 3675 536 3745 μαρτυρίαν
574 3674 600 3725 ό
645 3667 1059 3739 εὑαγγελιστὴς,
1108 3668 1200 3718 καὶ
1245 3668 1388 3736 σαιρῆ
1435 3670 1669 3724 ποιεῖται
1717 3668 1814 3739 τὴν

212 3763 499 3826 ἀπόδειξιν
521 3764 620 3831 τῆς
644 3761 738 3813 τοῦ
763 3760 1011 3829 Σωτῆρος
1053 3756 1213 3826 ἡμῶν
1258 3756 1556 3826 ὑπεροχῆς,
1597 3757 1691 3810 καὶ
1718 3757 1811 3809 τοῦ

216 3852 519 3921 κεκτῆσθαι
552 3852 613 3903 τὸ
655 3849 815 3901 πλέον
858 3846 1131 3906 οὑσιωδῷς
1159 3844 1305 3898 κατὰ
1325 3847 1528 3909 παντὸς
1561 3847 1814 3916 γενητοῦ,

214 3948 368 4000 κατὰ
397 3965 453 3998 τε
479 3946 575 4016 τὴν
610 3944 767 4007 δόξαν
801 3941 989 4011 αὑτὴν,
1013 3941 1141 4009 περὶ
1170 3933 1236 4010 ἧς
1258 3940 1283 3990 ὁ
1314 3938 1472 4007 λόγος
1500 3939 1642 4009 μάλα
1672 3942 1812 4004 νυνὶ,

215 4041 319 4092 καὶ
350 4040 441 4091 τὸν
464 4039 554 4090 ἐπὶ
582 4040 698 4098 τοῖς
726 4035 906 4096 ἄλλοις
932 4035 1137 4087 ἅπασιν
1167 4030 1391 4098 ἀγαθοῖς
1425 4030 1624 4083 εὑκλεᾶ.
1655 4033 1818 4085 κατά·

212 4132 400 4198 λόγον.
431 4132 664 4201 "Aptata.
689 4128 796 4197 γάρ
822 4143 931 4195 μοι,
957 4125 1111 4193 φησὶ,
1148 4124 1241 4175 καὶ
1271 4122 1615 4192 ἀληθέστατα
1644 4123 1816 4190 λέγων

214 4227 251 4275 ὁ
308 4223 622 4291 Βαπτιστὴς
680 4219 1039 4287 ἀναφαίνεται
1100 4213 1365 4284 περὶτοῦ
1420 4213 1760 4280 Μονογενοῦς
1795 4253 1810 4277 ,

223 4334 246 4365 ι
302 4315 427 4365 Ὅτι
458 4310 672 4381 πρῶτός
706 4326 806 4379 μου
844 4304 932 4377 ἦν,
979 4326 996 4357 ι
1024 4305 1166 4358 τοῦτ’
1192 4305 1327 4369 ἔστι,
1355 4304 1489 4358 πολὺ
1528 4305 1591 4374 δὴ
1630 4305 1814 4375 κρείτ-

216 4424 337 4458 των
385 4405 481 4456 καὶ
511 4403 774 4474 ἀμείνων·
808 4403 929 4453 ἐπεὶ
968 4400 1063 4451 καὶ
1090 4398 1291 4459 πάντες
1336 4400 1496 4467 ἡμεῖς
1527 4400 1576 4451 οί
1614 4399 1693 4461 είς
1723 4399 1815 4451 τὸν

220 4496 338 4548 τῶν
358 4495 529 4560 ἁγίων
552 4490 1021 4558 κατατεταγμένοι
1048 4488 1227 4559 χορὸν,
1265 4488 1325 4539 τὸ
1366 4488 1496 4541 ἴδιον
1544 4489 1709 4542 αὑτοῦ
1727 4507 1817 4542 πεο

222 4589 623 4657 πλουτήκαμεν
670 4583 893 4653 ἀγαθὸν,
923 4583 1019 4635 καὶ
1045 4585 1155 4644 τοῖς
1195 4581 1403 4633 ἐκείνου
1445 4580 1642 4651 μᾶλλον
1672 4585 1815 4653 ἤπερ

219 4686 340 4744 τοῖς
363 4683 563 4748 ἑαυτῆς
589 4677 1010 4746 ὲπισεμνὺνεται
1052 4676 1522 4744 πλεονεκτήμασιν
1545 4676 1577 4743 ἡ
1607 4675 1815 4745 ἀνθρώ-

222 4790 333 4825 που
373 4772 554 4839 φύσις,
579 4771 706 4821 ὅταν
740 4768 937 4835 ἔχουσά
975 4783 1026 4817 τι
1060 4764 1166 4817 τῶν
1189 4763 1533 4831 ἀξιαγάστων
1556 4764 1815 4834 εὑρίσκη-

225 4880 344 4917 ται·
391 4862 497 4914 άπὸ
520 4862 629 4928 γὰρ
657 4860 748 4911 τοῦ
774 4858 1139 4927 πληρώματος
1172 4857 1264 4909 τοῦ
1291 4855 1441 4921 Υἱοῦ,
1486 4857 1734 4929 καθάπερ
1757 4857 1815 4922 ἐξ

231 4956 466 5008 ἁεννάου
482 4954 680 5021 πηγῆς,
703 4955 735 5020 ἡ
756 4951 862 5002 τῶν
885 4950 1044 5002 θείων
1064 4948 1418 5019 χαρισμάτων
1444 4947 1816 5013 ἀναϐλύζουσα

232 5048 409 5110 δόσις,
445 5047 519 5108 εἰς
544 5046 781 5113 ἑκάστην
808 5043 1024 5113 ἔρχεται
1064 5041 1259 5111 ψυχὴν,
1293 5042 1438 5110 ἤπερ
1470 5040 1537 5093 ἂν
1572 5040 1816 5108 φαίνοιτο

230 5138 332 5192 τοῦ
363 5138 547 5190 λαϐεῖν
581 5137 725 5201 ἀξία.
772 5133 835 5186 Ei
866 5133 921 5186 δὲ
958 5136 1183 5202 χορηγεῖ
1213 5133 1310 5200 μὲν
1346 5132 1419 5194 ὡς
1474 5133 1538 5183 ἐκ
1589 5134 1818 5201 φυσικοῦ

231 5232 605 5304 πληρώματος
635 5231 663 5281 ὁ
693 5229 840 5293 Υἱὸς,
874 5229 1187 5297 χορηγεῖται
1215 5225 1269 5277 δὲ
1297 5227 1329 5295 ὴ
1358 5221 1554 5287 κτίσιςτ
1584 5226 1700 5288 πῶς
1721 5227 1821 5280 οὑκ

223 5328 298 5379 ἂν
320 5326 496 5376 νοοῖτο
526 5321 710 5374 λοιπὸν
735 5321 831 5388 οὑχ
875 5317 1067 5387 ὁμοίαν
1090 5316 1227 5385 ἔχων
1253 5318 1366 5377 τοῖς
1398 5316 1579 5379 ἄλλοις
1619 5317 1717 5387 τὴν
1736 5318 1818 5371 δό.

230 5419 359 5483 ξαν,
388 5414 501 5467 ἀλλ’
523 5414 667 5482 ἥπερ
700 5410 764 5465 ἂν
795 5410 995 5480 πρέποι
1021 5408 1099 5477 τῷ
1120 5409 1184 5459 ὲκ
1204 5405 1339 5460 Θεοῦ
1369 5408 1683 5473 Μονογενεῖ,
1721 5408 1820 5477 φύ-

232 5525 377 5571 σεως
411 5507 620 5567 οἰκείας
647 5505 823 5573 ἔχοντι
854 5500 1067 5570 καρπὸν
1108 5498 1175 5552 τὰ
1206 5498 1346 5551 κατὰ
1382 5498 1597 5552 πάντων
1625 5501 1817 5553 πλεον-

230 5602 545 5669 εκτήματα,
579 5597 674 5650 καὶ
704 5593 980 5664 πατρικῆς
1002 5590 1261 5660 ἰδιότητος
1292 5589 1507 5659 ἀξίωμα
1527 5591 1625 5661 τὴν
1644 5592 1815 5663 ὑπερ-

231 5695 403 5763 οχήνς
460 5684 630 5757 Οἶμαι
668 5686 723 5738 δὲ
767 5685 944 5753 ἔγωγε
988 5683 1076 5736 καὶ
1118 5681 1210 5735 τὸν
1254 5680 1562 5748 σοφώτατον
1607 5684 1817 5738 Παῦλον

234 5786 368 5852 περὶ
407 5780 508 5847 τῆς
544 5778 653 5830 τῶν
690 5778 824 5829 ὅλων
859 5774 1183 5827 διαλαϐόντα
1217 5772 1452 5840 φύσεως,
1502 5776 1819 5843 κεκιεῆλσθαι

234 5878 325 5930 διὰ
350 5872 557 5927 τοὺτων
601 5870 680 5931 εἰς
716 5867 921 5929 ἐννοίας
964 5863 1204 5935 ἀληθεῖς,
1246 5864 1387 5919 οὑτω
1426 5883 1483 5919 τε
1535 5867 1721 5922 λοιπὸν
1747 5869 1821 5933 ὡς

493 5967 760 6028 Parnm.
785 5965 882 6028 Gn.
934 5960 1192 6024 LXXIII.

1995 3353 2034 3413 Ι,
2080 3351 2166 3404 i6.
2216 3351 2484 3416 Quoniam
2537 3351 2599 3403 de
2648 3352 2979 3416 plenitudine
3025 3355 3140 3425 ejus
3188 3372 3281 3410 nos
3325 3373 3506 3411 omnes

1922 3444 2245 3511 accepimus.

1991 3577 2197 3631 Probat
2233 3577 2325 3631 liis
2354 3577 2543 3630 verbis
2575 3575 2912 3645 evangelista
2946 3590 3140 3631 verum
3168 3593 3293 3634 esse
3317 3578 3506 3649 Bapti-

1920 3678 2017 3726 sta:
2037 3670 2451 3730 testimonium,
2480 3676 2534 3723 et
2570 3668 2816 3722 eminere
2862 3667 3212 3723 Salvatorem
3247 3680 3508 3726 nostrum

1916 3762 2067 3815 clare
2111 3760 2493 3821 demonstrat,
2534 3766 2704 3826 atque
2739 3758 3195 3815 substantialiter
3237 3762 3508 3818 excedere

1918 3868 2009 3907 res
2055 3866 2251 3906 omnes
2296 3863 2515 3906 creatas
2548 3860 2658 3905 tam
2715 3851 2863 3920 quod
2912 3852 2981 3906 ad
3035 3854 3269 3923 gloriam
3327 3854 3505 3925 ipsam

1919 3945 2148 4007 attinet,
2185 3943 2253 3998 de
2295 3958 2404 4013 qua
2444 3945 2684 3999 maxime
2719 3959 2869 3998 nunc
2896 3944 3102 4013 agitur,
3138 3962 3304 4015 quam
3356 3947 3506 4016 quod

1918 4036 1984 4089 ad
2015 4044 2344 4090 cazterorum
2372 4037 2647 4090 bonorum
2683 4051 2975 4089 numerum
3022 4046 3257 4106 spectat.
3284 4036 3505 4109 Optime

1916 4126 2064 4179 enim
2099 4141 2163 4179 ac
2195 4126 2492 4180 verissime
2524 4126 2593 4180 de
2642 4124 2933 4198 Unigenito
2978 4127 3222 4198 Baptista
3252 4131 3385 4185 mihi
3413 4131 3502 4185 di-

1918 4237 2043 4275 cere
2094 4222 2315 4275 videtur
2366 4240 2379 4274 :
2428 4240 2445 4270 ι
2483 4220 2624 4286 Quia
2682 4223 2839 4290 prior
2885 4238 2970 4276 me
3017 4233 3162 4288 erat,
3192 4243 3209 4277 ι
3260 4225 3367 4279 hoc
3414 4235 3502 4282 est

1919 4313 2096 4366 multo
2142 4327 2227 4366 me
2263 4312 2637 4381 prrestantior,
2674 4326 2739 4366 ac
2770 4311 3010 4381 dignior,
3049 4316 3501 4385 quandoquidem

1919 4418 2023 4457 nos
2042 4417 2270 4467 omnes,
2308 4403 2405 4471 qui
2450 4402 2505 4455 in
2542 4411 2861 4456 sanctorum
2903 4418 3136 4457 numero
3178 4420 3500 4473 censemur,

1920 4496 2131 4564 proprii
2158 4494 2281 4562 ejus
2318 4494 2444 4547 boni
2478 4492 2780 4562 participes
2824 4491 2953 4545 facti
3000 4509 3192 4549 sumus
3216 4534 3231 4559 ,
3263 4505 3318 4551 et
3350 4496 3501 4554 illius

1919 4585 2107 4654 potius
2166 4598 2330 4653 quam
2378 4582 2495 4636 suis
2549 4582 3257 4650 pra-rogativis‘hominum
3302 4595 3502 4642 natura

1919 4677 2216 4753 gloriatur,
2248 4689 2371 4728 cum
2417 4673 2789 4727 admiratione
2833 4674 3063 4743 dignum
3109 4675 3319 4745 aliquid
3352 4678 3409 4731 in
3444 4695 3504 4734 se

1923 4769 2132 4823 habere
2182 4766 2542 4836 comperitur.
2593 4764 2668 4820 De
2718 4767 3061 4835 plenitudine
3096 4768 3299 4839 quippe
3342 4768 3503 4832 Filii,

1924 4868 2187 4929 tanquam
2215 4873 2278 4911 ex
2310 4858 2534 4926 perenni
2560 4856 2709 4912 fonte
2734 4856 3049 4911 divinarum
3087 4860 3389 4929 gratiarum
3413 4862 3507 4917 do-

1925 4966 2057 5006 num
2076 4941 2408 5012 scaturiens,
2428 4950 2479 5003 in
2500 4964 2947 5019 unamquamque
2970 4951 3211 5004 animam
3229 4966 3295 5006 eo
3318 4968 3507 5009 mune-

1923 5056 1985 5095 re
2015 5041 2173 5109 100
2193 5040 2415 5111 dignam
2457 5041 2723 5095 illabitur.
2753 5040 2911 5106 Quod
2953 5042 3003 5096 si
3036 5041 3212 5099 Filius
3246 5047 3406 5114 quasi
3438 5046 3506 5102 de

1925 5131 2166 5186 naturali
2211 5130 2557 5199 plenitudine
2585 5130 2731 5185 dona
2765 5130 3019 5198 largitur,
3051 5131 3155 5185 ista
3182 5147 3315 5187 vero
3347 5149 3508 5188 crea.

1927 5232 2049 5279 tura
2079 5222 2317 5293 excipit,
2348 5223 2631 5293 quomodo
2681 5237 2791 5276 non
2835 5223 3164 5278 dissimilem
3216 5225 3341 5281 aliis
3386 5227 3506 5297 glo-

1925 5317 2064 5371 riam
2119 5314 2407 5383 possidere
2456 5314 2799 5380 censebitur,
2837 5315 2986 5370 illam
3043 5317 3341 5384 nimirum,
3385 5334 3507 5389 qua:

1926 5408 2022 5465 Dei
2066 5407 2427 5479 Unigenitum
2477 5408 2813 5479 decet.~qui
2874 5417 2935 5464 ut
2994 5418 3211 5465 natura;
3266 5413 3506 5482 propria:

1925 5502 2165 5555 fructum
2215 5502 2384 5555 habet
2437 5516 2653 5556 omnem
2686 5501 3011 5571 dignitatem
3047 5513 3214 5572 atque
3251 5505 3505 5559 eminen-

1927 5594 2059 5645 tiam
2091 5607 2258 5663 quam
2296 5593 2351 5646 in
2382 5608 2442 5647 se
2474 5591 2634 5648 Pater
2671 5593 2874 5649 habere
2905 5593 3252 5665 intelligitur.
3289 5593 3506 5662 Quibus

1929 5683 2226 5738 adductum
2276 5698 2380 5754 ego
2434 5678 2656 5755 quoque
2699 5685 2929 5741 Paulum
2965 5688 3227 5751 arbitror,
3287 5697 3349 5742 ut
3380 5704 3504 5744 cum

1930 5777 1995 5831 de
2037 5777 2289 5832 universi
2340 5786 2535 5833 natura
2577 5778 2913 5844 dissereret,
2966 5796 3095 5836 rere
3134 5784 3507 5850 pronuntiarit

1932 5869 2066 5926 illud
2103 5871 2261 5941 quasi
2314 5880 2625 5929 creaturam
2677 5874 3020 5943 compellans
3059 5894 3072 5929 :
3115 5894 3133 5926 ‹
3178 5874 3320 5941 Quid
3358 5874 3505 5932 enim

3028 5970 3060 6031 6
