4222 6510
737 446 827 503 ﬁl
1740 436 1797 494 S.
1840 435 2119 493 CYRILLI
2160 436 2631 492 ALEXANDRINI
2670 438 2999 496 ARCIIIEP.

3901 440 3995 495 Γίίέ

729 557 899 612 habes
930 556 1075 627 quod
1112 570 1218 611 non
1253 554 1513 625 accepisti
1540 555 1623 608 “ll?
1662 575 1679 606 ι
1719 554 1835 611 Non
1869 558 2016 613 enim
2067 571 2192 611 esse
2221 571 2312 610 so—

2418 557 2554 626 πρὸς
2587 557 2685 626 τὴν
2700 558 2875 610 κτίσιν
2897 559 3091 610 εἰπεῖν·
3122 575 3139 607 ι
3161 553 3230 609 Τί
3256 554 3943 626 γάρέχεις,δοὺκὲλα6ες;
3976 574 3993 606 ι

728 651 841 704 lum
873 650 967 705 sed
998 652 1162 704 etiam
1194 649 1352 710 bene,
1401 654 1455 702 et
1506 648 1609 702 hoc
1660 658 1755 703 aut
1808 651 1904 703 illo
1948 650 2113 703 modo
2160 664 2308 713 esse,

726 744 915 796 clatum
951 752 1036 796 est
1085 756 1113 793 a
1164 740 1274 795 Deo
1310 746 1600 803 creaturae,
1636 742 1883 810 nihilque
1926 754 1954 793 a
2008 754 2070 794 se
2106 740 2269 794 habet
2295 781 2308 805 ,

728 834 824 888 sed
864 834 980 889 sola
1018 832 1359 903 benignitate
1411 832 1717 901 largientis.
1753 831 2172 887 Observandum
2229 844 2311 886 est

732 940 897 994 porro
929 923 1128 977 Filium
1176 924 1265 978 hic
1314 923 1421 977 dici
1458 923 1679 993 plenum
1703 964 1717 987 ,
1764 924 1815 977 id
1846 934 1929 979 est
1965 925 2020 979 in
2052 926 2310 977 omnibus

733 1016 1196 1086 perfectissimum
1224 1057 1237 1079 ,
1264 1024 1593 1085 tantumque
1632 1017 1825 1071 abesse
1859 1018 1928 1070 ab
1963 1016 2199 1085 alicujus
2233 1018 2308 1071 rei

731 1109 983 1178 penuria,
1020 1115 1080 1163 ut
1102 1118 1154 1163 et
1177 1107 1438 1163 omnibus
1464 1108 1681 1163 abunde
1706 1109 1898 1178 largiri
1933 1108 2140 1179 possit,
2172 1111 2310 1163 citra

732 1200 1153 1253 diminutionem
1202 1198 1368 1252 ullam
1416 1207 1510 1253 aut
1558 1198 1867 1268 jacturam,
1902 1210 1955 1255 et
2000 1202 2312 1256 eminentia:

734 1306 849 1344 sua:
880 1287 1308 1360 magnitudinem
1365 1289 1613 1344 eamdem
1671 1307 1884 1361 semper
1935 1301 1988 1345 et
2047 1295 2308 1364 integram

732 1382 986 1436 retineat.

803 1474 852 1540 I,
890 1476 1062 1530 16-17.
1108 1476 1171 1531 Et
1218 1482 1451 1549 gratiam
1496 1498 1589 1549 pro
1625 1484 1798 1549 gratia
1842 1498 1858 1534 :
1898 1484 2022 1551 quia
2082 1483 2166 1535 lex
2223 1499 2313 1549 per

736 1567 954 1637 Moysen
992 1570 1126 1624 data
1155 1583 1267 1635 est,
1300 1576 1476 1641 gratia
1511 1585 1557 1625 et
1586 1575 1778 1627 t'critas
1810 1591 1899 1642 per
1937 1574 2121 1629 Jesum
2164 1577 2314 1629 Chri-

734 1672 871 1713 stum
909 1664 1051 1732 facta
1081 1673 1178 1717 est.

808 1754 1078 1819 Quoniam
1118 1755 1507 1812 universorum
1561 1759 1844 1814 hominum
1903 1762 2074 1830 gloria
2117 1761 2314 1815 clario-

737 1860 852 1899 rem
888 1860 1013 1901 esse
1043 1844 1322 1918 Unigeniti
1356 1850 1587 1918 gloriam
1618 1854 1881 1919 asseruit,
1912 1861 1965 1906 et
1994 1854 2313 1908 sanctitatis

733 1939 1121 2008 magnitudine
1145 1941 1353 1996 sanctis
1374 1942 1633 1999 omnibus
1664 1944 1843 2014 ipsum
1872 1945 2315 2015 incomparabili-

731 2038 817 2085 ter
850 2033 1201 2096 antecellcre,
1236 2048 1386 2087 nunc
1422 2050 1611 2089 eorum
1648 2038 2066 2106 comparatione
2108 2039 2200 2107 qui
2246 2038 2313 2091 ad

732 2138 1007 2179 summum
1036 2124 1305 2179 virtutum
1332 2126 1550 2181 culmen
1580 2129 1756 2182 evecti
1790 2137 1919 2183 sunt
1943 2145 2054 2184 rem
2086 2129 2314 2184 demon-

731 2223 909 2270 strare
947 2225 1197 2273 conatur.
1245 2215 1319 2271 De
1347 2215 1561 2272 Joanne
1609 2203 1815 2290 quippe
1872 2219 2121 2274 Salvator
2174 2222 2249 2275 ait
2296 2241 2309 2277 :

739 2328 755 2357 ι
790 2309 982 2371 Amen,
1014 2323 1170 2363 amen
1219 2308 1349 2363 dico
1378 2309 1535 2365 vobis
1558 2352 1572 2375 ,
1598 2328 1709 2365 non
1746 2314 1987 2367 surrexit
2031 2313 2175 2368 inter
2216 2331 2312 2368 na-

734 2410 817 2455 tus
882 2400 1177 2456 mulierum
1234 2402 1412 2472 major
1468 2400 1682 2458 Joanne
1731 2403 1976 2474 Baptista
2008 2406 2073 2458 ⁶¹.
2132 2425 2149 2456 ι
2207 2405 2310 2459 Sed

733 2493 886 2545 illum
929 2493 1064 2547 adeo
1096 2509 1348 2563 magnum
1395 2504 1558 2565 atque
1612 2497 1905 2552 sublimem
1949 2515 2096 2553 nunc
2137 2500 2312 2553 intro-

730 2585 885 2639 ducit
935 2586 1266 2641 elamantem
1291 2628 1305 2653 ,
1333 2596 1393 2641 ut
1450 2589 1569 2657 ipse
1607 2590 1713 2651 ait.
1749 2598 1801 2642 et
1832 2606 2025 2661 magna
2070 2608 2201 2647 voce
2229 2592 2312 2646 di-

732 2686 945 2732 centem
983 2696 994 2731 :
1036 2695 1053 2727 ι
1090 2676 1195 2743 Qui
1241 2688 1366 2748 post
1429 2696 1514 2733 me
1568 2690 1831 2736 venturus
1882 2690 1987 2746 est,
2048 2693 2176 2737 ante
2228 2700 2313 2737 me

734 2767 917 2824 factus
940 2779 1044 2835 est,
1079 2769 1204 2840 quia
1240 2771 1390 2840 prior
1422 2787 1507 2826 me
1538 2784 1677 2827 erat.
1710 2793 1731 2824 ι
1763 2772 1898 2828 Cum
1931 2784 2112 2829 autem
2148 2775 2313 2829 Joan-

734 2861 823 2915 nis
852 2862 1027 2931 gloria
1059 2861 1337 2933 Unigeniti
1370 2863 1541 2933 gloria
1565 2865 1637 2918 sit
1664 2865 1916 2932 inferior,
1941 2868 2102 2937 eique
2130 2870 2310 2933 cedat,

733 2956 987 3025 sequitur
1032 2956 1307 3010 neminem
1375 2966 1689 3012 sanctorum
1728 2958 1794 3012 ad
1857 2960 2018 3013 talem
2084 2960 2310 3030 gloriam

733 3062 1075 3117 operumque
1110 3047 1456 3117 splendorem
1493 3050 1649 3105 evehi
1701 3066 1860 3119 posse
1912 3052 2094 3121 qualis
2131 3062 2214 3105 est
2260 3051 2310 3104 iu

738 3139 964 3194 Christo
998 3139 1312 3195 Salvatore.
1340 3140 1611 3207 Quocirca
1648 3143 1822 3197 sancti
1868 3144 1945 3197 illi
1981 3144 2073 3213 qui
2108 3143 2311 3198 adven-

738 3241 829 3288 tus
896 3233 1239 3302 temporibus
1295 3233 1664 3295 exstitcrunt,
1717 3250 1843 3287 eum
1915 3248 2023 3288 non
2098 3234 2387 3313 possintc

736 3337 953 3391 aequare
980 3320 1215 3376 Joannis
1246 3322 1537 3385 virtutem,
1584 3339 1687 3378 nec
1740 3324 1806 3378 ad
1852 3324 1983 3379 illud
2027 3326 2314 3393 pervenire

733 3413 1052 3483 fastigium,
1087 3412 1315 3468 Christo
1352 3414 1548 3468 cedent
1598 3430 1706 3469 una
1763 3432 1886 3470 eum
1945 3418 2088 3486 ipso.
2140 3418 2313 3487 siqui-

733 3506 855 3558 dem
889 3504 1085 3558 beatus
1124 3503 1215 3559 ille
1251 3503 1498 3573 Baptista
1522 3522 1799 3559 summum
1843 3515 2038 3563 tenens
2091 3508 2313 3562 bonita-

730 3598 803 3651 tis
852 3611 1156 3660 cacumen.
1223 3597 1457 3665 ejusque
1512 3598 1685 3667 gloria
1737 3601 1870 3653 nulli
1922 3603 2165 3663 cedens,
2202 3617 2310 3655 non

733 3687 964 3742 aliorum
997 3702 1131 3742 voce
1159 3687 1254 3742 sed
1287 3702 1388 3741 sua
1425 3689 1542 3757 ipse
1570 3689 1922 3745 confessione
1961 3691 2121 3761 longe
2155 3693 2307 3761 101

736 3778 1006 3834 minorem
1060 3795 1120 3834 se
1177 3779 1402 3835 Christo
1456 3781 1810 3850 praedicavit,
1854 3782 2074 3849 dicens,
2133 3784 2310 3853 ipsum

734 3885 865 3925 vere
891 3878 1146 3927 sanctum
1188 3885 1332 3927 esse.
1377 3870 1647 3935 Quoniam
1703 3882 1885 3927 autem
1926 3874 2313 3928 demonstran-

735 3964 863 4018 dum
888 3974 1010 4018 erat
1047 3962 1457 4018 Emmanuelem
1486 3968 1919 4034 prmstantiorem
1960 3974 2014 4022 et
2044 3967 2306 4037 majorem

735 4070 860 4109 esse
892 4053 1094 4123 priscis
1120 4054 1228 4109 illis
1275 4055 1518 4120 sanctis,
1563 4057 1879 4110 necessario
1909 4056 2105 4111 beatus
2142 4071 2310 4111 evan-

733 4147 926 4217 gelista
958 4145 1025 4199 ad
1076 4144 1263 4201 Mosen
1315 4148 1550 4217 primum
1589 4162 1873 4201 sacrorum
1913 4149 2216 4202 antistitem
2253 4164 2312 4202 se

734 4234 983 4299 confert,
1006 4234 1072 4288 ad
1101 4248 1261 4304 quem
1291 4249 1322 4287 a
1365 4234 1475 4289 Deo
1518 4235 1726 4289 dictum
1758 4244 1879 4290 est:
1912 4255 1929 4285 ι
1964 4235 2094 4290 Seio
2119 4244 2171 4290 te
2200 4252 2311 4306 prae

732 4330 1013 4394 omnibus,
1050 4335 1103 4383 et
1132 4327 1367 4399 gratiam
1398 4328 1658 4382 invenisti
1690 4327 1833 4397 apud
1860 4330 2029 4382 me“.
2068 4348 2083 4379 ι
2122 4327 2312 4383 Notio-

735 4435 847 4474 rem
889 4432 1018 4472 vero
1070 4433 1184 4488 pra:
1233 4418 1452 4472 caeteris
1500 4418 1610 4472 Deo
1664 4417 1838 4472 fuisse
1907 4419 2037 4472 hinc
2091 4434 2311 4488 quoque

734 4512 875 4567 seire
904 4524 1203 4581 possumus
1246 4525 1258 4560 :
1302 4527 1321 4559 ι
1386 4508 1441 4562 Si
1483 4508 1651 4563 fuerit
1693 4510 1959 4579 propheta
2008 4525 2071 4563 ex
2115 4510 2306 4573 vobis,

2414 648 2569 702 Μετὰ
2594 651 2702 719 γὰρ
2726 649 2821 701 τοῦ
2860 645 3021 711 εἶναι,
3050 650 3145 701 καὶ
3180 648 3242 701 τὸ
3267 645 3326 702 εὖ
3373 644 3513 701 εἶναι
3555 647 3779 699 τοιῶσδε
3820 647 4005 715 τυχὸν,

2420 746 2483 813 τῇ
2513 747 2687 796 κτίσει
2713 743 3015 805 θεόσδοτον,
3047 742 3161 812 ἔχει
3196 742 3253 795 δὲ
3278 741 3489 794 οἴκοθεν
3512 740 3683 801 οὐδὲν,
3711 739 3929 793 πλουτεὶ
3950 738 3999 790 δὲ

2420 835 2590 903 μόνην
2626 835 2724 902 τὴν
2766 833 2858 886 τοῦ
2905 833 3140 895 διδόντος
3171 831 3503 901 φιλοτιμίαν.
3559 829 3902 901 Σημειωτέον
3946 829 3997 879 δὲ

2416 926 2600 989 πάλιν,
2650 926 2732 978 ὅτι
2785 926 3000 996 πλήρη,
3042 925 3188 978 τοῦτ’
3221 924 3387 988 ἔστιν,
3421 927 3479 977 ἐν
3518 926 3652 977 πᾶσι
3690 923 3998 976 παντέλειον

2414 1012 2551 1069 εἷναί
2581 1034 2714 1088 φησι
2738 1018 2827 1071 τὸν
2850 1018 3000 1082 Υξὸν,
3027 1018 3119 1069 καὶ
3141 1017 3394 1070 τοσοῦτον
3424 1016 3713 1086 ἀφεστῶτα
3736 1016 3843 1067 τῶν
3867 1014 4000 1067 κατά

2414 1128 2466 1161 τι
2508 1110 2639 1177 γοῦν
2691 1111 2882 1164 ἐπιδεᾶ
2925 1111 3286 1171 καθεστάναι,
3325 1109 3399 1173 ὡς
3432 1108 3527 1161 καὶ
3572 1110 3707 1161 πᾶσι
3743 1105 4000 1161 δύνασθαι

2421 1207 2699 1275 χορηγεῖν,
2754 1203 2815 1256 τὸ
2869 1203 3221 1257 ἐλαττοῦσθαι
3272 1202 3726 1273 παραιτούμενον,
3778 1200 3874 1252 καὶ
3910 1200 4002 1269 τῆς

2414 1298 2620 1357 οἰκείας
2660 1298 2931 1367 ὑπεροχῆς
2960 1298 3049 1350 ἀεὶ
3076 1296 3133 1349 τὸ
3182 1294 3413 1366 μέγεθος
3465 1296 3520 1346 ὲν
3567 1292 3859 1362 ταυτότητι
3892 1292 4001 1344 δια-

2418 1387 2656 1451 σώζονται
2668 1432 2679 1444 .

2490 1482 2597 1533 Καὶ
2636 1480 2810 1547 χάριν
2844 1481 2978 1533 ἀντὶ
3014 1479 3272 1548 χάριτος⁸
3320 1478 3404 1531 ὅτι
3461 1481 3493 1531 o'
3542 1478 3723 1547 νόμος
3756 1477 3854 1530 διὰ
3879 1480 4002 1531 Μω-

2413 1572 2567 1638 σέως
2589 1572 2790 1639 ἐδόθη,
2835 1575 2872 1639 ὴ
2932 1573 3104 1640 χάρις
3162 1572 3257 1625 καὶ
3291 1573 3329 1640 ἡ
3376 1571 3628 1638 ἀλήθεια
3662 1570 3759 1623 διὰ
3801 1571 4002 1637 Ἰησοῦ

2418 1664 2674 1732 Χριστοῦ
2713 1665 2973 1732 ἐγένετο.

2487 1755 2890 1827 Λαμπροτέραν
2928 1755 3028 1826 τῆς
3062 1757 3118 1808 ὲν
3154 1755 3358 1810 ἅπασιν
3392 1754 3702 1827 ἀνθρώποις
3751 1754 4000 1817 εὐκλείας

2416 1847 2513 1918 τὴν
2528 1846 2622 1900 τοῦ
2649 1846 2984 1917 Μονογενοῦς
3016 1847 3397 1917 ἁναπεφάνθαι
3424 1847 3579 1912 δόξαν
3609 1846 3798 1910 εἰπὼν,
3831 1848 3926 1899 καὶ
3944 1846 4002 1897 τὸ

2418 1941 2477 1992 ἐν
2525 1940 2775 2011 ἁγιότητι
2836 1940 3066 2011 μέγεθος
3120 1924 3457 2012 ἀσύγκριτον
3504 1940 3651 2010 αὐτῷ
3700 1941 3836 2012 πρὸς
3879 1940 4001 2002 τοὺς

2418 2033 2605 2100 ἁγίους
2637 2033 2930 2102 εἰσφέρων,
2963 2033 3072 2086 ἀπὸ
3097 2035 3205 2086 τῶν
3256 2034 3337 2097 εἰς
3370 2033 3538 2102 ἄκρον
3584 2032 4003 2104 ἀναϐεϐηκότων

2417 2124 2618 2194 ἀρετῆς
2652 2125 2926 2177 ποιεῖσθαι
2960 2125 3251 2188 σπουδάζει
3276 2125 3370 2179 τοῦ
3398 2125 3755 2197 προτεθέντος
3801 2124 4004 2179 σκοποῦ

2417 2216 2516 2284 τὴν
2571 2216 2864 2284 ἀπόδειξιν.
2918 2218 3055 2287 Περὶ
3097 2219 3195 2287 μὲν
3238 2218 3487 2291 Ἰωάννου
3535 2221 3700 2289 φησὶν
3733 2222 3762 2273 ό
3789 2220 4001 2288 Σωτήρ·

2425 2330 2441 2360 ι
2467 2309 2656 2379 Ἀμὴν,
2683 2309 2828 2380 ἀμὴν
2855 2309 2996 2377 λέγω
3024 2312 3171 2379 ὑμῖν,
3194 2310 3291 2364 οὐκ
3317 2312 3614 2382 ἐγήγερται
3645 2312 3701 2362 ἐν
3725 2314 4005 2380 γεννητοῖς

2418 2400 2714 2468 γυναικῶν,
2779 2400 2978 2469 μείζων
3020 2402 3267 2455 Ἰωάννου
3297 2403 3389 2455 τοῦ
3421 2401 3745 2455 Βαπτιστοῦ.
3784 2421 3803 2453 ι
3847 2402 4005 2454 Ἀλλά

2415 2491 2507 2542 τὸν
2536 2489 2678 2543 οὕτω
2704 2490 2879 2558 μέγαν
2936 2492 3029 2544 καὶ
3065 2491 3427 2563 ἀξιοζήλωτον
3475 2494 3827 2564 παρέστησεν
3884 2494 4003 2563 ἤδη,

2417 2580 2672 2653 καθάπερ
2710 2583 2877 2645 αὑτός
2931 2602 3116 2653 φησιν,
3165 2586 3607 2656 ἀνακεκραγότα,
3648 2587 3741 2640 καὶ
3794 2585 4004 2655 μεγάλη

2417 2672 2642 2742 λέγοντα
2691 2658 2758 2746 τῇ
2785 2678 2967 2743 φωνῇ·
3010 2696 3026 2725 ι
3079 2677 3134 2729 '0
3170 2678 3345 2729 ὀπίσω
3403 2695 3503 2747 μου
3539 2677 3855 2748 ἐρχόμενος,
3908 2677 4005 2746 ἒμ-

2417 2764 2651 2835 προσθέν
2685 2783 2787 2835 μου
2821 2766 3063 2834 γέγονεν,
3087 2767 3169 2820 ὅτι
3200 2767 3417 2838 πρῶτός
3459 2785 3564 2839 μου
3595 2764 3685 2839 ἦν.
3728 2788 3745 2818 ι
3798 2768 4007 2820 Ἠττω-

2419 2856 2588 2926 μένης
2612 2856 2669 2909 δὲ
2692 2858 2790 2927 τῆς
2829 2858 3078 2917 Ἰωάννου
3109 2858 3287 2930 δόξης,
3329 2859 3424 2913 καὶ
3455 2860 3898 2930 παραχωρούσης
3929 2859 4005 2927 τῷ

2416 2948 2733 3014 Μονογενεῖ,
2779 2948 2895 3011 πῶς
2923 2948 3023 3001 οὐκ
3068 2951 3282 3021 ἀνάγκη
3334 2950 3519 3003 λοιπὸν
3552 2953 3752 3003 ἐννοεῖν
3797 2952 4006 3021 μηδένα

2416 3040 2525 3092 τῶν
2553 3039 2728 3093 ἄλλων
2770 3041 2938 3108 ἁγίων
2958 3043 3038 3105 εἰς
3064 3041 3125 3094 τὸ
3162 3043 3273 3095 ἶσον
3302 3042 3669 3114 ἀναφέρεσθαι
3700 3043 3904 3113 μέτρον
3931 3044 4007 3113 τῷ

2418 3128 2625 3199 Σωτῆρι
2659 3130 2900 3200 Χριστῷ,
2927 3132 3066 3185 κατά
3096 3150 3158 3199 γε
3181 3134 3271 3185 τὸν
3302 3133 3401 3203 τῆς
3451 3133 3697 3197 εὐκλείας
3728 3134 3913 3202 λόγον,
3949 3133 4005 3195 ὃς

2417 3223 2474 3273 ὲν
2508 3224 2573 3292 τῇ
2597 3221 2707 3273 τῶν
2732 3221 2906 3292 ἔργων
2935 3222 3221 3296 θεωρεῖται
3262 3224 3641 3296 λαμπρότητες
3688 3228 3750 3279 Οἱ
3785 3228 3887 3297 μὲν
3913 3224 4005 3281 οὖν

2418 3314 2560 3367 κατὰ
2607 3315 2732 3377 τοὺς
2755 3318 2853 3384 τῆς
2900 3316 3195 3386 ἐπιδημίας
3247 3320 3472 3389 καιροὺς
3519 3319 3803 3388 γεγονότες
3833 3321 4001 3387 ἅγιοι,

2415 3404 2515 3474 τὴν
2556 3404 2797 3458 Ἰωάννου
2834 3406 3176 3459 πλεονεκτεῖν
3215 3409 3314 3461 οὐκ
3360 3408 3574 3479 ἔχοντες
3624 3412 3847 3482 ἀρετὴν,
3883 3412 4001 3465 οὐδὲ

2414 3495 2474 3546 τὸ
2498 3495 2689 3566 ἐκείνῳ
2729 3498 2930 3567 προσὸν
2975 3499 3360 3562 ἀναϐαίνοντες
3405 3502 3621 3572 μέτρον,
3662 3505 4000 3573 παραχωρή-

2416 3604 2568 3640 σουσι
2602 3589 2696 3642 σὺν
2726 3590 2874 3660 αὐτῷ
2903 3591 2963 3643 τὸ
2996 3594 3152 3662 νικᾷν
3183 3592 3259 3662 τῷ
3294 3594 3532 3663 Χριστῴο
3571 3596 3730 3665 εἴπερ
3763 3598 3907 3665 ἔχων
3944 3599 4000 3648 ἐν

2416 3678 2641 3747 ἀγαθοῖς
2679 3680 2740 3733 τὸ
2780 3683 3078 3753 ἀκρότατον
3120 3686 3149 3737 ὁ
3206 3686 3476 3755 μακάριος
3521 3688 3855 3757 Βαπτιστὴς,
3907 3688 3998 3739 καὶ

2414 3773 2614 3842 τρόπον
2660 3773 2964 3846 ὑπερϐολῆς
3026 3775 3435 3841 καταλελοιπὼς
3486 3779 3696 3840 οὐδένα,
3748 3780 3850 3850 τὴν
3912 3779 3997 3833 ἐπ’

2415 3864 2663 3917 ἐλάττοσι
2692 3865 2871 3935 ψῆφον
2900 3869 2959 3919 οὐ
2985 3868 3071 3921 διὰ
3121 3869 3221 3937 τῆς
3273 3870 3458 3939 ἑτέρου
3486 3872 3752 3940 λαμὸἁνει
3786 3873 3995 3941 φωνῆς,

2415 3957 2529 4009 ἀλλ’
2565 3958 2727 4021 αὐτὸς
2760 3960 2952 4012 ἑαυτοῦ
2981 3963 3385 4032 κατεσφράγισε
3425 3964 3483 4016 τὴ
3515 3967 3764 4035 πρᾶγμα,
3799 3966 3996 4033 λέγων,

2413 4046 2487 4110 ὼς
2516 4048 2669 4115 ἅγιος
2702 4049 2936 4119 ἀληθῶς.
2986 4052 3208 4123 Ἐπειδὴ
3260 4054 3315 4106 δὲ
3339 4054 3432 4107 καὶ
3485 4055 3592 4106 τῶν
3621 4058 3999 4127 ἀρχαιοτέρων

2412 4140 2586 4209 ἁγίων
2613 4141 2778 4213 ἐχρῆν
2811 4144 3202 4210 ἀναφαίνεσθαι
3237 4146 3521 4217 κρείττονά
3545 4164 3600 4199 τε
3652 4149 3744 4199 καὶ
3771 4150 3998 4217 μείζονα

2412 4234 2503 4287 τὸν
2530 4233 2894 4304 Ἑμμανουὴλ,
2926 4235 3238 4302 ἀναγκαίως
3265 4237 3293 4288 ὁ
3320 4237 3583 4306 μακάριος
3608 4239 3999 4307 εὐαγγελιπξπ

2413 4325 2504 4377 ἐπὶ
2554 4324 2769 4396 πρῶτον
2803 4318 3021 4395 ἔρχεται
3076 4326 3167 4380 τὸν
3213 4326 3537 4398 ἱεροφάντην
3587 4330 3814 4391 Μωσέα,
3858 4333 3999 4401 πρὶς

2411 4416 2470 4469 ὃν
2498 4417 2685 4487 εἴρητο
2722 4416 2874 4487 παρὰ
2906 4416 3039 4469 Θεοῦ
3065 4433 3079 4448 ·
3120 4437 3138 4467 ι
3189 4413 3320 4472 Οἶδά
3362 4437 3421 4471 σε
3456 4420 3607 4489 παρὰ
3643 4422 3875 4484 πάντας,
3909 4430 4002 4476 καὶ

2411 4505 2571 4575 χάριν
2622 4501 2778 4578 εὗρες
2842 4508 2973 4577 παρ’
3025 4508 3169 4576 ἐμοί.
3252 4549 3266 4563 .
3313 4548 3325 4561 .
3393 4529 3412 4562 ι
3471 4511 3799 4577 ἐγινώσκετο
3845 4515 4000 4583 παρὰ

735 4604 915 4674 inquit
956 4602 1242 4665 Dominus,
1272 4600 1327 4655 in
1358 4601 1572 4655 visione
1603 4602 1653 4657 ei
1682 4616 1971 4671 agnoscar,
2003 4611 2058 4655 et
2088 4602 2139 4655 in
2165 4616 2313 4655 som-

2419 4600 2626 4661 πάντας
2667 4598 2746 4669 τῷ
2780 4598 2920 4670 Θεῷ,
2953 4600 3045 4653 καὶ
3086 4599 3176 4653 διὰ
3206 4600 3399 4654 τούτου
3434 4602 3595 4655 πάλιν
3642 4605 3805 4673 ἡμεῖς
3853 4605 3999 4658 εἰσό-

732 4709 804 4749 ιιο
838 4694 1031 4764 loquar
1066 4694 1136 4747 ei.
1159 4692 1277 4747 Non
1308 4694 1388 4747 sic
1414 4708 1607 4747 servus
1644 4707 1797 4746 meus
1828 4690 2077 4763 Moyses;
2111 4695 2167 4746 in
2202 4702 2312 4745 tota

730 4786 896 4840 domo
946 4799 1064 4838 mea
1098 4784 1273 4838 ﬁdelis
1303 4792 1409 4839 est.
1448 4783 1523 4839 0s
1556 4784 1620 4837 ad
1650 4798 1714 4839 os
1745 4784 1939 4853 loquar
1965 4785 2012 4838 ei
2035 4824 2051 4848 ,
2092 4784 2144 4836 in
2190 4798 2313 4853 spe-

731 4880 835 4943 cie,
861 4885 916 4931 et
945 4891 1051 4930 non
1086 4892 1182 4947 per
1214 4877 1505 4947 mnigmata
1533 4877 1597 4930 ⁸³.
1626 4896 1643 4928 ι
1680 4874 1831 4930 Licet
1858 4891 1987 4946 ergo
2023 4885 2175 4930 tanta
2218 4893 2312 4932 su-

730 4984 826 5040 pra
859 4979 1085 5024 cazteros
1119 4968 1321 5022 veteris
1367 4966 1591 5022 hederis
1638 4976 1862 5021 sanctos
1896 4973 2079 5036 patres
2113 4967 2310 5037 digna-

735 5058 886 5111 tione
925 5054 1199 5125 praeditus
1230 5055 1302 5109 sit
1332 5053 1549 5126 Moyses
1572 5097 1585 5121 ,
1624 5056 2062 5126 prmstantiorem
2110 5058 2312 5112 nihilo-

736 5150 920 5205 minus
942 5188 956 5211 ,
987 5156 1041 5202 et
1087 5146 1269 5202 modis
1297 5148 1555 5203 omnibus
1593 5149 1885 5205 clariorem
1927 5164 2049 5205 esse
2074 5151 2315 5205 ostendit

734 5240 1088 5312 Unigenitum
1111 5239 1241 5295 :dlt
1260 5249 1520 5310 appareat
1535 5240 1650 5309 ipse
1669 5240 1721 5294 in
1741 5241 1999 5294 omnibus
2014 5242 2307 5310 primatum

730 5344 944 5399 tenens,
970 5354 988 5386 ι
1026 5334 1190 5389 sicuti
1214 5330 1419 5387 Paulus
1448 5333 1641 5388 scribit
1668 5332 1733 5385 “.
1770 5332 1979 5386 Idcirco
2012 5334 2091 5386 ait
2124 5349 2137 5383 :
2180 5353 2197 5385 ι
2244 5333 2310 5386 Et

728 5428 969 5489 gratiam
999 5440 1102 5495 pro
1120 5424 1302 5495 gratia
1327 5441 1339 5477 :
1368 5424 1498 5493 quia
1533 5424 1621 5479 lex
1653 5438 1749 5494 per
1778 5422 2009 5494 Moysen
2048 5424 2174 5478 data
2200 5431 2307 5489 est,

728 5521 901 5593 gratia
934 5528 989 5576 et
1019 5520 1225 5574 veritas
1254 5532 1353 5589 per
1398 5515 1588 5572 Jesum
1628 5515 1915 5570 Christum
1970 5515 2112 5569 facta
2145 5526 2250 5570 est.
2286 5534 2303 5566 ι

732 5616 988 5669 Arbitror
1006 5613 1155 5669 enim
1184 5626 1285 5682 ego
1314 5611 1563 5665 divinum
1596 5611 1989 5680 evangelistam
2020 5610 2304 5665 istiusmo-

735 5706 789 5759 di
822 5705 1087 5777 quiddam
1128 5704 1443 5775 significare
1470 5703 1626 5757 velle.
1658 5700 1889 5765 Veram,
1927 5701 2137 5772 inquit,
2169 5718 2306 5755 eon-

798 5879 897 5938 “l
943 5880 1069 5940 Cor.
1132 5896 1205 5948 tv,
1257 5880 1305 5934 7.
1415 5882 1453 5913 "
1512 5878 1701 5935 Matth.
1766 5896 1841 5950 xi,
1910 5882 1992 5935 ll.

2069 5882 2110 5913 “
2158 5878 2327 5935 Exod.
2367 5896 2559 5946 χχχιιι,
2611 5883 2691 5937 lii.

2425 4688 2583 4757 μεθα·
2633 4707 2652 4738 ι
2698 4688 2823 4741 Ἐάν
2867 4689 3112 4760 γένηται,
3177 4691 3330 4758 φησι,
3382 4694 3667 4763 προφήτης
3718 4695 3898 4763 ὑμῶν,
3946 4698 4000 4748 ἐν

2419 4780 2655 4849 ὁράματι
2700 4780 2850 4849 αὐτῷ
2892 4780 3300 4850 γνωσθήσομαι,
3340 4784 3433 4835 καὶ
3488 4784 3544 4836 ὲν
3575 4785 3728 4854 ὕπνῳ
3777 4786 4001 4855 λαλήσω

2419 4870 2588 4941 αὐτῷ.
2632 4872 2743 4941 Οὐχ
2776 4871 2949 4934 οὕτως
2980 4871 3101 4944 [ὡς]
3130 4876 3159 4925 ό
3210 4874 3462 4942 θεράπων
3514 4894 3613 4945 μου
3664 4878 3894 4948 Μωσῆς·
3946 4882 4002 4932 ὲν

2418 4962 2522 5033 ὅλῳ
2552 4962 2629 5033 τῴ
2657 4964 2789 5034 οῐκῳ
2821 4981 2923 5034 μου
2952 4965 3143 5027 πιστός
3166 4967 3299 5018 ἐστι·
3331 4968 3505 5038 στόμα
3532 4969 3673 5022 κατὰ
3706 4970 3885 5040 στόμα
3907 4972 4002 5023 λα-

2420 5054 2569 5125 λήσω
2586 5055 2731 5125 αὐτῷ
2748 5057 2804 5107 ὲν
2830 5056 2978 5119 εῖδει,
3008 5056 3102 5108 καὶ
3124 5058 3184 5109 οὐ
3209 5057 3276 5109 δι’
3304 5060 3658 5129 αἰνιγμάτων.
3678 5080 3697 5111 ι
3741 5062 4004 5132 Ἐχοντος

2418 5145 2595 5199 τοίνυν
2633 5146 2727 5197 καὶ
2758 5144 2853 5198 τοῦ
2881 5148 3156 5215 πανσόφου
3191 5148 3437 5211 Μωσέως
3469 5150 3608 5203 κατὰ
3642 5150 3749 5203 τῶν
3780 5154 4005 5223 ἀρχαιοο

2417 5236 2589 5305 τέρων
2622 5236 2791 5303 άγίων
2820 5236 2917 5307 τὴν
2945 5236 3089 5290 οὕτω
3123 5238 3363 5306 μεγάλην
3392 5240 3685 5310 ὑπεροχὴν,
3711 5245 4005 5311 κρείττονά

2416 5347 2473 5382 τε
2518 5331 2610 5381 καὶ
2642 5329 3023 5401 εὐκλεέστερον
3053 5332 3193 5383 κατά
3226 5332 3403 5385 πάντα
3431 5334 3629 5403 τρόπον
3652 5336 4006 5391 ἀποδεικνύει

2416 5424 2507 5475 τὸν
2545 5424 2843 5493 Μονογενῆ,
2880 5441 2899 5473 ι
2941 5422 3057 5477 Ἰνα
3085 5425 3342 5495 φαίνηται
3380 5428 3439 5478 ὲν
3471 5427 3635 5479 πᾶσιν
3652 5427 3818 5492 αὐτὸς
3847 5446 4006 5499 πρω.

2419 5514 2643 5577 τεύων,ι
2678 5517 2754 5578 ὡς
2780 5517 2808 5567 ὁ
2828 5515 3037 5579 name,
3061 5534 3213 5586 φησι·
3251 5518 3343 5571 καὶ
3367 5517 3454 5570 διά
3468 5518 3624 5572 τοῦτο
3650 5520 3817 5587 λέγει·
3844 5539 3863 5571 ι
3891 5522 4007 5576 Καὶ

2419 5608 2575 5677 χάριν
2615 5608 2734 5660 ἀντὶ
2767 5609 3007 5679 χάριτος,
3039 5610 3120 5663 ὅτι
3151 5611 3179 5662 ὁ
3204 5610 3366 5679 νόμος
3390 5610 3479 5662 διὰ
3512 5612 3755 5676 Μωσέως
3790 5612 3952 5683 ἐδόθη
3988 5630 4004 5646 ·

2412 5702 2445 5769 ὴ
2472 5701 2630 5771 χάρις
2661 5700 2753 5753 καὶ
2788 5701 2819 5770 ἡ
2848 5700 3070 5771 ἀλήθεια
3106 5701 3193 5754 διὰ
3225 5701 3396 5773 Ἰησοῦ
3427 5702 3665 5772 Χριστοῦ
3699 5705 3941 5773 ἐγένετο.
3983 5725 4002 5758 ι

2772 5884 2813 5913 ⁸³
2844 5882 3001 5935 Num.
3046 5898 3141 5948 xtl,
3186 5883 3240 5939 6-
3264 5882 3315 5937 8.
3395 5884 3437 5914 ⁸⁵
3487 5882 3594 5939 Col
3648 5901 3688 5950 ι,
3730 5884 3819 5940 18.
