4222 6510
1471 266 1503 277 ο

251 404 350 459 173

1309 399 1372 452 ΙΝ
1410 398 1694 450 ιυειλῖςιδ
1738 397 2181 456 ΕῪΛΜΞΕΙΛΠΜ
2219 399 2342 457 LIB.
2383 401 2421 456 Ι.

3414 411 3520 477 ιιι

246 515 418 590 Οἶμαι
465 518 571 589 γὰρ
610 517 784 585 ἔγωγε
831 513 1069 568 τοιοῦτον
1093 533 1140 568 τι
1179 515 1463 585 βούλεσθαι
1500 515 1694 587 δηλοῦν
1739 513 1818 565 τδκ.

1934 505 2232 572 fessionem
2287 535 2519 590 magnus
2577 519 2667 574 ille
2711 518 2959 590 Baptista
2996 519 3168 575 edidit
3226 523 3406 593 palam
3465 539 3520 582 et

247 611 518 682 μακάριον
539 611 954 678 εὐαγγελιστήν·
999 609 1216 679 Ἀληθῆ.
1241 609 1393 680 φησι,
1423 610 1520 678 τὴν
1538 608 1829 678 ὁμολογίαν

242 707 270 755 6
295 704 471 773 μέγας
520 703 812 772 ἐποιήσατο
842 700 1151 770 Βαπτιστὴς
1182 701 1310 770 περὶ
1355 700 1449 754 τοῦ
1493 699 1829 768 Μονογενοῦς

240 796 540 868 διαρρήδην
573 795 949 865 ἀπαγγέλλων·
1011 816 1028 847 ι
1077 796 1134 847 Ὀ
1155 794 1327 850 ὀπίσω
1365 814 1465 866 μου
1501 796 1826 867 ἐρχόμενος,

241 887 558 957 ἔμπροσθέν
593 906 695 957 μου
721 888 965 956 γέγονεν,
991 890 1072 942 ὅτι
1096 889 1308 960 πρῶτος
1342 907 1442 960 μου
1477 885 1563 960 ἦν·
1595 889 1688 940 καὶ
1722 890 1829 958 γὰρ

242 979 306 1029 ἐκ
332 978 426 1030 τοῦ
449 979 816 1050 πληρώματος
845 979 1010 1032 αὐτοῦ
1065 981 1225 1050 ἡμεῖς
1256 979 1394 1033 πάντ
1435 996 1455 1042 ;
1483 977 1769 1047 ἐλάϐομεν.
1807 997 1823 1026 ι

241 1072 352 1122 Καὶ
373 1071 641 1140 νομιζέτω
670 1071 858 1141 μηδεὶς
901 1073 1150 1126 Ἰωάννου
1177 1071 1296 1141 μὲν,
1329 1071 1361 1142 ἢ
1392 1071 1486 1124 καὶ
1515 1069 1623 1122 τῶν
1654 1070 1828 1123 ἄλλων

242 1164 436 1229 ἁγίων,
466 1164 514 1215 οἳ
539 1164 678 1216 κατὰ
702 1166 828 1226 τοὺς
844 1166 942 1234 τῆς
969 1163 1266 1233 ἐπιδημίας
1288 1165 1546 1231 γεγόνασι
1581 1163 1826 1232 καιροὺς.

239 1257 602 1328 ὑπερανέχειν
651 1256 740 1310 τὸν
780 1256 1081 1326 Μονογενῆ·
1119 1256 1387 1327 ήττᾶσθαί
1425 1274 1487 1325 γε
1529 1257 1635 1326 μὴν
1686 1256 1827 1308 κατὰ

236 1351 336 1420 τὴν
362 1350 518 1414 δόξαν
543 1349 650 1401 τῶν
676 1349 1067 1420 ἀρχαιοτέρων,
1105 1349 1263 1419 οἵπερ
1307 1344 1446 1419 ἦσαν
1483 1351 1539 1400 ἐν
1572 1347 1828 1417 ἁγιασμῷ

234 1443 637 1513 δικλάμποντες
683 1443 824 1495 κατὰ
858 1444 984 1506 τοὺς
1015 1443 1220 1496 ἄνωθεν
1253 1444 1350 1512 τῆς
1386 1444 1679 1512 ἐπιδημίας
1703 1445 1822 1512 χρο-

235 1553 360 1598 νους
396 1553 408 1564 ο
439 1536 707 1605 θεωρήσει
744 1535 851 1606 γὰρ
883 1536 1045 1589 αὐτὸν
1085 1536 1217 1589 πολὺ
1248 1538 1306 1589 τὸ
1338 1537 1600 1599 Μωσέως,
1640 1538 1823 1604 μησὶν,

235 1627 598 1680 ἀναϐαίνοντα
627 1631 846 1705 μέτρον,
876 1629 1051 1682 καίτοι
1081 1629 1140 1681 τὸ
1179 1629 1382 1699 μεῖζον,
1416 1630 1491 1692 ὡς
1520 1629 1654 1697 πρὸς
1686 1631 1826 1682 ἐκεί-

236 1739 379 1782 νευς,
407 1723 462 1772 ἐν
486 1721 741 1790 ἁγιασμῷ
771 1721 1106 1792 κεκτημένου
1133 1737 1145 1749 ·
1183 1721 1332 1790 παρὰ
1363 1720 1566 1784 πάντας
1591 1723 1698 1791 γὰρ
1728 1724 1823 1774 αὑ-

234 1813 324 1864 τὸν
374 1814 669 1880 ἐγνωκέναι
719 1815 906 1882 σαφῶς
957 1816 983 1867 6
1038 1815 1333 1884 νομοθέτης
1378 1815 1816 1868 διεϐεϐαιώσατο.

233 1905 487 1973 Ἰωάννης
527 1905 623 1973 μὲν
648 1902 739 1958 οὖν
775 1906 833 1969 ἐξ
853 1907 988 1968 ἰδίας
1015 1906 1275 1976 ἠλέγχετο
1305 1908 1511 1975 φωνῆς,
1543 1908 1612 1969 to;
1649 1909 1822 1959 ὀπίτω

231 1998 391 2068 δόξῃς
427 1998 639 2062 ἐϐάδιζε
668 2000 758 2051 τοῦ
791 1999 945 2052 Υίοῦ·
971 2000 1190 2070 ἔρχεται
1210 2001 1265 2052 δέ
1296 2001 1525 2054 κατόπιν
1559 2003 1653 2070 τῆς
1692 2002 1822 2070 λαμ-

233 2093 509 2161 πρότητος
539 2092 723 2154 αὐτοῦ,
761 2093 854 2145 καὶ
883 2093 1038 2146 οὐδὲν
1059 2093 1194 2155 ὅλως
1228 2093 1313 2145 ἐπ’
1339 2091 1532 2162 ἐκείνῳ
1554 2093 1614 2146 τὸ
1636 2091 1821 2163 ζητού-

235 2200 417 2252 μενον,
454 2184 486 2254 ἢ
513 2185 606 2238 καὶ
633 2182 1008 2256 ἁποτραχῢνον
1030 2186 1128 2255 τῆς
1169 2185 1428 2256 ἀληθείας
1454 2185 1554 2255 τὴν
1578 2184 1817 2257 εὕρεσιν.

234 2275 405 2326 Πόθεν
433 2272 526 2328 οὖν
553 2276 662 2346 ἄρα
684 2277 776 2328 καὶ
808 2277 970 2330 αὑτὸν
1015 2277 1318 2349 εὑρήσομεν
1359 2278 1451 2330 τὸν
1499 2279 1821 2349 ἱεροφάντην

228 2368 436 2420 Munia.
467 2369 562 2438 τῆς
597 2369 691 2420 τοῦ
739 2368 973 2441 Χριστοῦ
1013 2369 1171 2440 δόξης
1219 2369 1568 2440 ἡττώμενονς
1606 2367 1822 2434 Ἐξετα-

227 2459 393 2522 ζέτω,
437 2462 622 2530 φησιν,
652 2463 679 2513 ὁ
717 2461 1019 2537 φιλομαθὴς
1050 2462 1148 2532 τὴν
1175 2461 1423 2515 δοθεῖσαν
1447 2464 1579 2532 ἡμῖν
1608 2462 1695 2516 διὰ
1727 2462 1818 2515 τοῦ

228 2552 487 2620 Σωτῆρος
522 2552 679 2621 χάριν
711 2552 1093 2621 εὐαγγελικὴν,
1125 2554 1245 2606 ἀντὶ
1281 2553 1498 2623 χάριτος
1539 2556 1636 2625 τῆς
1670 2573 1820 2622 νομι-

228 2644 333 2712 κῆς
362 2644 456 2710 τῆς
487 2643 574 2696 διὰ
593 2645 854 2706 Μωσέως·
884 2644 1005 2696 τότε
1042 2643 1151 2716 γάρ
1181 2645 1244 2715 δὴ
1292 2644 1558 2716 θεωρήσει
1581 2647 1819 2716 τοσούτῳ

225 2736 520 2805 κρείττονα
568 2737 657 2788 τὸν
699 2737 844 2800 Υἰδν,
880 2738 1100 2808 ὅσῳπερ
1143 2736 1208 2789 ἂν
1254 2737 1497 2806 φαίνοιτο
1540 2739 1638 2805 τῆς
1679 2740 1820 2792 κατά

225 2829 399 2897 νόμον
432 2828 709 2891 πολιτείας
756 2829 824 2882 τά
860 2830 1072 2898 ἀμείνω
1101 2829 1434 2898 νομοθετῶν,
1471 2833 1564 2883 καὶ
1598 2832 1818 2884 πάντων

221 2920 366 2988 ὁμοῦ
395 2920 502 2972 τῶν
547 2921 632 2975 διὰ
689 2920 932 2985 Μωσέως
970 2923 1236 2994 εἰσφέρων
1276 2922 1346 2974 τά
1385 2923 1646 2992 βελτίονα.
1683 2943 1700 2974 ι
1762 2926 1820 2976 Ὀ

225 3010 328 3076 μὲν
360 3010 470 3078 γὰρ
498 3010 678 3078 νόμος,
707 3012 858 3080 φησὶ,
892 3011 976 3064 διὰ
1003 3013 1244 3074 Μωσέως
1274 3011 1450 3082 ἐδόθη.
1487 3014 1516 3081 ἡ
1549 3016 1707 3082 χάρις
1729 3014 1820 3065 καὶ

222 3103 259 3168 ἡ
297 3101 525 3170 ἀλήθεια
559 3102 645 3155 διὰ
679 3103 853 3173 Ἰησοῦ
878 3103 1114 3174 Χριστοῦ
1135 3104 1371 3171 ἐγένετο.
1414 3124 1432 3155 ι
1460 3104 1554 3168 Τίς
1587 3102 1678 3157 οὖν
1713 3107 1820 3174 ἄρα

221 3194 322 3245 τοῦ
355 3195 520 3262 νόμον
554 3195 689 3265 πρὸς
712 3194 808 3264 τὴν
827 3195 918 3248 διὰ
953 3194 1047 3248 τοῦ
1069 3195 1318 3264 Σωτῆρος
1336 3197 1496 3265 χάριν
1516 3198 1546 3262 ἡ
1563 3197 1815 3267 διαφορὰ,
1850 3208 1893 3264 (ζ

222 3284 497 3354 θεωρήσει
528 3285 684 3338 πάλιν
716 3288 744 3338 6
783 3285 1148 3356 φιλοζητητὴς
1182 3287 1274 3338 καὶ
1327 3287 1544 3354 ἑταῖρος
1583 3287 1819 3357 ἱδρώτων

219 3377 471 3444 ἀγαθῶν·
509 3377 662 3444 ὀλίγα
699 3378 755 3429 δέ
789 3379 948 3447 ἡμεῖς
980 3379 1211 3447 ἐροῦμεν
1245 3378 1364 3430 ἀντὶ
1401 3378 1608 3430 πολλῶν
1629 3419 1643 3442 ,
1671 3380 1814 3448 ἁμήη

223 3469 391 3539 ρυτόν
420 3485 539 3520 τινα
571 3469 665 3520 καὶ
714 3469 923 3538 μακρὸν
953 3468 1061 3520 τῶν
1091 3470 1181 3520 ἐπὶ
1212 3468 1420 3532 τούτοις
1449 3470 1818 3541 θεωρημάτων

219 3561 316 3614 τὸν
351 3560 582 3629 ἀριθμὸν
628 3560 754 3611 ὄντα
793 3559 1156 3623 πιστεύοντες.
1195 3560 1402 3612 Οὐκοῦν
1441 3580 1457 3611 ι
1513 3562 1570 3613 '0
1613 3561 1710 3630 μὲν
1728 3563 1817 3613 v6-

223 3669 329 3720 μος
366 3652 656 3721 κατέκρινε
691 3651 781 3703 τὸν
812 3651 1018 3720 κόσμον
1044 3651 1380 3722 (συνέκλεισε
1417 3653 1524 3722 γὰρ
1544 3654 1571 3704 ὁ
1590 3652 1722 3714 Θεὸς
1751 3652 1816 3704 δι’

219 3743 395 3798 αὑτοῦ
417 3747 483 3798 τὰ
520 3747 695 3798 πάντα
729 3744 832 3796 ὑπὸ
861 3746 1157 3815 ἁμαρτίαν,
1197 3766 1214 3795 ι
1243 3745 1318 3806 ὼς
1341 3747 1368 3797 6
1400 3744 1611 3808 Παῦλος
1635 3748 1813 3814 φησι),

219 3840 321 3890 καὶ
351 3836 636 3890 κολάσεσιν
665 3838 812 3907 ἡμᾶς
842 3836 1060 3906 ἐνόχους
1082 3837 1241 3899 ὄντας
1269 3837 1538 3889 ἐδείκνυεν
1557 3854 1569 3864 ·
1604 3837 1815 3890 ἐλευθε-

222 3933 311 4002 ροῖ
345 3930 404 3982 δέ
460 3929 658 3998 μᾶλλον
685 3929 847 3990 αὐτὸς
879 3931 907 3982 6
954 3930 1165 3999 Σωτήρ·
1210 3948 1227 3980 ι
1267 3930 1342 3981 Οὐ
1393 3929 1498 3998 γὰρ
1533 3925 1694 3998 ἦλθεν
1729 3930 1814 3980 ἴνα

215 4021 389 4092 κρίνῃ
415 4021 503 4073 τὸν
524 4021 747 4088 κόσμον,
777 4020 889 4073 ἀλλ’
913 4021 1000 4073 ἵνα
1022 4020 1166 4090 σωθῇ
1195 4023 1222 4073 ὁ
1240 4023 1458 4091 κόσμος.
1490 4041 1506 4072 ι
1527 4023 1634 4074 Καὶ
1657 4021 1814 4093 χάριν

223 4113 328 4180 μὲν
367 4110 668 4180 ἀνθρώποις
713 4113 807 4165 καὶ
852 4112 880 4163 6
909 4113 1070 4180 νόμος
1108 4112 1303 4174 ἐδίδου,
1350 4113 1529 4164 καλῶν
1562 4113 1698 4175 ὅλως
1735 4116 1814 4176 εἰς

217 4203 577 4272 θεογνωσίαν,
618 4203 711 4256 καὶ
750 4202 850 4272 τῆς
874 4201 984 4254 τῶν
1029 4200 1261 4256 εἰδώλων
1295 4203 1548 4276 λατρείας
1576 4204 1812 4269 ἐξέλκων

213 4299 350 4358 τοὺς
376 4295 846 4366 πεπλανημένους,
869 4297 963 4349 καὶ
987 4295 1210 4366 προσέτι
1248 4295 1421 4365 τούτῳ
1455 4297 1548 4349 καὶ
1574 4297 1635 4350 τὸ
1669 4297 1811 4366 φαῦ-

212 4391 312 4442 λον
353 4388 687 4450 ὑποδεικνὺς,
723 4387 817 4439 καὶ
864 4386 1131 4446 διδάσκων
1162 4387 1223 4438 τὸ
1252 4387 1476 4456 ἀγαθὸν,
1529 4390 1578 4440 εί
1615 4390 1705 4441 καὶ
1739 4389 1812 4460 μὴ

209 4481 466 4542 τελείως,
520 4477 656 4531 ἀλλὰ
692 4477 1114 4546 παιδαγωγικῶς
1161 4479 1256 4534 καὶ
1286 4480 1592 4550 χρησίμως.
1635 4480 1699 4532 Ἠ
1725 4480 1812 4533 διὰ

209 4573 314 4625 τοῦ
382 4569 716 4636 Μονογενοῦς
769 4569 999 4638 ἀλήθεια
1040 4569 1134 4622 καὶ
1160 4570 1340 4639 χάρις,
1384 4570 1483 4623 οὐκ
1513 4570 1570 4624 ἐν
1618 4571 1810 4633 τύποις
1845 4569 1871 4636 ἓ

211 4668 357 4736 ἡμῖν
388 4663 629 4732 εἰσφέρει
662 4661 723 4713 τὸ
756 4659 979 4729 ἀγαθὸν,
1010 4660 1130 4721 οὐδέ
1157 4661 1230 4723 ώς
1257 4663 1314 4715 ἐν
1346 4663 1524 4724 σκιαῖς
1549 4664 1809 4733 χαράττει

211 4759 286 4811 τὰ
332 4760 704 4824 συμφέρονταο
734 4753 850 4806 ἀλλ’
888 4755 947 4805 ἐν
999 4753 1294 4823 λαμπροῖς,
1337 4753 1432 4806 καὶ
1481 4755 1806 4824 καθαρωτά-

208 4866 332 4912 τοις
402 4846 752 4913 διατάγμασι,
820 4844 914 4898 καὶ
971 4845 1106 4916 πρὸς
1165 4844 1376 4897 τελείαν
1422 4845 1524 4914 τῆς
1573 4847 1809 4912 πίστεως

207 4941 425 5009 γνῶσιν
459 4937 806 5008 χειραγωγεῐ·
832 4936 920 4988 καὶ
947 4935 976 4988 6
1007 4935 1104 5005 μὲν
1132 4935 1295 5004 νόμος
1321 4936 1537 5007 πνεῦμα
1567 4937 1808 5002 δουλείας

209 5033 398 5086 ἐδίδου
452 5029 604 5099 πρὸς,
633 5027 818 5096 φόϐον,
850 5027 911 5079 τὸ
954 5025 1011 5078 δέ
1059 5025 1276 5095 πνεῦμα
1313 5029 1412 5097 τῆς
1463 5029 1737 5092 υἱοθεσίας
1776 5032 1804 5083 6

211 5123 459 5194 χριστὸς
482 5122 560 5183 εἰς
585 5117 916 5190 ἐλευθερίαν.
950 5117 1009 5170 '0
1028 5117 1190 5188 νόμος
1211 5118 1411 5186 ὁμοίως
1435 5120 1533 5190 τὴν
1555 5122 1616 5173 ἐν
1643 5124 1805 5192 σαρκὶ

207 5225 532 5301 περιτομὴν
574 5225 726 5280 οὐδὲν
766 5221 930 5278 οὖσαν
979 5223 1248 5294 εἰσφέρει·
1289 5227 1322 5294 ὴ
1375 5227 1643 5298 περιτομὴ
1694 5229 1802 5302 γὰρ

201 5323 377 5377 οῦδὲν
405 5323 573 5383 ἐστιν,
606 5317 796 5388 ὥσπερ
834 5312 927 5374 οὖν
949 5317 978 5369 ὁ
1004 5313 1215 5378 Παῦλος
1247 5315 1550 5370 ἐπιστέλλει
1581 5321 1740 5372 τισίν·
1776 5324 1804 5376 ὁ

201 5419 270 5470 δὲ
303 5413 508 5484 Κύριος
559 5409 718 5482 ἡμῶν
757 5405 966 5479 Ἰησοῦς
1019 5407 1252 5478 Χριστὸς
1286 5407 1384 5478 τὴν
1434 5411 1492 5462 ἐν
1530 5410 1803 5481 πνεύματι

205 5510 311 5564 καί
350 5505 549 5574 καρδίᾳ.
583 5501 886 5573 περιτομὴν
927 5499 1014 5552 διὰ
1046 5498 1280 5562 πίστεως
1324 5500 1590 5568 προξενεῖ.
1628 5504 1686 5556 'U
1724 5505 1807 5556 νό-

207 5631 320 5686 μος
368 5611 528 5664 -ὖδατι
585 5606 836 5678 βαπτίζει
883 5601 1076 5673 γυμνῷ
1108 5603 1232 5665 τοὺς
1282 5607 1746 5679 μεμολυσμένους.
1780 5612 1808 5663 ὁ

205 5703 432 5773 Σωτὴρ,
479 5721 496 5751 ι
541 5701 598 5752 ἐν
630 5697 904 5768 Πνεύματι
969 5693 1108 5762 ἁγίῳ
1154 5694 1246 5746 καὶ
1285 5695 1438 5766 πυρί.
1477 5716 1495 5748 ι
1554 5698 1610 5752 Ὀ
1649 5701 1809 5769 νόμος

291 5818 339 5848 ⁸⁵
386 5815 552 5870 Hebr.
609 5831 686 5877 xi,
739 5814 811 5877 ’ἲς
848 5809 1024 5865 Galat.
1075 5821 1160 5875 ιιι,
1200 5807 1288 5862 29..

291 5818 339 5848 "
386 5815 552 5870 Hebr.
609 5831 686 5877 xl,
739 5814 811 5877 ’ἲς
848 5810 1024 5865 Galat.
1075 5821 1160 5875 ιιι,
1200 5810 1288 5862 29..
1371 5810 1589 5872 “Joan.
1619 5819 1810 5886 "1,17,

203 5905 299 5965 lli,
354 5886 436 5952 Η,
515 5887 560 5918 ⁷⁸
616 5885 775 5949 "chr.
823 5899 896 5949 tr,
929 5880 985 5946 2,
1019 5879 1070 5932 5.

1934 617 2121 678 aperte
2183 610 2488 678 praedicans
2541 610 2608 666 de
2641 611 2972 684 Unigenito:
3012 632 3030 664 ι
3083 614 3186 679 Qui
3241 624 3370 685 post
3430 633 3520 673 me

1933 708 2204 756 venturus
2236 709 2345 764 est,
2371 711 2499 756 ante
2535 718 2622 756 nte
2671 702 2849 759 factus
2897 714 3014 766 est,
3059 706 3189 775 quia
3237 706 3391 775 prior
3433 722 3521 761 me

1932 801 2068 847 erat.
2117 793 2333 848 Etenim
2384 795 2450 846 de
2505 794 2847 864 plenitudine
2896 797 3019 865 ejus
3061 813 3254 852 omnes
3292 797 3518 867 accepi-

1933 901 2073 940 mus.
2115 905 2132 936 ι
2169 885 2280 941 Nec
2309 897 2467 958 putet
2518 889 2794 958 quispiam
2829 888 3026 943 Joanni
3061 891 3285 960 quidem
3317 897 3370 943 et
3409 904 3518 950 caa-

1933 979 2068 1033 teris
2123 981 2336 1035 sanctis
2388 982 2481 1046 qui
2550 974 2797 1052 tempere
2850 983 3120 1038 adventus
3185 984 3517 1038 exstiterunt

1932 1069 2285 1141 Unigcnitum
2340 1075 2630 1135 excellere.
2680 1076 2866 1144 gloriae
2908 1083 3092 1130 tamen
3128 1084 3374 1130 veterum
3417 1091 3513 1130 ce-

1931 1162 2079 1228 dere,
2115 1164 2208 1232 qui
2247 1173 2372 1218 ante
2405 1165 2676 1224 adventus
2713 1174 2959 1236 tempora
2997 1167 3298 1222 sanctitate
3332 1165 3514 1236 fulge-

1931 1255 2061 1308 bant
2097 1275 2108 1310 :
2153 1257 2361 1311 videbit
2411 1260 2555 1312 enim
2589 1259 2812 1316 Christo
2847 1260 3002 1328 longe
3034 1259 3353 1314 inferiorem
3385 1274 3514 1314 esse

1929 1347 2149 1419 Moysen
2169 1389 2183 1413 ,
2214 1351 2392 1418 inquit
2420 1394 2432 1416 ,
2473 1353 2598 1405 licet
2631 1369 2820 1407 eorum
2854 1355 3272 1424 comparatione
3301 1353 3512 1408 sancti-

1932 1450 2039 1494 tate
2092 1444 2479 1511 prsecellucrit.
2521 1445 2638 1499 Sibi
2694 1448 2838 1500 enim
2895 1463 3004 1516 pra.-
3064 1447 3283 1501 caeteris
3315 1453 3506 1500 notum

1929 1549 2050 1588 esse
2087 1535 2204 1604 ipse
2239 1536 2415 1606 legum
2445 1546 2638 1591 auctor
2680 1538 2829 1592 clare
2860 1538 3229 1593 conﬁrmavit.
3266 1537 3510 1598 Joannes

1928 1640 2056 1693 ergo
2091 1640 2191 1678 suo
2232 1626 2349 1694 ipse
2388 1628 2709 1681 testimonio
2741 1626 3038 1697 probavit,
3079 1644 3138 1682 se
3169 1627 3292 1681 Filii
3331 1628 3509 1698 gloria

1929 1716 2088 1783 longe
2119 1718 2393 1770 minorem
2439 1735 2581 1772 esse.
2613 1719 2768 1772 Cedit
2804 1729 2987 1774 autem
3034 1721 3153 1788 ejus
3193 1720 3507 1789 splendori,

1931 1825 2028 1862 nec
2061 1826 2123 1864 ea
2176 1811 2243 1864 de
2291 1826 2349 1865 re
2397 1812 2711 1883 ambigendi
2753 1813 2933 1868 locum
2975 1813 3271 1882 relinquit,
3326 1820 3420 1867 aut
3454 1813 3510 1868 iu

1926 1903 2290 1970 quaestionem
2344 1905 2603 1956 vet-andae
2652 1907 2921 1959 veritatis.
2961 1905 3118 1960 Unde
3151 1921 3282 1976 ergo
3326 1905 3508 1976 ipsum

1932 2013 2152 2066 quoque
2193 2012 2479 2051 sacrorum
2508 1999 2811 2051 antistitem
2845 1997 3065 2068 Moysen
3100 1999 3510 2067 coinpericmus

1924 2088 2246 2142 inferiorem
2277 2105 2398 2143 esse
2440 2090 2644 2143 Christi
2688 2091 2906 2158 gloria?
2937 2089 3259 2155 Examinet,
3291 2094 3506 2163 inquit,

1925 2180 2244 2241 studiosus,
2293 2181 2476 2234 datam
2547 2180 2704 2234 nobis
2750 2197 2848 2250 per
2895 2181 3232 2240 Salvatorem
3278 2184 3502 2251 gratiam

1924 2271 2298 2340 evangelicum
2325 2310 2337 2331 ,
2373 2286 2607 2339 eamque
2656 2288 2781 2324 eum
2837 2273 2994 2342 legali
3042 2275 3220 2344 gratia
3256 2273 3510 2335 conferat

1925 2378 2045 2432 (inae
2077 2378 2176 2432 per
2204 2362 2426 2434 Moysen
2462 2365 2621 2418 nobis
2660 2372 2744 2420 est
2778 2365 3002 2419 tradita.
3027 2366 3182 2420 Tunc
3209 2367 3358 2421 enim
3388 2382 3509 2422 cer-

1931 2465 1981 2509 te
2044 2456 2283 2518 videbit,
2335 2466 2488 2510 tanto
2548 2459 2990 2526 praestantiorem
3067 2475 3192 2516 esse
3264 2458 3504 2530 Filium,

1923 2558 2132 2617 quanto
2206 2549 2364 2619 legali
2444 2549 2738 2620 disciplina
2811 2552 3055 2620 potiores
3141 2551 3510 2622 Mosaicisque

1924 2643 2213 2712 ptmceplis
2254 2643 2510 2696 meliores
2550 2643 2698 2712 leges
2733 2643 2879 2698 ferre
2926 2644 3291 2712 conspicitur.
3349 2645 3506 2717 102

1932 2755 1947 2786 ι
1989 2735 2097 2788 Lex
2134 2736 2278 2789 enim
2304 2776 2318 2800 ,
2346 2735 2568 2804 inquit,
2605 2752 2700 2804 per
2736 2736 2953 2806 Moysen
2987 2737 3115 2790 data
3159 2746 3273 2800 cst,
3327 2740 3506 2804 gratia

1923 2835 1975 2880 ct
2018 2829 2222 2881 veritas
2265 2842 2361 2896 per
2392 2824 2580 2880 Jcsutn
2618 2825 2903 2882 Christum
2941 2828 3083 2880 facta
3109 2837 3214 2882 est.
3256 2847 3273 2878 ι
3317 2828 3506 2896 Quatt-

1924 2929 2034 2971 tum
2070 2919 2237 2988 igitur
2262 2920 2482 2974 intersit
2519 2920 2663 2973 inter
2695 2919 2870 2987 legem
2895 2961 2908 2983 ,
2942 2927 2997 2972 et
3047 2917 3111 2972 Sr
3151 2919 3356 2975 ratoris
3379 2935 3507 2990 gra-

1925 3012 2088 3071 tiam,
2135 3011 2406 3083 spectabit
2457 3027 2654 3066 rursus
2688 3011 2943 3080 quisquis
2978 3020 3082 3064 er.t
3139 3011 3376 3068 liscendi
3407 3029 3504 3066 cu-

1924 3103 2104 3173 pidus,
2129 3113 2182 3156 et
2202 3104 2464 3156 sudorum
2491 3103 2760 3157 bonorum
2779 3105 2987 3158 socius.
3004 3103 3188 3160 Pauca
3206 3122 3336 3160 vero
3354 3107 3507 3162 dice-

1929 3213 2049 3251 mus
2070 3214 2099 3250 e
2129 3197 2315 3250 multis
2347 3196 2438 3265 qui
2469 3183 2741 3252 inﬁnitum
2767 3211 2818 3251 et
2851 3198 3070 3268 longum
3100 3215 3163 3253 ea
3196 3199 3263 3254 de
3287 3215 3344 3254 re
3373 3215 3505 3254 con-

1926 3292 2340 3358 teinplationum
2367 3306 2661 3346 numerum
2684 3307 2806 3350 esse
2827 3291 3128 3346 credimus.
3156 3292 3325 3362 Igitur
3353 3311 3372 3344 ι
3395 3292 3502 3356 Lex

1922 3384 2144 3452 quidem
2169 3383 2451 3437 damnavit
2484 3383 2750 3438 mundum
2783 3384 3101 3455 (conclusit
3153 3387 3300 3438 enim
3359 3385 3503 3449 Deus

1922 3477 2106 3529 ninnia
2165 3491 2259 3544 per
2314 3477 2490 3544 ipsam
2546 3475 2650 3529 sub
2684 3483 2936 3543 peccato,
2965 3494 2981 3523 ι
3021 3482 3080 3528 ιιι
3115 3476 3312 3529 scribit
3358 3475 3502 3528 Pau-

1924 3571 2005 3622 Ias
2045 3571 2112 3636 δε)
2142 3577 2194 3623 et
2241 3583 2342 3621 nos
2377 3581 2554 3636 poena:
2589 3565 2858 3624 obnoxios
2896 3581 3021 3622 esse
3055 3568 3328 3636 ostendit;
3380 3567 3504 3622 Sal-

1924 3668 2078 3712 valor
2111 3670 2292 3712 autem
2330 3659 2449 3727 ipse
2482 3672 2580 3712 nos
2632 3657 2814 3725 potius
2863 3657 3059 3710 liberat
3092 3676 3105 3711 :
3144 3677 3161 3708 ι
3203 3656 3318 3712 Non
3351 3659 3497 3714 enim

1921 3751 2067 3803 venit
2098 3760 2157 3802 ut
2186 3749 2397 3816 ju-licet
2445 3747 2750 3812 mundum,
2797 3748 2894 3802 sed
2942 3758 3002 3802 ut
3045 3750 3287 3803 salvetur
3340 3766 3504 3804 mttu-

1919 3843 2022 3897 dus
2043 3844 2108 3894 6“.
2145 3861 2163 3892 ι
2219 3841 2430 3895 Deinde
2477 3840 2562 3894 lex
2619 3841 2850 3910 gratiam
2909 3855 3128 3912 quaque
3183 3841 3500 3896 hominibus

1920 3934 2121 4000 dabat,
2164 3933 2226 3987 ad
2265 3933 2604 4003 agnitionem
2654 3934 2748 3987 Dei
2794 3933 2985 4002 utique
3014 3934 3139 3987 illos
3171 3949 3408 3998 vocans,
3446 3942 3502 3988 et

1918 4029 1986 4080 ab
2022 4027 2300 4080 idolorum
2334 4025 2487 4080 cultu
2527 4033 2778 4079 errantes
2813 4023 3091 4089 edocens,
3127 4024 3342 4094 etquid
3375 4041 3500 4096 pra-

1917 4134 2042 4172 vum
2079 4118 2281 4187 quidve
2308 4117 2512 4171 bonum
2543 4124 2693 4171 esset
2723 4116 2987 4181 edocens,
3019 4117 3066 4171 si
3098 4131 3205 4170 non
3233 4117 3496 4191 perfecte,

1917 4222 1972 4266 at
2005 4210 2285 4283 paedagogi
2326 4224 2502 4272 more,
2528 4219 2582 4264 et
2615 4224 2741 4263 cum
2775 4209 2983 4263 fructu.
3045 4209 3268 4264 Veritas
3284 4219 3339 4265 et
3368 4227 3498 4282 gra-

1915 4304 1991 4357 tia
2047 4318 2143 4371 per
2197 4299 2556 4370 Unigenitum
2612 4313 2723 4351 non
2774 4299 2830 4352 in
2887 4298 3029 4369 typis
3067 4300 3274 4355 bonum
3336 4303 3500 4358 nobis

1917 4393 2210 4466 proponit,
2263 4405 2441 4458 neque
2493 4404 2589 4456 per
2637 4388 2887 4442 umbram
2925 4403 3014 4442 res
3054 4389 3306 4444 salubres
3335 4391 3499 4447 nobis

1917 4485 2216 4556 imprimit,
2265 4481 2362 4537 sed
2413 4481 2583 4535 claris
2623 4480 2941 4549 apertisque
2993 4480 3304 4549 praeceptis,
3343 4490 3401 4537 et
3428 4484 3497 4536 ad

1917 4573 2213 4647 perfectam
2249 4570 2372 4624 ﬁdei
2407 4568 2780 4637 cognitionem
2812 4567 3052 4622 deducit.
3084 4568 3193 4623 Lex
3237 4572 3496 4640 spiritum

1918 4664 2202 4721 servitutis
2225 4662 2394 4716 dabat
2417 4660 2482 4713 ad
2510 4659 2881 4714 formidinem.
2902 4661 3164 4716 Christus
3200 4677 3334 4717 vero
3378 4665 3496 4734 spi-

1916 4762 2080 4813 ritum
2146 4755 2459 4825 adoptionis
2519 4755 2756 4808 liliorum
2811 4751 2867 4806 in
2935 4752 3327 4808 libertatem".
3382 4753 3496 4810 Lex

1916 4850 2404 4906 eireumeisionem
2483 4846 2670 4900 carnis
2722 4859 2845 4913 qua:
2904 4844 3038 4897 nihil
3101 4852 3216 4908 est,
3277 4845 3496 4902 inducit

1915 4942 2303 5014 (circumcisio
2331 4939 2478 4994 enim
2503 4937 2642 4994 nihil
2671 4944 2789 4999 est,
2816 4943 2875 4990 ιιι
2901 4936 3104 4990 alicubi
3133 4937 3332 4992 scribit
3350 4938 3497 4993 Pau-

1915 5038 2004 5090 lus
2029 5035 2073 5066 ⁸⁸
2093 5036 2132 5103 ).
2163 5033 2426 5087 Dominus
2449 5037 2632 5084 autem
2670 5039 2857 5083 noster
2893 5027 3054 5084 Jesus
3081 5027 3340 5084 Christus
3377 5031 3498 5102 spi-

1915 5129 2056 5183 ritus
2085 5135 2138 5181 et
2166 5124 2353 5178 cordis
2377 5120 2866 5176 circumcisionem
2888 5135 2990 5189 per
3017 5121 3177 5175 [idem
3205 5122 3493 5178 conciliat.

1915 5221 2025 5277 Lex
2066 5232 2208 5287 aqua
2238 5216 2354 5270 sola
2381 5212 2630 5282 baptizat
2657 5213 2981 5285 inquinatos
3011 5228 3026 5266 :
3069 5210 3346 5283 Salvator,
3378 5235 3402 5268 ι
3437 5217 3493 5271 in

1918 5312 2122 5382 Spiritu
2171 5315 2363 5364 sancto
2391 5316 2446 5362 et
2475 5308 2601 5379 igne
2627 5307 2694 5360 ⁶⁹.
2727 5326 2746 5358 ι
2785 5306 2894 5360 Lex
2930 5307 2986 5360 in
3012 5309 3295 5377 exemplar
3333 5323 3493 5363 vero-

1915 5418 2038 5458 rum
2091 5399 2506 5455 tabernaculum
2559 5396 2819 5468 proponit
2856 5413 2869 5447 :
2910 5394 3163 5453 Salvator
3203 5397 3260 5451 in
3309 5397 3489 5468 ipsum

1915 5498 2116 5552 caelum
2157 5493 2458 5555 transfert,
2508 5499 2564 5546 et
2595 5492 2648 5545 in
2697 5490 2881 5544 verius
2932 5487 3352 5547 tabernaculum
3406 5495 3492 5548 in-

1915 5585 2188 5648 troducit,
2246 5583 2395 5653 quod
2447 5580 2641 5636 statuit
2699 5579 2995 5648 Dominus,
3052 5593 3166 5635 non
3223 5581 3489 5640 homo".

1918 5678 2131 5744 Quibus
2163 5676 2423 5732 omnibus
2449 5673 2754 5745 probandis
2778 5673 3002 5730 diﬂicile
3028 5688 3138 5730 non
3161 5681 3308 5732 esset
3342 5688 3492 5732 COII)‘.

1898 5823 1939 5853 ⁸⁷
1983 5820 2138 5876 Rom.
2174 5832 2295 5884 vni,
2331 5817 2512 5874 lii-2|.
2598 5817 2642 5849 ⁸⁸
2688 5816 2862 5873 lCor.
2908 5831 3006 5883 vn,
3057 5815 3142 5872 l9.
3226 5815 3270 5848 ”
3299 5814 3493 5887 -Μιιιιιι,
