4222 6510
244 431 343 483 ΠἸ

1324 437 1389 492 IN
1424 438 1709 494 JOANNIS
1731 438 2181 498 EVANGELLUM
2225 444 2351 502 LIB.
2384 444 2416 497 l.

3394 456 3494 511 1.73

240 546 423 617 κύκλῳ
452 546 638 609 αὑτοῦ,
672 547 732 611 ἒξ
760 548 1027 619 πτέρυγες
1066 550 1143 620 τῷ
1172 552 1273 615 ἑνὶ,
1324 555 1414 605 καὶ
1450 554 1508 617 ἓξ
1548 556 1782 625 πτέρυγε

1875 571 1891 615 t
1924 560 2040 625 uni,
2066 568 2120 615 et
2148 576 2240 615 sex
2264 561 2365 615 alte
2397 562 2587 617 alteri:
2615 570 2662 615 et
2696 563 2913 619 duabus
2954 565 3175 635 quidem
3228 569 3387 642 164,
3409 587 3497 626 ve-

238 639 425 706 :fjévl,
446 641 538 691 καὶ
563 642 681 703 ταῖς
706 641 803 711 μὲν
826 640 946 694 δυσὶ
972 644 1239 697 κατεκάλυ
1250 662 1378 697 πτον
1409 648 1467 697 τὸ
1503 648 1808 716 πρόσωπον,

237 730 329 782 καὶ
370 734 490 793 ταῖς
530 732 646 783 δυσὶ
685 732 1091 785 κατεκάλυπτον
1139 738 1263 797 τοὺς
1313 736 1511 800 πόδας,
1558 737 1649 789 καὶ
1694 742 1812 800 ταῖς

233 819 382 873 δυσὶν
407 822 665 874 ὲπέταντο
702 823 793 876 καὶ
813 823 1113 893 ἐκέκραγον
1136 825 1321 895 ἔτερος
1344 828 1477 896 πρὸς
1501 828 1588 878 τὸν
1604 828 1687 878 Et:
1697 844 1806 895 ρον,

233 912 325 963 καὶ
382 912 564 980 ἔλεγον
588 932 599 943 ·
635 915 844 983 Ἀγιος,
877 916 1029 982 ἅγιος
1050 955 1065 978 ,
1103 916 1258 983 ἆγιος
1313 917 1519 983 Κύέοος
1544 918 1770 970 Σαϐαὼθ
1792 959 1805 981 ,

233 1001 443 1073 πλήρης
485 1008 631 1058 πᾶσα
668 1008 700 1075 ἠ
748 1006 818 1074 γῆ
854 1007 951 1076 τῆς
994 1007 1151 1077 δόξης
1181 1006 1368 1061 αὑτοῦ.
1408 1027 1425 1059 ι
1472 1008 1724 1079 Ἰεζεχιὴλ
1755 1010 1807 1061 δὲ

230 1091 392 1145 πάλιν
442 1093 739 1165 διαρρήδην
778 1096 907 1165 ἡμῖν
946 1095 1519 1166 ἁνακεκραγότος,⁴6τι
1550 1098 1643 1149 καὶ
1686 1098 1809 1151 θεα-

230 1198 388 1234 σαιτο
422 1182 490 1235 τὰ
537 1184 822 1255 χερουϐὶμ,
856 1184 1138 1255 στερέωμα
1172 1186 1270 1254 μὲν
1314 1185 1388 1249 ὡς
1415 1188 1472 1239 ὲν
1510 1187 1638 1239 εῖδει
1666 1205 1805 1239 σαπ-

229 1269 419 1340 φείρου
454 1276 574 1334 ταῖς
615 1272 843 1337 οἰκείαις
876 1275 1254 1345 ἐπηρτημένον
1294 1274 1485 1344 ἔχοντα
1520 1276 1803 1344 κεφαλαίς’

225 1362 318 1412 ἐπὶ
355 1362 545 1431 θρόνου
573 1363 631 1417 δὲ
662 1363 864 1434 ὁμοίως
888 1364 979 1417 τὸν
1010 1364 1211 1435 Κύριον
1236 1365 1492 1419 Σαϐαώθ’
1518 1366 1667 1434 λέγει
1698 1370 1805 1436 γὰρ

223 1453 311 1505 ἐπ’
344 1453 514 1523 αὑτῆς
544 1453 687 1507 οὑτω
713 1456 814 1525 τῆς
850 1456 1066 1520 λέξεως
1092 1458 1186 1509 καὶ
1222 1475 1239 1507 ι
1291 1457 1443 1520 Ἰδοὺ,
1467 1459 1622 1527 φησὶ,
1653 1459 1805 1529 φωνὴ

224 1544 364 1614 ὑπὲρ
391 1544 593 1597 ἄνωθεν
609 1545 701 1599 τοῦ
722 1547 1098 1617 στερεώματος
1119 1547 1213 1600 τοῦ
1231 1547 1383 1610 ὄντος
1406 1549 1547 1618 ὑπὲρ
1563 1550 1803 1619 κεφαλῆς

219 1634 422 1699 αὐτῶν,
455 1636 530 1699 ὡς
567 1637 756 1708 ὅρασις
790 1637 940 1691 λίθου
975 1640 1279 1709 σαπφείρου
1310 1640 1562 1710 ὁμοίωμα
1608 1640 1801 1709 θρόνου

218 1724 308 1777 ἐπ’
365 1726 551 1793 αὑτοῦ,
625 1728 719 1780 καὶ
766 1730 859 1782 ἐπὶ
912 1730 1006 1783 τοῦ
1066 1731 1411 1801 ὁμοιώματος
1460 1732 1553 1785 τοῦ
1610 1732 1800 1802 θρόνου

215 1819 473 1887 ὁμοίωμα
506 1820 580 1883 ὡς
627 1817 766 1884 εἶδος
800 1822 1087 1892 ἀνθρώπου
1134 1823 1359 1885 ἄνωθεν,
1402 1825 1498 1877 καὶ
1542 1818 1681 1877 εἶδον
1725 1824 1801 1886 ὡς

214 1909 343 1978 δψιν
373 1911 639 1983 ἠλέκτρου
680 1913 787 1965 ἀπὸ
828 1889 1070 1983 ὁράσεως
1106 1914 1304 1984 ὀσφύος
1330 1916 1424 1967 καὶ
1470 1915 1672 1973 ἐπάνω.
1708 1916 1801 1967 καὶ
1835 1889 1877 1943 Β

214 2003 325 2056 ἀπὸ
363 2005 603 2074 ὁράσεως
650 2004 850 2073 ὀσφύος
904 2009 997 2059 καὶ
1045 2006 1149 2069 ἕως
1199 2006 1369 2071 κάτω,
1407 2007 1501 2059 καὶ
1550 2002 1689 2059 εἶδον
1724 2008 1799 2070 ὡς

213 2098 409 2168 ὅρασιν
440 2115 510 2149 πυ
521 2098 630 2166 ρδς,
663 2099 835 2151 καὶτὸ
861 2098 1062 2167 φέγγος
1094 2097 1260 2151 αὑτοῦ
1292 2098 1474 2167 κύκλῳ
1505 2098 1579 2161 ὡς
1609 2101 1797 2170 ὅρασις

212 2190 396 2256 τόξου9
428 2192 554 2244 ὅταν
657 2194 713 2245 ἐν
731 2193 795 2261 τῇ
829 2190 1030 2260 νεφέλῃ
1067 2194 1122 2242 ὲν
1144 2190 1379 2259 ἡμέραις
1402 2189 1580 2253 ὑετοῦ,
1626 2190 1798 2253 οὕτως

210 2282 246 2349 ἡ
287 2282 480 2350 ὅρασις
523 2280 617 2332 τοῦ
662 2281 897 2349 φέγγους
945 2280 1224 2334 κυκλόθεν.
1278 2301 1295 2331 ι
1352 2280 1497 2347 Δὺτη
1542 2283 1572 2349 ἡ
1608 2282 1797 2350 ὅρασις

209 2371 556 2441 ὁέιοιώματος
585 2371 740 2441 δόξης
779 2372 1004 2442 Κυρίου.
1024 2371 1232 2424 Οὐκοῦν
1260 2372 1562 2443 ἐπειδήπερ
1580 2372 1797 2431 ἐλπίδος

208 2461 279 2532 ἦν
308 2464 371 2516 οὑ
406 2465 648 2534 μακράν,
688 2464 913 2517 τοιαῦτά
941 2462 1137 2534 τιναῘς]
1167 2465 1300 2535 πρὸς
1339 2466 1488 2533 ἡμᾶς
1510 2466 1656 2534 ἐρεῖν
1689 2465 1796 2515 τῶν

208 2556 624 2627 ἀμαθεστέρων,
665 2556 977 2623 ἀναγκαίως
1028 2558 1055 2608 ό
1104 2556 1371 2627 μακάριος
1407 2557 1795 2625 εὑαγγελιστὴς

205 2648 541 2699 ἀνακόπτειν
576 2647 755 2699 αὐτῶν
778 2648 875 2710 τὰς
910 2649 1572 2719 ὲπιχειρήσειςὲπείγεται
1598 2648 1789 2715 λέγων·

212 2756 233 2785 ι
278 2738 412 2790 Θεὸν
438 2738 609 2802 οὐδεὶς
640 2738 855 2808 ἑώρακε
890 2737 1134 2791 πώποτε·
1170 2758 1188 2790 ι
1233 2740 1395 2800 αὑτὸς
1419 2739 1526 2809 γὰρ
1563 2738 1637 2791 ὢν
1661 2739 1793 2802 Θεὸς

203 2830 236 2881 ὁ
268 2831 602 2899 Μονογενὴς,
649 2833 705 2882 ὲν
748 2831 970 2892 κόλποις
998 2829 1073 2882 ὢν
1118 2831 1212 2882 τοῦ
1248 2830 1383 2883 Θεοῦ
1427 2832 1520 2883 καὶ
1558 2833 1791 2902 Πατρὸς,

202 2919 415 2989 ταύτην
448 2920 584 2989 πρὸς
606 2921 754 2990 ἡμᾶς
784 2922 1076 2990 ἐποιήσατο
1112 2919 1211 2989 τὴν
1232 2921 1509 2989 ἐξήγησιν,
1536 2921 1671 2989 πρὸς
1697 2922 1794 2990 μὲν

202 3012 303 3065 τὸν
332 3013 653 3081 ἱεροφάντην
678 3012 879 3065 Μωσέα
911 3013 1219 3080 σαφέστατα
1250 3012 1368 3065 λίαν
1393 3012 1583 3065 εἰπών’
1623 3032 1641 3062 ι
1671 3014 1792 3065 Ὅτι

201 3100 388 3162 οὐδεὶς
434 3100 622 3167 ιψεται
655 3099 715 3151 τὸ
748 3100 1057 3170 πρόσωπον,
1100 3102 1194 3153 καὶ
1227 3101 1469 3171 ζήσεταιο
1508 3121 1525 3152 ι
1565 3101 1696 3171 πρὸς
1735 3102 1791 3155 δέ

1917 650 2106 705 labant
2140 653 2358 715 faciem,
2384 664 2437 709 et
2465 656 2677 712 duabus
2698 660 2951 715 velabant
2977 663 3162 732 pedes,
3194 674 3247 719 et
3278 666 3496 725 duabus

1914 743 2194 798 volabant.
2231 744 2293 797 Et
2329 747 2638 802 clamabant
2663 750 2799 804 alter
2840 752 2905 805 ad
2942 754 3215 819 alterum,
3247 772 3311 810 ac
3342 758 3495 814 dice-

1915 835 2081 889 bant:
2111 835 2371 901 Sanctus,
2394 848 2644 903 sanctus,
2673 854 2899 899 sant-tus
2933 844 3197 903 Dominus
3233 849 3488 906 sabaoth.

1914 924 2080 979 Plena
2116 935 2199 982 est
2241 930 2420 984 onmis
2463 941 2604 985 terra
2655 934 2824 1002 gloria
2860 937 2982 1004 ejus
3010 937 3076 989 ⁷⁸.
3119 957 3138 989 ι
3166 938 3301 993 Cum
3358 943 3490 997 item

1910 1016 2163 1075 Ezechiel
2218 1021 2395 1089 palam
2452 1024 2712 1092 praedicet
2752 1041 2812 1080 se
2863 1035 3144 1097 speet-asse
3199 1032 3489 1088 cherubim

1913 1109 2319 1166 ﬁrmamentum
2358 1115 2537 1168 instar
2577 1117 2824 1187 sapphiri
2874 1120 3170 1178 imminens
3213 1125 3490 1194 capitibus

1911 1203 2028 1257 suis
2046 1203 2323 1267 habentia,
2352 1208 2403 1260 in
2426 1211 2626 1263 throno
2652 1225 2779 1264 vero
2801 1211 3053 1267 similiter
3080 1214 3366 1271 Dominum
3393 1233 3483 1272 sa-

1910 1291 2093 1350 baotb.
2129 1297 2217 1348 Ait
2234 1298 2377 1352 enim
2418 1299 2503 1354 his
2531 1302 2715 1357 verbis
2742 1318 2753 1351 :
2786 1322 2803 1352 ι
2842 1302 3002 1371 Ecce,
3034 1323 3050 1355 ι
3079 1305 3293 1376 inquit,
3321 1328 3337 1359 ‹
3369 1308 3485 1363 Vox

1908 1384 2048 1455 facta
2075 1394 2158 1440 est
2184 1388 2423 1457 desuper
2453 1388 2795 1445 ﬁrmamento
2818 1394 2961 1461 quod
2983 1404 3103 1448 erat
3134 1411 3300 1465 super
3322 1407 3489 1467 caput

1907 1489 2100 1528 eorum
2126 1518 2138 1541 ,
2164 1479 2322 1547 quasi
2359 1487 2615 1548 aspectus
2642 1481 2838 1550 lapidis
2867 1486 3111 1554 sapphiri
3132 1525 3146 1549 ,
3181 1487 3486 1541 similitudo

1908 1567 2089 1619 throni
2118 1584 2287 1638 super
2314 1570 2446 1623 illud
2480 1588 2493 1623 :
2527 1578 2581 1625 et
2621 1587 2788 1640 super
2830 1573 3246 1631 simiiitudinem
3298 1579 3482 1633 throni

1907 1660 2214 1714 similitudo
2250 1662 2410 1730 quasi
2442 1662 2656 1731 species
2703 1664 2945 1720 hominis
2972 1666 3228 1735 desuper.
3274 1667 3339 1725 Et
3370 1669 3479 1723 vidi

1906 1754 2061 1820 quasi
2098 1765 2379 1823 aspectum
2409 1756 2602 1809 electri
2640 1771 2667 1807 a
2712 1757 2925 1812 visione
2968 1757 3136 1813 lumbi
3170 1769 3222 1811 et
3275 1773 3478 1828 supra:

1904 1852 1957 1896 et
1997 1861 2025 1897 a
2060 1847 2270 1899 visione
2295 1846 2464 1899 lumbi
2494 1854 2548 1901 et
2582 1863 2757 1915 usque
2786 1848 3045 1904 deorsum
3074 1849 3183 1901 vidi
3210 1849 3479 1905 visionem

1907 1935 2080 2004 ignis,
2133 1943 2187 1989 et
2237 1936 2504 2005 splendor
2550 1938 2669 2005 ejus
2727 1938 2780 1990 in
2836 1937 3092 1991 circuitu.
3124 1938 3283 1994 Velut
3337 1939 3479 1995 visio

1902 2043 2093 2091 arcus,
2122 2043 2247 2081 cum
2284 2028 2448 2083 fuerit
2483 2030 2534 2082 in
2569 2029 2740 2093 nube,
2783 2031 2837 2084 in
2868 2031 2956 2086 die
2987 2032 3201 2101 pluviae,
3240 2033 3327 2086 hic
3358 2041 3478 2088 erat

1901 2127 2155 2187 aspectus
2198 2121 2509 2189 splendoris
2540 2136 2639 2190 per
2670 2136 2861 2192 gyrum
2890 2124 2956 2175 ⁷⁵.
2985 2139 3003 2173 ι
3039 2142 3056 2173 ι
3081 2122 3207 2178 Haec
3232 2124 3372 2178 visio
3403 2124 3477 2178 si-

1899 2210 2221 2265 militudinis
2240 2211 2425 2281 gloria:
2449 2211 2751 2265 Dornini”'.
2779 2231 2795 2264 ι
2816 2212 3005 2281 Igitur,
3022 2228 3144 2267 cum
3166 2214 3476 2270 istiusmodi

1898 2302 2147 2368 quaedam
2204 2303 2364 2358 nobis
2411 2304 2479 2357 ah
2535 2304 2810 2372 imperitis
2843 2305 3026 2358 statim
3087 2305 3359 2373 objectum
3408 2306 3475 2359 iri

1900 2394 2089 2448 beatus
2139 2395 2477 2464 evangelista
2514 2395 2626 2463 jam
2665 2404 2779 2447 tum
2818 2396 3003 2449 animo
3042 2405 3096 2449 et
3146 2396 3479 2466 cogitatione

1899 2487 2222 2555 perciperet,
2276 2486 2341 2538 ad
2389 2502 2579 2540 eorum
2613 2495 2844 2541 conatus
2878 2487 3253 2541 retundendos
3287 2503 3477 2558 aggre—

1897 2578 2066 2639 ditur,
2110 2578 2341 2632 dicens:
2378 2597 2394 2628 ι
2431 2576 2597 2631 Deum
2637 2593 2799 2630 nemo
2831 2577 2964 2631 vidit
2999 2594 3259 2647 unquam.
3301 2598 3319 2629 ι
3358 2578 3478 2648 Ipse

1895 2670 2037 2721 enim
2086 2681 2207 2720 cum
2264 2667 2337 2721 sit
2388 2666 2533 2722 Deus
2580 2666 2942 2738 Unigenitus,
2978 2668 3072 2737 qui
3113 2676 3196 2721 est
3248 2670 3300 2722 in
3349 2668 3474 2724 sinu

1896 2756 1986 2811 Dei
2021 2773 2084 2811 ac
2120 2758 2323 2823 Patris,
2353 2760 2499 2812 istud
2539 2760 2695 2814 nobis
2740 2761 3016 2813 enarravit
3052 2776 3064 2811 :
3097 2762 3189 2830 qui
3222 2762 3289 2815 ad
3332 2762 3474 2833 Moy-

1897 2863 2009 2901 scm
2044 2848 2391 2918 apertissime
2416 2848 2557 2901 dixit
2585 2866 2595 2897 :
2628 2868 2643 2897 ι
2675 2847 2813 2914 Quia
2848 2864 3007 2904 nemo
3035 2849 3134 2904 vid
3165 2852 3240 2904 ait
3278 2850 3472 2905 faciem

1895 2941 2047 3009 ejus,
2096 2952 2148 2995 et
2196 2942 2340 2994 vivet
2370 2942 2437 2993 ⁷⁸.
2476 2961 2493 2991 ι
2540 2941 2600 2992 Ει
2653 2942 2717 2995 ad
2769 2958 2901 2995 suos
2949 2943 3078 2996 olim
3140 2942 3466 3011 liscipulos:

1901 3052 1918 3082 ι
1960 3032 2075 3085 Non
2113 3032 2242 3101 quia
2279 3031 2495 3085 Patrem
2553 3032 2681 3085 vidit
2732 3033 3066 3101 quisquam,
3122 3035 3232 3087 nisi
3275 3035 3320 3087 is
3374 3038 3469 3104 qui

1892 3132 1975 3175 est
1999 3138 2026 3174 a
2056 3122 2184 3186 Deo,
2218 3122 2305 3175 hic
2338 3122 2788 3175 viditPatrem".
2826 3140 2842 3172 ι
2890 3121 3002 3176 Soli
3034 3124 3183 3177 enim
3212 3121 3352 3177 Filio
3380 3139 3472 3178 na-

201 3209 274 3259 γε
292 3193 423 3253 τοὺς
443 3190 673 3253 οἰκείους,
709 3192 848 3243 κατὰ
875 3191 1063 3259 καιρὸν
1095 3190 1363 3260 μαθητάς·
1405 3209 1421 3241 ι
1456 3192 1566 3259 Οὑχ
1598 3192 1679 3242 ὅτι
1699 3190 1788 3242 τὸν

1893 3213 2058 3264 turali
2097 3212 2454 3281 aspectabilis
2490 3219 2574 3266 est
2623 3210 2805 3274 Pater,
2841 3227 2907 3265 eo
2940 3213 3100 3266 modo
3129 3228 3238 3281 quo
3272 3221 3470 3266 natura

198 3282 430 3352 Πατέρα
470 3282 680 3352 ἑώρακὲ
708 3300 811 3345 τις,
841 3284 888 3334 εί
920 3283 993 3351 μὴ
1020 3285 1046 3334 ὁ
1068 3281 1141 3334 ὢν
1166 3282 1314 3351 παρὰ
1339 3282 1431 3334 τοῦ
1457 3282 1611 3345 Θεοῦ,
1638 3275 1792 3346 οὗτος

199 3374 422 3446 ἑώρακε
455 3375 543 3428 τὸν
568 3376 837 3444 Πατέρα-ι
887 3375 1029 3444 μόνῳ
1063 3375 1171 3444 γὰρ
1206 3373 1320 3443 Υίῷ
1354 3375 1429 3444 τῷ
1452 3374 1594 3427 κατὰ
1629 3375 1791 3444 φύσιν

198 3467 404 3537 ὁρατὸς
432 3468 460 3518 ό
481 3465 691 3536 Πατὴρ,
722 3465 812 3517 καὶ
833 3464 1023 3527 οὕτως.
1041 3464 1117 3527 ὡς
1134 3465 1197 3517 ἄν
1219 3481 1303 3527 τις
1327 3465 1541 3517 είκάσαι
1565 3464 1791 3533 θεοπρε-

198 3558 328 3620 πτές
360 3558 457 3625 τὴν
486 3555 636 3608 θείαν
667 3557 797 3627 όρᾷν
836 3572 896 3607 τε
934 3556 1026 3607 καὶ
1056 3554 1283 3623 ὁρᾶσθαι
1312 3554 1495 3623 φύσιν,
1540 3556 1709 3625 ἑτέρῳ
1732 3556 1788 3608 δὲ

197 3650 315 3701 τῶν
351 3650 517 3701 ὄντων
550 3648 741 3699 οὐδενί·
785 3646 1133 3715 διαψεὺσεταί
1166 3663 1228 3714 γε
1260 3646 1364 3716 μὴν
1398 3648 1648 3715 οὐδαμῶς
1678 3648 1788 3700 τῶν

199 3742 381 3809 ἁγίων
436 3740 731 3811 προφητῶν
771 3739 998 3806 ὀλόγος,
1056 3739 1357 3808 ἑωρακέναι
1407 3739 1650 3808 βοώντων
1698 3742 1787 3793 τὸν

197 3834 414 3895 Κύριον
449 3831 698 3885 Σαϐαὼθ·
730 3833 789 3883 οὑ
817 3831 925 3901 γὰρ
953 3831 1083 3884 αὑτὸ
1123 3829 1237 3882 κατ’
1271 3830 1457 3882 οὑσίαν
1490 3830 1634 3882 τοῦθ’
1653 3831 1788 3901 ὅπερ

196 3925 422 3993 ἑστὶνή
469 3923 561 3976 τοῦ
602 3922 737 3975 Θεοῦ
794 3922 952 3989 φύσις
1008 3920 1297 3973 τεθεᾶσθαι
1343 3920 1785 3991 διισχυρίζονται,

194 4014 345 4067 ἀλλὰ
383 4014 475 4065 καὶ
506 4012 635 4065 αὑτὸ
654 4011 945 4082 διαρρήδην
982 4010 1252 4063 ἁναϐοῶσι
1281 4009 1553 4076 λέγοντες’
1590 4030 1607 4061 ι
1638 4010 1785 4080 Αὕτη

193 4106 233 4174 ἠ
262 4106 450 4174 ὅρασις
466 4103 806 4172 ὁμοιώματος
834 4101 988 4169 δόξης
1015 4100 1238 4169 Κυρίου.
1275 4120 1292 4151 ι
1317 4100 1527 4152 Οὐκοῦν
1556 4101 1663 4153 ἀπὸ
1680 4101 1786 4154 τῶν

193 4195 328 4250 καθ’
369 4196 514 4264 ἡμᾶς
553 4195 892 4265 πραγμάτων
944 4193 1358 4263 αἰνιγματωδῶς
1405 4192 1466 4244 τὸ
1508 4193 1607 4263 τῆς
1637 4194 1788 4259 θείας

186 4290 365 4357 δόξης
394 4287 757 4361 ἀνεπλάττετο
792 4287 994 4356 σχῆμα,
1027 4286 1121 4338 καὶ
1161 4285 1356 4355 μᾶλλον
1397 4286 1654 4354 ὁμοίωσις
1696 4282 1783 4358 ἦν,

186 4380 278 4441 ὡς
297 4380 356 4430 ὲν
394 4378 577 4430 πίνακι
601 4377 838 4447 φέρουσα
858 4377 1168 4447 θεοπρεπεῖ,
1192 4376 1291 4445 τῆς
1309 4376 1401 4428 ἐπὶ
1416 4376 1625 4440 τούτοις
1657 4379 1787 4448 ἀλη-

185 4471 356 4533 θείας
374 4471 452 4531 είς
476 4471 573 4539 τὴν
591 4470 729 4539 ὑπὲρ
748 4468 871 4521 νοῦν
896 4470 989 4521 καὶ
1018 4468 1175 4535 λόγον
1199 4468 1593 4539 ἀναϐαινούσης
1618 4471 1786 4539 ὑπερ-

1895 3303 2080 3357 divina
2116 3304 2264 3357 cerni
2318 3312 2527 3372 potest,
2575 3312 2628 3356 et
2655 3302 2786 3355 nulli
2847 3312 3042 3371 praater
3083 3320 3208 3358 eum
3261 3306 3465 3358 alteri:

1895 3410 2002 3448 non
2038 3405 2216 3449 tamen
2261 3404 2549 3463 propterea
2584 3396 2765 3447 sancti
2800 3394 3083 3463 propheta:
3111 3397 3470 3457 mentientur,

1891 3486 2018 3538 dum
2059 3501 2118 3540 se
2164 3484 2369 3539 vidisse
2415 3486 2655 3538 clamant
2705 3484 2996 3539 Dominum
3060 3486 3313 3543 sabaotb.
3352 3486 3469 3541 Non

1892 3583 2149 3631 asserunt
2192 3575 2339 3630 enim
2382 3578 2555 3645 ipsam
2587 3591 2646 3631 se
2685 3575 2893 3631 vidisse
2936 3576 3030 3632 Dei
3073 3580 3370 3632 essentiam
3406 3592 3472 3633 ac

1891 3669 2143 3713 naturam
2168 3700 2182 3725 ,
2214 3660 2310 3716 sed
2342 3668 2530 3729 aperte
2563 3660 2615 3713 id
2665 3660 2905 3714 clamant
2941 3678 2956 3715 :
2992 3680 3009 3711 ι
3050 3659 3177 3715 Ηωο
3209 3670 3289 3715 est
3328 3662 3472 3716 visio

1891 3752 2273 3806 similitudinis
2331 3753 2518 3823 gloriae
2581 3752 2793 3806 Domini
2823 3754 2891 3806 ⁷⁸.
2944 3773 2961 3805 ι
3008 3754 3179 3822 Igitur
3225 3770 3254 3807 a
3304 3753 3471 3809 rebus

1889 3841 2148 3895 humanis
2182 3842 2382 3895 divina:
2412 3842 2600 3911 gloria:
2631 3841 2800 3911 ﬁgura
2830 3842 3069 3897 obscure
3103 3842 3467 3907 l‘ormabatur,

1888 3942 2117 4001 eratque
2157 3940 2418 4002 tanquam
2455 3935 2507 3986 in
2540 3934 2727 3986 tabula
2750 3948 3011 4002 expressa
3042 3934 3290 3989 veritatis
3317 3934 3470 3989 simi-

1886 4022 2062 4075 litudo
2102 4022 2260 4089 longe
2311 4022 2452 4074 ultra
2502 4029 2737 4075 mentem
2787 4030 2840 4074 et
2878 4023 3180 4075 orationem
3234 4023 3463 4077 tenden-

1888 4113 1981 4167 tis.
2016 4111 2234 4179 Optime
2268 4125 2401 4179 ergo
2438 4110 2887 4178 sapientissimus
2934 4110 3310 4178 evangelista:
3343 4127 3361 4156 ι
3404 4109 3470 4161 Et

1888 4202 2156 4265 vidimus,
2210 4201 2503 4268 inquiens,
2557 4200 2789 4269 gloriam
2840 4199 2998 4266 ejus,
3030 4200 3261 4268 gloriam
3306 4201 3468 4267 quasi

1891 4290 2170 4362 Unigeniti
2198 4306 2226 4342 a
2263 4289 2424 4343 Patre
2454 4291 2523 4353 ⁷³,
2562 4307 2579 4338 ι
2618 4288 2685 4341 ab
2718 4287 2807 4340 illa
2826 4288 3123 4341 eminentia
3159 4299 3265 4357 qua
3305 4287 3467 4341 Chri-

1890 4392 2010 4439 stus
2070 4390 2271 4436 cuneta
2336 4387 2595 4449 superat,
2654 4378 2868 4432 dictum
2927 4393 3088 4433 suum
3151 4376 3465 4434 conﬁrmat.

1892 4471 2361 4539 Quemadmodum
2408 4476 2550 4525 enim
2587 4476 3014 4524 acreaturarum
3054 4466 3465 4537 pulchritudine

180 4563 356 4631 οχήν.
381 4562 610 4629 Ἀριστα
630 4560 695 4630 δὴ
720 4555 811 4613 οὖν
830 4562 858 4612 ὁ
880 4559 1187 4627 σοφώτατος
1208 4559 1615 4631 εὑαγγελιστὴς,
1642 4562 1781 4614 «Kal.

1888 4563 2134 4617 auctoris
2167 4576 2348 4616 rerum
2376 4563 2621 4614 omnium
2641 4560 2814 4611 virtus
2837 4561 3191 4627 proportione
3223 4556 3464 4625 quadam

181 4651 565 4721 ἐθεασάμεθα,
583 4651 776 4719 λέγων,
795 4651 892 4721 τὴν
910 4649 1063 4713 δόξαν
1080 4649 1270 4714 αὑτοῦ,
1283 4650 1439 4714 δόξαν
1452 4650 1526 4712 ὡς
1543 4651 1751 4718 Μονογε
1765 4682 1781 4693 -

178 4744 323 4806 νοῦς
352 4743 501 4814 παρὰ
541 4742 767 4812 Πατρὸς,
795 4762 812 4793 ι
842 4742 948 4794 ἀπὸ
964 4743 1061 4811 τῆς
1089 4742 1229 4794 κατὰ
1260 4743 1474 4795 πάντων
1505 4743 1778 4814 ὑπεροχῆς

176 4835 441 4905 εἰσφέρει
466 4834 556 4886 τοῦ
584 4834 755 4902 Λόγου
785 4834 881 4903 τὴν
908 4832 1194 4896 ἀπόδειξιν.
1223 4833 1430 4903 Ὄνπερ
1453 4834 1559 4904 γὰρ
1576 4835 1777 4904 τρόπον

176 4927 303 4981 ἀπὸ
321 4926 586 4994 καλλονῆς
598 4925 909 4994 κτισμάτων
925 4924 1247 4993 ἀναλόγωςὴ
1267 4922 1359 4976 τοῦ
1379 4924 1593 4977 πάντων
1622 4941 1779 4991 γενε-

179 5016 457 5086 σιουργοῦ
479 5016 1027 5087 θεωρεῖταιδύναμις·
1060 5016 1153 5067 καὶ
1170 5016 1480 5085 διηγοῦνται
1510 5017 1607 5086 μὲν
1621 5017 1772 5083 ἀφώ-

175 5126 299 5171 νως
316 5108 367 5160 ol
387 5106 605 5175 οὑρανοὶ
631 5106 786 5170 δόξαν
812 5106 966 5171 Θεοῦ,
1002 5105 1217 5174 ποίησιν
1245 5106 1301 5159 δὲ
1334 5124 1352 5156 ι
1378 5106 1576 5175 χειρῶν
1607 5108 1770 5162 αὑτοῦ

172 5198 589 5267 ἀναγγέλλειτὸ
610 5198 915 5267 στερέωμαε
939 5215 957 5247 ι
986 5194 1128 5249 οὑτω
1144 5196 1303 5250 πάλιν
1323 5198 1560 5267 ἀμείνων
1576 5201 1632 5251 ὲν
1647 5199 1771 5271 δόξῃ

172 5294 282 5345 καὶ
328 5289 705 5360 λαμπρότερος
736 5289 1102 5359 ὁΜονογενὴς
1156 5289 1629 5360 ἀναδειχθήσεται,
1674 5292 1773 5360 τὴν

174 5386 291 5452 μὲν
319 5422 335 5444 ,
394 5382 517 5434 ὅσον
558 5376 691 5451 ἧκεν
726 5381 805 5442 εἰς
846 5380 1125 5449 ὀφθαλμοῦ
1160 5380 1418 5450 δύναμιν,
1470 5382 1773 5453 κατάληψιν

166 5473 524 5537 ἀναϐαίνων,
559 5472 635 5535 ὼς
669 5472 819 5535 Θεόςο
858 5474 951 5541 ἀφ’
984 5466 1057 5527 ὧν
1090 5472 1146 5524 δὲ
1174 5471 1270 5542 τὴν
1297 5472 1470 5525 κτίσιν
1502 5475 1647 5543 νικᾷ,
1688 5474 1774 5527 διὰ

164 5566 398 5620 τούτων
432 5565 507 5627 ὡς
540 5564 799 5633 ὑπάρχων
844 5564 984 5632 ὑπὲρ
1028 5564 1217 5633 αὑτὴν,
1252 5563 1538 5633 νοούμενός
1577 5582 1635 5616 τε
1681 5566 1773 5618 καὶ

160 5654 570 5725 δοξαζόμενος.
606 5654 820 5723 Ταύτην
857 5654 953 5725 μὲν
978 5651 1090 5719 οὖν,
1122 5650 1294 5723 οἴμαι,
1332 5657 1425 5707 καὶ
1451 5656 1548 5725 οὑχ
1582 5657 1773 5727 ἑτέραν

258 5771 305 5801 ⁷⁸
341 5770 443 5824 lsa.
472 5786 543 5829 τι,
574 5770 594 5820 l
633 5770 686 5822 5.
760 5769 803 5800 ⁷⁵
836 5768 1031 5823 Ezech.
1068 5784 1107 5826 ι,
1142 5769 1331 5823 26-28.

161 5858 247 5904 ιι,
295 5842 343 5894 l.
449 5840 493 5870 τ’
539 5840 665 5908 Sap.
703 5856 817 5903 xm,
994 5840 1060 5871 7"
1098 5838 1242 5894 I‘sal.
1278 5855 1431 5906 an,
1460 5841 1516 5895 ἢ.

1417 5771 1483 5801 ⁷⁵⁸
1518 5773 1711 5829 Ezecb.
1754 5790 1811 5841 ιι,
1838 5775 1887 5828 1.

1888 4655 2043 4725 105
2094 4652 2387 4708 innoteseit
2427 4670 2439 4705 :
2483 4660 2537 4706 et
2578 4658 2841 4705 enarrant
2880 4650 3003 4704 οωιί
3056 4649 3265 4718 absque
3318 4663 3454 4703 voce

1884 4748 1979 4802 Dei
2035 4745 2297 4816 gloriam,
2345 4752 2401 4799 et
2448 4758 2587 4813 opus
2641 4761 2658 4792 ι
2690 4756 2953 4795 manuum
3001 4744 3122 4809 ejus
3175 4742 3465 4793 annuntiat

1883 4841 2286 4893 ﬁrmamentum
2305 4838 2372 4868 7"
2401 4854 2413 4889 :
2451 4854 2469 4887 ι
2501 4836 2578 4889 ita
2609 4834 2858 4888 vicissim
2898 4831 3227 4902 Unigenitus
3261 4832 3465 4902 glorio-

1884 4932 1998 4985 sior
2030 4941 2085 4985 et
2115 4928 2388 4983 illustrior
2420 4925 2743 4995 apparebit,
2778 4924 2825 4978 si
2861 4938 2925 4977 ex
2964 4924 3030 4977 iis
3066 4922 3270 4992 quibus
3305 4936 3463 4975 crea-

1885 5036 2059 5077 mram
2089 5026 2349 5089 superat,
2386 5016 2729 5086 intelligatur
2774 5029 2837 5068 ac
2887 5022 3130 5083 putetur,
3178 5020 3239 5066 ut
3291 5027 3463 5082 supra

1885 5116 2057 5185 ipsam
2104 5113 2416 5174 exsistens,
2464 5110 2594 5163 licet
2641 5108 2931 5161 oculorum
2974 5107 3146 5160 aciem
3197 5104 3463 5174 eﬂ‘ngiat,

1884 5216 1942 5261 ut
1975 5206 2137 5259 Deus.
2173 5203 2352 5257 Alium
2389 5215 2492 5271 ego
2523 5202 2603 5255 rei
2642 5200 2940 5269 prepositze
2994 5210 3217 5251 sensum
3264 5204 3319 5249 et
3368 5210 3463 5248 ex-

1882 5294 2233 5366 plieationcm
2268 5307 2391 5347 esse
2436 5307 2545 5345 non
2589 5291 2852 5345 arbitror.
2894 5285 3317 5342 Observandum
3363 5299 3461 5337 ar.-

1875 5398 1982 5441 tem
2018 5396 2100 5440 est
2134 5399 2362 5446 rursus,
2395 5382 2786 5451 evangelistam
2837 5380 2923 5433 hic
2971 5376 3167 5430 Filium
3204 5374 3459 5444 unigeni—

1878 5486 1991 5530 tum
2024 5475 2191 5529 Deum
2221 5472 2499 5543 appellare
2520 5511 2533 5534 ,
2563 5483 2616 5524 et
2645 5472 2697 5523 in
2729 5470 2852 5521 sinu
2884 5467 3064 5521 Patris
3087 5481 3211 5521 esse
3237 5464 3453 5529 dicere,

1877 5576 1937 5621 ut
1991 5582 2183 5622 rursus
2234 5564 2555 5619 ostendatur
2600 5563 2761 5631 longe
2805 5562 3017 5618 alienus
3060 5574 3183 5614 esse
3224 5574 3253 5610 a
3298 5570 3455 5611 erea-

1879 5667 2015 5712 turm
2050 5656 2394 5719 rationibus,
2428 5664 2482 5710 et
2528 5654 2811 5724 propriam
2856 5667 2919 5704 ar.
2969 5651 3307 5719 peculiarem
3358 5647 3459 5702 hae

1965 5774 2009 5804 τε
2048 5771 2215 5827 Exod.
2253 5768 2555 5833 xxxmﬁt).
2634 5768 2676 5797 ⁷⁷
2706 5765 2863 5820 Joan.
2895 5779 2969 5831 γι,
3012 5762 3098 5817 46.
3176 5760 3222 5793 ⁷⁸
3256 5756 3452 5816 Ezech.
