4222 6510
279 423 290 436 δ

230 419 320 474 "ei

223 536 320 586 καὶ
366 535 712 610 ἀποτολμῶσι
747 545 958 613 λέγειν·
1013 549 1221 620 .Χῆρος,
1266 547 1310 605 ὦ
1359 550 1525 618 οὗτοι,

224 626 355 696 ὑμῖν
384 644 397 658 ·
441 630 503 681 οὐ
543 633 652 701 γὰρ
683 636 1052 704 εὐπαιδεύτους
1096 643 1163 695 τὰ
1216 647 1341 716 περὶ
1365 648 1498 700 Θεοῦ
1533 649 1804 714 δοξάζετε,

220 714 312 766 διὰ
339 715 400 767 τὸ
446 720 504 771 ὲν
545 720 731 792 κόλπῳ
772 725 1021 794 λέγεσθαι
1069 731 1160 783 τοῦ
1197 714 1410 805 Πατρὸς
1440 739 1531 789 τὸν
1564 739 1688 791 Υἱὸν
1719 741 1809 793 ἐκ·

221 811 546 877 πεφυκέναι,
582 816 799 882 πάντως
829 821 992 875 αὐτὸν
1019 823 1275 894 οἰόμενοι,
1310 829 1409 900 τῆς
1433 831 1618 894 οὐσίας
1646 833 1806 886 αὑτοῦ

219 900 317 950 καὶ
367 901 467 972 τῆς
515 905 778 978 ἀγενήτου
836 911 1051 980 φύσεως
1103 910 1241 968 εἶναι
1302 920 1533 990 καρπὸν,
1565 922 1807 994 ἀνοήτως

221 990 718 1063 ὑπολαμϐάνοντες.
773 1002 843 1054 ’Ἡ
889 1003 996 1075 γὰρ
1041 1007 1139 1058 οὐκ
1183 1009 1474 1076 ἠκούσατε,
1522 1014 1706 1080 φασιν,
1749 1015 1807 1066 ἐν

219 1084 344 1143 ταῖς
388 1086 773 1156 εὐαγγελικαῖς
807 1097 1164 1166 παρασολαῖς,
1211 1101 1299 1154 ὅτε
1351 1105 1478 1166 τοὺς
1531 1106 1658 1176 περὶ
1713 1105 1804 1159 τοῦ

219 1171 480 1228 πλουσίου
539 1180 632 1231 καὶ
681 1181 772 1234 τοῦ
823 1184 1074 1256 Λαζάρου
1126 1188 1319 1257 λόγους
1369 1193 1530 1257 αὐτὸς
1574 1195 1808 1248 ἐποιεῖτο

218 1259 472 1328 Χριστὸς,
503 1266 583 1320 ὄτι
627 1269 870 1338 Ἐγένετο
899 1273 954 1326 δὲ
979 1276 1274 1332 ἀποθανεῖν
1306 1281 1396 1334 τὸν
1417 1283 1688 1354 Λάζαρον,
1715 1287 1807 1340 καὶ

214 1354 582 1427 ἀπενεχθῆναι
629 1362 733 1416 ὑπὸ
767 1364 873 1418 τῶν
924 1369 1171 1436 ἀγγέλων
1219 1374 1299 1436 είς
1348 1374 1441 1426 τὸν
1484 1377 1682 1431 κόλπον
1713 1379 1805 1432 τοῦ

229 1445 521 1518 Ἀδραάμ;
589 1453 799 1509 Δώσετε
853 1457 917 1529 δὴ
969 1456 1084 1523 οὖν,
1114 1462 1202 1516 διὰ
1257 1464 1317 1517 τὸ
1376 1467 1431 1518 ἐν
1481 1466 1668 1537 κόλπῳ
1710 1469 1804 1522 τοῦ

229 1535 480 1608 Ἀϐραὰμ
537 1544 786 1610 γενέσθαι
832 1549 922 1602 τὸν
968 1551 1234 1623 Λάζαρον,
1282 1555 1340 1618 ἐξ
1378 1557 1539 1610 αὑτοῦ
1609 1560 1701 1612 καὶ
1747 1561 1804 1613 ἐν

212 1627 366 1698 αὖτῷ
417 1634 557 1686 κατὰ
616 1636 776 1704 φύσιν
836 1641 1101 1712 ὑπάρχειν
1173 1646 1368 1714 αὑτόν;
1421 1648 1451 1716 ἢ
1500 1648 1657 1702 τοῦτο
1707 1653 1805 1720 μὲν

213 1725 615 1794 παραιτήσεσθε
681 1729 894 1798 λέγειν,
965 1736 1242 1801 ποιοῦντες
1320 1740 1527 1810 ὀρθῶς,
1590 1743 1682 1796 διά
1746 1744 1802 1797 δὲ

207 1811 306 1863 τοῦ
345 1815 542 1868 κόλπου
585 1818 682 1889 τὴν
731 1823 1011 1891 ἀγάπησιν
1057 1829 1294 1882 νοεῖσθαι
1346 1833 1440 1885 καὶ
1499 1835 1652 1887 αὐτοὶ
1704 1837 1800 1888 σὺν

208 1906 346 1974 ἡμῖν
397 1912 813 1982 συγχωρήσετε-ες
878 1914 1036 1970 Εἶναι
1087 1920 1372 1993 τοιγαροῦν
1421 1925 1512 1978 τὸν
1566 1927 1692 1980 Υἰὸν
1739 1931 1797 1982 ὲν

208 1998 401 2068 κόλπῳ
447 2005 628 2072 φαμὲν
681 2005 776 2058 τοῦ
823 2007 957 2063 Θεοῦ
1005 2013 1098 2066 καὶ
1147 2015 1381 2086 Πατρὸς,
1431 2017 1550 2071 ἀντὶ
1593 2018 1687 2073 τοῦ
1739 2023 1797 2074 ὲν

205 2087 502 2160 ἀγαπήσει,
555 2094 700 2148 καθὰ
747 2098 840 2150 καὶ
883 2101 1047 2164 αὐτός
1074 2103 1177 2156 πού
1214 2123 1398 2174 φησιν·
1457 2127 1474 2159 ι
1515 2110 1572 2162 '0
1607 2111 1797 2184 Πατὴρ

203 2179 401 2252 ἀγαπᾷ
427 2183 519 2236 τὸν
554 2186 700 2241 Υίόν.
734 2206 752 2239 ι
805 2189 944 2242 Ἀλλ’
986 2194 1114 2246 ὅταν
1145 2195 1356 2259 τούτοις
1401 2199 1548 2268 ἡμᾶς
1589 2179 1794 2256 παίωσι

199 2276 322 2335 τοῖς
370 2275 548 2343 λόγοις
597 2281 643 2332 οἱ
696 2281 1144 2356 φιλεπιτιμηταὶ,
1200 2288 1291 2342 καὶ
1342 2291 1478 2359 πρὸς
1532 2293 1692 2362 μόνον
1737 2296 1795 2350 τὸ

199 2366 650 2436 διαλοιδορεῖσθαι
685 2377 891 2444 γοργοὶ,
942 2379 1061 2431 τότε
1102 2382 1196 2433 καὶ
1231 2383 1391 2450 ἡμεῖς
1437 2385 1792 2456 ἀντεροῦμεν,

197 2453 296 2504 τὸν
355 2455 512 2526 ὀρθὸν
572 2460 673 2530 τῆς
730 2464 988 2534 ἀληθείας
1045 2469 1432 2538 ἀντεξάγοντες
1494 2473 1669 2542 λόγον’
1736 2476 1793 2529 Ὀ

201 2546 401 2610 κόλπος
440 2550 588 2619 ἡμῖν,
633 2547 676 2605 ᾧ
720 2553 1005 2622 βέλτιστοι,
1057 2563 1312 2631 σημαίνει
1359 2563 1483 2616 καθ’
1512 2566 1655 2630 ὑμᾶς
1693 2569 1792 2638 τὴν

197 2635 480 2704 ἀγάπησιν
508 2654 521 2668 ο
572 2641 730 2694 τοῦτο
775 2643 884 2714 γάρ
921 2646 1123 2715 ἀρτίως
1157 2649 1422 2717 λεγόντων
1455 2655 1787 2726 ἠκούσαμεν.

196 2722 328 2795 ’,αρ’
352 2723 463 2789 οὖν,
488 2730 785 2804 ἐπειδήπερ
812 2755 829 2784 ι
856 2738 1168 2807 Ἡγάττησεν
1188 2743 1215 2793 ὀ
1241 2740 1371 2805 Θεὸς
1399 2754 1489 2798 τόν
1514 2746 1738 2816 κόσμον,
1766 2768 1783 2800 ι

197 2816 347 2867 κατά
373 2817 470 2888 τὴν
514 2819 607 2870 τοῦ
643 2821 894 2892 Σωτῆρος
929 2828 1112 2896 φωνήν
1137 2844 1151 2859 ο
1206 2831 1394 2901 ἀγαπᾷ
1434 2833 1490 2885 δὲ
1543 2853 1560 2886 ι
1589 2836 1788 2906 Κύριος

196 2909 300 2960 καὶ
330 2909 426 2972 τάς
468 2910 642 2974 πύλας
677 2913 837 2978 Σιὼν,
888 2937 905 2968 ι
959 2919 1100 2971 κατὰ
1133 2919 1223 2974 τὸν
1260 2923 1415 2991 ἅγιον
1460 2926 1783 2999 Ψαλμῳδόνο

192 3003 502 3068 ἀκινδύνως
542 3005 773 3077 ἐροῦμεν
820 3011 877 3062 ἐν
916 3011 1102 3083 κόλπῳ
1131 3013 1225 3067 τοῦ
1260 3015 1395 3069 Θεοῦ
1440 3020 1534 3072 καὶ
1578 3023 1789 3092 Πατρὸς

190 3096 288 3148 τόν
317 3113 374 3148 τε
397 3099 601 3168 κόσμον
652 3101 814 3153 αὑτὸν
852 3104 942 3155 καὶ
970 3105 1070 3167 τὰς
1101 3106 1195 3176 τῆς
1228 3106 1366 3160 Σιὼν
1397 3105 1534 3163 εἶναι
1571 3113 1743 3175 πύλας
1769 3131 1783 3177 ;

195 3189 372 3241 ’Ὅταν
413 3191 470 3242 δὲ
519 3191 650 3264 λέγῃ
701 3194 793 3246 καὶ
835 3196 971 3265 πρὸς
1024 3197 1114 3250 τὸν
1169 3203 1493 3272 ἱεροφάντην
1541 3204 1782 3267 Μωσέα,

201 3299 221 3330 ε
266 3282 557 3351 Είσένεγκε
606 3285 702 3357 τὴν
749 3289 906 3358 χεῖρά
956 3306 1048 3341 σου
1091 3291 1168 3353 εἰς
1217 3291 1308 3344 τὸν
1355 3293 1552 3346 κόλπον
1603 3313 1716 3358 σου,
1765 3317 1781 3350 ι

190 3374 438 3444 ἀγαπᾷν,
478 3377 600 3428 είπέ
637 3395 747 3447 μοι,
793 3380 1120 3448 προστάττει
1151 3381 1247 3453 τὴν
1288 3386 1444 3455 χεῖρα
1485 3386 1654 3457 αὐτῷ,
1695 3389 1787 3440 καὶ

187 3464 314 3530 οὐχὶ
366 3465 564 3533 μάλλον
621 3469 1048 3540 κατακρύψαντα
1111 3472 1296 3543 ἔχειν;
1365 3472 1498 3530 Εἶτα
1557 3479 1672 3542 πῶς
1723 3482 1784 3534 οὐ

192 3559 372 3625 μέγαν
396 3559 486 3610 ἐπὶ
516 3560 726 3625 τούτοις
756 3563 1066 3635 όῳλήσομεν
1089 3567 1332 3634 γέλωτα;
1360 3569 1558 3638 μᾶλλον
1590 3571 1645 3624 δὲ
1670 3574 1785 3638 πῶς

187 3651 273 3710 εἰς
321 3651 483 3702 αὐτὸν
523 3652 620 3704 οὐκ
667 3655 1010 3726 ἀσεὸἠσομεν
1055 3657 1145 3711 τὸν
1207 3660 1459 3730 Πατέρα,
1511 3663 1686 3716 πάντα
1727 3667 1784 3716 ἐν

189 3740 420 3801 κόλποις
455 3737 591 3794 εἶναι
622 3743 869 3812 λέγοντες
900 3747 1087 3813 αὑτοῦ,
1124 3751 1218 3802 καὶ
1246 3751 1306 3803 τὸ
1342 3751 1505 3818 μόνου
1537 3755 1628 3806 τοῦ
1673 3757 1782 3808 Mo-

186 3833 448 3899 νογενοῦς
469 3835 742 3906 ἐξαίρετον
769 3839 970 3906 ἀγαθὸν
996 3843 1425 3908 κοινοποιοῦντες
1447 3849 1556 3909 τοῖς
1583 3847 1779 3912 ἄλλοις,

189 3923 282 3973 ἱνα
344 3921 502 3975 πλέον
553 3925 664 3993 ἔχοι
727 3926 892 3995 μηδὲν
946 3929 1096 3998 παρά
1143 3931 1242 4001 τὴν
1297 3932 1474 3984 κτίσιν
1524 3937 1552 3986 ὁ
1610 3935 1778 4002 Υίός;

188 4008 405 4060 Οὐκοῦν
432 4014 549 4072 ταῖς
584 4013 808 4064 ἐκείνων
835 4015 1109 4078 ἀῦουλίαις
1140 4017 1416 4088 ἐρρῶσθαι
1451 4023 1779 4090 φράσαντες,

186 4097 287 4148 ἐπὶ
313 4097 400 4148 τὸν
436 4099 562 4168 εὺθῆ
594 4101 692 4169 τῆς
721 4101 979 4171 ἀληθείας
1013 4102 1302 4174 βαδιοῦμεν
1341 4107 1621 4178 λογισμὸν,
1654 4111 1780 4164 ὅταν

189 4186 252 4235 ἐν
286 4184 473 4254 κόλπῳ
513 4185 735 4257 λέγηται
770 4189 863 4241 τοῦ
915 4191 1127 4259 Πατρὸς
1159 4193 1186 4244 ὁ
1221 4191 1369 4255 Υἱὸς,
1394 4194 1451 4259 ἐξ
1490 4196 1651 4248 αὑτοῦ
1690 4200 1780 4250 καὶ

189 4273 252 4321 ἐν
280 4271 430 4340 αὐτῷ
463 4274 708 4339 νοοῦντες
747 4278 907 4329 αὐτόν
934 4295 948 4308 ο
998 4279 1407 4351 ἀναμαξάμενοι
1437 4283 1494 4335 δὲ
1537 4285 1780 4354 ἀκριϐῶς

184 4358 290 4426 τὴν
337 4357 431 4410 τοῦ
475 4366 743 4431 νοήματος
796 4365 1054 4434 δύναμιν,
1112 4365 1285 4429 οὕτως
1342 4369 1494 4437 ἕχον,
1553 4373 1645 4423 καὶ
1683 4374 1780 4442 οὐχ

185 4445 398 4514 ἑτέρως
454 4449 776 4519 εὑρήσομεν.
819 4470 837 4503 ι
895 4452 949 4505 Ὀ
979 4454 1292 4523 μονογενὴς,
1355 4459 1509 4524 φησι,
1544 4458 1694 4524 Θεὸς,
1751 4463 1779 4512 ὁ

181 4530 267 4583 ὢν
304 4533 386 4593 εἰς
412 4533 502 4586 τὸν
529 4535 726 4589 κόλπον
754 4538 848 4590 τοῦ
881 4540 1113 4610 Πατρὸς,
1153 4543 1356 4606 ἐκεῖνος
1401 4543 1723 4614 ἐξηγήσατο.
1750 4568 1768 4599 ι

197 4619 424 4690 Ἐπειδὴ
451 4621 558 4692 γὰρ
594 4623 698 4695 ἔφη
741 4631 1003 4697 μονογενῆ
1043 4629 1137 4680 καὶ
1164 4629 1316 4694 Θεὸν,
1351 4631 1564 4701 τίθησιν
1589 4635 1771 4700 εὐθὺς,

187 4725 209 4756 ‹
238 4707 296 4758 Ὀ
328 4703 402 4758 ὢν
436 4709 492 4760 ἐν
519 4713 628 4772 τοῖς
652 4713 868 4776 κόλποις
908 4716 999 4767 τοῦ
1036 4717 1266 4787 Πατρὶς,
1303 4737 1320 4770 ι
1353 4720 1437 4770 ἵνα
1462 4721 1648 4788 νοῆται
1675 4726 1766 4776 καὶ

189 4793 319 4854 Υἱὸς
351 4793 411 4856 ἐξ
447 4795 632 4859 αὑτοῦ,
655 4799 745 4850 καὶ
771 4800 827 4851 ὲν
852 4799 1000 4870 αὐτῷ
1032 4804 1294 4869 φυσικῶς,
1318 4805 1437 4857 ἀντὶ
1461 4807 1562 4875 τῆς
1585 4810 1770 4873 οὐσίας

183 4879 277 4928 τὸν
309 4879 508 4934 κόλπον
537 4884 727 4951 εἰπὼν,
756 4885 829 4947 ὡς
872 4888 935 4938 ἐκ
967 4889 1406 4960 παραδείγματος
1437 4897 1765 4962 σωματικοῦ.

184 4967 365 5018 Τύποι
403 4968 508 5038 γάρ
547 4971 651 5022 εἰσί
703 4990 818 5036 πως
859 4973 968 5026 τῶν
1010 4976 1214 5044 νοητῶν
1261 4979 1327 5031 τὰ
1367 4981 1763 5053 ἐμφανέστεραν

182 5054 286 5105 καὶ
327 5061 657 5124 χειραγωγεῖ
694 5064 828 5129 πρὸς
858 5059 1164 5131 κατάληψιν
1198 5064 1304 5116 τῶν
1345 5065 1482 5136 ὑπὲρ
1522 5070 1667 5138 ἡμᾶς
1705 5073 1771 5124 τά

181 5143 246 5192 ἐν
282 5143 412 5210 ἡμῖν
440 5160 451 5170 ·
486 5144 818 5214 λαμϐάνεται
838 5146 894 5199 δὲ
919 5149 1178 5212 πολλάκις
1204 5151 1277 5212 ὡς
1310 5153 1366 5203 ἐν
1391 5155 1596 5218 εἰκόνος
1620 5158 1771 5224 τάξει

181 5229 257 5279 τά
313 5232 632 5299 σωματικά,
689 5236 784 5287 καὶ
829 5235 1168 5307 λεπτοτέρων
1219 5239 1348 5308 ἡμῖν
1401 5240 1770 5315 θεωρημάτων

183 5317 435 5386 εἰσφέρει
471 5319 568 5389 τὴν
615 5321 938 5392 κατάληψιν,
984 5327 1030 5377 εἱ
1079 5326 1173 5378 καὶ
1204 5326 1345 5380 οὕτω
1393 5333 1589 5384 νοεῖται
1631 5335 1770 5386 κατά

183 5405 383 5472 καιρὸν
424 5408 644 5469 οἰκεῖον,
691 5410 766 5473 ὡς
810 5410 876 5464 ἂν
922 5412 1168 5481 εἰρῆσθαι
1210 5413 1361 5485 δοκῇ,
1405 5419 1586 5471 ὁποῖον
1633 5416 1769 5475 εἷναί

182 5509 334 5562 φημι
363 5495 421 5546 τὸ
449 5497 539 5548 ἐπὶ
566 5497 809 5561 Μωσέως
832 5538 845 5562 ,
885 5499 1206 5570 «Εἰσὲνεγκε
1235 5503 1332 5574 τὴν
1360 5507 1516 5576 χεῖρά
1546 5525 1640 5561 σου
1690 5513 1769 5572 εἰς

178 5580 280 5630 τὸν
308 5580 507 5633 κόλπον
542 5599 654 5636 σου,
694 5603 712 5635 ι
762 5585 1031 5656 ’Ᾱδικήσει
1065 5589 1121 5641 δὲ
1156 5589 1291 5654 ὅλως
1317 5593 1406 5643 τὸν
1436 5593 1591 5661 λόγον
1619 5597 1770 5649 οὐδὲν

192 5667 248 5718 τὸ
287 5667 348 5718 ὲν
398 5668 581 5738 κόλπῳ
619 5669 891 5726 τεθεῖσθαι
935 5674 1029 5728 τοῦ
1088 5675 1339 5748 Ἀϐραάμ
1385 5679 1475 5731 τὸν
1524 5682 1770 5752 Λάζαρον

258 5779 304 5807 ⁸⁸
344 5777 472 5834 Luc.
526 5798 636 5844 xvi,
674 5785 851 5838 19-51.

183 5848 258 5903 Ξιι
288 5865 440 5921 seqq.

925 5785 1132 5843 “Joan.
1178 5805 1270 5845 ιιι.
1313 5791 1401 5844 55.

519 5853 564 5884 το
586 5851 698 5908 Luc
751 5871 858 5918 λιι,
901 5856 988 5910 :32.

1278 434 1342 487 ΙΝ
1372 435 1661 494 ΞΟᾹΝΝΙΞ
1690 440 2136 501 [τειχοιῖιιιίι
2172 447 2304 505 UB.
2349 453 2385 507 ἰ.

1467 5793 1510 5824 "5
1548 5795 1676 5847 ibid.
1739 5797 1798 5853 l6

3391 482 3496 539 182

1577 559 1643 611 τὰ
1679 561 1807 631 παρ’
1837 567 1883 624 Α
1913 569 2114 632 putatis
2138 608 2150 630 ,
2183 579 2236 623 et
2275 570 2530 629 incrcata!
2563 588 2772 638 natura:
2803 585 2973 640 fetum
3021 605 3141 645 esse
3187 598 3354 655 stulte
3399 620 3496 656 su-

1912 657 2228 724 spicamini.
2263 661 2541 735 Numquid
2603 673 2746 727 enim
2804 680 3039 735 audistis
3063 725 3075 744 ,
3113 684 3404 758 inquiunt,
3440 695 3495 750 in

1911 754 2245 820 evangelicis
2275 758 2554 825 parabolis
2598 763 2677 828 ⁸⁸,
2727 767 2814 821 ubi
2859 772 2925 825 de
2968 773 3137 831 divite
3186 790 3239 833 ct
3288 780 3495 840 Lazaro

1908 841 2073 894 verba
2103 842 2360 902 Christus
2395 849 2664 921 faciebat,
2701 856 2967 916 Lazarum
3011 875 3129 934 post
3165 879 3396 927 mortem
3429 878 3496 930 ab

1911 935 2119 1002 angelis
2164 937 2214 990 in
2265 941 2444 995 sinum
2492 945 2726 1001 Abrahte
2773 950 2948 1007 fuisse
2991 961 3309 1022 portatum?
3351 962 3493 1018 Num

1911 1024 2096 1091 igitur,
2133 1031 2392 1096 quoniam
2440 1035 2492 1088 in
2528 1037 2653 1092 sinu
2689 1040 2920 1098 Abrahae
2964 1045 3206 1105 Lazarus
3249 1069 3372 1110 esse
3407 1056 3493 1111 di-

1911 1111 2076 1177 citur,
2110 1133 2169 1170 ev
2203 1119 2321 1188 ipso
2353 1132 2405 1176 et
2439 1123 2494 1176 in
2541 1125 2661 1196 ipso
2707 1145 2832 1184 cum
2875 1136 3146 1192 exsistere
3192 1145 3490 1200 secundum

1910 1212 2164 1261 naturam
2219 1214 2576 1279 concedetis,
2632 1230 2724 1275 aut
2777 1224 2830 1277 id
2889 1236 3039 1282 recte
3093 1232 3492 1308 sapienterque

1909 1297 2214 1363 negabitis,
2259 1303 2355 1357 sed
2414 1321 2512 1374 per
2563 1309 2745 1364 sinum
2803 1328 3046 1371 amorem
3101 1297 3328 1394 intelligi
3385 1297 3489 1395 ipsi

1909 1401 2126 1455 quoque
2162 1393 2446 1450 nobiscum
2480 1396 2789 1456 fatebimini
2818 1406 2841 1457 ἲ
2869 1407 2930 1461 In
2964 1408 3089 1464 sinu
3129 1427 3259 1482 ergo
3288 1393 3384 1470 Dei
3410 1393 3490 1472 iac

1907 1472 2087 1530 Patris
2120 1477 2313 1534 Filium
2357 1499 2480 1539 esse
2513 1487 2783 1554 dicimus,
2828 1494 2878 1548 id
2923 1505 3041 1560 est,
3091 1500 3144 1553 in
3193 1472 3489 1565 dilectione

1909 1573 2073 1635 atque
2107 1583 2295 1627 amore
2321 1614 2335 1638 ,
2368 1577 2511 1632 sicut
2545 1579 2661 1650 ipse
2690 1599 2910 1654 quoque
2957 1589 3034 1643 ait
3065 1592 3309 1660 alicubi,
3345 1617 3362 1648 ι
3388 1597 3487 1652 Pa-

1908 1666 1991 1712 ter
2018 1659 2198 1731 diligit
2229 1662 2427 1720 Filium
2463 1669 2526 1721 ⁸⁵.
2563 1691 2580 1723 ι
2610 1674 2770 1744 Atqui
2803 1677 2848 1731 si
2878 1694 2978 1733 nos
3005 1687 3272 1748 ejusmodi
3297 1659 3486 1746 verbis

1906 1759 2092 1818 petant
2118 1753 2366 1813 homines
2385 1760 2450 1814 ad
2471 1765 2974 1831 reprehendendum
2999 1775 3180 1842 proni,
3202 1787 3255 1830 et
3281 1778 3333 1832 in
3349 1795 3485 1835 con-

1906 1843 2166 1901 viciando
2194 1848 2464 1906 duntaxat
2498 1857 2730 1930 solertes
2753 1905 2765 1928 ,
2821 1874 2948 1919 tunc
2995 1883 3098 1924 nos
3129 1870 3209 1924 eis
3240 1871 3481 1929 vicissim

1831 1916 1870 1970 Β
1901 1940 2388 2008 respondebimus,
2425 1960 2629 2004 rectum
2662 1955 2915 2010 veritatis
2944 1973 3257 2017 sermonem
3294 1980 3472 2036 oppo-

1899 2039 2106 2082 nentes.
2162 2029 2330 2088 Sinus
2375 2037 2517 2105 apud
2565 2054 2700 2106 vos,
2734 2059 2766 2097 o
2798 2043 2962 2110 boni,
3014 2063 3111 2118 pro
3168 2053 3463 2109 dilectione

1898 2114 2174 2171 sumitur:
2229 2120 2282 2173 id
2333 2119 2478 2177 enim
2522 2128 2684 2182 modo
2734 2147 2760 2184 a
2810 2133 2969 2190 vobis
3013 2139 3348 2197 audivimus.
3397 2145 3476 2200 An

1896 2203 2084 2275 igitur,
2123 2213 2381 2279 quoniam
2412 2233 2428 2266 ι
2451 2216 2594 2275 Deus
2628 2221 2818 2278 dilexit
2862 2228 3124 2285 mundum
3157 2232 3236 2298 ⁸ο,
3269 2254 3287 2286 ι
3319 2235 3476 2305 juxta

1898 2295 2202 2357 Salvatoris
2224 2319 2450 2372 vocem,
2479 2317 2534 2363 et
2563 2311 2739 2384 diligit
2766 2332 2986 2388 quoque
3014 2341 3030 2371 ι
3061 2295 3334 2381 Dominus
3357 2344 3477 2398 por—

1893 2398 1978 2447 tas
2009 2391 2138 2448 Sion
2175 2397 2240 2457 ⁸⁷,
2276 2418 2293 2448 ι
2325 2410 2380 2453 ιιι
2411 2405 2559 2459 canit
2589 2417 2820 2465 sanctus
2854 2408 3145 2469 Psalmista
3169 2460 3181 2481 ,
3213 2420 3351 2474 citra
3387 2439 3475 2491 pe-

1894 2484 2128 2541 riculum
2158 2489 2440 2558 dicemus,
2481 2497 2532 2550 in
2565 2499 2689 2553 sitm
2734 2500 2827 2556 Dei
2873 2519 2936 2559 ac
2967 2505 3142 2563 Patris
3183 2527 3304 2566 csse
3347 2530 3472 2567 cum

1894 2581 2156 2634 mundum
2200 2583 2412 2652 ipsum,
2474 2599 2584 2642 tum
2635 2600 2825 2661 portas
2869 2594 3048 2650 Sion?
3103 2599 3236 2654 Cum
3290 2613 3471 2658 autem

1891 2669 2040 2724 dicat
2071 2674 2136 2726 ad
2168 2675 2353 2731 Mosen
2384 2696 2668 2737 sacrorum
2707 2687 2868 2756 107
2902 2689 3205 2745 antistitem
3236 2713 3246 2748 :
3282 2715 3296 2744 ι
3332 2695 3475 2750 lnfer

1892 2780 2108 2818 manum
2151 2776 2297 2822 tuam
2339 2771 2391 2824 in
2427 2774 2608 2828 sinum
2645 2784 2798 2832 tuum
2827 2781 2871 2811 ⁸⁸
2899 2785 3241 2852 tnntnqnid,
3273 2788 3472 2842 amabo

1891 2868 2015 2919 vos,
2065 2858 2113 2911 ei
2172 2863 2432 2930 przecepit
2482 2880 2702 2921 manum
2761 2884 2915 2924 suam
2958 2873 3114 2944 diligr
3157 2892 3224 2937 e,
3265 2891 3328 2930 ac
3362 2894 3471 2932 non

1892 2944 2074 3010 potius
2125 2963 2246 3001 eam
2301 2953 2623 3009 occultare?
2671 2958 2739 3010 At
2785 2959 2880 3028 qui
2929 2976 3036 3014 non
3116 2965 3345 3019 ontinuo
3383 2967 3471 3021 in-

1889 3042 2104 3102 gentem
2140 3039 2310 3093 risum
2349 3044 2722 3110 movebimus,
2761 3048 2868 3103 imo
2919 3067 3047 3105 vero
3101 3054 3193 3122 qui
3251 3071 3360 3108 non
3414 3056 3468 3110 in

1890 3125 2068 3193 ipsum
2107 3126 2320 3183 Patrem
2360 3133 2509 3200 impii
2556 3137 2798 3200 erimus,
2835 3151 3032 3193 cuncta
3073 3141 3125 3194 in
3175 3143 3294 3212 ejus
3339 3145 3466 3200 sinu

1890 3233 2012 3272 esse
2046 3220 2295 3278 dicentes
2318 3263 2331 3285 ,
2370 3235 2457 3290 et,
2497 3227 2645 3296 quod
2682 3230 2858 3284 solius
2889 3231 3172 3301 Unigcniti
3206 3236 3464 3291 eximium

1892 3323 1954 3360 ac
1991 3311 2324 3379 praecipuum
2356 3323 2441 3367 est
2473 3315 2676 3369 bonum
2704 3331 2998 3374 commune
3031 3320 3294 3378 facientes
3323 3325 3464 3390 aliis,

1892 3408 1944 3452 ut
1981 3401 2117 3455 nihil
2152 3403 2274 3472 plus
2304 3403 2446 3460 Filio
2476 3409 2547 3461 sit
2573 3423 2737 3477 quam
2774 3415 3091 3466 creaturae?
3127 3413 3318 3484 Itaque
3350 3416 3467 3469 illo-

1891 3507 2010 3545 rum
2048 3493 2282 3548 stultitia
2317 3496 2521 3565 rejecta
2568 3506 2782 3553 rectum
2821 3502 3068 3558 veritatis
3107 3520 3332 3559 sensum
3379 3507 3466 3560 in-

1889 3583 2147 3640 sistemus
2169 3625 2182 3649 ,
2211 3596 2263 3640 et
2288 3587 2510 3656 quando
2536 3590 2590 3643 in
2623 3589 2746 3645 sinu
2771 3590 2920 3645 Patri
2955 3592 3130 3649 Filius
3161 3612 3287 3650 esse
3321 3599 3465 3651 dici—

1888 3682 1997 3736 tur,
2031 3677 2164 3729 nihil
2192 3679 2338 3732 aliud
2364 3697 2529 3748 quam
2552 3696 2614 3736 ex
2643 3683 2764 3752 ipso
2795 3692 2848 3739 et
2880 3687 2934 3739 in
2963 3687 3080 3755 ipsa
3106 3705 3226 3744 csse
3259 3691 3428 3747 intelli
3449 3723 3462 3735 -

1887 3783 2095 3834 genius.
2129 3767 2183 3821 Si
2219 3770 2325 3822 vim
2357 3780 2409 3826 et
2439 3773 2712 3828 rationem
2744 3773 2892 3830 illius
2921 3781 3206 3833 sententia:
3236 3781 3462 3836 subacto

1887 3860 2106 3927 ngenio
2162 3872 2598 3930 perscrutemur,
2644 3866 2969 3921 istiusmodi
3009 3857 3133 3924 esse
3169 3873 3466 3939 comperie-

1888 3962 2032 4000 mus.
2065 3965 2081 3998 ι
2113 3946 2465 4018 Unigenitus,
2489 3973 2507 4003 ι
2540 3955 2748 4023 inquit,
2779 3975 2798 4008 ‹
2836 3958 2977 4013 Deus
3010 3961 3101 4029 qui
3130 3969 3211 4013 est
3250 3962 3304 4014 in
3337 3962 3462 4016 sinu

1885 4034 2097 4101 Patris,
2138 4039 2229 4093 ille
2257 4044 2558 4096 enarravit.
2593 4063 2612 4096 ι
2648 4043 2998 4114 Unigenitum
3037 4059 3089 4103 et
3141 4051 3306 4105 Deum
3353 4054 3463 4122 pri-

1886 4143 1972 4180 mo
2006 4127 2144 4182 dixit
2173 4148 2185 4184 :
2218 4129 2418 4188 deinde
2455 4133 2604 4190 illico
2642 4137 2898 4206 subiicit,
2930 4158 2948 4189 ι
2978 4141 3070 4209 qui
3115 4150 3198 4195 est
3236 4142 3292 4196 in
3336 4143 3460 4196 sinu

1885 4215 2092 4284 Patris,
2126 4238 2142 4270 ι
2174 4229 2232 4275 ut
2263 4224 2607 4295 intelligatur
2637 4229 2798 4284 etiam
2831 4230 3005 4286 Filius
3035 4249 3098 4286 ex
3137 4235 3290 4302 ipso,
3321 4244 3374 4289 et
3404 4238 3458 4290 in

1885 4309 2004 4376 ipso
2038 4314 2382 4380 naturaliter,
2422 4317 2603 4372 sinum
2641 4336 2740 4389 pro
2791 4322 3099 4377 substantia
3153 4326 3382 4389 dicens,
3430 4342 3459 4380 a

1884 4417 1940 4455 re
1971 4418 2240 4474 corporea
2273 4407 2558 4481 desumpta
2589 4414 2969 4471 similitudine.
2997 4416 3134 4488 Typi
3171 4419 3315 4473 enim
3349 4418 3462 4474 fere

1883 4503 2011 4548 sunt
2042 4511 2223 4551 rerum
2253 4499 2681 4572 intelligibilium
2714 4521 2776 4560 ea
2805 4523 2926 4576 quae
2947 4511 3202 4564 sensibus
3231 4521 3454 4580 patent,

1811 4583 1936 4639 Det
1989 4602 2110 4655 qua:
2165 4589 2218 4642 in
2271 4593 2428 4649 nobis
2471 4604 2600 4649 sunt
2659 4600 2725 4652 ad
2765 4603 3313 4669 conmrchcnsionem
3357 4621 3457 4659 nos

1878 4675 2158 4731 deducunt
2188 4693 2377 4734 eorum
2411 4699 2532 4751 quae
2554 4701 2721 4755 supra
2756 4704 2854 4743 nos
2886 4699 3012 4742 sunt
3043 4709 3055 4743 :
3088 4691 3254 4760 ﬁtque
3286 4709 3457 4764 sarpe-

1879 4783 2109 4823 numero
2141 4778 2200 4824 ut
2229 4772 2612 4830 similitudinis
2642 4779 2762 4832 loco
2791 4795 2879 4834 res
2914 4796 3196 4850 corporea
3231 4799 3452 4837 suman-

1877 4865 1987 4920 tur,
2022 4876 2143 4928 qua:
2177 4878 2278 4917 nos
2311 4864 2376 4918 ad
2412 4868 2769 4923 subtiliorum
2797 4875 3322 4942 contemplationum
3357 4891 3457 4928 no-

1876 4950 2054 5004 titiam
2095 4956 2330 5008 evehant
2377 4957 2444 5021 ‘9,
2497 4958 2619 5013 licet
2670 4961 2932 5016 historice
2981 4963 3362 5034 intelligantur
3413 4968 3458 5020 si

1879 5042 2166 5110 capiantur
2223 5061 2286 5100 eo
2338 5048 2500 5103 modo
2548 5065 2658 5118 quo
2711 5052 2859 5106 dicta
2914 5061 3091 5108 sunt:
3145 5055 3456 5124 cuiusmodi

1876 5142 1959 5188 est
1991 5134 2122 5189 illud
2158 5135 2224 5190 de
2255 5137 2406 5194 Mose
2438 5159 2450 5193 :
2481 5161 2500 5192 ι
2532 5141 2680 5197 Inter
2712 5160 2930 5198 manum
2968 5155 3117 5200 tuam
3168 5148 3222 5201 in
3272 5149 3456 5203 sinum

1878 5232 2050 5277 tuum.
2086 5243 2104 5276 ι
2133 5226 2290 5290 Quod
2323 5238 2508 5284 autem
2541 5234 2750 5288 dicitur
2785 5236 2839 5289 in
2876 5237 3000 5290 sinu
3038 5237 3276 5292 Abraha:
3308 5239 3460 5307 posi-

1877 5325 1965 5370 tus
1998 5333 2120 5372 esse
2155 5316 2435 5386 Lazarus,
2475 5339 2583 5378 non
2617 5326 2779 5380 modo
2814 5326 2949 5380 nihil
2985 5328 3150 5382 ollicit
3175 5369 3188 5393 ,
3227 5328 3325 5383 sed
3361 5328 3460 5382 do-

1877 5409 2069 5462 urinae.
2113 5421 2315 5467 nostra:
2362 5414 2717 5486 suil'ragatur.
2776 5417 2830 5472 ld
2885 5419 3030 5472 enim
3082 5425 3291 5474 tantum
3348 5434 3456 5474 non

1881 5503 2163 5572 Scriptura
2217 5505 2384 5561 dicit:
2425 5526 2442 5558 ι
2476 5508 2723 5564 Mortuus
2784 5509 3064 5572 Lazarus,
3118 5518 3171 5566 et
3203 5511 3455 5577 corporis

1880 5595 1987 5647 vita
2021 5597 2322 5663 exsolutus,
2362 5601 2412 5653 in
2453 5602 2632 5655 sinum
2654 5602 2883 5658 Abrahae
2903 5604 3118 5658 delatus
3145 5612 3259 5667 est,
3296 5596 3370 5655 ³⁸»
3400 5601 3455 5655 id

1879 5697 1959 5738 cst
1984 5727 1996 5750 ,
2043 5687 2184 5742 inter
2223 5691 2362 5745 lilios
2391 5692 2628 5748 Abrahae
2659 5694 2966 5748 collocatus
3000 5702 3115 5756 est,
3151 5707 3317 5763 quem
3356 5705 3452 5759 pa-

1900 5802 1941 5833 ⁸⁷
1981 5801 2123 5856 l‘sal.
2166 5806 2480 5868 ωιτν-ηεξ.
2561 5809 2602 5837 ⁸⁸*
2645 5807 2817 5862 Exod.
2857 5822 2940 5871 tv,
3000 5807 3051 5860 (5.
3131 5810 3173 5839 δν
3215 5804 3372 5860 Rom.
3410 5820 3446 5861 I,
