4222 6510
213 385 317 443 185

1253 388 1320 445 ΙΝ
1357 388 1645 449 JOANNIS
1670 386 2120 448 EVANGELIUM
2161 390 2288 449 LIB.
2328 394 2367 452 l.

3360 396 3466 453 188

206 510 309 574 τὰς
361 504 600 580 Γραφάς.
649 524 668 557 ι
739 508 1172 579 Διερωτήσαντες
1215 508 1324 580 γὰρ
1372 510 1465 563 τὸν
1512 511 1781 581 μακάριον

1900 508 2101 567 loanne
2132 511 2396 581 Baptista,
2428 520 2718 585 postquam
2760 520 3095 583 acceperunt
3143 512 3319 583 ipsum
3355 529 3463 568 non

209 596 548 665 ιιαπτιστὴν,
594 595 689 648 καὶ
742 595 1003 666 μαθόντες
1052 597 1242 668 ὅτιπερ
1288 598 1451 663 αὐτὸς
1497 600 1596 653 οὐκ
1641 599 1728 669 εἴη
1759 602 1788 653 6

208 688 470 761 Χριστὸς,
502 688 921 759 ἀποκρίνονται*
949 688 1014 743 Τί
1041 684 1166 756 οὗνς
1212 690 1398 754 Ἠλίας
1427 689 1510 757 εῐ;
1556 693 1666 745 Καὶ
1698 690 1785 742 λέ-

208 795 423 847 γοντος,
452 780 565 832 Οὐκ
598 778 733 849 εἰμὶ,
785 778 903 832 δέον
950 780 1146 842 αὐτοὺς
1185 780 1312 851 περὶ
1342 782 1437 833 τοῦ
1468 781 1787 852 Προδρόμου

207 872 395 925 λοιπὸν
443 869 909 924 ἀναπυνθάνεσθαι
943 870 1124 935 (τοῦτο
1169 872 1278 943 γάρ
1327 872 1405 925 ἔτι
1447 873 1510 926 τὸ
1555 873 1785 943 λοιπὸν),

207 962 553 1023 ἀπαιδεύτως
590 963 674 1014 ἐπ’
704 962 866 1015 αὐτὸν
895 963 1245 1033 ἀνατρέχουσι
1274 964 1367 1017 τὸν
1406 965 1658 1034 Χριστὸν,
1698 964 1790 1017 τὸν

206 1054 285 1117 ὼς
330 1054 615 1125 προφήτην
645 1053 731 1106 διὰ
771 1053 867 1107 τοῦ
914 1057 1077 1125 νόμου
1110 1056 1599 1127 καταδηλούμενον.
1647 1058 1789 1127 Ὅρα

208 1144 321 1213 γὰρ
348 1144 401 1195 τί
430 1159 592 1212 φασιν
617 1144 716 1196 οὐκ
746 1144 945 1207 εἰδότες
968 1146 1036 1199 τὰ
1063 1145 1151 1200 διὰ
1182 1147 1428 1210 Μωσέως
1452 1164 1465 1177 ·
1518 1166 1536 1199 ι
1574 1148 1631 1200 Ὀ
1655 1165 1787 1216 προ-

210 1236 390 1305 φήτης
418 1231 468 1288 εἴ
499 1234 599 1298 σός
628 1236 735 1289 Καὶ
766 1237 1057 1308 ἀπεκρίθη⁹
1086 1237 1183 1293 Οὔ.
1219 1258 1237 1291 ι
1288 1240 1364 1293 Οὐ
1395 1240 1502 1313 γὰρ
1527 1235 1596 1310 ἦν
1628 1240 1789 1303 αὐτὸς

208 1331 238 1382 6
274 1329 531 1397 Χριστὸς,
568 1327 710 1381 καθᾶ
740 1330 833 1381 καὶ
868 1330 1080 1398 φθάσας
1107 1332 1205 1403 ήδη
1238 1331 1629 1403 διισχυρίσατο.

284 1419 354 1474 Τί
368 1420 449 1474 σὺ
474 1421 671 1489 λέγεις
697 1422 831 1489 περὶ
851 1423 1113 1478 σεαυτοῦ
1134 1424 1306 1493 ’Ἐγὼ
1332 1424 1500 1494 φωνὴ
1518 1423 1789 1490 ,βοῶντος

207 1512 279 1564 ἐν
302 1511 381 1579 τῇ
408 1512 623 1580 ἐρήμῳ.

294 1604 382 1664 Ὠς
411 1604 561 1656 οὐδὲν
600 1604 805 1667 εἰδότας
836 1605 1048 1675 ἐλέγχει
1075 1606 1321 1678 γοργῶς,
1360 1609 1455 1661 καὶ
1476 1611 1786 1681 προφητικῇ

209 1693 498 1748 πιστοῦται
541 1696 818 1766 μαρτυρίᾳ
878 1697 979 1768 τὴν
1022 1698 1454 1767 ὲγχειρισθεῖσαν
1510 1699 1786 1763 ὑπόθεσιν,

209 1786 332 1855 ἤτοι
361 1785 637 1839 διακονίαν
664 1787 835 1856 αὐτῷ.
873 1788 1032 1842 Ἥκω
1056 1791 1184 1858 γὰρ,
1214 1791 1397 1861 φησὶν,
1429 1790 1579 1844 οὐδὲν
1603 1792 1787 1862 ἕτερον

210 1877 376 1947 ἐρῶν,
399 1878 433 1948 ἢ
461 1879 542 1931 ὅτι
567 1879 750 1932 λοιπὸν
782 1880 874 1932 ἐπὶ
894 1879 1085 1950 θύραις
1103 1881 1131 1934 6
1160 1880 1625 1951 προσδοκώμενος,
1655 1881 1791 1952 μᾶλ-

207 1968 299 2021 λον
328 1970 386 2022 δὲ
428 1970 557 2023 εἵσω
586 1969 765 2039 θυρῶν
809 1972 837 2023 6
886 1971 1182 2042 Δεσπότης.
1232 1972 1625 2043 Ἐτοιμάσθητε
1656 1971 1794 2043 πρὸς

207 2058 387 2129 ἥνπερ
426 2057 493 2111 ἂν
540 2059 817 2113 ἐπιτάττει
863 2059 1101 2129 βαδίζειν
1150 2061 1302 2125 ὁδὸν,
1360 2061 1645 2114 ὲϐαδίσατε
1693 2060 1793 2130 τὴν

207 2150 298 2202 διὰ
346 2151 623 2215 Μωσέως,
676 2153 966 2207 ἀνελάϐετε
1019 2155 1118 2225 τὴν
1148 2154 1236 2207 διά
1266 2153 1539 2224 Χριστοῦ·
1590 2153 1793 2223 ταύτην

209 2245 346 2312 ἡμῖν
372 2244 401 2295 6
426 2243 534 2296 τῶν
562 2243 734 2312 ἁγίων
770 2245 1065 2315 προφητῶν
1099 2246 1475 2315 προεκήρυττε
1509 2245 1685 2317 χορός.

208 2334 547 2402 Παράθεσις
579 2334 784 2402 ῥητῶν
829 2336 963 2403 περὶ
1006 2335 1149 2389 ὀδοῦ
1191 2335 1300 2402 τῆς
1336 2336 1485 2388 κατὰ
1513 2335 1790 2402 Χριστόν.

294 2426 554 2491 Ἡσαΐας.
597 2445 614 2477 ι
660 2427 823 2480 Δεῦτε
859 2429 953 2480 καὶ
984 2428 1273 2496 ἀναδῶμεν
1318 2430 1398 2491 εἰς
1437 2429 1499 2480 τὸ
1528 2428 1652 2498 ὅρος
1697 2426 1792 2479 τοῦ

209 2518 450 2587 Κυρίου,
480 2520 571 2570 καὶ
604 2520 681 2581 εἰς
710 2520 801 2571 τὸν
830 2513 978 2571 οἷκον
1013 2518 1106 2571 τοῦ
1137 2518 1272 2571 Θεοῦ
1311 2519 1535 2581 Ἰακὼϐ,
1573 2518 1669 2571 καὶ
1702 2519 1793 2570 ἁν-

213 2608 437 2676 αγγελεί
474 2610 607 2678 ἡμῖν
650 2610 750 2679 τὴν
783 2610 899 2661 ὁδὸν
945 2610 1139 2671 αὐτοῦ,
1191 2610 1283 2662 καὶ
1330 2608 1708 2680 πορευσόμεθα
1738 2611 1795 2661 ὲν

210 2700 377 2769 αὐτῇ.
411 2718 428 2751 ι

298 2788 352 2841 '0
380 2791 579 2855 αὑτός.
627 2808 645 2840 ι
695 2792 889 2843 Ἔσται
930 2792 1047 2844 ἐκεῖ
1077 2790 1192 2854 666.;
1224 2788 1473 2859 καθαρὰ,
1530 2790 1623 2841 καὶ
1678 2788 1794 2851 ὁδὸς

210 2881 347 2950 ἁγία
371 2881 729 2953 κληθήσεται,
779 2885 871 2936 καὶ
894 2884 993 2935 οὐκ
1022 2882 1171 2936 ἔσται
1202 2884 1317 2935 ἐκεῖ
1345 2882 1510 2945 λέων,
1538 2882 1659 2933 οὐδὲ
1686 2881 1794 2933 τῶν

212 2974 420 3043 θηρίων
446 2974 553 3027 τῶν
588 2975 837 3045 πονηρῶν
868 2975 1017 3027 οὐδὲν
1045 2975 1107 3027 οὐ
1156 2974 1230 3043 μὴ
1258 2972 1432 3043 ἀναϐῇ
1461 2974 1577 3026 ἐκεῖ
1599 3010 1613 3035 ,
1662 2973 1710 3024 οἱ
1740 2971 1794 3023 δὲ

208 3066 601 3137 διεσπαρμένοι
628 3067 982 3137 πορεύσονται
1016 3068 1074 3117 ὲν
1105 3066 1264 3135 αὐτῇ.
1300 3083 1318 3115 ι

298 3162 354 3212 Ὀ
377 3163 578 3227 αὑτός.
629 3180 647 3211 ι
692 3161 889 3231 Ἀρχὴν
922 3159 1057 3213 Σιὼν
1082 3159 1270 3223 δώσω,
1313 3160 1407 3213 καὶ
1444 3156 1795 3230 Ἰερουσαλὴμ
1821 3185 1868 3247 C

213 3252 589 3324 παρακαλέσω
622 3253 700 3315 εἰς
733 3252 872 3305 ὀδόν.
912 3270 928 3301 ι

298 3346 363 3397 '0
404 3346 601 3409 αὑτός.
663 3362 680 3393 ι
735 3344 845 3396 Καὶ
891 3343 1004 3407 ἄξω
1048 3342 1283 3411 τυφλοὺς
1326 3359 1383 3395 εν
1425 3342 1557 3412 ὁδῷ,
1697 3342 1797 3394 οὐκ

213 3439 482 3505 ἔγνωσανο
502 3438 596 3490 καὶ
615 3436 856 3507 τρίϐους,
880 3435 945 3498 ἃς
968 3436 1067 3488 οὐκ
1083 3436 1304 3506 ᾔδεσαν,
1325 3438 1567 3504 πατῆσαι
1588 3433 1799 3504 ποιήσω

212 3541 437 3585 αυτους.
478 3542 494 3573 ι

299 3616 601 3683 Ἱερεμίας.
644 3633 661 3665 ι
698 3615 864 3683 Στῆτε
905 3614 999 3666 ἐπὶ
1019 3616 1139 3678 ταῖς
1168 3615 1328 3679 ὁδοῖς,
1360 3615 1451 3667 καὶ
1486 3614 1797 3683 ἐρωτήσατε

213 3708 441 3777 τρίϐους
466 3706 666 3776 Κυρίου
695 3707 962 3769 αἰωνίους,
994 3708 1086 3760 καὶ
1118 3707 1254 3760 ἴδετε
1285 3708 1413 3761 ποία
1450 3706 1595 3758 ἐστὶν
1628 3707 1660 3774 ἡ
1685 3705 1799 3769 ὁδὸς

217 3802 251 3869 ἡ
280 3799 483 3869 ἀγαθὴ,
520 3801 611 3852 καὶ
640 3798 880 3867 βαδίζετε
909 3800 967 3851 ἐν
995 3798 1133 3868 αὐτῇ
1158 3838 1173 3861 ,
1230 3800 1323 3852 καὶ
1348 3799 1606 3868 εὑρήσετε
1640 3799 1800 3865 ἁγια-

218 3890 362 3960 σμδν
393 3893 510 3953 ταῖς
537 3891 731 3959 ψυχαῖς
762 3890 933 3959 ὑμῶν,
976 3908 993 3939 ι

290 3982 389 4043 Τίς
414 3978 503 4036 οὖν
538 3984 569 4053 ἡ
596 3982 713 4045 ὁδὸς
748 3982 985 4052 ἡάγαθὴ
1027 3984 1118 4034 καὶ
1149 3983 1445 4050 ἁγνίζουσα
1498 3983 1623 4047 τοὺς
1656 3984 1801 4053 βαδί-

219 4078 417 4139 ζοντας
446 4076 501 4127 ἐν
529 4075 689 4144 αὐτῇ,
722 4075 880 4137 αὐτὸς
909 4075 1112 4142 λεγέτω
1146 4075 1380 4144 Χριστός
1407 4093 1419 4105 ·
1458 4096 1473 4124 ι
1519 4076 1657 4144 Ἐγώ
1686 4079 1799 4148 εἰμι

219 4165 480 4233 ἡόδὸς.»

286 4256 399 4308 Καὶ
433 4258 485 4309 cl
512 4256 951 4322 ἀπεσταλμένοι
979 4252 1140 4324 ἦσαν
1178 4256 1247 4309 ἐκ
1292 4256 1409 4309 τῶν
1432 4260 1799 4326 Φαρισαίων,

219 4346 324 4400 καί
370 4346 687 4414 ἠρώτησαν
731 4347 947 4407 αὑτὸν,
995 4347 1092 4399 καὶ
1137 4343 1310 4399 εἶπον
1348 4348 1536 4412 αὐτῷ·
1593 4352 1652 4404 Τί
1691 4347 1804 4403 οὖν

214 4438 526 4504 βαπτίζεις
547 4480 559 4500 ,
590 4440 640 4491 εί
679 4438 759 4489 σί·
784 4439 895 4490 οὐκ
928 4433 985 4491 εἷ
1022 4440 1054 4491 ό
1084 4439 1335 4505 Χριστὸς
1355 4477 1369 4500 ,
1408 4440 1547 4493 οὔτε
1580 4441 1800 4506 Ἠλίας,

220 4534 364 4587 οὔτε
389 4534 421 4584 ό
450 4530 756 4599 προφήτης
782 4547 798 4591 ;

294 4624 361 4675 υί
404 4622 549 4692 παρὰ
576 4621 685 4672 τῶν
722 4618 990 4673 Ἰουδαίων
1024 4617 1422 4689 ἀπεσταλμένοι
1462 4618 1707 4687 (Λευῖται
1743 4621 1801 4673 δὲ

220 4711 385 4784 ἦσαν,
419 4713 510 4765 καὶ
546 4712 653 4764 τῶν
683 4714 739 4763 ὲν
772 4709 1037 4780 ἱερωσύνῃ
1066 4711 1254 4780 τινὲς),
1290 4710 1631 4771 ἀπαιδεύτως
1660 4713 1800 4781 ἐρω-

219 4805 428 4866 τῶντες
468 4804 779 4872 ἠλέγχοντο.
829 4802 1056 4873 Ἕτερον
1096 4802 1206 4871 γὰρ
1248 4797 1388 4855 εἶναι
1414 4802 1504 4854 τὸν
1543 4801 1799 4873 Χριστὸν,

221 4898 413 4966 ἕτερον
459 4894 514 4946 δὲ
549 4894 637 4947 τὸν
660 4894 746 4946 διά
769 4891 862 4945 τοῦ
895 4894 1060 4962 νόμου
1102 4893 1385 4963 προφήτην
1428 4894 1802 4947 ὑποτοπάσαν-

222 5004 280 5039 τε
292 4987 602 5053 ς,ἕφασκον,
620 4983 757 5054 μετὰ
768 4984 824 5035 τὸ
849 4986 1017 5054 φῆσαι
1038 4984 1125 5036 τὸν
1142 4984 1295 5052 ἅγιον
1323 4984 1803 5054 Βαπτιστὴν,Ἒγὼ

222 5078 329 5131 οὐκ
362 5077 479 5145 εἰμὶ
512 5078 539 5129 6
574 5075 805 5144 Χριστός
831 5088 844 5102 °
891 5091 909 5124 ι
950 5074 1005 5126 '0
1032 5077 1315 5145 προφήτης
1357 5070 1404 5127 εἶ
1451 5075 1553 5139 aii;
1593 5094 1610 5126 ι
1664 5076 1803 5128 Ἀλλ’

228 5170 341 5223 ίδοῦ
388 5168 482 5221 καὶ
528 5171 559 5235 ἡ
610 5167 715 5220 τῶν
756 5165 1063 5236 Φαρισαίων
1114 5165 1325 5235 πληθὺς
1370 5166 1805 5236 δοκησισοφοῦσα

227 5261 436 5332 μᾶλλον
481 5260 621 5331 ᾗπερ
660 5259 826 5322 ὅντως
873 5258 1071 5329 ἀκριϐῆ
1114 5257 1222 5309 τῶν
1270 5257 1429 5310 θείων
1471 5258 1663 5325 λογίων
1706 5259 1804 5330 τὴν

226 5353 431 5421 γνῶσιν
456 5352 653 5422 ἔχουσα
690 5352 972 5419 φωρᾶταιο
1023 5368 1039 5399 ι
1082 5349 1145 5399 Τί
1186 5348 1292 5417 γὰρ
1327 5350 1461 5408 ὅλως
1501 5349 1801 5417 βαπτίζεις,

229 5446 431 5515 ιξησὶν,
463 5446 510 5495 εί
546 5443 608 5495 σὺ
640 5442 737 5494 οὐκ
767 5436 817 5493 εἴ
844 5443 871 5494 ὁ
904 5439 1171 5510 Χριστὸς,
1210 5438 1331 5489 οὐδὲ
1382 5438 1568 5501 Ἠλίας
1590 5478 1602 5500 ι
1639 5441 1756 5493 οὐδὲ
1779 5443 1807 5493 ὁ

228 5542 516 5607 πφξήτης
541 5552 554 5599 ;
585 5554 602 5585 ι
651 5534 928 5587 Φαίνονται
957 5532 1012 5584 δὲ
1042 5530 1201 5582 πάλιν
1225 5570 1238 5592 ,
1273 5530 1329 5581 οὐ
1370 5531 1569 5598 μικρὰν
1595 5532 1807 5583 ὠδίνον-

223 5648 319 5693 τες
350 5629 487 5681 κατά
510 5626 603 5679 τοῦ
632 5624 929 5679 Batus-.05
953 5624 1048 5693 τὴν
1071 5623 1429 5677 ἀπόνοιαν.()ὑ
1452 5623 1557 5694 γὰρ
1578 5623 1807 5688 ἀξιοῦσυ,

297 5747 348 5774 “⁷
381 5745 655 5828 15³,ιιζῇ
730 5745 906 5800 "isa.
933 5756 1092 5807 xuii,
1125 5738 1176 5803 8,
1215 5742 1266 5797 9.
1346 5746 1388 5778 ’⁵ο
1433 5744 1536 5800 Isa.
1573 5763 1680 5804 xu.
1728 5746 1815 5799 ‘27.

232 5819 429 5873 ‘Jnan.
478 5833 513 5878 i,
548 5816 633 5868 ‘23:.

1888 618 2011 659 esse
2046 604 2347 668 Christum,
2376 605 2715 674 subjiciunt:
2738 606 2879 671 Quid
2903 605 3070 675 ergo?
3108 603 3252 659 ﬁlias
3283 618 3343 658 es
3368 605 3465 658 tu?

1890 690 1987 745 Illo
2014 701 2266 762 negante,
2305 708 2429 747 cum
2476 702 2622 748 esset
2649 704 3076 749 consentaneum
3114 694 3463 764 percunctari

1888 783 1956 838 de
1995 799 2372 854 pmcursore,
2412 785 2572 856 109
2606 784 2695 853 (id
2730 789 2875 841 cuiin
2914 787 3179 854 restabat)
3213 784 3464 854 imperite

1887 874 1957 930 ad
2007 876 2182 945 ipsum
2215 877 2496 933 Christum
2532 878 2717 931 statim
2769 891 2829 932 se
2882 875 3196 937 conferunt,
3249 873 3343 944 qui
3404 880 3464 925 ut

1888 967 2152 1037 propheta
2196 983 2292 1037 per
2327 969 2496 1038 legem
2543 968 2908 1036 signiﬁcatur.
2958 965 3095 1021 Vide
3138 967 3281 1020 enim
3329 964 3462 1034 quid

1889 1059 2075 1113 dicant
2104 1062 2431 1130 scriptorum
2477 1060 2844 1115 Mosaienruiu
2882 1059 3058 1129 ignari
3088 1077 3099 1113 :
3136 1076 3154 1110 ι
3192 1056 3463 1126 Propheta

1889 1166 1950 1207 es
1979 1152 2076 1205 tu?
2117 1152 2179 1206 Et
2220 1152 2522 1222 respondit,
2566 1151 2707 1205 Non.
2751 1170 2770 1204 ι
2815 1149 2934 1205 Νοη
2978 1158 3096 1204 erat
3139 1150 3288 1205 enim
3348 1148 3467 1220 ipse

1889 1242 2165 1307 Christus,
2200 1244 2396 1313 utjam
2432 1252 2560 1297 ante
2584 1241 2953 1298 continuavit.

1958 1421 2109 1487 1,22,
2131 1421 2221 1476 25.
2259 1420 2399 1486 Quid
2418 1420 2552 1473 dicis
2583 1418 2647 1473 de
2674 1420 2841 1488 teipso
2862 1420 2886 1474 7
2908 1416 3019 1488 Ego
3050 1432 3149 1470 v0.1:
3181 1416 3464 1470 clamantis

1889 1517 1944 1569 in
1967 1514 2192 1569 deserto.

1961 1605 2240 1675 Tanquam
2272 1605 2488 1675 ignaros
2509 1603 2914 1673 Scripturarum
2941 1600 3146 1654 acriter
3167 1614 3262 1654 eos
3286 1597 3465 1668 arguit

1890 1707 1943 1752 et
1969 1695 2289 1767 prophetico
2319 1693 2628 1748 testimonio
2662 1691 2822 1745 ﬁdem
2875 1689 3007 1743 facit
3054 1688 3350 1743 ministerii
3400 1702 3466 1742 ac

1892 1789 2029 1843 vicis
2065 1787 2170 1843 sibi
2218 1785 2579 1841 demandatae.
2622 1782 2799 1837 Venio
2857 1781 3027 1847 enim,
3087 1780 3284 1849 inquit,
3330 1778 3465 1832 nihil

1893 1882 2142 1935 dicturus
2177 1880 2320 1933 aliud
2368 1878 2475 1932 nisi
2524 1892 2622 1947 pro
2653 1874 2866 1930 foribus
2899 1874 3121 1928 demum
3162 1886 3288 1925 esse
3339 1883 3463 1923 eum

1892 1974 1984 2044 qui
2008 1978 2381 2042 exspectatur,
2406 1970 2517 2022 imo
2547 1967 2731 2038 potius
2758 1965 3043 2019 Dominum
3075 1964 3217 2015 intra
3252 1970 3461 2030 portas.

1893 2064 2074 2120 Parati
2109 2064 2229 2119 sitis
2258 2076 2647 2133 quamcunque
2670 2059 2827 2128 jubet
2853 2057 2998 2111 viam
3024 2055 3312 2109 insistere:
3352 2067 3468 2104 am-

1894 2158 2127 2213 bulastis
2161 2156 2214 2210 in
2246 2156 2333 2209 via
2364 2154 2554 2215 Mosis,
2579 2151 2787 2207 Christi
2814 2148 2957 2202 viam
2994 2145 3258 2215 suscipite
3284 2163 3296 2198 :
3324 2142 3466 2195 hanc

1894 2248 2053 2303 nobis
2088 2254 2407 2302 sanctorum
2437 2244 2826 2315 prophetarum
2860 2237 3110 2308 pra-dixit
3143 2236 3369 2290 chorus.

2072 2338 2399 2395 Testimonia
2433 2335 2807 2402 prophetarum
2846 2328 2909 2382 de
2946 2329 3030 2381 nia
3063 2325 3287 2380 Christi.

1968 2433 2164 2488 Isaias.
2208 2450 2225 2482 ι
2260 2428 2453 2482 Venite
2471 2423 2834 2480 ascendainus
2864 2420 2918 2472 in
2944 2423 3182 2471 montem
3219 2412 3459 2475 Domini,

1895 2539 1947 2585 et
1976 2527 2045 2582 ad
2069 2527 2288 2582 domum
2316 2520 2407 2575 Dei
2432 2518 2621 2582 Iacob,
2660 2527 2713 2569 et
2747 2510 3096 2567 annuutiahit
3130 2506 3289 2561 nobis
3318 2506 3459 2558 viam

1896 2635 2075 2685 suam,
2101 2625 2154 2673 et
2184 2613 2588 2671 ambulabiinus
2624 2610 2678 2662 in
2702 2622 2766 2662 ea
2792 2607 2862 2658 ’⁷.
2896 2624 2913 2655 ι

1966 2796 2138 2850 Idem.
2179 2810 2197 2844 ι
2235 2790 2355 2845 Erit
2385 2789 2457 2843 ibi
2485 2786 2571 2839 via
2603 2782 2831 2843 munda,
2865 2786 2919 2833 et
2952 2776 3040 2831 via
3081 2781 3269 2829 sancta
3306 2784 3471 2825 voca-

1897 2891 2086 2945 bitur:
2124 2901 2234 2940 uon
2267 2884 2373 2938 erit
2404 2882 2474 2934 ibi
2514 2880 2619 2939 leo,
2658 2884 2713 2931 et
2746 2872 2887 2928 mala
2929 2870 3080 2924 bestii
3139 2881 3245 2920 non
3277 2878 3471 2918 ascen-

1897 2983 1987 3038 det
2009 2981 2063 3034 in
2095 2992 2236 3039 eam,
2275 2974 2367 3029 sed
2395 2970 2755 3025 ambulabunt
2784 2966 2836 3019 in
2862 2977 2924 3017 ea
2956 2962 3069 3016 diss
3104 2957 3210 3009 nati
3236 2956 3303 3008 ’⁸.
3341 2972 3359 3004 ι

1970 3158 2140 3211 Idem.
2183 3174 2199 3206 ι
2260 3149 2596 3218 Principium
2653 3143 2797 3197 dabo
2850 3138 3003 3202 Sion,
3067 3146 3119 3191 et
3167 3130 3471 3189 Jerusalem

1900 3250 2159 3306 hortabor
2183 3246 2249 3301 ad
2276 3243 2418 3297 viam
2440 3241 2508 3293 ".
2547 3257 2564 3289 ι

1972 3341 2141 3396 Idem.
2173 3357 2190 3389 ι
2231 3336 2298 3390 Ει
2340 3334 2537 3388 ducam
2590 3343 2765 3384 caecos
2801 3326 2855 3379 in
2893 3323 2978 3376 via
3018 3335 3181 3391 quam
3220 3332 3327 3371 nou
3374 3327 3475 3368 uo-

1897 3442 2113 3497 verunt,
2140 3440 2192 3486 et
2222 3444 2321 3498 per
2352 3424 2578 3481 semitas
2606 3436 2745 3492 quas
2808 3433 2916 3471 non
2965 3418 3171 3468 norunt
3220 3407 3475 3463 incedere

1899 3528 2046 3596 ipsus
2082 3522 2277 3574 faciam
2303 3520 2342 3571 '.
2394 3536 2411 3567 ι
3512 3488 3515 3491 Ι

1966 3614 2248 3667 Jereniias.
2288 3626 2305 3658 ι
2349 3600 2500 3660 State
2529 3618 2695 3673 super
2726 3602 2862 3664 vias,
2914 3606 2968 3652 et
3002 3597 3337 3661 interrogate
3382 3603 3474 3643 se-

1898 3710 2064 3765 mitas
2101 3702 2309 3757 Domini
2346 3715 2465 3769 quae
2495 3714 2524 3750 a
2559 3696 2801 3751 saeculo:
2853 3700 2907 3746 et
2947 3690 3125 3742 videte
3172 3684 3352 3754 qualis
3392 3688 3476 3735 est

1900 3800 1985 3852 via
2009 3797 2174 3857 bona,
2209 3800 2264 3847 et
2302 3789 2575 3844 ambulate
2627 3787 2682 3839 in
2732 3799 2817 3845 ea,
2850 3792 2902 3835 et
2942 3776 3239 3834 invenietis
3289 3770 3477 3842 pnrili-

1901 3890 2169 3947 cntionem
2206 3881 2494 3937 animabus
2527 3878 2793 3932 vestris’.
2837 3892 2854 3925 ι

1973 3982 2230 4047 Quaenam
2257 3988 2387 4044 ergo
2416 3973 2489 4027 sit
2531 3971 2621 4024 illa
2655 3970 2741 4021 via
2777 3968 2942 4031 lmna,
2976 3979 3206 4033 quaeque
3237 3958 3478 4015 sanctiﬁ-

1901 4082 1991 4128 cat
2022 4069 2337 4125 iucedentes
2377 4066 2431 4119 in
2463 4078 2548 4127 ea,
2598 4062 2711 4130 ipse
2762 4059 2908 4113 dicat
2967 4056 3261 4110 Christus:
3304 4070 3322 4102 ι
3366 4050 3478 4119 Ego

1903 4181 2023 4221 sum
2050 4164 2136 4216 via
2162 4162 2203 4213 ³.
2248 4179 2266 4211 ι

1972 4257 2013 4321 1,
2045 4253 2236 4308 21-25.
2276 4249 2341 4303 Et
2389 4249 2478 4318 qui
2518 4244 2667 4299 missi
2702 4243 2939 4312 fuerant,
2993 4247 3241 4293 erantex
3290 4230 3482 4285 Phari-

1905 4350 2025 4403 sa'is
2052 4363 2069 4400 :
2100 4356 2147 4399 et
2179 4346 2636 4410 interrogaverunt
2670 4352 2809 4396 eum,
2843 4342 2891 4385 et
2930 4332 3181 4383 dixerunt
3211 4328 3258 4380 ei
3290 4341 3306 4377 :
3339 4322 3480 4387 Quid

1904 4454 2024 4507 ergo
2076 4435 2339 4502 baptizas,
2382 4433 2429 4484 si
2464 4437 2518 4481 tu
2547 4444 2651 4479 non
2685 4441 2738 4477 es
2771 4421 3042 4482 Christus,
3094 4433 3255 4483 neque
3304 4412 3479 4473 Elias,

1836 4518 1877 4572 D
1908 4544 2070 4598 neque
2098 4525 2353 4594 propheta
2383 4524 2406 4577 ?

1970 4620 2129 4686 Quia
2165 4615 2369 4670 Iudaeis
2429 4612 2583 4666 missi
2618 4615 2799 4667 erant.
2848 4604 3048 4659 Levita:
3100 4599 3381 4663 nimirum,
3431 4607 3484 4653 et

1900 4712 2124 4784 quidam
2151 4724 2217 4764 ex
2258 4704 2615 4762 sacerdotum
2657 4698 2875 4762 ordine,
2905 4694 3066 4763 ιιο
3090 4692 3311 4747 stultam
3337 4705 3484 4759 quae-

1902 4808 2139 4861 stionem
2200 4799 2399 4855 fecisse
2464 4794 2857 4863 arguebantur.
2919 4787 3097 4840 Alium
3157 4785 3301 4839 enim
3362 4797 3486 4835 esse

1903 4897 2206 4955 Christum,
2236 4892 2401 4945 alium
2427 4886 2750 4958 pr0plictam
2778 4882 2953 4945 illum,
2988 4876 3149 4944 cujus
3191 4877 3248 4929 in
3276 4874 3391 4942 lege
3428 4873 3485 4924 tit

1910 4986 2114 5042 mentio
2142 4982 2425 5051 suspicati,
2463 4993 2589 5032 cum
2622 4990 2679 5030 sa
2694 4984 2852 5027 nctus
2880 4970 3126 5038 Baptista
3167 4964 3485 5035 respondis-

1911 5086 1993 5133 set
2020 5092 2079 5131 se
2108 5090 2217 5128 non
2246 5088 2367 5128 esse
2391 5069 2701 5125 Christum,
2734 5063 2991 5117 dicebant
3017 5078 3031 5114 :
3073 5078 3090 5109 ι
3123 5056 3395 5126 Pmpheta
3423 5071 3485 5109 es

1909 5169 2006 5223 tu?
2048 5187 2063 5219 ι
2115 5165 2218 5220 Sed
2268 5178 2397 5241 ecce
2451 5160 2611 5214 turba
2647 5159 2764 5227 ipsa
2816 5166 3035 5223 quoque
3081 5148 3481 5202 Pliariszeorum

1908 5275 2047 5315 vana
2098 5255 2455 5328 persuasione
2516 5249 2802 5321 sapientia:
2856 5244 3036 5299 inﬂata
3082 5240 3267 5311 potius
3319 5252 3483 5307 quam

1911 5368 2035 5403 vera
2088 5348 2404 5403 divinorum
2470 5342 2824 5396 oraculorum
2891 5334 3202 5403 cognitione
3258 5329 3483 5399 praedita

1912 5459 2035 5499 esse
2058 5438 2507 5510 deprehenditur.
2549 5452 2565 5485 i
2605 5430 2745 5497 Quid
2771 5429 2939 5489 enim,
2990 5443 3007 5476 ι
3048 5424 3297 5483 obsecro,
3336 5440 3355 5471 ι
3390 5421 3488 5473 ha-

1916 5537 2111 5605 ptizas,
2152 5552 2169 5581 ι
2212 5532 2489 5600 inquiunt,
2531 5546 2548 5575 ‹
2589 5525 2632 5578 si
2663 5532 2718 5576 tu
2751 5536 2857 5586 non
2902 5534 2961 5572 es
2982 5516 3269 5575 Christus,
3311 5528 3489 5583 neque

1920 5602 2087 5687 Filias,
2149 5640 2326 5693 neque
2382 5614 2733 5691 propheta‘?
2774 5631 2791 5665 ι
2854 5609 2956 5663 liic
2988 5621 3181 5661 rursus
3235 5602 3488 5658 videntur

1900 5748 1911 5775 ¹
1963 5746 2064 5798 lszi.
2109 5761 2236 5807 xui.
2287 5742 2367 5796 i6.
2447 5737 2698 5793 ’Jcreni.
2738 5748 2814 5797 νι,
2859 5727 2943 5783 16.
3034 5724 3053 5757 ³
3082 5722 3236 5779 Ioan.
3279 5738 3387 5786 xw,
3430 5720 3483 5775 6.
