4222 6510
771 409 861 461 Ml
1769 411 1829 468 S.
1872 412 2153 469 CYRILLI
2190 413 2667 469 ALEXANDRINI
2708 415 3036 471 ARCIIIEP.

3938 416 4042 471 191

754 546 885 586 lt-m.
914 536 1208 606 Propterea
1245 536 1525 605 prophetae
1548 550 1769 606 quoque
1802 552 2125 593 mensuram
2148 554 2338 593 exces-

2445 539 2543 590 Διά
2593 540 2771 603 τοζτο,
2804 542 2898 592 καὶ
2926 540 2987 590 τὸ
3030 537 3328 606 προφητῶν
3371 537 3680 617 ἀνεπήδησε
3713 536 4042 607 μέτρον,ὡς

754 626 849 686 sit,
886 634 945 679 ut
984 628 1101 697 ipse
1156 628 1358 681 alicubi
1417 626 1674 680 Salvator
1734 629 1812 681 ait
1854 644 1982 683 cum
2032 628 2239 684 Judmis
2274 629 2341 683 de

753 730 822 769 eo
848 718 1129 773 disserens
1175 739 1186 772 :
1231 737 1246 768 ι
1293 719 1433 783 Quid
1464 720 1657 775 existis
1703 721 1757 773 in
1806 721 2084 774 desertum
2120 720 2344 774 videre?

762 811 1125 879 l’rophetam?
1156 802 1333 864 Etiam
1366 812 1492 865 dico
1534 813 1707 875 vobis,
1743 823 1796 867 et
1832 814 1955 882 plus
2001 829 2166 881 quam
2214 830 2344 883 pro.

762 903 974 968 plmtam
1007 905 1042 953 '.
1095 923 1112 955 ι
1158 903 1236 956 Illi
1276 905 1421 958 enim
1473 904 1755 958 Christum
1795 904 2089 973 aliquando
2143 914 2340 975 ventu-

760 1013 878 1048 rum
914 997 1319 1064 prophetabant
1353 1016 1364 1050 :
1399 999 1486 1052 hic
1522 1010 1701 1051 autem
1735 1014 1860 1051 cum
1894 1007 2191 1051 venturum
2223 1001 2340 1053 cla-

760 1095 955 1150 maret,
987 1090 1155 1143 etiam
1218 1089 1414 1144 adesse
1471 1090 1822 1143 monstravit.
1861 1109 1878 1139 ι
1929 1091 2116 1142 Altera
2195 1090 2341 1144 enim

759 1180 871 1244 die,
910 1181 1114 1251 inquit,
1152 1183 1289 1236 vidit
1323 1181 1865 1237 Jesum.venientem
1899 1183 1963 1235 ad
1991 1199 2069 1237 se.
2104 1202 2121 1233 ι

830 1285 871 1347 1,
896 1284 986 1339 29.
1024 1286 1093 1338 Et
1125 1288 1200 1339 ait
1233 1304 1250 1340 :
1286 1286 1419 1340 Ecce
1450 1287 1631 1357 Agnus
1668 1286 1785 1351 Dei,
1824 1288 1914 1355 qui
1966 1287 2106 1339 tollit
2152 1304 2335 1355 pecca-

760 1386 870 1430 tum
903 1381 1107 1432 mundi.

828 1468 945 1522 Non
992 1470 1105 1537 jam
1158 1470 1358 1539 inquit,
1397 1488 1415 1521 ι
1465 1469 1657 1536 Parate
1692 1488 1746 1525 ι;
1792 1471 2192 1527 convenienter
2225 1487 2342 1525 am-

759 1558 903 1626 plius
961 1559 1069 1613 dici
1130 1568 1331 1629 potest,
1384 1576 1507 1613 cum
1564 1570 1825 1615 cernatur
1882 1561 2107 1615 demum
2168 1572 2224 1617 et
2285 1564 2339 1618 in

757 1653 934 1707 oculis
970 1654 1042 1707 sit
1089 1654 1180 1707 ille
1217 1662 1439 1723 propter
1470 1669 1631 1721 quem
1685 1654 1739 1708 fit
1787 1656 2138 1724 praeparatio.
2180 1656 2339 1708 Aliud

757 1744 1014 1813 loquendi
1051 1760 1224 1814 genus
1255 1762 1438 1800 rerum
1497 1755 1693 1799 natura
1736 1748 2001 1815 postulat.
2044 1748 2339 1816 Exponen-

756 1837 883 1890 rlum
908 1846 993 1891 est
1028 1838 1189 1909 114
1217 1841 1341 1907 quis
1374 1840 1447 1892 sit
1478 1839 1567 1891 ille
1610 1840 1701 1908 qui
1745 1838 1860 1907 jam
1904 1841 2083 1901 adest,
2114 1848 2167 1895 et
2196 1855 2337 1909 quas

755 1927 826 1981 ob
888 1943 976 1981 res
1015 1928 1079 1980 ad
1143 1944 1241 1981 nos
1276 1930 1647 1991 descenderit,
1696 1930 1788 1997 qui
1830 1928 1897 1984 de
1951 1930 2109 1985 cmlis
2165 1931 2336 1987 venit.

760 2038 781 2067 σ
830 2020 967 2073 Ecce
1008 2040 1023 2071 ι
1065 2021 1250 2085 igitur.
1286 2022 1485 2090 inquit,
1526 2041 1542 2071 ι
1586 2022 1772 2087 Agnus
1799 2020 1919 2084 Dei,
1954 2042 1972 2073 ι
2009 2038 2172 2091 quem
2209 2040 2341 2092 pro-

756 2114 919 2182 pheta
959 2113 1097 2165 Isaia
1135 2116 1294 2165 nobis
1329 2114 1800 2181 priesiguiﬁcavit,
1846 2114 2041 2169 dicens
2080 2134 2094 2170 :
2128 2135 2145 2167 ι
2183 2114 2339 2171 Sicut

754 2208 876 2259 ovis
896 2206 958 2258 ad
984 2207 1316 2261 occisionem
1350 2206 1554 2261 ductus
1575 2216 1680 2269 est,
1704 2214 1757 2261 et
1782 2207 1929 2261 sicut
1951 2223 2126 2278 agnus
2150 2225 2336 2263 coram

756 2299 1018 2352 tondente
1083 2315 1139 2352 se
1204 2300 1481 2353 obmutuit
1528 2301 1568 2354 ⁸.
1617 2318 1634 2349 ι
1676 2299 1852 2365 Quem
1917 2300 2074 2365 olim,
2139 2302 2337 2372 inquit,

754 2389 924 2443 Mosis
972 2391 1054 2444 lex
1095 2391 1490 2460 prailiguravit.
1555 2390 1660 2445 Sed
1709 2407 1774 2444 eo
1813 2392 2039 2461 quidem
2092 2400 2341 2463 tempore

754 2481 1011 2534 servabat
1045 2498 1107 2535 ex
1167 2490 1339 2550 parte,
1381 2497 1489 2535 non
1552 2484 1606 2536 in
1666 2498 1860 2537 omnes
1903 2484 2338 2538 misericordiam

754 2588 907 2627 Suam
968 2574 1285 2629 diffundens
1338 2592 1351 2627 :
1404 2584 1567 2645 typus
1618 2577 1762 2629 enim
1821 2585 1941 2631 erat
1997 2586 2053 2631 et
2106 2578 2336 2643 umbra;

754 2681 901 2720 nunc
934 2675 1120 2720 autem
1165 2667 1257 2721 ille
1287 2667 1499 2735 Agnus,
1525 2670 1616 2737 qui
1650 2669 1779 2722 olim
1812 2671 2159 2737 aenigmatice
2200 2686 2338 2739 pra:-

754 2758 1119 2825 ligurabalur,
1168 2758 1526 2813 immaculata
1585 2761 1674 2813 illa
1716 2761 1895 2816 hostia
1941 2778 2039 2831 pro
2079 2763 2341 2818 omnibus

752 2848 819 2902 ad
855 2851 1193 2905 occisionem
1232 2852 1475 2915 ducitur,
1510 2860 1569 2905 ut
1626 2853 1813 2907 mundi
1853 2863 2139 2923 peccatum
2185 2869 2340 2910 amo-

752 2955 896 3007 veat,
933 2950 991 2995 ut
1024 2942 1175 2997 orbis
1206 2944 1698 2998 exterminatorem
1736 2952 1971 3008 evertat,
2005 2954 2066 2998 ut
2105 2954 2339 3000 mortem

752 3048 854 3102 pro
897 3034 1156 3089 omnibus
1205 3032 1465 3089 obeundo
1502 3042 1736 3089 mortem
1792 3036 2036 3099 aboleat,
2068 3044 2128 3090 ut
2163 3039 2341 3092 solvat

753 3126 1035 3180 hominum
1068 3125 1513 3181 maledictionem
1538 3127 1580 3193 ',
1612 3137 1671 3181 ut
1703 3136 1880 3183 cesset
1914 3130 2133 3183 tandem
2170 3130 2336 3183 illud:

2447 629 2608 690 αὑτός
2662 630 2763 681 ποῦ
2796 646 2960 698 φησιν
3010 630 3036 680 ὁ
3068 627 3279 696 Σωτὴρ,
3316 626 3452 696 πρὸς
3480 626 3768 689 Ἰουδαξους
3800 628 4041 695 διαλεγό-

2450 738 2612 789 μενος
2658 721 2787 791 περὶ
2841 720 3039 773 αὐτοῦ’
3077 740 3096 771 ι
3139 720 3203 771 Τί
3242 719 3495 787 Eii-119215
3544 721 3622 780 εἰς
3678 719 3776 787 τὴν
3834 719 4040 788 ἔρημον

2448 812 2578 864 ἰδεῖν
2602 828 2616 875 ;
2643 812 2939 880 Προφήτην
2966 830 2980 877 ;
3011 812 3122 863 Ναὶ
3149 810 3292 877 λέγω
3322 811 3472 879 ὑμῖν,
3510 812 3605 862 καὶ
3652 812 4040 881 περισσότερον

2446 904 2780 972 προφήτου.»
2814 904 2877 955 Ol
2905 903 3004 972 μὲν
3036 902 3145 972 γὰρ
3180 902 3259 954 ὅτι
3296 902 3436 955 κατά
3464 904 3692 971 καιροὺς
3725 903 4041 978 ἀναδειχθῇ-

2447 1010 2595 1045 σεται
2630 994 2862 1063 Χριστὸς
2904 994 3299 1064 προεφήτευον,
3344 994 3451 1047 ὁδε
3482 994 3556 1057 ὠς
3594 995 3712 1063 ἥξει
3749 995 3908 1063 βοῶν,
3948 997 4041 1048 καὶ

2446 1086 2690 1155 παρόντα
2703 1086 2924 1154 δέδειχε.
2951 1103 2969 1136 ι
2998 1087 3078 1156 Τῇ
3118 1086 3224 1156 γὰρ
3256 1086 3539 1151 ἐπαύριον,
3563 1089 3717 1156 φησὶ,
3740 1088 3925 1157 βλέπει
3951 1090 4041 1140 τὸν

2459 1177 2665 1247 Ἰησοῦν
2692 1179 2987 1249 ἐρχόμενον
3017 1180 3154 1249 πρὸς
3186 1180 3373 1234 αὐτόν.
3409 1200 3427 1231 ι

2520 1291 2629 1343 Kal
2657 1290 2817 1359 λέγει
2840 1310 2851 1321 ·
2881 1292 3005 1346 Ἴδε
3025 1295 3059 1345 ό
3099 1293 3315 1362 Ἀμνές
3350 1280 3456 1347 τοῦ
3492 1294 3640 1348 Θεοῦ
3666 1298 3698 1348 ὀ
3721 1296 3904 1363 αἴρων
3926 1296 4039 1363 τὴν

2442 1383 2599 1450 ἁμαρ
2608 1383 2740 1435 τίαν
2765 1383 2871 1435 τοῦ
2901 1384 3156 1451 κόσμου.

2516 1472 2709 1525 Οὐκέτι
2727 1474 2836 1537 τὸ,‹
2858 1474 3239 1543 Ἑτοιμάσατε,
3255 1476 3473 1547 »καιρὸν
3496 1476 3607 1547 ἔχει
3629 1478 3718 1530 τὸν
3736 1478 4035 1548 πρέποντα·

2445 1564 2627 1616 λοιπὸν
2669 1566 2952 1634 ὁρωμένου
2998 1567 3092 1619 καὶ
3140 1567 3293 1630 ὄντος
3337 1570 3396 1620 ἐν
3428 1568 3728 1638 ὀφθαλμοῖς
3760 1570 3850 1622 τοῦ
3886 1570 3953 1622 δι’
3982 1571 4038 1621 ὃν

2445 1657 2478 1724 ὴ
2531 1657 2818 1724 ἐτοιμασία
2876 1658 3124 1724 γίνεται·
3166 1659 3371 1728 ἐτέρων
3424 1660 3594 1712 ἐδεῖτο
3643 1660 3818 1726 λόγων
3874 1663 3907 1729 ή
3947 1661 4036 1712 τοῦ

2444 1745 2768 1816 πράγματος
2802 1746 2984 1813 φύσις.
3036 1747 3234 1818 Ἐχρῆν
3282 1748 3597 1818 ἐξηγεῖσθαι
3640 1751 3723 1813 τίς
3754 1753 3781 1802 6
3812 1750 4035 1820 παρὼν,

2444 1838 2535 1890 καὶ
2567 1838 2658 1891 ἐπὶ
2686 1838 2825 1890 τίσιν
2852 1838 2965 1907 ἔχει
2992 1837 3088 1909 τὴν
3117 1838 3345 1892 κάθοδον
3368 1841 3397 1892 6
3432 1839 3570 1907 πρὸς
3602 1842 3751 1910 ἡμᾶς
3785 1840 3844 1904 ἐξ
3876 1843 4039 1910 οὖρα-

2445 1930 2552 1983 νῶν
2603 1931 2925 2000 ἀφιγμένος.
2961 1949 2981 1981 ι
3014 1929 3120 1983 Ἴδε
3151 1930 3349 1996 τοίνυν,
3392 1933 3579 1999 φησὶν,
3621 1933 3649 1983 6
3688 1933 3883 2001 Ἀμνὸς
3944 1931 4037 1983 τοῦ

2442 2022 2601 2085 Θεοῦ,
2637 2042 2658 2073 ι
2704 2022 2763 2075 ὃν
2800 2024 2829 2074 6
2862 2023 3152 2092 προφήτης
3203 2024 3338 2092 ἡμῖν
3393 2024 3622 2087 ’ῐίσαῖας
3668 2025 4037 2093 κατεσήμαινε

2442 2114 2616 2182 λέγων
2640 2130 2654 2144 ·
2693 2133 2711 2165 ι
2755 2114 2842 2177 Ὠς
2888 2114 3161 2184 πρόϐατον
3196 2117 3292 2168 ἐπὶ
3348 2115 3560 2186 σφαγὴν
3609 2118 3748 2185 ἤχθη
3778 2157 3791 2178 ,
3840 2117 3934 2169 καὶ
3967 2116 4039 2177 ὡς

2441 2206 2611 2275 ἀμνὸς
2642 2206 2883 2260 ἐναντίον
2916 2206 3009 2259 τοῦ
3048 2206 3324 2277 κείροντος
3344 2209 3507 2261 αὐτὸν
3529 2210 3763 2277 ἄφωνος.
3781 2228 3799 2262 ι
3826 2210 3924 2261 Ὃν
3952 2208 4040 2261 καὶ

2444 2300 2632 2362 πάλαι,
2668 2299 2834 2368 φησιν
2855 2339 2868 2362 ,
2905 2300 2934 2352 6
2964 2300 3052 2352 διὰ
3086 2301 3329 2363 Μωσέως
3360 2302 3633 2353 ἀνετύπου
3670 2302 3836 2369 νόμος
3857 2318 3872 2331 ·
3906 2302 4038 2354 ἀλλὰ

2440 2390 2560 2442 τότε
2599 2390 2695 2459 μὲν
2746 2389 2916 2453 ἔσωζε
2951 2391 3213 2461 μερικῶς,
3248 2392 3349 2443 οῦκ
3383 2393 3463 2453 είς
3504 2392 3750 2454 ἃπαντας
3786 2392 4041 2444 ἐκτείνων

2442 2480 2532 2533 τὸν
2554 2480 2698 2533 ἔλεον
2718 2498 2731 2511 ο
2759 2479 2929 2542 τύπος
2946 2482 3054 2551 γὰρ
3070 2477 3159 2551 ἦν,
3183 2481 3277 2533 καὶ
3311 2481 3440 2533 σκιά
3458 2498 3471 2511 ’
3494 2484 3612 2534 νυνὶ
3635 2483 3691 2535 δὲ
3723 2483 3749 2532 6
3786 2482 3955 2535 πάλαι
3974 2465 4037 2534 δι’

2442 2571 2781 2641 αἰνιγμάτων
2797 2570 3087 2641 ζωγραφού
3097 2589 3255 2640 μενος
3270 2574 3299 2624 6
3312 2572 3565 2640 ἀληθινὸς
3596 2574 3652 2625 Ἀ
3662 2573 3879 2642 μνὸς,τὺ
3896 2574 3928 2625 ἄ
3935 2592 4041 2641 μω-

2446 2681 2545 2734 μον
2580 2665 2773 2733 ἱερεῖον
2801 2664 2943 2735 ὑπὲρ
2990 2665 3208 2716 πάντων
3248 2663 3440 2731 ἄγεται
3492 2665 3628 2733 πρὸς
3667 2666 3918 2735 σεραγὴν,
3958 2668 4040 2717 ἵνα

2442 2754 2535 2807 τοῦ
2571 2753 2777 2824 κόσμου
2804 2754 2902 2824 τὴν
2949 2755 3229 2825 ἁμαρτίαν
3257 2755 3448 2827 ἐλάσῃ,
3488 2757 3574 2808 ἵνα
3601 2758 3691 2807 τὸν
3723 2760 3823 2826 τῆς
3857 2760 4040 2809 οἰκου-

2446 2845 2613 2914 μένης
2644 2844 2971 2915 ὀλοθρευτὴν
3000 2845 3299 2915 ἀνατρέψῃ,
3332 2846 3417 2897 ἵνα
3449 2848 3777 2917 καταργήσῃ
3818 2848 3913 2899 τὸν
3944 2846 4038 2900 θά-

2442 2954 2600 2989 νατον
2622 2937 2765 3007 ὑπὲρ
2800 2938 3017 2990 πάντων
3048 2936 3359 3001 ἀποθανὼν,
3391 2939 3478 2991 ἵνα
3505 2938 3640 3009 λύσῃ
3671 2939 3768 3009 τὴν
3798 2941 3884 3007 ἐφ’
3912 2942 4043 3009 ἡμῖν

2443 3029 2707 3099 κατάραν,
2752 3028 2838 3081 ἵνα
2888 3028 3164 3098 παύσηται
3204 3030 3389 3081 λοιπὸν
3413 3032 3499 3093 τὸ,
3538 3050 3554 3080 ι
3606 3032 3681 3099 Γῆ
3723 3027 3791 3093 εἷ,
3838 3033 3933 3083 καὶ
3966 3033 4041 3093 εἰς

2441 3121 2545 3190 γῆν
2580 3119 2879 3191 ἀπελεύσῃ,
2933 3138 2951 3169 ι
3001 3120 3091 3172 ἵνα
3134 3120 3360 3190 γένηται
3412 3122 3666 3192 δεύτερος
3707 3122 3902 3192 Ἀδάμ,
3945 3124 4042 3174 οὐκ

758 3237 777 3269 ι
817 3216 987 3273 Terra
1025 3234 1106 3282 es,
1141 3227 1195 3273 et
1240 3218 1293 3272 in
1330 3226 1535 3274 terram
1569 3221 1866 3276 reverteris
1890 3223 1953 3285 ¹⁰,
1996 3240 2012 3273 i
2050 3229 2109 3275 ut
2150 3222 2223 3277 sit
2251 3224 2338 3279 ille

2443 3218 2551 3271 ἀπὸ
2578 3219 2703 3287 γῆς,
2743 3218 2856 3271 ἀλλ’
2883 3217 2943 3282 ἐξ
2988 3216 3242 3288 οὐρανοῦ,
3276 3219 3370 3270 καὶ
3403 3218 3545 3288 ἀρχὴ
3598 3219 3821 3289 γένηται
3850 3222 3916 3287 τῇ
3947 3220 4040 3271 ἀν-

751 3309 1031 3364 secundus
1059 3309 1255 3375 Adam,
1286 3326 1394 3367 non
1423 3328 1453 3366 e
1481 3319 1654 3377 terra,
1685 3313 1781 3368 sed
1808 3329 1836 3367 e
1861 3314 2023 3379 caalo,
2048 3315 2341 3385 omnisque

750 3398 880 3454 boni
915 3400 1253 3469 principium
1299 3409 1513 3456 natura:
1560 3403 1816 3458 humanae
1854 3407 2109 3468 exsistat,
2140 3406 2341 3460 solutio

750 3492 951 3547 invecti
998 3493 1278 3561 interitus,
1329 3506 1552 3549 aeterna:
1595 3494 1723 3550 vitae
1770 3496 2123 3563 conciliator,
2172 3513 2339 3554 causa

750 3584 1166 3643 reformationis
1204 3587 1270 3641 ad
1327 3586 1522 3651 Deum,
1558 3588 1784 3658 pietatis
1820 3598 1875 3643 et
1914 3590 2143 3658 iustitia:
2186 3592 2340 3660 prin-

749 3676 981 3745 cipium,
1024 3677 1111 3730 via
1164 3676 1406 3747 denique
1454 3677 1523 3731 ad
1580 3693 1807 3748 regnum
1844 3680 2131 3733 caelorum.
2185 3680 2340 3737 Unus

748 3768 897 3823 enim
941 3777 1197 3825 mortuus
1233 3778 1318 3825 est
1350 3784 1527 3841 agnus
1552 3785 1651 3839 pro
1682 3770 1965 3831 omnibus,
1988 3786 2207 3825 omnem
2241 3772 2340 3826 ho-

750 3859 962 3914 minum
1009 3875 1231 3930 gregem
1284 3874 1516 3915 servans
1553 3859 1666 3915 Deo
1714 3875 1777 3914 ac
1803 3858 1953 3915 Patri
2006 3880 2018 3916 :
2065 3878 2209 3916 unus
2243 3878 2340 3932 pro

749 3953 1031 4015 omnibus,
1070 3968 1129 4005 υι
1162 3966 1357 4007 omnes
1390 3951 1502 4006 Deo
1543 3950 1812 4021 subjiciat
1851 3970 1864 4006 :
1905 3969 2049 4009 unus
2088 3969 2187 4023 pro
2224 3970 2341 4008 om-

749 4042 935 4106 nibus,
994 4051 1051 4095 ut
1096 4058 1289 4099 omnes
1340 4042 1785 4097 lucrifaciatzut
1838 4058 2032 4099 omnes
2098 4045 2339 4116 denique

747 4146 858 4187 non
887 4133 998 4200 jam
1031 4133 1136 4188 sibi
1176 4136 1384 4197 vivant,
1415 4132 1509 4187 sed
1542 4133 1593 4189 ei
1629 4132 1723 4202 qui
1769 4148 1871 4202 pro
1908 4134 2042 4203 ipsis
2083 4145 2338 4190 mortuus

745 4233 830 4279 est
867 4233 920 4279 et
958 4226 1270 4281 resurrexit
1305 4227 1369 4279 “.
1401 4224 1535 4279 Nam
1580 4241 1705 4281 cum
1757 4227 1810 4281 in
1857 4228 2050 4281 multis
2096 4230 2337 4296 peccatis

743 4331 1020 4379 essemus,
1054 4326 1220 4387 atque
1267 4316 1479 4371 idcirco
1534 4318 1697 4372 morti
1742 4326 1797 4371 et
1853 4318 2204 4388 eorruptioni
2238 4320 2338 4372 ob-

747 4403 921 4467 noxii,
954 4402 1101 4457 dedit
1140 4402 1337 4457 Filium
1366 4420 1530 4459 suum
1565 4404 1729 4459 l’ater
1764 4406 2202 4475 redemptionem
2236 4422 2337 4477 pro

746 4495 928 4557 nobis,
972 4511 1142 4549 unum
1195 4511 1295 4566 pro
1337 4497 1617 4561 omnibus,
1654 4499 1916 4568 quoniam
1963 4499 2153 4554 omnia
2205 4507 2337 4555 sunt

2444 3311 2663 3383 θρώπου
2729 3310 2890 3379 φύσει
2948 3312 3148 3374 παντὸς
3196 3311 3447 3378 ἀγαθοῦ,
3504 3311 3656 3374 λύσις
3711 3312 4041 3363 ἐπεισάκτου

2443 3403 2668 3473 φθορᾶς,
2706 3401 2965 3472 πρόξενος
2994 3401 3219 3453 αἰωνίου
3254 3400 3399 3468 ζωῆς
3423 3440 3437 3464 ,
3466 3400 3918 3470 ἀναμορφώσεως
3947 3401 4042 3470 τῆς

2442 3496 2520 3557 εἰς
2548 3493 2679 3545 Θεὸν
2711 3492 2969 3555 ὑπόθεσις
2994 3533 3008 3558 ,
3040 3491 3326 3555 εὐσεϐείας
3368 3491 3462 3543 καὶ
3501 3491 3849 3557 δικαιοσύνης
3876 3490 4037 3561 ἀρχὴ,

2442 3586 2557 3648 ὁδὸς
2589 3588 2667 3647 είς
2715 3582 2991 3654 βασιλείαν
3042 3582 3289 3654 οὐρανῶν
3315 3598 3329 3610 °
3367 3577 3447 3645 εἷς
3491 3583 3598 3653 γὰρ
3653 3583 3793 3653 ὑπὲρ
3821 3583 4039 3635 πάντων

2440 3678 2711 3731 ἀπέθανεν
2742 3676 2932 3747 ἀμνὸς,
2957 3676 3084 3743 ὅλην
3120 3672 3415 3737 ἀνασώζων
3446 3675 3545 3743 τὴν
3568 3675 3662 3727 ἐπὶ
3701 3676 3803 3742 γῆς
3835 3674 4039 3745 ἀγέλην

2442 3770 2517 3841 τῷ
2543 3769 2663 3838 Θεῷ
2714 3770 2808 3821 καὶ
2843 3768 3019 3838 Πατρί
3043 3782 3058 3795 ⁸
3096 3761 3177 3830 εἷς
3228 3767 3370 3837 ὑπὲρ
3407 3768 3627 3820 πάντων
3650 3808 3663 3830 ’
3701 3767 3789 3820 ἵνα
3828 3768 4038 3829 πάντας

2444 3859 2687 3931 ὑποτάξῃ
2708 3858 2843 3929 Θεᾷγ
2872 3854 2953 3922 εἷς
2980 3859 3117 3930 ὑπὲρ
3148 3859 3387 3920 πάντων,
3422 3860 3507 3911 ἴνα
3542 3859 3748 3921 πάντας
3780 3876 3838 3910 κε
3853 3858 4033 3928 ρδάνῃ·

2443 3953 2529 4005 ἵνα
2553 3952 2740 4005 λοιπὸν
2770 3952 2816 4004 οἱ
2846 3952 3049 4014 πάντες
3087 3952 3285 4022 μηκέτι
3320 3953 3532 4014 ἑαυτοῖς
3569 3951 3759 4015 ζῶσιν,
3795 3952 3933 4005 ἀλλὰ
3963 3952 4038 4021 τῷ

2442 4042 2582 4113 ὑπὲρ
2610 4040 2789 4095 αὐτῶν
2825 4041 3175 4104 ἀποθανόντι,
3208 4042 3300 4094 καὶ
3345 4041 3645 4112 ἐγερθέντι.
3687 4040 3906 4111 Ἐπειδὴ
3934 4040 4034 4110 τὰς

2438 4129 2579 4204 ἦμεν
2636 4135 2693 4186 ἐν
2747 4134 2968 4196 πολλαῖς
3020 4134 3351 4204 ἁμαρτίαις,
3394 4133 3483 4186 διά
3534 4150 3590 4185 τε
3646 4134 3805 4184 τοῦτο
3865 4151 4034 4203 χρεω-

2443 4225 2728 4296 στούμενοι
2770 4227 2988 4295 θανάτῳ
3042 4228 3137 4278 καὶ
3186 4226 3400 4296 φθορᾷ,
3431 4226 3664 4279 δέδωκεν
3718 4225 4037 4295 ἀντίλυτρον

2441 4316 2582 4386 ὑπὲρ
2634 4314 2820 4385 ἡμῶν,
2866 4316 2955 4367 τὸν
2999 4316 3123 4368 Υξὸν
3158 4316 3186 4368 6
3233 4317 3423 4387 Πατὴρ
3449 4317 3546 4368 ἕνα
3596 4316 3738 4386 ὑπὲρ
3794 4318 4033 4376 πάντων,

2439 4408 2562 4459 ἐπεὶ
2615 4408 2710 4459 καὶ
2778 4408 2955 4461 πάντα
3009 4409 3067 4459 ἐν
3121 4407 3309 4477 αὐτῷ,
3345 4408 3440 4459 καὶ
3497 4409 3718 4461 πάντων
3774 4408 4036 4478 κρείττων

2440 4498 2586 4550 ἐστίν
2611 4516 2625 4529 ο
2677 4493 2757 4562 εἷς
2800 4498 3073 4551 ἀπέθανεν
3117 4499 3257 4567 ὑπὲρ
3317 4498 3572 4562 πάντων,
3602 4499 3688 4551 ἵνα
3730 4500 3781 4551 οἱ
3836 4500 4036 4561 πάντες

747 4587 801 4640 in
847 4586 987 4656 ipso,
1036 4596 1088 4641 et
1136 4589 1395 4644 omnibus
1442 4588 1639 4644 melior
1702 4598 1807 4644 est.
1846 4590 2000 4646 Unus
2059 4606 2160 4660 pro
2217 4608 2333 4647 om-

2443 4588 2695 4658 ζήσωμεν
2737 4588 2794 4639 ἐν
2825 4588 3002 4659 αὐτῷ·
3022 4588 3309 4641 καταπιὼν
3334 4590 3443 4660 γὰρ
3472 4591 3500 4643 6
3522 4588 3751 4652 θάνατος
3784 4590 3878 4642 τὸν
3901 4590 4037 4659 ὑπὲρ

745 4678 910 4732 nibus
948 4686 1198 4733 mortuus
1252 4689 1357 4745 est,
1408 4688 1469 4734 ut
1526 4695 1719 4736 omnes
1772 4683 2023 4739 vivamus
2082 4686 2135 4738 in
2191 4686 2333 4755 ipso.

750 4770 888 4823 Cum
950 4770 1099 4822 enim
1151 4769 1397 4824 occisum
1460 4785 1562 4840 pro
1616 4772 1874 4827 omnibus
1921 4773 2136 4843 Agnum
2185 4789 2337 4829 mors

744 4861 1124 4930 ahsorpserit,
1189 4862 1352 4915 simul
1416 4864 1581 4916 etiam
1634 4864 1689 4917 in
1746 4864 1867 4935 ipso
1921 4872 1975 4919 et
2030 4880 2156 4919 cum
2215 4866 2337 4935 ipso

743 4960 976 5006 cunctos
1022 4953 1290 5006 evomuit.
1329 4951 1531 5007 Omnes
1560 4954 1706 5007 enim
1752 4970 1973 5009 eramus
2024 4956 2078 5009 in
2113 4956 2338 5011 Christo

743 5044 837 5113 qui
876 5052 1098 5113 propter
1142 5060 1244 5098 nos
1293 5052 1345 5099 et
1382 5060 1480 5115 pro
1521 5044 1682 5101 nobis
1722 5054 1975 5101 mortuus
2012 5054 2118 5111 est,
2170 5056 2338 5118 atque

745 5137 1053 5191 resurrexit
1100 5154 1113 5190 :
1164 5137 1368 5191 abolito
1416 5153 1547 5193 vero
1607 5148 1859 5209 peccato,
1918 5140 2015 5208 qui
2063 5140 2179 5196 fieri
2236 5156 2337 5211 po-

744 5236 889 5284 terat
946 5238 1005 5283 ut
1059 5246 1209 5287 mors
1278 5234 1486 5297 etiam.
1548 5249 1670 5303 qum
1723 5250 1789 5289 ex
1851 5236 1972 5305 ipso
2022 5244 2143 5299 est,
2199 5252 2332 5307 pro.

746 5333 866 5391 pter
916 5323 1093 5390 ipsum
1127 5338 1236 5376 non
1277 5324 1477 5377 abolita
1534 5325 1647 5379 sit?
1696 5323 1910 5379 Mortua
1950 5324 2137 5381 radice
2192 5341 2332 5395 quo-

750 5412 913 5465 modo
954 5428 1176 5482 germen
1235 5414 1588 5469 servabitur?
1641 5424 1860 5470 mortuo
1910 5426 2161 5486 peccato,
2214 5433 2336 5486 quae

748 5503 1020 5556 moriendi
1078 5503 1238 5557 nobis
1283 5519 1453 5559 causa
1507 5504 1646 5559 erit?
1694 5504 1876 5569 Quare
1934 5506 2002 5559 de
2056 5505 2334 5561 occisione

750 5593 889 5663 Λςηί
918 5594 1012 5649 Dei
1045 5596 1278 5651 solemni
1308 5597 1678 5652 exsultatione
1709 5598 1963 5652 dicamus
1988 5615 1999 5651 :
2022 5615 2040 5648 ι
2085 5597 2190 5652 Ubi
2222 5604 2333 5660 est,

749 5702 923 5752 mors,
976 5689 1206 5745 victoria
1260 5690 1395 5744 tua?
1441 5690 1535 5744 ubi
1561 5690 1990 5755 stimulustuus,
2032 5690 2285 5746 inferne?
2314 5708 2331 5740 ι

822 5841 838 5867 ⁷
874 5840 1060 5896 Matth.
1105 5859 1177 5905 xr,
1211 5844 1260 5895 9.
1342 5844 1358 5869 '
1392 5844 1496 5899 lsa.
1538 5860 1653 5909 ιλιι,
1690 5846 1739 5898 7.

1829 5847 1845 5875 ³
1881 5844 2041 5901 Ιιηῖυτ.
2081 5860 2170 5911 \v,
2206 5846 2236 5898 ζ’)
2273 5859 2424 5915 seqq.

2446 4680 2664 4732 πάντων
2705 4678 2919 4749 Ἀμνὸν,
2956 4679 3163 4743 πάντας
3218 4679 3485 4751 ἐξήμεσεν
3530 4682 3586 4733 ἐν
3636 4680 3787 4751 αὐτῷ
3836 4698 3896 4733 τε
3948 4683 4038 4733 καί

2446 4772 2542 4823 σὺν
2569 4770 2738 4841 αὐτῷ.
2778 4773 2841 4824 Οί
2892 4772 3000 4841 γὰρ
3034 4772 3236 4835 πάντες
3268 4767 3412 4842 ἦμεν
3442 4774 3499 4825 ἐν
3545 4772 3623 4842 τῷ
3666 4773 3730 4825 δι’
3761 4774 3912 4841 ἡμᾶς
3949 4773 4039 4825 καὶ

2444 4860 2587 4929 ὑπὲρ
2610 4861 2642 4929 ἡ
2654 4858 2769 4929 μῶν
2796 4860 3151 4925 ἀποθανόντι,
3186 4862 3279 4913 καὶ
3307 4862 3587 4932 ἐγερθέντι
3615 4862 3839 4932 Χριστῷ
3862 4881 3876 4893 ·
3907 4880 4039 4915 κατ-

2443 4950 2789 5021 αργουμένης
2835 4950 2891 5003 δὲ
2944 4952 3041 5021 τῆς
3090 4952 3406 5021 ἁμαρτίας,
3460 4952 3577 5015 πῶς
3631 4953 3910 5022 ἐνεδέχετο
3967 4954 4037 5024 μὴ

2443 5043 2564 5112 οὐχὶ
2588 5042 2809 5104 πάντως
2825 5042 2919 5094 καὶ
2940 5046 3031 5095 τὸν
3047 5043 3105 5107 ἐξ
3126 5044 3295 5113 αὐτῆς
3318 5044 3385 5097 δι’
3406 5044 3577 5113 αὐτὴν
3618 5045 4040 5116 καταργηθῆναι

2444 5136 2707 5199 θάνατον;
2756 5133 3160 5206 Ἀποθανοῦσης
3189 5135 3288 5204 τῆς
3320 5136 3496 5207 ῥίζης,
3532 5135 3650 5199 πῶς
3682 5137 3748 5189 ἂν
3801 5137 3883 5189 ἔτι
3925 5138 4039 5190 λοι-

2442 5226 2599 5280 πὺνό
2650 5225 2711 5291 ἐξ
2742 5225 2913 5294 αὐτῆς
2963 5225 3141 5296 ἐσώθη
3198 5226 3598 5295 βλαστός;Διὲι
3646 5228 3807 5278 ποίαν
3857 5228 4040 5280 αἰτίαν

2442 5315 2741 5385 ἐμέλλομεν
2758 5314 3125 5384 ἀποθνήσκειν
3154 5313 3367 5384 ἕτι,τῆς
3394 5316 3671 5386 ἁμαρτίας
3704 5317 4039 5386 ἀναιρουμέ-

2442 5423 2578 5477 νης;
2626 5404 2833 5459 Οὐκοῦν
2885 5403 3235 5475 ἑορτάζοντες
3293 5406 3544 5476 λέγωμεν
3583 5408 3675 5459 ἐπὶ
3724 5409 3790 5476 τῇ
3852 5410 4037 5477 σφαγῇ

2441 5499 2534 5553 τοῦ
2573 5498 2770 5571 ’Δμνοῦ
2791 5498 2885 5553 τοῦ
2915 5498 3053 5552 Θεοῦ
3078 5515 3091 5529 ⁸
3122 5499 3263 5553 «Ποῦ
3298 5502 3331 5568 ἡ
3354 5501 3479 5570 νίκη
3525 5517 3643 5562 σου,
3676 5500 3906 5566 θάνατε;
3937 5502 4039 5554 ποῦ

2444 5597 2505 5648 τὸ
2542 5578 2766 5665 κέντρον
2796 5612 2913 5657 σου,
2968 5594 3107 5664 ᾃδη;
3144 5625 3215 5634 —
3258 5595 3415 5649 Πᾶσα
3456 5594 3565 5665 γάρ
3594 5595 3817 5664 ἀνομία,
3845 5612 3863 5644 ι
3906 5594 4039 5648 καθ-

2448 5689 2592 5755 άπερ
2650 5686 2755 5756 ἔφη
2803 5704 2907 5739 που
2966 5686 3183 5756 ψάλλων
3213 5688 3242 5739 6
3282 5687 3557 5757 Μελῳδὸς,
3596 5705 3614 5738 ι
3652 5686 3929 5756 ἐμφράξει
3982 5684 4042 5737 τὸ

2508 5843 2547 5871 ’⁸⁵
2584 5839 2719 5896 Gcn.
2758 5855 2843 5908 ιιι,
2891 5840 2975 5895 19.
3057 5840 3095 5872 “
3132 5839 3170 5893 ll
3204 5840 3326 5895 Cur.
3364 5857 3415 5903 ι’,
3471 5842 3551 5901 Η,
3595 5843 3677 5896 15.
