4222 6510
217 412 322 469 193

1264 410 1328 465 ΙΝ
1371 409 1658 467 ιοΑΝΝιε
1700 411 2156 471 EVANGELIL‘M
2198 414 2323 468 LIB.
2356 413 2422 467 Il.

3372 413 3476 472 194

214 525 395 594 στόμα
420 528 611 596 αὐτῆς,
650 545 667 576 ι
713 526 897 579 οὐκέτι
930 529 1252 596 κατηγορεῖν
1278 527 1385 579 τῶν
1420 528 1479 594 ἐξ
1508 528 1794 592 ἀσθενείας

1903 549 1919 581 ι
1965 527 2159 586 Omnis
2208 531 2355 585 enim
2413 529 2798 599 iniquitas“,r
2842 536 2899 582 ut
2942 527 3148 583 alicubi
3187 526 3478 585 Psalmistr

212 618 619 686 ἡμαρτηκότων
663 618 940 688 ἰσχύουσα.
976 640 994 670 ι
1034 620 1164 682 θεὸς
1193 620 1301 691 γάρ
1328 622 1356 672 ὁ
1392 619 1634 674 δικαιῶν·
1674 622 1801 691 Χρι-

211 706 335 766 στὸς
357 708 510 774 ἡμᾶς
539 706 874 778 ἐξηγόρασεν
900 710 963 761 ὲκ
991 710 1089 779 τῆς
1111 710 1352 779 κατάρας
1374 708 1465 762 τοῦ
1492 709 1678 778 νόμου,
1704 726 1798 776 γε·

208 797 437 865 νόμενος
480 800 619 866 ὑπὲρ
665 800 820 869 ἡμῶν
849 802 1094 872 κατάρα,
1123 802 1210 856 ἶνα
1242 803 1402 871 ἡμεῖς
1434 800 1533 871 τὴν
1578 801 1637 865 ἐξ
1672 802 1798 854 ἀνο-

212 888 345 957 μίας
379 890 516 959 ἀράν
547 890 913 960 διαφύγωμεν.
954 912 971 944 ι

293 1061 484 1131 Οὗτός
516 1067 648 1119 ἐστι
682 1068 815 1135 περὶ
843 1065 914 1124 οὗ
939 1066 1112 1123 εἶπεν
1138 1088 1150 1102 ο
1169 1073 1395 1125 Ὀπίσω
1414 1090 1533 1142 μου
1563 1074 1796 1140 ἔρχεται

213 1155 459 1222 ἁνὶιρῴς
476 1157 814 1226 ἔμπροσθέν
822 1179 940 1229 μου
959 1161 1315 1232 γέγονεν’,ὅτι
1329 1166 1555 1233 πρῶτός
1565 1184 1683 1234 μου
1697 1162 1793 1235 ἦν.

286 1248 381 1311 Εἰς
420 1250 724 1321 ὑπόμνησιν
773 1252 896 1320 ἄγει
948 1255 1056 1308 τῶν
1113 1256 1172 1320 ἐξ
1220 1258 1384 1311 αὑτοῦ
1442 1258 1613 1326 λόγων
1673 1259 1797 1322 τοὺς

212 1340 623 1411 ἀκροωμένους,
656 1346 751 1397 καὶ
798 1346 859 1399 τὸ
906 1348 1091 1417 μεῖζον
1123 1351 1177 1402 ἐν
1207 1350 1335 1421 δόξῃ
1369 1354 1686 1421 παραχωρεί
1722 1350 1798 1421 τῷ

214 1434 459 1503 Χριστῷ,
482 1435 580 1486 οῦκ
606 1436 851 1507 ἀγάπης,
872 1438 1129 1509 ἀληθείας
1152 1440 1206 1492 δὲ
1233 1440 1434 1511 μᾶλλον
1467 1442 1499 1512 ἦ
1527 1441 1621 1493 καὶ
1644 1442 1804 1509 ἀνάγ-

213 1542 317 1593 κης
370 1525 528 1595 ἔργον
583 1528 914 1599 ἀποπληρῶν
949 1547 959 1557 ·
995 1531 1343 1584 ὑποκείσεται
1388 1532 1495 1602 γάρ
1521 1572 1535 1596 ,
1566 1532 1668 1585 κᾶν
1724 1533 1799 1603 μὴ

214 1616 495 1686 βούληται,
521 1618 596 1688 τῷ
629 1622 821 1690 ποιητῇ
852 1621 911 1674 τὸ
938 1622 1167 1692 ποίημα,
1195 1622 1272 1691 τῷ
1310 1623 1542 1694 δεσπότῃ
1575 1624 1636 1675 τὸ
1676 1624 1798 1676 δοῦ-

212 1706 326 1767 λον,
377 1708 453 1777 τῷ
507 1712 725 1781 χορηγῷ
784 1713 844 1765 τὸ
892 1718 1316 1785 χορηγούμενον.
1375 1716 1529 1769 Κατὰ
1574 1718 1694 1770 τίνα
1737 1718 1795 1769 δὲ

1905 620 2129 686 cecinit,
2172 638 2190 671 ι
2236 619 2503 690 oppilabit
2537 634 2599 674 os
2626 635 2789 673 suum
2820 619 2883 684 ³³,
2914 637 2932 669 ι
2968 633 3070 673 nec
3120 618 3321 686 poterit
3366 633 3484 672 am-

1908 711 2054 779 plius
2092 727 2362 766 accusare
2395 725 2507 780 pra:
2548 710 2866 765 inlirmitate
2911 719 3233 781 peccantes.
3278 730 3297 762 ι
3339 709 3484 766 Deus

1904 800 2050 854 enim
2091 810 2175 855 est
2204 801 2297 869 qui
2343 800 2618 868 juStiﬁcat
2652 800 2695 829 ¹³
2731 818 2743 852 :
2785 817 2802 849 ι
2825 827 2893 837 --
2916 819 2933 850 ι
2968 800 3222 856 Christus
3255 816 3358 856 nos
3394 816 3486 855 re-

1898 891 2065 946 demit
2089 892 2156 947 de
2182 892 2475 947 maledicto
2506 892 2662 961 legis,
2679 891 2862 945 factus
2886 907 2983 961 pro
3006 892 3161 961 115
3188 894 3345 946 nobis
3367 906 3487 946 ma-

1899 984 2161 1039 ledictum
2199 992 2256 1037 ut
2284 984 2723 1038 maledictionem
2748 982 2956 1052 peccati
2980 997 3079 1036 nos
3102 981 3476 1052 fugiamus".s

1976 1074 2017 1139 Ι,
2060 1075 2147 1129 50.
2196 1074 2296 1127 llic
2343 1088 2419 1129 est
2452 1076 2516 1128 de
2564 1090 2665 1144 quo
2708 1074 2822 1125 dixi
2851 1088 2867 1125 :
2899 1073 3029 1126 Post
3083 1088 3163 1125 me
3209 1075 3345 1126 venit
3383 1076 3482 1140 vir,

1906 1167 1992 1235 qui
2024 1178 2143 1221 ante
2175 1183 2255 1221 me
2285 1166 2458 1235 factus
2485 1179 2561 1219 est
2592 1182 2609 1217 :
2638 1166 2763 1235 quia
2798 1165 2945 1232 prior
2970 1181 3050 1218 me
3089 1172 3222 1218 erat.

1981 1259 2275 1315 Auditores
2294 1259 2358 1312 ad
2381 1257 2706 1313 memoriam
2727 1264 2946 1312 revocat
2975 1272 3165 1310 eorum
3188 1272 3308 1326 quae
3329 1257 3485 1326 prius

1907 1347 2053 1403 dicta
2096 1358 2246 1413 sunt,
2291 1358 2344 1403 et
2385 1349 2626 1419 palmam
2668 1349 2855 1417 gloria:
2892 1347 3119 1401 Christo
3166 1348 3335 1412 cedit,
3372 1361 3483 1402 non

1906 1440 2088 1494 studio
2117 1448 2210 1493 aut
2260 1441 2459 1495 aﬂ‘ectu
2517 1441 2651 1504 ullo,
2680 1440 2773 1494 sed
2821 1441 3051 1493 veritate
3082 1440 3265 1507 potius
3298 1449 3352 1493 et
3384 1454 3485 1493 ne-

1904 1532 2169 1586 cessitate
2198 1531 2250 1585 id
2280 1531 2516 1588 faciens.
2551 1532 2861 1601 Suhjicitur
2889 1532 3060 1595 enim,
3091 1531 3177 1585 vel
3223 1532 3344 1601 ipso
3382 1545 3487 1585 no-

1904 1622 2070 1687 lente,
2104 1637 2245 1692 opus
2284 1624 2502 1687 facturi,
2544 1624 2768 1677 domino
2800 1639 3018 1687 servus,
3066 1624 3316 1694 largitori
3360 1638 3475 1678 mu-

1901 1731 2027 1769 nus.
2074 1713 2326 1779 Qnonam
2362 1730 2490 1769 vero
2545 1715 2708 1768 modo
2762 1717 3033 1785 posterior
3077 1724 3225 1770 esset
3272 1714 3484 1769 Joanne

210 1802 417 1868 τρόπον
456 1804 629 1854 ὀπὶσω
670 1804 767 1872 μὲν
798 1800 866 1874 ἦν
906 1806 1150 1858 Ἰωάννου
1188 1807 1455 1877 Χριστὸς,
1488 1808 1794 1878 ἔμπροσθεν

1899 1806 2180 1871 Christus,
2220 1817 2273 1860 et
2310 1818 2436 1860 ante
2492 1806 2672 1861 factus
2727 1808 2799 1861 sit
2846 1806 3110 1875 quoniam
3148 1807 3301 1877 prior
3341 1816 3481 1872 erat,

212 1892 268 1943 δὲ
296 1893 539 1959 γέγονεν,
566 1896 647 1946 ἔτι
665 1894 877 1965 πρῶτος
895 1892 983 1967 ἦν,
1008 1898 1080 1961 ὡς
1103 1898 1263 1961 αὐτὸς
1292 1899 1563 1969 ὁμολογεῖ,
1581 1900 1668 1952 διὰ
1688 1898 1796 1951 τῶν

213 1984 601 2053 προλαϐόντων
640 1986 950 2055 ἀρκούντως
972 1989 1298 2059 εἰρήκαμεν.

288 2074 462 2144 Κάγὼ
494 2079 604 2129 οὐκ
639 2076 806 2145 ῇδειν
834 2079 1040 2144 αὑτὸν,
1074 2080 1210 2134 ἀλλ’
1235 2082 1333 2133 ἵνα
1376 2080 1691 2151 φανερωθῇ
1719 2081 1797 2147 τῷ

224 2167 499 2235 Ἰσραὴλ,
526 2167 619 2220 διὰ
637 2168 812 2223 τοῦτο
842 2166 1030 2239 ἦλθον
1058 2170 1172 2241 ἐγὼ
1187 2172 1491 2235 βαπτίζων
1509 2176 1577 2225 ἐν
1603 2174 1792 2228 ὕδατι.

297 2260 357 2311 'U
388 2263 445 2311 ἐν
490 2263 553 2329 τῇ
591 2260 770 2331 κοιλία
800 2262 898 2331 τῆς
944 2261 1081 2324 ἰδίας
1125 2263 1533 2333 ἁνασκιρτήσας
1566 2265 1794 2335 μητρὸς,

210 2352 293 2403 ἔτι
322 2354 419 2421 τῆς
454 2352 613 2419 ἁγίας
649 2352 927 2423 Παρθένου
976 2357 1347 2425 κυοσορούσης
1375 2355 1464 2407 τὸν
1509 2354 1733 2426 Κύριον,
1768 2358 1796 2408 ὁ

210 2445 322 2514 πρὸ
363 2446 459 2514 τῆς
510 2445 693 2509 ὠδῖνος
737 2447 1054 2517 προφήτης,
1085 2450 1112 2499 ὁ
1146 2449 1201 2499 ἐν
1243 2446 1469 2518 ἐμϐρύῳ
1524 2447 1792 2518 μαθητὴς,

218 2536 365 2589 εΟῦκ
399 2536 543 2606 ᾔδειν
574 2535 788 2599 αὑτὸν,›
814 2537 1052 2607 περὶτοῦ
1075 2537 1324 2606 Σωτῆρος
1344 2554 1525 2608 φησιν’
1544 2537 1795 2608 ἁληθέυει

210 2628 270 2678 δὲ
295 2627 486 2694 λέγων’
527 2628 586 2679 οὑ
621 2629 728 2697 γὰρ
774 2629 1022 2695 ψεύδεται
1061 2646 1073 2658 ·
1100 2630 1277 2682 πάντα
1308 2631 1405 2700 μὲν
1428 2629 1533 2699 γὰρ
1560 2624 1713 2685 οἶδεν¹
1736 2629 1794 2696 ἐξ

214 2717 382 2769 αὑτοῦ
439 2718 528 2769 καὶ
578 2718 877 2782 ἀδιδάκτως
924 2720 1091 2783 Θεὸς,
1129 2719 1393 2783 διδακτῶς
1426 2721 1482 2773 δὲ
1514 2722 1546 2792 ή
1581 2720 1754 2783 κτίσις
1777 2736 1791 2750 ⁸

212 2806 457 2859 ἐνοικοῦν
486 2808 541 2859 δὲ
568 2812 678 2872 τοῖς
710 2810 885 2876 ἁγίοις
908 2811 967 2863 τὸ
995 2811 1236 2881 Πνεῦμα,
1261 2812 1320 2864 τὸ
1344 2812 1521 2865 ἐνδέον
1554 2812 1796 2883 ἀναπλη-

211 2902 321 2969 ροῖ,
354 2901 447 2951 καὶ
483 2900 541 2952 τὸ
566 2901 692 2954 ἴδιον
738 2903 938 2970 ἀγαθὸν
966 2906 1031 2974 τῇ
1063 2902 1350 2975 ἀνθρώπου
1379 2904 1538 2971 φύσει
1577 2902 1795 2974 χαρίζε-

207 3008 321 3053 ται,
343 2991 404 3043 τὸ
423 2992 640 3056 εἰδέναι,
670 2994 831 3063 φημὶ,
855 2994 923 3048 τὰ
952 2994 1202 3064 ἐσόμενα,
1232 2995 1324 3047 καὶ
1347 2994 1455 3048 τῶν
1478 2994 1796 3065 κεκρυμμέ-

209 3097 321 3131 νων
347 3082 659 3152 μυστηρίων
686 3087 784 3152 τὴν
806 3083 1023 3151 γνῶσιν.
1051 3084 1258 3137 Οὑκοῦν
1287 3085 1363 3154 μὴ
1394 3085 1593 3138 εἰδέναι
1621 3084 1794 3153 λέγων

206 3171 303 3223 τὸν
360 3170 564 3242 Κύριον
595 3173 624 3224 ὁ
653 3174 920 3244 μακάριος
958 3164 1291 3247 Βαπτιστὴς,
1316 3175 1662 3245 διαψεύσεται
1697 3176 1795 3246 μὲν
1823 3154 1866 3210 C

206 3265 484 3334 οὐδαμῶς,
511 3266 653 3319 κατά
674 3282 736 3333 γε
769 3266 827 3319 τὸ
853 3265 953 3335 τῆς
982 3265 1395 3337 ἁνθρωπότητος
1434 3268 1582 3331 ἴδιον,
1616 3268 1709 3320 καὶ
1738 3266 1799 3320 τὸ

208 3360 429 3429 πρέπον
458 3362 522 3427 τῇ
546 3358 723 3409 κτίσει
742 3362 937 3427 μέτρον
960 3374 973 3386 ·
1010 3357 1269 3427 ἀναθήσει
1294 3358 1347 3410 δὲ
1364 3358 1510 3428 μόνῳ
1531 3358 1590 3410 τὸ
1620 3359 1798 3412 πάντα

207 3451 411 3503 εἰδέναι
436 3449 511 3520 τῷ
555 3448 693 3519 Θεῷ,
716 3449 791 3519 τῷ
820 3449 907 3502 διὰ
949 3451 1262 3519 Πνεύματος
1312 3450 1467 3518 ἁγίου
1518 3451 1655 3520 πρὸς
1696 3450 1795 3521 τὴν

204 3542 321 3595 τῶν
368 3542 764 3612 κεκρυμμένων
796 3539 1096 3610 κατάληψιν
1134 3542 1555 3609 φωταγωγοῦντι
1580 3543 1670 3595 τὸν
1701 3545 1795 3596 άν-

206 3635 454 3705 ϋρωπον·
485 3634 767 3704 χρησίμως
794 3635 851 3687 δὲ
898 3633 1037 3697 λίαν,
1064 3635 1163 3686 οὑκ
1184 3634 1381 3687 εἰδέναι
1415 3638 1513 3705 μέν
1537 3653 1701 3706 φησιν
1729 3636 1788 3700 ἐξ

205 3724 406 3778 ἐαυτοῦ
435 3726 523 3777 τὸν
551 3726 807 3795 Χριστὸν,
832 3725 1143 3794 ἐληλυθέναι
1173 3741 1233 3793 γε
1254 3725 1360 3795 μὴν
1392 3726 1479 3779 διὰ
1512 3726 1669 3779 τοῦτο
1694 3744 1793 3780 κυ-

208 3818 369 3887 ρίως,
394 3817 479 3870 ἵνα
520 3819 750 3887 φανερὸν
780 3818 942 3871 αὑτὸν
982 3820 1296 3889 καταστήσῃ
1326 3819 1403 3889 τῷ
1445 3819 1682 3890 Ἰσραὴλ,
1709 3820 1796 3872 ἵνα

207 3912 288 3979 μὴ
330 3908 625 3977 αὐτόμολος
652 3911 744 3961 ἐπὶ
791 3909 889 3979 τὴν
922 3911 1229 3982 μαρτυρίαν
1254 3912 1509 3981 φαίνηται
1547 3911 1792 3983 δραμὼν,

209 4000 351 4070 μηδὲ
381 4000 528 4051 ἰδίων
558 4000 881 4071 θελημάτων
927 4002 1204 4073 ὑπηρέτης
1238 4004 1424 4073 νοῆται
1450 4005 1602 4075 παρά
1630 4022 1792 4070 τισιν,

203 4090 348 4143 ἀλλὰ
402 4090 551 4153 Θείας
593 4092 691 4160 μὲν
735 4092 1044 4161 οίκονομίας
1092 4093 1351 4164 ἐργάτης,
1389 4094 1581 4163 βουλῆς
1606 4096 1663 4147 δὲ
1696 4098 1796 4167 τῆς

204 4183 419 4236 ἄνωθεν
459 4182 748 4251 ὑπουργὸς,
780 4184 1267 4253 άποκαλυπτούσης
1300 4184 1447 4254 αὑτῴ
1476 4185 1566 4236 τὸν
1598 4185 1794 4255 Ἀμνὸν

204 4274 303 4324 τὸν
369 4272 593 4339 αἴροντα
645 4273 743 4341 τὴν
791 4273 1065 4343 ἁμαρτίαν
1109 4272 1202 4326 τοῦ
1233 4274 1459 4343 κόσμου.
1517 4275 1634 4327 Ἵνα
1684 4276 1795 4327 τοί-

205 4379 308 4415 νυν
335 4362 723 4431 εὐπετέστερον
753 4362 843 4415 ἐπὶ
884 4363 945 4415 τὸ
991 4364 1275 4416 πιστεύειν
1304 4363 1382 4433 τῷ
1416 4364 1625 4434 Σωτῆρι
1660 4367 1795 4437 Χρι-

1901 1907 1958 1951 υι
1987 1897 2105 1965 ipse
2135 1898 2442 1967 prolitetur,
2474 1898 2691 1952 abunde
2717 1912 2881 1968 supra
2910 1898 3172 1953 diximus.

1972 2077 2011 2142 Ι,
2042 2076 2131 2131 Si.
2174 2074 2243 2129 Et
2268 2093 2360 2147 ego
2393 2075 2685 2130 nesciebam
2711 2093 2849 2141 eum,
2885 2077 2976 2131 sed
3019 2086 3076 2129 ut
3111 2078 3483 2147 manifestatur

1897 2168 1951 2221 in
1982 2164 2177 2231 Israel,
2211 2177 2485 2235 propterea
2520 2168 2747 2237 veniego
2768 2168 2822 2221 in
2851 2184 2990 2237 aqua
3020 2169 3323 2235 baptizans.

1970 2257 2073 2323 Qui
2131 2266 2321 2312 sancta
2367 2255 2595 2327 Virgine
2648 2255 2938 2311 Dominum
2986 2257 3170 2312 adhuc
3224 2259 3279 2312 in
3323 2266 3484 2312 utero

1902 2359 2158 2420 gestante
2205 2348 2433 2404 exsiluit
2484 2349 2540 2402 in
2600 2357 2759 2402 utero
2816 2364 2931 2403 suae
2973 2350 3190 2411 matris,
3228 2350 3319 2404 ille
3353 2358 3481 2405 ante

1899 2451 2113 2513 partum
2161 2442 2449 2511 propheta,
2486 2440 2579 2495 ille
2610 2440 2663 2494 in
2701 2450 2861 2495 utero
2904 2442 3100 2496 matris
3150 2441 3479 2511 discipulus,

1897 2532 2223 2589 Nesciebam
2259 2535 2465 2603 ipsum,
2500 2533 2686 2603 inquit
2721 2532 2789 2587 de
2831 2530 3139 2587 Salvatore.
3164 2533 3316 2599 Quod
3352 2548 3481 2588 cum

1899 2627 1972 2679 ait
2016 2641 2143 2680 vera
2175 2624 2443 2694 loquitur.
2486 2624 2631 2680 Deus
2674 2626 2878 2695 quippe
2911 2640 3055 2680 unus
3094 2626 3281 2679 omnia
3316 2641 3381 2681 ex
3417 2641 3479 2681 se

1899 2717 2074 2779 novit,
2108 2732 2137 2769 a
2177 2716 2331 2770 nullo
2354 2717 2606 2780 edoctus,
2662 2727 2919 2769 creatura
2948 2730 3080 2768 vero
3110 2715 3177 2769 ab
3212 2717 3320 2770 alio
3345 2732 3481 2771 eru-

1896 2810 2034 2865 dita.
2070 2808 2129 2862 In
2175 2808 2388 2863 sanctis
2422 2808 2571 2861 enim
2607 2808 2927 2862 inhabitans
2953 2805 3192 2876 Spiritus
3232 2807 3376 2877 quod
3424 2808 3480 2864 in

1898 2900 1990 2954 illa
2011 2900 2165 2955 deest
2182 2898 2534 2969 adimplet,et
2555 2899 2699 2968 quod
2720 2914 2880 2953 suum
2901 2908 2986 2953 est
3002 2906 3110 2952 nat'
3141 2914 3212 2953 ra:
3230 2899 3482 2954 humana:

1900 2993 2157 3063 largitur,
2192 3007 2378 3046 rerum
2421 3008 2618 3061 nempe
2656 2990 2973 3045 futurarum
3025 3007 3053 3045 e
3134 2993 3479 3047 occultorum

1900 3084 2296 3155 mysteriorum
2332 3081 2611 3137 notitiam.
2655 3081 2793 3137 Cum
2830 3096 2961 3151 ergo
3012 3096 3071 3136 se
3128 3082 3343 3135 nescire
3374 3080 3481 3135 Do-

1900 3173 2110 3228 minum
2140 3173 2217 3226 ait
2256 3173 2455 3227 beatus
2496 3171 2767 3242 Baptista,
2798 3187 2907 3225 non
2958 3172 3245 3233 mentitur,
3278 3172 3325 3225 si
3377 3170 3482 3224 hu-

1898 3263 2185 3317 manitatis
2215 3270 2269 3316 et
2313 3270 2584 3316 creaturae
2618 3262 2866 3317 conditio
2897 3270 3178 3332 spectetur
3207 3280 3221 3315 :
3253 3262 3349 3317 sed
3383 3264 3478 3316 uni

1898 3354 2010 3408 Deo
2040 3361 2243 3407 cuncta
2273 3367 2436 3407 nosse
2458 3352 2675 3416 tribuit,
2698 3352 2786 3421 qui
2808 3367 2905 3421 per
2925 3360 3175 3405 sanetum
3212 3353 3477 3422 Spiritum

1898 3445 1965 3499 ad
2000 3445 2545 3515 comprehensionem
2582 3460 2766 3499 rerum
2801 3444 3145 3498 occultarum
3196 3444 3476 3499 hominem

1896 3539 2257 3603 illuminat,et
2282 3537 2493 3592 utiliter
2529 3537 2685 3590 valde
2705 3535 2991 3606 proﬁtetur
3016 3552 3080 3590 ex
3103 3537 3285 3606 seipso
3310 3536 3475 3592 Chri-

1898 3637 2043 3683 stum
2088 3627 2325 3692 nescire,
2367 3643 2487 3682 eam
2521 3627 2593 3682 ob
2623 3643 2737 3682 rem
2770 3636 2949 3681 tamen
2982 3629 3199 3697 proprie
3230 3630 3470 3694 venisse,

1895 3733 1955 3776 ut
1998 3721 2189 3776 lsraeli
2235 3730 2425 3775 notum
2482 3722 2661 3791 ipsum
2702 3721 2866 3775 faciat
2905 3739 2919 3775 :
2954 3736 3022 3775 ne
3062 3722 3129 3775 ad
3178 3722 3473 3792 perhiben-

1895 3815 2025 3869 dum
2063 3814 2200 3868 illud
2256 3815 2632 3870 testimonium
2670 3829 2781 3869 .sua
2815 3824 3011 3884 sponte
3060 3814 3362 3871 incurrisse
3391 3817 3473 3870 vi-

1894 3906 2113 3971 deatur,
2152 3921 2331 3976 neque
2367 3905 2691 3976 cupiditatis
2727 3922 2839 3962 sua:
2870 3921 3067 3961 servus
3099 3915 3345 3976 putetur,
3374 3907 3469 3961 sed

1896 3999 2069 4053 divini
2129 3998 2349 4053 consilii
2430 3999 2615 4068 potius
2681 4006 2991 4057 exsecutor,
3054 3998 3471 4067 voluntatisque

1895 4106 2153 4160 supernae
2202 4091 2459 4144 minister
2496 4110 2514 4141 ι
2548 4091 2758 4158 Agnum
2812 4109 2828 4138 ι
2882 4089 2931 4142 ei
2966 4089 3280 4154 revelantis,
3316 4108 3335 4141 ι
3375 4090 3469 4159 qui

1894 4183 2046 4235 tollit
2074 4188 2358 4250 peccatum
2394 4180 2583 4234 mundi
2612 4180 2676 4232 ⁸⁸.
2718 4199 2734 4231 ι
2770 4177 2839 4233 Ut
2863 4194 2993 4248 ergo
3026 4176 3199 4232 Juin
3232 4180 3470 4235 alacrius

1893 4270 2117 4327 Christo
2154 4268 2428 4325 Salvatori
2466 4272 2777 4332 crederent,
2806 4280 2857 4323 et
2891 4270 3371 4337 praeclarissimam
3402 4270 3472 4325 de

1896 4380 1963 4419 eo
2006 4365 2475 4420 existimationem
2520 4362 2805 4426 haberent,
2868 4362 2942 4414 ait
2975 4362 3154 4430 ipsum
3201 4377 3261 4417 se
3299 4378 3473 4431 agno.

206 4452 327 4524 στῴ
376 4453 639 4523 βαδίζοιεν
694 4454 976 4519 Ἰουδαῖοι,
1004 4456 1099 4508 καὶ
1147 4454 1577 4527 ἀξιολογωτάτην
1625 4458 1789 4527 ἔχωσι

1899 4473 2048 4511 scere
2089 4470 2251 4526 Quem
2287 4471 2397 4510 non
2433 4464 2682 4516 noverat,
2714 4462 2774 4508 ut
2820 4455 3131 4522 intelligant
3177 4454 3401 4508 demum
3440 4468 3473 4508 ι

204 4548 341 4615 περὶ
366 4548 529 4600 αὑτοῦ
564 4548 660 4619 τὴν
689 4548 959 4618 διάληψιν,
996 4550 1291 4617 ἐγνωκέναι
1320 4550 1483 4618 φησὶν
1506 4550 1793 4613 αὑτὸν,οὑκ

201 4638 386 4701 εἰδώς*
418 4640 503 4692 ἵνα
548 4640 732 4694 λοιπὸν
781 4642 1003 4695 ἐννοῶσι
1051 4640 1142 4697 ’ἱὸν
1180 4643 1607 4712 ἀποκαλύψαντα
1638 4644 1788 4705 Θεὸν,

202 4732 309 4783 καὶ
331 4731 391 4782 τὸ
412 4730 615 4783 ἄνωθεν
644 4733 1123 4803 ἁποναρκήσαντες
1157 4736 1351 4803 κρῖμα,
1384 4731 1790 4805 παραδέξωνται

199 4822 389 4875 τοίνυν
415 4821 506 4873 τὸν
539 4820 692 4890 λόγον
721 4823 904 4887 αὑτοῦ,
929 4825 1023 4877 καὶ
1047 4825 1137 4877 τὸν
1161 4825 1376 4894 οἰκέτην
1406 4824 1637 4894 δρῶντες
1661 4824 1787 4877 ὄντα

198 4913 484 4974 τοσοῦτον,
519 4913 794 4982 ἀναλόγως
826 4915 885 4967 τὸ
913 4915 1005 4968 τοῦ
1055 4914 1380 4985 κρατοῦντος
1407 4915 1785 4985 ἁναμετρῶσιν

195 5007 443 5074 ἀξίωμα.
480 5006 553 5058 Τὸ
592 5006 700 5076 γάρ
732 5006 1049 5077 ἐληλυθέναι
1080 5006 1279 5075 λέγειν,
1311 5009 1396 5061 ἵνα
1436 5008 1664 5078 φανερὸν
1688 5009 1784 5060 αὑ-

1902 4549 2012 4601 Dco
2042 4548 2368 4610 revelatum,
2408 4554 2461 4600 et
2496 4544 2733 4614 priSIino
2767 4544 2934 4597 animi
2964 4552 3190 4613 stupore
3210 4560 3469 4609 excusso,

1898 4638 2020 4707 ejus
2055 4636 2216 4706 116
2249 4650 2560 4689 sermonem
2605 4634 2917 4695 admittant,
2949 4641 3002 4687 et
3036 4642 3244 4687 tantum
3287 4632 3470 4687 famu-

1897 4729 2009 4781 lum
2039 4734 2350 4788 cernentes,
2380 4726 2736 4795 preportione
2774 4724 3012 4794 quadam
3044 4722 3261 4778 Domini
3288 4724 3472 4793 digni-

1896 4828 2063 4874 tatem
2105 4820 2401 4873 aestiment.
2439 4817 2598 4884 Quod
2635 4818 2781 4871 enim
2826 4816 2905 4869 ait
2933 4816 3154 4870 venisse
3199 4824 3256 4869 ut
3290 4816 3469 4869 mani-

1897 4912 2100 4967 festum
2129 4927 2253 4965 eum
2296 4910 2459 4964 iaciat
2506 4908 2714 4973 lsraeli,
2750 4906 3017 4978 numquid
3048 4906 3284 4963 cilicium
3323 4908 3467 4963 servi

1895 5003 2154 5060 denotat?

190 5100 291 5151 τὸν
318 5097 394 5167 τῷ
433 5098 647 5169 Ἰσραὴλ
670 5100 1007 5168 καταστήσῃ,
1033 5098 1147 5162 πῶς
1176 5099 1235 5151 οὑ
1262 5101 1476 5163 πάντως
1504 5102 1603 5169 τὴν
1622 5100 1805 5170 οἰκέτῃ
1846 5098 2158 5168 πρέπουσαν
2180 5095 2475 5166 θεραπείαν
2511 5095 2796 5165 σημαίνει;

806 5190 1055 5245 ΚΕΦΑΛ,
1087 5191 1163 5242 Α’.

192 5279 333 5330 Ὅτι
458 5278 607 5331 κατὰ
625 5278 1065 5400 μετςχένωὺδὲ
1089 5280 1169 5345 ὡς
1188 5280 1448 5334 ἐπακτόν
1472 5280 1638 5359 ἐν’τῷ
1676 5281 1784 5346 Υἰῷ

270 5348 344 5399 τὸ
388 5364 560 5400 amor
612 5351 811 5400 Πνευιι
909 5348 1101 5400 ἐστιν.
1145 5350 1283 5400 ἀλλ’
1311 5350 1611 5400 οὑσιωδωρ
1639 5393 1652 5400 -
1687 5357 1784 5400 καὶ

270 5348 344 5399 τὸ
388 5346 560 5415 ἅγιον
612 5346 851 5416 Πνεῦμά
909 5348 1101 5410 ἐστιν,
1145 5350 1283 5403 ἀλλ’
1311 5350 1611 5415 οὑσιωδῶς
1639 5393 1652 5415 ,
1687 5357 1785 5405 καὶ

272 5416 428 5469 κατὰ
479 5418 667 5484 φύσιν
697 5416 1018 5485 ἐνυπάρχει
1068 5420 1245 5484 αὐτῷ.

271 5509 387 5562 Καὶ
440 5510 850 5577 ἐμαρτύρησεν
891 5509 1173 5577 Ἰωάννης
1208 5510 1418 5580 λέγων’
1443 5513 1571 5566 Ὀτι
1595 5512 1788 5566 τεθέα·

188 5616 303 5671 μαι
350 5598 420 5651 τὸ
463 5599 703 5667 Πνεῦμα
730 5598 1109 5663 καταϐαῖνον,
1136 5601 1278 5655 ὡσεὶ
1310 5605 1681 5671 περιστερὰν,
1718 5603 1787 5666 ἐξ

191 5690 487 5761 οὐρανοῦ,
516 5690 612 5744 καὶ
660 5690 895 5759 ἔμεινεν
923 5692 1015 5746 ἐπ’
1044 5694 1249 5747 αὐτόν·
1288 5693 1449 5764 κάγὼ
1474 5697 1583 5749 οὐκ
1620 5694 1788 5764 ᾔδειν

281 5860 319 5889 ⁸³
367 5859 385 5911 l
438 5858 564 5915 Cor.
618 5876 706 5930 xv,
756 5861 842 5917 55.

927 5864 969 5894 ¹³
1000 5862 1145 5920 Psal.
1167 5881 1274 5934 cvt,
1309 5865 1395 5923 42.
1474 5870 1515 5902 ιδ
1576 5867 1734 5927 Rom.
1767 5887 1883 5943 vnt,
1917 5873 2005 5930 53.

2558 5184 2707 5239 CAP.
2755 5183 2795 5239 I.

1893 5278 2043 5343 Quod
2071 5293 2173 5329 non
2202 5293 2292 5339 per
2309 5278 2789 5344 participationem,
2826 5293 2984 5344 neque
3009 5287 3065 5329 ut
3096 5278 3354 5333 ascititius
3386 5289 3464 5333 est

1962 5350 2013 5399 in
2054 5345 2195 5400 Filio
2224 5349 2720 5415 sanctusISpiritus,
2758 5348 2848 5401 sed
2896 5349 2943 5400 ei
2975 5347 3396 5405 substantiatiter
3415 5359 3464 5404 et

1962 5418 2245 5471 secundum
2277 5428 2523 5470 naturam
2556 5420 2710 5472 inest.

1968 5508 2009 5569 1,
2050 5506 2241 5561 32-35.
2284 5506 2353 5560 Et
2391 5509 2751 5562 testimonium
2798 5508 3061 5576 perhibuit
3097 5508 3350 5573 Joannes,
3379 5510 3464 5563 di-

1892 5599 2217 5664 rens:Quia
2263 5600 2372 5654 vidi
2420 5599 2674 5669 Spiritum
2708 5600 3137 5665 descendentem,
3185 5603 3338 5672 quasi
3381 5622 3464 5658 co-

1890 5690 2143 5756 lumbam,
2177 5691 2241 5744 de
2293 5692 2456 5757 caelo,
2503 5702 2551 5747 et
2613 5694 2808 5747 mansit
2868 5708 3023 5759 super
3053 5709 3170 5746 eum
3211 5707 3229 5746 :
3270 5703 3320 5747 et
3371 5709 3464 5763 ego

2091 5874 2133 5907 ¹³
2168 5872 2341 5931 Galat.
2395 5891 2476 5944 ιιι,
2525 5876 2610 5932 i5.
2688 5873 2912 5933 "Joan.
2963 5891 3002 5946 ι,
3052 5874 3141 5932 29.
