4222 6510
778 403 878 458 ιιιδ

1773 404 1834 459 S.
1879 399 2154 456 CYRILIJ
2209 391 2684 451 ALEXANDRINI
2724 395 3043 452 ARCIIIEP.

3916 391 4015 448 196

774 522 1068 575 nesciebam
1101 539 1254 578 eum:
1280 524 1368 577 sed
1399 525 1486 592 qui
1510 523 1654 576 misit
1686 539 1766 578 me
1797 523 2068 591 baptizare
2105 526 2156 576 in
2186 536 2346 589 aqua.

2457 517 2664 582 αὑτὸν,
2701 520 2841 572 ἀλλ’
2892 522 2924 572 ό
2956 518 3199 585 πέμψας
3253 532 3326 586 με
3371 511 3674 580 ,βαπτίζειν
3716 513 3783 566 ἐν
3823 511 3985 564 ὕδατι

775 611 864 664 ille
894 613 1024 666 mihi
1051 614 1188 666 dixit
1211 629 1227 667 :
1249 614 1416 683 Super
1440 631 1592 684 quem
1618 614 1808 669 videris
1839 616 2098 680 Spiritum
2139 617 2352 669 descen-

774 703 1001 772 dentem,
1029 717 1076 760 et
1110 719 1402 761 manentem
1429 725 1584 777 super
1607 727 1747 776 eum,
1775 712 1859 764 hic
1892 721 1970 764 est
1995 711 2086 779 qui
2114 710 2351 776 baptism

775 795 828 846 in
857 794 1058 863 Spiritu
1084 809 1288 851 saneto.

843 894 1108 960 Quoniam
1144 900 1401 969 superius
1441 901 1680 970 dixerat,
1721 918 1780 958 se
1832 919 1955 958 eum
2003 919 2111 958 non
2164 919 2348 967 nosse,

776 1005 922 1041 nunc
957 989 1007 1042 id
1041 994 1291 1047 exactius
1338 997 1590 1063 exponit,
1625 997 2058 1066 mysteriumque
2101 998 2348 1052 divinum

775 1082 975 1147 aperit,
999 1085 1299 1139 ostendens
1339 1101 1465 1140 cum
1504 1088 1603 1140 sibi
1638 1104 1665 1140 a
1698 1087 1859 1144 Patre
1891 1089 2000 1144 Deo
2029 1091 2346 1149 revelatum.

759 1181 889 1240 tum
932 1177 1056 1242 quis
1106 1179 1461 1233 revelationis
1509 1182 1704 1236 modus
1741 1181 1903 1237 fuerit
1949 1194 2134 1252 aperte
2172 1187 2349 1252 expli-

773 1279 909 1317 cans
959 1285 971 1317 ;
1017 1265 1264 1338 adeoque
1317 1271 1633 1324 auditorum
1685 1273 1886 1328 animis
1936 1275 2082 1327 omni
2138 1276 2352 1329 ratione

775 1356 1040 1423 prodest:
1073 1368 1128 1413 et
1178 1376 1275 1429 per
1315 1378 1437 1431 qum
1487 1364 1692 1420 Christi
1746 1367 2066 1436 mysterium
2110 1383 2169 1422 se
2209 1367 2352 1420 didi-

779 1451 921 1504 cisse
955 1453 1051 1515 ait,
1090 1468 1187 1522 per
1213 1469 1276 1508 ea
1309 1454 1509 1511 divinae
1547 1460 1834 1513 sententia:
1873 1460 2117 1514 ostendit
2148 1459 2349 1513 adi-er.

779 1539 958 1594 sarios
994 1541 1282 1612 refragari,
1310 1555 1363 1598 cl
1402 1563 1609 1616 magnae
1642 1546 1824 1600 Patris
1874 1550 2131 1604 resistere
2159 1551 2351 1602 Volun-

783 1630 904 1686 tati.
930 1631 1083 1696 Quod
1123 1651 1243 1687 cum
1278 1635 1428 1698 facit,
1465 1639 1601 1692 scite
1633 1653 1726 1693 eos
1765 1637 1978 1693 inducit
2006 1648 2062 1692 ut
2112 1642 2353 1696 vanitate

778 1722 976 1790 rejecta
1017 1740 1139 1778 cum
1175 1728 1509 1796 suscipiant,
1555 1731 1644 1797 qui
1679 1730 1858 1784 Patris
1904 1731 2248 1801 beucplacito
2296 1733 2347 1786 in

778 1815 922 1868 hunc
952 1819 1211 1871 mundum
1241 1822 1462 1874 advenit
1495 1822 1564 1875 ad
1600 1823 1844 1875 omnium
1871 1826 2128 1878 salutem.
2157 1824 2349 1879 Testa-

773 1915 866 1959 tur
922 1909 1105 1977 itaque
1162 1926 1220 1964 se
1270 1910 1534 1980 Spiritum
1592 1924 1872 1982 spectasse
1923 1914 2346 1970 descendentem

777 2016 941 2069 super
968 2017 1089 2054 eum
1127 2003 1192 2055 de
1238 2007 1402 2070 eri-lo,
1443 2007 1496 2059 in
1537 2008 1799 2061 columba:
1851 2009 2054 2077 specie,
2097 2018 2151 2062 et
2183 2026 2349 2079 super

774 2110 896 2146 eum
933 2097 1221 2150 mansisse.
1257 2100 1334 2151 Ad
1384 2101 1515 2160 hmo,
1545 2102 1621 2153 ait
1668 2116 1725 2154 se
1756 2103 1988 2155 auribus
2030 2102 2147 2156 suis
2187 2118 2349 2157 accc-

777 2187 922 2252 pisse
972 2199 1038 2239 ab
1071 2204 1138 2240 eo
1181 2205 1209 2242 a
1244 2204 1353 2257 quo
1401 2191 1606 2244 missus
1634 2197 1718 2245 est
1746 2191 1812 2243 ad
1863 2191 2250 2261 baptizaudum
2295 2195 2346 2247 in

771 2293 936 2346 aqua.
973 2280 1127 2332 illum
1190 2282 1598 2350 baptizaturum
1661 2285 1715 2336 in
1776 2291 1966 2337 sancto
2022 2283 2254 2353 Spiritu,
2293 2287 2347 2339 in

775 2387 932 2438 quem
969 2372 1366 2436 descendisset,
1409 2384 1462 2430 et
1526 2376 1578 2428 in
1633 2391 1742 2445 quo
1799 2388 2045 2430 maneret
2082 2376 2345 2446 Spiritus.

777 2458 1267 2529 Locupletissimus
1295 2481 1425 2534 ergo
1448 2467 1626 2527 testis,
1655 2467 2075 2534 super-naturale
2104 2467 2346 2538 signum,

778 2553 925 2607 illius
957 2565 1147 2610 auctor
1183 2573 1245 2610 ac
1310 2558 1721 2613 demonstrator
1773 2559 1956 2624 Pater,
1979 2562 2221 2615 omnium
2257 2578 2349 2616 su—

777 2661 1017 2714 prcmus.
1059 2649 1234 2716 Atque
1277 2650 1392 2704 haec
1458 2652 1676 2720 quidem
1741 2653 1813 2704 ita
1855 2667 1913 2706 se
1969 2653 2190 2707 habent.
2241 2655 2347 2710 Sed

775 2736 1064 2790 iusultahit
1119 2737 1304 2792 forsan
1348 2739 1545 2793 iterum
1575 2739 1922 2810 \‘itilitigator
1950 2741 2261 2806 haereticus,
2295 2754 2349 2799 et

775 2827 830 2880 in
885 2829 1217 2883 cachinnum
1277 2830 1487 2885 effusus
1529 2831 1676 2886 dicet
1725 2847 1738 2882 ι
1791 2832 1930 2897 Quid
1978 2850 2142 2903 porro
2190 2839 2346 2893 nobis

776 2921 1093 2988 responsuri
1131 2924 1288 2985 estis,
1328 2937 1359 2976 ο
1395 2923 1546 2984 boni,
1575 2931 1671 2975 aut
1702 2924 1904 2993 quibus
1936 2929 2170 2996 argutiis
2198 2931 2346 2998 quod

775 3011 1040 3079 scriptum
1069 3021 1152 3066 est
1184 3013 1560 3083 redarguetis?
1586 3014 1728 3068 Ecce
1758 3014 2023 3084 Spiritum
2062 3019 2138 3072 ait
2166 3021 2218 3074 in
2256 3021 2348 3074 Fi-

775 3101 906 3153 lium
944 3102 1275 3157 descendere
1318 3124 1329 3158 :
1368 3121 1497 3159 ecce
1544 3108 1770 3175 ungitur
1830 3121 1860 3158 a
1917 3105 2027 3162 Deo
2072 3126 2136 3165 ac
2191 3113 2347 3168 l’atre

2453 609 2684 674 ἐκεῖνός
2698 627 2800 678 μοι
2813 606 3002 663 εἶπεν·
3036 610 3159 676 Ἐφ’
3185 607 3257 663 ὃν
3271 607 3348 660 ἂν
3364 605 3496 673 ἴδῃς
3515 606 3578 658 τὸ
3597 605 3824 672 Πνεῦμα
3845 619 4014 655 και-(ί-

2455 701 2667 756 ϐαἴνον
2692 741 2705 763 ,
2743 701 2841 754 καὶ
2877 700 3071 770 μένον
3221 699 3426 763 αὺτὸν,
3457 695 3632 764 οὗτός
3660 699 3822 751 ἐστιν
3853 700 3883 750 ό
3905 696 4014 760 ,ϐα-

2453 792 2670 853 πτίζων
2706 793 2774 846 ἐν
2802 795 3100 863 Πνεύματι
3129 795 3294 863 ἁγίῳ.

2523 884 2638 937 Οὐκ
2675 886 2874 938 εἰδέναι
2925 886 3106 954 φήσας
3148 885 3308 938 αὑτὸν
3341 886 3399 937 ὲν
3426 887 3537 946 τοῖς
3581 882 3825 952 ἀνωτέρω
3847 919 3861 939 ,
3886 896 4014 948 χρη-

2455 977 2628 1044 σίξλως
2675 977 3103 1047 ἐπεξεργάζεται
3128 1020 3141 1040 ,
3171 981 3264 1031 καὶ
3312 981 3372 1030 τὸ
3412 978 3552 1028 θεῖον
3595 977 3884 1044 ἀπογυμνοῐ
3922 991 4013 1040 ρυ-

2456 1070 2676 1138 στήριον
2704 1110 2717 1129 ,
2761 1072 2854 1122 καὶ
2907 1070 2999 1122 τὸν
3050 1071 3199 1140 αὐτῷ
3246 1071 3554 1140 μηνύσαντα
3618 1068 3861 1120 δεικνύων
3910 1065 4014 1116 Πα-

2452 1159 2586 1229 τέρα
2644 1160 2812 1226 Θεὸν,
2849 1164 2943 1215 καὶ
2989 1163 3073 1225 τίς
3121 1165 3150 1215 ὁ
3202 1165 3297 1232 τῆς
3331 1163 3544 1227 δεὶξ;ω;
3591 1162 3771 1228 γέγονε
3800 1161 4010 1230 τρόπος.

2452 1251 2754 1318 ἀναςανδὸν
2805 1254 3001 1322 ἐξηγοῦ
3011 1272 3191 1324 μενος.
3249 1257 3461 1324 Ὠφελεῖ
3485 1256 3541 1308 δὲ
3565 1255 3650 1307 διὰ
3677 1255 3883 1306 πάντων
3910 1251 4012 1303 τῶν

2453 1345 2820 1415 ἀκροωμένων
2873 1349 2961 1401 τὸν
2997 1349 3140 1406 νοῦν,
3170 1350 3264 1402 καὶ
3291 1343 3448 1401 δι’ὦν
3479 1353 3539 1402 ἐκ
3573 1347 3701 1401 θεοῦ
3738 1344 4013 1397 πεπαιδεῦ-

2455 1436 2577 1488 σθαί
2609 1455 2740 1508 φησι
2771 1440 2832 1492 τὸ
2862 1442 2988 1511 περὶ
3037 1443 3273 1513 Χριστοῦ
3317 1444 3630 1512 μυστήριον,
3662 1443 3776 1502 ταῖς
3819 1438 4014 1493 ἄνωθεν

2452 1532 2653 1599 ψήφοις
2709 1533 3079 1603 πολεμοῦντας
3139 1537 3425 1605 ἀποᾳαίνει
3471 1538 3594 1597 τοὺς
3635 1532 4014 1601 ἀνθεστηκότας

2454 1624 2620 1694 αὐτῷ,
2647 1627 2739 1679 καὶ
2775 1627 3162 1696 ῥιψοκινδύνως
3200 1632 3264 1698 τῇ
3293 1629 3499 1698 μεγάλῃ
3522 1628 3612 1680 τοῦ
3638 1625 3836 1695 Πατρός
3870 1624 4015 1675 ἀντι-

2453 1716 2887 1783 προστάττοντας
2917 1717 3130 1790 γνώμῃ.
3163 1719 3333 1771 Τοῦτο
3361 1719 3414 1772 δὲ
3453 1715 3519 1789 ἦν
3547 1717 3915 1775 ἀναπείθοντθς
3939 1731 4020 1764 επ

2453 1805 2601 1874 φυῶς
2647 1809 2745 1876 τῆς
2779 1809 2878 1876 μὲν
2926 1811 3139 1874 εἰκαίας
3196 1812 3371 1864 αὐτῶν
3427 1808 3750 1880 ἀποσχέσθαι
3799 1806 4014 1876 βουλῆς,

2455 1899 2859 1969 παραδέξασθαι
2883 1901 2938 1955 δὲ
2960 1903 3051 1956 τὸν
3083 1903 3298 1973 εὐδοκία
3325 1903 3532 1975 Πατρὸς
3558 1903 3646 1955 ἐπὶ
3663 1901 3895 1968 σωτηρία
3918 1897 4019 1947 τῶν

2453 1993 2667 2045 πάντων
2701 1994 3132 2066 ἐπιδημήσαντα.
3167 1998 3451 2067 Μαρτυρεῖ
3493 1993 3788 2063 τοιγαροῦν,
3823 1992 3902 2043 ὅτι
3929 1989 4018 2040 καὶ

2453 2085 2512 2136 τὸ
2531 2085 2750 2156 Πνεῦμα
2776 2087 3028 2140 θεάσαιτο
3058 2089 3382 2141 καταϐαῖνον
3409 2087 3661 2140 ὲπάὺτὸν
3692 2085 3748 2148 ἐξ
3773 2081 4011 2151 οὐρανοῦ,

2451 2182 2778 2251 περιστερᾶς
2807 2183 2864 2233 ὲν
2896 2181 3158 2251 σχήματι,
3191 2182 3284 2235 καὶ
3301 2183 3381 2234 ὃτι
3414 2181 3714 2252 μεμένηκεν
3745 2176 4011 2229 ἐπάῦτόν.

2452 2271 2584 2327 Εἶτα
2634 2275 2769 2347 πρὸς
2798 2274 2973 2346 τούτῳ
2997 2317 3012 2338 ,
3047 2277 3139 2329 καὶ
3193 2280 3457 2346 αὐτήκοος
3487 2274 3730 2342 γενέσθαι
3772 2269 3902 2339 φησι
3926 2267 4012 2318 τοῦ

2454 2365 2802 2435 πεπομφότος
2834 2366 2998 2419 αὑτὸν
3049 2367 3140 2420 ἐπὶ
3187 2369 3247 2420 τὸ
3297 2367 3578 2438 βαπτίζειν
3611 2366 3666 2416 ὲν
3715 2362 3889 2423 ὕδατι,
3945 2361 4013 2420 ὡς

2451 2457 2658 2520 ἐκεῖνός
2686 2459 2832 2510 ἐστιν
2857 2461 2914 2510 ὲν
2955 2457 3092 2529 ἁγίῳ
3123 2459 3398 2529 βαπτίζων
3444 2457 3737 2525 Πνεῦματι,
3764 2449 3913 2521 ᾧπερ
3954 2452 4014 2504 ειν

2453 2548 2810 2618 ἐτειφοιτῆσαν
2842 2551 3171 2622 ἐναπομείνῃ
3201 2551 3262 2602 τὸ
3295 2549 3536 2620 Πνεῦμα.
3565 2546 4013 2613 Ἀξιοπιστότατος

2451 2641 2644 2697 τοίνυν·
2667 2642 2696 2693 ὁ
2735 2641 2964 2710 μάρτυς,
3011 2641 3290 2709 ὑπερφυὲς
3316 2641 3375 2691 τὸ
3420 2640 3659 2708 σημεῖον,
3687 2635 3868 2688 ἐπάνω
3894 2633 4014 2686 πάν-

2451 2718 2557 2782 των
2586 2732 2615 2782 ὁ
2646 2731 2823 2794 δείξας
2864 2733 3070 2801 Πατήρ.
3104 2733 3211 2784 Καὶ
3239 2730 3409 2784 ταῦτα
3445 2731 3538 2800 μὲν
3561 2729 3701 2799 τῇδε.
3744 2728 4014 2793 ’Δνασκιρ-

2451 2823 2605 2890 τήσει
2647 2821 2703 2884 δὲ
2751 2822 2880 2884 ἴσως
2909 2823 2937 2873 ὁ
2968 2822 3358 2892 φιλεγκλήμων
3407 2820 3692 2890 αἱρετικὸς,
3733 2820 3823 2869 καὶ
3846 2816 4011 2868 πλατὺ

2450 2917 2685 2983 γελάσας
2713 2918 2855 2986 ὲρεῖ’
2883 2916 2947 2968 Τί
2973 2917 3133 2969 πάλιν
3158 2918 3310 2988 ἡμῖν,
3337 2909 3380 2967 ὦ
3411 2909 3571 2975 οὗτοι,
3591 2912 3680 2964 καὶ
3704 2911 3834 2980 πρὸς
3866 2907 4014 2960 τοῦτό

2452 3026 2587 3078 φατε
2615 3027 2630 3074 ;
2663 3010 2698 3079 ἢ
2729 3012 2880 3062 ποῖον
2910 3009 3222 3078 ὲξυφανείτε
3253 3008 3407 3075 λόγον
3447 3004 3925 3072 κατασοφιζόμενοι
3961 3001 4015 3052 τὸ

2451 3105 2887 3174 γεγραμμένον;
2933 3103 3065 3154 Ἰδοὺ
3100 3102 3160 3153 τὸ
3210 3101 3430 3170 Πνεῦμα
3477 3098 3815 3152 καταϐαίνειν
3860 3095 4014 3163 φησὶν

770 3191 968 3257 Filius,
1003 3203 1054 3248 et
1087 3194 1230 3263 quod
1277 3212 1384 3250 non
1421 3199 1581 3251 habet
1629 3200 1890 3252 nimirum
1927 3204 2152 3273 accipit,
2185 3202 2343 3260 Psal-

2453 3200 2544 3251 ἐπὶ
2576 3197 2667 3266 τὸν
2722 3196 2884 3250 Υίόν⁶
2933 3195 3041 3249 ἰδοὺ
3086 3195 3438 3264 καταχρίεται
3469 3191 3617 3261 παρὰ
3651 3189 3742 3242 τοῦ
3769 3187 3902 3242 Θεοῦ
3930 3188 4015 3240 καὶ

775 3284 935 3336 mista
968 3284 1127 3338 nobis
1157 3285 1510 3356 suil'ragante,
1540 3298 1595 3344 et
1627 3291 1710 3347 his
1750 3295 1928 3363 ipsum
1968 3298 2152 3353 verbis
2191 3313 2340 3351 eom-

773 3377 1012 3444 pcllante
1047 3394 1058 3428 :
1098 3395 1115 3426 ι
1159 3377 1450 3446 Propterea
1499 3383 1655 3456 117
1701 3389 1856 3439 unxit
1902 3397 1954 3442 te
2004 3389 2168 3452 Deus,
2209 3389 2349 3444 Deus

775 3474 926 3529 tuus,
953 3467 1076 3521 oleo
1111 3471 1500 3526 exsultationis
1531 3489 1643 3542 prze.
1675 3479 2039 3550 participibus
2074 3482 2182 3534 tuis
2220 3482 2282 3535 ιτ.
2323 3500 2341 3531 ι

774 3557 1062 3621 Quomodo
1126 3559 1295 3629 igitur
1361 3567 1855 3625 consubstantialis
1927 3575 2033 3625 erit
2104 3574 2348 3642 perferto

773 3648 920 3702 Patri
953 3649 1150 3716 Filius,
1188 3655 1279 3722 qui
1314 3657 1458 3723 quod
1505 3660 1784 3726 perfectus
1816 3678 1924 3716 non
1964 3664 2057 3724 sit,
2091 3665 2210 3719 ideo
2242 3683 2346 3719 un-

772 3742 957 3809 gitur?
985 3743 1300 3799 Istiusmodi
1332 3748 1642 3805 hominibus
1681 3755 1772 3822 qui
1812 3756 2121 3809 veneranda
2156 3757 2344 3811 Eccle-

773 3830 870 3885 siae
915 3832 1168 3902 dogmata
1210 3838 1546 3900 convellunt,
1587 3853 1640 3895 et
1689 3842 2096 3913 Scripturarum
2138 3859 2344 3901 rectum

783 3939 1007 3977 sensum
1060 3937 1399 3994 pervertunt,
1428 3930 1722 3988 dicendum
1768 3953 1892 3991 reor
1934 3959 1946 3992 :
1995 3957 2012 3989 ι
2060 3937 2344 4008 Evigilate,

775 4017 866 4083 qui
900 4018 1036 4070 ebrii
1072 4021 1204 4072 estis
1237 4038 1301 4074 ex
1338 4025 1462 4078 vino
1496 4035 1680 4081 vestro
1711 4028 1771 4090 ⁸⁸,
1803 4049 1820 4080 ι
1861 4040 1942 4090 ut,
1965 4031 2163 4085 illustri
2199 4035 2342 4086 veri-

775 4108 904 4162 tatis
942 4110 1348 4176 pulchritudine
1382 4127 1686 4185 perspecta,
1721 4121 2013 4175 nobiscum
2052 4125 2347 4180 inclamare

773 4197 918 4253 Filio
975 4205 1199 4270 possitis
1251 4224 1317 4260 ιι
1365 4207 1500 4262 Vere
1541 4208 1710 4266 Filius
1755 4212 1846 4266 Dei
1896 4230 1958 4268 es
2011 4224 2066 4268 tu
2111 4217 2174 4269 η.
2216 4237 2234 4269 ι
2288 4219 2344 4274 Si

773 4292 918 4344 enim
950 4294 1127 4348 credis
1151 4297 1327 4365 ipsum
1371 4297 1541 4352 Deum
1571 4301 1874 4355 secundum
1913 4314 2167 4358 naturam
2201 4323 2345 4375 esse,

773 4384 1068 4452 quomodo,
1111 4404 1319 4455 quaeso,
1365 4390 1704 4459 perfectione
1769 4397 2020 4450 carebit?
2083 4397 2348 4468 Sequitur

774 4478 919 4530 enim
955 4479 1192 4548 idipsum
1240 4482 1403 4536 etiam
1438 4499 1532 4543 vos
1575 4485 1739 4555 impie
1777 4487 1845 4542 de
1871 4488 2032 4543 Patre
2070 4505 2337 4548 asserere.

2455 3291 2683 3360 Πατρὸς,
2717 3293 2852 3361 ὅπερ
2879 3291 2935 3343 δὲ
2977 3291 3076 3342 οὐκ
3108 3288 3247 3358 ἕχει,
3281 3285 3542 3355 λαμϐάνει
3565 3280 3781 3352 δηλαδὴ.
3813 3296 4015 3332 συνεπιι

2455 3383 2858 3453 μαρτυροῦντος
2887 3381 2981 3434 τοῦ
3025 3379 3302 3449 Μελῳδοῦ,
3340 3379 3430 3430 καὶ
3469 3377 3734 3443 λέγοντος,
3784 3372 3857 3434 ὡς
3889 3372 4015 3441 πρὸς

2450 3475 2638 3527 αὐτόν·
2673 3493 2691 3524 ι
2725 3473 2821 3526 Διὰ
2843 3473 3001 3526 τοῦτο
3021 3471 3203 3541 ἕχρισέ
3233 3487 3290 3522 σε
3317 3473 3342 3522 ὁ
3369 3468 3558 3530 Θεὸς,ὀ
3582 3466 3711 3526 Θεός
3742 3481 3854 3524 σου,
3879 3463 4015 3513 ἔλεον

2450 3565 2821 3633 ἀγαλλιάσεως
2854 3564 3006 3634 παρὰ
3039 3565 3164 3625 τοὺς
3197 3562 3456 3631 μετόχους
3487 3575 3598 3610 σου.
3639 3575 3654 3606 ι
3700 3555 3820 3616 Πῶς
3843 3554 3908 3606 ἂν
3938 3554 4014 3619 εἴη

2450 3659 2633 3710 λοιπὸν
2687 3659 2744 3708 ἐν
2778 3657 3156 3726 ὁμοουσιότητι
3201 3653 3294 3706 τοῦ
3346 3651 3548 3704 τελείου
3600 3646 3826 3716 Πατρὶς.
3871 3646 3899 3697 ὁ
3948 3644 4013 3711 μὴ

2449 3751 2689 3812 τοιοῦτος
2710 3751 2858 3814 Υἱὸς,
2878 3749 2973 3802 καὶ
2995 3748 3080 3800 διὰ
3105 3747 3262 3800 τοῦτο
3279 3746 3562 3816 χριόμενος
3587 3758 3600 3807 ;
3626 3740 3762 3811 Πρὸς
3782 3739 3845 3804 δὴ
3868 3750 4013 3787 τουτο

2451 3843 2615 3910 φάναι
2649 3841 2759 3893 δεῖν
2801 3839 3171 3910 ὑπολαμϐάνω
3202 3839 3313 3899 τοῖς
3352 3835 3420 3888 τὰ
3454 3835 3624 3905 σεμνὰ
3660 3831 3756 3901 τῆς
3798 3826 4013 3893 Ἐκκλη-

2452 3935 2572 3997 σίας
2617 3933 2989 4003 ἀνατρέπουσι
3019 3933 3286 4001 δόγματα,
3322 3929 3415 3982 καὶ
3443 3929 3538 3999 τὴν
3572 3927 3676 3980 τῶν
3713 3936 4015 3991 γεγραμειε·

2451 4045 2555 4080 νων
2587 4026 2852 4098 ὀρθότητα
2879 4025 3291 4094 διαστρέφουσιν
3317 4042 3327 4051 ·
3355 4043 3372 4075 ι
3397 4017 3770 4088 Ἐκνήψατε,οἱ
3799 4013 4015 4084 μεθύον-

2450 4135 2560 4180 τες,
2589 4117 2647 4181 ἐξ
2673 4119 2814 4169 οἴνου
2844 4114 3043 4179 αὐτῶν,
3077 4133 3095 4166 ι
3134 4115 3218 4167 ἵνα
3253 4113 3499 4182 δύνησθε,
3534 4110 3593 4164 τὸ
3634 4107 3882 4179 λαμπρὸν
3930 4104 4016 4173 τῆς

2451 4209 2707 4279 ἀληθείας
2735 4206 3204 4278 περιαθρήσαντες
3238 4205 3451 4267 κάλλος,
3496 4203 3590 4255 σὺν
3624 4203 3752 4270 ἡμῖν
3790 4195 4014 4262 ἀναῦοῆ-

2453 4319 2541 4354 σαι
2573 4303 2707 4373 πρὸς
2737 4302 2827 4353 τὸν
2847 4299 3003 4352 Υἱόν·
3030 4319 3047 4350 ι
3098 4297 3334 4368 ’Λληθῶς
3364 4295 3497 4350 Θεοῦ
3527 4294 3650 4356 Υἱὸς
3678 4288 3744 4344 εἴ.
3776 4310 3792 4340 ι
3825 4291 3886 4342 ΕΞ
3919 4287 4016 4356 γὰρ

2451 4392 2588 4454 ὅλως
2641 4391 2916 4454 πιστεύεις
2960 4391 3090 4444 Θεὸν
3143 4384 3281 4442 εἶναι
3319 4391 3458 4441 κατά
3490 4385 3648 4455 φύσιν
3690 4382 3873 4444 αὐτὸν,
3911 4378 4018 4438 πῶς

2451 4485 2550 4536 οὐκ
2583 4483 2648 4536 ἂν
2691 4483 2805 4552 ἔχοι
2831 4483 2894 4536 τὸ
2935 4483 3169 4550 τέλειον;
3210 4482 3351 4550 Ὥρα
3394 4480 3500 4549 γὰρ
3531 4477 3671 4545 ὑμᾶς
3700 4474 3796 4526 καί
3825 4475 3903 4533 εἰς
3933 4470 4018 4523 αὐ-

777 4569 931 4625 Umle
953 4574 1098 4626 enim
1123 4573 1256 4642 ipse,
1274 4592 1481 4642 qtho,
1502 4578 1893 4646 perfectionem
1931 4585 2264 4648 necessario,
2283 4597 2340 4640 ut

2453 4578 2543 4629 τὶν
2589 4576 2688 4645 ἤδη
2740 4574 3018 4627 δυσσεὸεἴν
3070 4575 3158 4626 τὸν
3194 4572 3410 4641 Πατέρα
3438 4588 3450 4598 ’
3484 4568 3643 4648 πόθεν
3693 4567 3798 4635 γὰρ
3845 4563 4014 4621 αὐτὸς,

773 4663 978 4724 dicitis,
1012 4664 1299 4721 habiturus
1337 4669 1459 4722 est?
1494 4679 1588 4722 aut
1621 4673 1900 4737 quomodo
1948 4689 2056 4726 non
2097 4675 2161 4728 ad
2197 4677 2342 4731 illam

774 4755 1193 4810 diminutionem
1239 4755 1386 4822 Filii,
1419 4763 1696 4814 sententia
1734 4773 1912 4816 vestra
1965 4765 2338 4833 imperfectam

773 4849 1101 4918 delapsurus
1130 4860 1235 4912 est,
1269 4853 1314 4904 si
1359 4851 1541 4906 divina
1584 4856 1825 4907 essentia
1875 4857 2340 4924 imperfectiouem

777 4940 828 4994 in
868 4940 1005 4994 Filio
1054 4942 1222 4994 semel
1277 4945 1602 5012 susceperit.
1647 4952 1705 4996 ut
1763 4948 1930 5000 stulte
1983 4955 2037 5000 et
2096 4948 2344 5017 imperite

774 5030 1281 5085 eoutenditis?Non
1319 5038 1462 5086 enim
1507 5043 1652 5088 certe
1695 5050 1944 5102 magnam
1986 5037 2130 5090 illam
2165 5048 2216 5092 et
2253 5040 2346 5091 im-

775 5123 1056 5175 mortalem
1085 5132 1333 5175 naturam
1369 5124 1422 5175 iu
1455 5123 1702 5178 diversas
1736 5125 1976 5178 rationes
2008 5129 2341 5194 seeabimus,

773 5223 832 5265 ut
862 5213 914 5264 in
953 5211 1078 5270 hoc,
1113 5213 1262 5265 verbi
1295 5215 1494 5280 gratia,
1523 5214 1595 5267 sit
1629 5215 1973 5283 imperfecta,
2001 5220 2052 5270 in
2086 5220 2176 5270 illo
2225 5235 2345 5288 per-

772 5303 913 5358 fecta
953 5321 966 5358 :
1002 5318 1128 5358 cum
1180 5304 1541 5359 humanitatis
1573 5305 1819 5359 definitio
1864 5323 1974 5360 una
2011 5313 2084 5363 sit
2129 5311 2196 5364 dc
2225 5328 2345 5365 oni-

769 5398 954 5457 nibus,
985 5404 1038 5449 et
1069 5397 1255 5450 eadem
1296 5397 1351 5450 in
1386 5397 1642 5451 onmibus
1678 5399 1861 5463 nobis,
1907 5416 2005 5454 nec
2043 5402 2204 5454 homo
2246 5403 2345 5455 ali—

767 5487 902 5554 quid
955 5487 1142 5540 minus
1199 5497 1292 5539 aut
1354 5487 1533 5555 majus
1583 5489 1654 5542 sit
1707 5490 1882 5544 altero
1946 5492 2193 5559 homine,
2235 5510 2342 5559 qua

769 5580 932 5635 homo
971 5586 1056 5632 est
1093 5601 1102 5632 :
1139 5595 1239 5632 nec
1293 5581 1538 5648 angelus,
1578 5580 1796 5648 opinor,
1837 5580 1908 5633 ab
1936 5583 2106 5634 altero
2150 5585 2343 5652 angelo

764 5669 1005 5733 iliﬂ'crat,
1038 5674 1254 5724 ratione
1295 5671 1559 5738 angelica:
1588 5672 1932 5736 substantiaz,
1966 5673 2244 5736 omnibus.
2275 5691 2341 5728 ex

843 5831 881 5860 ”
927 5827 1070 5887 PSIII.
1121 5845 1264 5891 xm.
1318 5829 1368 5887 8.
1453 5827 1617 5884 "Jocl
1651 5846 1687 5893 ι,
1734 5829 1783 5881 ῖς.

1867 5831 1910 5860 ¹⁹
1949 5828 2136 5884 Matth.
2176 5845 2286 5895 xw,
2321 5828 2411 5894 33,

2453 4669 2527 4731 ὡς
2557 4667 2681 4738 φὴς,
2701 4667 2759 4732 ἐξ
2780 4668 3024 4736 ἀνάγκης
3057 4667 3165 4732 ἕξει
3193 4667 3291 4734 τὴν
3317 4662 3626 4730 τελειότητα
3649 4677 3662 4720 ;
3688 4657 3802 4718 πῶς
3829 4655 3889 4707 δὲ
3910 4652 4017 4720 οὐχὶ

2444 4760 2587 4830 ’πρὸς
2611 4759 2706 4829 τὴν
2742 4758 2835 4811 τοῦ
2863 4760 3200 4828 γεννήματος
3239 4756 3428 4824 ὕφεσιν
3447 4794 3461 4816 ,
3500 4753 3598 4822 τὴν
3627 4751 3701 4812 ὠς
3726 4747 3850 4802 καθ’
3887 4747 4019 4845 ὑμὶς

2451 4851 2615 4919 ἀτελῆ
2649 4849 3088 4918 κατοισθήσεται,
3125 4845 3575 4918 παραδεξαμένης
3629 4840 3774 4903 ἀπαξ
3823 4839 3880 4889 ἐν
3917 4837 4019 4903 Tit?

2453 4943 2551 5010 τῆς
2598 4942 2746 5003 θείας
2779 4942 2965 5003 οὐσίας
3009 4941 3071 4993 τὸ
3110 4938 3368 4992 δύνασθαι
3405 4937 3476 5006 μὴ
3517 4935 3657 5002 ἔχειν
3692 4931 3752 4982 τὺ
3787 4928 4018 4986 τέλειοι,

2453 5036 2596 5086 κατά
2624 5051 2686 5100 γε
2712 5034 2800 5086 τὸν
2832 5036 2960 5101 παρ’
2991 5033 3118 5101 ὑμῖν
3157 5030 3343 5098 ἀμαθῆ
3370 5027 3461 5079 καὶ
3491 5024 3812 5079 ἀπαίδευτον
3839 5020 4017 5085 λόγονς

2453 5127 2526 5179 Οὐ
2558 5126 2665 5195 γὰρ
2716 5126 2886 5194 δήπου
2935 5125 3030 5194 τὴν
3066 5123 3307 5193 μεγάλην
3347 5120 3560 5188 ἐκείνην
3582 5157 3594 5177 ,
3623 5114 3716 5169 καὶ
3753 5114 4048 5215 inﬁgat-sv.

2454 5219 2614 5286 φύσιν
2647 5220 2725 5280 είς
2754 5217 3045 5287 διαφόρους
3075 5211 3516 5282 καταμεριοῦμεν
3544 5208 3756 5274 λόγους,
3785 5203 3862 5262 ὡς
3890 5203 4018 5253 εἶναι

2456 5312 2553 5380 μὲν
2589 5313 2644 5362 ἐν
2697 5309 2831 5380 τῷδε
2877 5309 3038 5378 τυχὸν
3081 5306 3281 5374 ἀτελῆ,
3334 5302 3545 5355 τελείαν
3575 5299 3629 5353 δὲ
3675 5292 3741 5350 αὖ
3773 5294 3934 5399 πέλεν
3967 5294 4019 5344 ὲν

2450 5399 2639 5468 ἐκείνῳ
2660 5417 2672 5428 ·
2707 5399 2827 5451 ἐπεὶ
2863 5399 2957 5451 καὶ
2986 5400 3014 5449 ὁ
3044 5397 3141 5466 τῆς
3183 5394 3599 5464 ἁνθρωπότητος
3624 5389 3749 5454 ὄρος
3778 5389 3856 5446 εἱς
3888 5389 4018 5435 κατά

2451 5491 2666 5544 πάντων
2707 5491 2822 5542 ἐστὶ
2849 5490 2943 5542 καὶ
2979 5489 3088 5549 ἴσος
3119 5489 3176 5539 ὲν
3209 5487 3370 5538 πᾶσιν
3398 5485 3525 5553 ἡμῖν
3549 5499 3560 5510 ·
3598 5479 3818 5534 ἔλαττον
3853 5476 3909 5529 δέ
3942 5491 4018 5536 τις

2449 5583 2754 5652 ἄνθρωπος,
2782 5581 2916 5634 καθὸ
2961 5582 3202 5649 πέφυκεν
3242 5576 3545 5646 ἄνθρωπος,
3581 5568 3698 5624 ἀλλ’
3721 5567 3844 5622 οὐδὲ
3866 5565 4020 5617 πλέον

2451 5675 2636 5744 ἑτέρου
2684 5673 3162 5744 καταληφθήσεται
3190 5712 3203 5734 ,
3253 5668 3484 5737 ἀγγέλου
3528 5663 3606 5727 δὲ,
3634 5658 3811 5730 οἴμαι,
3841 5657 4020 5716 διοίσει
