4222 6510
205 440 304 496 197

1242 433 1307 487 ΙΝ
1346 432 1635 490 JOANNIS
1672 426 2121 487 EVANGELIUM
2158 429 2287 489 LIB.
2326 430 2389 488 ll.

3358 444 3464 503 I98

198 554 324 608 κατ’
355 551 507 606 οὐδὲν
543 549 732 622 ἔτερος
782 547 1031 617 ἄγγελος,
1061 546 1200 602 κατά
1236 564 1300 616 γε
1352 548 1414 601 τὸ
1463 545 1602 601 εἶναι
1636 546 1781 599 τοῦθ’

1885 560 1951 600 eo
2008 546 2155 615 quod
2207 546 2458 615 ejusdem
2492 552 2621 602 sunt
2657 547 2885 617 speciei,
2922 546 2976 602 in
3004 562 3167 604 unam
3204 542 3489 613 naturain.

198 644 353 713 ὃπερ⁵
391 644 527 697 είσὶν
563 640 803 709 ἄγγελοι,
848 639 1048 710 δηλαδὴ
1089 639 1176 693 διὰ
1207 640 1305 707 τῆς
1352 639 1488 710 πρὸς
1520 637 1781 709 ἀλλήλους

196 736 493 807 ὁμοειδίας,
534 737 615 797 εἰς
645 733 772 803 μίαν
799 733 1037 795 ἅπαντες
1086 732 1551 803 άναδεσμούμενοι
1595 732 1777 801 φύσιν.

180 828 322 890 ’Πῶς
350 827 415 880 ἂν
443 822 534 879 οὖν
553 827 587 896 ἡ
611 825 731 877 θεία
751 824 841 877 καὶ
864 825 1116 877 ἁπάντων
1141 824 1578 893 ὑπερανίσχουσα
1593 823 1777 892 φύσις,

194 921 255 971 ἑν
285 918 533 971 ἐλάττοσι
577 916 686 969 τῶν
719 915 960 984 γενητῶν
1006 918 1065 968 ὲν
1106 917 1218 976 τοῖς
1258 915 1380 967 καθ’
1410 915 1608 985 ἑαυτὴν
1639 914 1795 982 ἁγαι-’

195 1012 309 1073 Οεῐς
360 1009 692 1078 ὀφθήσεται,
722 1009 983 1076 ὑπομενεῖ
1023 1007 1079 1059 δὲ
1129 1006 1332 1070 πάθος,
1442 1005 1634 1059 παθεῖν
1679 1006 1780 1060 οὐκ

192 1102 334 1155 οἶδεν
364 1106 397 1173 ἡ
443 1102 647 1165 κτίσις;
680 1100 804 1163 Πῶς
850 1099 906 1152 δὲ
948 1098 1084 1161 ὅλως
1143 1098 1297 1151 ἔσται
1352 1099 1447 1151 καὶ
1487 1096 1632 1167 ἁπλῆ
1684 1096 1779 1153 καὶ.

195 1194 509 1257 ὰςύνοετος,
546 1191 704 1261 εἴπερ
736 1190 794 1243 ὂν
828 1194 885 1243 ὲν
910 1191 1047 1259 αὐτῇ
1075 1190 1323 1257 φανεῖται
1358 1188 1418 1240 τὸ
1438 1187 1653 1240 ,τέλειον
1684 1190 1779 1241 καὶ

191 1285 256 1337 τὸ
309 1284 496 1346 ἀτελές
527 1302 540 1349 ;
569 1281 923 1349 Συγκείσεται
969 1282 1079 1351 γὰρ
1110 1280 1178 1333 δι’
1221 1280 1445 1348 ἀμφοῖν,
1474 1279 1630 1350 εῐπερ
1679 1280 1778 1349 οὐχ

193 1377 383 1445 ὅμοιον
430 1374 506 1445 τῷ
558 1373 748 1443 τελείῳ
801 1373 862 1426 τὸ
908 1359 1130 1434 άτελέςξ
1168 1372 1230 1425 El
1282 1372 1381 1440 μὲν
1433 1370 1541 1440 γὰρ
1593 1370 1777 1439 ὅμοιόν

193 1470 335 1530 ἐστι,
369 1469 461 1520 καὶ
505 1466 566 1519 τὸ
610 1464 924 1519 διαλλάττον
967 1463 1121 1516 οὐδὲν
1149 1465 1206 1515 ὲν
1241 1462 1446 1525 αὐτοῖς,
1480 1462 1611 1527 πᾶν,
1641 1461 1777 1529 ὅπερ

192 1559 259 1613 ἂν
308 1561 396 1630 εἴη
443 1559 669 1623 τέλειον,
700 1556 1007 1628 ἀδιαφόρως
1040 1556 1192 1609 ἔσται
1223 1555 1315 1608 καὶ
1345 1554 1533 1616 ἀτελές
1552 1571 1565 1584 ο
1590 1552 1684 1607 καὶ
1728 1553 1782 1609 εἴ

188 1668 244 1704 τι
274 1652 439 1704 πάλιν
464 1651 675 1714 ἀτελὲς,
706 1649 866 1703 τοῦτο
907 1650 999 1703 καὶ
1022 1648 1245 1711 τέλειον,
1274 1649 1370 1701 καὶ
1400 1647 1551 1700 οὐδὲν
1578 1647 1635 1700 ὲν
1664 1647 1778 1715 Υίῷ

188 1739 253 1792 τὸ
283 1738 669 1810 κατηγόρημα,
684 1737 785 1791 κᾶν
803 1740 921 1802 ταῖς
945 1739 1241 1809 ἡμετέραις
1270 1738 1533 1800 διανοίαις
1547 1738 1609 1790 τὸ
1624 1736 1777 1799 τέλος

190 1833 335 1901 ἔχων
372 1832 433 1885 οὐ
477 1832 735 1902 φαίνηται
770 1848 784 1863 ’
817 1832 931 1884 ἀλλ’
966 1831 1087 1886 οὐδὲ
1132 1832 1293 1894 αὐτὸς
1314 1834 1341 1884 ό
1374 1831 1558 1901 Πατὴρ
1605 1832 1776 1900 ὑπερ-

188 1924 404 1977 αλεῖται
434 1924 526 1977 τὸν
565 1923 691 1976 Υίὸν
726 1924 819 1977 ἐπὶ
848 1922 1142 1993 τελειότητι
1182 1923 1646 1993 μαρτυρούμενος.
1686 1923 1779 1975 καὶ
1811 1905 1852 1959 Β

185 2018 413 2069 λέλυται
442 2016 603 2069 πάλιν
627 2018 758 2086 ἡμῖν
792 2015 852 2067 τὸ
887 2014 1219 2085 ζητούμενον
1240 2030 1251 2042 ·
1284 2016 1333 2067 εἰ
1360 2015 1417 2067 δὲ
1448 2014 1612 2077 πολὺς
1643 2016 1780 2068 ἁπο-

185 2108 424 2179 τειχίζει
461 2108 619 2171 λόγος
652 2106 744 2160 τοῦ
779 2107 987 2160 τελείου
1020 2106 1081 2159 τὺ
1126 2106 1332 2170 ἀτελὲς,
1363 2106 1577 2176 δέχεται
1602 2106 1655 2159 δὲ
1688 2106 1780 2158 καὶ

187 2203 223 2272 ἡ
254 2202 376 2255 θεία
422 2200 582 2269 φύσις
633 2199 773 2254 κατὰ
812 2199 1008 2253 ταυτὸν
1039 2198 1342 2269 ἀμφότερα,
1368 2198 1618 2261 σύνθετος
1648 2200 1777 2268 ἄρα,

188 2296 288 2348 καὶ
336 2295 436 2365 οὐχ
470 2294 638 2364 ἁπλῆ.
678 2292 817 2346 Ἀλλ’
842 2294 958 2365 ἐρεῖ
1003 2308 1086 2353 τις
1112 2290 1295 2360 τυχὸν,
1325 2288 1400 2352 ὼς
1426 2290 1691 2359 ἁσυμφυῆ
1722 2288 1779 2341 τέ

187 2388 311 2441 ἐστι
358 2388 453 2439 καὶ
490 2385 883 2457 άσυνύπαρκτα
928 2384 1069 2437 κατὰ
1103 2382 1299 2436 ταυτὸν
1333 2382 1391 2434 ὲν
1425 2382 1503 2436 ἑνὶ
1536 2381 1614 2451 τῷ
1650 2381 1782 2434 ὑπο-

187 2482 433 2553 κειμένῳ
451 2481 518 2535 τὰ
539 2482 778 2544 ἐναντία,
810 2481 885 2543 ὡς
915 2482 971 2532 ὲν
994 2478 1206 2545 σώματι
1228 2476 1387 2546 τυχὸν
1424 2475 1558 2547 όμοῦ
1583 2476 1779 2547 χρῶμα

187 2579 384 2632 λευκὸν
412 2580 505 2631 καὶ
538 2577 721 2647 μὲλαν.
770 2573 965 2637 Καλῶς
988 2590 1075 2641 γε,
1097 2566 1141 2625 ὦ
1166 2571 1336 2643 φίλος,
1363 2571 1455 2624 καὶ
1485 2568 1629 2639 μάλα
1651 2586 1782 2639 γορ-

186 2671 304 2738 τῶς
328 2671 440 2731 τοῖς
487 2667 776 2737 ἡμετέροις
823 2664 1154 2735 άπηγωνίσω
1183 2664 1379 2731 λόγοις.
1424 2662 1486 2714 Εἰ
1532 2661 1640 2730 γὰρ
1683 2660 1781 2731 μία.

188 2759 275 2823 τίς
299 2760 448 2812 ἐστιν
466 2759 498 2827 ἡ
517 2756 630 2809 θεία
660 2754 841 2824 φύσις,
871 2754 966 2808 καὶ
992 2753 1121 2823 παρ’
1140 2753 1306 2823 αὐτὴν
1334 2752 1431 2821 οὐχ
1454 2751 1635 2822 ἑτέρα,
1664 2750 1782 2812 πῶς

185 2850 418 2917 ἇν,εἱπέ
452 2867 561 2920 μοι,
591 2847 698 2901 τῶν
743 2847 1000 2900 ἐναντίων
1040 2846 1254 2914 γένοιτο
1289 2844 1544 2913 δεκτικής
1573 2842 1688 2904 πῶς
1724 2841 1781 2894 δὲ

186 2943 316 2999 καθ’
355 2944 415 2996 ἓν
442 2942 578 2995 τιτὸ
606 2939 962 3008 ὑποκείμενον
990 2938 1060 2993 τά
1099 2936 1351 3009 ἀλλήλοις
1382 2935 1611 3006 ἀνόμοια
1640 2951 1780 3004 συμ-

187 3038 457 3108 6ήσεται;
487 3032 623 3087 Θεοῦ
648 3032 704 3086 δὲ
724 3032 874 3094 ὄντος
907 3030 1050 3087 κατὰ
1079 3027 1241 3098 φύσιν
1272 3026 1364 3081 τοῦ
1394 3026 1627 3098 Πατρός,
1648 3025 1782 3089 Θεός

185 3132 310 3186 ἐστι
342 3127 483 3182 κατὰ
511 3126 673 3195 φύσιν
696 3124 789 3178 καὶ
823 3127 852 3179 ό
875 3124 1000 3186 Υἱός
1020 3140 1034 3154 ’
1074 3123 1225 3176 οὐδὲν
1260 3122 1370 3192 ἄρα
1400 3119 1606 3180 διοίσει,
1642 3117 1783 3171 κατά

185 3238 256 3290 γε
295 3219 360 3271 τὸ
409 3215 551 3270 εἶναι
584 3215 806 3279 τέλειος,
834 3212 910 3277 ὡς
938 3213 1075 3287 πρὸς
1110 3212 1201 3265 τὸν
1231 3210 1469 3282 Πατέρα,
1503 3208 1599 3278 τῆς
1629 3207 1779 3270 θείας
1805 3243 1849 3302 C

184 3310 360 3366 αὐτοῦ
394 3310 490 3363 καὶ
522 3307 865 3377 τελειοτάτης
886 3304 1073 3367 οὐσίας
1103 3301 1459 3370 ὲκπεφυκώςο
1486 3301 1519 3371 ἢ
1548 3299 1656 3369 γὰρ
1680 3298 1780 3351 οὐκ

184 3406 409 3474 ἀνάγκη
437 3401 639 3454 τέλειον
686 3395 823 3452 εἶναι
858 3398 1072 3458 πάντως
1122 3396 1211 3447 τὸν
1240 3396 1304 3445 ὲκ
1354 3390 1557 3444 τελείου
1586 3390 1779 3459 γεννή-

184 3514 373 3569 τορος,
411 3494 566 3566 εἴπερ
618 3491 763 3544 ἐστὶν
792 3488 957 3543 αὐτοῦ
1009 3486 1103 3543 καὶ
1153 3483 1569 3555 ἀπαράλλακτος
1595 3479 1778 3543 εἰκὼν,

186 3591 286 3645 καὶ
333 3585 620 3658 χαρακτὴρ
665 3583 767 3653 τῆς
815 3579 1168 3642 ὑποστάσεως
1192 3618 1205 3640 ,
1237 3576 1380 3631 καθὰ
1418 3576 1726 3646 γέγραπται
1763 3591 1777 3639 ;

200 3676 370 3743 Ἀλλ’,
401 3672 575 3746 οἶμαι,
608 3676 716 3737 πᾶς
736 3691 818 3735 τις
844 3673 974 3743 ἡμῖν
1001 3670 1216 3740 συνερεῖ
1256 3668 1349 3720 καὶ
1378 3666 1721 3737 συνθήσεται·
1746 3664 1779 3735 ἢ

186 3770 403 3838 λεγέτω
432 3767 592 3822 πάλιν
620 3767 697 3827 είς
728 3764 892 3833 μέσον
929 3758 1116 3825 ἐλθὼν,
1143 3757 1286 3812 κατὰ
1317 3762 1438 3810 τίνα
1462 3756 1662 3827 τρόπον
1686 3755 1778 3808 τοῦ

185 3862 401 3915 τελείου
428 3858 636 3930 Πατρός
664 3853 1078 3926 ἀπαράλλακτος
1107 3850 1260 3907 ἔσται
1292 3848 1576 3920 χαρακτὴρ
1600 3848 1628 3899 ὁ
1654 3846 1782 3909 Υίὸς

184 3956 293 4009 οὐκ
344 3953 481 4022 ἔχων
526 3954 582 4004 ὲν
627 3948 732 4021 ἰδίᾳ
767 3945 925 4015 φύσει
971 3945 1032 3998 τδ
1061 3940 1203 3997 εῖναι
1241 3940 1464 4007 τέλειος,
1498 3939 1641 3997 κατὰ
1683 3941 1782 4009 τήν

184 4063 359 4100 τινων
400 4040 741 4096 δυσϐουλίαν.
809 4035 1025 4106 Ἐπειδὴ
1075 4035 1133 4089 δέ
1180 4035 1296 4086 ἐστι
1349 4031 1636 4104 χαρακτὴρ
1686 4032 1782 4116 καὶ

184 4136 382 4198 εἰκὼν,
408 4134 611 4196 τέλειος
639 4132 747 4203 ἄρα
765 4128 859 4183 καὶ
884 4127 1046 4190 αὐτὸς
1083 4126 1157 4189 ὡς
1182 4126 1406 4189 ἐκεῖνος,
1434 4117 1495 4175 οὗ
1518 4124 1613 4177 καὶ
1636 4122 1782 4176 ἐστιν

184 4228 382 4284 εἰκών.
439 4224 575 4279 Ἀλλ’
616 4219 742 4287 εἶδε,
795 4220 981 4291 φησιν,
1033 4217 1287 4287 Ἰωάννης
1345 4216 1404 4283 ἐξ
1440 4212 1672 4286 οὐρανοῦ
1722 4213 1783 4266 τὸ

183 4316 427 4386 Πνεῦμα
454 4313 779 4369 καταϐαῖνον
812 4311 904 4365 ἐπὶ
945 4310 1040 4363 τὸν
1082 4308 1230 4371 Υἱὸν,
1266 4308 1361 4361 καὶ
1398 4305 1634 4359 ἐπακτὸν
1669 4303 1782 4375 ἔχει

181 4408 285 4465 τὸν
300 4406 591 4479 άγιασμδνο
614 4401 946 4475 δὲχεταιγάρ
966 4401 1041 4464 ὼς
1063 4400 1164 4453 οὐκ
1184 4398 1319 4469 ἔχων
1332 4396 1702 4467 δηλαδή.Ὥρα
1718 4395 1782 4464 δὴ

180 4496 285 4555 οὖν
319 4497 625 4568 ἀναφανδὸν
658 4494 871 4566 ποίημα
903 4492 1002 4564 μὲν
1031 4490 1209 4559 λέγειν
1241 4490 1423 4554 αὑτὸν,
1452 4487 1607 4558 ὀλίγῃ
1632 4485 1782 4557 μόλις

1885 638 2183 708 colligatis.
2215 638 2504 703 Quomodo
2550 654 2680 709 ergo
2729 639 2918 694 divina
2974 647 3029 696 et
3071 644 3317 699 omnium
3363 662 3461 702 su-

1885 744 2071 797 prema
2137 730 2229 782 illa
2290 740 2510 794 natura,
2559 733 2739 786 minor
2789 734 2845 787 in
2908 749 2970 790 se
3022 750 3145 792 esse
3183 738 3461 795 videbitur

1883 835 2046 888 quam
2089 830 2367 887 creatura,
2398 824 2558 892 eique
2589 824 2872 894 continget
2900 828 3045 895 quod
3096 843 3166 884 ne
3194 828 3249 883 in
3284 830 3463 899 ipsam

1883 914 2106 982 quidem
2152 923 2464 968 creaturam
2519 916 2722 973 cadere
2765 920 2971 988 possit?
3014 922 3122 976 Aut
3158 924 3459 991 quomodo,

1888 1006 2229 1074 qua‘so,.erit
2259 1006 2489 1076 simplex
2523 1016 2577 1062 et
2605 1009 2994 1079 incomposita,
3016 1012 3061 1065 si
3104 1013 3159 1066 in
3186 1028 3249 1067 ea
3276 1014 3463 1069 videa-

1882 1114 2005 1152 mus
2057 1114 2181 1153 esse
2236 1099 2627 1170 perfectionem
2686 1113 2739 1156 et
2807 1103 3316 1173 imperfectionem?
3380 1104 3461 1164 Ex

1874 1198 2114 1259 utroque
2147 1193 2294 1245 enim
2347 1201 2730 1263 componetur,
2764 1195 3038 1263 siquidem
3075 1196 3323 1266 perfecto
3359 1198 3463 1255 int~

1880 1281 2187 1350 perfectum
2251 1283 2433 1338 simile
2480 1301 2588 1339 non
2648 1296 2750 1340 est.
2805 1285 2862 1339 Si
2922 1289 3069 1341 enim
3125 1291 3310 1345 simile
3363 1290 3459 1357 sit,

1878 1375 2130 1445 nihilque
2160 1376 2234 1431 sit
2264 1377 2407 1430 inter
2429 1394 2491 1432 ea
2519 1378 2882 1444 discriminis,
2915 1381 3289 1451 quodcunque
3336 1399 3460 1452 per-

1878 1464 2086 1520 fectum
2126 1476 2232 1529 est,
2267 1469 2473 1536 passim
2530 1485 2750 1539 quoque
2801 1471 2907 1525 erit
2951 1471 3365 1541 imperfectum;
3408 1484 3462 1528 et

1880 1558 2064 1626 siquid
2102 1558 2345 1613 vicissim
2402 1559 2820 1629 imperfectum,
2856 1563 2988 1618 illud
3025 1580 3245 1634 quoque
3285 1566 3463 1635 perfe-

1879 1659 2028 1699 ctum
2080 1647 2207 1711 erit,
2256 1663 2358 1702 nec
2406 1648 2548 1703 Filio
2575 1651 2873 1719 quidquam
2928 1652 3305 1717 detrahemus,
3334 1654 3462 1707 licet

1879 1752 2002 1790 eum
2038 1738 2379 1805 perfectione
2406 1754 2600 1795 carere
2633 1749 2891 1809 putemus
2923 1758 2934 1792 :
2968 1743 3059 1797 sed
3096 1760 3273 1811 neque
3298 1743 3462 1798 Pater

1880 1827 2076 1882 Filium
2110 1833 2430 1900 superabit:
2464 1834 2718 1901 quamvis
2747 1834 2795 1887 ei
2831 1834 3097 1904 perfectio
3126 1825 3460 1900 ascriliatur,

1882 1925 1937 1971 et
1964 1919 2145 1973 soluta
2178 1936 2376 1977 rursus
2400 1923 2565 1977 nobis
2594 1933 2679 1978 est
2715 1927 2946 1993 qumstio
2979 1945 2988 1979 :
3024 1927 3109 1979 sin
3142 1936 3325 1980 autem
3359 1927 3466 1981 im-

1884 2013 2188 2080 perfectum
2238 2030 2267 2067 a
2309 2014 2556 2084 perfecto
2587 2017 2775 2071 multis
2825 2019 3134 2073 rationibus
3166 2019 3466 2091 distingui-

1883 2114 1994 2169 tur,
2038 2114 2329 2175 ntruinque
2370 2122 2496 2161 vero
2543 2106 2727 2161 divina
2769 2124 2990 2179 quoque
3037 2118 3237 2163 natura
3270 2113 3463 2167 eodem

1882 2197 2046 2250 modo
2073 2200 2327 2267 suscipit,
2362 2200 2666 2269 composita
2704 2200 2870 2270 igitur
2916 2203 3042 2266 eril,
3070 2211 3124 2256 et
3175 2218 3285 2255 non
3328 2204 3462 2256 sim-

1885 2291 2027 2356 plex.
2058 2287 2161 2342 Sed
2202 2290 2388 2344 forsan
2423 2291 2564 2345 dicet
2603 2294 2903 2362 quispiam,
2947 2295 3227 2348 contraria
3266 2296 3319 2348 in
3352 2309 3464 2347 uno

1883 2382 2132 2451 subjecto
2182 2384 2346 2437 simul
2406 2398 2515 2437 non
2550 2400 2713 2455 posse
2765 2385 3049 2453 exsistere,
3086 2396 3145 2442 ut
3191 2387 3246 2441 in
3300 2388 3466 2458 118

1882 2488 2136 2542 corpore,
2170 2474 2403 2543 exempli
2438 2490 2629 2539 causa,
2657 2476 2817 2530 albus
2840 2477 2995 2533 color
3024 2492 3088 2532 ac
3120 2479 3274 2548 niger
3296 2480 3463 2534 simul

1881 2580 2004 2619 esse
2052 2571 2353 2632 nequeunt.
2384 2563 2527 2618 Bene
2569 2565 2755 2631 habet,
2800 2567 3011 2633 amice;
3045 2569 3257 2621 nostris
3292 2567 3465 2623 dictis

1881 2656 2104 2726 egregie
2144 2664 2199 2709 tu
2232 2670 2453 2724 quoque
2484 2655 2827 2726 suﬂ‘ragaris.
2855 2656 2992 2711 Nam
3025 2659 3070 2712 si
3110 2674 3217 2712 una
3250 2666 3336 2714 est
3366 2642 3500 2712 na-J

1884 2753 2007 2800 tura
2047 2732 2283 2808 divina,
2331 2761 2432 2800 nec
2477 2753 2673 2815 pt'teter
2716 2762 2836 2801 eam
2892 2748 3062 2802 altera
3093 2789 3107 2812 ,
3164 2751 3464 2819 quomodo,

1884 2853 2092 2908 qumso,
2116 2836 2368 2891 admittet
2397 2838 3013 2909 contraria?quomodo
3049 2841 3103 2895 in
3134 2858 3301 2895 unum
3331 2843 3472 2896 sub-

1878 2932 2085 3001 jeclum
2115 2946 2238 2999 qua:
2265 2931 2408 2984 inter
2438 2945 2498 2984 se
2524 2930 2818 2985 dissimilia
2855 2940 2983 2986 sunt
3014 2948 3077 2987 eo
3130 2933 3377 2987 venient?
3397 2934 3466 2990 At

1882 3038 2006 3077 cum
2044 3021 2205 3075 Pater
2235 3021 2381 3076 Deus
2413 3024 2486 3076 sit
2518 3021 2822 3075 secundum
2860 3034 3056 3078 natura
3101 3040 3136 3090 l,
3158 3023 3298 3080 Deus
3324 3040 3465 3095 quo-

1883 3129 1992 3184 que
2034 3114 2338 3168 secundum
2369 3122 2626 3168 naturam
2674 3123 2757 3169 est
2778 3112 2951 3169 Filius
2978 3134 2990 3168 :
3018 3118 3152 3170 nihil
3198 3132 3329 3186 ergo
3359 3116 3475 3171 dif-

1884 3207 2024 3263 feret
2056 3208 2147 3262 ille
2175 3223 2205 3261 a
2231 3205 2415 3269 Patre,
2443 3210 2657 3262 ratione
2687 3207 3070 3276 perfectionis.
3109 3209 3203 3279 qui
3243 3226 3307 3264 ex
3344 3211 3466 3280 ejus

1882 3300 2067 3355 divina
2098 3308 2152 3354 ct
2197 3299 2602 3370 perfectissima
2634 3300 2943 3353 substantia
2979 3303 3268 3370 processit.
3296 3301 3468 3357 Num.

1881 3392 2014 3461 quid
2044 3391 2213 3457 enim,
2249 3405 2463 3461 quasso,
2487 3404 2715 3443 necesse
2740 3403 2847 3442 non
2882 3399 2967 3444 est
2992 3407 3114 3445 cum
3140 3408 3262 3449 esse
3286 3393 3467 3462 perfe-

1882 3494 2054 3545 ctum,
2072 3484 2164 3553 qui
2182 3500 2245 3538 ex
2263 3482 2507 3553 perfecto
2521 3490 2605 3537 est
2622 3479 3086 3551 Patre,siquidem
3100 3483 3223 3551 ejus
3239 3495 3323 3539 est
3341 3502 3466 3540 cum

1883 3592 1978 3647 per
2001 3577 2184 3629 omnia
2213 3576 2410 3630 similis
2435 3571 2637 3645 imago,
2659 3583 2772 3629 tum
2804 3575 3133 3633 substantia:
3157 3577 3468 3640 character,

1882 3675 1944 3721 ut
2001 3669 2269 3737 scriptum
2320 3674 2406 3721 est
2439 3665 2533 3719 ὀἳ
2589 3666 2693 3721 Sed
2746 3682 2908 3720 nemo
2962 3683 3071 3720 non
3129 3669 3469 3723 assentietur

1883 3759 2064 3822 nobis,
2098 3761 2318 3830 opinor,
2371 3769 2426 3814 et
2475 3758 2868 3828 suffragabitur
2920 3778 2934 3813 :
2980 3760 3187 3829 alioqui
3239 3762 3469 3830 prodeat

1882 3866 2082 3905 rursus
2116 3850 2171 3904 in
2206 3850 2468 3913 medium,
2498 3858 2553 3905 ct
2588 3851 2740 3905 dicat
2771 3849 3053 3921 quomodo
3092 3852 3318 3921 perfecti
3362 3853 3466 3911 Pa-

1884 3942 1987 3996 tris
2043 3939 2266 3997 futurus
2330 3942 2403 3996 sit
2461 3943 2691 4013 aequalis
2752 3943 2808 3996 in
2867 3944 3130 3999 omnibus
3180 3945 3470 4017 character

1883 4030 2081 4097 Filius,
2130 4032 2175 4086 si
2226 4041 2424 4086 natura
2478 4048 2577 4087 sua
2627 4031 2917 4103 perfectus
2970 4050 3093 4089 esse
3138 4035 3359 4104 nequit,
3407 4043 3468 4089 ut

1884 4125 2052 4179 stulte
2093 4122 2318 4193 quidam
2363 4125 2631 4178 sentiunt.
2670 4122 2808 4176 Cum
2851 4135 3033 4179 autem
3074 4124 3145 4179 sit
3180 4126 3468 4179 character

1881 4222 1939 4269 et
1974 4214 2177 4283 imago,
2215 4212 2496 4283 perfectus
2533 4214 2704 4284 igitur
2746 4229 2966 4284 quoque
3007 4216 3114 4270 erit
3161 4231 3271 4272 non
3303 4232 3467 4271 secus

1884 4319 1949 4359 ac
1974 4304 2065 4358 ille
2091 4303 2254 4373 cujus
2279 4311 2367 4357 est
2400 4307 2605 4374 imago.
2638 4302 2745 4358 Sed
2790 4303 3036 4361 Joannes
3066 4306 3229 4370 vidit,
3262 4306 3465 4376 inquit,

1888 4393 2158 4463 Spiritum
2188 4393 2619 4449 descendentem
2660 4394 2729 4449 de
2769 4396 2911 4450 etnlo
2954 4378 3122 4466 super
3149 4395 3346 4452 Filium
3397 4399 3465 4461 ἰ,

1884 4492 1938 4539 et
1994 4485 2065 4542 ab
2118 4484 2229 4541 alio
2280 4485 2776 4540 sanctificationem
2835 4486 3000 4540 habet
3048 4502 3228 4561 :leam
3268 4489 3469 4559 quippe

182 4592 439 4663 ὑπεροχῇ
493 4587 825 4659 τιμώμενον,
875 4585 934 4637 ὲν
976 4584 1068 4655 ton
1128 4581 1186 4635 δὲ
1238 4580 1391 4651 τάξει
1442 4581 1553 4642 τοῖς
1605 4577 1782 4641 ἄλλοις

1888 4580 2147 4650 suscipit,
2179 4588 2236 4634 nt
2271 4581 2363 4650 qui
2397 4596 2507 4634 non
2540 4580 2759 4642 habeat,
2785 4581 3020 4636 scilicet.
3056 4580 3318 4652 Sequitur
3337 4599 3468 4653 ergo

177 4680 571 4751 τελειούμενόν
634 4695 693 4731 τε
750 4677 846 4731 καὶ
896 4674 1288 4745 ἁγιαζόμενον,
1336 4671 1432 4725 καὶ
1482 4670 1776 4740 ἐπίκτητον

178 4776 386 4846 ἔχοντα
411 4773 508 4843 τὴν
549 4771 659 4824 τῶν
690 4768 910 4838 ἀγαθῶν
938 4764 1200 4840 χορηγίαν
1235 4780 1250 4796 ⁸
1276 4758 1395 4816 εἶτα
1426 4760 1543 4825 πῶς
1574 4762 1636 4815 οὐ
1664 4760 1778 4813 δια-

172 4865 453 4937 ψεὺσεται
482 4861 654 4929 λέγων
680 4863 709 4915 ὁ
740 4858 1149 4928 εὐαγγελιστὴς,
1186 4875 1202 4907 ι
1246 4855 1370 4908 Ὀτι
1420 4856 1485 4906 ὲκ
1517 4850 1611 4906 τοῦ
1644 4851 1779 4921 πλη-

176 4959 447 5030 ρώματος
491 4952 657 5007 αὑτοῦ
692 4955 849 5024 ἡμεῖς
893 4952 1094 5013 πάντες
1120 4948 1416 5017 ὲλάϐομεν;
1448 4966 1466 4999 ι
1503 4946 1630 5009 Πῶς
1667 4944 1777 5015 γὰρ

172 5054 349 5104 ἔσται
381 5046 597 5117 πλήρης
642 5046 701 5097 ὲν
752 5044 861 5114 ἰδίᾳ
911 5041 1068 5111 φύσει
1121 5038 1413 5108 λαμόάνων
1440 5037 1602 5102 αὐτὸς
1642 5038 1774 5107 παρ’

173 5141 414 5210 ὲτέρου;
457 5137 489 5207 ἢ
521 5133 638 5198 πῶς
681 5134 747 5189 ἂν
768 5134 903 5196 ὅλως
958 5133 1129 5185 νοοῖτο
1157 5130 1345 5200 Πατὴρ
1376 5130 1405 5181 ὁ
1430 5128 1581 5194 Θεὸς,
1623 5128 1779 5198 εἴπερ

172 5232 308 5284 εστι
357 5228 569 5296 ποίημα
614 5226 707 5279 καὶ
755 5224 876 5295 οὐχι
924 5224 1122 5294 μᾶλλον
1173 5221 1299 5283 Υἱὸς
1347 5220 1375 5273 ὁ
1414 5219 1776 5288 Μονηγενήςς

172 5320 561 5389 Ψευδώνυμος
584 5318 714 5390 γὰρ,
746 5318 812 5372 ἂν
840 5316 1011 5380 οὕτως
1033 5315 1154 5386 ἔχῃ,
1184 5314 1278 5367 καὶ
1304 5312 1466 5374 αὐτὸς
1496 5312 1650 5364 ἔσται
1672 5313 1781 5364 Πα-

172 5416 317 5485 τὴρ,
364 5411 593 5481 ἀλήθεια
646 5412 704 5465 δὲ
754 5409 1004 5480 οὐδαμῶς
1053 5409 1083 5459 ὁ
1138 5407 1303 5470 Υἱὸς,
1330 5405 1481 5459 νόθον
1524 5404 1662 5475 ἔχων
1695 5402 1782 5473 ἐφ’

174 5504 375 5575 ἑαυτῷ
409 5506 469 5557 τὸ
509 5504 721 5577 ἀξίωμα
741 5545 754 5569 ,
786 5504 881 5557 καὶ
931 5500 1093 5573 μέχρι
1121 5498 1341 5570 γυμνῶν
1392 5497 1652 5568 ῥημάτων
1685 5496 1784 5567 τὴν

176 5596 591 5670 προσηγορίαν.
643 5595 935 5666 Οίχὴσεται
974 5594 1038 5664 δὴ
1080 5588 1173 5646 οὖν
1225 5592 1305 5653 είς
1352 5590 1503 5643 οὐδὲν
1535 5588 1597 5641 τὸ
1647 5586 1782 5657 σύμ-

176 5708 303 5745 παν
335 5691 487 5759 ἡμῖν,
514 5687 637 5741 οὔτε
688 5686 784 5741 τοῦ
817 5687 1032 5758 Πατρδς
1061 5687 1180 5739 κατ’
1206 5683 1461 5756 ἀλήθειαν
1484 5681 1634 5746 ὄντος
1660 5682 1777 5736 Πα-

278 5849 330 5879 ³⁸
361 5871 481 5929 Col.
534 5888 574 5939 ι,
610 5872 711 5940 12;;
746 5870 907 5927 llrbr.
944 5888 983 5938 ι,
1023 5873 1075 5927 5.

1885 4674 2064 4742 ipsum
2100 4680 2289 4741 aperte
2319 4670 2615 4726 dicendum
2648 4687 2772 4727 esse
2799 4682 3136 4741 creaturam,
3165 4675 3257 4744 qui
3297 4691 3464 4746 parva

1884 4763 2219 4819 excellentia
2248 4762 2339 4817 vix
2392 4764 2467 4818 sit
2511 4772 2764 4826 ornatus,
2796 4773 2850 4818 et
2894 4764 3122 4834 perinde
3167 4773 3333 4835 atque
3376 4782 3466 4821 res

1885 4862 2102 4910 cetera
2157 4854 2481 4925 perficiatur
2532 4864 2587 4910 et
2620 4856 3022 4921 sanctificetur,
3057 4866 3113 4910 et
3161 4873 3263 4911 sua
3319 4858 3466 4913 bona

1887 4945 2111 5000 aliunde
2163 4946 2453 5016 suscipiat.
2491 4944 2563 4998 At
2612 4946 2703 5016 qui
2754 4961 2864 5000 non
2910 4946 3205 5001 mentietur
3230 4962 3467 5018 evange.

1885 5039 2014 5096 lista
2062 5039 2256 5094 dicens
2315 5058 2327 5091 :
2397 5057 2415 5089 ι
2467 5038 2606 5104 Quia
2664 5039 2732 5094 de
2789 5038 3132 5108 plenitudine
3192 5040 3313 5111 ejus
3361 5057 3464 5102 nos

1886 5148 2081 5187 omnes
2134 5132 2449 5200 accepimus
2472 5132 2554 5185 ἠ
2588 5150 2606 5182 ι
2638 5130 2927 5196 Quomodo
2968 5132 3114 5185 enim
3153 5132 3240 5186 ille
3270 5133 3464 5203 plenus

1888 5226 1993 5281 erit
2027 5226 2080 5279 in
2121 5240 2221 5281 sua
2250 5234 2466 5292 natura,
2494 5225 2589 5295 qui
2633 5224 2703 5279 ab
2747 5225 2859 5278 alio
2889 5225 3137 5295 accepit?
3170 5225 3279 5279 Aut
3328 5242 3466 5297 quo.

1887 5319 2073 5385 modo,
2105 5333 2315 5388 quaeso,
2346 5317 2512 5372 Pater
2534 5318 2853 5373 censebitur
2891 5333 3014 5372 esse
3060 5316 3224 5383 Deus,
3249 5316 3296 5370 si
3328 5318 3470 5372 Uni.

1887 5412 2109 5482 genitus
2146 5417 2403 5465 creatura
2433 5418 2541 5474 est,
2571 5424 2680 5464 non
2709 5418 2890 5464 autem
2919 5407 3127 5465 Filius?
3154 5408 3275 5477 Ipse
3314 5409 3463 5469 enim

1886 5505 2051 5560 Pater
2074 5503 2217 5559 falso
2246 5521 2469 5575 quoque
2506 5503 2942 5571 nuncupabitur,
2965 5510 3020 5556 et
3048 5502 3253 5557 veritas
3283 5503 3465 5560 neuti.

1890 5611 2053 5666 quam
2079 5593 2186 5648 erit
2222 5592 2417 5659 Filius,
2458 5593 2703 5664 spuriam
2737 5592 2950 5647 habens
2980 5591 3034 5646 in
3066 5592 3254 5661 seipso
3278 5589 3465 5661 digni.

1886 5696 2077 5752 tatem,
2100 5694 2153 5742 et
2182 5686 2453 5743 vocabulo
2482 5693 2647 5742 tenus
2678 5684 3120 5756 appellationem.
3148 5682 3206 5737 ιιι
3232 5682 3464 5741 nihilum

1152 5874 1194 5904 ἰ
1225 5870 1385 5926 Joan.
1426 5886 1473 5937 ι,
1503 5869 1592 5923 ‘52.
1668 5870 1711 5900 ¹²
1740 5866 1877 5924 ibid.
1918 5866 2003 5921 lli.
