4222 6510
761 430 858 487 199

1759 417 1813 472 S.
1854 413 2135 470 CYlllLLl
2177 408 2647 467 ALEXANDRINI
2687 409 3010 465 AllCHlEP.

3915 416 4013 471 200

756 563 886 617 ergo
914 545 1071 616 plane
1099 552 1343 605 corruet,
1373 553 1500 594 eum
1533 550 1711 605 neque
1734 535 1895 590 Pater
1920 550 2043 589 vere
2066 532 2137 587 sit
2159 530 2339 590 Pater,

2459 528 2594 595 πρὸς,
2610 526 2733 579 οὔτε
2764 526 2869 596 μὴν
2893 524 2987 577 τοῦ
3011 523 3141 577 Υἱοῦ
3167 523 3321 577 τοῦτο
3341 525 3480 578 κατὰ
3500 525 3655 593 φύσιν
3674 523 4013 595 ὑπάρχοντος.

757 656 936 710 neque
974 638 1144 691 Filius
1180 633 1484 689 secundum
1526 638 1779 682 naturam
1830 630 1901 683 sit
1951 628 2002 680 id
2037 626 2182 696 quod
2219 639 2343 677 esse

757 735 978 786 dicitur.
1031 729 1127 782 Sin
1188 734 1370 778 autem
1426 721 1589 774 Pater
1629 735 1754 773 vere
1804 728 1887 773 est
1939 717 2103 782 Deus,
2155 717 2343 785 utique

758 827 924 880 babt-t
974 824 1022 875 id
1072 819 1231 884 cujus
1278 826 1361 872 est
1396 814 1577 880 Pater,
1611 812 1809 865 Filium
1848 809 2119 872 videlicet,
2147 808 2239 878 qui
2276 823 2343 861 ex

760 920 878 987 ipso
921 914 1217 985 processit.
1278 912 1345 965 At
1381 910 1655 980 quomodo
1714 924 1808 976 per
1864 916 2112 959 naturam
2152 909 2343 957 sancta

763 1009 946 1061 Deitas
979 1005 1179 1059 Filium
1207 1003 1519 1058 sanctitatis
1558 1008 1836 1070 expertem
1892 997 2094 1066 gignet,
2129 1002 2181 1047 et
2227 992 2344 1047 fru-

758 1106 906 1152 ctmu
934 1097 1058 1151 edet
1106 1097 1220 1150 suis
1255 1094 1684 1165 proprietatibus
1728 1088 2245 1147 dcstitutmn?Nam
2296 1089 2342 1142 si

760 1186 983 1240 aliunde
1030 1184 1525 1240 sanctifitationem
1572 1185 1775 1245 habet,
1814 1192 1869 1235 ut
1922 1182 1997 1234 illi
2046 1187 2341 1249 uugantur,

761 1295 985 1334 necesse
1031 1287 1114 1333 est
1159 1277 1245 1331 vel
1295 1277 1498 1331 invitos
1553 1292 1705 1345 ipsos
1756 1274 1935 1335 fateri,
1968 1291 2075 1326 non
2130 1286 2345 1340 semper

762 1372 932 1423 fuisse
972 1378 1251 1430 sanctum,
1306 1368 1399 1421 sed
1445 1377 1560 1421 tum
1616 1368 1837 1419 demum
1891 1364 2184 1423 exstitisse,
2219 1378 2341 1414 cum

763 1461 1032 1530 Spiritus,
1056 1470 1113 1513 ut
1140 1461 1336 1515 scribit
1371 1458 1634 1521 Joannes,
1664 1455 1947 1511 descendit
1981 1470 2146 1524 super
2193 1469 2340 1508 cum.

762 1558 1049 1623 Quomodo
1089 1558 1255 1626 igitur
1286 1566 1513 1609 sanctus
1550 1562 1671 1607 erat
1718 1554 1882 1606 etiam
1922 1562 2048 1604 ante
2090 1551 2346 1603 incarna-

766 1652 969 1705 tionem
1018 1649 1178 1717 119
1215 1648 1421 1701 Filius?
1446 1645 1537 1699 Sic
1572 1646 1717 1699 enim
1748 1646 1925 1713 ipsum
1953 1644 2234 1697 celebrant
2261 1656 2345 1694 se-

764 1742 974 1809 rapbim
994 1742 1195 1810 hymno
1225 1741 1315 1793 illo
1343 1740 1567 1807 trisagio
1596 1753 1707 1806 quo
1738 1752 1836 1790 vox
1866 1736 1976 1797 illa,
2014 1734 2302 1793 «Sanctus,
2322 1752 2337 1782 ι

762 1843 844 1889 ter
876 1850 904 1886 a
934 1834 1110 1903 primo
1133 1834 1197 1885 ad
1226 1832 1445 1885 tertium
1475 1829 1768 1883 ordinatim
1802 1828 2089 1897 repetitur.
2122 1825 2177 1879 Si
2212 1840 2343 1894 ergo

2452 616 2588 686 ὅπερ
2620 612 2756 669 εἶναι
2790 618 3027 685 λέγεται.
3061 617 3121 669 ΕΞ
3141 616 3197 670 δὲ
3221 618 3436 685 ἀληθῶς
3464 618 3649 687 Πατήρ
3672 620 3812 670 ἐστιν
3831 615 4015 676 ὁΘεος,

2453 708 2566 777 ἔχει
2596 708 2660 778 δὴ
2692 710 2929 772 πάντως,
2953 701 3014 760 οῦ
3038 709 3131 760 καὶ
3154 707 3271 761 ἔστι
3293 710 3502 779 Πατὴρ,
3536 708 3660 761 Υἰον
3684 707 3916 777 δηλονότι
3933 706 4018 756 τὸν

2453 800 2513 864 ἐξ
2543 799 2728 853 αὑτοῦ.
2747 795 2880 851 Εἶτα
2906 799 3024 862 πῶς
3046 797 3234 868 ἡξκατά
3259 800 3419 868 φύσιν
3444 799 3572 867 ἀγία
3587 796 4019 867 Θεότηςβγιότη-

2452 909 2543 953 τος
2585 890 2792 961 ἔρημον
2819 890 2880 942 τὸ
2903 890 2962 954 ἐξ
2987 891 3157 959 αὑτῆς
3183 891 3525 957 ἀποτέξεται,
3543 890 3634 942 καὶ
3661 891 3856 959 γυμνὸν
3897 890 4021 958 ἡμῖν

2452 983 2561 1035 τῶν
2580 982 2719 1052 αὑτῇ
2746 982 3059 1051 προσόντων
3090 982 3397 1050 ἰδιωμάτων
3427 983 3519 1035 τὸν
3543 984 3734 1034 οἰκεῖον
3764 980 4021 1035 ἀποδώσει

2453 1073 2665 1144 καρπόν
2687 1091 2700 1138 ;
2726 1074 2787 1125 Εἰ
2805 1072 2911 1143 γὰρ
2934 1072 3045 1142 ἔχει
3070 1072 3161 1125 τὸν
3180 1072 3448 1142 ἀγιασμὸν
3474 1073 3723 1138 ἐπακτὸν,
3747 1072 3816 1134 ὡς
3834 1073 4021 1125 ἐκεῖνοι

2454 1165 2745 1236 ληροῦντές
2781 1182 2942 1233 φασι’
2970 1166 3183 1236 ἀνάγκη
3236 1164 3299 1235 δὴ
3334 1167 3483 1219 πᾶσα
3542 1166 3907 1234 συνομολογεῖν
3935 1163 4023 1215 καὶ

2453 1265 2552 1332 οὐχ
2572 1263 2798 1325 ἑκόντας
2823 1262 3042 1325 αὖτοὺς,
3064 1264 3139 1325 ὡς
3168 1258 3235 1332 ἦν
3268 1263 3365 1331 μὲν
3401 1263 3551 1330 ἅγιος
3581 1264 3676 1315 οὐκ
3704 1262 3786 1315 ἀεί
3810 1281 3821 1291 ·
3842 1260 4019 1327 γέγονε

2452 1357 2509 1408 δὲ
2546 1356 2796 1425 ὕστερον,
2838 1356 2924 1407 ὅτε
2952 1358 3045 1409 καὶ
3074 1357 3134 1408 τὸ
3163 1356 3386 1424 Πνεῦμα
3419 1355 3785 1423 καταϐέϐηκεν
3822 1356 3905 1406 ἐπ’
3934 1356 4024 1404 ar;-

2454 1449 2564 1514 τὸν,
2596 1448 2670 1512 ὡς
2699 1449 2727 1499 6
2766 1449 3017 1519 Ἰωάννης
3042 1449 3207 1518 φησί·
3250 1450 3368 1512 πῶς
3406 1446 3497 1503 οῦν
3528 1450 3676 1517 ἀγιος
3703 1445 3767 1518 ἦν
3796 1448 3883 1499 καὶ
3923 1445 4023 1513 πρὸ

2453 1540 2552 1610 τῆς
2606 1540 2935 1611 σαρκώσεως
2974 1544 3002 1594 ὁ
3034 1542 3193 1607 Υἱό;;
3236 1542 3421 1605 Οῦτως
3465 1543 3573 1611 γὰρ
3608 1541 3761 1595 αὑτὸν
3795 1536 4020 1601 ὲδοξολό-

2456 1650 2543 1697 γει
2574 1633 2642 1685 τὰ
2692 1634 2938 1704 σεραφὶμ
2980 1635 3069 1686 ἐπὶ
3094 1634 3188 1687 τὸν
3221 1635 3405 1706 τρίτον
3437 1634 3631 1703 ἐφεξῆς
3676 1631 3896 1702 ἀριθμὸν
3926 1630 4025 1681 ἀπὶ

2453 1725 2547 1777 τοῦ
2574 1724 2815 1795 πρώτου,
2847 1727 2910 1778 τὸ
2940 1727 3108 1795 ἅγιος
3135 1727 3413 1797 στοιχηδὸν
3447 1725 3795 1795 ἀναφέροντα.
3827 1719 4024 1774 Οὐκοῦν

2456 1813 2614 1885 εἴπερ
2639 1815 2791 1880 ἆγιος
2817 1811 2908 1885 ἦν,
2929 1818 3024 1868 καὶ
3049 1817 3156 1886 πρὸ
3184 1816 3286 1885 τῆς
3327 1817 3805 1887 ἐνανθρωπήσεως,
3837 1812 4023 1881 μᾶλλον

765 1933 987 1980 sanctus
1017 1931 1152 1987 erat,
1190 1923 1357 1977 etiam
1390 1933 1516 1976 ante
1556 1920 2016 1981 incarnationem,
2066 1919 2176 1971 imo
2218 1932 2346 1971 vero

2459 1910 2507 1961 Ξὲ
2543 1910 2807 1979 ὑπάρχων
2858 1911 2944 1963 ἀεὶ
2993 1910 3131 1980 μετὰ
3168 1912 3263 1963 τοῦ
3310 1910 3544 1979 Πατρὸς,
3594 1908 3706 1970 πῶς
3747 1906 3910 1959 ἐδεῖτο
3941 1902 4025 1954 τοῦ

764 2031 887 2070 cum
918 2014 1080 2067 Patre
1139 2029 1353 2083 semper
1386 2013 1707 2077 exsistebat,
1768 2010 2049 2081 quomodo
2107 2010 2348 2063 sanctifi-

764 2116 925 2162 cante
992 2107 1300 2175 indigebat,
1368 2106 1529 2174 idque
1593 2105 1912 2160 novissimis
1984 2104 2342 2172 temporibus,

764 2201 987 2269 quando
1039 2201 1297 2252 nimirum
1344 2197 1521 2252 factus
1573 2206 1656 2253 est
1707 2197 1919 2250 homo?
1969 2196 2134 2251 Miror
2167 2192 2344 2249 autem

765 2308 874 2361 quo
907 2301 1063 2362 pacto
1100 2292 1231 2345 illud
1266 2307 1365 2345 eos
1408 2292 1581 2360 fugiat
1617 2306 1741 2345 cum
1780 2290 1985 2359 alioqui
2036 2289 2345 2345 sciscitato-

766 2402 855 2441 res
888 2386 998 2441 sint
1052 2394 1214 2453 atque
1246 2385 1493 2438 curiosi:
1545 2384 1864 2438 necessario
1914 2382 2174 2437 nimirum
2238 2392 2350 2437 sta-

766 2479 1032 2534 tuendum
1062 2479 1416 2533 esse-Filium
1449 2477 1750 2548 aliquando
1777 2491 1937 2547 posse
1966 2490 2185 2546 quoque
2220 2490 2347 2530 san-

766 2573 1008 2627 ctitatem
1045 2571 1305 2639 abiicere,
1338 2571 1383 2625 si
1447 2586 1556 2623 non
1607 2581 1690 2624 est
1724 2570 1771 2624 ei
1807 2568 2210 2632 substantialis,
2253 2569 2345 2624 sed

772 2666 993 2738 perinde
1018 2680 1077 2718 ac
1106 2666 1262 2720 nobis
1286 2674 1379 2717 aut
1406 2665 1569 2719 alicui
1604 2665 1759 2718 alteri
1791 2671 2062 2719 creatum
2092 2664 2347 2717 rationali

768 2758 985 2813 accidit.
1020 2759 1178 2824 Quod
1215 2769 1396 2815 autem
1431 2758 1873 2814 sanctiﬁcatione
1896 2758 2124 2821 excidit,
2167 2774 2349 2813 nonne

769 2851 932 2905 etiam
970 2851 1177 2920 peccati
1215 2850 1453 2904 vinculis
1493 2860 1579 2905 est
1611 2849 1934 2915 obnoxium,
1984 2859 2037 2905 et
2073 2850 2126 2904 in
2159 2852 2347 2904 vitium

770 2943 995 3002 labitur,
1038 2958 1143 2995 nou
1170 2944 1282 3011 jam
1317 2928 1559 2997 retinens
1593 2943 1644 2995 in
1678 2943 1859 3011 seipso
1918 2942 1969 2995 id
2010 2958 2121 3012 quo
2156 2943 2347 2997 vitium

770 3035 1109 3103 superabat?
1146 3034 1314 3103 Igitur
1348 3050 1413 3088 ne
1462 3035 1858 3101 immutabilem
1890 3036 2109 3104 quidem
2150 3036 2347 3090 Filium

770 3130 1189 3195 comperiemus,
1230 3134 1281 3180 et
1313 3125 1605 3182 Psalmista
1636 3143 1856 3198 quoque
1898 3129 2196 3182 mentietur
2222 3145 2348 3183 cum

771 3220 824 3271 in
873 3207 1080 3287 Spiritu
1136 3218 1203 3270 ad
1243 3218 1424 3286 ipsum
1472 3220 1672 3272 clamat
1701 3240 1733 3272 :-
1779 3241 1795 3271 ι
1850 3220 1930 3274 Tu
1970 3230 2153 3275 autem
2208 3222 2349 3275 idem

772 3310 889 3376 ipse
916 3325 974 3364 es
999 3310 1070 3363 ’³.
1112 3328 1129 3360 ι
1181 3308 1479 3373 Praeterea,
1526 3310 1657 3364 illud
1690 3328 1910 3382 quoque
1947 3314 2351 3367 observandum

770 3414 870 3463 est.
909 3403 1053 3471 quod
1087 3404 1277 3456 eodem
1313 3405 1555 3473 pertinet
1584 3423 1593 3456 :
1639 3406 1921 3468 nimirum,
1956 3404 2009 3459 id
2038 3404 2184 3475 quod
2231 3419 2353 3473 par-

775 3496 964 3565 ticipat
1000 3497 1143 3548 aliud
1180 3497 1367 3564 procul
1404 3496 1569 3551 dubio
1602 3497 1860 3567 quiddam
1888 3514 2008 3553 esse
2038 3507 2234 3552 natura
2287 3498 2354 3551 ab

772 3603 837 3641 eo
865 3587 1009 3656 quod
1042 3587 1422 3657 participatur.
1458 3588 1590 3641 Nam
1626 3590 1672 3643 si
1700 3606 1891 3655 verum
1926 3590 2071 3645 istud
2107 3606 2215 3643 non
2248 3598 2354 3650 est,

776 3694 875 3732 nec
915 3680 1145 3732 alterum
1179 3680 1245 3733 ab
1278 3681 1450 3734 altero
1478 3682 1588 3735 ullo
1621 3682 1783 3736 modo
1822 3683 2024 3750 differt,
2085 3684 2356 3752 suiipsius

777 3768 1052 3832 particeps
1089 3768 1194 3821 erit
1226 3769 1598 3840 quodcunque
1636 3782 1721 3826 est
1776 3774 2014 3843 alicujus
2058 3775 2355 3843 particeps,

775 3857 921 3926 quod
984 3860 1064 3911 vel
1119 3862 1359 3928 c0gitare
1419 3871 1505 3916 est
1544 3864 2030 3920 absurdissimum.
2070 3866 2358 3931 Quomodo

774 3951 916 4003 cnim
946 3951 1147 4019 aliquis
1176 3953 1261 4007 sui
1292 3956 1563 4024 particeps
1594 3972 1716 4011 esse
1740 3959 2274 4025 censebitur?Qnod
2310 3960 2354 4013 si

778 4041 1013 4094 naturali
1044 4041 1366 4097 diversitate
1409 4045 1643 4099 invicem
1681 4048 1771 4100 illa
1805 4050 2360 4125 nccessario'discre-

776 4142 928 4201 pant,
962 4133 1183 4186 videant
1206 4135 1295 4202 qui
1330 4134 1627 4205 Unigenito
1674 4135 1943 4206 Spiritum
1978 4156 2101 4197 esse
2129 4150 2360 4195 conten-

776 4223 913 4277 dunt
939 4240 1035 4293 per
1073 4226 1571 4295 participationem,
1624 4242 1887 4298 quantam
1922 4231 1976 4284 in
2017 4232 2356 4301 impietatem

777 4316 947 4368 nescii
1001 4315 1357 4385 praacipitent.
1392 4316 1527 4371 Nam
1570 4320 1615 4373 si
1672 4304 1952 4391 particeps
2002 4321 2241 4389 Spiritus
2276 4334 2361 4377 est

778 4408 971 4473 Filius,
1006 4419 1231 4464 sanctus
1266 4422 1445 4465 autem
1481 4422 1675 4465 natura
1706 4420 1790 4467 est
1819 4396 2083 4482 Spiritus,
2118 4430 2225 4467 nou
2256 4416 2361 4468 erit

777 4509 1003 4555 sanctus
1038 4502 1152 4570 ipse
1182 4518 1277 4571 per
1304 4498 1579 4565 naturam,
1620 4504 1715 4559 sed
1748 4505 1974 4560 alterius
2012 4506 2360 4574 conjunctio-

778 4609 846 4647 ne
873 4594 960 4645 viv
999 4595 1214 4647 tandem
1247 4595 1381 4649 illud
1422 4604 1759 4651 consecutus
1812 4607 1917 4661 est,
1950 4598 2015 4651 ad
2076 4600 2351 4653 meliorem

2464 4588 2531 4662 ἦν
2598 4592 2779 4660 ἀρχῇ.
2830 4587 2971 4641 κατὰ
3044 4587 3203 4656 χάριν
3270 4580 3837 4653 μεταστοιχειοῦμενος
3870 4590 3881 4602 '

778 4690 985 4735 statum
1014 4697 1176 4751 quam
1214 4683 1372 4736 initio
1406 4699 1501 4752 per
1546 4685 1781 4753 gratiam
1836 4685 2194 4742 reformatus.
2250 4687 2356 4742 Sed

778 4775 960 4827 videat
992 4790 1186 4828 rursus
1219 4773 1312 4827 Dei
1347 4775 1520 4830 hostis
1558 4785 1823 4845 quantam
1861 4778 1914 4831 in
1953 4777 2356 4834 absurditatem

781 4868 871 4919 illa
896 4866 1170 4920 desinant.
1198 4867 1439 4922 Primum
1463 4870 1607 4922 enim
1647 4871 2038 4926 alteratiOnem
2057 4874 2358 4943 quamdam

778 4966 833 5010 et
866 4960 1246 5033 mutationem,
1288 4959 1451 5014 sicuti
1482 4961 1595 5030 jam
1632 4970 1794 5016 antea
1858 4962 1996 5028 dixi,
2056 4966 2361 5033 comperie-

780 5065 902 5103 inus
961 5065 1082 5104 esse
1112 5051 1163 5103 in
1197 5049 1380 5105 Filio:
1421 5053 1467 5106 si
1522 5060 1768 5109 mutatus
1800 5064 1983 5109 autem
2019 5056 2109 5120 sit,
2168 5064 2229 5109 ut
2265 5071 2360 5121 vos

780 5144 969 5205 vultis,
998 5151 1051 5196 et
1082 5143 1375 5210 profecerit
1418 5143 1471 5197 in
1528 5146 1747 5208 melius,
1783 5144 1944 5201 Patre
2000 5150 2188 5202 nescio
2216 5165 2358 5218 quo-

780 5235 938 5289 modo
976 5235 1154 5287 minor
1187 5244 1292 5297 est,
1360 5235 1456 5289 sed
1487 5247 1541 5289 et
1587 5237 1765 5305 major
1825 5238 2044 5291 demum
2081 5240 2192 5306 fiet,
2250 5255 2361 5308 quo

780 5337 938 5394 pacto
968 5324 1127 5389 vero;
1155 5325 1424 5391 dicemus,
1457 5342 1522 5381 ex
1563 5325 1866 5398 Scripturaa
1896 5329 2095 5385 divina:
2124 5334 2361 5387 auctori—

780 5425 907 5470 tate.
966 5416 1131 5471 Divus
1187 5416 1391 5472 Paulus
1430 5421 1495 5473 de
1551 5418 1670 5488 ipso
1708 5422 1912 5475 alicubi
1967 5422 2128 5479 infit:
2181 5444 2199 5475 ι
2239 5423 2356 5479 Hoc

781 5510 981 5563 sentite
1021 5510 1073 5562 in
1113 5510 1290 5572 vobis,
1322 5511 1467 5579 quod
1501 5521 1555 5566 et
1586 5513 1639 5565 in
1665 5511 1885 5567 Christo
1910 5512 2068 5569 Jesu:
2103 5516 2197 5585 qui
2230 5531 2357 5569 cum

779 5600 831 5651 in
872 5598 1043 5652 forma
1079 5600 1172 5655 Dci
1203 5612 1369 5665 esset,
1408 5620 1513 5657 non
1540 5606 1787 5674 rapinam
1813 5606 2112 5662 arbitratus
2130 5617 2213 5662 est
2237 5623 2360 5661 esse

778 5710 836 5745 se
866 5689 1128 5762 aequale-in
1166 5694 1297 5760 Deo,
1333 5695 1429 5750 sed
1476 5694 1830 5767 semetipsum
1866 5700 2187 5765 cxiuanivit,
2242 5700 2359 5756 for-

846 5872 1047 5928 “I‘sal.
1073 5888 1144 5936 et,
1183 5874 1260 5927 25.

2458 2004 2792 2071 ἁγιάζοντος,
2826 2003 3101 2057 καὶτοῦτο
3128 2006 3185 2055 ἐν
3230 2004 3474 2074 ὑστέροις
3506 2004 3726 2073 καιροῖς,
3770 2001 3854 2053 ὅτε
3883 1998 4027 2064 γέγο-

2457 2115 2542 2149 νεν
2597 2097 2883 2168 ἄνθρωπος
2918 2114 2931 2161 ;
2967 2098 3245 2166 Θαυμὰζω
3276 2098 3331 2149 δὲ
3378 2098 3525 2157 ὅπως
3578 2095 3769 2156 αὐτοὺς
3821 2092 4027 2144 κάκεῖνο

2455 2190 2727 2254 λανθάνει,
2765 2191 2939 2243 καίτοι
2979 2190 3099 2244 λίαν
3130 2191 3286 2253 ὄντας
3332 2189 3717 2258 ειειλοζητητέις⁸
3751 2185 3782 2254 ἣ
3810 2184 3914 2251 γὰρ
3938 2182 4027 2233 οὐκ

2456 2285 2671 2356 ἀνάγκη
2703 2288 2866 2350 νοεῖν,
2891 2284 3149 2338 δύνασθαί
3181 2302 3309 2337 ποτε
3344 2284 3433 2335 τὸν
3458 2282 3584 2336 Υἱὺν
3616 2282 3705 2333 καὶ
3734 2276 4029 2332 ἀποπτύσαι

2456 2381 2546 2431 τὸν
2575 2378 2866 2447 ἁγιασμον,
2897 2379 3052 2448 εἴπερ
3070 2377 3169 2429 οὐκ
3190 2376 3334 2428 ἔστιν
3368 2373 3623 2441 οὑσιώδης
3652 2374 3706 2423 ὲν
3735 2367 3897 2437 αὐτῷ,
3926 2382 4032 2417 συν-

2456 2471 2554 2541 έϐη
2578 2472 2633 2524 δὲ
2665 2471 2853 2540 ὥσπερ
2884 2472 3035 2540 ἡμῖν.
3071 2471 3163 2522 καὶ
3187 2469 3358 2540 ἑτέρῳ
3395 2468 3491 2519 τινί
3521 2466 3624 2517 τῶν
3665 2462 3891 2529 λογικῶν
3922 2476 4029 2511 κτι-

2459 2565 2819 2635 σμάτωνςΤὸ
2847 2564 2901 2616 δὲ
2938 2564 3224 2633 ἁγιότητος
3259 2562 3510 2623 ἐκπεσὸν,
3564 2558 3681 2626 οὑχὶ
3724 2556 3783 2623 δὴ
3828 2554 4028 2612 παντως

2457 2656 2610 2709 ἔσται
2643 2658 2738 2709 καὶ
2793 2657 2897 2709 ὑπὸ
2927 2658 2992 2708 τὰ
3017 2657 3114 2724 τῆς
3162 2655 3437 2725 ἁμαρτίας
3465 2651 3655 2720 δεσμὰ,
3691 2650 3780 2700 καὶ
3823 2644 4030 2697 ὀκλάσει

2459 2749 2594 2818 πρὸς
2627 2748 2684 2801 τὸ
2724 2751 2923 2817 χεῖρον,
2958 2746 3428 2809 οὑκέτιδιασῶζον
3460 2743 3592 2813 πρὸς
3619 2741 3677 2792 τὸ
3712 2736 4031 2807 φαυλότητος

2456 2842 2562 2909 ἔξω
2582 2842 2835 2910 γενέσθαι
2866 2839 3054 2893 ποιοῦν
3079 2857 3093 2904 ;
3123 2837 3331 2892 Οὐκοῦν
3380 2836 3497 2889 οὑδὲ
3532 2832 3881 2889 ἀναλλοίωτος
3910 2826 4029 2893 ἡμῖν

2457 2938 2487 2989 6
2530 2934 2660 2999 Υἱὸς
2708 2933 3095 3006 εὑρεθήσεται,
3128 2930 3473 2999 διαψεῦσεται
3510 2926 3565 2979 δὲ
3591 2924 3680 2977 καὶ
3727 2924 3753 2975 ὁ
3790 2916 4030 2988 Μελῳδὸς

2460 3032 2518 3082 ὲν
2547 3028 2846 3096 Πνεύματι,
2882 3044 2899 3077 ι
2956 3026 3028 3077 Σὺ
3061 3024 3115 3077 δὲ
3155 3024 3182 3075 6
3227 3022 3388 3084 αὑτὸς
3418 3016 3486 3084 εἴ,
3539 3037 3554 3067 ι
3594 3016 3744 3086 βοῶν,
3788 3013 3861 3074 ὡς
3908 3008 4032 3079 πρὸς

2460 3123 2642 3175 αὐτόν.
2681 3119 2825 3191 Πρὸς
2856 3117 2910 3170 δέ
2945 3134 3007 3184 γε
3040 3120 3152 3179 τοῖς
3188 3114 3499 3185 εἰρημένοις
3532 3104 3924 3180 περιαθρείσθω
3947 3100 4032 3152 καὶ

2459 3211 2638 3275 τοῦτο,
2672 3209 2909 3278 συγγενῆ
2938 3200 3039 3277 τὴν
3057 3205 3291 3274 Θεωρίαν
3325 3197 3594 3271 εἰσφέρον,
3637 3196 3726 3249 τοῦ
3761 3193 4034 3264 μετίσχον-

2456 3322 2547 3367 τος
2581 3305 2643 3355 τὸ
2685 3301 3050 3371 μετεχομένον
3080 3298 3264 3366 ἕτερον
3292 3312 3341 3347 τι
3380 3294 3518 3347 κατά
3559 3292 3653 3361 τὴν
3681 3288 3835 3355 φύσιν
3869 3284 4033 3350 ὑπαρ-

2458 3414 2593 3465 χειν,
2623 3393 2959 3449 ἀπαστισοῦν
2996 3390 3293 3457 ἀναγκάσει
3328 3387 3499 3453 λόγος.
3545 3385 3606 3437 Εἰ
3634 3381 3736 3449 γὰρ
3772 3379 3843 3449 μὴ
3888 3374 4035 3429 τοῦτό

2458 3492 2606 3541 ἐστιν
2645 3486 2841 3557 ἀληθὲς
2870 3527 2881 3547 ,
2913 3484 3104 3537 διοίσει
3140 3482 3196 3533 δὲ
3242 3481 3359 3532 κατ’
3395 3477 3584 3530 οὐδένα
3638 3474 3833 3544 τρόπον
3868 3470 4034 3521 ἐκεῖνο

2460 3582 2597 3651 πρὸς
2639 3579 2796 3632 τοῦτο
2820 3617 2833 3639 ,
2869 3578 2961 3630 καὶ
3015 3576 3129 3629 ἔστι
3160 3573 3378 3637 ταυτὸν,
3409 3569 3599 3623 ἑαυτοῦ
3636 3568 3858 3636 μέτοχον
3890 3562 4031 3614 ἔσται

2459 3674 2520 3725 τό
2557 3689 2699 3733 τινος
2747 3670 2992 3739 μετέχον,
3029 3668 3166 3737 ὅπερ
3199 3665 3314 3717 ἐστὶ
3348 3664 3441 3716 καὶ
3475 3662 3631 3731 μόνον
3680 3658 3873 3709 ἐννοεῖν
3918 3651 4034 3705 ἀπί-

2462 3764 2639 3816 θανον.
2689 3761 2813 3824 Πῶς
2842 3761 2950 3830 γὰρ
2976 3760 3040 3813 ἀν
3072 3775 3155 3820 τις
3202 3754 3397 3809 ἑαυτοῦ
3435 3757 3603 3805 νοοῖτο
3636 3744 3979 3821 μετεσχηκώς
4018 3761 4029 3798 :

2461 3855 2524 3906 El
2553 3854 2608 3905 δὲ
2654 3856 2831 3905 κεῖται
2868 3852 3084 3912 πάντως
3133 3851 3190 3901 ὲν
3240 3847 3517 3917 ἑτερότητι
3564 3843 3760 3912 φυσικῇ
3793 3842 3857 3907 τῇ
3908 3836 4033 3905 πρὸς

2462 3946 2666 4015 ἄλληλα
2694 3946 2762 3997 τὰ
2800 3944 3088 4014 εἰρημένα,
3132 3941 3226 3995 καὶ
3254 3940 3527 4007 διατέμνει
3569 3936 3721 4002 λόγος
3752 3931 4033 3997 ἀναγκαῖος

2462 4040 2621 4105 αὑεά,
2654 4039 2939 4109 ὀράτωσαν
2962 4039 3008 4090 οἱ
3033 4038 3096 4088 ἐκ
3121 4036 3351 4105 μετοχῆς
3378 4034 3436 4085 τὸ
3467 4029 3685 4098 Πνεῦμα
3707 4026 3935 4083 διδόντες
3964 4020 4034 4088 τῷ

2464 4131 2801 4198 Μονογενεῖ,
2843 4127 2981 4197 πρὸς
3046 4127 3177 4195 ὅσην
3241 4120 3734 4178 κατολισθαὶνοντες
3793 4112 4033 4166 ἀσέϐειαν

2461 4224 2562 4275 οὑκ
2590 4222 2953 4275 αἰσθάνονται.
2984 4220 3045 4270 El
3069 4218 3178 4288 γὰρ
3202 4217 3426 4287 μέτοχος
3469 4217 3583 4265 ἐστι
3611 4210 3701 4262 τοῦ
3731 4208 4034 4277 Πνεῦματος

2462 4317 2490 4368 6
2517 4315 2665 4378 Υἱὸς,
2692 4314 2847 4381 ἆγιον
2868 4312 2925 4364 δὲ
2959 4314 3023 4381 τῇ
3057 4311 3215 4379 φύσει
3244 4309 3303 4361 τὸ
3333 4305 3555 4376 Πνεῦμά
3580 4306 3744 4365 ἐστιν,
3767 4302 3864 4352 οὑκ
3895 4300 4033 4350 ἔσται

2464 4406 2604 4459 κατά
2636 4404 2797 4473 φύσιν
2830 4404 2984 4471 ἅγιος
3021 4402 3201 4463 αὑτός·
3241 4397 3453 4468 ἐδείχθη
3500 4397 3554 4449 δὲ
3600 4393 3754 4447 τοῦτο
3790 4390 3940 4459 μόλις
3974 4390 4033 4456 τῇ

2465 4498 2599 4567 πρὸς
2624 4496 2811 4567 ἕτερον
2847 4494 3156 4565 συμπλοκῇ,
3189 4491 3323 4561 πρὸς
3362 4490 3421 4542 τὸ
3447 4486 3737 4558 ᾶμεινον,ἦ
3768 4485 3823 4535 ἐν
3852 4475 4035 4549 οἷσπερ

3931 4574 4035 4625 ἀλλ’

2465 4682 2645 4751 ὁράτω
2670 4679 2831 4733 πάλιν
2864 4681 2891 4732 6
2925 4677 3212 4747 θεομάχος,
3245 4676 3324 4737 εἰς
3374 4675 3503 4744 ὅσην
3557 4671 3701 4739 αὑτῷ
3734 4666 4037 4721 δυσσέϐειαν

2466 4774 2835 4847 καταστρέφει
2867 4771 2935 4825 τὰ
2984 4769 3366 4839 προδλήματα.
3417 4764 3639 4834 Πρῶτον
3688 4764 3782 4831 μὲν
3814 4760 3923 4829 γὰρ
3956 4758 4040 4812 ἁλ-

2465 4868 2681 4929 λοίωσίς
2712 4883 2794 4929 τις
2850 4865 2943 4918 καὶ
2967 4862 3164 4933 τροπὴ,
3201 4860 3451 4928 καθάπερ
3474 4857 3572 4927 ἤδη
3609 4856 3887 4925 προεῖπον,
3923 4850 4041 4921 περὶ

2464 4964 2556 5016 τὸν
2586 4962 2714 5015 Υἱὸν
2760 4959 3115 5030 εὑρεθήσεται
3147 4972 3161 4985 ·
3191 4952 3498 5012 ἀλλοιωθεὶς
3522 4950 3577 5003 δὲ
3606 4947 3724 5001 καθ’
3758 4948 3921 5016 ὑμᾶς,
3954 4944 4041 4995 καὶ

2468 5054 2747 5125 προκόψας
2780 5053 2872 5103 ἐπὶ
2897 5050 2957 5102 τὸ
2979 5049 3220 5119 ἄμεινον,
3253 5045 3350 5113 οὑχ
3381 5044 3526 5103 ὅπως
3560 5038 3793 5091 ἐλάττων
3820 5035 3934 5088 ἐστὶ
3956 5032 4040 5085 τοῦ

2461 5147 2695 5217 Πατρὸς,
2731 5143 2846 5197 ἀλλ’
2878 5144 2979 5213 ἥδη
3028 5156 3145 5201 πως
3190 5137 3282 5190 καὶ
3318 5138 3373 5186 ἐν
3429 5133 3637 5202 μείζοσι
3672 5125 3911 5196 γεγονὼς
3939 5125 4039 5177 δει-

2459 5240 2739 5310 χθήσεται·
2774 5238 2867 5290 καὶ
2882 5237 3050 5299 ὅπως,
3081 5230 3333 5302 ἐροῦμεν,
3360 5225 3466 5280 ἁπό
3490 5225 3588 5292 τῆς
3615 5222 3762 5282 θείας
3797 5218 4042 5279 λαϐόντες

2461 5331 2702 5402 Γραφῆςο
2746 5328 2803 5381 Ὀ
2838 5325 3123 5387 θεσπέσιος
3155 5320 3365 5381 Παῦλος
3399 5317 3523 5385 περὶ
3545 5310 3709 5367 αὑτοῦ
3750 5310 3852 5363 ποῦ
3894 5326 4038 5377 φησι·

2472 5446 2489 5477 ι
2518 5424 2689 5478 Τοῦτο
2721 5420 2985 5493 φρονείτω
3020 5418 3249 5476 ἕκαστος
3290 5414 3346 5464 ἐν
3378 5412 3525 5480 ὑμῖν,
3556 5408 3583 5459 ὃ
3617 5409 3708 5459 καὶ
3753 5406 3808 5457 ἐν
3832 5400 4042 5473 Χριστῷ

2481 5515 2674 5588 Ἰησοῦ,
2704 5492 2771 5576 δέ
2798 5516 2853 5565 ὲν
2898 5511 3078 5581 μορφῇ
3126 5504 3261 5559 Θεοῦ
3305 5503 3562 5573 ὑπάρχων
3584 5540 3596 5562 ,
3628 5498 3723 5566 οὑχ
3760 5492 4042 5566 ἁρπαγμὸν

2469 5611 2713 5680 ἡγήσατο
2745 5605 2804 5658 τὸ
2838 5599 2975 5657 εἶναι
3011 5602 3100 5655 ἴσα
3130 5597 3269 5667 Θεῷ,
3303 5595 3417 5649 ἀλλ’
3449 5593 3635 5646 ἑαυτὸν
3665 5589 3899 5643 ὲκένωσε
3925 5600 4044 5655 μορ-

2611 5699 2794 5753 δοῦλον
2828 5694 3028 5760 λαϐὼν,
3062 5695 3119 5747 ἐν
3156 5688 3460 5759 ὁμοιώματι
3490 5682 3789 5753 ἀνθρώπων
3823 5678 4045 5748 vei/69$-
