4222 6510
234 435 327 491 901
1290 434 1358 486 IN
1398 431 1682 487 JOANNIS
1720 429 2168 516 EVANGELIUM
2208 434 2335 491 LIB.
2371 435 2432 489 ll.

3383 433 3491 490 203

233 564 341 610 νας.
369 548 461 600 καὶ
494 547 729 618 σχήματι
756 546 996 618 εὑρεθεὶς
1024 547 1099 610 ὼς
1121 547 1422 619 ἄνθρωπος,
1454 547 1814 599 ἐταπείνωσεν

1852 550 1888 605 Α
1920 561 2062 600 mam
2095 551 2238 603 servi
2292 550 2590 618 accipiens,
2655 549 2708 604 in
2751 546 3165 606 similitudinem
3207 550 3490 608 hominum

233 639 424 694 ἑαυτόν
449 657 462 672 ·
501 657 520 690 ›
567 641 654 693 ὅτε
699 639 878 694 τοίνυν
918 639 1024 710 πρὸ
1067 639 1166 709 μὲν
1211 642 1307 708 τῆς
1355 638 1815 710 ὲνανθρωπήσεως

233 728 300 802 ἦν
338 731 397 784 ὲν
431 732 611 801 μορφῇ
646 730 739 783 καὶ
789 730 997 801 ἰσότητι
1044 729 1137 783 τοῦ
1188 729 1402 801 Πατρὸς
1425 768 1438 791 ,
1469 727 1609 782 κατὰ
1637 727 1692 780 δὲ
1723 727 1815 780 τὸν

233 823 335 894 τῆς
367 822 831 893 ὲνανορωπήσεως
861 821 1053 894 χρόνον
1080 823 1141 875 τὸ
1172 820 1396 891 Πνεῦμα
1429 819 1607 872 λαϐὼν
1629 817 1689 882 ἐξ
1729 816 1818 868 ού-

236 915 400 984 ρανοῦ
430 913 669 986 ἡγιάσθη
715 915 833 968 κατ’
880 914 1142 977 ἐκείνους,
1180 913 1445 984 κρείττων
1494 927 1551 964 τε
1583 911 1698 979 ἃμα
1724 908 1817 961 καὶ

237 1007 436 1076 μείζων
474 1005 667 1060 ἑαυτοῦ
711 1005 798 1058 διὰ
831 998 1041 1077 ταύτην
1071 1005 1443 1076 ἀναπέφαντι..
1485 1003 1583 1074 τὴν
1617 1001 1815 1062 αἰτίαν,

235 1100 521 1171 ὑπεραίρει
572 1100 814 1171 δηλονότι
871 1100 1058 1154 λοιπὸν
1104 1100 1197 1153 καὶ
1228 1099 1290 1152 τὸ
1335 1097 1429 1151 τοῦ
1465 1097 1818 1168 γεννήσαντος

238 1192 455 1264 μέτρον.
489 1193 599 1247 Καὶ
625 1195 674 1246 εἰ
697 1193 756 1246 τὸ
778 1192 1002 1263 Πνεῦμα
1029 1191 1209 1246 λαϐὼν
1230 1192 1310 1255 είς
1336 1190 1396 1244 τὸ
1422 1189 1820 1260 ὑπερεπέκεινα

236 1284 331 1338 τοῦ
381 1284 595 1355 Πατρὺς
641 1283 980 1354 ἀναϐέϐηκεν
1024 1283 1261 1355 ἀξίωμα,
1293 1283 1538 1353 κρεῖττον
1567 1282 1676 1349 ἄρα
1704 1281 1820 1334 ἐστὶ

235 1377 295 1428 τό
335 1375 558 1446 Πνεῦμα
606 1378 697 1428 καὶ
755 1377 918 1430 αὐτοῦ
969 1377 1216 1448 Πατρὸς,
1259 1375 1358 1446 τὴν
1398 1378 1514 1429 κατ’
1541 1376 1702 1429 αὑτοῦ
1744 1374 1820 1446 τῷ

239 1468 353 1537 Tir?)
403 1466 760 1539 χαριζόμενον
798 1469 1090 1538 ὑπεροχήν.
1133 1468 1228 1530 Τίς
1279 1463 1370 1520 οῦν
1411 1467 1519 1537 ἄρα
1565 1465 1821 1535 καὶπρὸς

240 1562 408 1631 μόνην
437 1562 538 1613 ούκ
583 1560 874 1630 ἁποφρίξει
918 1561 1015 1631 τὴν
1061 1562 1267 1630 ἀκοήν;
1300 1558 1546 1612 Χαλεπὸν
1580 1559 1675 1628 μὲν
1710 1559 1822 1629 γὰρ

236 1653 403 1715 ὅντως
435 1653 526 1706 καὶ
554 1653 614 1704 τὸ
652 1652 738 1705 διὰ
770 1652 878 1704 τῶν
909 1651 1160 1706 τοιούτων
1201 1652 1335 1704 ἱέναι
1365 1651 1537 1719 λόγων
1564 1668 1573 1680 ’
1611 1649 1725 1702 ἔστι
1759 1663 1822 1718 γε

239 1744 346 1816 μὴν
373 1746 471 1815 οὐχ
501 1744 704 1814 ἑτέρως
739 1744 808 1797 τά
836 1745 900 1796 ὲκ
930 1744 1028 1814 τῆς
1066 1743 1288 1796 ἐκείνων
1317 1741 1644 1812 δυστροπίας
1687 1744 1824 1795 ἁπο-

237 1837 574 1906 apo-351501:
626 1836 816 1906 βλάϐη.
862 1835 954 1888 Διὸ
984 1835 1047 1906 δὴ
1101 1834 1264 1887 πάλιν
1306 1833 1542 1904 ἐροῦμεν
1596 1833 1818 1894 αὐτοῖς·

236 1929 285 1979 εἰ
307 1927 395 1979 ὅτε
425 1926 647 1994 γέγονεν
681 1926 966 2000 ἄνθρωπος
998 1928 1026 1979 6
1050 1924 1142 1978 τοῦ
1172 1925 1306 1978 θεοῦ
1339 1926 1510 1993 Λόγος
1537 1925 1819 1992 ἁγιάζεται

234 2019 299 2072 τὸ
332 2019 557 2088 Πνεῦμα
606 2017 786 2072 λαϐών
809 2037 822 2049 '
865 2018 970 2089 πρὸ
1022 2016 1078 2070 δὲ
1113 2018 1212 2088 τῆς
1265 2015 1726 2088 ὲνανορωπήσεως
1754 2011 1820 2086 ἦν

238 2108 294 2159 ἐν
325 2110 504 2178 μορσῇ
536 2108 626 2160 καὶ
659 2107 863 2177 ἰσότητι
893 2105 984 2159 τοῦ
1013 2105 1245 2177 Πατρός,
1272 2103 1422 2159 οὔπω
1445 2105 1562 2159 κατ’
1581 2107 1820 2169 ἐκείνους

239 2200 593 2270 ἡγιασμένος,
627 2199 744 2270 ῶρα
770 2199 949 2267 λέγειν
987 2190 1491 2270 ἀποτολμήσαντας,
1528 2197 1681 2266 ἆγιον
1721 2198 1821 2251 οὐκ

241 2289 377 2345 εἶναι
403 2292 496 2345 τὸν
528 2292 658 2345 Θεὸν
688 2292 780 2345 καὶ
814 2290 1052 2363 Πατέρα,
1094 2292 1250 2362 εἴπερ
1280 2291 1414 2354 ὅλως
1444 2292 1472 2343 6
1501 2290 1822 2361 σύμμορφός

239 2403 297 2438 τε
357 2385 452 2438 καὶ
506 2386 618 2448 ἶσος
657 2385 806 2456 αὐτῷ
839 2385 979 2438 κατὰ
1008 2385 1182 2438 πάντα
1211 2383 1404 2452 Λόγος,
1440 2382 1595 2451 ἅγιος
1634 2382 1734 2434 οὐκ
1757 2377 1823 2452 ἦν

241 2480 299 2529 ἐν
337 2477 500 2547 ἀρχῇ,
533 2479 590 2530 ἐν
618 2478 864 2547 ὑστέροις
898 2477 955 2530 δὲ
996 2475 1147 2546 μόλις
1179 2474 1340 2528 τοῦτο
1369 2474 1558 2544 γέγονε
1591 2477 1821 2545 καιροῖς.

241 2567 354 2620 Καὶ
394 2569 582 2621 πάλινο
617 2570 663 2622 εί
703 2569 864 2632 αὑτός
893 2570 1010 2622 ἐστι
1055 2568 1256 2640 κυρίως
1286 2568 1314 2620 6
1358 2567 1450 2620 τοῦ
1490 2566 1622 2621 Θεοῦ
1653 2567 1825 2635 Λόγος

242 2660 302 2710 τὸ
357 2658 583 2730 Πνεῦμα
613 2660 942 2732 λαμϐάνων,
975 2661 1069 2715 καὶ
1103 2658 1460 2739 ἀγιαζόμενος
1494 2660 1552 2712 ὲν
1586 2659 1690 2729 ἰδίᾳ
1723 2657 1825 2726 φύε

246 2768 348 2814 σει,
386 2751 692 2820 λεγέτωσαν
748 2755 878 2824 ἡμῖν
920 2755 967 2807 οἱ
1018 2753 1084 2806 δι’
1123 2753 1388 2817 ἐναντίας,
1422 2751 1650 2822 πότερόν
1692 2770 1824 2807 ποτε

246 2839 451 2907 μείζων
484 2841 674 2894 ἑαυτοῦ
711 2842 990 2912 γέγονενῆ
1024 2841 1338 2911 ὲλάττων,ἦ
1382 2843 1477 2895 καὶ
1517 2842 1729 2912 ἔμεινεν
1769 2845 1826 2896 ἐν

242 2933 533 3004 ταυτότητι
569 2934 726 2987 τοῦτο
776 2933 983 2988 παθών.
1017 2933 1078 2988 Et
1134 2935 1233 3005 μὲν
1279 2935 1388 3006 γὰρ
1427 2934 1577 2988 οὐδὲν
1625 2935 1690 2987 ἐκ
1731 2934 1824 2987 τοῦ

243 3023 566 3094 Πνεύματος
595 3027 706 3095 ἔχει
735 3026 795 3078 τὸ
821 3025 1000 3091 πλέον,
1036 3025 1187 3094 μένει
1221 3025 1277 3078 δὲ
1312 3026 1453 3079 οὕτω
1478 3025 1731 3096 καθάπερ
1759 3023 1826 3098 ἦν

238 3115 272 3166 ὁ
298 3115 480 3180 αὐτὸς,
526 3115 600 3185 μὴ
635 3115 986 3179 σκανδαλίζου
1021 3115 1336 3186 μανθάνων,
1384 3116 1466 3169 ὅτι
1516 3115 1826 3187 καταϐέϐη-

242 3224 342 3260 κεν
377 3209 462 3260 ἐπ’
495 3207 676 3261 αὐτόν.
712 3207 773 3260 Εἰ
801 3206 858 3261 δὲ
897 3207 1127 3278 ἠδικήθη
1174 3207 1372 3272 λαϐὼν,
1399 3209 1492 3262 καὶ
1519 3209 1741 3278 γέγονεν
1767 3210 1825 3261 ἐν

245 3297 528 3361 ἐλάττοσι,
561 3296 802 3366 παθητὸν
847 3297 978 3367 ἡμῖν
1021 3295 1274 3360 εἰσοίσεις
1327 3295 1420 3349 τὸν
1476 3297 1650 3366 Λόγον
1679 3337 1693 3362 ,
1729 3299 1824 3349 καὶ

245 3390 650 3461 κατηγορήσεις
687 3389 788 3458 τῆς
851 3388 1041 3452 οὐσίας
1091 3387 1184 3441 τοῦ
1225 3388 1437 3459 Πατρὸς
1462 3429 1477 3454 ,
1512 3388 1826 3452 ἀδικοῦντος

247 3481 488 3552 μᾶλλον,
532 3481 564 3551 ἢ
619 3481 955 3550 ἁγιάζοντος.
1000 3481 1064 3534 Εἰ
1111 3480 1168 3533 δὲ
1215 3480 1454 3550 ἀμείνων
1507 3479 1717 3551 ἐδείχθη
1765 3480 1826 3532 τὸ

248 3572 476 3643 Πνεῦμα
495 3572 694 3636 λαϐὼν,
723 3569 792 3643 ἦν
823 3573 880 3626 δὲ
903 3573 999 3626 καὶ⁵
1032 3574 1089 3626 ὲν
1135 3575 1314 3643 μορφῇ
1351 3573 1444 3626 καὶ
1486 3573 1692 3643 ἰσότητι
1731 3572 1823 3626 τοῦ

248 3666 484 3734 Πατρὸς,
520 3665 612 3718 καὶ
664 3665 794 3735 πρὶν
826 3665 988 3718 αὐτὸν
1016 3665 1368 3735 βελτιωθῆναι
1396 3663 1521 3717 καθ’
1546 3665 1709 3736 ὑμᾶς,
1727 3666 1826 3716 οὐκ

244 3759 330 3821 εἰς
383 3757 662 3827 ἀκρότητα
709 3755 865 3827 δόξης
915 3757 1255 3826 ἀναϐέϐηκεν
1288 3759 1316 3810 6
1354 3756 1570 3827 Πατὴρ,
1614 3756 1729 3809 ἀλλ’
1768 3755 1826 3808 ὲν

245 3849 479 3912 ἐκείνοις
519 3849 668 3903 έσται
717 3852 830 3912 τοῖς
866 3849 1103 3921 μέτροις,
1132 3851 1190 3902 ἐν
1219 3843 1414 3920 οἷσπερ
1454 3844 1521 3919 ἦν
1553 3849 1648 3902 σὺν
1678 3846 1827 3917 αὑτῷ

247 3939 576 4008 σύμμοριρός
624 3955 684 3991 τε
719 3941 817 3992 καὶ
876 3939 989 4002 ἴσος
1034 3939 1296 4009 ὑπάρχων
1333 3941 1362 3992 6
1388 3937 1526 4009 πρὸς
1557 3937 1617 3991 τὺ
1644 3937 1826 4007 μεῖζον

245 4027 602 4098 ἀναπηδήσας
638 4026 790 4090 Υἱός.

325 4207 593 4279 Εῦκαιρον
643 4203 738 4260 οῦν
780 4202 933 4276 οἶμαι
990 4205 1168 4272 λέγειν
1204 4205 1294 4256 ἐπὶ
1330 4205 1443 4266 τοῖς
1483 4202 1827 4266 ἀπαιδεύτοις

247 4303 549 4371 αἱρετικοῖς
590 4315 604 4329 ο
688 4318 704 4350 ι
747 4299 876 4353 Ἰδοὺ
936 4298 1063 4362 λαὸς
1121 4298 1340 4368 μωρὸς,
1399 4295 1493 4350 κλὶ
1550 4296 1822 4367 ἀκάρδιοςο

246 4391 522 4461 ὀφθαλμοὶ
553 4391 770 4453 αὐτοῖς,
811 4390 904 4442 καὶ
937 4390 998 4442 οὐ
1035 4388 1340 4458 βλέπουσιν.
1371 4405 1390 4438 ι
1449 4387 1827 4457 ’Λπετύφλωσε

246 4484 359 4554 γὰρ
392 4484 560 4547 ὅντως
588 4484 616 4535 6
647 4482 778 4544 Θεὸς
808 4480 902 4534 τοῦ
933 4481 1126 4543 αἰῶνος
1154 4479 1343 4532 τούτου
1365 4479 1434 4532 τὰ
1451 4480 1697 4549 νοήματα
1717 4479 1827 4531 τῶν

1918 637 2119 701 factus,
2166 650 2222 694 et
2274 643 2434 710 120
2495 641 2683 696 habitu
2757 644 3015 699 inventus
3049 653 3108 698 ut
3159 644 3342 709 homo,
3383 645 3492 699 hu~

1917 733 2151 788 miliavit
2184 737 2538 805 semetipsum
2566 736 2631 789 ".
2673 754 2690 787 ι
2756 738 2892 792 Cum
2925 753 3055 808 ergo
3086 745 3213 791 ante
3237 740 3492 792 incarnaa

1917 824 2122 878 tionem
2171 835 2321 880 esset
2378 827 2432 880 in
2471 827 2642 882 forma
2676 835 2729 881 et
2782 829 3094 898 aqualitatc
3134 829 3335 894 Patris,
3395 824 3491 886 sed

1918 915 2319 972 incarnatfonis
2393 926 2642 987 tempore
2706 919 2932 973 calitus
2985 928 3210 988 accepto
3279 920 3490 991 Spiritu

1917 1007 2298 1063 sanetilieatus
2329 1009 2424 1070 sit,
2461 1017 2520 1062 ιιι
2547 1009 2621 1063 illi
2654 1009 2865 1073 volunt,
2905 1010 3208 1080 meliorque
3238 1021 3290 1066 et
3316 1012 3492 1083 major

1919 1098 2101 1167 scipso
2160 1100 2301 1152 hanc
2351 1101 2421 1154 ob
2481 1117 2704 1156 causam
2769 1103 3042 1167 redditus,
3107 1101 3286 1171 major
3322 1105 3488 1158 etiam

1917 1188 2079 1243 Patre
2108 1188 2287 1245 Iactus
2319 1199 2402 1245 est
2436 1190 2712 1247 videlicet.
2743 1190 2890 1257 1am,
2919 1194 2963 1246 si
2997 1203 3231 1262 accepto
3277 1192 3492 1263 Spiritu

1919 1280 2061 1335 ultra
2095 1281 2416 1352 dignitatem
2444 1279 2622 1339 Patris
2651 1289 2736 1338 est
2767 1291 3013 1349 evectus,
3042 1286 3298 1354 superior
3328 1285 3498 1354 igitur

1919 1375 2150 1444 estipso
2191 1390 2411 1444 quoque
2467 1375 2626 1429 Patre
2678 1375 2947 1445 Spiritus,
3004 1376 3099 1446 qui
3140 1377 3494 1432 eminentiam

1922 1464 2086 1522 Patre
2119 1468 2381 1538 majorem
2409 1467 2548 1522 Filio
2581 1468 2830 1538 largitur.
2857 1467 2996 1534 Quis
3028 1482 3159 1539 ergo
3191 1467 3276 1523 vel
3307 1467 3494 1521 auditu

1921 1557 2040 1611 solo
2072 1572 2180 1612 non
2216 1558 2622 1613 exhorrescat?
2653 1558 2939 1613 Enimvero
2989 1573 3158 1628 grave
3192 1565 3280 1614 est
3317 1555 3501 1628 profe-

1923 1659 2014 1704 cto
2047 1649 2387 1718 ejuscemodi
2421 1649 2588 1704 verba
2625 1649 2838 1704 facere:
2884 1649 2980 1703 sed
3028 1650 3190 1705 aliter
3227 1666 3335 1705 non
3365 1665 3497 1720 pos-

1925 1757 2113 1796 sumus
2137 1757 2324 1795 eorum
2355 1743 2754 1813 malignitatem
2789 1741 3109 1797 retundere.
3135 1741 3323 1808 Quare
3349 1744 3500 1812 ipsos

1927 1835 2122 1888 iterum
2155 1835 2542 1904 aggrediemur
2572 1835 2658 1889 his
2702 1835 2927 1890 verbis:
2965 1834 3185 1899 Si,cum
3228 1835 3392 1890 homo
3420 1833 3501 1889 fa-

1852 1901 1890 1954 B
1919 1931 2067 1978 ctum
2105 1901 2313 1978 est—Dei
2347 1922 2608 1987 Verbum,
2635 1932 2765 1978 tunc
2789 1933 3010 1994 accepto
3037 1925 3247 1994 Spiritu
3282 1925 3497 1981 sancti-

1924 2013 2141 2076 ﬁcatur,
2185 2021 2311 2068 ante
2341 2013 2778 2068 incarnationem
2818 2030 2952 2070 vero
2983 2016 3038 2070 in
3081 2015 3253 2070 forma
3287 2024 3409 2072 erat
3443 2023 3501 2071 et

1921 2102 2230 2170 aqualitate
2275 2101 2479 2168 Patris,
2534 2104 2798 2169 nondum,
2843 2119 2911 2158 ex
2966 2119 3159 2160 eorum
3196 2106 3497 2172 sententia,

1924 2192 2382 2250 sanctiﬁcatum:
2455 2196 2706 2266 sequitur
2780 2197 3104 2254 necessario
3178 2197 3497 2261 dicendum,

1924 2286 2094 2343 Deum
2127 2301 2190 2342 ac
2228 2286 2444 2344 Patrem
2479 2303 2586 2342 non
2643 2303 2765 2344 esse
2827 2297 3080 2344 sanctum
3137 2290 3212 2354 si,
3275 2305 3400 2346 cum
3449 2291 3498 2344 ei

1926 2379 2206 2435 conforme
2234 2389 2286 2435 et
2316 2383 2528 2450 aquale
2557 2377 2804 2435 Verbum
2849 2381 2925 2434 sit
2960 2381 3014 2434 in
3049 2381 3327 2446 omnibus,
3375 2396 3503 2436 san-

1925 2481 2071 2526 ctum
2109 2481 2290 2528 tamen
2340 2488 2450 2527 non
2498 2481 2618 2528 erat
2671 2473 2962 2543 principio,
3029 2473 3126 2528 sed
3178 2475 3500 2529 novissimis

1925 2565 2269 2635 temporibus
2300 2565 2388 2620 vix
2441 2565 2663 2621 tandem
2702 2575 2952 2622 sanctum
3004 2565 3123 2620 fuit.
3173 2565 3444 2622 Praeterea
3481 2585 3494 2620 :

1926 2655 1974 2712 si
2013 2656 2185 2725 ipsum
2215 2665 2300 2713 cst
2327 2658 2550 2729 proprie
2594 2657 2686 2714 Dei
2727 2656 2993 2722 Verbum,
3027 2657 3176 2729 quod
3223 2658 3490 2730 Spiritum

1926 2748 2126 2820 accipit
2152 2758 2205 2805 et
2246 2750 2301 2804 in
2334 2759 2534 2805 natura
2572 2766 2670 2806 sua
2695 2750 3096 2817 sanctiﬁcatur,
3121 2750 3307 2805 dicant
3337 2752 3498 2806 nobis

1925 2839 2244 2904 adversarii,
2273 2849 2458 2895 utrum
2492 2840 2708 2896 tandem
2741 2842 2923 2911 seipso
2963 2841 3140 2912 majus
3183 2839 3390 2895 factum
3421 2842 3498 2897 sit

1927 2935 2021 2984 aut
2040 2930 2242 2995 minus,
2279 2939 2372 2985 aut
2395 2945 2462 2986 eo
2493 2942 2720 3002 accepto
2753 2932 2808 2986 in
2841 2932 3035 2988 eodem
3070 2941 3212 2989 statu
3251 2948 3500 3003 perman-

1927 3021 2081 3075 serit.
2102 3019 2238 3074 Nam
2269 3021 2316 3075 si
2355 3021 2590 3091 amplius
2623 3022 2761 3077 nihil
2797 3023 2968 3079 habet
3005 3033 3229 3094 accepto
3261 3023 3494 3095 Spiritu,

1925 3113 2020 3169 sed
2055 3113 2300 3184 idipsum
2333 3123 2518 3170 manet
2557 3114 2707 3185 quod
2748 3123 2890 3180 erat,
2927 3115 3043 3170 noli
3097 3117 3310 3170 turbari
3369 3130 3495 3170 cum

1926 3204 2167 3261 audieris
2207 3204 2470 3276 Spiritum
2497 3206 2551 3260 in
2585 3221 2711 3262 eum
2743 3206 3127 3263 descendisse.
3167 3207 3322 3274 Quod
3353 3209 3399 3264 si
3431 3221 3497 3262 eo

1927 3305 2182 3366 suscepto
2233 3297 2624 3352 detrimentum
2681 3297 2905 3368 aliquod
2957 3307 3011 3354 ct
3056 3299 3498 3356 imminutionem

1927 3388 2210 3451 sustinuit,
2244 3387 2468 3457 patibile
2500 3388 2659 3442 nobis
2701 3386 2938 3444 Verbum
2969 3396 3201 3456 statues,
3237 3397 3293 3445 et
3317 3389 3499 3446 Patris

1925 3479 2286 3536 substantiam
2316 3479 2621 3546 incusabis,
2657 3480 2751 3550 qui
2806 3479 3068 3535 damnum
3123 3480 3291 3538 infert
3316 3483 3500 3552 potius

1925 3587 2087 3640 quam
2121 3570 2451 3628 sanctiﬁcat.
2480 3570 2578 3626 Sin
2609 3578 2792 3626 autem
2818 3579 3042 3642 accepto
3071 3570 3277 3644 Spiritu
3308 3576 3503 3630 melior

1925 3661 2156 3716 ell‘ectus
2209 3669 2332 3714 est:
2375 3669 2493 3716 erat
2525 3666 2706 3715 autem
2741 3660 2818 3719 .in
2880 3659 3057 3715 forma
3082 3670 3138 3716 et
3191 3663 3506 3732 aequalitate

1926 3749 2127 3816 Patris,
2161 3751 2324 3806 etiam
2359 3759 2651 3820 antequam
2682 3751 2882 3807 melior
2907 3752 3247 3822 redderetur,
3288 3763 3349 3808 ut
3382 3771 3506 3810 seu--

1929 3843 2044 3901 titis
2071 3861 2086 3910 ;
2118 3841 2283 3898 Pater
2305 3842 2584 3914 fastigium
2612 3843 2802 3914 gloria
2835 3858 2945 3900 non
2976 3846 3176 3916 attigit,
3211 3847 3305 3903 sed
3331 3849 3383 3903 in
3416 3864 3509 3904 eo—

1929 3936 2052 3992 dem
2081 3937 2190 3991 erit
2225 3941 2373 3991 statu
2405 3935 2460 3990 in
2486 3949 2598 4006 quo
2638 3943 2759 3990 erat
2786 3949 2912 3990 cum
2949 3937 3071 4007 ipso
3120 3940 3425 3997 conformis
3454 3953 3508 3996 et

1928 4026 2158 4096 aqualis
2182 4026 2270 4082 ille
2293 4024 2487 4091 Filius,
2516 4026 2609 4096 qui
2644 4025 2712 4080 ad
2741 4026 3160 4086 eminentiorem
3192 4038 3396 4087 statum
3423 4041 3509 4088 est

1929 4127 2171 4175 ενθοιιιε.

1999 4208 2319 4280 Opportune
2369 4209 2558 4280 itaque
2614 4209 2684 4265 de
2739 4210 3013 4280 imperitis
3066 4213 3339 4271 haereticis
3397 4215 3508 4271 dici

1929 4312 2142 4374 potest:
2186 4321 2204 4355 ι
2240 4301 2381 4359 Ecce
2403 4303 2640 4374 populus
2663 4303 2865 4358 stultus
2893 4311 2948 4360 et
2969 4305 3090 4361 sine
3117 4307 3283 4362 corde
3313 4325 3327 4362 :
3358 4309 3507 4364 oculi

1929 4396 2033 4460 eis,
2067 4401 2122 4450 et
2178 4409 2288 4449 non
2350 4395 2540 4450 vident
2561 4395 2632 4447 ".
2677 4413 2695 4445 ι
2762 4393 3074 4450 Exeacavit
3106 4397 3252 4452 enim
3312 4413 3506 4455 revera

1930 4485 2076 4542 Deus
2107 4485 2292 4541 saculi
2329 4486 2497 4555 hujus
2524 4486 2692 4541 corda
2719 4486 3044 4553 inﬁdelium,
3079 4502 3148 4542 ne
3171 4488 3507 4545 llluminatio

247 4576 533 4638 ἀπίστων,
583 4576 662 4636 εἰς
709 4573 770 4627 τὸ
833 4572 908 4643 μὴ
973 4572 1210 4639 αὐγάσαι
1255 4570 1346 4623 τὸν
1395 4571 1671 4640 φωτισμὸν
1728 4570 1820 4622 τοῦ

1853 4573 1899 4631 D
1927 4575 2203 4646 Evangelii
2229 4576 2417 4646 gloria
2449 4574 2657 4630 Christi
2686 4576 2767 4630 eis
2796 4576 3016 4631 illuceat
3035 4577 3100 4631 “.
3130 4577 3341 4641 Quibus
3359 4589 3508 4634 certe

247 4664 586 4732 Εὑαγγελίου
619 4667 718 4734 τῆς
746 4663 903 4732 δόξης
934 4661 1026 4715 τοῦ
1053 4660 1288 4732 Χριστοῦ
1313 4677 1326 4692 ·
1362 4657 1444 4723 οἷς
1475 4661 1539 4730 δὴ
1565 4661 1658 4714 καὶ
1691 4661 1824 4729 μᾶλ-

246 4758 343 4810 λον
373 4754 766 4823 ὲπαλγύνεσθαι
789 4754 922 4816 δεῖν,
956 4753 1016 4804 οὐ
1041 4752 1388 4822 χαλεπαίνειν
1415 4751 1584 4816 ἄξιον.
1617 4752 1691 4804 Οὐ
1714 4754 1823 4822 γὰρ

247 4853 452 4909 ἴσασιν,
487 4849 522 4902 ἂ
561 4847 1024 4916 ἀναγινώσκουσιν
1048 4864 1062 4878 ο
1123 4850 1204 4900 ὅτι
1241 4848 1298 4900 δὲ
1342 4848 1547 4917 ἀληθὴς
1585 4850 1613 4900 6
1644 4848 1820 4916 λόγος,

245 4943 504 4998 ἐντεῦθεν
537 4945 670 5012 ἡμῖν
706 4942 858 4995 ἔσται
886 4941 1210 5010 καταψανὲς.
1247 4942 1296 4992 εί
1341 4941 1434 4993 καὶ
1475 4941 1554 4994 ὅτι
1589 4941 1823 5010 μάλιστα

245 5038 340 5089 διὰ
397 5035 507 5086 τῶν
572 5034 673 5104 ήδη
735 5032 1343 5103 προγεγυμνασμένων,

245 5122 628 5192 ἐποιησάμεθα
655 5122 752 5193 τὴν
791 5121 1063 5187 ἀπόδειξιν
1089 5137 1102 5150 ⁸
1159 5120 1290 5173 αὐτὸ
1321 5121 1377 5172 δὲ
1404 5121 1567 5172 πάλιν
1597 5120 1728 5190 ἡμῖν
1764 5121 1825 5172 τὸ

242 5215 338 5268 διὰ
366 5214 467 5283 τῆς
494 5213 587 5266 τοῦ
631 5213 844 5266 Παύλου
873 5211 1192 5280 λελεγμένον
1226 5211 1408 5278 φωνῆς
1439 5212 1819 5281 προστήσεται.

247 5326 267 5358 ι
303 5306 478 5358 Τοῦτο
523 5303 806 5373 φρονείτω,
843 5302 1026 5372 φησὶν,
1056 5301 1285 5363 ἕκαστος
1309 5303 1366 5353 ὲν
1386 5302 1513 5370 ὑμῖν
1550 5299 1752 5363 αὐτοῖς,
1795 5301 1824 5353 ὃ

240 5398 347 5451 καὶ
389 5398 448 5449 ὲν
476 5393 692 5465 Χριστῷ
725 5393 927 5462 Ἰησοῦ.¹
957 5391 1015 5453 ὃς
1055 5392 1112 5442 ὲν
1147 5392 1326 5460 μορφῇ
1361 5389 1496 5442 Θεοῦ
1537 5391 1818 5460 ὑπάρχων,

239 5495 352 5562 θῦχ
373 5490 666 5561 ἁρπαγμὸν
695 5489 939 5558 ἡγήσατο
966 5485 1026 5538 τὸ
1052 5480 1189 5539 εἶναι
1221 5483 1309 5538 ῐσα
1337 5483 1474 5553 Θεῷ,
1499 5485 1612 5538 ἀλλ’
1633 5485 1821 5538 ἑαυτὸν

239 5585 488 5639 ὲκὲνωσε
518 5581 725 5652 μορφὴν
753 5579 939 5632 δούλου
965 5577 1163 5642 λαϐὼν,
1197 5579 1254 5630 ἐν
1281 5576 1584 5648 ὁμοιώματι
1615 5577 1824 5648 ἀνθρὼ-

238 5692 373 5729 πων
398 5673 707 5744 γενόμενος,
742 5673 834 5725 καὶ
865 5671 1101 5742 σχήματι
1133 5670 1378 5741 εὑρεθεὶς
1411 5669 1485 5732 ὼς
1515 5668 1819 5739 ἅνθρωπος,

1418 5032 1517 5083 οὐκ
1577 5032 1823 5100 ἄκομψον

329 5852 376 5884 ’⁸
404 5852 640 5924 Philipp.
668 5867 730 5914 ιι,
759 5851 873 5907 5-8.
950 5852 996 5882 ’⁸
1026 5849 1224 5913 Jcrcm.
1260 5868 1312 5915 ν,
1348 5851 1438 5906 2|.

544 5946 805 6009 ΡΑτιιοι.
851 5945 963 6004 Gn.
1007 5944 1264 6004 LXXIII.

1932 4668 2283 4723 indolendum
2313 4668 2497 4737 potius
2514 4682 2676 4737 quam
2711 4667 3062 4722 irascendum
3096 4669 3362 4735 arbitror;
3394 4685 3504 4724 non

1931 4759 2074 4814 enim
2117 4758 2430 4828 intelligunt
2477 4771 2599 4827 qua
2647 4758 2855 4826 legunt.
2910 4756 3110 4812 Verum
3151 4766 3336 4814 autem
3385 4774 3509 4815 esse

1929 4851 2076 4920 quod
2121 4849 2266 4915 dico,
2307 4851 2434 4905 hinc
2483 4848 2837 4905 manifestum
2887 4849 3046 4906 nobis
3080 4851 3208 4915 erit,
3259 4850 3390 4906 licet
3437 4866 3505 4906 ex

1935 4943 2086 5011 121
2119 4942 2185 4996 iis
2210 4957 2331 5011 qua
2363 4941 2626 4995 hactenus
2652 4941 2948 5009 disceptata
2983 4949 3130 5004 sunt,
3165 4955 3272 4995 non
3299 4942 3508 4997 insulso

1928 5036 1981 5088 id
2033 5034 2610 5088 demonstrat-erimus.
2683 5029 2786 5086 Sed
2849 5031 3002 5084 Pauli
3052 5032 3256 5086 dictum
3313 5048 3507 5088 rursus

1931 5131 2282 5194 pr0ponctur.
2337 5139 2354 5172 ι
2396 5121 2509 5176 lloc
2558 5121 2779 5188 sentite,
2817 5121 3013 5190 inquit,
3059 5122 3113 5175 in
3147 5121 3324 5186 vobis,
3359 5122 3508 5192 quod

1929 5223 1983 5270 et
2019 5217 2073 5270 in
2119 5213 2338 5269 Christo
2381 5211 2541 5280 Iesu.
2580 5213 2672 5284 qui
2709 5229 2831 5267 cum
2879 5214 2931 5267 in
2980 5213 3152 5267 forma
3189 5213 3281 5267 Dei
3325 5222 3505 5279 esset,

1928 5321 2036 5360 non
2077 5305 2320 5374 rapinam
2365 5305 2663 5358 arbitratus
2692 5311 2777 5359 est
2811 5318 2932 5359 esse
2973 5318 3032 5358 se
3059 5302 3321 5369 aqualem
3353 5301 3465 5358 Deo
3489 5343 3505 5367 ,

1927 5394 2021 5450 sed
2057 5393 2408 5462 semetipsum
2437 5391 2741 5448 exinanivit
2779 5390 3006 5444 formam
3051 5389 3191 5445 servi
3233 5390 3507 5458 accipiens

1928 5488 1984 5540 in
2008 5485 2414 5541 similitudinem
2437 5484 2714 5538 hominum
2737 5481 2929 5547 factus,
2957 5489 3010 5536 et
3038 5481 3224 5536 habitu
3255 5481 3508 5536 inventus

1931 5586 1994 5633 ut
2042 5578 2237 5644 homo,
2274 5575 2583 5630 humiliavit
2625 5576 3002 5643 semetipsum.
3071 5593 3090 5626 ι
3140 5572 3280 5629 Ecce
3318 5574 3508 5644 utique

1934 5669 2128 5723 Filium
2159 5681 2507 5738 summopere
2531 5666 2784 5735 miratur,
2827 5673 3013 5735 utpote
3049 5665 3144 5736 qui
3179 5664 3253 5720 sit
3279 5663 3509 5736 aqualis

1515 5852 1559 5882 “
1595 5850 1634 5905 ll
1669 5849 1793 5905 Cor.
1831 5865 1902 5915 tv,
1932 5849 1983 5903 4.

3079 5934 3112 5997 7
