4222 6510
238 451 344 505 Ξοῦ

1304 450 1366 503 ΙΝ
1412 450 1696 506 JOANNIS
1731 448 2182 506 EVANCELIDM
2224 449 2351 507 LIB.
2396 449 2459 504 11.

3391 441 3496 502 206

236 566 296 618 τὸ
340 566 431 618 ἐπὶ
459 567 560 636 γῆς
595 565 810 634 λογικὸν
845 566 1131 636 ἐξαρτίσας
1172 566 1308 630 ζῶον
1357 569 1385 619 ὁ
1430 569 1814 639 ἀριπτοτέχνης

1920 567 2105 619 datum
2140 567 2187 622 ei
2221 567 2390 622 dedit.
2421 564 2486 618 Et
2523 571 2640 619 erat
2666 565 2717 617 in
2747 562 3026 634 paradiso,
3067 561 3204 617 sicut
3234 561 3497 632 scriptum

235 655 611 726 Θεὸς.ἐντολ.ὴ·ι
629 653 799 710 ἐδίδου
817 658 914 728 τὴν
935 657 1229 723 σώζουσαν·
1257 661 1348 712 καὶ
1374 656 1443 730 ἦν
1462 663 1518 712 ἐν
1540 659 1615 730 τῷ
1645 677 1818 730 παρα-

237 748 417 817 δείσῳ,
453 748 596 802 καθὰ
624 748 954 817 γέγραπται,
999 750 1374 820 διαφυλάττων
1422 751 1501 803 ἔτι
1539 753 1599 804 τὸ
1644 751 1815 814 δοθὲν,

238 840 333 890 καὶ
377 842 443 909 τῇ
489 839 608 910 θεία
641 838 736 892 τοῦ
774 841 1134 913 πεποιηκότος
1176 842 1482 914 διαπρεπὴς
1531 844 1698 896 εἰκόνι
1731 843 1818 895 διὰ

237 931 331 984 τοῦ
362 931 755 996 ἐνοικισθέντος
793 935 948 1002 ἁγίου
990 935 1306 1005 Πνεύματος
1334 955 1347 967 ·
1399 938 1584 1008 ἐπειδὴ
1611 939 1667 991 δὲ
1698 941 1817 1001 ταῖς

236 1021 331 1075 τοῦ
360 1023 606 1077 διαϐόλου
639 1027 1167 1098 παρατετραμμένος
1216 1029 1452 1092 ἀπάταις
1495 1030 1817 1099 κατεφρόνει

235 1113 331 1168 τοῦ
373 1119 741 1188 Δημιουργοῦ,
785 1118 880 1172 καὶ
917 1119 1078 1188 νόμον
1117 1119 1206 1172 τὸν
1247 1121 1529 1186 ὁρισθέντα
1569 1124 1816 1192 πατήσας

237 1206 428 1260 ἐλύπει
451 1209 541 1261 τὸν
562 1210 877 1278 εὐεργέτην,
896 1210 994 1282 τὴν
1016 1210 1164 1280 αὐτῷ
1186 1210 1430 1264 δοθεῖσαν
1453 1213 1818 1283 ἁνεπράττετο

241 1297 402 1368 χάριν
421 1317 432 1329 ·
480 1319 498 1350 ‹
525 1300 599 1369 Γῆ
624 1296 694 1361 εἷ,
722 1302 818 1354 καὶ
841 1303 920 1364 εἰς
947 1303 1049 1371 γῆν
1076 1301 1370 1373 ἁπελεύσῃ,
1403 1321 1421 1352 ι
1456 1302 1575 1356 τότε
1603 1304 1817 1373 πρῶτον

238 1391 477 1454 ἀκούσας
503 1393 530 1444 6
558 1392 794 1460 γεγονὼς
825 1395 902 1456 εἰς
932 1393 1095 1465 ζωὴν,
1124 1395 1565 1464 παρεχαράττετο
1595 1395 1695 1464 ἤδη
1728 1399 1820 1449 καί

239 1479 273 1545 ἡ
309 1477 445 1548 πρὸς
477 1479 608 1532 Θεὸν
649 1481 905 1550 ὁμοίωσις
939 1483 1024 1536 διὰ
1067 1483 1166 1553 τῆς
1201 1483 1609 1554 ἐπιδραμιύσης
1643 1486 1819 1554 ἁμαρ-

239 1568 380 1630 τίας,
436 1571 530 1622 καὶ
575 1566 714 1642 ἦσαν
767 1573 864 1641 μὲν
915 1573 1096 1626 οὐκέτι
1148 1574 1331 1627 λοιπὸν
1377 1577 1426 1628 οί
1475 1576 1820 1646 χαρακτῆρες

239 1659 502 1730 λαμπροὶ,
555 1663 912 1734 ἀμυδρότεροι
956 1665 1012 1716 δέ
1063 1684 1176 1729 πως
1215 1667 1272 1718 ἐν
1324 1666 1475 1735 αὐτῷ
1525 1667 1619 1720 καὶ
1665 1669 1818 1721 saxo-

240 1753 484 1822 τισμένοι
525 1754 612 1807 διὰ
655 1755 752 1826 τὴν
786 1756 1114 1826 παράϐασιν.
1158 1757 1374 1828 Ἐπειδὴ
1410 1757 1464 1811 δὲ
1505 1761 1584 1821 εἰς
1613 1759 1818 1828 πληθὺν

239 1843 474 1912 ἀριθμοῦ
522 1845 804 1914 κρείττονα
842 1845 901 1898 τὸ
940 1845 1278 1917 ἀνθρώπινον
1307 1847 1603 1912 ὲξετείνετο
1642 1849 1816 1917 γένος,

242 1936 566 2005 κατεκράτει
611 1935 667 1988 δὲ
700 1938 912 1990 πάντων
956 1938 988 2007 ἡ
1024 1938 1289 2009 ἁμαρτία,
1325 1939 1680 2011 πολυτρόπως
1721 1940 1819 2011 τὴν

239 2027 470 2084 ἑκάστου
501 2028 793 2099 ληϊζομένη
819 2029 1018 2101 ψυχὴν,
1050 2031 1432 2102 ἀπεγυμνοῦτο
1473 2034 1570 2104 μὲν
1599 2034 1820 2105 χάριτος

237 2122 341 2190 τῆς
387 2120 615 2190 ἀρχαίας
664 2122 696 2190 ἡ
743 2123 903 2188 φύσις
929 2139 942 2152 ·
1000 2123 1366 2177 ἀπανίσταται
1405 2123 1462 2177 δέ
1503 2124 1563 2178 τὸ
1595 2125 1820 2197 Πνεῦμα

239 2211 558 2276 παντελῶς,
609 2213 704 2265 καὶ
738 2214 927 2266 πίπτει
958 2215 1093 2287 πρὸς
1121 2215 1220 2286 τὴν
1253 2216 1491 2288 ἐσχάτην
1531 2215 1756 2286 ἀλογίαν
1793 2221 1820 2272 6

237 2301 474 2370 λογικὸς,
528 2304 620 2356 καὶ
653 2305 815 2359 αὑτὸν
861 2307 1136 2377 ἀγνοήσας
1173 2307 1264 2360 τὸν
1298 2306 1575 2362 κτίσαντα.
1625 2309 1764 2361 Ἀλλ’
1793 2312 1820 2364 6

239 2394 459 2448 πάντων
484 2396 826 2468 Δημιουργὸς
856 2399 1101 2469 μακροὺς
1145 2398 1543 2470 ἀνεξικακήσας
1571 2399 1816 2471 χρόνους,

239 2486 385 2540 ἐλεεῖ
410 2486 593 2540 λοιπδν
627 2489 1083 2560 κατεφθαρμένην
1113 2490 1210 2561 τὴν
1241 2491 1583 2562 οἰκουμένην,
1609 2493 1702 2544 καὶ
1721 2493 1820 2563 τὴν

241 2578 343 2647 μὲν
373 2578 818 2650 δραπετεύσασαν
869 2581 962 2633 ἐπὶ
997 2581 1094 2651 τῆς
1141 2582 1243 2652 γῆς
1286 2583 1489 2653 ἀγέλην
1538 2584 1660 2646 ταῖς
1709 2584 1820 2637 ἄνω

239 2670 534 2726 συνάπτειν
567 2672 770 2740 ἀγαθὸς
802 2671 878 2727 ὣν
917 2674 1181 2743 ἠπείγετο
1205 2691 1219 2706 ο
1275 2673 1714 2746 μεταστοιχειοῦν
1765 2677 1821 2728 δὲ

239 2762 404 2817 πάλιν
431 2765 511 2826 είς
541 2765 640 2836 τὴν
679 2765 912 2836 ἀρχαίαν
953 2768 1138 2820 εἰκόνα
1168 2766 1264 2838 τὴν
1295 2767 1691 2838 ἁνθρωπότητα
1733 2767 1820 2821 διὰ

237 2853 336 2906 τοῦ
366 2855 678 2925 Πνεύματος
706 2857 1046 2928 ἐδοκίμαζεν.
1075 2854 1182 2910 Ἦν
1210 2857 1318 2929 γὰρ
1347 2861 1445 2928 οὐχ
1471 2860 1673 2930 ἑτέρως
1695 2859 1820 2921 τοὺς

239 2943 425 3007 θείους
450 2945 764 3015 ἀναλάμψαι
798 2949 1150 3018 χαρακτῆρας
1180 2950 1238 3003 ὲν
1271 2949 1430 3020 αὐτῇ,
1457 2949 1708 3020 καθάπερ
1727 2944 1820 3004 οῦν

237 3031 383 3106 ἦσαν
412 3037 506 3089 καὶ
537 3037 823 3108 πρότερον.
863 3037 928 3092 Τί
958 3034 1050 3092 οῦν
1077 3041 1185 3110 ἄρα
1216 3039 1352 3112 πρὸς
1383 3044 1542 3094 τοῦτο
1571 3041 1818 3111 μηχανᾶ-

237 3145 352 3191 ται,
401 3128 518 3192 πῶς
551 3129 608 3181 δέ
638 3131 834 3184 ἄσυλον
884 3131 942 3183 ἐν
979 3133 1110 3202 ἡμῖν
1139 3131 1403 3201 ἐφύτευσε
1438 3132 1536 3203 τὴν
1569 3133 1747 3204 χάριν,
1783 3133 1816 3206 ἢ

238 3219 360 3284 πῶς
391 3220 660 3292 ἐρριζὼθη
692 3223 854 3278 πάλιν
901 3224 957 3278 ἐν
991 3223 1302 3296 ἀνθρώποις
1327 3227 1387 3279 τὸ
1421 3226 1669 3296 Πνεῦμα,
1699 3226 1820 3281 τίνα
1848 3258 1890 3316 C

234 3310 299 3364 δὲ
332 3311 535 3380 τρόπον
580 3313 614 3383 ὴ
663 3313 824 3387 φύσις
873 3315 1238 3388 ἀνεμορφώθη
1285 3317 1420 3386 πρὸς
1470 3318 1532 3370 τὸ
1571 3318 1818 3388 ἀρχαῖον,

237 3403 536 3458 ἀκόλουθον
582 3405 775 3460 εἰπεῖν.
823 3405 885 3460 '0
938 3405 1154 3476 πρῶτος
1199 3406 1502 3478 ἄνθρωπος,
1550 3407 1732 3477 χοϊκός
1761 3425 1821 3460 τε

238 3492 502 3562 ὑπάρχων
531 3493 623 3546 καὶ
647 3493 756 3546 ἀπὸ
779 3493 878 3564 τῆς
906 3494 1028 3563 γῆς,
1061 3495 1153 3548 καὶ
1181 3495 1238 3546 έν
1267 3495 1372 3566 ίδίᾳ
1403 3497 1661 3566 κειμένην
1683 3495 1820 3566 ἔχων

237 3580 483 3652 ἐξουσίᾳ,
521 3581 615 3635 τοῦ
654 3600 712 3635 τε
748 3583 952 3650 ἀγαθοῦ
985 3583 1079 3636 καὶ
1101 3583 1196 3636 τοῦ
1224 3585 1428 3654 φαύλου
1462 3585 1560 3658 τὴν
1589 3586 1816 3658 αἵρεσιν,

241 3675 420 3744 ροπῆς
462 3691 526 3742 γε
567 3675 666 3745 τῆς
709 3677 795 3728 ἐπ’
824 3676 990 3746 ἄμφω
1029 3676 1218 3748 κύριος
1267 3677 1362 3742 ὢν,
1410 3679 1593 3750 πικρῷ
1625 3698 1821 3752 συνηρ.

237 3764 427 3834 πάσθη
457 3764 614 3835 δόλῳ,
653 3765 746 3818 καὶ
779 3766 1078 3829 ἀποκλίνας
1126 3769 1206 3831 είς
1255 3770 1574 3840 παρακοὴν,
1631 3770 1819 3824 πίπτει

240 3857 346 3927 μὲν
371 3857 452 3920 είς
483 3858 583 3927 τὴν
613 3857 734 3909 ὅθεν
785 3857 944 3927 ἐξέφυ
981 3858 1193 3930 μητέρα
1239 3860 1340 3931 τὴν
1386 3861 1508 3932 γῆν,
1561 3861 1736 3934 φθορᾷ
1763 3863 1818 3916 δὲ

237 3949 367 4018 ἤδη,
395 3949 491 4001 καὶ
530 3948 747 4020 θανάτῳ
776 3949 1164 4021 κρατούμενος,
1207 3951 1314 4022 ὅλῳ
1354 3953 1716 4024 παραπέμπει
1742 3955 1820 4023 τῷ

236 4043 390 4110 γένει
423 4042 518 4112 τὴν
553 4043 776 4112 ζημίαν.
809 4041 1106 4113 αὐξομένου
1130 4041 1269 4095 δὲέν
1307 4044 1457 4113 ἡμῖν,
1493 4045 1587 4096 καὶ
1614 4043 1819 4114 πληθύ-

237 4151 426 4195 νοντος
471 4132 565 4188 τοῦ
601 4134 794 4197 κακοῦ,
830 4133 922 4186 καὶ
965 4133 1102 4204 πρὸς
1133 4133 1195 4186 τὸ
1233 4136 1412 4204 χεῖρον
1440 4135 1524 4188 ἀεὶ
1554 4135 1816 4189 καταϐαί-

235 4223 440 4292 νούσης
462 4223 561 4292 τῆς
582 4225 638 4276 ὲν
661 4225 792 4293 ἡμῖν
809 4222 1063 4289 διανοίας,
1090 4222 1524 4294 βεϐασίλευκενή
1554 4224 1816 4294 ἁμαρτία,

235 4314 426 4383 γυμνή
453 4331 513 4365 τε
551 4313 695 4366 οὕτω
721 4311 904 4366 λοιπὸν
926 4311 1020 4364 τοῦ
1048 4313 1436 4376 ἐνοικισθέντος
1463 4313 1619 4380 ἁγίου
1646 4314 1818 4368 Πνεύ-

240 4422 415 4470 ματος
447 4407 479 4474 ή
513 4404 801 4474 ἀνθρώπου
846 4403 1006 4473 φύσις
1035 4403 1394 4457 ἀνεδείκνυτο.
1445 4405 1462 4456 ι
1490 4405 1677 4473 ’Ἂγιον
1711 4406 1820 4477 γὰρ

239 4495 468 4564 Πνεῦμα
498 4495 710 4564 σοφίας,
751 4493 1006 4564 φεύξεται
1035 4493 1206 4560 δόλον,
1238 4513 1256 4546 ι
1301 4495 1444 4549 καθά
1489 4497 1815 4568 γέγραπται·

1921 667 2002 708 est
2038 659 2111 720 ⁵⁸,
2162 673 2388 712 servans
2426 657 2605 709 adlmc
2643 653 2989 716 mandalum,
3025 659 3078 708 et
3110 652 3292 708 divina
3333 651 3500 708 Crea-

1922 751 2057 804 toris
2105 751 2441 818 conspicuus
2476 749 2709 819 imagine
2759 764 2854 820 per
2891 748 3290 802 iuhahitantem
3325 747 3501 817 Spiria

1923 847 2033 893 tum
2064 861 2076 893 :
2127 841 2220 896 sed
2251 856 2374 894 cum
2421 840 2621 895 diaboli
2656 840 2847 894 fraude
2891 841 3156 896 seductus
3178 838 3496 894 Creatorem

1919 932 2358 1002 contempsisset,
2393 940 2447 986 et
2478 931 2730 1001 imposita
2764 931 2868 987 sibi
2901 932 3020 1001 lege
3052 931 3374 986 conculcata
3405 929 3500 986 be-

1921 1023 2098 1077 neticii
2132 1033 2414 1078 auctorem
2451 1023 2792 1084 offendisset,
2839 1022 3013 1092 gratia
3057 1023 3159 1077 sibi
3206 1022 3334 1075 data
3367 1035 3498 1090 spo~

1921 1115 2081 1170 liatus
2111 1123 2218 1182 est,
2259 1125 2422 1186 atque
2457 1124 2586 1169 tunc
2621 1115 2857 1184 primum
2890 1114 3103 1167 audiit:
3140 1131 3159 1164 ι
3193 1112 3363 1168 Terra
3399 1127 3496 1176 es,

1920 1207 2050 1260 etin
2085 1214 2290 1262 terram
2328 1207 2620 1262 reverteris
2649 1207 2725 1269 ⁸⁸,
2771 1223 2789 1258 ι
2827 1205 2917 1274 qui
2961 1204 3139 1258 factus
3170 1213 3287 1258 erat
3317 1203 3381 1256 ad
3412 1203 3499 1255 vi-

1923 1308 2080 1352 tam:
2135 1299 2441 1354 adulterata
2491 1307 2576 1354 est
2627 1299 2716 1352 illa
2758 1297 3060 1354 similitudo
3115 1295 3207 1351 Dei
3267 1295 3496 1350 incursu

1923 1392 2150 1460 peccati,
2180 1407 2280 1446 nec
2310 1392 2422 1461 jam
2453 1392 2799 1447 characteres
2829 1390 3063 1460 amplius
3097 1398 3255 1444 erant
3283 1389 3338 1442 in
3379 1389 3499 1458 ipso

1921 1483 2054 1535 clari
2089 1490 2142 1537 et
2184 1483 2480 1552 splendidi,
2523 1484 2617 1537 sed
2653 1482 3004 1546 subobscuri,
3052 1496 3114 1535 ac
3150 1480 3395 1535 tenebris
3423 1477 3502 1532 in~

1921 1576 2086 1628 voluti
2123 1577 2196 1630 ob
2227 1577 2746 1647 transgressionem.
2780 1576 2885 1630 Sed
2933 1577 3174 1628 humano
3206 1587 3404 1645 genere
3444 1570 3499 1624 in

1923 1665 2248 1722 immensum
2292 1677 2608 1738 propagato,
2653 1683 2776 1721 cum
2827 1678 3111 1737 peccatum
3157 1670 3412 1736 regnaret
3443 1663 3499 1717 in

1921 1771 2133 1820 omnes,
2187 1765 2241 1811 et
2288 1759 2724 1827 uniuscujusque
2782 1759 3018 1810 animam
3071 1755 3497 1826 deprzedaretur,
3578 1784 3582 1787 -

1923 1849 2088 1902 veteri
2130 1850 2348 1918 quidem
2380 1851 2557 1920 gratia
2594 1857 2790 1904 natura
2829 1850 3089 1904 destituta
3120 1857 3204 1902 est
3236 1862 3249 1900 :
3291 1845 3501 1901 recedit

1921 1939 2140 2008 penitus
2179 1941 2246 1995 ab
2277 1942 2356 1995 eis
2385 1942 2646 2010 Spiritus,
2703 1949 2752 1996 et
2813 1943 2866 1996 in
2919 1952 3218 1995 extremam
3263 1939 3500 1994 rationis

1923 2029 2205 2098 penuriam
2247 2031 2450 2084 labitur
2485 2031 2648 2084 homo
2688 2032 2922 2088 rationis
2951 2033 3042 2087 ille
3088 2033 3383 2102 particeps,
3413 2031 3500 2100 ip-

1923 2134 2042 2174 sum
2088 2121 2249 2176 etiam
2295 2122 2554 2190 ignorans
2589 2121 2923 2179 Creatorem.
2963 2122 3069 2179 Sed
3117 2124 3498 2178 universorum

1922 2207 2111 2280 Opifex
2159 2211 2420 2266 diuturna
2465 2228 2599 2268 usus
2640 2215 2926 2283 patientia,
2961 2213 3370 2270 miserationem
3401 2212 3502 2269 de-

1921 2309 2068 2356 mum
2115 2302 2262 2371 cepit
2307 2307 2552 2372 corrupti
2595 2304 2745 2358 orbis
2791 2314 2845 2359 et
2891 2303 3178 2375 fugitivum
3233 2304 3288 2358 in
3335 2301 3504 2358 terris

1920 2403 2136 2459 gregem
2171 2391 2387 2458 superis
2416 2405 2731 2462 aggregare,
2777 2393 2953 2449 bonus
2977 2395 3092 2463 ipse
3119 2408 3244 2448 cum
3286 2392 3381 2459 sit,
3424 2391 3504 2447 fa-

1923 2478 2149 2532 stinavit
2177 2519 2192 2543 ,
2253 2486 2308 2534 et
2354 2479 2419 2533 ad
2469 2481 2758 2550 imaginem
2791 2481 3076 2551 pristinam
3105 2482 3501 2536 humanitatem

1921 2569 2224 2626 reformare
2255 2585 2350 2640 per
2385 2571 2648 2639 Spiritum
2708 2573 2919 2627 statuit.
2975 2571 3094 2628 Non
3147 2576 3292 2628 enim
3342 2575 3503 2628 aliter

1923 2672 2175 2731 poterant
2210 2664 2262 2718 in
2299 2679 2362 2720 ea
2414 2665 2584 2718 divini
2629 2665 2976 2722 characteres
3021 2682 3087 2722 eo
3133 2668 3296 2722 modo
3345 2668 3502 2738 123

1922 2769 2030 2821 quo
2085 2755 2241 2824 prius
2299 2756 2568 2811 relucere.
2610 2755 2753 2822 Quid
2809 2773 2940 2827 ergo
3018 2760 3072 2812 in
3122 2759 3226 2814 hoc
3275 2761 3502 2813 molitus

1922 2847 1993 2900 sit
2043 2845 2226 2911 Deus,
2277 2849 2551 2917 quomodo
2594 2849 2828 2920 gratiam
2871 2850 2925 2903 in
2976 2851 3136 2906 nobis
3186 2852 3500 2906 inviolatam

1922 2939 2257 3002 inseruerit,
2317 2949 2411 2994 aut
2465 2940 2743 3011 quomodo
2813 2957 3006 2998 rursus
3070 2943 3124 2996 in
3185 2943 3502 2998 hominibus

1921 3027 2161 3083 radicem
2239 3027 2478 3098 Spiritus
2562 3031 2769 3100 egerit,
2824 3046 3002 3100 quove
3068 3041 3232 3102 pacto
3299 3041 3501 3088 natura

1921 3117 1976 3170 in
2015 3119 2310 3187 pristinum
2366 3129 2564 3174 statum
2614 3121 2913 3176 reformata
2961 3124 3063 3188 sit,
3108 3124 3499 3193 exponendum

1924 3216 2010 3264 est
2042 3209 2324 3280 deinceps.
2345 3209 2566 3268 Primus
2601 3211 2692 3268 ille
2722 3213 2884 3267 homo
2913 3221 3170 3270 terrenus
3199 3229 3324 3269 cum
3354 3225 3502 3272 esset

1924 3317 1989 3357 ac
2028 3302 2096 3356 de
2129 3311 2296 3367 terra,
2334 3313 2386 3358 ct
2422 3304 2476 3357 in
2506 3319 2605 3359 sua
2645 3313 2919 3374 potestate
2954 3307 3117 3362 sitam
3149 3308 3375 3364 haberet
3400 3309 3500 3364 bo-

1923 3394 1980 3448 ni
2015 3395 2214 3448 malive
2237 3397 2536 3464 Optionem,
2568 3405 2734 3467 atque
2762 3400 3162 3468 propensionis
3200 3399 3255 3453 in
3289 3399 3499 3455 alteru-

1925 3493 2068 3540 trum
2113 3486 2372 3541 dominus
2413 3496 2578 3551 esset,
2617 3489 2768 3557 gravi
2819 3490 2946 3544 dolo
2992 3500 3281 3560 correptus
3310 3501 3418 3557 est,
3445 3500 3501 3548 et

1920 3577 1978 3633 in
2020 3577 2452 3633 inohedientiam
2497 3579 2708 3648 lapsus,
2745 3580 2799 3633 iu
2847 3589 3049 3634 terram
3085 3589 3318 3636 matrem
3356 3581 3501 3636 unde

1921 3669 2226 3740 prodierat,
2255 3669 2475 3735 decidit,
2511 3677 2564 3724 et
2587 3671 2932 3739 corruptioni
2971 3672 3190 3728 demum
3227 3674 3501 3744 mortique

1920 3761 2223 3821 obnoxius,
2259 3761 2313 3815 in
2350 3763 2673 3818 universum
2707 3779 2879 3830 genus
2911 3763 3174 3820 damnum
3203 3768 3496 3824 transmit-

1921 3851 2022 3916 tit;
2057 3861 2346 3907 crescenle
2378 3868 2508 3907 vero
2544 3855 2600 3906 in
2635 3854 2799 3909 nobis
2833 3860 2887 3909 et
2926 3856 3296 3926 multiplicato
3330 3858 3500 3924 malo,

1919 3952 1975 4001 et
2004 3946 2190 3999 animo
2229 3953 2425 4000 nostro
2463 3962 2682 4017 semper
2714 3947 2769 4001 in
2803 3947 2962 4018 pejus
2994 3958 3212 4013 ruente.
3247 3952 3502 4020 regnavit

1922 4043 2236 4107 peccaturo,
2271 4044 2438 4108 atque
2487 4038 2562 4093 ita
2595 4039 2815 4094 demum
2852 4048 3054 4094 natura
3086 4039 3329 4096 hominis
3373 4057 3502 4111 spo-

1923 4129 2054 4182 liata
2077 4136 2162 4183 est
2180 4129 2523 4185 inhabitante
2538 4129 2765 4199 Spiritu.
2795 4148 2814 4182 ‹
2850 4128 3092 4200 Spiritus
3105 4131 3251 4186 enim
3270 4132 3502 4190 sanctus

1922 4218 2208 4287 sapientia:
2247 4219 2436 4274 dolum
2471 4222 2666 4292 fugiet,
2701 4239 2720 4273 ι
2770 4228 2829 4275 ut
2878 4221 3148 4291 scriptum
3186 4230 3291 4287 est,
3332 4241 3350 4275 ι
3399 4239 3502 4280 nec

1922 4306 2194 4362 habitabit
2247 4309 2302 4363 in
2357 4325 2589 4379 corpore
2635 4309 2861 4365 subdito
2895 4311 3137 4379 peccatis
3159 4309 3224 4364 ³⁷.
3278 4329 3297 4362 ι
3350 4310 3502 4377 Quo-

1923 4399 2070 4453 niam
2093 4415 2224 4471 ergo
2258 4401 2471 4472 primus
2503 4402 2676 4456 Adam
2709 4402 2946 4473 gratiam
2978 4402 3086 4457 sibi
3119 4419 3148 4456 a
3175 4403 3284 4459 Deo
3312 4405 3498 4460 datam

1924 4505 2033 4546 non
2060 4501 2397 4561 servaverat,
2432 4494 2734 4550 destinavit
2767 4494 2928 4550 nobis
2949 4495 3170 4550 coalitus
3197 4496 3500 4552 secundum

235 4587 357 4649 καὶ,
383 4587 486 4639 «ού
512 4587 827 4656 κατοικήσει
848 4586 906 4638 ἐν
931 4585 1143 4655 σώματι
1169 4585 1455 4656 κατάχρεῳ
1475 4587 1766 4657 ἁμαρτίας.
1795 4606 1814 4640 ι

1923 4582 2096 4637 Adam
2150 4584 2292 4640 Deus
2347 4599 2410 4640 ac
2458 4584 2643 4640 Pater.
2687 4585 2858 4638 Mittit
2905 4586 3050 4639 enim
3089 4585 3144 4639 in
3185 4587 3504 4641 similitudi-

249 4677 407 4730 Ἐπεὶ
435 4676 613 4728 τοίνυν
648 4677 676 4728 ὁ
705 4674 918 4746 πρῶτος
955 4675 1126 4746 Ἀδὰμ
1163 4675 1260 4745 τὴν
1299 4677 1449 4747 παρά
1483 4677 1616 4728 Θεοῦ
1647 4677 1810 4730 δοθεῖ-

234 4783 342 4817 σαν
391 4766 452 4818 οὐ
501 4764 724 4818 διέσωσε
757 4766 936 4835 χάριν,
980 4767 1271 4838 ἐπενόησεν
1301 4770 1433 4838 ἡμῖν
1481 4767 1540 4832 ἐξ
1588 4769 1815 4837 οὐρανοῦ

231 4856 330 4908 τὸν
360 4853 613 4923 δεύτερον
657 4853 828 4924 Ἀδάμ
859 4853 887 4905 6
925 4854 1057 4916 Θεὸς
1085 4855 1178 4908 καὶ
1208 4855 1414 4925 Πατήρ.
1452 4855 1665 4925 Πέμπει
1710 4856 1818 4926 γάρ

233 4948 319 5008 είς
361 4945 622 5015 ὁμοίωσιν
665 4945 764 5017 τὴν
799 4946 932 5022 πρὸς
962 4947 1110 5017 ἡμᾶς
1144 4946 1408 5015 ἀτρεπτόν
1441 4963 1500 4998 τε
1531 4947 1625 4999 καὶ
1663 4946 1821 5000 ἀναλ-

233 5038 460 5091 λοίωτον
479 5035 611 5090 ὅντα
635 5039 702 5108 τῇ
723 5036 880 5106 φύσει
897 5036 990 5090 τὸν
1017 5037 1147 5090 ἴδιον
1173 5036 1322 5100 Υίὸν,
1348 5036 1444 5089 καὶ
1467 5036 1528 5088 τὸ
1556 5037 1820 5107 ἁμαρτεῖν

232 5130 338 5182 οὐκ
370 5128 547 5182 είδότα
573 5128 868 5193 παντελῶς,
909 5129 995 5182 ἵνα
1024 5129 1272 5200 καθάπερ
1300 5127 1387 5182 διὰ
1412 5128 1510 5198 τῆς
1539 5127 1635 5181 τοῦ
1667 5127 1819 5197 πρὼο

239 5237 332 5272 του
372 5219 654 5289 παρακοῆς
686 5219 790 5272 ὑπὸ
818 5219 965 5273 θείαν
992 5220 1294 5290 γεγόναμεν
1330 5219 1518 5290 ὀργὴν,
1562 5220 1703 5272 οὕτω
1733 5219 1822 5273 διά

239 5315 336 5382 τῆς
364 5312 614 5382 ὑπακοῆς
637 5311 731 5366 τοῦ
754 5312 1028 5384 δευτέρου,
1056 5313 1151 5366 καὶ
1170 5312 1267 5380 τὴν
1289 5312 1425 5382 ἀράν
1445 5310 1817 5381 διαφύγωμεν,

236 5404 334 5455 καὶ
361 5402 432 5455 τά
468 5402 528 5466 ἐξ
567 5402 736 5468 αὐτῆς
761 5403 975 5474 ἀργήσῃ
1000 5403 1166 5457 κακά.
1210 5401 1426 5474 Ἐπειδὴ
1453 5403 1509 5456 δὲ
1533 5402 1819 5473 ἄνθρωπος

233 5497 463 5562 γέγονεν
496 5496 524 5546 6
563 5494 655 5548 τοῦ
680 5495 814 5548 Θεοῦ
841 5495 1032 5564 Λόγος,
1079 5495 1290 5565 δέχεται
1320 5495 1382 5548 τὸ
1412 5494 1634 5566 Πνεῦμα
1668 5496 1820 5568 παρὰ

236 5586 333 5640 τοῦ
371 5587 600 5657 Πατρδς,
625 5587 698 5649 ὡς
729 5581 808 5650 εἷς
834 5587 894 5651 ἐξ
917 5590 949 5658 ἡ
959 5587 1093 5657 μῶν,
1129 5587 1226 5657 οὐχ
1259 5585 1433 5656 ἐαυτῷ
1458 5605 1509 5640 τι
1527 5587 1818 5658 λαμϐάνων

238 5674 429 5737 ἰδικῶς
456 5690 471 5705 ⁶
507 5677 671 5739 αὐτὸς
713 5679 820 5749 γὰρ
862 5674 930 5749 ἦν
967 5678 995 5730 6
1040 5677 1134 5731 τοῦ
1183 5677 1500 5748 Πνεύματος
1545 5677 1778 5768 χορηγός
1802 5692 1814 5706 ⁸

316 5845 358 5874 ³⁵
396 5851 532 5910 Cen.
571 5872 628 5922 ιι,
653 5856 743 5911 25.

1923 4690 2046 4728 nem
2091 4677 2268 4730 nostri
2308 4692 2468 4732 suum
2498 4677 2700 4730 Filium
2733 4687 2929 4731 natura
2965 4693 3064 4732 sua
3092 4678 3420 4734 mutationis
3447 4688 3503 4734 et

1924 4766 2270 4822 alterationis
2299 4769 2574 4834 nescium,
2601 4776 2656 4822 et
2686 4768 2896 4836 peccati
2928 4783 3159 4837 prorsus
3189 4780 3499 4839 expertem,

1925 4869 1985 4913 ut
2021 4860 2485 4928 quemadmodum
2517 4876 2613 4930 per
2645 4861 3070 4916 inobedientiam
3105 4861 3267 4930 primi
3302 4862 3503 4918 divina:

1925 4945 2022 5001 irae
2057 4947 2296 5017 subjecti
2339 4948 2567 5016 fuimus,
2605 4949 2683 5023 ita
2722 4965 2820 5019 per
2857 4948 3223 5006 obedientiam
3275 4952 3504 5006 secundi

1923 5039 2372 5096 maledictionem
2428 5057 2650 5112 quoque
2701 5040 3012 5112 fugiamus,
3073 5049 3128 5095 et
3171 5041 3292 5110 ejus
3356 5043 3504 5096 mala

1923 5140 2143 5185 cessent
2175 5131 2240 5184 ³⁸.
2264 5132 2401 5186 Cum
2435 5141 2618 5187 autem
2663 5133 2830 5187 homo
2868 5133 3076 5187 factum
3110 5133 3183 5188 sit
3229 5132 3324 5189 Dei
3362 5133 3502 5190 Ver-

1921 5219 2084 5284 bum,
2120 5220 2388 5292 Spiritum
2425 5239 2456 5278 a
2484 5223 2646 5280 Patre
2681 5225 2906 5294 accipit,
2944 5233 3004 5278 ut
3048 5241 3192 5281 unus
3232 5241 3263 5280 e
3310 5227 3495 5293 nobis,

1921 5324 2029 5366 non
2071 5312 2176 5367 sibi
2221 5313 2430 5384 aliquid
2467 5315 2784 5384 specialiter
2829 5316 3107 5385 accipiens
3156 5316 3303 5386 (erat
3348 5319 3497 5374 enim

1921 5401 2037 5471 ipse
2070 5403 2308 5474 largitor
2361 5405 2646 5479 Spiritus),
2679 5411 2772 5465 sed
2825 5418 2885 5464 ut
2943 5417 3232 5481 acceptum
3287 5421 3498 5486 natura!

1927 5501 2130 5548 nostrae
2154 5507 2536 5564 conservaret,
2567 5508 2627 5554 ut
2675 5499 2860 5566 homo,
2894 5509 2950 5556 et
2977 5515 3176 5557 rursus
3227 5501 3498 5558 radicaret

1925 5584 1980 5638 in
2016 5585 2178 5641 nobis
2209 5577 2445 5659 gratiam
2477 5606 2601 5661 qua
2625 5602 2958 5661 recesserat,
2983 5594 3054 5659 is,
3080 5595 3176 5664 qui
3207 5600 3496 5663 peccatum

1922 5691 2032 5730 non
2065 5679 2240 5736 novit.
2288 5679 2442 5739 Hanc
2489 5682 2640 5740 enim
2673 5684 2746 5743 ob
2789 5699 3016 5744 causam
3066 5685 3324 5742 existimo
3367 5693 3498 5742 an»

840 5857 883 5888 ³⁸
915 5857 1050 5914 Gen.
1085 5871 1170 5924 ιιι,
1219 5857 1299 5914 l9.
1379 5857 1421 5888 ⁸⁷
1454 5856 1585 5928 Sap.
1631 5874 1667 5923 I,
1706 5857 1756 5912 5.
1837 5857 1881 5891 ³⁸
1927 5857 2164 5927 RomJ,
2213 5862 2301 5918 18¢
