4222 6510
255 385 357 440 εοο

259 503 423 554 (Οὐκ
479 505 597 575 εἰμὶ
649 507 772 580 γὰρ,
828 514 1009 583 φησὶν,
1069 518 1270 588 ἱκανὸς,
1317 523 1403 578 ἵνα
1444 527 1622 598 κύψας

253 595 344 647 τόν
376 593 570 662 ἱμάντα
603 599 710 654 τῶν
741 602 1102 675 ὑποδημάτων
1134 611 1316 669 αὑτοῦ.
1357 634 1374 666 ι
1424 616 1554 673 Εἶτα
1585 623 1701 687 πῶς
1731 626 1831 678 οὐκ

256 683 474 750 ἄτοπον,
507 688 707 758 μᾶλλον
749 691 804 746 δὲ
831 694 931 767 ήδη
961 699 1054 751 καὶ
1090 702 1309 770 ἀσεϐὲς,
1350 707 1603 782 Ἰωάννην
1634 683 1731 784 μέν
1769 717 1831 769 ἐκ

258 775 463 841 κοιλίας
490 777 569 832 ἔτι
598 783 803 854 μητρὸς
839 787 1024 854 αὑτοῦ,
1061 792 1376 865 Πνεῦματος
1414 775 1830 874 ἀναπεπλῆσθαι

252 867 348 920 τοῦ
394 871 550 938 ἁγίου
603 876 901 942 πιστεύειν,
951 881 1038 935 διὰ
1087 885 1148 938 τὸ
1186 887 1327 943 οὕτω
1353 893 1658 964 γεγράφθαι
1703 902 1832 971 περὶ

255 957 421 1010 αὑτοῦ
447 976 458 986 ·
507 961 597 1015 τὸν
627 962 683 1016 δὲ
713 967 924 1033 τούτου,
962 973 1162 1041 μᾶλλον
1191 977 1247 1030 δὲ
1276 980 1390 1034 ἀπά
1443 1001 1531 1037 ῖων
1555 987 1830 1060 Δεσπότην

255 1049 350 1100 καὶ
383 1050 588 1122 Κύριον
616 1055 736 1108 τότε
767 1060 984 1130 πρῶτον
1015 1066 1220 1121 οἴεσθαι
1255 1071 1315 1124 τὸ
1364 1074 1586 1146 Πνεῦμα
1621 1049 1826 1148 λαϐεῖν,

252 1137 341 1191 ὅτε
384 1142 476 1194 καὶ
524 1144 865 1217 ὲόαπτίξετο,
915 1154 1086 1210 καίτοι
1129 1159 1223 1212 τοῦ
1257 1162 1412 1231 ἁγίου
1447 1166 1694 1235 λέγοντος
1727 1173 1766 1226 Γ
1768 1193 1828 1227 α-

253 1230 412 1301 ϐριὴλ
458 1235 590 1306 πρὸς
639 1239 736 1310 τήν
781 1243 938 1312 ἁγίαν
983 1249 1258 1320 Παρθένον
1285 1230 1315 1284 '7
1359 1276 1376 1308 ι
1403 1230 1625 1331 Πνεῦμα
1673 1230 1828 1334 ἁγιον

251 1323 602 1381 ἐπελεύσεται
631 1331 721 1384 ἐπὶ
754 1335 832 1398 σὲ,
863 1339 954 1391 καὶ
973 1340 1198 1413 δύναμις
1239 1347 1490 1417 Ὑψίστου
1517 1357 1825 1414 ἐπισκιάσει

251 1430 334 1465 σοι
357 1432 371 1446 ·
418 1417 496 1470 διὸ
530 1421 623 1472 καὶ
647 1421 706 1475 τὸ
732 1427 1067 1498 γεννώμενον
1094 1433 1157 1486 ἐκ
1187 1436 1280 1488 σοῦ
1303 1437 1476 1508 ἆγιον,
1496 1444 1824 1516 κληθήσεται

249 1505 379 1568 Υἱὸς
408 1506 564 1562 Θεοῦ.
596 1529 612 1559 ι
653 1514 760 1565 Καὶ
785 1515 964 1584 ὁράτω
988 1537 1077 1588 μοι
1111 1523 1270 1577 πάλιν
1295 1527 1322 1578 6
1350 1505 1671 1604 ιριλομαθῆς,
1694 1536 1825 1606 ὅσην

245 1596 274 1645 6
302 1596 459 1664 λόγος
492 1599 670 1653 ώδίνει
705 1607 804 1674 τὴν
839 1606 1064 1665 ἔννοιαν.
1096 1614 1232 1686 Περὶ
1268 1619 1367 1688 μὲν
1407 1622 1516 1694 γάρ
1577 1627 1823 1682 Ἰωάννου

246 1687 434 1790 fecit),
467 1689 547 1741 ὅτι
581 1693 893 1764 Πνεύματος
914 1699 1070 1767 ἁγίου
1099 1687 1507 1778 πλησθήσεταιί
1544 1715 1693 1771 δοτὺν
1716 1719 1822 1790 γὰρ

1193 1771 1203 1776 _
1299 1771 1309 1778 _
1726 1771 1737 1788 ,
1763 1771 1813 1790 νγ

242 1771 310 1846 ἦν
333 1779 390 1830 ὲν
422 1781 588 1852 αὐτῷ,
621 1785 716 1838 καὶ
741 1787 837 1840 οὐκ
868 1790 1122 1858 οὐσιῶδες
1149 1798 1207 1850 τὸ
1233 1798 1386 1867 ἅγιον
1413 1805 1656 1878 Πνεῦμα.
1685 1812 1821 1883 Περὶ

242 1867 300 1921 δὲ
326 1870 418 1922 τοῦ
446 1872 713 1944 Σωτῆρος,
733 1879 915 1932 οὐκέτι
943 1883 1022 1948 τὸ,
1046 1885 1432 1960 πλησθήσεται,
1453 1895 1617 1964 λέγει·
1643 1902 1820 1967 καλῶς

243 1977 308 2027 γε
346 1965 547 2035 σςόδρα
575 1967 729 2033 νοῶν,
759 1969 872 2022 ἀλλ’
901 1974 978 2027 ὅτι
1022 1977 1081 2029 τὸ
1113 1981 1451 2052 γεννώμενον
1485 1988 1660 2057 ἅγιον,
1701 1995 1818 2048 οὐδὲ

239 2052 303 2103 τό
326 2053 475 2107 ἔσται
507 2059 922 2128 προστεθεικώς·
959 2062 1026 2137 ἦν
1060 2070 1165 2142 γὰρ
1197 2073 1282 2127 ἀεὶ
1308 2076 1464 2132 τοῦτο
1491 2083 1630 2136 κατὰ
1657 2087 1817 2154 φύσιν

238 2141 316 2205 ὡς
349 2143 500 2208 Θεός.
559 2149 776 2222 Ἐπειδὴ
823 2153 880 2207 δὲ
927 2155 1078 2229 οἶμαι
1136 2167 1432 2238 προσήκειν
1485 2177 1816 2245 πανταχόθεν

237 2233 389 2301 ἡμᾶς
411 2235 676 2306 θηρᾶσθαι
709 2243 768 2295 τὸ
801 2245 1062 2314 ὠφελοῦν,
1095 2233 1522 2332 παρενεχθείσης
1551 2233 1696 2330 ἅπαξ
1720 2267 1816 2338 τῆς

235 2324 332 2376 τοῦ
369 2328 708 2399 ἀρχαγγέλου
762 2341 964 2410 φωνῆς,
1011 2343 1145 2415 φέρε
1191 2347 1284 2402 καὶ
1333 2353 1413 2414 είς
1459 2355 1621 2408 αὑτὸν
1662 2359 1815 2427 ὀλίγα

236 2421 627 2492 γυμνά-σωμεν.
681 2445 696 2476 ι
733 2427 974 2500 Πνεῦμα,
1027 2437 1212 2506 φησὶν,
1269 2441 1422 2509 ἅγιον
1464 2446 1813 2504 ἐπελεύσεται

235 2511 330 2560 ἐπὶ
365 2511 442 2573 σὲ,
477 2515 570 2566 καὶ
599 2515 824 2588 δύναμις
860 2523 1112 2592 Ὑψίστου
1149 2531 1455 2589 ἐπισκιάσει
1490 2556 1591 2590 σοι·
1618 2541 1697 2594 διὸ
1721 2547 1813 2598 καὶ

234 2601 298 2652 τὸ
323 2603 657 2676 γεννώμενον
687 2613 750 2664 ὲκ
783 2613 877 2666 σοῦ
910 2616 1082 2685 ἅγιον,
1113 2621 1438 2695 κληθήσεται
1464 2630 1588 2695 Υἱὸς
1616 2633 1805 2690 Θεοῦ.»

233 2692 457 2759 Λεγέτω
481 2696 660 2751 τοίνυν
681 2701 812 2770 ἡμῖν
838 2705 866 2756 ὁ
899 2706 961 2760 ἐκ
994 2709 1192 2780 πολλῆς
1225 2692 1466 2784 ἀμαθίας
1491 2692 1600 2786 τοῖς
1633 2725 1812 2796 ὀρθοῖς

230 2785 333 2854 τῆς
382 2785 704 2860 Ἑκκλησίας
737 2795 1046 2852 ἀντιτείνων
1082 2801 1352 2874 δόγμασι,
1409 2813 1635 2884 πότερόν
1682 2836 1812 2872 ποτε

231 2875 331 2927 καὶ
375 2879 480 2947 πρὸ
514 2883 612 2950 τῆς
654 2885 1117 2960 ὲνανθρωπήσεως
1152 2897 1280 2961 Υἱὸς
1312 2895 1378 2970 ἦν
1423 2905 1450 2954 6
1497 2906 1668 2974 Λόγος
1718 2913 1808 2965 τοῦ

230 2966 370 3020 Θεοῦ
397 2971 488 3023 καὶ
524 2973 754 3045 Πατρδς,
784 2980 815 3048 ἢ
848 2983 905 3032 ὲν
936 2983 1115 3052 μόνοις
1142 2991 1252 3050 τοῖς
1280 2992 1537 3061 ὀνόμασιν
1571 2997 1680 3068 εἶχε
1713 3002 1810 3074 τὴν

228 3057 411 3123 δόξαν,
443 3062 594 3128 νόθος
618 3064 672 3119 δὲ
697 3063 784 3138 ἦν,
810 3074 902 3124 καὶ
932 3072 1299 3149 ψευδώνυμος.
1418 3087 1515 3156 μὲν
1544 3057 1652 3161 γάρ
1677 3057 1811 3160 ὅλως

228 3149 332 3201 οὐκ
364 3147 503 3204 εἷναί
531 3172 696 3225 φησιν
729 3160 875 3225 Υἱὸν,
922 3167 1215 3237 ἀρνήσεται
1240 3173 1330 3226 τὸν
1361 3176 1581 3250 Πατέρα
1608 3197 1619 3210 ·
1665 3183 1809 3249 τίνος

229 3243 339 3312 γὰρ
372 3244 520 3299 ἔσται
571 3250 779 3322 Πατὴρ,
833 3256 931 3310 οὐκ
986 3258 1135 3326 ὄντος
1185 3264 1359 3330 Υίοῦ;
1426 3270 1688 3342 Φρονήσει
1743 3277 1800 3329 δὲ

229 3334 472 3400 ἁπάσαις
504 3340 569 3392 τὰ
597 3344 811 3397 ἐναντία
844 3351 961 3410 ταῖς
989 3349 1158 3416 θείαις
1195 3355 1458 3428 Γραφαῖς.
1508 3364 1570 3416 ΕΞ
1600 3365 1654 3419 δὲ
1679 3368 1807 3422 Υίὺν

224 3426 485 3496 ὁμολογεῖ
512 3432 604 3484 καὶ
634 3434 744 3504 πρὸ
772 3437 868 3507 τῆς
905 3440 1144 3513 ὲνανθρω
1157 3426 1366 3517 πήσεως
1395 3453 1485 3506 τὸν
1513 3454 1639 3509 Υίὸν
1668 3454 1805 3514 εἴναί

224 3535 284 3569 τε
325 3520 416 3571 καὶ
457 3521 730 3591 λέγεσθαι,
772 3529 891 3594 πῶς
929 3534 1059 3603 ἡμῖν
1097 3537 1123 3587 6
1157 3538 1494 3610 ἀρχάγγελος
1520 3547 1577 3600 τὸ
1611 3551 1804 3621 τεχθή-

225 3609 418 3661 σεσθαι
460 3613 652 3678 μέλλον
679 3617 765 3670 διὰ
795 3621 896 3690 τῆς
923 3623 1083 3692 ἁγίας
1117 3609 1414 3700 Παρθένου,
1437 3609 1803 3707 κληθήσεισθάί

222 3717 391 3772 φησιν
422 3703 547 3759 Υίὸν
577 3708 734 3773 Θεοῦ,
767 3713 943 3767 καίτοι
975 3716 1130 3770 τοῦτο
1159 3721 1251 3774 καὶ
1278 3723 1443 3779 πάλαι
1475 3727 1614 3782 κατὰ
1642 3731 1802 3800 φύσιν

221 3793 580 3864 ὑπάρχοντα;
623 3799 832 3872 ’Ὠσπερ
863 3799 956 3858 οῦν
1002 3807 1186 3872 ἀϊδίως
1219 3812 1476 3884 ὑπάρχων
1509 3819 1650 3887 μετὰ
1690 3823 1802 3876 Πα-

217 3885 349 3956 τρδς
373 3890 401 3940 6
430 3890 576 3958 Υἱὸς,
607 3892 682 3956 ὡς
712 3895 887 3968 ἀρχὴν
911 3898 1046 3969 ἔχων
1072 3901 1165 3955 τοῦ
1201 3900 1361 3971 εἶναι,
1397 3885 1537 3966 κατὰ
1578 3914 1668 3968 τὸν
1703 3917 1799 3988 τῆς

219 3977 555 4047 σαρκώσεως
602 3985 792 4056 χρόνον
841 3989 969 4054 Υἱὸς
1000 3993 1240 4065 ὁρίζεται
1272 3998 1440 4067 Θεοῦ,
1491 4003 1578 4059 διὰ
1610 4007 1668 4058 τὸ
1703 4025 1799 4060 πε-

218 4071 447 4139 φηνέναι
480 4074 616 4143 μετὰ
653 4076 904 4148 σώματος
923 4085 1013 4146 είς
1046 4085 1136 4139 τὸν
1167 4089 1369 4160 κόσμον
1395 4109 1407 4123 ο
1456 4093 1628 4160 οὕτως
1659 4097 1797 4168 ἔχων

214 4159 491 4224 οὐσιωδῶς
536 4165 592 4216 ἐν
635 4165 810 4237 ἐαυτῷ
839 4168 901 4222 τὸ
933 4169 1060 4224 ἴδιον
1092 4159 1316 4248 Πνεῦμα
1336 4219 1351 4244 ,
1386 4180 1682 4253 λαμϐάνειν
1723 4187 1796 4250 ώς

216 4249 506 4321 ἅνθρωπος
551 4253 790 4324 λέγεται,
834 4260 1112 4328 διασώζων
1155 4270 1223 4339 τῇ
1270 4249 1650 4347 ἀνθρωπότητι
1699 4279 1797 4351 τὴν

213 4342 355 4414 αὐτῇ
386 4345 701 4415 πρέπουσαν
742 4351 914 4417 τάξιν,
958 4356 1050 4408 καὶ
1093 4358 1190 4411 σὺν
1227 4361 1362 4434 αὐτῇ
1391 4365 1458 4417 τὰ
1487 4370 1622 4440 αὐτῇ
1657 4373 1795 4441 πρέ-

212 4451 389 4488 ποντα
428 4437 495 4489 δι’
531 4440 678 4509 ἡμᾶς
722 4443 1089 4515 οἰκειούμενος
1113 4464 1127 4478 ’
1178 4450 1294 4515 πῶς
1321 4454 1365 4506 δ’
1405 4456 1470 4510 ἂν
1516 4461 1606 4512 καὶ
1638 4461 1792 4528 ὅλως,

1264 406 1327 462 ΙΝ
1368 409 1652 470 JOANNIS
1691 417 2137 474 EVANGELIUM
2181 425 2305 479 ΗΒ.
2350 429 2412 484 ll.

3403 454 3506 512 eia

1685 526 1828 584 λύσω
1859 535 1900 591 Λ
1932 534 2159 591 credere
2179 537 2448 597 Joannem
2479 543 2548 599 ab
2575 552 2732 602 ulero
2760 553 2954 610 matris
2979 570 3092 611 suae
3122 557 3329 628 Spiritu
3351 566 3508 636 125

1933 633 2130 679 sancto
2165 629 2455 698 repletum,
2491 645 2780 706 propterea
2811 641 2957 710 quod
3005 645 3079 699 ita
3117 629 3507 719 scriptun—17237.

1931 716 1998 771 dc
2027 717 2186 787 ipso;
2231 721 2395 790 hujus
2435 741 2583 793 vero,
2623 728 2732 784 imo
2774 733 3156 792 universorum
3199 745 3383 812 potius
3410 745 3507 800 Do-

1931 808 2165 873 minum,
2199 814 2520 871 existimare
2555 827 2685 876 tunc
2715 823 2952 892 primum
2991 834 3272 900 accepisse
3326 835 3504 906 Spiri-

1931 905 2067 966 tum,
2102 917 2225 956 cum
2260 905 2575 976 baptizatus
2613 923 2724 978 est,
2764 915 2889 971 licet
2920 931 3145 977 sanctus
3186 905 3403 983 Gabriel
3435 930 3502 985 ad

1929 1003 2183 1050 sanctam
2216 996 2496 1070 Virginem
2530 1003 2675 1058 dicat
2703 1025 2716 1060 :
2740 1026 2757 1058 ι
2790 1008 3031 1079 Spiritus
3067 1023 3298 1074 sanctus
3318 1035 3503 1090 super-

1928 1086 2113 1142 veniet
2154 1089 2210 1144 in
2241 1100 2315 1157 te,
2345 1101 2399 1150 et
2435 1095 2612 1152 virtus
2661 1099 2930 1158 Altissimi
2974 1105 3330 1166 ohumbrabit
3366 1086 3498 1169 tibi:

1927 1176 2163 1250 ideoque
2201 1191 2254 1237 et
2286 1186 2433 1255 quod
2486 1197 2748 1245 nascetur
2775 1207 2842 1247 ex
2884 1202 2937 1250 te
2968 1206 3244 1266 sanctum,
3278 1203 3502 1258 vocabi-
3600 1236 3604 1239 ~

1929 1278 2020 1323 tur
2042 1270 2214 1328 Filius
2247 1274 2338 1330 Dei
2367 1277 2433 1333 ⁸⁸.
2471 1299 2488 1331 ι
2515 1278 2760 1346 Quorum
2784 1284 3074 1342 verborum
3113 1307 3336 1346 sensum
3358 1295 3505 1364 quis-

1926 1363 2053 1432 quis
2087 1375 2178 1418 est
2225 1367 2474 1424 discendi
2526 1374 2763 1443 cupidus
2816 1381 3140 1448 perpendat.
3185 1383 3261 1438 De
3293 1363 3502 1442 Joanne

1926 1455 2075 1508 enim
2107 1453 2318 1526 Spiritu
2349 1469 2542 1518 sancto
2562 1466 2826 1534 repletum
2854 1470 2920 1524 iri
2949 1471 3056 1526 ait:
3083 1474 3136 1528 in
3156 1475 3276 1546 ipso
3299 1479 3503 1549 quippe

1925 1555 2044 1602 crat
2087 1564 2150 1604 ex
2199 1566 2447 1619 munere,
2491 1571 2599 1610 non
2630 1558 3074 1620 substantialiter
3116 1577 3346 1626 sanctus
3390 1570 3505 1641 Spi-

1926 1639 2089 1696 ritus.
2140 1641 2216 1698 De
2266 1644 2554 1702 Salratore
2595 1664 2745 1714 vero,
2788 1667 2900 1707 non
2944 1654 3056 1723 jam
3112 1659 3379 1728 repletum
3434 1639 3502 1714 iri

1925 1731 2056 1786 dicit
2093 1749 2106 1783 :
2137 1737 2399 1803 praeclare
2421 1753 2595 1806 sane;
2635 1742 2726 1798 sed
2755 1745 2904 1813 quod
2937 1758 3217 1811 nascetur,
3249 1758 3500 1805 sanctum

1923 1836 2080 1889 esse;
2140 1841 2319 1896 neque
2371 1829 2489 1884 fore
2533 1831 2744 1887 addidit
2782 1852 2796 1888 :
2834 1844 3060 1893 sanctus
3107 1839 3254 1893 enim
3302 1849 3501 1897 natura

1922 1927 2141 1984 semper
2173 1916 2296 1980 fuit,
2335 1933 2442 1988 qua
2471 1920 2638 1978 Deus.
2682 1923 2879 1979 Verum
2921 1930 3182 1998 quoniam
3210 1931 3365 1987 decet
3399 1949 3499 1988 nos

1921 2006 2163 2077 undique
2201 2013 2386 2067 venari
2421 2015 2568 2084 quod
2613 2017 2667 2070 in
2700 2032 2812 2072 rem
2864 2020 2955 2086 sit,
2996 2024 3294 2092 propositis
3327 2028 3495 2082 semel

1919 2099 2096 2168 angeli
2120 2102 2321 2169 verbis,
2343 2105 2574 2174 agedum
2601 2124 2662 2164 ea
2687 2111 2877 2179 paucis
2907 2112 3300 2182 expendamus.
3327 2134 3345 2167 ι
3371 2115 3496 2188 Spi-

1919 2187 2084 2253 ritus,
2140 2189 2353 2260 inquit,
2403 2205 2632 2252 sanctus
2682 2202 3034 2270 superveniet
3068 2203 3123 2258 in
3169 2212 3240 2270 te,
3275 2215 3330 2262 et
3383 2187 3496 2263 vir-

1920 2285 2006 2332 tus
2055 2279 2328 2337 Altissimi
2356 2285 2703 2344 ohumbrabit
2745 2291 2862 2347 tibi.
2893 2291 3133 2364 Ideoque
3169 2297 3310 2366 quod
3343 2313 3410 2353 ex
3443 2308 3497 2356 te

1918 2374 2176 2424 nascetur
2226 2381 2502 2438 sanctum,
2561 2377 2850 2434 vocabitur
2907 2379 3079 2439 Filius
3118 2383 3236 2440 Dei.
3281 2404 3301 2439 ι
3337 2385 3497 2442 Dicat

1915 2473 2050 2531 ergo
2090 2463 2270 2529 nobis,
2303 2465 2397 2535 qui
2432 2482 2543 2536 prae
2565 2471 2738 2525 multa
2772 2471 2993 2528 inscitia
3032 2477 3200 2532 rectis
3234 2478 3498 2537 Ecclesia:

1915 2550 2191 2621 dogmatis
2231 2554 2580 2623 adversatur,
2625 2567 2811 2616 utrum
2853 2563 3019 2619 etiam
3065 2573 3192 2622 ante
3233 2569 3494 2629 incarna-

1916 2644 2122 2697 tionem
2156 2642 2334 2702 Filius
2368 2658 2516 2706 esset
2538 2648 2784 2706 Verbum
2812 2652 2909 2710 Dei
2934 2670 3002 2712 ac
3026 2655 3226 2727 Patris,
3258 2668 3353 2716 aut
3372 2662 3492 2718 solo

1916 2734 2135 2789 nomine
2184 2743 2343 2794 tenus
2385 2739 2617 2810 gloriam
2665 2743 2818 2799 illam
2868 2746 3116 2816 haberet,
3150 2765 3216 2807 ac
3266 2732 3491 2823 spurius

1914 2832 2082 2888 esset,
2123 2825 2377 2898 falsoque
2429 2829 2606 2887 Filius
2639 2847 3020 2907 nuncupatus.
3061 2839 3118 2895 Si
3147 2842 3294 2896 enim
3323 2845 3490 2914 plane

1913 2914 2112 2972 Filium
2155 2935 2281 2976 esse
2329 2931 2512 2992 negat,
2550 2923 2767 2982 Patrem
2800 2930 3022 3000 negabit
3055 2949 3070 2988 :
3105 2932 3291 3004 (cujus
3341 2937 3490 2992 enim

1913 3006 2073 3064 Pater
2101 3013 2232 3077 erit,
2263 3013 2307 3067 si
2333 3029 2445 3069 non
2476 3016 2550 3071 sit
2576 3015 2816 3091 Filius?)
2851 3028 2906 3076 et
2938 3025 3263 3080 sententiam
3299 3025 3490 3084 aﬂeret

1914 3099 2128 3156 cunctis
2163 3100 2365 3158 divinis
2408 3103 2712 3177 Scripturis
2755 3113 3115 3172 contrariam.
3144 3113 3255 3182 _Sin
3303 3126 3488 3174 autem

1837 3221 1882 3284 ο
1917 3189 2114 3247 Filium
2167 3195 2335 3284 etiam
2373 3207 2504 3256 ante
2552 3200 2989 3262 incarnationem
3036 3210 3239 3264 fatetur
3283 3209 3487 3267 Filium

1911 3296 2032 3336 esse
2073 3296 2137 3336 ac
2166 3281 2300 3350 dici,
2345 3288 2625 3356 quomodo
2663 3291 2822 3346 nobis
2852 3295 3222 3368 archangelus
3254 3297 3307 3353 id
3338 3299 3487 3369 quod

1909 3387 2004 3440 per
2039 3371 2321 3444 Virginem
2378 3378 2526 3432 nasci
2573 3379 2805 3435 debebat
2846 3381 3045 3438 Filium
3091 3385 3186 3442 Dei
3233 3398 3483 3444 vocatum

1909 3462 1971 3517 iri
2005 3465 2102 3529 ait,
2136 3467 2393 3536 quamvis
2425 3468 2479 3523 id
2514 3471 2680 3525 etiam
2722 3473 2852 3526 olim
2882 3477 3186 3532 secundum
3226 3487 3482 3537 naturam

1905 3556 2237 3613 exsisteret?
2267 3559 2740 3625 Quemadmodum
2775 3565 2944 3636 igitur
2985 3569 3054 3623 ab
3087 3577 3297 3625 aeterno
3329 3576 3481 3630 exsi-

1905 3656 2058 3703 slens
2100 3663 2226 3704 cum
2271 3650 2435 3708 Patre
2469 3652 2663 3722 Filius,
2695 3663 2754 3708 ut
2798 3659 3104 3714 exsistendi
3144 3662 3478 3734 principium

1905 3740 2114 3797 habens
2146 3742 2549 3802 incarnationis
2583 3757 2827 3820 tempore
2853 3749 3024 3808 Filius
3061 3751 3153 3808 Dei
3189 3757 3475 3821 statuitur,

1903 3842 2193 3915 propterea
2237 3836 2386 3905 quod
2412 3852 2538 3891 cum
2570 3853 2804 3909 corpore
2827 3843 2882 3896 in
2919 3842 3024 3898 hoc
3064 3845 3270 3902 mundo
3303 3861 3475 3919 appa-

1901 3926 2051 3980 ruit:
2085 3910 2162 3979 ita
2217 3927 2345 3982 licet
2389 3925 2662 3996 Spiritum
2707 3945 2870 3986 suum
2918 3931 3116 3989 habeat
3161 3937 3219 3990 in
3267 3910 3471 4007 sei-ps0,

1900 4030 2026 4072 eum
2057 4024 2240 4072 tamen
2286 4019 2536 4089 accipere
2559 4019 2785 4086 dicitur,
2815 4029 2874 4076 ut
2916 4023 3100 4090 homo,
3134 4028 3469 4084 conveniet:-

1899 4117 2007 4162 tem
2045 4109 2275 4178 gradum
2305 4123 2534 4166 servans
2577 4110 2927 4179 humanitati,
2955 4123 3009 4168 et
3042 4131 3148 4170 una
3176 4131 3298 4171 cum
3348 4119 3468 4188 ipsa

1898 4212 2020 4268 quae
2044 4198 2092 4252 ei
2118 4200 2454 4255 conveniunt
2481 4209 2707 4272 propter
2737 4217 2840 4258 nos
2865 4204 2971 4259 sibi
2993 4207 3295 4264 asciscens.
3322 4209 3470 4274 Quo—

1899 4288 2065 4344 modo
2100 4304 2250 4355 vero,
2289 4303 2478 4360 quaeso
2514 4296 2588 4355 te,
2624 4291 2831 4361 absque
2848 4293 3072 4363 proprio
3097 4293 3306 4364 Spiritu
3335 4295 3470 4352 Ver-

1897 4379 2028 4434 bum
2069 4380 2728 4452 intelligetur?Nunquid
2766 4383 2912 4437 enim
2974 4384 3275 4443 absurdum
3319 4398 3468 4444 esset

1896 4468 2083 4524 dicere
2111 4469 2349 4524 hominis
2373 4471 2630 4540 spiritum
2657 4474 2725 4526 ab
2751 4472 2974 4528 homine
3000 4484 3315 4544 separatum
3343 4493 3468 4533 esse

211 4526 341 4596 δίχα
388 4528 517 4581 ποτὲ
556 4531 647 4584 τοῦ
682 4532 810 4586 ξδίου
847 4535 1156 4607 Πνεῦματος
1201 4545 1228 4596 6
1258 4546 1428 4614 Λόγος
1466 4551 1668 4619 νοοῖτο;
1721 4557 1790 4609 Ἢ

1899 4561 2112 4615 ratione
2162 4571 2396 4626 naturae,
2433 4571 2489 4617 et
2535 4563 2751 4634 integra
2815 4563 3154 4634 perfectione
3207 4568 3465 4626 animalis

213 4618 327 4688 γὰρ
373 4619 473 4671 οὐκ
529 4621 728 4674 ἄτοπον
783 4625 1070 4696 ἀνθρώπου
1126 4637 1455 4705 κεχωρίσθαι
1507 4618 1683 4710 λέγειν
1730 4646 1790 4699 τὸ

213 4708 437 4778 πνεῦμα
464 4710 524 4762 τὸ
554 4714 611 4762 ὲν
645 4714 812 4784 αὐτῷ,
863 4719 1001 4772 κατά
1040 4738 1100 4773 τε
1145 4723 1236 4777 τὸν
1265 4727 1364 4796 τῆς
1396 4729 1608 4795 φύσεως
1642 4735 1786 4805 ὅρον,

213 4801 310 4852 καὶ
339 4801 419 4863 εἰς
446 4801 734 4873 ὁλόκληρον
760 4805 854 4858 τοῦ
895 4805 1034 4869 ζώου
1078 4811 1167 4864 τὸν
1214 4814 1590 4890 ἁπαρτισμόν;
1649 4801 1788 4879 ‘AD.’

209 4889 368 4962 οἶμαι
399 4894 563 4946 πᾶσιν
608 4895 871 4967 ὑπάρχειν
920 4902 1077 4956 τοῦτο
1111 4909 1604 4975 καταφανέστατον.
1653 4917 1787 4973 Τίνα

207 4982 273 5052 δὴ
298 4976 393 5034 οῦν
418 4985 618 5053 τρόπον
650 4988 1059 5063 ἁπομεριοῦμεν
1087 4996 1146 5048 τὸ
1174 4998 1395 5070 Πνεῦμα
1423 5004 1516 5056 τοῦ
1554 5007 1702 5074 Υἱοῦ,
1727 5012 1788 5065 τὸ

207 5073 387 5136 οὕτως
412 5075 742 5146 ἐμπεφυκὸς,
771 5083 864 5134 καὶ
895 5085 1165 5150 οῦσιωδῶς
1193 5089 1490 5159 ἡνωμένον,
1522 5096 1591 5149 δι’
1621 5101 1786 5162 αὑτοῦ

205 5180 270 5215 τε
315 5164 650 5233 προκῦπτον,
693 5171 789 5223 καὶ
841 5172 1084 5244 ὑπάρχον
1137 5179 1194 5230 ὲν
1227 5181 1373 5252 αὑτῷ
1417 5181 1677 5258 φυσικῶς,
1713 5193 1788 5260 ὡς

209 5256 381 5325 μηδὲν
408 5256 592 5327 ἕτερον
623 5256 762 5314 εἶναι
795 5265 1105 5333 νομίζεσθαι
1133 5274 1261 5341 παρ’
1295 5275 1473 5343 αὑτὸν,
1498 5279 1586 5335 διά
1611 5256 1670 5338 τε
1689 5256 1789 5358 τὴν

204 5348 308 5416 τῆς
351 5349 628 5419 ἐνεργείας
679 5353 1000 5427 ταυτότητα,
1053 5363 1146 5415 καὶ
1192 5365 1321 5418 αὐτὸ
1347 5367 1408 5421 τὺ
1446 5371 1544 5441 τῆς
1573 5348 1786 5443 φύσεως

203 5439 649 5510 ἀπαράλλακτον;
695 5447 892 5500 Ἀκουε
942 5449 1005 5518 δὴ
1047 5452 1100 5504 τί
1151 5472 1315 5525 φησιν
1355 5460 1382 5511 ὁ
1417 5439 1603 5536 Σωτὴρ
1653 5439 1785 5539 πρὸξ

199 5528 335 5590 τοὺς
367 5529 561 5583 ἑαυτοῦ
594 5533 840 5606 μαθητάς
867 5554 880 5569 ·
924 5556 942 5590 ι
964 5541 1088 5595 Ἐὰν
1113 5547 1364 5612 ἀγαπᾶτέ
1393 5567 1480 5620 με,
1510 5554 1607 5618 τὰς
1640 5559 1785 5613 ἐντο-

201 5621 303 5681 λάς
353 5637 452 5688 μου
497 5625 803 5696 τηρήσητε,
833 5631 987 5700 κάγὼ
1025 5633 1286 5706 ἐρωτήσω
1325 5641 1416 5696 τὸν
1434 5644 1669 5718 Πατέρα,
1695 5654 1783 5707 καὶ

281 5796 327 5824 ⁸³
359 5794 492 5856 Luc.
532 5817 568 5868 ι,
600 5803 687 5859 5.3.
766 5807 810 5839 “
839 5806 996 5865 Joau.
1041 5828 1150 5878 xw,
1197 5815 1278 5882 l5,
1320 5819 1408 5875 {6.

1895 4656 2148 4710 servata?
2179 4653 2336 4711 Patet
2366 4657 2440 4720 id,
2471 4656 2688 4726 opinor,
2712 4658 2912 4714 cuivis.
2941 4659 3060 4724 Quo
3091 4667 3259 4728 pacto
3302 4661 3468 4732 igitur

1899 4747 2287 4815 separabimus
2338 4747 2604 4816 Spiritum
2651 4763 2681 4802 a
2733 4747 2896 4814 Filio,
2934 4749 3016 4804 sic
3050 4751 3297 4805 innatum
3334 4753 3384 4806 ei
3413 4765 3468 4807 et

1897 4835 2340 4891 substantialitcr
2392 4835 2642 4901 unitum,
2694 4837 2854 4908 126
2891 4838 3094 4908 quique
3146 4853 3245 4909 per
3276 4839 3466 4909 ipsum

1895 4925 2096 4995 prodit,
2134 4935 2189 4986 et
2225 4927 2277 4980 in
2327 4927 2447 4994 ipso
2487 4929 2815 4983 naturaliter
2849 4929 3087 4993 exsistit,
3120 4930 3192 4984 ita
3231 4940 3289 4984 ut
3331 4932 3469 4986 nihil

1895 5017 2041 5071 aliud
2088 5033 2211 5072 esse
2260 5026 2486 5087 putetur
2537 5021 2604 5074 ab
2654 5020 2796 5089 ipso,
2856 5031 3078 5090 propter
3127 5021 3467 5091 operationis

1895 5107 2257 5173 identilatcm,
2293 5100 2348 5164 Et
2388 5104 2564 5180 ipsam
2599 5111 2974 5166 omnimodam
3015 5119 3224 5168 natura:
3267 5114 3466 5168 simili-

1894 5196 2163 5252 tudinem.
2218 5198 2359 5253 Audi
2407 5215 2541 5270 ergo
2600 5200 2862 5268 quidnam
2915 5200 3170 5256 Salvator
3208 5201 3277 5254 ad
3330 5217 3463 5260 suos

1893 5288 2194 5359 discipulos
2229 5290 2376 5359 dicat
2411 5310 2462 5344 ει
2497 5290 2554 5346 Si
2589 5291 2818 5361 diligitis
2869 5307 2978 5355 me,
3035 5292 3295 5346 mandata
3343 5309 3464 5349 mea

1896 5388 2110 5434 servate
2143 5399 2156 5433 :
2190 5388 2243 5434 et
2272 5395 2372 5450 ego
2401 5380 2606 5451 rogabo
2645 5379 2889 5444 Patrem,
2924 5387 2978 5434 et
3007 5379 3177 5434 alium
3208 5378 3464 5434 Paracle-

1896 5481 2008 5526 tum
2039 5471 2193 5526 dabit
2215 5473 2394 5537 vobis,
2427 5472 2690 5543 Spiritum
2721 5473 2989 5538 veritatis,
3026 5489 3188 5542 quem
3223 5473 3462 5528 mundus

1894 5581 2000 5620 non
2026 5572 2206 5634 potest
2245 5580 2446 5637 capere
2465 5566 2563 5618 ⁸⁸.»
2599 5563 2742 5622 Ecce
2784 5573 2971 5636 aperte
3017 5563 3283 5635 Spiritum
3317 5564 3462 5619 veri-

1893 5657 2021 5713 tatis
2050 5665 2210 5714 vocat
2242 5668 2491 5714 sanctum
2521 5659 2808 5730 Spiritum.
2843 5657 2998 5724 Quod
3035 5665 3215 5712 autem
3248 5657 3366 5727 ipse
3394 5670 3458 5711 ac
