4222 6510
246 431 353 489 213

245 640 356 703 ζειν
388 644 448 698 ὲν
483 644 651 714 ὕδατι,
698 651 903 716 ὲκεῖνός
940 671 1029 723 μοι
1082 651 1255 719 εἶπεν,
1304 660 1417 727 Ἐφ’
1452 662 1510 714 ὃν
1541 662 1606 716 ἃν
1637 665 1750 735 ἴδῃς
1774 667 1835 720 τὸ

242 737 467 808 Πνεῦμα
492 744 834 813 καταϐαῖνον,
867 751 961 803 καὶ
994 750 1152 819 μένον
1181 752 1269 805 ἐπ’
1291 755 1472 817 αὐτὸν,
1505 750 1659 822 οὗτός
1679 762 1825 814 ἐστιν
1860 764 1888 816 6
1919 765 2196 835 βαπτίζων
2240 774 2295 823 ἐν
2332 775 2610 847 Πνεύματι

248 846 271 847 ,,
299 829 340 847 εκ
511 835 535 847 Δ
662 838 677 847 ι
701 841 726 847 -
816 837 837 847 ⁵
1068 844 1077 847 ⁸
2367 829 2373 835 ⁷

244 829 477 896 μάλιστα
505 835 938 911 διαγελᾷνοῖμαι
975 844 1207 913 πρέπειν
1271 848 1397 910 τοὺς
1467 847 1730 923 ἀνοήτους
1790 829 2119 925 αἱρετικοὺςν,

1235 446 1299 501 lN
1332 447 1617 507 JOANNIS
1654 452 2106 517 EVANGELIUM
2143 462 2270 519 LIB.
2297 465 2360 521 ll.

246 552 576 641 μαρτυρίαις
623 556 956 627 ἐπενεγκὼν,
986 562 1065 614 ὅτι
1108 582 1125 613 ι
1150 562 1207 617 '0
1240 566 1464 635 πέμψας
1521 587 1603 639 με
1634 571 1829 641 βαπτί-
1863 582 1905 639 Α

3417 477 3525 535 2M

1936 582 2402 648 quemadmodum
2435 586 2549 658 jam
2574 589 2778 647 dictum
2812 598 2916 657 est,
2948 593 3013 649 ad
3050 596 3277 649 humani
3302 602 3521 667 generis

1944 672 2259 730 utilitatem.

2680 778 2757 848 τῷ
2788 780 2947 848 ἁγίῳ.
2981 799 2998 832 ι
3072 782 3188 851 Ἐφ’
3213 774 3256 850 ᾧ
3326 783 3388 855 δὴ
3433 786 3523 837 καὶ

2173 864 2232 916 τὸ
2291 868 2346 919 ἐν
2402 869 2549 933 τάξει
2600 870 2826 942 σημείου
2877 872 3080 939 τεθὲν,
3136 876 3215 938 είς
3261 874 3523 945 ἀλήθειαν

243 924 567 1036 πράγματος
591 929 1054 1036 ε’κλαμϐἀνοντας,
1088 936 1135 987 εί
1166 936 1259 988 καὶ
1297 938 1520 1006 γέγονεν
1550 924 1936 1015 οἰκονομικῶς,
1990 950 2244 1025 καθάπερ
2276 956 2376 1027 ἤδη
2452 924 2797 1030 προείρηται,
2844 924 2931 1014 διά
3134 924 3231 1035 τηνς

243 1014 476 1085 πότητος
508 1020 715 1088 χρείαν.

313 1105 421 1157 Καὶ
452 1106 704 1191 ἑώρακα,
737 1111 834 1164 καί
850 1116 1295 1185 μεμαρτύρηκα,
1329 1120 1417 1174 ὅτι
1448 1117 1622 1188 οὗτός
1653 1124 1824 1181 ἐστιν

240 1198 273 1248 d
300 1196 431 1261 Υἱὸς
465 1200 573 1253 τοῦ
605 1202 773 1256 Θεοῦ.
1633 1214 1640 1221 ’

323 1287 595 1361 Ἀσςραλὴς
626 1294 652 1344 6
687 1295 918 1366 μάρτυς,
966 1299 1101 1371 ὅπερ
1144 1300 1312 1367 ὄντως
1354 1305 1628 1371 τεθέαται,
1668 1310 1825 1363 τοῦτο

240 1380 335 1432 καὶ
365 1381 560 1472 λαλῶν.
616 1388 727 1439 Οὐκ
776 1391 963 1457 ἀγνοεῖ
988 1393 1096 1464 γάρ
1146 1394 1276 1460 ἴσως
1310 1398 1367 1450 τὸ
1398 1402 1783 1472 γεγραμμένον
1808 1419 1821 1433 ⁸

244 1472 357 1563 εξΑ
388 1468 528 1525 εἶδον
556 1478 603 1528 οί
633 1477 900 1551 ὀφθαλμοί
930 1499 1044 1547 σου,
1077 1486 1223 1553 λέγε.
1259 1508 1275 1540 ι
1333 1484 1485 1543 Εἶδον
1505 1468 1636 1557 ὀῦν,
1672 1495 1825 1563 φησι,

236 1562 296 1613 τὸ
324 1568 571 1633 σημεῖον,
616 1571 707 1622 καὶ
740 1573 944 1642 συνῆκα
973 1574 1063 1627 τὸν
1106 1576 1171 1630 δι’
1201 1579 1367 1632 αὑτοῦ
1406 1562 1824 1653 σημαινόμενον.

238 1655 515 1727 Μάρτυρῶ
555 1660 610 1712 δὲ
656 1662 735 1713 ὅτι
767 1658 921 1727 οὗτός
963 1668 1111 1719 ἐστιν
1139 1672 1167 1722 6
1200 1669 1328 1733 Υἱὸς
1371 1672 1466 1725 τοῦ
1494 1674 1651 1738 Θεοῦ,
1686 1680 1713 1730 6
1740 1679 1826 1733 διὰ

236 1746 402 1816 νόμου
440 1750 537 1817 μὲν
565 1752 657 1805 τοῦ
700 1754 786 1807 διά
813 1748 1057 1821 Μωσέως
1090 1760 1491 1833 ἀναϐοώμενος,
1525 1766 1610 1819 διὰ
1642 1772 1828 1840 φωνῆς

234 1840 343 1891 τῶν
388 1841 558 1908 ἁγίων
605 1846 901 1915 προφητῶν
947 1853 1354 1922 κηρυττόμενος
1382 1871 1395 1885 ⁸

234 1928 398 1981 πάλιν
442 1933 469 1984 6
524 1932 795 2004 μακάριος
848 1938 1237 2012 εὐαγγελιστὴς
1271 1944 1410 2013 μετὰ
1445 1947 1647 2018 πολλῆς
1680 1928 1825 2015 τινος

232 2021 331 2089 τῆς
352 2022 646 2091 ἀσφαλείας
669 2028 862 2082 εἰπεῖν·
903 2050 919 2081 ι
937 2025 1103 2097 Οὗτός
1138 2035 1284 2088 ἐστιν
1313 2038 1341 2089 6
1361 2037 1487 2101 Υἱὸς
1513 2039 1606 2092 τοῦ
1628 2039 1783 2107 Θεοῦ,
1801 2063 1818 2096 ι

232 2112 380 2163 τοῦτ’
412 2112 579 2181 ἔστιν,
629 2118 657 2169 6
704 2114 785 2182 εἷς
820 2122 913 2174 καὶ
945 2124 1105 2193 μόνος
1151 2125 1290 2181 κατά
1326 2128 1508 2196 φύσιν,
1543 2134 1571 2184 6
1600 2130 1697 2202 τῆς
1725 2134 1820 2187 τοῦ

233 2205 593 2275 γεννήσαντος
623 2209 882 2281 ἰδιότητος
916 2214 1270 2287 κληρονόμος,
1300 2220 1435 2290 πρὸς
1459 2221 1516 2274 ὃν
1546 2224 1640 2275 καὶ
1661 2224 1822 2293 ἡμεῖς

231 2301 279 2350 οἱ
326 2299 467 2352 κατά
520 2301 664 2355 θέσιν
702 2305 1075 2377 μορφούμεθα,
1126 2310 1218 2364 καὶ
1245 2312 1312 2365 δι’
1345 2307 1406 2368 οὗ
1440 2315 1576 2385 πρὸς
1616 2316 1675 2369 τὸ
1720 2318 1820 2388 τῆς

231 2391 505 2457 υἱοθεσίας
535 2395 751 2468 ἀξίωμα
777 2400 916 2453 κατά
948 2400 1105 2474 χάριν
1133 2404 1467 2477 κεκλήμεθα.
1508 2408 1597 2472 Ὠς
1627 2408 1734 2480 γὰρ
1754 2411 1818 2464 ὲκ

229 2484 364 2536 Θεοῦ
399 2486 490 2538 καὶ
534 2488 769 2559 Πατρὶς,
798 2510 817 2542 ι
841 2492 996 2547 Πᾶσα
1042 2497 1247 2568 πατριά
1286 2497 1342 2551 ἔν
1392 2518 1447 2553 τε
1470 2501 1690 2572 οὐρανῷ
1725 2504 1819 2555 καὶ

228 2576 324 2628 ἐπὶ
358 2577 459 2645 γῆς
486 2578 835 2650 ὀνομάζεται,
868 2602 886 2635 ι
925 2584 1011 2639 διὰ
1037 2587 1097 2640 τὸ
1127 2589 1287 2643 αὐτὸν
1316 2586 1457 2645 εἶναι
1488 2594 1691 2664 κυρίως
1724 2596 1818 2650 καὶ

230 2668 447 2737 πρῶτον
481 2669 576 2741 [aL
627 2673 882 2748 πρώτως]
912 2680 1005 2732 καὶ
1036 2681 1253 2751 ἀληθῶς
1286 2688 1527 2759 Πατέρα,
1557 2687 1699 2742 οὕτω
1724 2691 1819 2743 καὶ

230 2761 383 2813 πάσα
418 2764 600 2833 υίότης
630 2768 693 2818 ὲκ
720 2767 813 2820 τοῦ
844 2768 995 2837 Υίοῦ,
1041 2773 1127 2827 διά
1157 2775 1217 2828 τὸ
1249 2778 1417 2831 αὐτὸν
1442 2776 1579 2834 εἶναι
1611 2782 1833 2853 κυρίως

228 2853 324 2943 καὶ
366 2854 525 2920 μόνον
557 2856 773 2927 ἀληθῶς
817 2860 963 2926 Υἱὸν,
1008 2865 1071 2915 οὐ
1104 2864 1257 2920 νόθον
1293 2869 1414 2922 οὐδὲ
1438 2870 1812 2943 ψευδώνυμον,

225 2942 345 2995 ἀλλ’
392 2946 455 2998 ὲκ
506 2948 605 3017 τῆς
637 2949 826 3014 οὐσίας
859 2951 953 3004 τοῦ
993 2953 1126 3007 Θεοῦ
1175 2957 1271 3011 καὶ
1314 2959 1527 3031 Πατρὸς
1571 2964 1631 3015 οὐ
1676 2965 1817 3017 κατὰ

224 3034 532 3106 ἀποκοπὴν,
565 3038 597 3108 ἢ
633 3040 837 3110 ρεῦσιν,
869 3043 901 3113 ἦ
934 3047 1219 3117 μερισμὸν,
1258 3048 1289 3119 ἢ
1333 3053 1507 3123 τομήν
1532 3069 1544 3082 ·
1598 3055 1815 3127 ἀπαθὴς

222 3127 335 3199 γάρ
368 3130 401 3199 ἡ
446 3129 564 3183 θεία
613 3132 774 3201 φύσις
818 3137 1096 3201 παντελῶς
1121 3156 1133 3169 ·
1188 3141 1303 3195 ἀλλ’
1345 3144 1420 3208 ὼς
1453 3145 1548 3199 ἕνα
1581 3147 1640 3212 te
1670 3149 1807 3214 ἐνὸς,

223 3221 313 3273 ἀεὶ
349 3222 779 3295 συνυπάρχοντα,
809 3228 902 3281 καὶ
934 3232 1202 3286 συναῖδιον
1229 3235 1320 3288 καὶ
1346 3224 1701 3307 ὲμπέφυκότα
1732 3241 1810 3312 τῷ

222 3313 569 3383 γεννήσαντι,
614 3318 673 3371 ἐν
710 3319 857 3391 αὐτῷ
890 3341 948 3375 τε
990 3323 1139 3385 ὄντα,
1184 3327 1276 3379 καὶ
1322 3327 1381 3392 ἐξ
1419 3329 1583 3382 αὑτοῦ
1615 3333 1807 3404 προελ-

221 3400 387 3493 06:21::
426 3404 737 3475 ἀμερίστως
775 3412 868 3464 καὶ
917 3413 1274 3481 ἀδιαστάτως,
1326 3418 1449 3472 ἐπεὶ
1501 3422 1637 3493 μηδὲ
1660 3400 1811 3480 *κατά

223 3490 386 3561 σῶμα
414 3494 473 3547 τὸ
503 3496 677 3563 Θεῖον,
717 3502 853 3572 μήτε
881 3504 1030 3575 τόπῳ
1060 3508 1413 3579 περιληπτὸν,
1450 3490 1812 3586 ἢδιαστημα-

218 3585 382 3649 τικάς
417 3588 514 3652 τὰς
566 3592 893 3659 μεταϐάσεις
930 3599 1200 3652 ποιεῖσθαι
1251 3603 1517 3672 πεφυκὸς,
1571 3585 1807 3673 ἀλλ’ὡς

218 3678 470 3765 πρόεισιν
497 3681 560 3733 ἐκ
595 3682 763 3753 πυρὸς
794 3687 826 3754 ὴ
865 3685 1058 3741 ἐνοῦσα
1088 3690 1357 3761 θερμότης
1385 3693 1551 3765 αὐτῷ,
1576 3696 1807 3751 δοκοῦσα

223 3764 327 3834 μέν
357 3783 473 3831 πως
500 3770 663 3822 αὑτοῦ
690 3774 805 3835 ταῖς
832 3775 1097 3840 ἐπινοίαις
1128 3780 1470 3849 μερίζεσθαι,
1507 3764 1600 3837 καὶ
1622 3786 1807 3858 ἔτερόν

416 3857 429 3875 ν
504 3861 513 3875 ‘
622 3862 635 3881 ο
1150 3870 1173 3880 _
1718 3857 1722 3858 ν

218 3874 271 3909 τι
296 3874 413 3929 παρ
458 3862 588 3915 αυτὸ
614 3864 895 3935 υπάρχειν,
927 3868 985 3935 ἐξ
1011 3870 1175 3923 αὐτου
1209 3872 1264 3925 δὲ
1290 3868 1424 3927 οῦσα
1454 3877 1546 3929 καὶ
1573 3880 1630 3930 ὲν
1658 3879 1808 3950 αὑτῷ

220 3948 365 4001 κατά
406 3951 587 4019 φύσιν,
631 3957 723 4007 καὶ
754 3956 812 4020 ἐξ
846 3960 1010 4012 αὐτοῦ
1044 3963 1310 4031 προϊοῦσα
1343 3966 1483 4035 μετά
1511 3968 1601 4021 τοῦ
1640 3970 1806 4041 μηδὲν

218 4040 428 4092 ἀδικεῖν
474 4044 616 4097 κατά
644 4063 707 4113 γε
749 4047 839 4100 τὸν
882 4050 1189 4121 ἀποκοπῆς,
1236 4054 1351 4125 ἦτοι
1393 4058 1664 4130 μερισμοῦ
1708 4040 1805 4116 καὶ

219 4130 463 4197 ῥεύσεως
499 4134 651 4203 λόγον
681 4154 692 4165 ·
742 4139 835 4210 ὅλη
881 4141 989 4212 γὰρ
1017 4144 1074 4195 ὲν
1104 4143 1208 4213 ὅλῳ
1246 4146 1324 4215 τῷ
1357 4150 1491 4217 πυρὶ
1529 4149 1761 4215 σώζεται
1788 4170 1799 4182 '

216 4222 363 4277 οὕτω
406 4228 673 4299 νοήσομεν
719 4233 811 4284 καὶ
850 4233 941 4285 ἐπὶ
981 4234 1074 4286 τοῦ
1123 4235 1267 4289 θείου
1309 4242 1646 4312 γεννήματος
1682 4244 1799 4298 οεο-

218 4319 604 4390 πρεπεστάτην
646 4323 730 4373 ἐπ’
774 4324 921 4395 αὐτῷ
958 4324 1056 4396 τὴν
1109 4326 1341 4399 θεωρίαν
1390 4332 1758 4402 λαμϐάνοντες
1786 4355 1798 4366 ·

216 4406 318 4459 καὶ
361 4407 487 4461 Υἱὸν
529 4412 627 4479 μὲν
664 4412 810 4476 ἰδίως
845 4415 1140 4483 ὑφεστᾶναι
1184 4420 1547 4487 πιστεύοντες,
1593 4425 1652 4476 οὐ
1697 4426 1801 4497 μὴν

216 4498 326 4564 ἔξω
349 4498 589 4564 τιθέντες
622 4503 782 4557 αὑτὸν
811 4506 909 4574 τῆς
936 4509 1062 4575 μιᾶς
1087 4510 1178 4562 καὶ
1212 4512 1491 4581 ἀφράστου
1520 4515 1797 4587 θεότητος,

214 4592 339 4645 οὐδὲ
372 4593 467 4644 τοῦ
509 4596 720 4665 Πατρὸς
754 4597 1090 4667 ἑτεροούσιον
1126 4597 1262 4654 εἶναι
1292 4603 1540 4671 λέγοντες
1563 4625 1575 4638 ο
1619 4609 1650 4679 ἢ
1688 4610 1795 4681 γὰρ

214 4682 281 4735 ειν
303 4682 433 4747 Υἱὸς
456 4685 631 4739 οὐκέτ’
654 4686 720 4740 ἂν
750 4691 919 4743 νοοῖτο
944 4690 1186 4757 δικαίως,
1218 4694 1332 4747 ἀλλ’
1362 4696 1547 4766 ἔτερόν
1569 4716 1621 4751 τι
1644 4702 1796 4771 παρά

211 4772 391 4835 τοῦτο,
437 4774 529 4827 καὶ
573 4776 884 4845 πρόσφατος
930 4781 1058 4850 ἡμῖν
1108 4783 1358 4837 ἀνατελεί
1392 4786 1557 4851 Θεὸς,
1608 4789 1793 4861 ἕτερος

212 4864 478 4935 ὑπάρχων
522 4868 672 4936 παρά
706 4868 797 4920 τὸν
841 4869 967 4922 ὄντα
1013 4874 1107 4925 καὶ
1143 4873 1321 4943 μόνον.
1359 4876 1432 4928 Τὸ
1469 4877 1578 4947 γὰρ
1609 4880 1707 4931 οὐκ
1735 4880 1793 4932 ὃν

208 4954 500 5021 ὁμοούσιον
537 4956 614 5025 τῷ
642 4959 781 5011 κατά
812 4958 971 5027 φύσιν
994 4960 1131 5030 Θεῷ,
1168 4964 1283 5027 πῶς
1316 4966 1375 5017 οὐ
1408 4967 1625 5031 πάντως
1655 4971 1792 5024 ἀπο-

213 5047 465 5097 -τεσεῖται
497 5046 590 5099 τοῦ
654 5042 791 5100 εἶναι
822 5049 954 5115 Θεὸς
994 5052 1271 5123 ἀληθινός;
1316 5057 1532 5129 Ἐπειδὴ
1570 5060 1625 5113 δὲ
1652 5062 1797 5127 ἀξιό-

210 5136 393 5206 χρεὼς
425 5155 484 5190 τε
518 5139 612 5191 καὶ
650 5139 1075 5209 ἀξιολογώτατος
1100 5146 1129 5197 6
1160 5146 1428 5216 μακάριος
1465 5148 1798 5224 Βαπτιστὴς,

213 5232 491 5301 μαρτυρεῖ
514 5230 571 5283 δὲ
598 5231 677 5284 ὅτι
716 5227 868 5297 οὗτός
906 5236 1052 5288 ἐστιν
1082 5238 1110 5289 6
1140 5236 1269 5301 Υἱὸς
1306 5240 1397 5293 τοῦ
1442 5241 1575 5295 Θεοῦ
1601 5260 1613 5273 ο
1663 5243 1795 5297 Θεὸν

208 5318 353 5374 εἶναι
399 5321 615 5385 πάντως
645 5323 895 5393 ἀληθινὸν
942 5328 1346 5401 δμολογήσομεν
1388 5332 1478 5387 τὸν
1518 5331 1663 5399 Υίὸν,
1700 5337 1793 5391 καὶ

208 5416 275 5466 ἐκ
298 5412 399 5481 τῆς
423 5412 610 5478 οὐσίας
635 5414 728 5468 τοῦ
760 5417 970 5488 Πατρός
994 5436 1008 5449 ·
1042 5419 1199 5473 τοῦτο
1229 5422 1338 5493 γὰρ
1372 5423 1504 5495 ἡμῖν
1537 5428 1791 5497 σημαίνει

205 5506 269 5558 τὸ
294 5505 399 5575 τῆς
430 5506 671 5577 υίότητος
700 5508 891 5581 δνομα,
922 5512 1016 5564 καὶ
1044 5512 1230 5580 ἕτερον
1260 5514 1433 5572 οὐδέν.

288 5594 371 5665 Τῇ
420 5596 706 5666 ἐπαύριον
740 5602 927 5657 πάλιν
961 5604 1221 5670 είστήκει
1268 5608 1301 5660 ὀ
1341 5607 1642 5676 Ἰωάννης,
1690 5610 1790 5665 καὶ

200 5688 277 5745 ἐκ
308 5686 431 5742 τῶν
464 5691 745 5759 μαθητῶν
798 5695 984 5750 αὐτοῦ
1035 5695 1178 5763 δύο,
1214 5697 1313 5753 καί
1347 5696 1656 5773 ἐμϐλέψας
1714 5702 1793 5771 τῷ

278 5864 330 5897 ⁸³
378 5826 539 5920 Prov.
578 5884 703 5933 xxv,
743 5870 794 5931 8.
872 5872 918 5904 "
948 5872 1148 5944 Ephcs.
1186 5889 1271 5944 tu,
1306 5874 1393 5933 l5.

2007 1131 2048 1193 1,
2083 1132 2170 1187 54.
2209 1131 2275 1187 Ει
2307 1150 2397 1206 ego
2431 1133 2554 1199 vidi,
2588 1146 2637 1189 et
2679 1140 3035 1193 testimonium
3080 1140 3343 1214 perhibui,
3389 1144 3518 1215 quia

1939 1222 2023 1274 llic
2047 1232 2124 1275 est
2160 1222 2338 1281 Filius
2380 1225 2493 1280 Dei.

2003 1313 2376 1373 Gi-avissimus
2415 1320 2592 1385 testis,
2628 1324 2724 1392 qui
2783 1323 2925 1393 quod
2983 1339 3173 1380 revera
3222 1329 3512 1399 spectavit,

1939 1402 2073 1457 illud
2121 1406 2285 1460 etiam
2333 1409 2595 1477 loquitur.
2630 1410 2749 1466 Non
2791 1415 2937 1467 enim
2987 1414 3173 1470 forsan
3201 1416 3413 1487 ignorat
3463 1419 3519 1474 id

1931 1494 2075 1563 quod
2114 1497 2379 1565 scriptmn
2432 1507 2557 1553 est:
2588 1518 2605 1550 ι
2647 1501 2779 1567 Quae
2805 1504 2948 1558 oculi
2991 1506 3068 1559 tui
3114 1506 3393 1575 viderunt,
3426 1510 3517 1563 illa

1928 1585 2097 1640 dicito
2132 1587 2197 1640 ³³.
2248 1608 2265 1638 ›
2301 1587 2421 1642 Vidi
2481 1605 2631 1660 ergo,
2683 1592 2881 1661 inquit,
2933 1594 3172 1664 signum,
3219 1607 3275 1653 et
3323 1601 3517 1669 agnovi

1928 1692 2053 1731 eum
2104 1680 2196 1747 qui
2238 1695 2333 1748 per
2384 1682 2563 1751 ipsum
2618 1683 3055 1752 signiﬁcabatur.
3092 1687 3289 1743 Testor
3329 1698 3515 1745 autem

1928 1769 2075 1823 hunc
2101 1786 2223 1826 esse
2252 1772 2345 1827 Dei
2374 1772 2595 1840 Filium,
2629 1778 2723 1847 qui
2755 1793 2782 1831 a
2818 1778 2966 1834 Mose
2990 1796 3084 1849 per
3114 1782 3285 1850 legem
3304 1782 3517 1850 .pra’di~

1449 1857 1595 1910 δοκεῖ
1636 1859 1692 1913 δέ
1732 1878 1814 1931 μοι

1928 1868 2081 1916 catus
2117 1872 2220 1925 est,
2254 1872 2307 1918 et
2362 1874 2688 1921 sanctorum
2740 1871 3131 1940 prophetarum
3165 1887 3320 1927 voce.
3374 1872 3517 1927 Rur-

1929 1965 2026 2005 sus
2055 1960 2260 2016 autem,
2301 1954 2495 2010 beatus
2530 1944 2868 2027 evangelista
2916 1960 3048 2015 mihi
3085 1961 3301 2015 videtur
3331 1960 3515 2015 consi-

1924 2039 2117 2097 derate
2169 2042 2465 2097 admodum
2514 2044 2736 2101 dicere:
2772 2065 2791 2098 «
2831 2035 2931 2103 ilic
2969 2056 3052 2115 est
3109 2048 3280 2106 Filius
3338 2048 3461 2114 Dei,
3489 2070 3506 2103 ι

1924 2131 2029 2187 hoc
2053 2144 2155 2200 est,
2190 2150 2338 2189 unus
2372 2151 2435 2190 ac
2474 2137 2626 2193 solus
2657 2138 2958 2193 secundum
2990 2147 3265 2208 naturam,
3289 2142 3379 2197 ille
3411 2158 3510 2213 pa-

1925 2233 2095 2281 terna:
2130 2228 2485 2297 proprietatis
2527 2230 2726 2296 haeres,
2762 2231 2829 2285 ad
2870 2248 3033 2301 quem
3071 2233 3235 2287 etiam
3274 2248 3373 2287 nos
3416 2234 3509 2286 ad-

1925 2316 2095 2384 eptivi
2150 2314 2597 2383 conlormamur,
2648 2329 2703 2373 et
2736 2334 2832 2389 per
2870 2335 3031 2388 quem
3082 2320 3146 2374 ad
3184 2320 3505 2389 dignitatem

1926 2406 2240 2477 adoptionis
2272 2424 2369 2478 per
2405 2410 2639 2479 gratiam
2675 2411 2850 2465 vocati
2896 2426 3111 2466 sumus.
3167 2408 3237 2465 Ut
3264 2410 3409 2465 enim
3439 2424 3509 2466 ex

1924 2495 2032 2552 Deo
2066 2505 2119 2552 et
2136 2495 2299 2552 Patre
2331 2515 2349 2547 c
2388 2498 2578 2553 Omnis
2605 2499 2907 2567 paternitas
2939 2502 2992 2552 lu
3028 2498 3169 2552 coelo
3198 2504 3252 2552 et
3274 2497 3328 2551 in
3360 2506 3506 2552 terra

1920 2589 2243 2643 nominatur
2268 2590 2337 2654 ⁸⁸,
2374 2608 2392 2641 ι
2429 2598 2721 2659 propterea
2751 2590 2898 2660 quod
2950 2590 3067 2661 ipse
3120 2596 3207 2646 est
3257 2590 3501 2661 proprie,

1921 2697 2019 2753 per
2047 2697 2126 2748 se,
2159 2690 2215 2737 et
2247 2696 2373 2736 vere
2405 2679 2569 2736 Pater
2611 2692 2716 2748 est,
2768 2682 2849 2737 sic
2892 2684 3054 2737 etiam
3086 2682 3268 2738 omnis
3313 2681 3506 2736 ﬁliatio

1920 2790 1987 2829 ex
2018 2771 2179 2838 Filio,
2212 2783 2502 2844 prepterea
2533 2775 2677 2845 quod
2710 2775 2828 2844 ipse
2867 2774 3086 2844 proprie
3117 2774 3387 2830 duntaxat
3417 2780 3505 2829 est

1921 2864 2115 2930 Filius,
2148 2880 2259 2919 non
2307 2866 2553 2935 spurius,
2590 2880 2768 2934 neque
2815 2864 2956 2920 falso
2990 2872 3365 2935 nuncupatus,
3404 2863 3502 2918 sed

1918 2954 1986 3014 ex
2031 2959 2344 3013 substantia
2381 2957 2476 3014 Dei
2524 2973 2588 3012 ac
2620 2957 2824 3023 Patris,
2854 2972 2961 3011 non
3006 2971 3069 3026 pc
3143 2955 3498 3017 decisionem,

1920 3057 2015 3102 aut
2055 3048 2282 3111 ﬂuxum,
2328 3063 2425 3103 seu
2461 3048 2790 3103 divisionem
2820 3046 3027 3117 (divina
3061 3047 3263 3116 cuippe
3301 3054 3499 3099 natura

1922 3139 2199 3209 passionis
2222 3138 2402 3193 omnis
2434 3148 2518 3193 est
2548 3136 2769 3208 expers)
2797 3136 2889 3192 scd
2919 3152 3062 3191 unus
3083 3152 3151 3189 ex
3183 3150 3316 3201 uno,
3341 3134 3504 3205 128

1918 3245 2137 3301 semper
2158 3230 2527 3295 coexsistens,
2559 3236 2615 3284 et
2638 3236 2972 3295 coaeternus,
3001 3237 3051 3283 et
3091 3226 3238 3281 Patri
3272 3221 3497 3290 insitus,

1917 3331 1971 3378 et
2005 3322 2061 3375 in
2094 3322 2215 3391 ipso
2250 3321 2550 3386 exsislens,
2585 3326 2751 3391 atque
2781 3336 2846 3374 ex
2879 3320 2997 3388 ipso
3045 3316 3375 3388 procedens,
3420 3315 3499 3368 ci-

1914 3422 1997 3469 tra
2029 3413 2364 3469 divisionem
2409 3420 2462 3466 et
2507 3412 2803 3477 indivulse,
2840 3410 3289 3481 quandoquidem
3317 3421 3501 3477 neque

1914 3519 2215 3574 corporeus
2264 3510 2348 3575 est
2378 3502 2541 3565 Deus,
2575 3518 2679 3558 nec
2720 3503 2840 3557 loco
2869 3501 3373 3564 Circumscribitur,
3402 3505 3498 3553 aut

1916 3597 2151 3650 transitu
2171 3597 2423 3650 locorum
2444 3596 2861 3666 spatiorumque
2888 3602 3161 3659 movetur,
3185 3592 3282 3649 sed
3309 3609 3499 3663 quem-

1912 3688 2208 3744 admodum
2239 3704 2305 3743 ex
2346 3689 2471 3756 igne
2522 3688 2705 3758 prodit
2758 3688 2923 3742 insita
2961 3687 3009 3741 ei
3045 3685 3323 3751 caliditas,
3373 3702 3499 3758 quas

1911 3780 2126 3834 videtur
2180 3780 2249 3833 ab
2290 3794 2355 3833 eo
2385 3778 2792 3849 quodammodo
2841 3778 3177 3849 cogitatione
3219 3779 3491 3849 separari,

1909 3881 1964 3925 et
2007 3872 2156 3926 aliud
2209 3871 2277 3925 ab
2313 3871 2434 3941 ipso
2485 3870 2747 3941 quiddam
2797 3871 3098 3933 exsistere,
3138 3884 3264 3924 cum
3318 3870 3389 3925 sit
3423 3886 3493 3925 ex

1911 3962 2032 4032 ipso
2060 3971 2113 4015 et
2153 3963 2208 4015 in
2241 3963 2361 4032 ipso
2404 3960 2712 4017 secundum
2755 3971 3030 4024 naturam,
3059 3968 3113 4015 et
3142 3976 3207 4015 ex
3249 3976 3316 4015 eo
3353 3961 3493 4015 citra

1909 4053 2171 4107 damnum
2221 4055 2391 4107 ullum
2426 4053 2707 4125 procedat,
2748 4054 3007 4106 nimirum
3061 4053 3202 4107 citra
3248 4052 3491 4108 decisio-

1908 4160 2030 4199 nem
2073 4161 2167 4201 seu
2197 4146 2531 4200 divisionem
2572 4160 2635 4198 ac
2683 4144 2892 4197 ﬂuxum
2928 4144 3064 4213 (tota
3095 4144 3245 4197 enim
3291 4143 3347 4197 in
3375 4150 3491 4197 toto

1907 4247 2165 4291 servatur
2206 4236 2353 4306 igne)
2396 4236 2477 4291 sic
2510 4236 2680 4289 etiam
2714 4233 3067 4288 statuendum
3117 4233 3280 4289 nobis
3306 4242 3389 4289 est
3421 4233 3504 4288 de

1907 4326 2097 4379 divino
2141 4326 2440 4395 genimine,
2472 4340 2574 4395 pro
2608 4339 2673 4378 eo
2703 4339 2767 4378 ac
2796 4323 2864 4378 de
2911 4323 3021 4379 Deo
3047 4322 3205 4377 decet
3238 4324 3491 4394 cogitan-

1909 4416 2057 4472 tibus
2095 4434 2106 4467 :
2149 4424 2205 4471 et
2246 4414 2420 4471 Filius
2460 4416 2683 4485 proprie
2728 4414 2954 4484 quidem
3005 4405 3312 4471 subsistere
3367 4430 3491 4472 cro-

1906 4506 2144 4570 dendus,
2202 4522 2313 4562 non
2354 4516 2536 4561 tamen
2588 4507 2655 4560 ab
2698 4512 2811 4560 'una
2864 4515 2916 4561 et
2966 4505 3232 4561 inellabili
3284 4505 3491 4562 deitate

1905 4598 2309 4662 excludendus,
2341 4578 2521 4668 neque
2550 4599 2781 4653 alterius
2816 4613 2940 4654 esse
2975 4613 3004 4651 a
3034 4596 3192 4651 Patre
3228 4597 3491 4652 substan-

1903 4690 1992 4742 tia-'2
2039 4687 2327 4744 dicendus.
2366 4688 2591 4758 Alioqui
2646 4689 2794 4743 enim
2856 4704 2965 4743 non
3019 4688 3256 4757 amplius
3314 4686 3503 4742 Filius.

1903 4797 2025 4836 esse
2061 4781 2188 4851 jure
2217 4782 2528 4851 potabitur,
2579 4780 2673 4835 sed
2727 4780 2935 4850 aliquid
2976 4778 3124 4834 aliud
3155 4780 3223 4834 ab
3260 4780 3402 4850 ipso,
3434 4788 3490 4835 et

1903 4888 2098 4930 recens
2132 4874 2294 4929 nobis
2328 4875 2475 4929 Deus
2501 4874 2755 4940 exsistet,
2781 4874 2922 4927 alius
2966 4871 3036 4925 ab
3064 4885 3131 4925 eo
3166 4872 3261 4939 qui
3308 4878 3391 4925 est
3423 4885 3488 4926 ac

1904 4966 2059 5020 solus
2091 4972 2196 5019 est.
2230 4964 2386 5030 Quod
2426 4964 2573 5020 enim
2627 4977 2735 5017 non
2766 4969 2851 5018 est
2880 4960 3353 5016 consubstantiale
3383 4974 3485 5015 na-

1905 5058 2069 5112 turali
2100 5057 2233 5123 Deo,
2267 5056 2548 5126 quomodo
2588 5055 2706 5109 ﬁeri
2756 5054 2961 5123 poterit
2995 5063 3056 5107 ut
3094 5054 3168 5107 sit
3203 5052 3351 5107 Deus
3390 5068 3486 5108 ve.

1902 5149 2031 5202 rus?
2061 5146 2169 5203 Sed
2201 5163 2327 5201 cum
2372 5146 2742 5218 gravissimus
2777 5159 2841 5199 ac
2884 5143 3360 5213 locupletissimus
3412 5145 3485 5199 sit

1901 5242 2094 5297 beatus
2126 5241 2400 5311 Baptista,
2440 5247 2496 5294 et
2522 5240 2670 5294 hunc
2710 5253 2834 5295 esse
2862 5236 3066 5293 Filium
3099 5237 3195 5292 Dei
3225 5244 3477 5302 testetur,

1900 5333 2098 5389 Filium
2141 5332 2312 5389 Deum
2340 5348 2464 5389 esse
2500 5347 2691 5388 verum
2730 5332 2925 5401 utique
2976 5330 3291 5397 fatebimur,
3320 5337 3376 5385 et
3413 5329 3479 5384 de

1904 5426 2215 5481 substantia
2245 5424 2446 5480 Patris.
2483 5422 2596 5481 Hoc
2629 5424 2800 5488 enim,
2827 5430 2883 5479 et
2909 5421 3044 5477 nihil
3078 5420 3227 5475 aliud
3264 5419 3479 5492 signiti-

1903 5525 1992 5572 cat
2024 5530 2223 5571 nomen
2267 5516 2570 5572 liliationis.

1968 5608 2013 5672 Ι,
2048 5608 2228 5663 35-56.
2256 5608 2441 5663 Altera
2481 5607 2568 5662 die
2600 5606 2792 5661 iterum
2825 5604 3003 5661 stabat
3030 5602 3291 5667 Joannes,
3323 5610 3374 5658 et
3413 5618 3483 5658 ea:

1901 5700 2181 5769 discipulis
2217 5702 2332 5770 ejus
2382 5699 2487 5755 duo
2519 5716 2537 5754 :
2571 5707 2623 5755 et
2663 5700 2944 5769 respiciens
2985 5697 3168 5753 Iesum
3199 5693 3483 5752 ambulaua
