4222 6510
671 365 775 426 εςδ

1672 375 1728 428 S.
1773 371 2047 429 CYlilLLl
2087 375 2560 430 ALEXANDRINI
2596 375 2914 431 Allﬂllllil’.

3820 373 3931 430 21:3

669 497 770 539 tem
817 485 946 539 dicit
987 502 1005 540 :
1047 486 1177 543 Ecce
1229 491 1408 559 Agnus
1459 490 1589 558 Dei,
1629 493 1716 561 qui
1771 493 1910 548 tollit
1969 504 2242 564 peccatum

2369 495 2574 562 Ἰησοῦ
2627 490 3069 562 περιπατοῦντι,
3113 492 3273 560 λέγει
3305 509 3317 523 ο
3382 491 3505 546 Ἴδε
3541 493 3575 545 ό
3607 488 3802 560 ἀμνὸς
3827 489 3937 544 τοῦ

667 578 871 631 mundi.

738 668 922 740 Ipsum
946 669 1060 738 jam
1091 680 1254 726 antea
1288 672 1483 730 beatus
1516 675 1761 744 Baptista
1796 678 2234 733 demonstravit:

668 758 764 815 sed
788 776 916 816 ecce
946 776 1142 817 rursus
1169 763 1361 820 eadem
1393 767 1642 822 oratione
1670 771 1901 839 repetita
1930 771 2047 826 suis
2072 770 2239 824 disci-

667 851 815 920 pulis
854 853 1100 908 ostendit
1136 853 1322 910 Jesum
1363 867 1416 912 et
1464 873 1664 928 agnum
1720 860 1817 914 Dei
1866 861 2138 926 nominat,
2187 869 2242 916 et

669 940 863 997 tollere
901 942 1092 998 mundi
1136 953 1420 1014 peccatum
1471 947 1569 1011 ait,
1602 947 1997 1018 propemodum
2049 949 2132 1004 eis
2185 949 2240 1002 in

664 1035 990 1088 memoriam
1027 1035 1206 1106 ipsum
1240 1051 1505 1094 revocans
1551 1040 1693 1110 apud
1723 1039 2022 1111 prophetas
2054 1041 2242 1098 dicen-

666 1132 774 1178 tem
812 1140 824 1176 :
857 1142 874 1174 ι
909 1123 1022 1193 Ego
1061 1140 1208 1190 sum,
1257 1141 1357 1197 ego
1388 1142 1531 1190 sum,
1565 1128 1658 1196 qui
1706 1125 1864 1182 deleo
1921 1127 2242 1197 iniquitates

667 1223 811 1276 tuas,
846 1223 899 1268 ct
925 1232 1033 1268 non
1059 1216 1479 1272 recordabor".
1505 1236 1523 1268 ι
1548 1217 1666 1272 Non
1704 1216 1916 1275 frustra
1955 1233 2082 1273 vero
2113 1219 2240 1272 bea-

665 1311 756 1357 tus
789 1303 1038 1375 Baptista
1063 1307 1253 1362 eadem
1285 1307 1351 1361 de
1377 1305 1663 1362 Salvatore
1693 1308 1990 1363 identidem
2021 1311 2237 1377 repetit.

663 1395 912 1452 Ollicium
948 1399 1148 1468 quippe
1185 1414 1250 1453 ac
1293 1399 1470 1454 virtus
1505 1400 1752 1456 doctoris
1798 1412 1903 1465 est,
1959 1416 2046 1455 res
2097 1414 2238 1454 non-

663 1487 795 1540 dum
836 1496 1123 1558 perceptas
1161 1488 1564 1559 discipulorum
1613 1491 1890 1545 mentibus
1933 1490 2238 1551 inculcare,

663 1594 766 1634 nec
790 1580 978 1634 eadem
1011 1583 1214 1650 sa-pius
1238 1581 1534 1652 repetendo
1567 1583 1809 1652 gravari,
1835 1582 1929 1636 sed
1957 1581 2027 1634 ad
2066 1581 2235 1635 disci-

663 1672 921 1740 pulorutn
973 1673 1265 1729 utilitatem
1320 1675 1589 1742 patienter
1637 1675 1687 1728 id
1741 1691 1924 1746 agere.
1975 1674 2131 1739 Quod
2184 1673 2241 1726 ﬁt

665 1773 723 1817 ut
766 1764 960 1820 beatus
1012 1782 1232 1836 quoque
1279 1766 1486 1822 Paulus
1528 1767 1678 1821 dicat
1725 1786 1786 1820 ει
1829 1767 2030 1821 Eadem
2080 1766 2238 1820 vobis

2345 587 2496 641 Θεοῦ
2529 590 2562 641 ό
2591 587 2775 655 αἴρων
2808 584 2920 653 τὴν
2944 585 3236 652 ἁμαρτίαν
3259 583 3363 637 τοῦ
3391 583 3646 651 κόσμου.

2412 677 2624 740 Φθάσας
2657 677 2757 746 ἤδη
2801 674 3109 746 προέδειξεν
3142 673 3304 726 αὑτὸν
3349 675 3378 726 6
3413 672 3685 742 μακάριος
3733 670 3936 722 Βαπτι-

2346 771 2476 839 στής
2503 785 2514 798 ·
2564 768 2680 822 ἀλλ’
2732 767 2840 820 ίδου
2889 767 2982 820 καὶ
3025 761 3180 828 αὖθις
3214 765 3304 818 τὸν
3336 765 3498 818 αὑτὸν
3542 762 3936 832 ἀνακυκλήσας

2342 861 2519 929 λόγον,
2549 859 2876 912 ἐπιδεικνύει
2907 859 3020 920 τοῖς
3049 855 3244 910 ἑαυτοῦ
3273 857 3545 927 μαθηταῖς
3574 855 3666 908 τὸν
3704 851 3933 922 Ἰησοῦν,

2343 954 2438 1007 καὶ
2467 953 2639 1023 ἀμνὸν
2671 950 2928 1022 ὀνομάζει
2956 948 3114 1013 Θεοῦ,
3148 950 3239 1002 καὶ
3269 949 3369 1015 τὴν
3393 947 3489 1001 τοῦ
3531 948 3743 1016 κόσμου
3768 943 3936 1012 φησὶν

2343 1045 2518 1116 αἴρειν
2573 1043 2878 1117 ἁμαρτίαν,
2931 1041 3214 1112 μονονουχὶ
3265 1040 3400 1112 πρὸς
3435 1039 3748 1109 ὑπόμνησιν
3787 1037 3935 1103 ἄγων

2341 1137 2464 1198 τοὺς
2525 1134 2907 1204 ἀκροωμένους
2965 1132 3062 1186 τοῦ
3125 1133 3184 1185 ὲν
3261 1132 3570 1203 προφήταις
3626 1130 3884 1196 λέγοντος
3921 1140 3933 1152 ·

2349 1247 2364 1278 ι
2389 1226 2532 1294 Ἐγώ
2563 1228 2699 1296 εἰμι,
2742 1225 2852 1291 ἐγὼ
2886 1225 2998 1294 εἰμι
3036 1224 3064 1275 6
3095 1223 3394 1291 ἐξαλείφω-ι
3424 1223 3524 1284 τας
3555 1220 3787 1290 ἀνομίας
3819 1234 3934 1279 σου,

2344 1319 2515 1372 καὶού
2549 1319 2625 1387 μὴ
2659 1315 3063 1387 μνησθησομαι.
3099 1333 3116 1366 ι
3162 1313 3555 1367 Ἐπαναλαϐὼν
3585 1312 3640 1364 δὲ
3666 1312 3729 1363 οὑ
3757 1310 3938 1378 μάτην

2342 1414 2369 1464 6
2414 1410 2722 1479 Βαπτιστὴς
2905 1409 3076 1478 αὐτὴν
3107 1409 3341 1460 ποιεῖται
3384 1405 3515 1474 περὶ
3548 1403 3644 1456 τοῦ
3683 1400 3940 1469 Σωτῆρος

2343 1503 2621 1572 ἐξήγησινο
2687 1499 2914 1570 ’Λρετῆς
2967 1497 3077 1568 γάρ
3135 1499 3284 1549 ἐστιν
3336 1496 3498 1566 ἔργον
3546 1488 3943 1556 διδασκαλικῆς

2343 1595 2432 1646 τὸν
2462 1592 2618 1644 οὗπω
2653 1589 3060 1662 παραδεχθέντα
3089 1587 3268 1655 λόγον,
3313 1589 3433 1648 ταῖς
3476 1584 3588 1636 τῶν
3628 1581 3942 1652 μαθητευο-

2346 1685 2522 1754 μένων
2564 1679 3024 1751 ὲγκαθειργνύναι
3072 1679 3291 1749 ψυχαῖς,
3341 1678 3444 1731 οὐκ
3486 1673 3754 1741 ὀκνούσης
3805 1669 3944 1738 πρὸς

2344 1773 2700 1842 ἑπανάληψιν,
2735 1769 3165 1840 ἀνεξικακούσης
3213 1769 3269 1822 δὲ
3311 1768 3514 1838 μᾶλλον
3564 1765 3652 1817 ἐπ’
3700 1759 3948 1830 ὠφελείᾳ.

663 1855 930 1922 scribere,
968 1873 1054 1910 me
1093 1858 1314 1926 quidem
1375 1874 1480 1913 non
1527 1859 1694 1931 piget,
1728 1859 1883 1914 vobis
1925 1867 2106 1914 autem
2143 1875 2241 1913 ne-

2354 1867 2453 1918 τῶν
2486 1864 2912 1936 παιδευομένων.
2967 1863 3065 1916 Διὰ
3097 1861 3205 1932 γάρ
3239 1878 3321 1913 τοι
3350 1859 3510 1912 τοῦτο
3543 1857 3639 1910 καὶ
3687 1857 3716 1908 6
3756 1851 3946 1924 μακα-

663 1948 970 2001 ccssarium
1001 1958 1087 2004 est
1107 1949 1172 1999 ⁸⁸.
1204 1970 1221 2001 ι

740 2123 902 2194 129
925 2123 964 2190 l,
985 2125 1072 2180 57.
1098 2125 1163 2178 Et
1187 2128 1467 2181 audierunt
1494 2145 1611 2183 eum
1639 2130 1742 2181 duo
1759 2129 2008 2197 discipuli
2026 2128 2242 2198 loquen-

665 2224 790 2278 tem,
820 2222 869 2267 et
894 2217 1062 2268 secuti
1087 2228 1206 2270 sunt
1229 2216 1438 2274 Iesum.

737 2302 900 2359 Vides
949 2321 1111 2373 quam
1145 2307 1256 2361 cito
1307 2324 1468 2363 suum
1526 2309 1762 2364 fructum
1811 2309 2068 2364 doctrina
2117 2324 2248 2379 pro-

665 2393 828 2446 tulit?
853 2391 1021 2450 Vides
1051 2405 1315 2466 quantum
1356 2397 1700 2467 repetitionis
1725 2398 1938 2451 lucrum
1965 2399 2246 2452 inventum

663 2483 776 2537 sit?
805 2483 994 2540 Discat
1035 2501 1164 2556 ergo
1207 2502 1272 2542 ex
1313 2486 1422 2552 liis,
1458 2488 1713 2557 quisquis
1761 2488 1850 2542 ille
1880 2496 1969 2543 est
2018 2489 2108 2543 cui
2150 2488 2249 2543 do-

663 2573 822 2628 cendi
870 2575 1141 2630 creditum
1182 2592 1384 2631 munus
1431 2586 1537 2644 est,
1582 2578 1856 2648 pigritiam
1890 2592 2106 2632 omnem
2156 2592 2248 2632 su-

663 2678 900 2734 perate,
949 2666 1166 2735 sibique
1217 2667 1412 2737 majori
1467 2683 1625 2722 noxae
1686 2683 1850 2737 quam
1903 2667 2250 2722 auditoribus

666 2765 860 2826 putare
889 2757 1196 2822 silentium,
1245 2775 1347 2813 nec
1385 2759 1650 2814 talentum
1693 2758 1908 2825 Domini
1955 2758 2011 2812 in
2054 2760 2248 2828 ignava

663 2852 886 2917 inertia,
919 2851 1068 2907 velut
1094 2852 1248 2906 humi
1282 2852 1567 2917 defodere,
1606 2853 1702 2908 sed
1734 2860 2024 2923 argentum
2067 2852 2250 2921 potius

662 2942 1057 2998 nummulariis
1083 2943 1320 2997 tradere.
1361 2942 1608 3012 ltecipiet
1643 2943 1787 2998 enim
1822 2941 2074 2997 Salvator
2101 2941 2249 3011 quod

663 3047 823 3088 suum
875 3040 960 3088 est
1003 3049 1123 3089 cum
1164 3033 1371 3100 fenore,
1424 3050 1486 3089 ac
1525 3035 1689 3089 veluti
1731 3049 1916 3090 semen
1968 3033 2251 3103 quoddam

662 3124 932 3194 injectum
966 3140 1278 3180 sermonem
1314 3125 1634 3180 viviﬁcabit.
1691 3124 1872 3180 llabes
1917 3125 2008 3178 hic
2057 3124 2250 3177 admo-

2352 1975 2465 2027 ριος
2496 1956 2707 2018 Παῦλός
2733 1973 2866 2025 φησι
2889 1972 2902 1985 ·
2961 1972 2978 2006 ι
3002 1953 3084 2006 Τὰ
3111 1952 3249 2005 αὐτὰ
3285 1951 3464 2019 λέγειν
3499 1950 3648 2018 ὑμῖν,
3690 1947 3818 2016 ἐμοὶ
3852 1943 3949 2011 μὲν

2349 2047 2450 2098 οὐκ
2481 2046 2734 2117 ὀκνηρὸν,
2770 2046 2901 2116 ὑμῖν
2928 2046 2984 2098 δὲ
3013 2043 3276 2112 ἀσφαλές.
3311 2062 3327 2090 ι

2418 2138 2527 2192 Καὶ
2563 2138 2836 2205 ἥκουσαν
2863 2136 3050 2192 αὑτοῦ
3079 2139 3132 2190 οἱ
3157 2135 3266 2188 δύο
3289 2130 3551 2204 μαθηταὶ
3575 2128 3948 2191 λαλοῦντος,

2349 2232 2445 2286 καὶ
2487 2232 2916 2298 ἠκολούθησαν
2948 2227 3029 2292 τῷ
3071 2226 3288 2295 Ἰησοῦ.

2433 2323 2594 2394 Ὁρᾷς
2622 2325 2688 2392 τῇ
2733 2319 3051 2390 διδασκαλίᾳ
3082 2319 3300 2386 γείτονα
3347 2317 3437 2369 τὸν
3477 2313 3538 2378 ἐξ
3586 2311 3761 2382 αὐτῆς
3812 2311 3950 2363 ἀνα-

2349 2415 2570 2470 δοθέντα
2619 2415 2866 2486 καρπόν;
2911 2413 3070 2485 Ὁρᾷς
3116 2413 3239 2464 ὅσον
3285 2409 3387 2478 τῆς
3429 2405 3836 2475 ἐπαναλήψεως
3866 2402 3954 2455 εὖ·

2355 2505 2482 2575 ρέΟη
2510 2505 2571 2558 τὸ
2609 2507 2833 2575 κέρδος;
2876 2502 3209 2558 Μανθανὲτω
3237 2497 3530 2570 τοιγαροῦν
3558 2497 3647 2550 διὰ
3685 2495 3905 2548 τούτων
3929 2496 3957 2544 ο

2350 2597 2618 2653 διδάσκειν
2644 2596 3092 2666 πεπιστευμένος,
3117 2582 3275 2648 ὄκνου
3306 2592 3404 2662 μὲν
3437 2587 3681 2659 ἀμείνων
3713 2583 3957 2656 ὁρᾶσθαι

2353 2689 2572 2754 παντὸς,
2605 2688 2781 2758 ἑαυτῷ
2809 2688 2864 2741 δὲ
2893 2687 3076 2754 πλέον,
3107 2687 3140 2758 ἢ
3179 2689 3294 2749 τοῖς
3332 2683 3715 2756 ἀκροωμένοις
3752 2679 3959 2746 ἐπιζή-

2356 2795 2474 2849 μιον
2505 2777 2752 2848 ἡγεῖσθαι
2805 2777 2901 2848 τὴν
2957 2777 3188 2848 σιωπὴν,
3237 2776 3331 2829 καὶ
3369 2774 3444 2845 μὴ
3488 2774 3567 2836 είς
3612 2770 3821 2840 ἀργίαν
3859 2766 3962 2836 μὲν

2353 2869 2578 2939 ἀδρανῆ,
2605 2867 2855 2936 καθάπερ
2885 2867 2963 2930 είς
2999 2866 3121 2935 γῆν,
3156 2865 3217 2917 τὸ
3256 2861 3575 2918 δεσποτικὸν
3599 2857 3965 2928 ἀντορὺττειυ

2352 2960 2632 3025 τάλαντον,
2673 2957 2946 3025 διανέμειν
2988 2957 3045 3010 δὲ
3098 2955 3298 3026 μᾶλλον
3334 2956 3448 3016 τοῖς
3490 2949 3861 3022 τραπεζίταις
3903 2947 3965 2998 το

2354 3051 2643 3122 ἀργύριον·
2689 3051 2960 3117 κομιεῖται
3005 3047 3112 3115 γὰρ
3168 3047 3196 3098 6
3253 3043 3443 3113 Σωτὴρ
3492 3043 3555 3095 τὸ
3609 3037 3816 3094 ἑαυτοῦ
3867 3039 3966 3089 συί

2352 3139 2516 3210 τόκῳ,
2555 3141 2648 3192 καὶ
2681 3138 2932 3208 καθάπερ
2965 3137 3086 3190 τινὰ
3132 3136 3333 3210 σπόρον
3359 3132 3697 3202 ζωογονήσει
3738 3131 3837 3182 τὶν
3869 3131 3966 3194 ἐγ-

665 3222 795 3276 durn
832 3217 1125 3287 genuinam
1176 3217 1337 3272 istius
1392 3219 1470 3274 rei
1522 3217 2075 3273 demonstrationem.
2130 3214 2251 3271 Non

2356 3229 2764 3300 καταϐληθέντα
2807 3228 2985 3295 λόγον.
3021 3229 3204 3299 Ἔχεις
3241 3228 3298 3278 ἐν
3329 3223 3542 3286 τούτοις
3577 3221 3970 3289 εὐφυεστάτην

665 3318 927 3374 gravatus
955 3309 1097 3362 enim
1155 3307 1403 3378 Baptista
1452 3310 1573 3364 suis
1613 3308 1908 3377 discipulis
1958 3307 2250 3362 Dominum

665 3398 988 3463 ostendere,
1026 3399 1337 3470 iterumque
1367 3411 1646 3468 repetere:
1690 3419 1707 3450 ι
1756 3399 1898 3455 Ecce
1926 3413 2104 3467 agnus
2135 3397 2250 3460 Dei,

665 3489 760 3558 qui
816 3488 956 3542 tollit
984 3496 1271 3558 peccatum
1300 3490 1493 3543 mundi
1525 3490 1594 3554 '9,
1644 3510 1662 3541 ι
1705 3498 1919 3543 tantum
1963 3488 2253 3556 discipulis

668 3580 786 3634 suis
821 3580 1084 3647 contulit,
1121 3587 1180 3634 ut
1208 3595 1306 3635 eos
1347 3580 1503 3649 sequi
1535 3581 1760 3636 demum
1806 3579 2166 3649 persuaserit,
2201 3584 2255 3632 ct

667 3672 790 3742 ejus
818 3671 1124 3741 disciplina:
1150 3685 1276 3727 sesc
1300 3671 1415 3740 jam
1446 3680 1559 3724 tum
1590 3671 1909 3740 adjungcre.

736 3867 779 3933 l,
812 3868 900 3924 58.
937 3868 1230 3922 Conversus
1279 3877 1455 3920 autem
1499 3862 1677 3927 Jesus,
1730 3872 1778 3916 et
1833 3861 2011 3914 videns
2055 3876 2141 3913 eos
2182 3876 2258 3913 se-

667 3970 880 4032 quentes
919 3976 994 4023 se,
1025 3956 1154 4012 dicii
1181 3959 1256 4012 eis
1283 3973 1294 3984 '
1331 3956 1474 4021 Quid
1505 3955 1790 4025 qua'ritis?

740 4050 1063 4122 Opportune
1103 4065 1412 4105 conversus
1443 4055 1529 4102 est
1567 4045 1832 4100 Dominus
1863 4043 1928 4096 ad
1969 4049 2260 4110 sequentes

672 4163 754 4213 se,
776 4155 836 4200 ut
867 4146 1051 4215 reipsa
1081 4145 1269 4199 discas
1297 4141 1445 4212 quod
1479 4141 1534 4194 in
1559 4139 1796 4194 Psalmis
1827 4137 2085 4190 canitur:
2118 4154 2137 4185 ι
2159 4131 2263 4186 Es-

671 4238 873 4310 quisivi
924 4237 1217 4292 Dominum
1269 4245 1324 4290 et
1371 4233 1608 4288 intendit
1657 4229 1788 4284 mihi
1823 4227 1913 4282 ⁸⁹’.
1957 4246 1974 4278 ι
2007 4225 2262 4291 Quandiu

671 4333 820 4388 enim
855 4333 1016 4387 bonis
1046 4331 1300 4385 moribus
1333 4338 1389 4384 et
1420 4334 1573 4382 recta
1617 4323 1721 4378 [ide
1763 4322 1935 4375 Demn
1968 4336 2079 4374 non
2109 4334 2262 4388 quae-

671 4428 867 4488 rimus,
891 4431 1017 4494 post
1047 4423 1227 4492 ipsum
1256 4434 1451 4474 averso
1474 4418 1627 4471 vultu
1654 4413 2062 4484 quodammodo
2089 4412 2262 4466 collo-

2354 3323 2461 3376 τῶν
2490 3323 2796 3394 εἰρημένων
2831 3319 3123 3383 ἀπόδειξιν.
3162 3318 3234 3370 Οὐ
3265 3316 3373 3387 γὰρ
3408 3315 3648 3384 ὀκνήσας
3686 3313 3715 3364 6
3754 3311 3971 3363 Βαπτι·

2359 3413 2486 3482 στὴς
2515 3415 2622 3474 τοῖς
2662 3409 2856 3464 ἑαυτοῦ
2883 3409 3148 3482 μαθηταῖς
3178 3407 3442 3472 ἐπιδεῖξαι
3480 3405 3572 3458 τὸν
3603 3403 3842 3472 Κύριον,
3874 3400 3974 3452 καὶ

2357 3506 2436 3567 είς
2465 3504 2713 3573 δεύτερον
2742 3505 2912 3555 εἰπεῖν
2937 3519 2950 3532 ο
2990 3521 3008 3552 ι
3054 3501 3161 3554 Ἴδε
3190 3502 3216 3554 6
3247 3500 3418 3570 ἀμνὸς
3448 3497 3540 3551 τοῦ
3567 3495 3708 3550 θεοῦ
3736 3496 3765 3546 ὁ
3794 3494 3974 3563 αἴρων

2357 3596 2455 3666 τὴν
2503 3595 2776 3664 ἁμαρτίαν
2821 3593 2914 3647 τοῦ
2961 3593 3186 3661 κόσμου,
3231 3611 3250 3642 ι
3285 3591 3541 3644 τοσοῦτον
3573 3587 3777 3647 αὐτοὺς
3824 3585 3976 3650 ὡσε-

2357 3689 2528 3758 λήσας
2554 3688 2766 3757 ὁρᾶται,
2798 3687 2871 3748 ὠς
2916 3684 3010 3738 καὶ
3057 3685 3351 3736 ὑποπεῖσαι
3395 3680 3584 3734 λοιπὸν
3618 3675 3976 3737 ἀκολουθεῖν,

2359 3781 2455 3833 καὶ
2487 3779 2589 3849 ήδη
2629 3779 2728 3848 τῆς
2762 3779 2852 3831 ὑπ’
2891 3777 3037 3846 αὐτῷ
3074 3776 3375 3848 μαθητείας
3402 3776 3551 3844 ἐρᾷν.

2435 3870 2722 3938 Στραςεεὶς
2750 3868 2817 3920 δὲ
2843 3872 2875 3922 ό
2913 3869 3162 3934 Ἰησοῦς,
3190 3868 3287 3920 καὶ
3327 3864 3708 3932 θεασάμενος
3739 3878 3776 3913 ιι
3789 3859 3976 3925 αὖτοὺς

2361 3960 2870 4024 ἀκολουθοῦντας,
2904 3958 3065 4027 λέγει
3097 3958 3324 4022 αὐτοῖς.
3351 3957 3410 4010 Τί
3445 3954 3708 4022 (quire;

2446 4049 2789 4118 Ἐπεστράφη
2832 4047 3115 4117 χρησίμως
3175 4046 3312 4116 πρὸς
3351 4045 3481 4107 τοὺς
3527 4040 3982 4100 ἀκολουθοῦντας

2363 4143 2390 4192 ὀ
2423 4137 2644 4208 Κύριος,
2675 4138 2762 4190 ἵνα
2805 4137 2950 4207 ἔργῳ
2993 4137 3168 4207 μάθῃς
3210 4137 3267 4189 το
3318 4135 3756 4206 μελῳδούμενον·
3797 4153 3816 4183 ι
3853 4133 3978 4196 Ἐξ-

2366 4230 2603 4298 εζὴτησα
2632 4229 2722 4280 τὸν
2761 4229 2998 4296 Κύριον,
3049 4230 3144 4280 καὶ
3176 4229 3447 4298 προσέσχε
3500 4244 3626 4296 μοι·

2365 4322 2472 4390 γὰρ
2510 4318 2661 4372 οὔπω
2711 4320 2798 4372 διὰ
2829 4320 3045 4390 τρόπων
3077 4319 3319 4389 ἀγαθῶν,
3367 4320 3463 4373 καὶ⁷
3503 4320 3603 4388 τῆς

2369 4409 2575 4463 στεύειν
2654 4410 2940 4481 ὀρθότητος
3019 4410 3384 4480 ἐπιζητοῦμεν
3477 4410 3568 4463 τδν

3676 4247 3693 4277 δ
3727 4225 3842 4287 ἓως
3881 4225 3983 4294 με.

3645 4321 3704 4371 ἐν
3753 4319 3836 4387 τῷ
3891 4335 3985 4370 ττι-

3019 4410 3384 4480 ὲπιζητοῦμεν
3477 4410 3568 4463 τδν
3657 4409 3836 4470 Θεὸν,
3919 4411 3993 4462 ἐκ

672 4516 780 4570 cati
815 4528 1044 4570 sumus:
1088 4512 1183 4566 sed
1215 4524 1342 4565 cum
1377 4507 1578 4562 divina:
1620 4502 1760 4572 legis
1795 4501 1885 4555 siti
1921 4509 2174 4554 sanctum
2209 4509 2255 4554 et

2371 4501 2660 4572 προσώπου
2703 4502 2903 4572 τρόπον
2950 4502 3074 4554 τινὰ
3134 4502 3361 4554 κατόπιν
3414 4501 3683 4571 κείμεθα·
3724 4501 3874 4552 ἐπὰν
3934 4501 3994 4553 δὲ

670 4605 935 4661 eximium
974 4603 1205 4672 iustitia:
1258 4601 1361 4653 iter
1411 4596 1748 4656 insistimus,
1793 4600 1923 4645 tunc
1954 4599 2104 4644 certe
2157 4606 2259 4646 nos

671 4697 917 4768 respicit,
948 4694 1080 4749 illud
1120 4692 1283 4746 nobis
1313 4687 1655 4742 inclamans:
1704 4702 1716 4734 ι
1757 4681 2156 4736 Convertimini
2192 4681 2259 4734 ad

671 4804 776 4852 me,
815 4795 870 4843 et
918 4792 1214 4841 convertar
1261 4779 1330 4833 ad
1379 4792 1496 4840 vos,
1530 4774 1666 4829 dicit
1701 4772 1968 4828 Dominus
2007 4772 2260 4840 omnipo-

673 4878 911 4932 tens‘°.r
940 4875 1023 4928 Ad
1053 4888 1150 4928 eos
1185 4879 1367 4923 autem
1401 4866 1689 4931 Christus,
1723 4882 1741 4914 ι
1773 4863 1914 4928 Quid
1937 4862 2254 4932 quaeritis?»

671 4969 874 5039 inquit,
909 4982 1020 5022 non
1054 4962 1202 5034 quod
1229 4963 1510 5032 ignoraret
1548 4956 1766 5025 (cuncta
1800 4954 1946 5010 enim
1997 4954 2168 5017 novit,
2206 4965 2263 5008 ut

672 5057 864 5127 Deus),
897 5055 992 5111 sed
1031 5054 1180 5124 quod
1211 5049 1702 5118 interrogationem
1734 5046 1877 5099 hanc
1908 5044 2261 5115 colloquendi

671 5147 1037 5219 primordium
1072 5157 1138 5196 ac
1171 5141 1338 5196 veluti
1374 5139 1620 5194 radicem
1650 5144 1937 5191 statueret.

743 5328 786 5391 Ι,
821 5326 911 5380 58.
954 5323 1062 5390 Qui
1097 5321 1346 5375 dixerunt
1375 5318 1456 5371 ei:
1491 5315 1658 5370 Rabbi
1687 5313 1846 5386 (quod
1871 5312 2067 5366 dicitur
2101 5316 2261 5366 inter-

671 5427 937 5490 pretatqu
968 5413 1264 5484 magister);
1297 5410 1386 5465 ubi
1411 5409 1664 5465 habitas?

748 5511 915 5562 Docte
964 5508 1015 5560 ei
1071 5511 1374 5559 occurrunt
1407 5499 1758 5570 interrogati.
1811 5497 2057 5552 Primum
2113 5497 2257 5552 enim

678 5602 1004 5672 magistrum
1058 5599 1238 5668 ipsum
1291 5601 1512 5659 vocant,
1567 5592 1716 5647 clare
1765 5588 2146 5660 signiﬁcantes
2207 5605 2265 5642 se

1362 5779 1406 5809 ³⁸
1439 5774 1675 5842 Philipp.
1718 5787 1796 5836 III,
1841 5771 1883 5822 Ι.

769 5771 809 5806 ⁵⁷⁷
842 5781 940 5834 lszl.
991 5796 1141 5842 \Iltl,
1179 5780 1269 5832 ‘25.

1965 5770 2007 5799 ⁸³
2038 5767 2171 5821 Jortzt
2231 5786 2265 5834 I,
2301 5773 2388 5822 illi.
2429 5769 2496 5800 ⁸””
2537 5767 2655 5822 νδιά
2712 5783 2901 5829 53‘3""
2941 5769 2991 5821 δ’

2366 4589 2455 4642 τὸν
2499 4590 2640 4642 Οεῖον
2685 4591 2848 4643 αὑτοῦ
2889 4589 3211 4660 διψήσαντες
3261 4592 3424 4660 νόμον
3451 4630 3465 4652 ,
3509 4590 3610 4658 τὴν
3658 4588 3835 4656 ἁγίαν
3890 4595 3996 4643 καί

2367 4681 2639 4752 ἐξαίρετον
2667 4683 2763 4750 τῆς
2788 4681 3128 4750 δικαιοσύνης
3168 4681 3542 4752 ἰχνηλατῶμεν
3572 4682 3716 4743 ὁδον,
3757 4682 3894 4734 τότε
3926 4683 4000 4753 δή

2369 4773 2583 4835 πάντως
2631 4775 2776 4841 ἡμᾶς
2828 4772 3183 4841 ἐπισκέψεται
3226 4773 3287 4825 τὸ
3349 4772 3745 4842 γεγραμμένον
3797 4774 4001 4827 ἐκεῖνο

2373 4864 2539 4932 βοῶν’
2578 4883 2595 4914 ‹
2636 4864 3022 4934 Ἐπιστρέψατε
3061 4864 3196 4934 πρός
3230 4881 3318 4934 με,
3354 4865 3449 4916 καὶ
3477 4865 3998 4933 ὲπιστραιξήσομα.

2369 4951 2502 5022 πρὸς
2530 4953 2693 5020 ὑμᾶς,
2727 4953 2871 5019 λέγει
2904 4952 3102 5022 Κύριος
3145 4953 3565 5025 παντοκράτωρ.
3606 4973 3624 5005 ι
3655 4984 3729 4992 -
3768 4973 3787 5004 ι
3832 4955 3910 5006 Τί
3950 4959 3998 5010 ὃς

2371 5042 2616 5111 Cmam;
2655 5063 2670 5093 ι
2705 5045 2836 5112 φησί
2862 5045 2995 5114 πρὸς
3029 5045 3255 5107 αὐτούς’
3291 5046 3393 5099 οὐκ
3421 5047 3724 5116 ἀγνοήσας,
3772 5046 3967 5101 πόθεν
3990 5069 4001 5079 ·

2373 5132 2548 5184 πάντα
2578 5134 2683 5204 γὰρ
2716 5132 2851 5187 οἶδεν
2883 5135 2956 5197 ὡς
2997 5135 3165 5197 Θεός*
3207 5137 3382 5208 ἀρχὴν
3428 5137 3484 5189 δὲ
3533 5138 3628 5189 καὶ
3658 5137 3829 5204 ῥίζαν
3869 5142 4002 5199 ταῖς

2371 5221 2635 5286 διαλέξεσι
2664 5224 2827 5287 τιθεὶς
2854 5225 2955 5294 τὴν
2988 5225 3278 5295 ἐρώτησιν.

2455 5315 2604 5369 Οίδὲ
2628 5312 2798 5369 εἷπον
2831 5317 3008 5382 αὐτῷ·
3055 5317 3272 5376 Ῥαϐϐὶ,
3306 5317 3338 5370 ὃ
3371 5318 3612 5385 λέγεται
3641 5319 3988 5390 ἑρμηνευό-

2367 5425 2576 5479 μενον,
2609 5405 2961 5470 Διδάσκαλε,
2995 5409 3111 5462 ποῦ
3148 5408 3386 5476 per-61¢;

2442 5497 2816 5560 Εὑπαιδεύτως
2860 5498 3169 5551 ὑπαντῶσιν
3226 5501 3274 5551 οἱ
3330 5501 3786 5570 διερωτώμενοι·
3838 5503 3998 5557 διδα-

2379 5587 2569 5642 σκαλον
2619 5588 2724 5656 γὰρ
2771 5588 2868 5658 ἤδη
2919 5587 3161 5652 καλοῦσι,
3205 5591 3266 5642 το
3319 5591 3611 5659 βούλεσθαί
3656 5611 3712 5647 τι
3765 5594 3982 5664 μαθεῖν

3074 5769 3115 5799 δ”
3146 5769 3382 5823 Lcliar.
3421 5787 3458 5832 ι,
3499 5771 3550 5825 ὖ.
