4222 6510
161 425 257 479 Si?

1208 427 1272 480 IN
1311 426 1597 483 JOANNIS
1629 427 2073 505 EVANGELIUM
2124 433 2251 490 LIB.
2296 433 2361 489 ll.

3314 431 3421 488 218

162 536 245 591 οιὰ
301 536 487 591 τούτου
536 538 721 607 σαςρῶς
782 537 1203 609 ἑρμηνεύοντες·
1248 535 1367 593 εἶτα
1416 540 1511 609 τὴν
1562 541 1741 593 ἐστίάν

1810 588 1817 599 .
1845 542 1982 598 velle
2011 544 2217 614 aliquid
2246 544 2481 599 discere.
2508 544 2643 598 Tum
2676 549 2871 614 rogant
2896 542 2973 596 uti
3006 540 3231 595 domum
3265 552 3421 595 suam

160 627 399 693 ἀξιοῦσιν
431 633 623 691 εἰπεῖν,
656 630 727 693 ὡς
760 632 816 683 ἐν
850 632 986 702 αύτῇ
1018 632 1116 701 τὴν
1153 633 1340 703 χρείαν
1366 632 1614 702 ἐροῦντες
1652 635 1739 683 εὑ-

159 720 391 792 καίρως·
434 722 494 773 οὐ
518 722 625 793 γὰρ
653 722 846 793 δήπου,
874 722 1017 776 κατὰ
1060 723 1120 776 τὸ
1167 723 1332 787 είκδς,
1378 724 1470 777 τὸν
1510 726 1600 777 ἐπὶ
1628 726 1739 787 τοῖς

158 812 474 880 ἀναγκαίοις
505 814 681 882 λόγον,
716 814 833 867 ὁδοῦ
869 816 1144 886 πάρεργον
1176 816 1445 869 ποιεῖσθαι
1488 816 1599 869 δεῖν
1630 816 1740 867 ἐδο-

158 903 392 974 κίμαζεν
432 905 532 977 [αι.
577 906 950 979 ἐδοκίμαζον]’
988 908 1139 962 ἔσται
1184 908 1239 962 δὲ
1283 908 1443 963 πάλιν
1484 910 1618 980 ἡμῖν
1662 909 1741 971 είς

157 997 327 1049 τύπον
356 998 615 1069 ἐπωφελῆ
646 999 1037 1071 τὸλεγόμενον.

224 1088 397 1157 Λέγει
436 1090 641 1157 αὐτοῖς
661 1108 674 1121 ·
703 1092 988 1160 Ἔρχεσθε
1021 1092 1116 1145 καί
1144 1092 1315 1146 ἴδετε.

228 1185 303 1236 Ού
336 1185 594 1256 σημαίνει
620 1185 717 1256 τὴν
746 1186 943 1252 οίκίαν,
982 1187 1155 1241 καίτοι
1209 1187 1365 1239 τοῦτο
1406 1187 1575 1238 ποιεῖν
1604 1185 1743 1249 ἐξαι-

152 1275 456 1344 τούμενος,
513 1277 647 1331 ίέναι
697 1278 754 1331 δὲ
808 1280 1008 1349 μᾶλλον
1058 1280 1136 1342 είς
1193 1278 1361 1349 αὐτὴν
1404 1278 1741 1348 παραχρῆμα

154 1368 401 1420 κελεύει·
440 1369 656 1439 πρῶτον
698 1371 796 1440 μὲν
847 1373 1021 1425 ἐκεῖνο
1054 1371 1340 1435 διδάσκων,
1376 1370 1450 1433 ὡς
1505 1372 1562 1423 ἐν
1608 1370 1742 1423 ὑπο“

152 1458 403 1527 γραμμῷ
428 1460 504 1530 τῷ
538 1460 851 1532 πράγματι,
882 1462 1091 1515 ὅτιτῶν
1122 1464 1343 1531 ἀγαθῶν
1372 1464 1470 1532 τὴν
1517 1462 1743 1533 ζήτησιν

151 1551 251 1601 ούκ
282 1552 363 1612 εἰς
389 1552 708 1621 ὑπερθέσεις
732 1553 1181 1625 ἀναῤῥιπτεῖσθαι
1209 1555 1390 1607 καλόν·
1410 1554 1469 1606 τὸ
1494 1554 1601 1625 γάρ
1625 1554 1758 1624 μέλ-³

153 1658 263 1692 ιειν
296 1641 433 1705 ὅλως
457 1645 511 1695 ἐν
534 1647 645 1706 τοῖς
673 1644 900 1713 ὠφελεῖν
928 1646 1224 1714 πεφυκόσιν
1264 1644 1551 1716 ἐπιζήμιον
1570 1665 1585 1678 ·
1624 1642 1744 1700 εἶτα

150 1732 294 1800 πρὸς
343 1734 539 1804 τούτῳ,
587 1736 680 1788 καὶ
718 1734 857 1797 τόδε,
913 1736 995 1788 ὅτι
1035 1739 1145 1798 τοῖς
1200 1736 1481 1802 ἀγνοοῦσιν
1526 1737 1604 1789 ἔτι
1652 1738 1742 1789 τὸν

151 1825 311 1889 ἅγιον
358 1821 506 1878 οἷκον
540 1826 636 1879 τοῦ
683 1829 932 1898 Σωτῆρος
962 1828 1118 1899 ἡμῶν
1141 1829 1396 1896 Χριστοῦ,
1437 1830 1578 1882 τοῦτ’
1605 1830 1738 1894 ἔστι,

151 1914 250 1983 τὴν
292 1915 640 1983 Ἐκκλησίαν,
672 1916 733 1969 ού
764 1917 824 1969 τὸ
854 1918 976 1969 ὅποι
1027 1917 1157 1970 ποτὲ
1202 1923 1374 1971 κεῖται
1416 1918 1605 1988 μαθεῖν
1647 1919 1742 1988 ἀρ-

153 2005 305 2057 κέσει
339 2006 475 2074 πρὸς
508 2007 803 2077 σωτηρίαν,
847 2007 983 2061 ἀλλά
1038 2008 1100 2061 τὸ
1147 2009 1318 2062 ἐλθεῖν
1363 2012 1443 2071 είς
1478 2010 1744 2063 αύτὸνδιά

153 2114 251 2165 της
286 2098 545 2163 πίστεως,
579 2099 705 2153 ίδείν
753 2118 810 2152 τε
851 2100 921 2154 τά
970 2103 1028 2154 ἐν
1058 2102 1206 2177 αύτῷ
1248 2104 1521 2173 μυστικῶς
1557 2103 1742 2173 δηλον-

153 2191 231 2241 ότι
264 2190 590 2260 τελούμενα.

220 2276 454 2335 Ἦλθον
476 2279 589 2338 οὖν
626 2284 722 2337 καὶ
750 2281 914 2338 εἶδον
940 2286 1057 2340 ποῦ
1074 2286 1262 2357 μένει,
1292 2289 1387 2341 καὶ
1427 2287 1560 2355 παρ’
1586 2285 1746 2353 αὐτῷ

154 2372 404 2440 ἔμειναν
434 2373 547 2441 τὴν
576 2374 806 2443 ἡμέραν
831 2376 1073 2443 ἐκείνην
1094 2395 1106 2408 ο
1152 2376 1272 2447 ὥρα
1300 2375 1378 2449 ἦν
1404 2380 1483 2444 ὡς
1506 2379 1743 2447 δεκάτη.

225 2552 595 2623 Εύπαρέδρως
623 2554 671 2605 οί
709 2554 948 2624 μαθηταὶ
976 2556 1075 2626 τὴν
1102 2555 1209 2609 τῶν
1243 2556 1399 2610 θείων
1431 2558 1745 2628 μυστηρίων

158 2645 505 2698 ἐπαιδεύοντο
532 2646 731 2711 γνῶσιν
754 2663 767 2675 ο
797 2649 857 2699 ού
889 2647 996 2717 γάρ
1024 2642 1179 2716 οἶμαι
1212 2650 1442 2719 πρέπειν
1486 2650 1745 2721 ἁψίκορον

157 2738 264 2796 τοῖς
305 2734 663 2804 φιλομαθέσιν
701 2736 966 2805 ὑπάρχειν
1011 2736 1269 2799 διάνοιαν,
1305 2738 1746 2808 φιλοπονωτάτην

158 2826 209 2876 ἐξ
244 2826 467 2895 μᾶλλον,
503 2828 594 2878 καὶ
627 2827 723 2896 τῆς
757 2828 814 2880 ἐν
853 2828 1072 2898 ἱδρῶσιν
1114 2829 1337 2896 ἀγαθοῖς
1386 2830 1747 2901 μικροψυχίας

163 2921 472 2988 κρείττονα,
503 2919 578 2981 ὡς
627 2920 705 2981 εἰς
753 2918 969 2972 ᾶπαντα
1011 2920 1110 2989 τῆς
1153 2920 1295 2989 ζωῆς
1332 2919 1423 2972 τὸν
1469 2921 1656 2989 καιρὸν
1691 2923 1748 2973 ἐν

159 3010 440 3079 ὁλοκλήρῳ
500 3012 565 3079 τῇ
622 3009 903 3080 προθυμία
966 3009 1253 3079 φαίνεσθαι
1314 3010 1743 3080 διαπρέποντας⁵

158 3097 313 3149 τοῦτο
344 3098 453 3167 γάρ
483 3097 559 3160 ὡς
596 3098 660 3149 δι’
691 3098 1013 3165 αἰνίγματος
1043 3094 1194 3167 οἶμαι
1231 3098 1420 3168 δηλοῦν
1455 3100 1536 3164 τὸ,
1569 3119 1586 3147 ι
1612 3101 1746 3171 Παρ’

162 3190 305 3259 αύτῷ
338 3190 553 3259 ἔμειναν
602 3190 700 3259 τὴν
726 3190 941 3259 ἡμέραν
976 3190 1223 3261 ἐκείνην·
1263 3210 1281 3242 ι
1319 3190 1501 3261 ἐπειδὴ
1544 3192 1600 3244 δέ
1644 3209 1747 3261 φη-

160 3300 261 3347 σιν,
301 3301 319 3333 ι
359 3284 501 3353 Ὦρα
538 3279 605 3352 ἦν
637 3282 712 3344 ὡς
755 3283 977 3352 δεκάτη,
1016 3302 1033 3332 ι
1069 3284 1162 3336 καὶ
1213 3282 1349 3353 πρὸς
1400 3284 1530 3336 αὐτὸ
1585 3283 1743 3337 τοῦτο

159 3376 391 3443 λέγομεν
419 3374 508 3426 τὸν
549 3375 764 3443 ἑκάστῳ
813 3374 1082 3444 χρήσιμόν
1119 3391 1179 3426 τε
1227 3374 1319 3426 καὶ
1352 3375 1548 3427 οἰκεῖον
1580 3376 1742 3446 ἐφαρ-

164 3468 421 3534 μόζοντες
444 3466 621 3534 λόγον,
648 3467 729 3518 ὅτι
753 3466 913 3518 πάλιν
942 3467 1086 3536 ἡμᾶς
1116 3465 1202 3518 διά
1237 3465 1338 3535 τῆς
1372 3465 1513 3519 οῦτω
1538 3466 1740 3535 λεπτῆς

160 3558 555 3627 ἐπιχειρήσεως
601 3555 905 3610 ἐκδιδάσκει
954 3555 1053 3625 τῆς
1096 3554 1370 3624 θεολογίας
1422 3557 1449 3609 ὀ
1502 3573 1738 3625 συγγρα-

160 3650 314 3715 φεὺς,
359 3650 430 3712 ὡς
460 3650 559 3701 οὐκ
588 3652 646 3701 ἐν
674 3649 815 3718 ἀρχῇ
851 3645 942 3699 τοῦ
985 3648 1249 3717 παρόντος
1280 3647 1469 3710 αίῶνος
1499 3648 1559 3700 τὸ
1597 3648 1737 3717 μέγα

159 3741 249 3793 τοῦ
283 3742 536 3811 Σωτῆρος
562 3741 718 3809 ἡμῶν
743 3739 990 3811 ἐγνώσθη
1021 3741 1336 3809 μυστήριον,
1360 3740 1472 3793 ἀλλ’
1494 3741 1571 3801 εἰς
1591 3741 1742 3804 τέλος

157 3834 256 3904 ἤδη
290 3834 653 3894 καταλύοντος
697 3832 791 3884 τοῦ
839 3831 1070 3903 καιροῦ·
1107 3850 1125 3883 ι
1173 3831 1289 3884 Ἐπ’
1322 3832 1563 3900 ἐσχάτων
1609 3832 1739 3903 γάρ,

158 3926 230 3987 (τις
266 3927 601 3993 γέγραπται,
648 3924 755 3975 τῶν
802 3922 1023 3992 ἡμερῶν
1070 3922 1305 3975 διδακτοὶ
1355 3925 1552 3985 πάντες
1610 3924 1742 3975 ἀνα-

156 4014 477 4084 δεξεὲγμεθα
508 4013 666 4066 Θεοῦ.
704 4034 721 4064 ι
758 4015 923 4083 Δέχου
954 4015 1011 4066 δέ
1046 4031 1133 4083 μοι
1168 4014 1326 4066 πάλιν
1372 4014 1479 4066 τῶν
1522 4016 1743 4084 εἰρημέ-

156 4129 259 4161 νων
292 4109 476 4161 εἰκόνα
505 4106 633 4176 περὶ
670 4106 769 4176 τὴν
809 4105 1039 4175 δεκάτην
1081 4104 1249 4175 ὤραν,
1282 4107 1740 4176 προσεδρεύοντας

158 4201 230 4269 τις)
277 4201 494 4269 Σωτῆρι
547 4200 673 4259 τοὺς
727 4196 995 4267 μαθητὰς,
1048 4196 1141 4259 οὓς
1192 4199 1285 4250 καὶ
1333 4198 1742 4262 καταλύσαντας

159 4292 301 4354 απαξ
340 4288 856 4360 προσμεμενηκὲναι
890 4288 1051 4358 φησὶν
1079 4291 1107 4341 ὁ
1137 4289 1290 4355 ἆγιος
1321 4290 1708 4362 εύαγγελιστής
1728 4311 1739 4324 ι

1843 633 2076 699 imliret,
2135 644 2393 704 tanquam
2444 633 2517 687 ibi
2551 644 2857 703 opportune
2904 630 3105 687 dicturi
3158 630 3303 700 quod
3352 630 3423 684 sil.

1843 740 2024 795 opera:
2060 730 2319 795 pretium.
2360 722 2629 778 Nolebant
2684 724 2852 786 enim,
2904 731 2963 777 ut
3019 706 3280 777 credibile
3316 727 3421 779 cst,

1841 817 1909 872 de
1952 819 2120 873 rebus
2143 816 2489 888 gravissimis
2521 816 2700 871 obiter
2731 822 2943 868 tantum
2986 813 3250 883 colloqui.
3305 810 3425 876 Quo

1842 924 1907 963 cx
1948 911 2096 965 dicto
2142 909 2450 980 exemplum
2484 908 2650 963 nobis
2684 921 2877 962 rursus
2925 906 3058 961 utile
3091 903 3420 976 capiendum

1842 1008 1945 1057 est.

1920 1093 2079 1163 130
2107 1091 2149 1161 Ι,
2177 1092 2265 1148 59.
2300 1090 2441 1145 Dicit
2471 1092 2542 1145 eis
2563 1107 2581 1144 :
2606 1090 2788 1145 Venite
2819 1097 2867 1143 et
2896 1087 3081 1142 videte.

1916 1186 2149 1242 Domum
2195 1198 2353 1241 suam
2402 1200 2516 1240 non
2560 1183 2789 1247 indicat,
2829 1182 3085 1252 quamvis
3116 1180 3221 1234 hoc
3263 1191 3423 1247 roga-

1843 1289 2018 1345 retur,
2051 1279 2147 1335 sed
2192 1279 2374 1348 potius
2424 1284 2482 1331 ut
2525 1276 2592 1330 ad
2640 1290 2760 1331 eam
2801 1272 2988 1329 statim
3043 1286 3101 1326 se
3136 1270 3425 1325 conferant

1840 1372 2014 1443 jubet.
2071 1370 2307 1427 Primum
2362 1370 2607 1440 quidem,
2642 1374 2701 1421 ut
2753 1382 2817 1421 ea
2874 1380 2934 1419 re
2992 1362 3060 1417 ad
3112 1360 3422 1430 exemplum

1780 1536 1783 1543 η
1818 1467 2130 1539 ς.ρι·οι)οείιιι
2163 1466 2384 1521 doceret
2430 1464 2483 1517 in
2519 1460 2832 1533 quaerendis
2862 1456 3024 1513 bonis
3072 1454 3274 1508 malam
3302 1467 3428 1507 esse

1844 1562 2204 1617 dilationem:
2248 1560 2302 1614 in
2344 1560 2509 1613 rebus
2564 1556 2709 1611 enim
2760 1553 2991 1608 utilibus
3024 1549 3291 1604 damnosa
3341 1552 3427 1601 est

1845 1656 2028 1709 omnis
2058 1652 2357 1707 cunctatio.
2400 1647 2624 1709 Deinde,
2655 1642 3043 1715 ignorantibus
3069 1639 3247 1694 adhuc
3300 1651 3427 1692 san-

1845 1758 1989 1803 ctam
2029 1746 2328 1801 Salvatoris
2361 1742 2536 1798 nostri
2569 1738 2775 1795 Christi
2819 1736 3067 1797 domum,
3111 1731 3164 1786 id
3204 1739 3289 1785 est
3320 1727 3426 1781 Ec-

1845 1839 2094 1902 clcsiam,
2142 1838 2209 1891 ad
2267 1838 2499 1890 salutem
2546 1846 2656 1887 non
2706 1827 2976 1890 suﬂicere,
3032 1824 3078 1879 si
3132 1820 3426 1877 didicerint

1848 1930 2072 1986 ubinam
2111 1928 2202 1982 illa
2233 1928 2327 1991 sit,
2363 1924 2470 1979 nisi
2508 1924 2574 1978 ad
2603 1923 2781 1992 ipsum
2823 1934 2921 1988 per
2953 1916 3113 1971 ﬁdem
3147 1912 3422 1977 venerint,

1844 2031 1897 2077 ct
1929 2036 2051 2092 qum
2080 2019 2310 2091 mystice
2338 2018 2392 2072 in
2425 2032 2490 2071 co
2520 2018 2859 2085 peraguntur
2885 2006 3282 2079 perspexerint.

1917 2287 1961 2352 Ι,
1991 2285 2083 2341 '59.
2124 2282 2385 2338 Venerunt
2424 2278 2586 2349 igitur
2610 2284 2659 2329 et
2708 2273 2945 2328 viderunt
2969 2270 3060 2324 ubi
3087 2274 3342 2329 maneret,
3374 2272 3426 2318 et

1846 2380 1986 2449 apud
2023 2394 2142 2435 eum
2190 2382 2499 2429 manserunt
2537 2371 2625 2424 die
2672 2368 2799 2422 illo:
2830 2365 2962 2420 liora
2997 2371 3110 2417 erat
3148 2359 3302 2431 quasi
3331 2357 3425 2411 de-

1848 2476 2005 2529 cinia.

1919 2562 2140 2620 Assidui
2171 2568 2328 2616 erant
2352 2556 2608 2625 discipuli
2639 2556 2693 2608 in
2728 2548 3080 2623 percipienda
3110 2545 3423 2600 divinorum

1849 2654 2236 2726 mysteriorum
2264 2649 2607 2719 cognitione.
2629 2644 2925 2699 Levitatem
2956 2639 3159 2709 quippe
3176 2630 3425 2689 discendi

1848 2748 2062 2818 cupidis
2111 2743 2411 2800 convenire
2449 2756 2560 2794 non
2600 2735 2879 2799 existimo,
2935 2731 3028 2787 scd
3080 2727 3421 2784 laboriosum

1849 2840 2091 2893 animum
2129 2852 2193 2891 ac
2240 2846 2567 2904 generosum
2597 2871 2611 2895 ,
2668 2828 2804 2881 adeo
2863 2832 2921 2877 ut
2971 2823 3121 2876 omni
3180 2828 3428 2887 tempore

1850 2932 1977 2984 vitae
2016 2926 2290 2983 constanti
2320 2924 2506 2978 studio
2550 2920 2816 2975 clareant.
2861 2914 2913 2968 ld
2949 2930 3009 2968 er
3045 2928 3092 2965 .n
3125 2904 3424 2979 significari

1852 3022 2096 3076 arbitror
2130 3019 2215 3071 his
2242 3016 2461 3072 verb‘s:
2499 3032 2514 3064 ι
2559 3011 2621 3064 Et
2652 3010 2794 3080 apud
2823 3023 2945 3061 eum
2984 3024 3013 3058 u
3055 3009 3305 3057 inserunt
3336 2998 3425 3053 dic

1853 3113 1969 3166 illo.
2003 3128 2020 3160 ι
2053 3111 2189 3164 Cum
2222 3116 2404 3161 autem
2436 3104 2544 3157 ait:
2577 3120 2593 3151 ι
2628 3099 2771 3153 llora
2801 3104 2918 3153 erat
2943 3094 3101 3165 quasi
3128 3091 3361 3151 decima,
3400 3106 3422 3142 ι

1776 3221 1820 3283 c
1853 3203 2164 3271 theologum
2216 3198 2455 3254 dicimus
2504 3190 2916 3249 accommodata
2970 3188 3169 3255 cuique
3218 3182 3425 3237 ratione

1848 3308 2067 3349 rursum
2122 3306 2224 3344 nos
2279 3286 2559 3342 subtiliter
2596 3282 2847 3342 edoccrc,
2898 3292 3006 3331 non
3040 3276 3095 3329 in
3124 3272 3290 3341 hujus
3334 3284 3427 3324 Sit!-

1847 3386 1955 3441 culi
2014 3381 2315 3454 primordio
2378 3388 2636 3445 magnum
2692 3370 2828 3425 illud
2891 3365 3192 3423 Salvatoris
3249 3362 3421 3416 nostri

1846 3476 2170 3548 mysterium
2200 3470 2730 3533 innotuisse,verum
2765 3472 3005 3530 tempore
3026 3459 3137 3528 jam
3167 3456 3232 3509 ad
3262 3454 3421 3507 tinem

1846 3569 2124 3623 tendente.
2165 3584 2182 3616 ι
2227 3562 2285 3616 in
2330 3558 2649 3615 novissimis
2676 3576 2693 3607 ι
2733 3556 2982 3616 cnim,ut
3018 3549 3281 3618 scriptum
3318 3553 3420 3607 est,

1850 3680 1869 3714 ι
1910 3660 2126 3721 diebus,
2153 3655 2299 3710 docti
2331 3669 2359 3708 a
2390 3652 2498 3707 Deo
2525 3667 2717 3707 omnes
2748 3662 2939 3703 sumus
2975 3644 3037 3696 δί.
3075 3660 3093 3692 ι
3129 3639 3419 3698 Praeterea,

1844 3768 1969 3810 cum
2025 3748 2283 3819 discipuli
2332 3745 2554 3800 circiter
2590 3744 2781 3796 horam
2827 3736 3100 3791 decimam
3148 3726 3419 3783 Salvatori

1844 3842 2151 3905 assideant,
2176 3852 2229 3893 et
2257 3852 2286 3890 a
2329 3843 2521 3891 sancto
2548 3829 2883 3900 evangelista
2922 3823 3060 3894 apud
3104 3836 3227 3877 eum
3256 3832 3422 3887 porro

1847 3933 2117 3989 mansisse
2166 3930 2452 3983 dicantur:
2483 3926 2695 3979 discant
2733 3934 2926 3975 rursus
2956 3914 3082 3970 inde
3108 3912 3198 3983 qui
3237 3925 3332 3980 per
3359 3907 3421 3962 ti-

1846 4028 1969 4081 dem
1997 4025 2051 4079 in
2090 4023 2335 4077 divinam
2373 4020 2596 4074 domum
2635 4013 3043 4085 ingrediuntur,
3079 4012 3133 4061 et
3177 4004 3244 4058 ad
3270 4000 3423 4056 Cbri-

1846 4126 1991 4173 stum
2029 4122 2354 4176 accurrunt,
2386 4109 2531 4179 apud
2557 4109 2733 4177 ipsum
2761 4103 3094 4159 manendum
3141 4110 3286 4157 esse,
3324 4108 3425 4147 nec

1848 4211 1918 4265 ab
1941 4225 2006 4264 co
2034 4204 2398 4264 secedendum
2426 4203 2492 4257 ad
2527 4207 2815 4270 peccatum
2851 4190 3210 4257 transeundo,
3244 4198 3337 4242 aut
3369 4187 3423 4240 in

1852 4299 2292 4354 incredulitatem
2323 4308 2517 4348 rursus
2550 4288 2859 4361 migrando.

160 4407 239 4439 αμα
274 4405 440 4440 cur)
496 4385 841 4455 μανθάνωσιν
876 4386 923 4436 οί
995 4384 1083 4437 διά
1150 4387 1382 4448 πίστεως
1422 4388 1501 4449 είς
1555 4390 1643 4440 τὸν
1694 4390 1835 4445 θεῖον
1872 4394 2269 4454 εἰσελαύνοντες
2313 4385 2494 4451 οἷκον,
2541 4387 2634 4439 καὶ
2682 4382 2831 4452 αύτῷ
2883 4376 3308 4452 προστρέχοντες
3352 4368 3429 4439 τῷ

158 4485 397 4552 Χριστῷ,

160 4580 184 4642 ξ
221 4573 729 4643 παλινδρομοῦντας
755 4574 835 4634 είς
862 4572 1136 4625 ἀπιστίαν.

433 4500 513 4533 οτι
560 4481 665 4550 χρὴ
716 4479 1042 4549 προσμένειν
1092 4480 1261 4547 αύτῷ,
1313 4481 1404 4534 καὶ
1461 4483 1534 4551 μὴ
1580 4484 1738 4538 πάλιν
1778 4488 2187 4561 ἀλλοτριοῦσθαι
2214 4484 2405 4554 φιλεῖν,
2468 4482 2500 4552 ἢ
2547 4479 2682 4551 πρὸς
2717 4475 2993 4547 ἁμαρτίαν
3058 4468 3425 4524 ἐκϐαίνοντας,

212 4653 333 4721 Ἠν
378 4668 653 4734 Ἀνδρέας
696 4670 728 4720 ό
761 4666 1023 4733 ἀδελφὸς
1063 4668 1327 4734 Σίμωνος
1371 4670 1617 4737 Πέτρου,
1657 4668 1743 4736 εἷς

1810 4686 1821 4729 ι
1921 4671 1963 4735 1,
1991 4668 2175 4731 40,“.
2200 4665 2330 4718 Erat
2356 4663 2597 4716 Andreas
2624 4660 2813 4729 frater,
2840 4655 3072 4713 Simonis
3092 4653 3263 4715 Petri,
3292 4667 3429 4704 unus

154 4762 213 4812 ,ξι
255 4760 379 4812 τῶν
404 4758 511 4812 δύο
549 4758 669 4810 τῶν
696 4757 1089 4811 ἀκουσάντων
1139 4759 1294 4823 παρὰ
1329 4760 1617 4823 Ἰωάννου,
1650 4764 1746 4816 καὶ

154 4848 707 4914 -ὶέσῖηιυνησάιτων
752 4846 949 4912 αὐτῷ·
982 4851 1245 4915 εὑρίσκει
1290 4847 1468 4916 οὗτος
1517 4857 1748 4921 πρῶτος

158 4947 254 4995 :ir
279 4944 558 5010 dfaigc‘r
587 4941 695 4993 τὸν
731 4938 883 4993 ἴδιον
920 4940 1174 5008 Σᾲιωνα,
1209 4943 1305 4994 καί
1353 4944 1511 5013 λέγει
1548 4944 1741 5009 αὐτῷ·

157 5036 514 5102 εὑρήκαμεν
551 5032 660 5085 τὰν
688 5033 987 5096 Μεσσίαν,
1016 5032 1049 5084 ὅ
1084 5033 1214 5085 ἐστι
1244 5037 1743 5105 μεθερμηνευόμε-

156 5143 258 5177 rcr
305 5130 341 5181 ό
388 5124 669 5193 Χριστὸς,
715 5123 815 5177 καὶ
852 5123 1077 5193 ἤγαγεν
1102 5124 1287 5178 αὐτὸν
1323 5126 1471 5193 πρὸς
1498 5127 1603 5180 τὸν
1641 5129 1741 5195 ’1η-

157 5236 221 5271 σε
231 5237 324 5272 vr.

221 5312 282 5363 Oi
311 5310 582 5372 λαϐόντες
609 5309 734 5379 ἄρτι
763 5309 825 5361 τὸ
866 5307 1146 5370 τάλαντον,
1172 5308 1335 5370 εὐθὺς
1363 5309 1455 5362 τοῦ
1484 5309 1741 5362 ταλάντου

159 5406 244 5473 τὴν
264 5404 539 5475 ἐργασίαν
562 5392 879 5470 ἐπάγονται,
906 5403 1000 5455 καὶ
1019 5403 1097 5474 τῷ
1122 5403 1363 5473 Δεσπότῃ
1389 5404 1741 5474 προσάγουσι.

160 5495 414 5548 Τοιαῦται
471 5496 581 5565 γάρ
628 5494 797 5557 ὅντως
838 5495 894 5547 αἱ
941 5494 1191 5565 φιλήκοοί
1234 5512 1293 5548 τε
1349 5495 1442 5548 καὶ
1488 5496 1745 5565 εὐμαθεῖς

160 5588 383 5655 agdn-.1:
410 5587 610 5656 ψυχαὶ,
654 5588 715 5639 ού
751 5586 976 5658 μακρῶν
1023 5587 1270 5659 δεόμεναι
1308 5588 1442 5659 πρὸς
1482 5588 1747 5657 ὠφέλειαν

164 5681 441 5749 μάτων,
471 5678 593 5730 οὐδὲ
623 5680 679 5730 ἐν
711 5678 929 5743 κύκλοις
958 5679 1111 5745 ἐτῶν,
1139 5680 1170 5749 ἦ
1202 5680 1385 5752 μηνῶν
1427 5681 1515 5734 τὸν
1561 5684 1622 5734 ἐκ
1649 5681 1747 5752 τῆς

227 5863 267 5891 ⁶¹
294 5861 511 5916 Jcrcm.
553 5877 703 5927 xxxi,
740 5861 836 5915 5i.

1852 4779 1915 4817 ea:
1941 4758 2165 4820 duobus,
2190 4758 2278 4827 qui
2308 4754 2588 4807 audierant
2633 4768 2665 4803 a
2696 4749 2926 4812 Joanne,
2950 4756 2999 4799 et
3029 4742 3195 4798 secuti
3217 4741 3427 4809 fuerant

1851 4869 1989 4908 eum.
2023 4847 2226 4903 Invenit
2252 4846 2334 4899 hic
2362 4844 2591 4912 primum
2619 4842 2842 4910 fratrem
2875 4853 3028 4892 suum
3066 4834 3358 4898 Simonem,
3379 4841 3429 4885 et

1849 4946 1977 4998 dicit
1997 4942 2082 4995 ei:
2110 4940 2412 4994 Invenimus
2444 4936 2595 5005 131
2637 4931 2886 4985 Messium
2931 4924 3093 4996 {quod
3141 4934 3217 4978 est
3269 4924 3427 4975 inter-

1847 5041 2112 5104 pretatum
2143 5026 2432 5095 Christus).
2458 5028 2526 5078 Et
2552 5020 2777 5074 adduxit
2811 5034 2927 5072 eum
2954 5016 3022 5069 ad
3052 5013 3258 5072 Iesum.

1918 5314 2020 5382 Qui
2076 5311 2342 5366 talentum
2407 5319 2583 5376 nuper
2640 5307 2994 5371 acceperant,
3054 5298 3175 5365 ejus
3237 5296 3426 5353 statim

1848 5412 2118 5477 quaestum
2154 5400 2468 5456 uberiorem
2517 5394 2754 5450 Domino
2779 5392 3035 5447 oti'crunt.
3083 5387 3247 5445 Tales
3278 5387 3426 5444 enim

1850 5496 2095 5569 profecto
2144 5500 2275 5549 sunt
2325 5491 2431 5546 illae
2460 5488 2721 5544 studiosae
2764 5484 2982 5549 animat,
3024 5482 3227 5553 quibus
3285 5496 3427 5551 opus

1856 5606 1969 5645 non
2011 5597 2095 5643 cst
2123 5585 2311 5641 multis
2344 5583 2525 5639 verbis
2562 5591 2625 5634 ut
2650 5578 2999 5641 erudiantur,
3042 5590 3219 5645 neque
3264 5574 3428 5643 longo

1857 5693 2125 5734 annorum
2162 5683 2255 5731 aut
2281 5672 2554 5729 mensium
2582 5669 2884 5733 curriculo,
2922 5675 2981 5722 ut
3016 5664 3285 5721 doctrina!
3312 5662 3431 5719 fru-
