4222 6510
705 401 811 458 ειιο

1713 401 1768 458 S.
1815 403 2093 458 CYRILLI
2131 404 2198 459 ΔΙ
2225 403 2599 459 EXANDRINI
2641 404 2966 463 ARCHIEP.

3860 415 3968 472 220

706 535 733 566 (ι
766 533 853 572 ιισιι
908 516 1173 571 all‘crant:
1219 517 1312 571 sed
1375 518 1426 571 in
1469 517 1606 587 ipsis
1654 519 1909 576 discendi
1955 522 2278 592 primordiis
2310 527 2353 582 Α

2310 527 2353 582 Α
2387 521 2719 586 παιδεύσεως
2751 525 3133 577 ἀνατίκτουσαι
3170 526 3399 596 καρπὸν,
3429 527 3546 582 ἀλλ’
3583 528 3720 600 ὁμοῦ
3745 531 3842 598 τῆς
3863 532 3967 586 τῶν

708 609 956 663 scientiae
999 609 1416 678 perfectionem.
1453 611 1927 679 complectuntur.
1982 633 1998 665 ι
2034 613 2280 684 Sapienti

707 701 850 756 enim
877 702 942 755 da
965 701 1342 764 occasionem,
1362 712 1416 756 et
1443 703 1746 771 sapientior
1767 706 1893 767 erit,
1915 706 2093 775 inquit
2125 705 2283 760 Scri-

711 800 892 858 ptura:
929 790 1147 843 notifira
1175 791 1352 861 justo,
1390 802 1443 848 et
1480 793 1640 846 addet
1668 795 1732 848 ad
1773 796 2151 864 recipiendum
2180 799 2278 849 ⁶².›

712 880 956 932 Fratrem
994 881 1181 949 itaque
1221 897 1380 936 suum
1411 883 1659 940 Andreas
1694 870 1899 949 servat,
1933 889 2154 942 Petrum
2205 890 2286 944 vi-

711 971 928 1035 ili-ilicet,
967 980 1138 1025 totum
1175 973 1306 1026 illud
1342 990 1596 1044 maguum
1634 978 1782 1032 brevi
1817 981 2143 1048 compendio
2187 982 2284 1037 de-

712 1059 930 1114 clarans
950 1063 1293 1130 mysterium.
1320 1064 1636 1120 Invenimus
1667 1068 2048 1138 enim,iuquit,
2074 1069 2283 1137 Jesum,

712 1163 809 1200 ceu
858 1168 876 1200 ι
919 1149 1262 1206 Thesaurum
1313 1155 1368 1207 in
1419 1170 1553 1225 agro
1596 1158 2006 1218 absconditum.
2045 1173 2138 1216 aut
2166 1180 2288 1232 prc-

713 1237 910 1293 tiosam
943 1243 1298 1310 margaritam
1333 1245 1376 1276 ⁸³
1416 1264 1462 1308 ι,
1495 1246 1650 1316 juxta
1688 1252 2097 1321 evangeliorum
2129 1269 2288 1324 para-

717 1329 890 1385 boias.

788 1416 828 1482 l,
869 1419 957 1473 4:2.
1004 1418 1242 1478 Intuitus
1289 1436 1460 1479 autem
1508 1444 1621 1480 eum
1657 1427 1834 1495 Jcsus,
1866 1433 2001 1486 dixit
2045 1451 2062 1488 .'
2111 1435 2186 1489 Tu
2235 1454 2288 1490 es

718 1509 904 1561 Simon
938 1511 1085 1578 ﬁlius
1123 1512 1267 1568 Jona
1307 1532 1326 1568 :
1357 1527 1411 1569 tu
1463 1520 1726 1574 vocaberis
1769 1520 1994 1592 Cephas,
2027 1529 2167 1597 quod
2204 1529 2289 1582 iii—-

719 1607 1040 1665 tcrprctatnr
1082 1599 1261 1661 Petra.

789 1687 1071 1748 Divinitns
1110 1694 1376 1760 intuetur,
1412 1700 1506 1768 qui
1538 1703 1702 1755 corda
1739 1712 1792 1758 ct
1827 1722 1986 1762 rencs
2019 1711 2192 1772 novit.
2239 1719 2293 1766 et

718 1783 894 1834 cernit
923 1796 1180 1854 quantam
1207 1790 1274 1841 ad
1305 1791 1558 1858 pietatem
1591 1795 1896 1865 discipulus
1929 1807 2291 1869 pci'vcnturus

2393 615 2649 684 μαθητῶν
2673 617 3030 687 ἀρχαιότητος
3057 619 3323 682 συνέσεως
3353 621 3769 676 κατακλείουσαι
3796 624 3964 688 τέλος.

2393 726 2409 756 ι
2453 708 2604 759 Δίδου
2634 709 2744 779 γὰρ
2781 709 2929 779 σοφῷ
2968 711 3242 780 ἀφορμὴν,
3283 713 3377 764 καὶ
3404 713 3710 784 σοφώτερος
3737 715 3910 778 ἔσται,
3944 733 3964 767 ι

2389 800 2551 866 φησὶν
2581 800 2614 868 ἡ
2646 798 2762 852 θεία
2793 801 3004 871 Γραφή·
3031 820 3049 852 ι
3078 801 3307 872 γνώριζε
3329 803 3541 874 δικαίῳ,
3561 806 3655 857 καὶ
3674 806 3970 874 προσθήσει

2385 887 2478 940 τοῦ
2505 888 2770 958 δέχεσθαι.
2807 909 2825 942 ι
2847 891 3137 956 Ἀνασώζει
3163 892 3226 964 δὴ
3251 889 3342 946 οὖν
3375 893 3466 946 τὸν
3487 896 3684 947 οἰκεῖον
3723 895 3972 969 Ἀνδρέας

2386 970 2645 1047 ἀδελφόν·
2689 980 2892 1050 Πέτρος
2939 980 2996 1033 δὲ
3043 973 3198 1045 οὗτος
3229 978 3326 1051 ἦν’
3361 982 3480 1035 ὅλον
3513 985 3570 1035 ἐν
3601 984 3765 1052 ὀλίγῳ
3800 1002 3963 1053 κεφαο

2388 1069 2523 1140 λαίῳ
2554 1071 2615 1122 τὸ
2652 1070 2792 1140 μέγα
2836 1069 3082 1140 δηλώσας
3117 1073 3431 1141 μυστήριον.
3483 1072 3812 1144 Εὑρήκαμεν
3843 1075 3968 1144 γὰρ,

2390 1163 2574 1230 φησὶν,
2608 1161 2680 1225 ὡς
2723 1179 2741 1211 ι
2777 1161 3061 1230 Θησαυρὸν
3109 1161 3490 1232 κεκρυμμένον
3533 1165 3590 1216 ἐν
3634 1163 3867 1234 ἀγρῷ,ἢ
3899 1164 3972 1226 ὡς

2390 1253 2486 1305 ἕνα
2528 1252 2823 1321 πολύτιμον
2876 1252 3218 1324 μαργαρίτην
3255 1272 3273 1304 ι
3302 1253 3393 1306 τὸν
3439 1253 3665 1324 Ἰησοῦν,
3705 1255 3846 1308 κατὰ
3877 1254 3974 1318 τὰς

2393 1346 2448 1396 ἐν
2478 1344 2588 1404 τοῖς
2624 1335 2976 1408 Εὑαγγελίοις
3013 1341 3347 1411 παραϐολάς.
4050 1408 4056 1414 ι

2477 1433 2816 1502 Ἐμίῖὶέψιις
2846 1432 2913 1485 δὲ
2957 1433 3116 1499 αὐτῷ
3145 1438 3177 1488 ό
3221 1435 3467 1501 Ἰησοῦς,
3498 1433 3628 1489 εἷπε
3647 1453 3660 1467 ’
3694 1436 3776 1489 Σὺ
3802 1432 3863 1489 εἴ
3880 1436 3977 1490 Σίο

2389 1541 2519 1592 μων
2552 1527 2582 1575 n'
2610 1525 2739 1587 Υἱὸς
2776 1522 2954 1586 Ἰωνᾶ,
2999 1523 3080 1576 σὺ
3131 1524 3413 1594 κληθήσῃ
3464 1524 3698 1594 Κηφᾶς,
3732 1527 3762 1578 ὃ
3798 1527 3976 1596 ἑρμηο

2393 1616 2624 1668 γεύεται
2659 1613 2868 1681 Πέτρα.

2479 1706 2736 1770 Ἀτενίζει
2788 1705 3104 1776 θεοπρεπῶς
3161 1708 3190 1760 6
3248 1709 3474 1778 καρδίας
3540 1710 3680 1780 ὁρῶν
3733 1710 3825 1763 καὶ
3894 1728 3978 1764 νε-

2397 1796 2593 1867 φρούς·
2626 1798 2726 1868 ὁρᾷ
2756 1797 2811 1849 δὲ
2844 1797 2979 1868 πρὸς
3017 1799 3148 1867 ὅσην
3176 1799 3461 1854 εὐλάϐειαν
3500 1803 3527 1853 6
3572 1802 3816 1872 μαθητὴς
3850 1803 3971 1856 ἀνα·

721 1875 814 1936 sit,
867 1885 918 1927 et
967 1889 1229 1946 quantatn
1280 1883 1343 1935 ad
1381 1884 1602 1938 virtutis
1641 1888 2030 1956 perfectionem
2064 1895 2295 1949 evehen-
2328 1877 2368 1930 Β

2328 1877 2368 1930 Β
2397 1887 2643 1962 ϐήσεται,
2693 1889 2784 1940 καὶ
2838 1889 2993 1950 ποίας
3031 1887 3181 1940 ἕσται
3233 1889 3461 1959 κάτοχος
3508 1891 3729 1961 ἀρετῆς,
3775 1891 3869 1943 καὶ
3902 1894 3975 1954 είς

721 1967 844 2020 dus.
900 1967 1046 2022 Nihil
1083 1972 1229 2025 enim
1283 1974 1501 2043 ignorat
1545 1980 1636 2046 qui
1690 1992 1888 2036 cuncta
1933 1986 2083 2038 novit
2122 1986 2297 2054 prius-

721 2075 884 2125 quam
923 2061 1069 2118 liant,
1103 2080 1211 2130 quo
1243 2082 1374 2119 sane
1409 2070 1752 2135 potissimum
1784 2073 1942 2129 docct
1977 2078 2294 2144 praedictum

722 2151 1079 2219 discipulum,
1113 2172 1171 2207 se
1219 2157 1356 2208 citra
1399 2159 1726 2230 cujusquam
1769 2165 2015 2221 doctoris
2047 2183 2291 2238 operam,

723 2238 868 2294 Deus
908 2259 1028 2295 cum
1073 2245 1166 2307 sit,
1215 2256 1411 2300 cuncta
1445 2265 1628 2304 nosse.
1664 2251 1820 2306 Nulla
1867 2257 2137 2325 siquidem
2167 2274 2296 2313 ora-

722 2328 873 2384 tione
933 2335 1238 2401 prmznissa,
1297 2339 1556 2407 nullaque
1615 2341 1757 2396 facta
1808 2345 2187 2415 inquisitione,
2237 2355 2298 2403 ut

724 2423 960 2477 disceret
991 2427 1115 2494 quis
1143 2437 1235 2480 aut
1261 2431 1402 2484 unde
1433 2432 1478 2486 is
1509 2432 1572 2485 ad
1604 2450 1661 2488 se
1688 2437 1919 2500 veniret,
1951 2448 2059 2492 tam
2089 2450 2296 2510 patrem

724 2513 844 2579 ejus
880 2529 1042 2583 quam
1081 2516 1255 2586 ipsum
1309 2521 1534 2576 nomine
1590 2528 1864 2593 appellat,
1911 2537 1964 2584 ct
2019 2531 2294 2587 Simonem

725 2617 849 2656 eum
882 2621 988 2658 non
1021 2606 1132 2675 jam
1175 2611 1356 2662 vocari
1395 2615 1618 2680 patitur,
1653 2632 1775 2670 cum
1804 2619 1906 2674 sibi
1939 2637 2038 2690 pro
2075 2639 2172 2677 sua
2201 2639 2299 2693 po-

725 2701 923 2749 testate
959 2696 1064 2750 iam
1109 2708 1220 2752 tum
1270 2710 1328 2754 ut
1364 2719 1524 2758 suum
1575 2707 1885 2777 vindicans,
1925 2715 2017 2767 sed
2054 2730 2297 2786 congrua

729 2786 1089 2843 similitudine
1141 2789 1357 2846 Petrum
1395 2811 1421 2847 a
1456 2805 1612 2865 petra
1645 2803 1828 2854 vocari
1872 2804 2116 2871 placuit,
2167 2817 2299 2878 puta

728 2893 892 2947 super
920 2895 1080 2950 quem
1116 2884 1450 2942 l'undaturus
1478 2898 1595 2942 erat
1628 2906 1780 2944 suam
1817 2893 2138 2950 Ecclesiam.

801 2971 838 3033 I,
875 2972 962 3035 45,
1000 2975 1089 3028 44.
1134 2975 1200 3029 In
1249 2982 1541 3032 crastinum
1569 2982 1730 3035 voluit
1763 2983 1918 3039 Jesus
1939 2988 2086 3041 exire
2112 2989 2164 3042 in
2189 2988 2299 3044 Ga-

731 3061 949 3126 lilttmm,
975 3074 1023 3119 et
1068 3067 1257 3122 int'enit
1292 3069 1618 3138 Philippum,
1644 3085 1691 3128 et
1724 3075 1855 3130 dicit
1889 3079 1937 3130 ci
1975 3077 2132 3134 Jcsus
2159 3099 2176 3136 :
2205 3081 2300 3136 Se-

2399 1983 2548 2032 ποῖον
2579 1979 2867 2050 καταλήξει
2898 1979 3068 2042 τέλος.
3107 1979 3313 2047 Ἀγνοεῖ
3343 1981 3450 2052 γὰρ
3481 1982 3634 2034 οὐδὲν
3665 1984 3691 2034 6
3735 1982 3889 2047 εἰδὼς
3913 1983 3978 2037 τὰ

2400 2071 2574 2124 πάντα
2607 2072 2735 2142 πρὶν
2761 2072 3027 2139 γενέσεως
3059 2071 3263 2135 αὐτῶν,
3292 2065 3336 2140 ᾧ
3373 2073 3437 2144 δὴ
3467 2075 3559 2127 καὶ
3589 2076 3822 2145 μάλιστα
3858 2095 3977 2130 παιο

2396 2149 2539 2216 δεῦει
2575 2163 2664 2216 τὸν
2709 2163 3062 2234 κεκλημένον,
3111 2163 3192 2216 ὅτι
3241 2162 3372 2227 Θεὸς
3427 2165 3686 2236 ὑπάρχων
3731 2166 3975 2237 ἀληθινὸς

2399 2256 2678 2308 ἀδίδακτον
2709 2256 2818 2325 ἔχει
2852 2256 2950 2326 τὴν
2981 2255 3202 2325 γνῶσιν.
3234 2255 3404 2324 Λόγου
3457 2254 3565 2327 γὰρ
3592 2257 3726 2320 ὅλως
3771 2258 3978 2328 δεηθεὶς

2398 2344 2626 2408 οὐδενὸς,
2659 2344 2769 2397 ἀλλ’
2818 2344 2939 2398 οὐδὲ
2987 2344 3324 2415 ἐπιζητήσας
3363 2343 3554 2414 μαθεῖν
3600 2346 3700 2409 τίς,
3741 2347 3774 2417 ἢ
3820 2347 3978 2400 πόθεν

2397 2440 2522 2508 ἥκοι
2571 2438 2706 2508 πρὸς
2745 2437 2904 2489 αὐτὸν
2953 2439 2980 2488 ὀ
3013 2437 3173 2506 ἀνὴρ,
3214 2437 3366 2488 ποίου
3410 2435 3506 2505 μὲν
3551 2435 3712 2504 ἐξέφυ
3756 2438 3974 2510 πατρὸς,

2398 2533 2480 2595 τίς
2506 2532 2559 2584 δὲ
2594 2531 2688 2583 καὶ
2719 2530 2877 2593 αὐτὸς
2907 2529 3224 2600 ὀνομάζοιτο
3271 2530 3450 2598 λέγει,
3491 2533 3586 2584 καὶ
3631 2531 3850 2602 Σίμωνα
3886 2533 3976 2601 μὲν

2399 2625 2580 2677 οὐκέτι
2606 2623 2902 2686 ,καλεῖσθαι
2943 2624 3232 2692 συγχωρεῖ,
3280 2623 3838 2694 κατεξουσιάζωνῆδη
3889 2626 3978 2678 καὶ

2400 2719 2783 2788 κατακρατῶν,
2830 2716 2905 2780 ὼς
2937 2715 3218 2784 γεγονότος
3269 2718 3504 2769 οἰκείου’
3556 2717 3892 2786 φερωνύμως
3924 2719 3976 2768 δὲ

2401 2810 2508 2864 ἀπὸ
2534 2814 2632 2881 τῆς
2664 2809 2866 2881 πέτρας
2916 2808 3265 2879 μετωνόμαζε
3310 2810 3546 2880 Πέτρον·
3583 2812 3668 2862 ἐπ’
3698 2809 3847 2880 αὐτῴ
3877 2814 3977 2880 γὰρ

2400 2903 2590 2974 ἔμελλε
2620 2903 2716 2974 τὴν
2747 2902 2911 2956 αὑτοῦ
2941 2901 3224 2971 θεμελιοῦν
3265 2902 3608 2972 Ἰιῖκκλησίαν.

2480 2997 2556 3066 Τῇ
2585 2998 2872 3064 ἐπαύριον
2913 2996 3219 3063 ἠθέλησεν
3247 2996 3512 3058 ἐξελθεῖν
3547 2998 3630 3060 εἰς
3660 2995 3775 3067 τὴν
3813 2997 3978 3049 Γαλι-

2401 3090 2602 3151 λαίαν,
2640 3089 2739 3141 καὶ
2769 3087 3033 3154 εὑρίσκει
3072 3087 3392 3147 Φίλιππον,
3425 3087 3521 3139 καὶ
3571 3086 3729 3155 λέγει
3757 3085 3915 3149 αὐτῷ
3946 3086 3978 3138 ό

728 3171 883 3222 qucrc
912 3173 1008 3210 me.
1047 3157 1178 3210 Erat
1210 3170 1383 3214 autem
1437 3161 1715 3233 Philippus
1747 3185 1778 3218 ιι
1815 3167 2122 3236 Bethsaida,
2168 3173 2298 3226 civi-
2328 3209 2374 3271 Ο

885 3250 1093 3271 Δ-.-ι..-..
1128 3261 1164 3271 _.
1201 3251 1236 3271 ι.
1276 3256 1339 3271 .-

2328 3209 2374 3271 C
2417 3180 2670 3248 Ἰησοῦς,
2719 3181 3058 3234 Ἀκολούθει
3084 3197 3206 3248 μοι.
3242 3174 3349 3234 ’Ἦν
3383 3177 3450 3230 δὲ
3477 3182 3508 3233 ό
3544 3181 3834 3271 spurca-we
3864 3179 3975 3232 ἀπὸ

732 3257 839 3301 tate
869 3250 1094 3304 Audi-em
1115 3261 1164 3304 et
1191 3251 1358 3308 I’etri.

804 3341 931 3394 Erat
964 3344 1212 3410 ejusdem
1245 3348 1412 3401 animi
1441 3364 1561 3402 cum
1600 3352 1878 3419 prioribus
1913 3353 2222 3428 Philippus,
2250 3369 2304 3416 et

733 3431 797 3484 ad
841 3433 1162 3487 sectandum
1214 3434 1496 3492 Christum
1550 3457 1818 3511 perquam
1853 3445 2103 3502 idoneus.
2149 3448 2305 3505 llunc

735 3525 962 3589 probum
996 3525 1114 3581 fore
1153 3525 1412 3584 Christus
1439 3543 1688 3597 noverat,
1720 3535 1969 3607 ideoque,
2001 3560 2019 3591 ι
2063 3540 2306 3612 Sequere

736 3632 824 3670 me
859 3619 908 3681 ι,
943 3618 1144 3687 inquit,
1180 3622 1281 3673 hoc
1303 3623 1470 3676 verbo
1503 3627 1733 3694 gratiam
1770 3645 1878 3698 qua
1915 3629 2154 3688 donatus
2190 3644 2307 3690 erat

735 3711 1145 3777 demonstrans,
1181 3727 1234 3768 ct
1265 3731 1397 3769 cuur
1419 3720 1573 3788 sequi
1605 3721 1784 3789 jubet,
1813 3724 2087 3782 hominem
2124 3730 2308 3798 probae.

737 3803 859 3856 vita:
888 3820 1012 3858 esse
1048 3806 1382 3875 testiﬁcaus;
1415 3826 1590 3880 neque
1632 3813 1786 3884 132
1836 3820 1981 3871 enim
2027 3835 2150 3874 eum
2200 3823 2305 3877 nisi

741 3895 967 3962 probum
1002 3897 1066 3948 ad
1103 3897 1154 3949 id
1184 3900 1430 3954 muneris
1457 3903 1735 3972 elegisset.

809 3984 848 4047 Ι,
885 3985 974 4038 45.
1019 3985 1218 4039 Invenit
1265 3988 1538 4058 Philippus
1574 3991 1900 4060 Nat/initael,
1940 4008 1988 4051 et
2038 3999 2167 4053 dicat
2221 3996 2326 4056 eis

743 4075 906 4139 Quem
947 4079 1159 4146 scripsit
1207 4078 1416 4148 Moyses
1470 4085 1520 4136 in
1556 4083 1685 4152 lege,
1710 4095 1758 4138 et
1789 4089 2076 4159 prophetic,
2109 4092 2308 4146 iuveni-

743 4186 857 4224 mus
889 4169 1074 4224 Jesum
1109 4173 1278 4240 ﬁlium
1308 4173 1500 4244 Joseph
1531 4194 1562 4229 a
1593 4175 1887 4233 Nazareth.

812 4350 932 4403 Cito
962 4351 1252 4405 admodum
1296 4353 1388 4410 ille
1414 4354 1723 4426 discipulus
1769 4357 2010 4415 fructum
2038 4363 2214 4429 aliert,
2251 4379 2312 4424 ut

741 4443 826 4498 vel
867 4443 996 4496 hinc
1043 4444 1287 4511 ejusdem
1325 4447 1490 4500 animi
1544 4462 1608 4502 ac
1643 4449 1812 4504 studii
1862 4467 1985 4506 cum
2028 4456 2311 4524 prioribus

2404 3270 2713 3338 Βηθσίιῒδιί
2757 3271 2823 3322 ἐκ
2876 3270 2988 3337 τῆς
3031 3271 3260 3334 πόλεως
3301 3268 3568 3336 Ἀνδρέου
3607 3269 3702 3322 καὶ
3733 3267 3975 3335 Πέτρου.

2480 3360 2817 3430 Ὶσογνωμῶν
2848 3364 2958 3424 τοῖς
2986 3359 3345 3431 προλαϐοῦσιν
3372 3362 3399 3411 6
3434 3360 3715 3422 Φίλιππος,
3748 3361 3839 3411 καὶ
3867 3359 3978 3412 λίαν

2408 3453 2545 3524 ἔχων
2575 3453 2892 3522 ἐπιτηδείως
2921 3455 3000 3515 εἰς
3033 3451 3386 3522 ἀκολούθησιν
3415 3452 3506 3505 τοῦ
3538 3451 3792 3522 Χριστοῦ.
3833 3453 3978 3522 ᾜδει

2407 3546 2514 3617 γὰρ
2545 3546 2648 3600 καῖ
2685 3545 2846 3598 αὐτὴν
2899 3545 3154 3615 ἐσόμενον
3197 3543 3430 3612 ἀγαθόν·
3471 3545 3640 3618 διάτοι
3690 3543 3846 3597 τοῦτο
3891 3543 3980 3597 καί

2410 3655 2592 3710 φησιν·
2627 3659 2646 3690 ‹
2696 3637 3000 3691 Ἀκολούθει
3035 3655 3145 3707 μοι,
3182 3656 3199 3689 ι
3232 3635 3517 3707 γνώρισμα
3561 3636 3656 3705 τῆς
3707 3635 3793 3689 ἐπ’
3839 3635 3979 3705 αὐτῷ

2409 3730 2630 3799 χάριτος
2670 3727 2730 3779 τὸ
2771 3728 2922 3797 ῥῆμα
2962 3727 3150 3790 τιθεὶς,
3191 3727 3286 3779 καὶ
3329 3726 3395 3779 δι’
3431 3719 3503 3778 ὧν
3544 3725 3764 3778 ἕπεσθαι
3819 3742 3979 3797 προσ·

2410 3824 2589 3878 τάττει
2625 3821 2898 3874 πολιτείαν
2926 3820 3071 3890 αὑτῴ
3097 3821 3196 3890 τὴν
3219 3819 3447 3889 ἀρίστην
3477 3819 3857 3890 ἐπιμαρτυρῶν
3878 3837 3890 3850 ·
3920 3818 3978 3871 οὗ

2410 3915 2518 3985 γὰρ
2551 3913 2616 3966 ἂν
2641 3911 2952 3977 ἐπελέξατο,
2985 3911 3058 3980 μὴ
3089 3911 3204 3979 οὐχὶ
3231 3909 3445 3970 πάντως
3473 3908 3596 3960 ὄντα
3629 3910 3875 3978 χρηστόν.

2477 4003 2756 4072 Εὑρίσκει
2795 4003 3091 4065 Φίλιππος
3134 4001 3234 4052 τὸν
3284 3997 3626 4063 Ναθαναὴλ,
3672 3997 3767 4050 καὶ
3824 3997 3979 4065 λέγει

2409 4097 2590 4162 αὐτῷ·
2632 4098 2741 4148 Ὃν
2768 4095 2992 4164 ἔγραψε
3022 4089 3280 4159 Μωῢσῆς
3311 4090 3381 4143 ἐν
3423 4089 3501 4154 τῷ
3546 4090 3722 4156 νόμῳ,
3778 4085 3874 4139 καὶ
3929 4086 3981 4138 oi

2412 4188 2730 4258 προφῆται,
2783 4185 3122 4254 εὑρήκαμεν
3164 4182 3396 4251 Ἰησοῦν
3439 4181 3571 4235 υἱὸν
3620 4177 3830 4246 Ἰωσὴφ
3880 4176 3984 4230 τὸν

2411 4278 2530 4333 ἀπὸ
2569 4275 2852 4344 Ναζαρέτ.

2495 4369 2651 4435 Ὀξὺς
2697 4369 2761 4439 δὴ
2807 4367 2927 4420 λίαν
2965 4368 2994 4419 ὁ
3049 4363 3293 4435 μαθητὴς
3343 4365 3422 4426 εἰς
3466 4359 3858 4433 καρποφορίαν,
3903 4359 3984 4410 ἵνα

2415 4462 2672 4531 φαίνηται
2697 4460 2788 4514 διὰ
2813 4460 3002 4513 τούτου
3047 4460 3160 4520 τοῖς
3207 4453 3534 4528 προλαϐοῦσι
3571 4453 3709 4505 κατὰ
3739 4451 3837 4519 τὴν
3860 4449 3983 4512 ιὲξιν

742 4548 863 4587 esse
905 4532 1443 4589 videretur.’lm'enit
1488 4537 1634 4594 enim
1665 4537 1991 4607 Nathanael,
2023 4560 2130 4600 non
2163 4557 2314 4605 certe
2346 4558 2387 4612 D

2346 4558 2387 4612 ι)
2419 4553 2687 4621 συγγενής
2710 4569 2722 4582 ο
2756 4551 2998 4620 εὑρίσκει
3022 4549 3132 4620 γάρ
3168 4547 3257 4600 τὸν
3309 4542 3616 4612 Ναθαναὴλ,
3661 4541 3755 4610 οὐχ
3803 4539 3982 4600 ἁπλῶς

742 4639 875 4678 casu
911 4626 1176 4691 oblatum,
1211 4627 1304 4681 sed
1349 4629 1525 4683 multo
1563 4629 1748 4684 studio
1792 4635 2103 4702 quaesitum.
2138 4636 2312 4694 Norat

745 4717 947 4785 quippe
997 4718 1464 4773 studiosissimum
1514 4720 1667 4774 illum
1715 4737 1837 4776 esse
1880 4739 1944 4778 ac
1975 4727 2134 4782 valde
2177 4746 2308 4785 eru-

745 4808 920 4862 ditum
951 4827 963 4862 :
996 4808 1194 4863 deinde
1223 4819 1411 4864 narrat
1447 4826 1506 4866 se
1532 4811 1812 4885 Christum
1846 4814 2124 4872 invenisse
2157 4820 2310 4876 illum

747 4916 845 4971 per
891 4915 1080 4955 omnes
1117 4900 1440 4972 Scripturas
1470 4903 1735 4957 divinitus
1775 4905 2175 4973 praedicatum:
2226 4927 2314 4968 ne—

746 5008 855 5062 que
881 4992 1160 5048 hominem
1190 4993 1446 5048 convenit
1479 5009 1670 5049 earum
1719 4997 1987 5064 nescium,
2018 5000 2113 5055 sed
2159 5000 2314 5072 signa

748 5101 870 5154 qua:
909 5092 1018 5139 tam
1071 5085 1210 5154 apud
1273 5085 1508 5156 Moysem
1553 5103 1719 5156 quam
1770 5091 2065 5160 prophetas
2117 5093 2316 5150 litteris

749 5176 1007 5230 mandata
1063 5187 1196 5231 sunt
1247 5193 1372 5232 cum
1423 5177 1616 5246 primis
1674 5180 1954 5236 edoctum.
2007 5182 2319 5243 lnvaluerat

748 5278 930 5324 autem
970 5268 1115 5337 apud
1161 5267 1378 5323 Judteos
1439 5268 1576 5326 falsa
1637 5269 1705 5325 de
1759 5270 1982 5328 Christo
2031 5271 2316 5331 Salvatore

752 5372 942 5416 nostro
981 5361 1186 5430 opinio,
1217 5376 1281 5414 ex
1309 5359 1507 5430 oppido
1531 5362 1794 5418 nimirum
1831 5373 1926 5419 aut
1970 5380 2109 5435 pago
2143 5365 2318 5422 Naza-

748 5452 872 5508 reth
909 5451 1090 5522 ipsum
1128 5449 1265 5517 fore,
1301 5452 1555 5519 quamvis
1599 5451 1884 5523 Scriptura
1933 5455 2118 5511 divina
2155 5457 2316 5514 Beth--

753 5543 1064 5598 lchemitam
1096 5543 1274 5613 ipsum
1311 5552 1621 5612 nuncupet:
1654 5563 1671 5595 ι
1713 5543 1778 5598 Ει
1824 5555 1879 5600 tu
1913 5547 2080 5614 enim,
2116 5550 2316 5621 inquit,

754 5645 900 5693 terra
932 5635 1269 5703 Bethlebem,
1313 5635 1510 5693 domus
1538 5638 1790 5708 Ephrata,
1825 5656 2167 5712 nequaquam
2215 5646 2318 5700 mi-

826 5813 872 5846 ”
902 5811 1058 5868 Prov.
1092 5831 1166 5880 ix,
1198 5816 1247 5870 9.
1343 5815 1389 5847 ”
1426 5813 1614 5868 Matth.
1651 5831 1769 5880 xm,
1803 5816 1890 5883 Η,
1918 5818 1986 5872 45
2016 5834 2168 5888 seqq.

2419 4641 2697 4714 ἐρχομένῳ
2749 4639 3091 4710 περιτυχὼν,
3146 4636 3281 4691 ἀλλὰ
3333 4635 3528 4704 πολλὴν
3576 4629 3983 4732 ἐπἰαὑτῷιτὴν

2419 4733 2645 4803 ζήτησιν
2679 4730 3062 4802 ποιησάμενος.
3101 4728 3256 4798 ᾝδει
3303 4727 3410 4796 γάρ
3462 4724 3590 4777 ὄντα
3626 4720 3985 4790 φιλοπονώτα-

2418 4826 2508 4879 τόν
2542 4842 2601 4885 τε
2630 4828 2723 4877 καὶ
2751 4821 3206 4891 φιλολογώτατον·
3241 4814 3358 4871 εἶτα
3390 4816 3533 4883 λέγει
3577 4813 3666 4866 τὸν
3690 4811 3778 4865 διὰ
3809 4811 3983 4880 πάσης

2419 4914 2817 4985 κηρυττόμενον
2865 4913 2964 4983 τῆς
3013 4910 3163 4973 θείας
3205 4902 3981 5005 Γραφῆςιίινηυξζιξίένξιιξξι-

2418 5007 2561 5068 στὸν,
2598 5006 2696 5075 οὐχ
2745 5005 2819 5066 ὡς
2863 5001 3140 5072 ἀγνοοῦντι
3191 4995 3552 5070 προσομιλῶν,
3584 4993 3694 5047 ἀλλ’
3747 4992 3838 5054 tio;
3868 4991 3984 5042 λίαν

2416 5095 2916 5166 ἐκπεπαιδευμένῳ,
2948 5094 3016 5148 τά
3055 5109 3115 5145 τε
3155 5089 3250 5143 τοῦ
3294 5086 3563 5155 πανσόφου
3606 5081 3983 5183 Μωσέως,

2416 5188 2523 5241 τῶν
2567 5185 2862 5259 προφητῶν
2919 5182 3241 5256 μηνύματα’
3278 5177 3499 5278 ὑπόνοια
3542 5175 3597 5227 δὲ
3635 5173 3739 5278 ,οὐκ
3765 5169 3980 5279 ,ἀληθὴς

2419 5279 2546 5350 περὶ
2598 5277 2693 5331 τοῦ
2745 5277 2996 5346 Σωτῆρος
3028 5271 3186 5346 ἡμῶν
3224 5266 3459 5334 Χριστοῦ
3513 5263 3659 5363 παρᾶ
3704 5262 3819 5363 ⁸τοῖς
3856 5262 3982 5363 '10::-

2420 5371 2589 5434 δαίοις
2611 5371 2857 5441 ἐκράτει,
2891 5368 2966 5431 ὡς
2994 5369 3058 5420 ἐκ
3090 5364 3317 5427 πόλεως,
3339 5361 3458 5452 ἢτοι
3500 5357 3689 5452 κῴμης
3718 5353 3982 5452 Ferat-17;;

2421 5462 2695 5533 Ναζαρὲτ,
2733 5459 2907 5514 καίτοι
2933 5455 3300 5530 Βηθλεεμίτην
3330 5450 3509 5513 αὑτὸν,
3539 5449 3658 5500 ὅσον
3687 5446 3764 5507 είς
3799 5446 3984 5533 τοῦτον

2423 5555 2543 5626 ἥκει
2571 5529 2662 5607 τὸν
2710 5553 2884 5620 λόγον,
2909 5529 3010 5621 τῆς
3058 5550 3207 5610 θείας
3248 5542 3505 5639 λεγούσης
3546 5538 3853 5639 Egi-aigiij
3879 5529 3982 5639 Καέ

2422 5623 2485 5699 σὺ
2514 5645 2642 5716 γάρ,
2679 5644 2860 5715 φησὶν,
2897 5642 2969 5712 γῆ
3015 5638 3280 5712 Βηθλεὲμ,
3319 5630 3462 5697 οἶκος
3494 5627 3587 5684 τοῦ
3619 5623 3877 5700 Ἐφραθᾶ,
3909 5623 3983 5695 μὴ
