4222 6510
279 372 379 427 ἓῖΙ

1363 382 1431 437 IN
1470 383 1758 441 JOAN-NIS
1796 386 2250 445 EVANGELIUM
2291 387 2420 444 LIB.
2463 388 2528 444 11.

3443 391 3553 448 932
3581 400 3593 408 ‘

277 492 557 563 ὀλιγοστὸς
582 491 746 550 εἷτοῦ
775 492 915 551 εἶναι
949 499 1005 551 ὲν
1033 500 1268 569 χιλιάσιν
1302 503 1489 569 Ἰούδα,
1531 508 1593 560 ἐκ
1637 506 1730 559 σοῦ
1776 525 1843 579 μο

1937 559 1940 567 ,
1969 495 2122 563 nima
2153 525 2213 564 es
2257 518 2317 563 ut
2345 511 2424 565 sis
2465 511 2521 563 in
2551 510 2794 567 millibus
2820 509 2963 566 Juda
2991 525 3005 563 :
3042 525 3111 566 ex
3140 517 3193 566 te
3226 511 3372 566 enim
3405 528 3554 583 egre-

280 583 625 649 ὲξελεὺσεται
655 586 748 639 τοῦ
780 584 919 641 εἶναι
942 591 1023 652 είς
1051 590 1283 661 ἄρχοντα
1318 597 1376 646 ἐν
1399 596 1475 665 τῷ
1509 598 1742 669 Ἰσραὴλ,
1770 602 1865 653 καὶ

280 674 455 741 ἔξοδοι
484 678 670 741 αὑτοῦ,
701 680 795 732 ἀπ’
841 680 1017 751 ἀρχῆς
1065 683 1124 746 ἐξ
1172 685 1394 755 ἡμερῶν
1437 688 1649 753 αἰῶνος.
1688 709 1707 742 ι
1747 692 1865 745 Ἀν-

1967 599 2150 654 dietur
2208 599 2320 653 dux
2366 599 2460 669 qui
2514 607 2667 668 regat
2711 601 2975 672 p0pulum
3028 616 3211 656 meum
3254 601 3442 669 lsrael,
3494 611 3550 657 et

1966 703 2228 756 egressus
2255 689 2381 760 ejus
2415 705 2481 744 ex
2510 690 2702 745 diebus
2729 691 2918 745 saeculi
2943 692 3008 745 “.
3035 711 3054 744 ι
3090 691 3369 749 Educatus
3399 694 3545 748 enim

278 770 491 838 ετράιρη
538 771 635 839 μὲν
677 771 787 841 γὰρ
831 773 909 833 εἰς
952 774 1225 845 Ναζαρὲτ,
1268 776 1343 839 ὥς
1374 795 1474 831 που
1514 781 1604 833 καὶ
1640 783 1799 846 αὑτὸς
1834 804 1844 836 ‹

1964 789 2049 836 est
2080 782 2133 837 in
2166 782 2463 847 Nazareth,
2492 790 2548 836 ut
2577 780 2781 837 alicubi
2816 789 3051 837 testatus
3078 791 3160 838 est
3185 782 3543 854 evangelista,

277 860 672 931 εὐαγγελιστὴς
706 862 1106 935 διεμαρτύρατο
1144 866 1317 935 λέγων
1339 885 1351 897 ο
1389 889 1406 919 ι
1442 871 1551 923 Καὶ
1580 868 1740 942 ἦλθον
1783 878 1861 939 είς

277 952 549 1023 Ναζαρὲτ,
583 975 603 1007 ι
633 949 693 1008 οὑ
723 952 791 1027 ἦν
819 957 1327 1030 ἀνατεθραμμένος·
1361 958 1424 1033 ἦν
1470 964 1526 1016 δὲ
1577 966 1676 1019 οὑκ
1715 969 1855 1021 ἐκείι

274 1040 390 1101 θεν.
415 1044 529 1096 ἀλλ’
561 1045 682 1098 ὅθεν
715 1047 815 1118 ἤδη
846 1051 1198 1121 προείπομεν,
1225 1053 1422 1122 μᾶλλον
1463 1055 1519 1109 δὲ
1567 1056 1642 1120 ὡς
1692 1060 1724 1128 ἡ
1764 1058 1855 1112 τοῦ
1882 1122 1885 1123 ν

274 1136 555 1204 προερήτου
608 1137 974 1208 διισχυρίσατο
1029 1145 1200 1213 φωνή.
1240 1144 1632 1216 Ἀκολουθήσας
1679 1148 1857 1204 τοίνυν

270 1229 300 1277 ὁ
333 1227 594 1290 Φίλιππος
627 1234 692 1300 τῇ
728 1231 837 1284 τῶν
872 1231 1138 1288 Ἰουδαίων
1166 1236 1388 1309 ὑπονοίᾳ
1421 1240 1603 1307 φησίν·

346 1318 448 1370 Ἐκ
478 1319 739 1387 IVLII/(pet
767 1322 1017 1378 δύναταί
1057 1343 1107 1378 τι
1139 1328 1364 1395 ἀγαθὸν
1392 1327 1543 1384 εἶναι
1566 1349 1587 1397 ;

346 1408 701 1478 Συνομολογεί
739 1416 1042 1487 προχείρως
1066 1418 1098 1487 ῤ
1130 1419 1439 1493 Ναθαναὴλ,
1469 1422 1549 1475 ὅτι
1601 1424 1746 1493 μέγα
1790 1426 1852 1497 δη

265 1514 324 1550 τι
360 1501 453 1552 καὶ
486 1502 768 1557 κάλλιστον
803 1508 885 1577 εἴη
920 1508 980 1563 τὸ
1011 1510 1074 1561 ἐκ
1112 1511 1208 1580 τῆς
1254 1513 1507 1584 Ναζαρὲτ
1537 1515 1854 1589 ἀναδειχθή-

271 1590 459 1644 σεσθαι
482 1594 945 1665 προσδοκώμενον.
969 1600 1137 1669 Δῆλον
1164 1602 1219 1654 δὲ
1246 1603 1416 1673 δήπου
1444 1606 1659 1671 πάντως
1684 1610 1849 1673 ἐστὶν,

264 1678 344 1741 ὡς
369 1682 429 1732 οὑ
460 1683 617 1751 μόνον
644 1685 854 1753 ἐδέχετο
883 1686 1018 1756 πρὸς
1051 1690 1230 1742 πίστιν
1256 1691 1349 1743 τοῦ
1396 1692 1725 1764 ζητουμένου
1751 1697 1851 1767 τὴν

263 1770 541 1842 Ναζαρὲτ,
575 1774 687 1826 ἀλλ’
729 1777 791 1830 ἐκ
837 1778 1022 1847 νόμου,
1056 1780 1150 1833 καὶ
1185 1785 1475 1854 προφητῶν
1515 1787 1612 1857 τὴν
1645 1788 1846 1855 γνῶσιν

262 1862 666 1934 ἐρανιζὸμενος,
704 1870 923 1938 ταχεῖαν
966 1870 1043 1933 ὠς
1087 1871 1405 1943 πολυμαθὴς
1463 1876 1699 1931 ἐποιεῖτο
1743 1876 1846 1949 τὴν

263 1951 389 2005 σὺνε
398 1971 500 2009 σιν.

333 2045 504 2116 Λέγει
527 2048 687 2114 αὐτῷ
720 2051 1016 2118 Φίλιππος
1037 2070 1049 2083 ·
1083 2056 1300 2125 Ἔρχου
1326 2059 1424 2113 καὶ
1458 2058 1566 2114 ἴδε.

346 2137 591 2207 ’Λρκὲσει
627 2140 762 2209 πρὸς
792 2142 971 2194 πίστιν
1001 2144 1032 2214 ὴ
1081 2144 1197 2210 θέα,
1231 2150 1417 2219 φησὶν,
1448 2151 1539 2204 καὶ
1576 2152 1735 2222 μόνον
1764 2158 1843 2220 είς

257 2226 450 2294 λόγους
478 2228 643 2282 ἐλθὼν
673 2233 1124 2305 συνομολογήσεις
1151 2240 1496 2310 γοργότερον,
1541 2246 1635 2297 καὶ
1689 2246 1842 2299 ἀνεν-

255 2320 519 2383 δοιᾱωτως
550 2324 691 2390 ἐρεῖς
723 2327 883 2379 αὑτὸν
918 2328 1085 2392 ὄντως
1115 2331 1378 2401 ὑπάρχειν
1416 2334 1506 2387 τὸν
1535 2339 1843 2405 προσδοκώ-

262 2427 441 2477 μενον.
489 2412 613 2483 Χρὴ
655 2414 711 2467 δὲ
759 2418 1034 2470 πιστεύειν
1063 2421 1229 2490 ἡμᾶς,
1255 2423 1336 2475 ὅτι
1377 2441 1482 2495 περ
1514 2421 1583 2495 ἦν
1612 2427 1729 2481 θεία
1757 2446 1841 2493 τις

256 2500 353 2553 καὶ
404 2503 641 2574 ἄῤῥητος
685 2508 864 2578 χάρις,
918 2513 1031 2573 τοῖς
1073 2511 1166 2564 τοῦ
1202 2514 1451 2585 Σωτῆρος
1493 2518 1670 2587 λόγοις
1717 2538 1840 2575 συν-

254 2591 608 2662 εκτρὲχουσα,
645 2596 740 2650 καὶ
780 2597 878 2661 τὰς
908 2598 1014 2652 τῶν
1054 2601 1420 2671 ἀκροωμένων
1456 2606 1632 2677 ψυχὰς
1672 2627 1839 2663 κατα-

250 2681 541 2750 θέλγουσα.
580 2686 736 2740 Οὕτω
775 2690 884 2756 γὰρ
913 2691 1239 2763 γέγραπται,
1269 2696 1349 2748 ὅτι
1388 2715 1405 2747 ι
1436 2700 1648 2763 ⁸Πᾱιντες
1676 2701 1837 2755 ἐθαύ-

257 2776 426 2842 μαζον
461 2778 551 2830 ἐπὶ
586 2781 695 2843 τοῖς
728 2780 905 2848 λόγοις
932 2787 1029 2854 τῆς
1054 2785 1273 2854 χάριτος
1324 2791 1434 2852 τοῖς
1477 2793 1839 2863 ἐκπορευομέ-

252 2884 365 2929 νοις
410 2869 518 2921 ἀπὸ
554 2870 645 2922 τοῦ
688 2874 953 2943 στόματος
994 2875 1157 2928 αὑτοῦ
1180 2894 1192 2907 ·
1242 2897 1260 2928 ι
1296 2878 1370 2942 ὡς
1404 2881 1510 2952 γὰρ
1559 2883 1784 2954 ἐνεργὴς
1808 2886 1836 2936 ὁ

251 2959 410 3026 ὶὸγος
439 2963 519 3025 εἰς
547 2962 796 3032 δύναμιν,
840 2965 981 3018 οὕτω
1016 2967 1107 3020 καὶ
1155 2970 1236 3031 εἰς
1276 2970 1336 3022 τὸ
1374 2971 1579 3025 πείθειν
1618 2971 1684 3045 ἦν
1719 2978 1837 3029 im-

251 3068 343 3101 νος

245 3229 453 3295 αὐτὸν,
483 3231 577 3282 καὶ
602 3233 761 3301 ,λέγει
790 3235 921 3301 περὶ
958 3234 1144 3288 αὐτοῦ
1169 3252 1182 3265 °
1213 3238 1326 3291 Ἴδε
1342 3239 1573 3308 ἀληθὴς
1608 3242 1827 3312 ἰσριίηα

243 3318 448 3385 aliene,
490 3323 559 3375 ἐν
595 3316 643 3388 ᾧ
681 3324 862 3391 δόλος
901 3327 1011 3378 οὐκ
1044 3327 1233 3380 ἐστιν.

318 3411 483 3464 Οὔπω
530 3414 628 3483 τὴν
673 3416 761 3468 διὰ
825 3417 1065 3486 σημείων
1119 3419 1473 3488 ἐπιτηδεύσας
1529 3424 1824 3489 ἐπίδειξιν,

244 3502 417 3572 ἑτέρῳ
444 3503 631 3575 τρόπῳ
673 3507 905 3576 Χριστὸς
954 3507 1076 3571 τούς
1123 3525 1179 3561 τε
1231 3511 1465 3575 οἰκείους
1516 3513 1827 3568 ἀναπείθειν

242 3595 501 3663 ἐπειρᾶτο
538 3595 803 3666 μαθητὰς,
829 3600 921 3650 καὶ
949 3601 1073 3660 τοὺς
1102 3600 1214 3652 ὅσοι
1249 3619 1353 3671 περ
1374 3598 1513 3673 ἦσαν
1543 3604 1649 3657 τῶν
1678 3606 1826 3677 αὑτῷ

243 3686 579 3752 προσιόντων
608 3690 1027 3760 νουνεχέστεροι,
1063 3692 1137 3757 ὡς
1168 3694 1252 3763 εἴη
1291 3695 1389 3764 μὲν
1421 3697 1580 3759 αὑτὸς
1627 3700 1654 3751 ὁ
1687 3700 1826 3752 κατὰ

242 3777 407 3842 ᾳᾶσιν
457 3779 582 3842 Tib;
613 3782 704 3833 καὶ
745 3781 903 3845 Θεὸς,
954 3783 1076 3854 ἥκοι
1120 3784 1177 3836 δὲ
1219 3786 1318 3855 τῆς
1368 3787 1619 3842 ἁπάντων
1666 3790 1825 3844 ἕνεκα

242 3868 519 3939 σωτηρίας
569 3873 624 3922 ὲν
666 3872 981 3945 ἀνθρωπεία
1032 3880 1235 3946 μορφῇ.
1291 3878 1387 3941 Τίς
1425 3875 1519 3933 οὖν
1557 3884 1585 3934 ὁ
1626 3884 1823 3953 τρόπος

238 3961 269 4011 ὁ
314 3959 451 4030 πρὸς
501 3964 680 4014 πίστιν
734 3966 1060 4033 ἐπαγωγός;
1110 3968 1171 4020 Ἠ
1224 3969 1532 4042 θεοπρεπὴς
1583 3973 1822 4043 δηλονότι

237 4049 460 4113 γιῶσις.
488 4051 558 4103 Τὸ
585 4053 692 4122 γὰρ
715 4055 906 4107 εἰδέναι
939 4056 1006 4109 τὰ
1037 4058 1231 4123 πάντα,
1268 4060 1411 4131 μόνῳ
1438 4063 1635 4134 πρέπει
1668 4066 1785 4137 Θεῷ
1805 4083 1817 4096 ·

239 4142 563 4211 ἀποδέχεται
607 4147 893 4216 τοιγαροῦν
926 4149 1015 4201 τὸν
1058 4151 1365 4223 Ναθαναὴλ,
1413 4156 1472 4207 οὑ
1515 4158 1821 4224 κολακείαις

240 4232 504 4300 ἁρπάζων
549 4237 628 4299 εἰς
662 4237 918 4305 διάθεσιν,
950 4241 1061 4294 ἀλλ’
1108 4242 1167 4307 ἐξ
1203 4238 1277 4297 ὧν
1315 4246 1462 4317 αὑτῷ
1496 4249 1706 4319 συνῄδει
1735 4270 1818 4304 πι-

238 4324 555 4393 στούμενος,
583 4328 664 4379 ὅτι
703 4329 959 4395 γινώσκει
984 4333 1226 4403 καρδίας,
1255 4335 1329 4399 ὼς
1356 4337 1508 4400 Θεός.

309 4414 479 4483 Λέγει
510 4418 670 4482 αὐτῷ
698 4421 1051 4488 Ναθαναήλ·
1087 4426 1277 4478 Πόθεν
1302 4444 1377 4495 με
1408 4430 1760 4498 τινώσκεις;

312 4508 570 4577 Ἀρχεται
619 4510 917 4581 θαυμάζειν
978 4516 1006 4567 ὁ
1052 4515 1375 4590 Ναθαναὴλ,
1429 4523 1521 4574 καὶ
1575 4524 1815 4579 καλεῖται
1848 4519 1890 4573 Ῑ)

233 4600 376 4668 πρὸς
421 4599 600 4657 πίστιν
650 4603 748 4671 ήδη
800 4603 1058 4673 βεϐαίαν·
1090 4607 1262 4661 ἔτιδὲ
1314 4612 1602 4680 μανθάνειν
1653 4616 1811 4682 ἀξιοῖ,

234 4691 399 4743 πόθεν
430 4692 495 4745 ἂν
532 4692 641 4762 ἔχοι
675 4695 782 4749 τῶν
832 4696 949 4749 κατ’
987 4698 1147 4752 αὑτὸν
1177 4701 1275 4771 τὴν
1316 4704 1533 4769 γνῶσιν·
1568 4710 1813 4779 ἀκριϐεῖς

232 4783 343 4853 γὰρ
400 4784 516 4835 λίαν
570 4787 625 4837 al
662 4786 979 4856 φιλομαθεῖς
1014 4790 1108 4842 καὶ
1154 4790 1387 4857 φιλόθεοι
1431 4795 1617 4866 ψυχαί.
1659 4801 1814 4853 Ὑπο-

230 4876 344 4926 νοεί
389 4874 445 4926 δὲ
489 4875 618 4938 ἴσως
663 4876 766 4928 ὑπὸ
799 4877 1063 4932 Φιλίππου
1106 4882 1172 4935 τὰ
1207 4885 1324 4937 κατ’
1349 4886 1509 4940 αὑτὸν
1546 4888 1808 4959 δεδεῖχθαι

229 4965 310 5033 τῷ
340 4966 380 5018 κ
394 4965 547 5035 υρίῳ.

316 5057 627 5125 Ἀπεκρίθη
662 5059 1027 5127 Ἰησοῦς-,καὶ
1058 5060 1226 5119 εἶπεν
1244 5070 1430 5134 αὐτῷ·
1463 5074 1581 5140 Πρὸ
1599 5076 1703 5128 τοῦ
1734 5092 1809 5130 σε

227 5146 533 5201 φίλιππον
551 5150 845 5219 φωνῆσαι,
877 5152 1022 5208 ὄντα
1042 5158 1157 5210 ὑπὸ
1178 5159 1293 5227 τὴν
1311 5160 1514 5232 συκῆν
1528 5161 1690 5221 εἶδόν
1711 5184 1805 5224 σε.

306 5236 537 5331 ῗιξλυσεν
570 5239 717 5310 αὑτῷ
740 5241 838 5311 τὴν
869 5244 1122 5301 ὑπόνοιαν
1158 5250 1187 5301 ὁ
1220 5250 1429 5322 Σωτὴρ,
1459 5256 1551 5308 καὶ
1579 5258 1684 5327 πρὸ
1706 5259 1807 5331 τῆς

227 5323 321 5376 τοῦ
349 5324 617 5381 Φιλίππου
648 5332 979 5400 συντεύξεὼς
1017 5352 1075 5389 τε
1115 5338 1206 5391 καὶ
1251 5340 1466 5409 ὁμιλίας
1503 5323 1805 5417 ἑωρακέναι

224 5417 401 5485 λέγων
433 5420 595 5473 αὑτὸν
625 5422 730 5476 ὑπὸ
761 5425 949 5495 συκῆν,
996 5428 1169 5480 καίτοι
1217 5429 1291 5501 μὴ
1340 5432 1529 5503 παρὼν
1580 5436 1658 5507 τῷ
1701 5438 1806 5492 σώ-

224 5524 383 5577 ματι.
419 5511 718 5583 Χρησίμως
748 5532 808 5568 τε
845 5518 1047 5587 σφόδρα
1075 5519 1169 5571 καὶ
1198 5521 1230 5591 ή
1259 5526 1418 5593 συκῆ,
1455 5527 1548 5579 καὶ
1580 5529 1609 5579 6
1639 5530 1800 5595 τόπος

219 5599 570 5672 ὀθομάζεται,
597 5603 694 5676 τὴν
730 5606 823 5659 τοῦ
869 5608 1241 5684 τεθεωρῆσθαι
1284 5614 1464 5671 πίστιν
1509 5618 1668 5673 αὑτὸν
1706 5623 1799 5691 ἐγ-

297 5782 344 5816 ⁶⁴
373 5783 533 5841 Μὶειι.
564 5806 618 5855 v,
650 5790 702 5845 Ξ.

799 5793 842 5825 ⁸³
874 5792 1004 5849 an.
1044 5812 1104 5863 ll,
1135 5798 1222 5855 5|.
1336 5801 1380 5835 “
1416 5800 1548 5857 Luc.
1586 5818 1660 5870 IV,
1699 5801 1793 5861 92.

317 3089 363 3113 ν

322 3136 499 3235 Είδεν
524 3145 556 3195 ό
588 3144 822 3210 Ἰησοῦς
845 3143 953 3196 τὸν
979 3147 1303 3212 Ναθαναὴλ
1335 3148 1660 3217 ἐρχόμενον
1684 3154 1832 3220 πρὸς
1859 3179 1900 3235 C

1964 876 2050 930 bis
2086 876 2312 931 verbis:
2348 894 2365 927 ι
2405 874 2473 928 Et
2526 883 2798 930 venerunt
2852 874 2908 928 in
2958 872 3228 929 Nazareth
3264 875 3308 907 ⁸³
3347 894 3392 939 ι,
3448 875 3541 929 ubi

1961 973 2082 1022 erat
2115 967 2379 1032 nutritus;
2428 965 2525 1021 sed
2563 966 2691 1021 inde
2719 965 2990 1020 oriundus
3029 980 3139 1020 non
3169 974 3308 1032 erat,
3349 982 3539 1021 verum
3589 989 3593 993 ·

1959 1073 2025 1112 ex
2063 1072 2130 1112 eo
2167 1057 2290 1111 loco
2319 1073 2479 1125 quem
2528 1056 2641 1125 jam
2678 1056 2942 1123 diximus,
2979 1058 3086 1112 imo
3127 1057 3223 1127 qui
3261 1071 3395 1111 voce
3424 1072 3546 1126 pro-

1959 1149 2140 1220 phetae
2183 1150 2543 1203 conﬁrmatus
2577 1155 2684 1202 est.
2732 1146 3017 1218 Philippus
3054 1163 3185 1220 ergo
3223 1145 3539 1203 Judreorum

1957 1242 2277 1311 opinionem
2308 1248 2535 1295 secutus
2563 1241 2638 1293 ait
2672 1259 2685 1293 :

2100 1332 2142 1397 Ι,
2168 1330 2256 1386 46.
2291 1330 2333 1383 Α
2365 1329 2637 1384 Nazareth
2663 1339 2834 1398 potest
2862 1330 3064 1401 aliquid
3094 1330 3216 1383 boni
3243 1348 3353 1385 esse
3372 1333 3398 1386 Ρ

2026 1420 2331 1477 Confestim
2372 1422 2672 1477 assentitur
2709 1420 3011 1475 Natlianael
3071 1435 3329 1490 magnum
3370 1418 3531 1489 quid-

1957 1513 2104 1584 piam
2129 1524 2183 1567 et
2221 1512 2484 1568 eximium
2520 1528 2645 1567 esse
2677 1511 2732 1566 id
2773 1511 2917 1581 quod
2953 1528 3019 1566 ex
3043 1509 3311 1565 Nazareth
3354 1509 3532 1580 prodi-

1958 1614 2141 1660 turum
2179 1604 2625 1675 exspectabatur.
2666 1602 2888 1658 Certum
2927 1608 3013 1657 est
3042 1610 3223 1659 autem
3275 1601 3423 1673 quod
3463 1600 3533 1656 ad

1955 1696 2299 1766 probandum
2340 1696 2394 1750 id
2422 1695 2570 1765 quod
2606 1695 2963 1765 quazrebatur
2997 1709 3107 1747 non
3136 1692 3405 1749 Nazaretb
3441 1708 3533 1748 so-

1956 1786 2067 1840 lum
2110 1785 2316 1849 attulit,
2344 1801 2531 1841 verum
2579 1785 2742 1839 etiam
2783 1801 2849 1839 ex
2878 1785 2995 1855 lege
3044 1791 3098 1838 et
3132 1785 3435 1855 prophetis,
3470 1791 3532 1837 ut

1957 1880 2049 1950 qui
2101 1878 2283 1932 multa:
2333 1876 2590 1931 lectionis
2640 1884 2779 1941 erat,
2807 1878 3175 1948 cognitionem
3225 1878 3526 1942 hauriens,

1946 1974 2056 2028 cito
2085 1973 2208 2042 ejus
2246 1972 2667 2041 intelligentiam
2709 1977 2999 2025 assecutus
3033 1977 3139 2028 est.

2157 2066 2195 2129 Ι,
2219 2063 2310 2118 46.
2348 2064 2490 2117 Dicit
2522 2064 2570 2117 ei
2595 2063 2912 2131 Philippus:
2938 2059 3065 2116 Veni
3098 2070 3147 2115 et
3177 2059 3312 2114 vide.

2017 2151 2260 2208 Sufﬁciet
2289 2152 2359 2206 ad
2392 2150 2750 2217 credendum,
2779 2152 2979 2222 inquit,
2999 2152 3086 2207 vel
3116 2158 3420 2221 spectasse,
3443 2156 3522 2215 et,
3550 2220 3551 2223 η

1944 2245 1989 2302 si
2026 2260 2150 2299 cum
2197 2260 2263 2299 eo
2311 2259 2623 2299 sermonem
2666 2244 2935 2298 duntaxat
2969 2243 3297 2305 contuleris,
3347 2240 3524 2310 magis

1867 2336 1879 2347 ”
1942 2336 2282 2400 consenties,
2325 2350 2389 2391 ac
2440 2351 2653 2391 mecum
2704 2336 3013 2390 indubitate
3050 2332 3313 2388 fateberis
3342 2332 3521 2403 ipsum

1940 2444 2064 2483 esse
2097 2442 2284 2483 revera
2324 2428 2417 2498 qui
2447 2434 2813 2497 exspectatur.
2839 2426 3013 2481 Porro
3045 2426 3382 2480 credendum
3412 2430 3518 2487 est,

1939 2520 2182 2575 divinam
2208 2520 2504 2591 quamdam
2523 2527 2576 2573 et
2595 2518 2925 2573 ineﬁ‘abilcm
2948 2519 3179 2588 gratiam
3201 2517 3254 2569 in
3276 2515 3521 2569 Salvato-

1938 2614 2018 2668 ris
2047 2626 2303 2665 sermone
2328 2626 2390 2666 ac
2418 2610 2603 2664 verbis
2634 2609 2807 2664 fuisse
2831 2624 2939 2679 qua
2957 2608 3319 2664 delinirentur
3359 2604 3517 2675 133

1938 2702 2101 2757 etiam
2157 2701 2469 2755 auditorum
2499 2701 2689 2755 animi.
2744 2700 2836 2754 Sic
2879 2700 3022 2755 enim
3079 2699 3349 2768 scriptum
3408 2704 3515 2763 est,

1937 2794 2108 2863 quia:
2157 2812 2175 2845 ι
2214 2792 2417 2848 Omnes
2460 2793 2809 2846 mirabantur
2838 2790 2892 2844 in
2924 2790 3109 2845 verbis
3150 2789 3358 2861 gratiae,
3394 2802 3520 2858 qua

1937 2885 2311 2959 procedebant
2338 2888 2406 2944 de
2436 2903 2531 2943 ore
2562 2888 2820 2956 ipsius“.
2863 2906 2881 2939 ι
2917 2885 2984 2941 Ut
3011 2886 3156 2941 enim
3190 2885 3309 2954 ejus
3336 2884 3521 2939 oratio

1936 2980 2122 3035 efﬁcax
2166 2988 2284 3034 erat
2326 2980 2400 3033 ad’
2425 2981 2717 3051 agendum,
2751 2980 2833 3033 sic
2866 2978 3034 3033 etiam
3068 2976 3134 3031 ad
3171 2976 3519 3045 persuaden-

1935 3072 2064 3124 dum
2096 3080 2216 3125 erat
2247 3071 2465 3126 idonea.

2007 3160 2045 3220 Ι,
2083 3161 2170 3214 47.
2220 3160 2361 3213 Vidit
2397 3160 2554 3214 Jesus
2590 3160 2897 3215 Nat/ranae!
2937 3161 3220 3220 venientem
3251 3159 3320 3213 ad
3357 3174 3433 3225 se,
3463 3167 3513 3211 et

1930 3253 2057 3305 dicit
2088 3252 2150 3305 de
2183 3267 2242 3306 eo
2278 3268 2296 3304 :
2332 3251 2466 3307 Ecce
2507 3269 2620 3307 vere
2655 3252 2943 3321 Israelita,
2980 3254 3035 3307 in
3069 3268 3170 3323 quo
3209 3251 3363 3305 dolus
3406 3266 3510 3305 non

1927 3354 2027 3399 est.

1999 3441 2132 3495 Cum
2185 3442 2430 3495 nondum
2486 3439 2657 3508 signis
2705 3446 2759 3492 et
2809 3436 3094 3491 miraculis
3148 3450 3206 3490 se
3251 3434 3509 3491 Christus

1931 3532 2359 3595 nianifestasset,
2385 3530 2492 3584 alio
2520 3528 2682 3584 modo
2708 3528 3042 3598 persuadere
3070 3526 3350 3581 nitebatur
3375 3540 3506 3580 suos

1927 3624 2252 3692 discipulos,
2278 3632 2332 3677 et
2373 3628 2643 3691 quotquot
2678 3636 2742 3675 ex
2796 3620 2882 3675 eis
2916 3628 3077 3675 erant
3118 3618 3414 3679 acutiores,
3446 3630 3507 3670 se

1928 3717 2182 3769 nimirum
2207 3731 2327 3770 esse
2351 3714 2551 3768 Filium
2584 3712 2892 3769 secundum
2917 3720 3193 3773 naturam,
3222 3725 3287 3763 ac
3311 3707 3503 3771 Deum,

1926 3816 1979 3860 ct
2019 3823 2117 3876 pro
2142 3807 2386 3861 omnium
2420 3806 2600 3860 salute
2641 3806 2695 3858 in
2746 3804 2982 3857 humana
3034 3801 3210 3855 forma
3267 3798 3501 3854 venisse.

1925 3898 2186 3965 Quaenam
2212 3899 2377 3968 igitur
2401 3909 2484 3954 εει
2512 3898 2602 3950 illa
2630 3897 2769 3949 ratio
2801 3910 2921 3966 quae
2965 3893 3033 3948 ad
3055 3892 3212 3948 ﬁdem
3242 3888 3506 3944 adducit?

1924 3990 2180 4061 Cognitio
2218 3989 2326 4044 Deo
2372 3989 2727 4043 conveniens.
2778 3987 2973 4042 Omnia
3014 3985 3161 4039 enim
3210 3997 3374 4037 nosse
3406 3979 3502 4035 uni

1923 4080 2032 4135 Deo
2056 4081 2331 4134 convenit.
2360 4080 2578 4148 Excipit
2599 4093 2730 4148 ergo
2750 4075 3167 4139 Nathanaelem,
3190 4088 3299 4127 non
3319 4086 3503 4128 assen-

1924 4173 2243 4227 tatiunculis
2292 4188 2417 4227 eum
2474 4172 2579 4226 sibi
2631 4171 2962 4234 concilians,
2998 4169 3093 4224 sed
3125 4166 3397 4237 expositis
3428 4164 3499 4221 iis

1921 4280 2153 4333 quorum
2207 4265 2465 4317 conscius
2507 4272 2646 4326 erat,
2685 4264 2967 4318 hominum
3003 4261 3174 4317 corda
3206 4274 3321 4341 qua
3354 4256 3499 4317 Deus

1919 4365 2003 4411 cst
2036 4374 2095 4412 se
2124 4372 2287 4411 nosse
2315 4356 2669 4411 conﬁrmans.

1990 4448 2031 4510 l,
2070 4448 2159 4502 48.
2207 4447 2345 4500 Dicit
2379 4449 2426 4501 ei
2459 4445 2771 4499 Nathanael
2804 4443 3003 4498 :‘Unde
3038 4458 3119 4496 me
3146 4443 3328 4496 nosti?

1988 4537 2291 4591 Nathanacl
2330 4538 2517 4591 mirari
2547 4537 2757 4607 incipit,
2807 4543 2860 4591 et
2912 4536 2980 4590 ad
3022 4535 3335 4588 ﬁrmitatem
3370 4531 3492 4586 ﬁdei

1913 4630 2022 4699 iam
2052 4639 2303 4695 vocatur,
2336 4630 2433 4684 sed
2465 4631 2767 4684 etiamnum
2794 4635 3187 4698 percunctatur
3222 4625 3491 4680 undenam

1913 4721 2093 4788 ipsum
2141 4721 2397 4776 Christus
2432 4729 2637 4775 nosset.
2683 4722 2968 4773 Accurata:
2998 4717 3147 4772 enim
3199 4716 3314 4771 fere
3363 4724 3493 4769 sunt

1913 4811 2172 4869 Studiosa:
2232 4826 2296 4865 ac
2346 4810 2443 4865 Dei
2495 4821 2745 4866 amantes
2774 4811 2988 4865 animae.
3044 4808 3255 4863 Forsan
3308 4813 3491 4860 autem

1910 4902 2224 4971 suspicatur
2259 4917 2318 4956 se
2345 4901 2579 4971 Philippi
2613 4916 2777 4971 Opera
2815 4900 3048 4953 Domino
3087 4898 3419 4952 innotuisse.

1980 5076 2022 5139 1,
2054 5075 2145 5131 18.
2192 5075 2471 5146 Respondit
2499 5077 2676 5142 Iesus,
2712 5089 2761 5134 et
2805 5075 2940 5133 diiit
2969 5080 3059 5133 ei:
3086 5078 3407 5147 Priusquam
3434 5085 3487 5133 te

1911 5164 2191 5235 Philippus
2228 5179 2458 5233 vocaret,
2481 5187 2600 5225 cum
2627 5187 2763 5225 esse:
2795 5170 2890 5224 sub
2922 5171 3047 5239 ﬁcu,
3077 5168 3181 5223 vidi
3203 5181 3273 5222 te.

1986 5257 2160 5313 Solvit
2198 5260 2321 5328 ejus
2374 5264 2744 5333 suspicionem
2796 5260 3075 5325 Servator,
3111 5260 3240 5314 dum
3299 5258 3375 5312 ait
3424 5273 3484 5314 se

1910 5362 2032 5404 eum
2065 5350 2171 5406 sub
2201 5352 2303 5407 ﬁcu
2327 5355 2530 5410 vidisse
2552 5355 2767 5410 tametsi
2800 5369 3029 5425 corpore
3060 5352 3271 5416 aberat,
3299 5348 3480 5419 prius-

1910 5457 2072 5511 quam
2126 5444 2190 5499 ad
2223 5460 2284 5501 se
2313 5448 2552 5503 venisset
2587 5456 2684 5501 aut
2739 5449 2960 5504 locutus
2989 5455 3139 5503 esset
3164 5443 3475 5510 Philippus.

1907 5530 1973 5585 Et
2000 5533 2154 5589 valde
2200 5537 2410 5592 utiliter
2452 5553 2576 5592 cum
2624 5538 2782 5605 ﬁcus,
2817 5547 2933 5593 tum
2978 5538 3130 5593 locus
3173 5535 3291 5605 ipse
3327 5532 3479 5587 desi-

1905 5630 2160 5694 gnantur,
2217 5627 2419 5698 quibus
2474 5630 2765 5686 certiorem
2828 5628 2983 5685 ﬁdem
3041 5624 3175 5683 facit
3231 5638 3293 5682 se
3350 5635 3475 5677 eum
