4222 6510
124 468 127 469 ⁷
208 450 315 506 925

1240 440 1302 494 IN
1332 438 1613 496 JUANNIS
1648 437 2097 495 EVANGELIUM
2131 438 2257 493 LIB.
2303 438 2363 493 11.

3356 443 3463 498 226

209 565 331 614 ὅσον
354 560 412 617 δὲ
437 553 572 630 ἧκεν
598 558 678 621 εἰς
710 556 809 628 τὴν
841 556 1038 624 σάρκα,
1086 556 1462 627 φαμέν.Ἔδει’
1482 555 1590 626 γὰρ
1622 555 1789 625 αὐτὴν
1818 559 1864 617 Α

1818 559 1864 617 Α
1892 532 2077 607 niebat
2110 552 2257 618 enim
2294 561 2351 607 ut
2380 553 2476 623 qui
2508 561 2758 608 naturam
2808 553 2981 623 ipsam
3014 552 3255 611 hominis
3296 532 3459 612 reno-

206 652 305 723 τὴν
353 650 642 722 ἀνθρώπου
690 647 851 717 φύσιν
901 646 1485 717 ἀνακεφαλαιούμενον,
1537 647 1631 699 καὶ
1662 645 1789 716 ὃλην

208 738 651 804 ἀνασκευάζοντα
692 737 827 809 πρὸς
858 738 917 791 τὸ
961 738 1204 808 ἄμεινον,
1236 738 1310 808 μὴ
1352 738 1511 807 μόνον
1543 740 1654 800 τοῖς
1689 737 1787 807 ήδη

209 832 347 903 πρὸς
374 832 435 884 τὸ
459 830 697 899 ὑπάρξαι
721 830 1076 900 κεκλημένοις
1104 830 1378 900 διανέμειν
1398 831 1498 899 τὴν
1520 827 1787 895 εὐλογίαν,

209 923 346 977 ἀλλά
371 922 464 975 καὶ
494 924 606 985 τοῖς
638 922 762 975 ὅσον
799 922 1008 975 οὐδέπω
1044 920 1459 991 τεχθησομένοις
1493 936 1790 990 προευτρε-

210 1015 391 1079 πίζειν
421 1014 519 1085 τὴν
545 1015 727 1086 χάριν,
777 1015 870 1067 καὶ
920 1013 1080 1081 ἁγίαν
1109 1011 1286 1065 αὐτῶν
1317 1029 1388 1065 κε
1402 1010 1659 1080 εαστῆσαι
1695 1009 1792 1081 τὴν

210 1109 292 1170 εἰς
320 1106 381 1159 τὸ
412 1101 551 1161 εἷναι
586 1106 839 1179 πάροδον.
888 1106 998 1158 Καὶ
1046 1103 1236 1174 τρίτην
1286 1103 1380 1157 ἐπὶ
1419 1101 1593 1171 τούτῳ
1636 1101 1792 1171 δέχου

211 1198 311 1267 τὴν
343 1197 656 1265 ἀπολογίαν.
692 1196 891 1268 Εἴρητό
924 1213 1025 1249 που
1058 1196 1190 1266 πρὸς
1238 1194 1336 1265 τὴν
1365 1194 1598 1262 γυναῖκα
1642 1192 1794 1263 παρά

211 1290 349 1342 Θεοῦ
370 1307 382 1319 ·
425 1308 443 1339 ι
492 1290 579 1341 Ἐν
608 1288 805 1352 λύπαις
835 1286 961 1359 τέξῃ
992 1288 1185 1341 τέκνω
1226 1307 1244 1339 ι
1276 1286 1396 1350 πῶς
1428 1281 1519 1339 οὖν
1564 1286 1669 1337 ἔδει
1700 1284 1796 1336 καὶ

211 1378 417 1447 ταύτην
446 1378 591 1447 ἡμᾶς
624 1375 1066 1447 ἀποκρούσασθαι
1118 1376 1215 1447 τὴν
1264 1376 1405 1446 ἁράν
1430 1414 1444 1439 ,
1484 1374 1515 1442 ἢ
1568 1371 1683 1433 πῶς
1730 1370 1795 1425 ἂν

214 1469 417 1539 ἑτέρως
482 1467 765 1536 διαφυγεῖν
837 1467 1359 1537 καταδεδικασμένον
1423 1466 1515 1517 τὸν
1580 1464 1792 1532 γάμον;

217 1561 415 1611 Ἕλυσε
464 1560 553 1612 καὶ
602 1560 756 1613 τοῦτο
804 1558 1182 1631 φιλάνθρωπος
1214 1557 1287 1611 ὢν
1322 1562 1347 1611 ὁ
1382 1557 1595 1625 Σωτήρ.
1638 1555 1792 1607 Τετί-

217 1668 361 1721 μηκε
396 1654 461 1721 τῇ
492 1652 762 1723 παρουσίᾳ
786 1652 877 1704 τὸν
902 1651 1104 1721 γάμον,
1132 1653 1164 1721 ὴ
1196 1651 1412 1703 πάντων
1442 1648 1675 1718 εὐθυμία
1702 1647 1797 1701 καὶ

214 1746 381 1815 χαρὰ,
439 1746 525 1797 ἵνα
584 1746 685 1812 τῆς
730 1743 1077 1811 τεκνογονίας
1132 1742 1231 1812 τὴν
1282 1741 1514 1809 ἀρχαίαν
1570 1738 1794 1808 ἐξελάσῃ

214 1832 551 1905 κατήφειαν·
584 1853 602 1885 ι
633 1834 699 1886 Εἴ
728 1851 811 1897 τις
842 1834 951 1903 γὰρ
983 1834 1039 1885 ὲν
1074 1830 1313 1903 Χριστῷ,
1344 1830 1503 1900 καινὴ
1537 1829 1729 1890 κτίσις,
1771 1846 1789 1877 ι

1894 651 2124 697 vaturus
2161 654 2224 695 ac
2255 649 2421 697 totam
2460 643 2514 697 in
2549 644 2826 699 meliorem
2863 650 3069 699 statum
3104 652 3467 703 revocaturus

1893 741 2031 796 erat,
2067 748 2174 788 non
2199 734 2376 788 solum
2425 734 2491 790 iis
2516 734 2610 804 qui
2657 734 2770 803 jam
2799 735 2854 790 in
2882 743 3066 791 ortum
3103 737 3281 791 vocati
3309 743 3469 792 erant

1893 823 2333 879 benedictionem
2367 825 2759 895 impertiretur,
2793 826 2889 882 sed
2923 838 2979 882 et
3014 828 3082 884 iis
3120 842 3338 898 quoque
3371 831 3467 898 qui

1895 926 2081 985 postea
2122 917 2392 972 nascituri
2447 928 2633 972 essent
2688 917 2922 987 gratiam
2986 928 3369 988 praastrueret,
3412 927 3467 974 et

1894 1021 2085 1061 eorum
2119 1015 2303 1061 ortum
2338 1016 2592 1063 sanctum
2624 1007 2880 1062 ellieeret.
2914 1005 3084 1063 Porro
3120 1010 3333 1064 tertiam
3367 1011 3468 1065 tibi

1896 1098 2038 1153 hanc
2082 1099 2280 1153 habeto
2321 1100 2616 1154 rationem.
2656 1098 2870 1153 Dictum
2906 1108 2990 1155 est
3012 1100 3213 1155 alicubi
3250 1102 3314 1156 ad
3347 1119 3470 1159 mu-

1896 1187 2082 1242 lierem
2118 1203 2146 1240 a
2187 1188 2337 1243 Deo:
2374 1187 2439 1241 In
2480 1189 2661 1242 dolore
2703 1190 2878 1257 paries
2916 1190 3057 1257 ﬁlios
3081 1191 3144 1244 ⁵⁸.
3183 1191 3469 1257 Quomodo

1894 1278 2061 1349 igitur
2082 1278 2223 1332 hanc
2247 1292 2277 1331 a
2300 1277 2459 1332 nobis
2475 1278 2910 1333 exsecrationem
2935 1278 3135 1347 depelli
3158 1282 3467 1349 oportebat,

1895 1378 1993 1426 aut
2049 1386 2287 1441 quanam
2353 1369 2457 1423 alia
2527 1371 2741 1423 ratione
2798 1369 3193 1425 condemnatas
3252 1373 3473 1442 nuptias

1900 1464 2068 1519 vitare
2098 1464 2330 1518 licebat?
2362 1462 2509 1517 lstud
2555 1462 2720 1517 etiam
2756 1463 2923 1537 solvit
2961 1464 3246 1528 Servator,
3292 1464 3473 1518 homi-

1898 1570 2027 1609 num
2063 1553 2495 1608 amantissimus.
2556 1553 2851 1608 Praesentia
2901 1569 2998 1608 sua
3040 1554 3260 1624 nuptias
3306 1555 3475 1609 cohoo

1898 1644 2276 1714 ncstavit,ipse
2307 1645 2565 1715 gaudium
2600 1651 2653 1697 et
2694 1644 2882 1698 laetitia
2917 1660 3040 1698 cum
3074 1646 3145 1700 sit
3180 1646 3471 1701 universo-

1898 1748 2041 1797 rum,
2070 1741 2129 1785 ut
2165 1742 2403 1787 veterem
2429 1740 2621 1802 partus
2658 1732 2939 1786 tristitiam
2971 1733 3317 1805 depelleret;
3353 1752 3373 1786 ι
3412 1733 3474 1788 Si

1898 1824 2013 1893 quis
2041 1825 2176 1877 enim
2204 1825 2256 1876 in
2284 1821 2515 1886 Christo,
2550 1839 2681 1877 nova
2706 1832 2955 1877 creatura
3001 1834 3100 1878 cst.
3144 1844 3162 1877 ι
3200 1823 3293 1890 Ει,
3318 1843 3336 1877 ι
3374 1824 3476 1881 γε.

213 1928 349 1990 Καὶ,
382 1946 401 1978 ι
442 1927 524 1979 Τά
571 1927 774 1998 ἀρχαῖα
824 1924 1117 1994 παρῆλθεν,
1154 1942 1171 1974 ι
1205 1923 1280 1985 ὡς
1323 1924 1350 1975 ὁ
1383 1920 1594 1982 Παῦλός
1642 1937 1795 1990 φησι,
1828 1911 1875 1971 Β

1828 1911 1875 1971 Β
1905 1922 2019 1970 tera
2042 1916 2404 1977 transierunt,
2440 1933 2459 1966 ι
2497 1923 2555 1968 ut
2580 1913 2785 1969 Paulus
2815 1915 3014 1984 inquit,
3048 1933 3067 1965 ι
3099 1924 3152 1971 et
3180 1915 3323 1971 facta
3345 1925 3474 1973 sunt

219 2040 237 2070 ι
277 2020 465 2087 γέγονε
519 2019 575 2072 δὲ
621 2019 802 2073 καινά.
849 2037 867 2068 ›
911 2018 1167 2089 Ἔρχεται
1196 2014 1483 2085 τοιγαροῦν
1513 2014 1647 2084 ὁμοῦ
1690 2015 1801 2076 τοῖς

212 2111 435 2175 οἰκείοις
468 2109 735 2181 μαθηταῖς
786 2110 866 2174 εἰς
912 2109 1002 2161 τὸν
1032 2108 1239 2178 γάμον·
1274 2107 1381 2159 ἔδει
1420 2107 1527 2176 γὰρ
1552 2106 1800 2176 παρεῖναι

214 2199 297 2270 τῷ
321 2198 720 2269 θαυματουργῷ
748 2200 871 2261 τοὺς
900 2197 1007 2250 τῶν
1046 2196 1359 2267 παραδόξων
1388 2194 1797 2264 φιλοθεάμονας,

214 2292 423 2360 τροφήν
456 2307 579 2343 τινα
608 2289 797 2357 ῶσπερ
834 2291 902 2358 τῇ
937 2290 993 2341 ἐν
1025 2289 1207 2350 αὐτοῖς
1250 2287 1427 2339 πίστει
1456 2285 1803 2349 συλλέξοντας

216 2376 279 2428 τὸ
335 2376 677 2446 τελούμενον.
730 2376 951 2444 Ἐπειδὴ
1009 2376 1065 2428 δὲ
1122 2370 1263 2438 οἶνος
1317 2375 1622 2428 ἐπιλέλοιπε
1678 2378 1804 2439 τοὺς

217 2471 603 2540 ἑστιωμένους,
633 2471 725 2522 ἐπὶ
770 2469 868 2540 τὴν
903 2469 1105 2541 συνήθη
1161 2469 1568 2539 φιλανθρωπίαν
1602 2470 1804 2538 ἀγαθὸν

215 2564 347 2615 ὅντα
390 2563 479 2614 τὸν
524 2563 726 2633 Κύριον
753 2566 784 2632 ἠ
816 2566 997 2633 μήτηρ
1047 2563 1270 2616 ὲκάλεσε
1310 2563 1559 2630 λέγουσα·
1600 2581 1618 2613 ε
1652 2560 1804 2617 Οἶνον

213 2650 319 2701 οὐκ
353 2649 564 2719 ἔχουσιν
585 2667 597 2680 ·
645 2670 662 2701 ι
692 2650 765 2713 ὡς
806 2652 914 2721 γὰρ
943 2651 1059 2703 ἐνὸν
1097 2652 1183 2703 ἐπ’
1206 2651 1472 2716 ἐξουσίαις
1508 2653 1655 2724 αὐτῷ
1696 2656 1803 2706 πᾶν

213 2741 357 2809 ὅπερ
387 2739 452 2792 ἂν
483 2740 723 2808 βούλοιτο
751 2742 945 2804 ποιεῖν,
988 2741 1068 2803 εἰς
1100 2741 1159 2793 τὸ
1198 2740 1381 2810 θαῦμα
1406 2742 1730 2812 προτρέπει.

298 2833 360 2885 Τί
382 2832 509 2901 ἐμοὶ
554 2833 649 2885 καὶ
690 2832 1004 2900 σοὶ,γύναι
1028 2849 1046 2896 ;
1074 2832 1237 2885 οὐπω
1282 2832 1409 2900 ἣκει
1449 2834 1488 2900 ἡ
1525 2831 1643 2899 ὥρα
1666 2850 1801 2902 μου.

298 3006 526 3077 Ἀριστα
556 3006 648 3059 καί
670 3005 859 3059 τοῦτον
900 3007 1032 3076 ἡμῖν
1060 3005 1151 3057 τὸν
1180 3005 1335 3073 λόγον
1365 3006 1393 3057 ὁ
1424 3006 1613 3076 Σωτὴρ
1641 3007 1804 3075 ἐσχη-

217 3098 499 3167 ματίξετο.
550 3099 624 3151 Οὐ
671 3098 780 3168 γὰρ
817 3098 923 3150 ἔδει
979 3098 1237 3169 δρομαῖον
1289 3098 1382 3151 ἐπὶ
1424 3098 1482 3150 τὸ
1525 3099 1801 3167 πράττειν,

214 3190 416 3255 ἐλθεῖν,
448 3190 567 3242 οὐδὲ
589 3189 882 3259 αὐτόμολον
906 3190 1094 3260 ὥσπερ
1117 3189 1343 3261 ὁρᾶσθαι
1370 3190 1801 3260 θαυματουργὸν,

216 3282 553 3352 κεκλημένον
581 3280 636 3333 δὲ
664 3280 817 3351 μόλις
848 3281 939 3333 ἐπὶ
976 3280 1133 3333 τοῦτο
1161 3280 1415 3350 βαδίζειν,
1448 3281 1540 3333 καὶ
1564 3283 1627 3351 τῇ
1646 3280 1805 3351 χρείᾳ

216 3372 446 3442 μᾶλλον,
464 3372 608 3441 ἥπερ
638 3373 751 3434 τοῖς
778 3370 977 3441 ὁρῶσιν
1011 3370 1287 3423 ἐπιδοῦναι
1319 3369 1416 3440 τὴν
1446 3371 1624 3441 χάριν.
1650 3371 1808 3425 Δοκεῖ

212 3466 276 3519 δέ
305 3483 422 3529 πως
461 3460 599 3519 εἶναι
631 3467 724 3518 καὶ
772 3466 1102 3536 χαριεστέρα
1132 3464 1240 3518 τῶν
1274 3463 1623 3534 ποθουμένων
1660 3464 1805 3535 ήέκ-

214 3556 400 3619 ϐασις,
434 3555 533 3607 οὐκ
568 3555 633 3607 ὲκ
670 3554 765 3607 τοῦ
811 3554 1099 3625 προχείρου
1152 3556 1262 3617 τοῖς
1292 3554 1501 3607 αίτοῦσι
1539 3571 1804 3625 χορηγου-

216 3647 381 3716 μένη,
410 3646 499 3698 διὰ
526 3646 583 3698 δὲ
631 3647 831 3715 μικρᾶς
870 3644 1213 3715 ὑπερθέσεως
1253 3646 1332 3709 εἰς
1387 3646 1577 3699 ἐλπίδα
1622 3647 1801 3700 καλλί-

214 3753 353 3805 στην
376 3735 750 3807 ἀνωθουμένη·
792 3735 967 3798 ἄλλως
1001 3753 1059 3789 τε
1090 3737 1185 3789 καὶ
1224 3736 1310 3789 διά
1346 3737 1534 3790 τούτου
1564 3739 1662 3810 τὴν
1691 3742 1802 3804 τοῖς

210 3825 437 3879 τεκοῦσι
485 3826 935 3896 χρεωστουμένην
979 3825 1141 3896 τιμὴν
1170 3826 1603 3897 ἀξιολογωτάτην
1629 3829 1803 3899 ὑπάρ-

213 3932 420 3986 χουσαν
450 3914 777 3968 ἐπιδεικνύει
810 3916 1064 3982 Χριστὸς,
1086 3916 1222 3985 ὅπερ
1245 3916 1305 3968 οὐ
1333 3916 1591 3986 πράττειν
1614 3918 1802 3989 ἤθελεν

210 4008 359 4061 αἰδοῖ
386 4010 451 4077 τῇ
490 4007 621 4077 περὶ
664 4007 879 4077 μητέρα
908 4007 1356 4076 καταδεχόμενος.

291 4100 459 4167 Λέγει
490 4100 527 4167 ἠ
556 4099 754 4167 μήτηρ
792 4099 976 4152 αὑτοῦ
1005 4099 1127 4163 τοῖς
1159 4098 1456 4164 διακόνοις
1479 4117 1491 4131 ·
1522 4100 1648 4153 ’Ότι
1698 4102 1804 4155 ἐὰν

206 4188 367 4257 ,ιέτῃ
408 4167 567 4258 ὑμῖν,
594 4189 904 4257 ποιήσατε.
927 4183 1130 4241 *ιισαν
1151 4188 1220 4241 δὲ
1266 4187 1396 4240 ἐκεῖ
1432 4189 1625 4257 ὑδρίαι
1654 4192 1803 4246 λίθι-

210 4296 318 4331 ναι
362 4277 431 4342 ἐξ
477 4277 741 4347 κείμεναι
794 4280 943 4331 κατὰ
978 4277 1083 4331 τὸν
1114 4282 1483 4349 καθαρισμὸν
1504 4279 1621 4334 τῶν
1659 4282 1803 4335 Ἰου-

209 4370 405 4423 δαίων
432 4369 734 4438 χωροῦσαι
769 4369 885 4423 ἀνὰ
922 4371 1217 4440 μετρητὰς
1255 4372 1365 4426 δύο
1409 4374 1444 4441 ἢ
1490 4372 1664 4439 τρεῖς.

294 4462 501 4532 Πολλὴν
522 4462 719 4532 ἔχουσα
748 4461 844 4532 τὴν
870 4461 1042 4531 ῥοπὴν
1068 4464 1147 4524 είς
1172 4463 1231 4515 το
1252 4464 1502 4531 γενέσθαι
1533 4465 1591 4518 τὸ
1620 4464 1802 4536 θαῦμα

1904 2019 2043 2061 nova
2065 2006 2130 2059 "°.
2173 2025 2191 2057 ι
2231 2005 2388 2060 Venit
2424 2007 2607 2076 itaque
2641 2022 2748 2061 una
2775 2021 2898 2061 cum
2940 2007 3055 2063 suis
3083 2008 3368 2079 discipulis
3402 2009 3470 2064 ad

1905 2098 2147 2168 nuptias.
2216 2096 2451 2153 Deccbat
2511 2099 2745 2168 quippe,
2798 2108 2857 2151 ut
2915 2100 3179 2153 miracula
3232 2101 3474 2170 patranti

1905 2191 2161 2246 adessent
2199 2191 2289 2261 qui
2317 2206 2497 2247 rerum
2532 2192 2864 2246 mirabilium
2903 2193 3089 2248 studio
3118 2194 3472 2258 tenebantur.

1905 2284 1955 2337 id
2008 2284 2152 2353 quod
2200 2285 2528 2351 patrandqu
2578 2291 2703 2339 erat
2752 2285 2909 2353 quasi
2962 2284 3252 2354 quemdam
3290 2286 3475 2340 cibum

1907 2374 2028 2429 lidci
2063 2359 2176 2429 sua:
2206 2374 2512 2429 collecturi.
2546 2374 2818 2429 Caeterum
2868 2375 2997 2429 vino
3044 2376 3305 2431 convivas
3338 2377 3475 2431 deti-

1905 2462 2104 2525 ciente,
2144 2474 2317 2518 mater
2348 2480 2471 2518 eum
2522 2472 2677 2535 rogat
2723 2476 2781 2520 ut
2820 2467 2982 2520 solita
3017 2481 3117 2521 sua
3151 2467 3394 2522 bonitate
3423 2475 3478 2523 et

1906 2554 2243 2623 benignitate
2266 2556 2342 2609 uti
2364 2558 2514 2620 velit,
2540 2555 2732 2612 dicens
2761 2574 2773 2609 :
2802 2576 2819 2606 ‹
2846 2556 3045 2612 Vinum
3068 2573 3179 2614 non
3201 2559 3419 2613 habent.
3452 2578 3471 2611 ο

1904 2642 2041 2697 Nam
2074 2644 2231 2714 quasi
2265 2644 2316 2698 in
2353 2644 2472 2713 ejus
2508 2654 2778 2715 potestate
2809 2647 2880 2701 sit
2913 2654 3112 2701 cuncta
3145 2646 3324 2703 facere
3355 2662 3479 2718 quae

1904 2735 2055 2797 velit,
2086 2734 2153 2787 ad
2183 2736 2509 2789 miraculum
2536 2752 2660 2790 eum
2692 2737 2977 2791 hortatur.

1976 2823 2051 2888 ΙΙ,
2081 2827 2135 2879 ι.
2176 2826 2317 2892 Quid
2353 2827 2481 2881 mihi
2501 2835 2551 2881 et
2582 2827 2676 2881 tibi
2698 2837 2799 2892 est,
2827 2828 3058 2884 mulier?
3087 2826 3316 2881 nondum
3342 2828 3480 2882 venit

1905 2918 2035 2971 hora
2070 2934 2203 2974 mea.

1978 3010 2130 3065 llunc
2170 3025 2478 3066 sermonem
2501 3011 2761 3081 praeclare
2784 3026 3001 3080 quoque
3039 3009 3304 3065 Servator
3333 3010 3479 3065 etlin-

1906 3102 2006 3155 xit.
2046 3099 2157 3153 Nec
2200 3102 2345 3153 enim
2390 3099 2458 3152 ad
2494 3099 2759 3168 patranda
2808 3099 3074 3153 miracula
3121 3113 3344 3153 currere
3382 3106 3479 3153 aut

1908 3193 2053 3246 ultro
2082 3190 2283 3246 inferre
2318 3206 2377 3246 se
2408 3206 2517 3245 non
2547 3191 2826 3259 oportuit,
2858 3190 2954 3245 sed
2991 3199 3241 3259 rogatum
3278 3204 3343 3245 eo
3383 3204 3477 3245 ve-

1908 3286 2065 3351 nire,
2109 3292 2161 3339 et
2206 3283 2431 3337 utilitati
2475 3283 2647 3354 magis
2696 3297 2859 3352 quam
2897 3289 3265 3351 spectatorum
3302 3280 3480 3336 oculis

1907 3372 2050 3429 han'c
2100 3374 2368 3444 impertiri
2415 3373 2668 3442 gratiam.
2707 3372 2962 3427 Gratiora
3004 3387 3135 3426 vero
3179 3379 3307 3427 sunt
3356 3387 3479 3440 qum

1905 3472 2185 3534 optantur,
2219 3466 2266 3521 si
2302 3479 2411 3519 non
2446 3465 2556 3518 cito
2588 3464 2901 3534 petentibus
2928 3478 2991 3519 ea
3026 3462 3345 3526 tradantur,
3381 3460 3477 3516 sed

1906 3556 2244 3625 aliquantula
2266 3571 2415 3609 mora
2443 3556 2495 3609 in
2522 3556 2954 3625 pulcherrimam
2978 3570 3129 3624 spem
3152 3553 3478 3610 offerantur.

1905 3647 2195 3711 Praaterea,
2228 3648 2521 3701 maximum
2546 3662 2667 3702 esse
2695 3648 2846 3701 illum
2876 3646 3137 3703 honorem
3163 3646 3255 3716 qui
3282 3660 3479 3716 paren-

1906 3744 2051 3799 tibus
2094 3742 2344 3809 debetur,
2380 3742 2638 3797 Christus
2685 3741 2968 3807 ostendit,
3011 3742 3138 3796 dum
3172 3740 3478 3795 reverentia

1904 3842 2100 3890 matris
2155 3835 2207 3888 id
2259 3834 2567 3889 faciendum
2630 3832 2904 3902 suscipit,
2954 3832 3103 3903 quod
3151 3831 3332 3887 facere
3377 3846 3479 3887 no-

1906 3924 2070 3981 lebat.

1975 4100 2016 4155 ll
2039 4145 2052 4166 ,
2095 4103 2210 4157 5-6.
2246 4103 2385 4157 Dicit
2425 4113 2594 4156 mater
2626 4102 2740 4171 ejus
2782 4101 3040 4156 ministris
3068 4117 3086 4154 :
3122 4101 3480 4172 Quodcunque

1904 4195 2096 4249 dixerit
2127 4195 2287 4257 vobis,
2313 4195 2492 4264 facile.
2526 4193 2695 4247 Erant
2719 4202 2893 4247 autem
2924 4192 3001 4246 ibi
3027 4192 3249 4260 lapidere
3274 4193 3479 4263 hydria!

1905 4302 1995 4341 sex
2011 4286 2198 4355 posita:
2225 4286 2509 4340 secundum
2530 4287 2951 4354 puriﬁcationem
2974 4283 3480 4357 Judworunt,l36

1905 4379 2167 4446 capientes
2202 4378 2422 4446 singula:
2449 4386 2698 4430 metretas
2732 4376 2882 4430 binas
2914 4377 2993 4431 vel
3021 4385 3221 4430 ternas.

1976 4468 2225 4538 Magnam
2256 4468 2464 4522 habens
2495 4467 2878 4522 auctoritatem
2915 4466 2980 4520 ad
3011 4466 3334 4520 miraculum
3374 4466 3476 4521 eli-

207 4554 505 4623 νενίκηκεν
539 4555 572 4624 ἡ
623 4553 758 4624 γυνὴ
792 4552 1051 4606 πείθουσα
1083 4553 1173 4607 διὰ
1214 4556 1275 4607 τὸ
1320 4556 1525 4626 πρέπον
1568 4557 1642 4620 ὡς
1690 4558 1801 4612 υἱὸν
1833 4586 1874 4639 D

1833 4586 1876 4639 ι)
1906 4560 2157 4615 ciendum
2186 4561 2381 4615 mulier
2404 4559 2690 4614 Dominum
2717 4558 2883 4612 ﬁlium
2908 4574 3093 4617 suum.
3123 4565 3182 4611 ut
3212 4572 3309 4627 par
3336 4568 3474 4619 erat.

207 4646 310 4698 τὸν
340 4643 565 4713 Κύριον.
609 4646 868 4716 Ἀρχεται
909 4644 965 4697 δὲ
1012 4645 1105 4698 τοῦ
1137 4647 1459 4719 πράγματος
1498 4648 1632 4720 αὕτη
1668 4650 1802 4720 πρὸς

210 4734 525 4805 ὑπουργίαν
568 4735 667 4805 ήδη
718 4735 826 4788 τῶν
856 4735 1108 4804 γενέσθαι
1153 4739 1631 4810 προσταττομένων
1678 4742 1804 4804 τοὺς

209 4830 316 4896 τῆς
351 4824 712 4895 πανηγύρεως
753 4825 1034 4895 ὑπηρέτας
1072 4828 1483 4898 εὐτρεπίζουσα.

289 4916 467 4983 Λέγει
502 4916 707 4981 αὐτοις
733 4918 765 4968 ό
810 4915 1047 4983 Ἰησοῦς
1072 4932 1085 4945 ο
1118 4920 1416 4986 Γεμίσατε
1453 4920 1557 4985 τὰς
1598 4920 1806 4989 ὑδρίας

212 5008 465 5072 ὓδατος.
496 5006 602 5061 Kal
635 5007 921 5076 ἐγέμισαν
953 5006 1060 5072 ἕως
1089 5008 1229 5063 ἅνω.
1249 5010 1359 5063 Καὶ
1392 5010 1551 5079 λέγει
1580 5012 1801 5077 αὐτοῖς’

224 5098 606 5165 Ἀντλήσατε
632 5098 767 5163 νῦν,
792 5099 887 5151 καὶ
911 5098 1119 5168 φέρετε
1139 5098 1218 5163 τῷ
1239 5100 1674 5169 ἀρχιτρικλίνῳ*
1704 5104 1804 5157 καὶ

210 5193 509 5261 ἤνεγκαν.
557 5190 653 5256 Ὠς
709 5190 777 5243 δὲ
834 5191 1123 5259 ἐγεύσατο
1155 5196 1187 5245 ό
1237 5193 1676 5262 ἀρχιτρίκλινος
1738 5198 1802 5251 τὸ

212 5284 382 5350 ὕδωρ
440 5277 609 5335 οἶνον
664 5280 1079 5351 γεγενημένον,
1120 5284 1217 5338 καὶ
1274 5287 1384 5339 οὐκ
1440 5286 1568 5355 ᾐδει
1619 5290 1804 5343 πόθεν

210 5374 399 5427 ἐστίν
422 5389 436 5402 θ
465 5376 518 5426 ol
548 5372 615 5425 δὲ
655 5372 921 5426 διάκονοι
965 5374 1218 5443 ᾔδεισαν
1245 5377 1299 5429 ol
1336 5376 1699 5445 ἠντληκότες
1736 5379 1802 5433 τὸ
1831 5418 1847 5437 .

214 5468 384 5532 ὕδωρ
404 5482 417 5495 ο
460 5464 646 5533 φωνεῖ
677 5466 783 5518 τὸν
827 5466 1089 5534 νυμφίον
1137 5469 1169 5519 ό
1200 5466 1635 5535 ἀρχιτρίκλινος
1659 5508 1673 5533 ,
1702 5471 1801 5523 καὶ

214 5558 391 5626 λέγει
419 5554 578 5620 αὐτῷ
608 5571 622 5585 ο
671 5556 796 5621 Πᾶς
836 5556 1141 5625 ἅνθρωπος
1189 5557 1426 5625 πρῶτον
1466 5560 1571 5613 τὸν
1614 5562 1807 5616 καλὸν

1906 4652 2200 4721 persuasit.
2239 4651 2369 4706 Haec
2398 4659 2581 4705 autem
2611 4666 2722 4705 rem
2747 4649 3081 4720 aggreditur,
3112 4650 3241 4702 dum
3272 4650 3481 4718 nuptia-

1904 4758 2027 4797 rum
2061 4744 2345 4798 ministros
2375 4750 2571 4812 praesto
2609 4756 2731 4797 esse
2755 4741 2931 4810 jubet,
2962 4755 3136 4810 eaque
3169 4740 3484 4795 ministrare

1907 4848 2029 4902 quae
2062 4831 2327 4887 Dominus
2367 4847 2487 4885 mox
2524 4832 2893 4899 imperaturus
2926 4838 3093 4884 esset.

1987 4922 2061 4986 ll,
2113 4922 2266 4976 7-10.
2314 4921 2453 4975 Dicit
2488 4922 2562 4974 eis
2594 4918 2750 4973 Jesus
2775 4933 2793 4970 :
2837 4917 3053 4986 Implete
3080 4918 3297 4988 hydrias
3320 4934 3481 4988 aqua.

1912 5012 1981 5067 Et
2013 5014 2355 5082 impleverunt
2389 5028 2480 5065 eas
2511 5027 2674 5080 usque
2706 5011 2774 5063 ad
2804 5026 3088 5063 summum.
3132 5008 3200 5062 Et
3236 5008 3367 5063 dicit
3404 5010 3481 5065 eis

1906 5104 2062 5160 Jesus
2086 5146 2101 5159 .
2140 5104 2368 5157 llaurite
2394 5121 2560 5169 nunc,
2592 5112 2639 5157 et
2664 5103 2792 5171 ferte
2821 5101 3183 5155 architriclino
3206 5117 3228 5153 :
3262 5109 3311 5154 et
3345 5101 3481 5155 tule-

1906 5206 2048 5252 runt.
2088 5196 2155 5250 Ut
2186 5206 2358 5250 autent
2389 5197 2619 5267 gustarit
2650 5194 3041 5249 architriclinus
3072 5209 3265 5262 aquam
3304 5194 3479 5248 vinum

1906 5292 2104 5361 factam
2129 5330 2143 5353 ,
2180 5299 2229 5343 et
2269 5306 2372 5343 non
2411 5288 2606 5344 sciebat
2650 5288 2787 5342 unde
2823 5296 2996 5349 esset;
3036 5286 3265 5339 ministri
3306 5294 3483 5338 autem

1904 5382 2134 5436 sciebant
2165 5382 2253 5451 qui
2278 5381 2562 5434 hauserant
2589 5394 2781 5448 aquam
2805 5377 2825 5430 ."
2854 5384 3003 5431 uocat
3033 5390 3277 5443 sponsum
3307 5374 3484 5427 archi-

1907 5474 2188 5537 triclinus,
2232 5481 2280 5527 et
2317 5471 2449 5525 dicit
2487 5472 2535 5525 ei
2569 5487 2585 5524 :
2635 5468 2820 5525 Omnis
2853 5467 3006 5521 homo
3032 5465 3482 5535 primumbonum

1913 5568 2086 5621 vinum
2115 5567 2304 5634 ponit:
2338 5574 2387 5619 et
2421 5581 2539 5619 cum
2574 5560 2820 5619 inebriati
2844 5559 3068 5629 fuerint,
3105 5569 3229 5610 tunc
3260 5557 3314 5609 id
3341 5554 3481 5625 quod

213 5645 399 5703 οἶνον
429 5647 645 5713 τίθησι,
667 5647 765 5699 καὶ
792 5647 937 5701 ὅταν
959 5646 1319 5717 μεθυσθῶσι,
1346 5651 1478 5703 τότε
1508 5651 1613 5704 τὸν
1627 5652 1812 5708 ἐλάσ-

1913 5657 2141 5711 deterius
2172 5665 2289 5711 est:
2335 5665 2389 5710 tu
2434 5665 2609 5710 autem
2638 5652 2861 5709 servasti
2898 5651 3088 5706 bonum
3117 5649 3293 5703 vinum
3322 5660 3490 5719 usque

215 5755 313 5795 σω
378 5737 465 5790 Σὺ
498 5737 827 5805 τετήρηκας
862 5738 969 5791 τὸν
995 5737 1186 5791 καλὸν
1217 5736 1386 5793 οἶνον
1408 5741 1517 5807 ἕως
1546 5742 1694 5810 ἄρτι.

300 5856 351 5885 ⁸ο
388 5851 527 5908 Gen.
564 5867 645 5919 ut,
678 5853 762 5907 ιε.
852 5851 900 5883 ⁷⁸
931 5849 975 5905 Il
1009 5852 1137 5907 Cor.
1177 5868 1231 5915 ν,
1264 5850 1349 5904 l7.

1915 5748 2101 5804 adhuc.
