4222 6510
234 376 340 431 9‘29

1278 374 1339 429 IN
1374 374 1659 431 JOANNIS
1697 372 2142 429 EVANGELlIiM
2175 373 2300 429 LIB.
2342 374 2404 430 ll.
3381 381 3488 436 230

230 490 291 541 οὐ
320 486 425 555 γὰρ
458 488 513 537 ἐν
564 488 674 546 τοῖς
719 481 1108 553 Ἰεροσολύμοις
1149 486 1182 555 ἡ
1213 486 1552 556 πανήγυρις,
1584 484 1688 548 ἐξω
1717 485 1816 553 τῆς
1845 486 1892 544 Α

1845 486 1892 544 Α
1921 483 2145 553 regione
2195 487 2439 554 gentium
2486 484 2803 540 convivium
2856 487 3059 557 peragi.
3093 488 3317 545 Galila'a
3347 496 3487 549 enim

243 577 498 640 Ἰουδαίας
524 577 583 629 τὸ
609 577 842 639 δεῖπνον,
867 577 941 640 ὡς
969 579 1027 629 ἐν
1055 579 1124 647 τῇ
1150 577 1258 630 τῶν
1285 576 1452 629 ἐθνῶν
1483 577 1809 631 ἐπιτελεῖται

230 669 406 745 χώρα.
436 671 734 723 Γαλιλαία
780 669 888 738 γὰρ
941 667 1060 721 τῶν
1097 668 1320 731 ἐθνῶν,
1351 669 1425 732 ὡς
1457 671 1485 722 6
1527 670 1812 740 προφήτης

230 761 415 828 φησίν.
454 760 622 829 Δῆλον
654 759 709 811 δὲ
738 760 906 830 δήπου
940 759 1155 820 πάντως
1202 760 1368 822 ἐστὶν,
1405 760 1479 822 ὡς
1508 762 1541 830 ὴ
1577 759 1676 829 μὲν
1701 759 1811 813 τῶν

240 850 507 903 Ἰουδαίων
548 851 847 919 Συναγωγὴ
892 851 984 903 τὸν
1017 850 1076 915 ἐξ
1108 851 1352 922 οὐρανῶν
1400 850 1649 906 ἔ’πώσατο
1680 869 1813 921 νυμ-

226 939 369 1007 φίον,
401 941 760 1006 προσεδέξατο
804 940 879 1007 δὲ,
910 942 1005 995 καὶ
1038 943 1157 995 λίαν
1200 943 1470 1013 ἀσμένως,
1503 943 1616 1012 ἡέξ
1643 943 1810 996 ἐθνῶν

239 1030 553 1101 Ἐκκλησία.
594 1033 850 1101 Ἔρχεται
904 1032 960 1086 δέ
1006 1035 1086 1096 εἰς
1116 1034 1241 1097 τοὺς
1275 1036 1483 1105 γάμους
1512 1036 1610 1088 οὐκ
1653 1036 1810 1089 αὐτό-

230 1121 390 1188 μολος
413 1124 439 1174 6
467 1123 658 1192 Σωτήρ
685 1140 696 1152 ·
725 1123 943 1187 πολλαῖς
973 1124 1082 1195 γὰρ
1112 1126 1281 1193 ἁγίων
1306 1126 1551 1179 ἐκαλεῖτο
1585 1129 1805 1195 φωναῖς.

236 1212 377 1263 Ἀλλ’
406 1208 545 1275 οἶνος
578 1214 906 1267 ἐπιλελοίπει
939 1217 1060 1278 τοὺς
1098 1217 1458 1285 ἑστιωμένους
1478 1234 1490 1247 ·
1526 1217 1677 1270 οὐδὲν
1703 1216 1810 1287 γὰρ

224 1304 542 1357 ἐτελείωσεν
588 1307 615 1357 ὁ
661 1306 819 1376 νόμος
843 1349 858 1371 ,
889 1308 988 1360 οὐκ
1020 1307 1239 1377 ἐξήρκει
1276 1309 1409 1377 πρὸς
1456 1309 1517 1360 τὸ
1544 1310 1810 1379 εὐφρᾶναι

226 1395 446 1457 τελείως
477 1396 536 1448 τὸ
564 1398 797 1467 γράμμα
826 1398 885 1451 τὸ
924 1399 1251 1451 Μωσαῖκόν·
1291 1399 1406 1451 ἀλλ’
1443 1400 1562 1452 οὐδέ
1593 1400 1723 1451 αὐτὸ
1751 1400 1811 1452 τὸ

222 1488 323 1553 τῆς
355 1487 597 1555 ἐμφύτου
624 1489 839 1558 νήψεως
867 1489 1063 1559 μέτρον
1083 1532 1096 1551 ,
1124 1492 1202 1551 εἰς
1228 1491 1288 1542 τὸ
1320 1489 1576 1542 δύνασθαι
1610 1491 1809 1543 διασώ-

224 1578 338 1638 ζειν
365 1581 511 1647 ἡμᾶς
556 1579 868 1642 ἐξετείνετο.
901 1580 1110 1633 Ούκοῠν
1141 1582 1339 1651 ἀληθὲς
1368 1582 1431 1633 ἂν
1477 1584 1558 1652 εἱή
1588 1583 1680 1635 καὶ
1724 1585 1807 1652 ἐφ’

225 1668 404 1737 ἡμῶν,
441 1669 501 1721 τὸ
523 1712 536 1735 ,
567 1667 705 1722 οἶνον
739 1672 838 1723 οὐκ
882 1671 1092 1741 ἔχουσιν
1117 1713 1130 1735 ,
1158 1674 1329 1725 εἰπεῖν
1354 1688 1365 1699 ’
1397 1676 1423 1725 6
1462 1674 1517 1724 δέ
1556 1674 1805 1726 πλούσιό-

224 1760 397 1829 ἰωρος
429 1762 589 1831 ἡμῶν
615 1762 765 1827 Θεὸς,
796 1764 855 1814 οὐ
886 1765 1117 1834 περιορᾷ
1152 1767 1217 1833 τῇ
1254 1763 1359 1815 τῶν
1389 1765 1606 1831 ἀγαθῶν
1632 1767 1806 1835 ἐνδείᾳ

223 1850 557 1920 τριϐομένην
589 1851 687 1922 τὴν
721 1851 901 1920 φύσιν.
927 1848 1078 1905 Οἶνον
1111 1854 1240 1922 ἡμῖν
1266 1852 1512 1916 ἀπέδειξε
1542 1854 1634 1907 τοῦ
1659 1854 1805 1925 πρώ-
1840 1826 1884 1886 Β

224 1959 319 1994 του
374 1942 653 2011 βελτίονα·
692 1963 710 1995 ι
750 1944 822 1995 Τὸ
859 1945 964 2014 γὰρ
1001 1945 1231 2015 γράμμα
1270 1947 1610 2011 ἀποκτείνει,
1646 1949 1705 2001 τὸ
1751 1949 1806 2001 δέ

225 2034 446 2102 πνεῦμα
496 2033 810 2097 ζωοποιεῖ’›
840 2035 931 2087 καὶ
969 2037 996 2087 ό
1038 2037 1136 2105 μὲν
1171 2038 1333 2107 νόμος
1360 2039 1459 2092 οὐκ
1495 2040 1606 2109 ἔχει
1634 2040 1691 2093 τὸ
1718 2041 1807 2092 τέ-

224 2125 364 2177 λειον
397 2128 451 2180 ἐν
485 2125 738 2193 ἀγαθοῖς·
781 2127 847 2179 rit
878 2127 933 2179 δέ
966 2127 1081 2180 θεῖα
1110 2128 1211 2197 τῆς
1252 2128 1610 2200 εύαγγελικῆς
1658 2132 1807 2184 διδα-

225 2216 458 2278 σκαλίας
489 2216 853 2286 παιδεύματα,
895 2220 1276 2290 πληρεστάτην
1304 2222 1544 2290 εἰσφέρει
1578 2223 1675 2292 τὴν
1722 2222 1808 2274 εὑ·

223 2310 432 2377 λογίαν.
480 2311 761 2379 Θαυμάζει
791 2312 845 2364 δέ
870 2313 961 2365 τὸν
1004 2310 1144 2367 οἶνον
1170 2316 1197 2366 ὀ
1219 2316 1616 2386 ἀρχιτρίκλινος
1638 2332 1652 2347 ⁸
1678 2316 1805 2368 ἕκα-

222 2417 350 2463 στος
382 2401 489 2471 γὰρ
509 2443 521 2464 ,
553 2398 707 2471 οἶμαι
734 2446 749 2470 ,
776 2403 885 2457 τῶν
930 2406 1008 2468 εἰς
1048 2406 1145 2476 τὴν
1203 2406 1352 2460 θείαν
1397 2408 1804 2478 ἀρχιερωσύνην

220 2496 745 2563 κατατεταγμένων,
781 2496 875 2549 καί⁹
917 2499 1366 2568 πεπιστευμένων
1410 2500 1500 2552 τὸν
1530 2496 1676 2553 οἷκον
1710 2499 1802 2552 τοῦ

220 2584 476 2654 Σωτῆρος
507 2588 663 2656 ἡμῶν
687 2588 948 2659 Χριστοῦ,
970 2590 1061 2643 τὸν
1088 2592 1225 2661 ὑπὲρ
1257 2592 1421 2661 νόμου
1449 2592 1610 2645 αὑτοῦ
1637 2610 1802 2645 κατα-

220 2674 522 2745 πλήττεται
570 2679 746 2747 λόγον.
797 2680 1006 2752 Πρώτῳ
1056 2682 1113 2735 δὲ
1154 2682 1304 2753 αὑτῴ
1338 2682 1544 2735 κελεύει
1585 2684 1801 2753 δοθῆναι

219 2765 477 2835 Χριστὸς,
504 2769 585 2820 ὅτι
616 2770 755 2822 κατὰ
783 2770 883 2841 τὴν
913 2771 1005 2823 τοῦ
1041 2772 1253 2823 Παύλου
1281 2774 1483 2842 φωνὴν,
1520 2792 1537 2823 ‹
1577 2774 1678 2825 Τὸν
1714 2791 1805 2825 κο-

1915 576 2147 643 gentium
2179 583 2284 641 est,
2318 583 2377 628 ut
2412 574 2487 628 ait
2514 576 2782 644 propheta
2813 577 2880 631 ⁷⁸.
2916 574 3056 631 Illud
3086 593 3220 633 sane
3273 584 3488 652 perspi-

1916 679 2077 719 cuum
2128 673 2244 728 est,
2296 663 2609 721 Judazorum
2648 665 2991 739 Synagogam
3033 684 3295 738 sponsum
3334 673 3485 726 illum

1914 758 2191 812 cmlestem
2214 757 2506 826 repulisse,
2530 758 2627 813 sed
2653 758 2721 813 ab
2746 759 2982 812 Ecclesia
3006 762 3251 830 gentium
3279 761 3487 816 lubenti

1914 849 2096 902 animo
2141 857 2479 917 susceptum.
2538 847 2655 903 Non
2703 849 2851 904 venit
2887 858 3067 903 autem
3123 849 3376 906 Salvator
3421 854 3488 907 ad

1914 941 2156 1011 nuptias,
2200 958 2306 995 non
2345 942 2672 1010 concupitus
2704 956 2717 994 :
2766 943 2952 997 multis
2990 943 3135 996 enim
3173 955 3487 999 sanctorum

1913 1033 2140 1088 vocibus
2189 1040 2272 1088 est
2322 1033 2634 1087 invocatus.
2678 1032 2948 1088 Cancrum
2990 1035 3179 1089 vinum
3208 1074 3222 1099 ,
3270 1038 3485 1106 inquit,

1914 1121 2111 1176 defecit
2145 1122 2426 1178 convivas.
2472 1121 2620 1176 Nihil
2660 1122 2803 1177 enim
2853 1124 2937 1178 lex
2988 1126 3221 1194 perfecit
3251 1127 3337 1179 "z
3380 1144 3489 1183 non

1913 1212 2218 1275 suﬂiciebat
2265 1213 2332 1268 ad
2378 1214 2680 1284 perfectam
2724 1213 2965 1267 la-titiam
2998 1217 3262 1284 scriptum
3291 1216 3490 1273 Mosai-

1912 1322 2038 1361 cum
2070 1323 2084 1371 ;
2137 1306 2230 1361 scd
2280 1322 2457 1376 neque
2491 1307 2609 1375 ipsa
2646 1305 2827 1359 insitae
2862 1307 3243 1376 naturaiisque
3278 1310 3487 1363 sobrie-

1914 1398 2042 1453 tatis
2079 1400 2215 1451 ratio
2254 1398 2417 1452 saluti
2447 1396 2738 1452 alierenda:
2774 1412 2875 1467 par
2903 1406 3040 1452 erat.
3073 1398 3256 1464 Quare
3288 1400 3357 1455 de
3390 1418 3487 1456 no-

1910 1488 1996 1542 bis
2025 1502 2151 1542 vere
2180 1503 2400 1557 quoque
2457 1488 2564 1541 dici
2605 1497 2823 1557 potest,
2873 1489 3058 1543 vinum
3096 1506 3205 1544 non
3236 1494 3439 1545 habent
3469 1509 3483 1547 :

1912 1579 2010 1634 sed
2061 1579 2616 1633 muniﬁcentissimus
2673 1578 2816 1632 Deus
2869 1587 3057 1633 noster
3098 1596 3204 1632 non
3253 1580 3486 1649 despicit

1911 1670 2181 1724 bonorum
2220 1669 2446 1738 penuria
2476 1669 2810 1722 laborantem
2841 1679 3110 1721 naturam.
3144 1668 3342 1723 Vinum
3384 1686 3486 1724 no-

1911 1759 1996 1815 bis
2033 1759 2201 1830 priori
2238 1760 2409 1812 multo
2442 1760 2788 1828 praestantius
2816 1760 3033 1812 obtulit.
3066 1777 3085 1810 ι
3118 1757 3323 1813 Littera
3342 1761 3483 1814 enim

1913 1852 2134 1913 occidit,
2161 1852 2385 1920 spiritus
2411 1860 2589 1904 autem
2610 1851 2850 1903 viriticat
2881 1851 2945 1904 ⁷⁷.
2980 1870 2996 1901 ι
3036 1852 3195 1921 133
3221 1852 3485 1907 Praeterea

1911 1944 1995 1996 lex
2024 1945 2289 1996 bonorum
2327 1940 2718 2010 perfectionem
2752 1957 2860 1994 non
2900 1943 3088 2006 habet,
3124 1942 3219 1997 sed
3252 1958 3485 2013 evange-

1911 2036 2015 2088 lica
2050 2033 2303 2089 doctrina
2349 2032 2724 2102 plenissimam
2771 2033 3214 2086 benedictionem
3254 2034 3482 2089 invehit.

1911 2126 2333 2179 Architriclinus
2363 2125 2544 2177 vinum
2575 2123 2705 2177 illud
2739 2124 2971 2177 miratur
3004 2143 3015 2178 ι
3050 2124 3279 2193 quilibet
3309 2126 3477 2185 enim,

1911 2220 2108 2289 Opinor
2135 2261 2149 2282 ,
2188 2233 2378 2272 eorum
2407 2218 2500 2287 qui
2536 2196 2911 2286 in'pontilices
2948 2217 3183 2270 ordinati
3217 2226 3379 2282 sunt,
3432 2225 3488 2272 et

1907 2312 2110 2382 quibus
2143 2310 2351 2364 credita
2380 2319 2459 2364 est
2484 2310 2680 2363 domus
2713 2306 2920 2361 Christi
2955 2308 3127 2361 nostri
3156 2308 3486 2372 Salvatoris,

1907 2405 2028 2476 ejus
2054 2404 2361 2459 doctrinam
2397 2418 2505 2473 prae
2541 2402 2657 2471 lege
2694 2400 3038 2455 uehementer
3070 2400 3358 2454 mirantur.
3404 2401 3486 2454 llli

1907 2506 2087 2552 autem
2122 2494 2373 2550 Christus
2400 2494 2635 2564 primum
2665 2492 2942 2561 propinari
2970 2492 3148 2561 jubet,
3177 2494 3303 2559 quia
3329 2492 3486 2561 juxta

1906 2585 2057 2639 Pauli
2092 2582 2419 2639 sententiam
2456 2622 2470 2646 ,
2507 2600 2524 2632 ι
2561 2580 2921 2634 Lahorautem
2950 2581 3241 2650 agricolam
3269 2593 3488 2651 Oportet

1908 2680 2145 2749 primum
2180 2676 2247 2729 de
2279 2674 2549 2728 fructibus
2575 2677 2859 2743 percipere
2883 2673 2948 2725 ⁷⁸.
2992 2690 3011 2727 ι
3054 2671 3270 2728 Rursus
3304 2681 3485 2729 autem

1912 2772 2091 2841 capiat
2125 2769 2342 2823 auditer
2373 2782 2493 2836 quae
2526 2767 2667 2820 dico.
2712 2785 2731 2818 ι

219 2856 437 2909 πιῶντα
466 2862 730 2928 γεωργεῖν
762 2860 924 2930 [vulg.
953 2859 1219 2931 γεωργὸν]
1247 2861 1358 2926 δεῖ,
1396 2862 1609 2929 πρῶτον
1650 2863 1758 2915 τῶν
1798 2861 2023 2933 καρπῶν
2058 2857 2516 2929 μεταλαμϐάνειν.
2555 2875 2573 2908 ι
2606 2857 2713 2909 Καὶ
2742 2856 2929 2909 νοείτω
2960 2855 3123 2909 πάλιν
3148 2857 3176 2909 ό
3212 2857 3488 2929 ἀκροατὴς

216 2960 248 3013 δ
280 2949 443 3015 λέγω.

293 3043 405 3092 Καὶ
447 3035 624 3112 εὗρεν
663 3042 733 3095 ἐν
766 3042 846 3107 τῷ
886 3041 1018 3110 ἰερῷ
1054 3043 1195 3109 τοὺς
1239 3045 1592 3111 πωλοῦντας
1627 3048 1800 3111 βόας,

218 3131 322 3183 καὶ
356 3133 637 3198 πρόϐατα,
669 3133 766 3186 καί
812 3128 1186 3202 περιστερὰς,
1213 3137 1310 3189 καί
1360 3137 1503 3203 τοὺς
1536 3155 1803 3206 κερματι-

217 3219 377 3283 στὰς
409 3219 780 3288 καθημένους

308 3308 710 3378 Ἐξελέγχονται
762 3310 966 3375 πάλιν,
1002 3312 1096 3365 καὶ
1147 3311 1235 3365 διὰ
1298 3330 1500 3366 τουτων
1562 3315 1799 3368 Ἰουδαῖοι

214 3401 330 3455 τῶν
387 3401 648 3454 δοθέντων
706 3403 888 3467 αὐτοῖς
935 3405 1400 3476 ὑπερφρονοῦντες
1446 3408 1657 3478 νόμων,
1712 3412 1805 3462 καὶ

215 3493 566 3564 γραμμάτων
597 3494 694 3562 μὲν
720 3496 1028 3549 Μωσαῖκῶν
1057 3497 1248 3550 οὐδένα
1283 3499 1592 3568 ποιούμενοι
1625 3500 1801 3569 λόγον,

216 3590 299 3649 εἰς
333 3589 500 3657 μόνην
546 3590 599 3640 δὲ
632 3588 919 3658 βλέποντες
955 3591 1055 3661 τὴν
1097 3592 1463 3664 φιλοκερδίανζ
1500 3597 1803 3666 Προκαθαί-

222 3678 417 3749 ρεσθαι
467 3680 575 3749 γὰρ
633 3680 774 3733 κατά
812 3681 1091 3744 ποικίλους
1122 3684 1356 3752 τρόπους
1380 3685 1469 3738 τοῦ
1502 3687 1663 3756 νόμου
1707 3706 1800 3741 κε·-

215 3768 472 3832 λεύοντος
499 3772 626 3833 τοὺς
663 3772 822 3841 οἵπερ
854 3770 1077 3841 ἔμελλον
1108 3775 1188 3836 εἰς
1227 3775 1319 3827 τὸν
1359 3776 1499 3829 θεῖον
1529 3778 1801 3849 ἀναϐήσε-

215 3860 413 3913 εεσθαι
444 3861 571 3913 ναὸν
592 3901 606 3923 ,
639 3862 1102 3932 ἀργυραμοιϐοὺς,
1134 3865 1252 3935 ἦτοι
1290 3870 1684 3937 κερματιστὰς,
1710 3870 1802 3923 καλ⁸

214 3953 441 4023 ἐτέρους
487 3954 578 4006 ἐπὶ
626 3953 868 4018 τούτοις,
903 3952 984 4018 οἷς
1017 3957 1299 4024 πλεονεξία
1338 3960 1396 4012 τὸ
1440 3962 1797 4032 ἐπιτήδευμα,

215 4048 314 4097 καὶ
342 4044 518 4107 τόκος,
544 4047 637 4097 καὶ
682 4046 1036 4116 πλεονασμὸς,
1067 4049 1122 4100 ἐν
1155 4050 1471 4120 ἐπιθυμίαις
1509 4069 1521 4081 ·
1545 4053 1664 4115 ὅλος
1693 4053 1799 4123 γὰρ

216 4137 279 4187 ἐν
309 4135 523 4199 τούτοις
552 4140 579 4190 ὁ
607 4137 716 4189 τῶν
764 4138 1019 4209 ἐμπόρων
1057 4142 1254 4205 σκοπὸς
1301 4144 1631 4196 συντείνεται
1655 4162 1667 4174 ο
1701 4144 1799 4213 τὴν

216 4228 383 4295 ἁγίαν
422 4229 898 4298 καταμολὺναντας
930 4233 1029 4286 οὐκ
1054 4233 1312 4303 ἀπεῖργον
1337 4234 1524 4305 αὐλὴν,
1556 4235 1801 4299 ἀνίπτοις

212 4321 272 4371 δέ
305 4320 495 4390 ὥσπερ
526 4323 605 4383 εἰς
634 4323 805 4389 αὐτὴν
832 4324 1058 4378 εἰσιέναι
1088 4327 1235 4389 ποσὶ,
1256 4326 1350 4378 καὶ
1384 4327 1539 4380 αὐτοὶ
1576 4327 1638 4397 δὴ
1664 4329 1798 4380 πάν-

212 4429 327 4474 τως
360 4413 665 4477 ἐπέταττον,
697 4417 744 4466 οἱ
774 4416 1091 4469 διακωλύειν
1120 4416 1391 4486 ἰσχύοντες
1411 4434 1423 4447 ·
1466 4418 1550 4470 ἵνα
1579 4418 1641 4488 δὴ
1678 4420 1799 4487 φαίο

1984 3044 2021 3095 li
2052 3084 2065 3106 ,
2120 3044 2200 3097 Η.
2257 3040 2322 3094 Et
2366 3042 2555 3094 int-cuit
2588 3043 2641 3093 in
2671 3042 2859 3108 templo
2900 3041 3173 3095 uendentes
3219 3040 3404 3107 bores,
3434 3051 3487 3096 et

1911 3153 2025 3189 ores
2048 3176 2062 3201 ,
2102 3146 2149 3187 et
2184 3132 2453 3186 columbas
2475 3170 2489 3195 ,
2520 3141 2569 3185 et
2597 3132 2979 3186 nununularios
3010 3131 3265 3185 sedentes.

1976 3335 2192 3389 Rursus
2239 3340 2547 3404 arguuntur
2598 3333 2759 3387 etiam
2810 3332 2938 3387 hinc
2984 3332 3157 3388 Judaei
3191 3335 3335 3405 leges
3369 3338 3475 3391 sibi

1906 3428 2064 3483 datas
2094 3434 2465 3489 contemnere,
2499 3433 2553 3479 et
2580 3424 2785 3494 scripta
2822 3424 3054 3479 Mosaica
3085 3428 3242 3481 nihili
3276 3428 3472 3493 facere,

1905 3519 2256 3588 sedquacstui
2297 3517 2675 3571 tantummodo
2714 3516 2950 3571 studere.
3003 3518 3138 3572 Cum
3181 3521 3326 3574 enim
3386 3522 3474 3577 let

1905 3611 2223 3680 praeciperet
2256 3609 2605 3677 ingressuros
2653 3607 2742 3663 Dei
2804 3611 3064 3678 templum
3114 3611 3272 3679 prius
3307 3613 3483 3666 variis

1906 3705 2079 3756 modis
2123 3700 2383 3764 lustrari,
2417 3700 2757 3766 argentarios
2801 3700 2917 3755 sive
2972 3703 3373 3757 nummularios
3420 3711 3475 3757 et

1905 3790 1956 3843 id
1984 3805 2158 3860 genus
2190 3790 2607 3851 alioshomines
2629 3830 2642 3853 ,
2671 3790 2764 3858 qui
2800 3790 2951 3843 lucro
2971 3831 2985 3853 ,
3023 3789 3196 3845 feuori
3218 3832 3233 3855 ,
3265 3802 3319 3847 et
3346 3808 3475 3848 coa-

1903 3882 2188 3935 ccrvanda:
2221 3881 2464 3948 pecuniae
2499 3882 2597 3933 ιοιί
2627 3880 2851 3934 student
2911 3880 2991 3950 (is
3025 3882 3170 3935 enim
3206 3892 3475 3940 mercato-

1904 3972 2056 4027 ribus
2087 3987 2287 4041 scopus
2316 3987 2458 4027 unus
2486 3980 2566 4026 est
2596 3971 2949 4040 propositus),
2986 3981 3238 4027 sanctum
3274 3976 3473 4030 atrium

1904 4061 2257 4128 inquinantes
2286 4075 2394 4113 non
2421 4061 2703 4124 arcebant,
2739 4062 2834 4115 sed
2871 4061 3040 4115 illotis
3067 4064 3473 4132 quodammodo

1903 4146 2130 4215 pedibus
2162 4146 2389 4200 introire
2421 4147 2526 4216 ipsi
2558 4148 2748 4217 utique
2782 4148 3044 4216 jubebant
3070 4192 3085 4213 ,
3122 4153 3326 4221 quibus
3357 4165 3474 4208 erat

1902 4236 2117 4289 vetandi
2161 4246 2405 4304 potestas
2430 4276 2444 4301 ,
2486 4247 2545 4291 ut
2592 4238 2658 4292 de
2690 4237 2757 4291 iis
2791 4253 2914 4291 vere
2946 4238 3152 4294 dictum
3186 4256 3214 4295 a
3248 4242 3360 4298 Deo
3392 4247 3474 4298 vi-

1902 4327 2122 4382 deatur:
2154 4347 2170 4379 ι
2194 4328 2453 4384 Pastores
2483 4328 3008 4398 multidisruperunt
3035 4332 3248 4386 vineam
3275 4350 3469 4397 meam,

1902 4421 2212 4489 polluerunt
2235 4427 2440 4489 partem
2462 4435 2656 4483 meam,
2675 4421 2945 4475 dederunt
2968 4422 3270 4490 portionem
3297 4440 3470 4481 meam

214 4521 380 4573 νηται
401 4504 575 4572 λέγων
597 4504 771 4576 ἀληθῆ
799 4508 923 4578 περὶ
946 4507 1123 4559 αὑτῶν
1144 4510 1171 4560 6
1200 4506 1349 4569 Θεὸς,
1371 4509 1451 4560 ὅτι
1480 4528 1497 4558 ι
1536 4510 1797 4578 Ποιμένες
1832 4555 1872 4607 D

1832 4555 1872 4607 D
1901 4511 2319 4565 desiderabilem
2360 4512 2412 4564 in
2456 4511 2732 4564 desertum
2788 4513 3024 4576 invium,
3077 4514 3249 4582 posita
3293 4522 3377 4570 est
3415 4516 3468 4569 in

213 4593 405 4668 πολλοὶ
440 4594 748 4665 διέφθειραν
779 4597 868 4648 τὸν
912 4596 1212 4665 ἀμπελῶνά
1244 4614 1365 4666 μου,
1402 4599 1665 4667 ἐμόλυναν
1698 4601 1795 4668 τὴν

210 4685 583 4754 κληρονομίαν
617 4704 738 4755 μου,
771 4688 974 4739 ἔδωκαν
1000 4688 1190 4757 μερίδα
1219 4688 1556 4760 ἐπιθυμητήν
1595 4708 1695 4759 μου
1718 4694 1795 4753 εἰς

208 4776 422 4847 ἔρημον
457 4776 679 4838 ἄϐατον,
724 4780 953 4849 ἐγενήθη
984 4781 1064 4843 εἰς
1105 4781 1408 4849 ἀφανισμὸν
1447 4782 1739 4846 ἀπωλείας.
1770 4802 1786 4833 ι

203 4865 491 4937 Διιεφθάρη
536 4868 643 4937 γὰρ
688 4868 855 4931 ὅντως
889 4871 915 4920 ὀ
956 4870 1274 4932 δεσποτικὸς
1315 4871 1595 4939 ἀμπελὼν,
1630 4872 1790 4937 σέϐας

1902 4603 2314 4672 dissipationem
2348 4602 2674 4670 perditionis
2700 4603 2786 4656 7’?
2825 4624 2842 4654 ι
2891 4603 3157 4672 Corrupta
3188 4606 3335 4658 enim
3386 4616 3469 4659 est

1901 4704 2050 4749 certe
2078 4697 2235 4748 vinea
2272 4692 2527 4756 Domini,
2570 4710 2690 4762 quae
2721 4694 2959 4746 divinum
2993 4697 3198 4747 cultmn
3237 4697 3467 4749 concul-

1901 4802 2027 4840 care
2079 4785 2314 4847 didicit,
2374 4799 2438 4839 ac
2485 4784 2631 4855 turpi
2691 4793 2902 4854 qumstu
2954 4787 3370 4855 praepositorum
3413 4787 3468 4844 in

1898 4876 2148 4945 quamvis
2179 4876 2505 4954 ignorantia:
2535 4876 2847 4931 vastitatem
2880 4877 3131 4931 incurrit.

212 4961 315 5029 μὲν
346 4961 476 5012 αὐτὸ
505 4960 564 5012 τὸ
598 4963 723 5032 περὶ
756 4962 814 5014 τό
844 4964 983 5015 θεῖον
1018 4967 1206 5017 πατεῖν
1237 4964 1638 5035 διδασκόμενος,
1670 4971 1788 5031 ταῖς
1826 4969 1880 5021 δὲ
1907 4968 2013 5021 τῶν
2038 4969 2451 5041 προεστηκότων
2480 4970 2915 5041 αἰσχροκερδίαις
2970 4971 3048 5034 εἰς
3104 4972 3282 5039 πᾶσαν
3304 4972 3469 5027 ἀπαι-

205 5055 432 5108 δευσίαν
462 5057 627 5126 ἀποχε
638 5059 762 5127 ρσού
772 5077 947 5128 μενος.

281 5146 391 5199 Kal
417 5149 674 5217 ποιήσας
715 5151 793 5210 ὡς
827 5152 1191 5218 φραγέλλιον
1228 5155 1293 5207 ἐκ
1328 5156 1613 5223 σχοινίων
1639 5156 1785 5209 πάν-

203 5252 319 5301 τας
352 5236 637 5299 ἐξέϐαλεν
673 5239 739 5292 ἐκ
783 5241 886 5293 τοῦ
923 5243 1115 5309 ἱεροῦ,
1144 5243 1217 5295 ui
1259 5261 1321 5296 τε
1365 5248 1647 5312 πρόϐατα,
1693 5247 1790 5300 καὶ

202 5327 356 5391 τοὺς
382 5328 535 5393 ,ϐόας
560 5370 574 5393 ,
602 5330 697 5381 καί
737 5331 853 5382 τῶν
892 5334 1303 5387 κολλυϐιστῶν
1330 5335 1532 5405 ἐξέχεε
1560 5339 1627 5391 τό
1659 5342 1790 5410 κέρ-

200 5434 323 5489 μα,
357 5420 451 5473 καί
492 5421 599 5486 τὰς
644 5423 928 5490 τραπέζας
962 5424 1311 5493 ἀνέστρεψε.
1368 5429 1473 5482 Καὶ
1516 5431 1637 5498 τοῖς
1682 5434 1787 5500 τὰς

203 5511 563 5577 περιστερὰς
592 5511 904 5566 πωλοῦσιν
929 5510 1115 5570 εἶπεν.

289 5598 614 5663 Ἀγανακτεί
660 5601 757 5670 μὲν
808 5602 1029 5667 εἰκότως
1075 5606 1163 5657 ἐπὶ
1218 5609 1337 5671 ταῖς
1368 5608 1475 5662 τῶν
1521 5610 1782 5668 Ἰουδαίων

206 5710 477 5836 intra.
513 5731 587 5778 rx,
630 5716 686 5783 l;
717 5716 921 5773 Matth.
967 5735 1036 5785 Iv,
1085 5721 1170 5775 15.
1295 5724 1342 5754 ⁷⁸
1375 5722 1538 5779 Hebr.
1584 5742 1680 5791 vn,
1718 5728 1797 5781 l9.

1970 5155 2031 5221 ll,
2079 5156 2163 5220 15,
2191 5153 2278 5209 16.
2311 5152 2381 5208 Et
2415 5171 2530 5209 cum
2559 5154 2763 5224 {ecrsset
2795 5156 2949 5224 quasi
2982 5154 3250 5226 ﬂagellant
3284 5156 3347 5210 de
3378 5157 3466 5225 fu-

1898 5249 2109 5309 niculis,
2141 5264 2316 5302 omnes
2351 5248 2497 5317 ejccit
2528 5249 2590 5301 de
2622 5250 2833 5315 templo,
2860 5264 2973 5302 oves
2999 5263 3194 5317 atroque
3214 5256 3262 5301 et
3290 5247 3461 5311 boues,

1896 5351 1943 5395 et
1976 5340 2455 5394 nummulariorum
2480 5339 2667 5408 e/fudit
2697 5357 2799 5403 ανδ,
2861 5350 2908 5394 et
2950 5356 3153 5393 mensas
3188 5338 3459 5395 subvertit.

1898 5432 1963 5485 Et
1996 5433 2077 5484 his
2109 5433 2197 5502 qui
2231 5431 2500 5486 columbas
2530 5431 2853 5495 vendebant,
2890 5428 3025 5482 dixit
3054 5446 3071 5483 :

1964 5612 2157 5666 Merito
2186 5612 2403 5681 quidem
2446 5611 2696 5666 Salvator
2744 5612 2813 5665 ob
2840 5611 3148 5666 Iud-morum
3183 5611 3464 5666 vesaniam

1910 5729 1949 5756 ⁷⁷
1980 5724 2019 5777 ll
2052 5724 2179 5779 Cor.
2214 5740 2294 5791 ιιι,
2324 5724 2374 5777 6.
2487 5724 2531 5755 ⁷⁸
2558 5722 2598 5775 ll
2626 5723 2765 5778 Tim.
2800 5740 2858 5788 ιι,
2895 5722 2945 5777 6.
3050 5724 3095 5755 7°
3123 5722 3321 5780 Jerem.
3360 5739 3455 5783 xu.
