  <div class='ocr_page' id='page_1' title='image "/cluster/home/n/w/nwhite01/storage/ocr_20150623/73/nnc1.0046980245/125.png"; bbox 0 0 4222 6510; ppageno 0'>
   <div class='ocr_carea' id='block_1_1' title="bbox 724 436 867 496">
    <p class='ocr_par' dir='ltr' id='par_1_1' title="bbox 724 436 867 496">
     <span class='ocr_line' id='line_1_1' title="bbox 724 436 867 496; baseline -0.028 0"><span class='ocrx_word' id='word_1_1' title='bbox 724 436 867 496; x_wconf 53' lang='grc' dir='ltr'>ξεν</span> 
     </span>
    </p>
   </div>
   <div class='ocr_carea' id='block_1_2' title="bbox 1737 430 2984 489">
    <p class='ocr_par' dir='ltr' id='par_1_2' title="bbox 1737 430 2984 489">
     <span class='ocr_line' id='line_1_2' title="bbox 1737 430 2984 489; baseline -0.003 -1"><span class='ocrx_word' id='word_1_2' title='bbox 1737 436 1795 489; x_wconf 89' lang='lat' dir='ltr'><strong>S.</strong></span> <span class='ocrx_word' id='word_1_3' title='bbox 1835 433 2114 489; x_wconf 74' lang='lat' dir='ltr'><strong>CYRILLI</strong></span> <span class='ocrx_word' id='word_1_4' title='bbox 2154 430 2625 488; x_wconf 68' lang='lat' dir='ltr'><strong>ALEXANDRINI</strong></span> <span class='ocrx_word' id='word_1_5' title='bbox 2665 430 2984 485; x_wconf 75' lang='lat' dir='ltr'><strong>AllClllEP.</strong></span> 
     </span>
    </p>
   </div>
   <div class='ocr_carea' id='block_1_3' title="bbox 3890 437 3996 489">
    <p class='ocr_par' dir='ltr' id='par_1_3' title="bbox 3890 437 3996 489">
     <span class='ocr_line' id='line_1_3' title="bbox 3890 437 3996 489; baseline -0.009 0"><span class='ocrx_word' id='word_1_6' title='bbox 3890 437 3996 489; x_wconf 59' lang='lat'><strong>93:).</strong></span> 
     </span>
    </p>
   </div>
   <div class='ocr_carea' id='block_1_4' title="bbox 719 540 2308 619">
    <p class='ocr_par' dir='ltr' id='par_1_4' title="bbox 719 546 2299 617">
     <span class='ocr_line' id='line_1_4' title="bbox 719 546 2299 617; baseline -0.001 -14"><span class='ocrx_word' id='word_1_7' title='bbox 719 551 1056 617; x_wconf 66' lang='lat' dir='ltr'><strong>indignatur.</strong></span> <span class='ocrx_word' id='word_1_8' title='bbox 1095 548 1212 605; x_wconf 79' lang='lat' dir='ltr'><strong>Non</strong></span> <span class='ocrx_word' id='word_1_9' title='bbox 1236 548 1383 603; x_wconf 89' lang='lat' dir='ltr'><strong>enim</strong></span> <span class='ocrx_word' id='word_1_10' title='bbox 1414 546 1698 616; x_wconf 83' lang='lat' dir='ltr'><strong>Oportebat</strong></span> <span class='ocrx_word' id='word_1_11' title='bbox 1749 546 1842 602; x_wconf 89' lang='lat' dir='ltr'><strong>Dei</strong></span> <span class='ocrx_word' id='word_1_12' title='bbox 1892 547 2155 617; x_wconf 91' lang='lat' dir='ltr'><strong>templum</strong></span> <span class='ocrx_word' id='word_1_13' title='bbox 2207 548 2299 601; x_wconf 86' lang='lat' dir='ltr'><strong>do-</strong></span> 
     </span>
    </p>
   </div>
   <div class='ocr_carea' id='block_1_5' title="bbox 2409 540 3997 619">
    <p class='ocr_par' dir='ltr' id='par_1_5' title="bbox 2410 540 3997 619">
     <span class='ocr_line' id='line_1_5' title="bbox 2410 540 3997 619; baseline 0.003 -22"><span class='ocrx_word' id='word_1_14' title='bbox 2410 546 2689 609; x_wconf 85' lang='grc' dir='ltr'>ἀπονοίαις</span> <span class='ocrx_word' id='word_1_15' title='bbox 2739 548 2767 597; x_wconf 87' lang='grc' dir='ltr'>ὁ</span> <span class='ocrx_word' id='word_1_16' title='bbox 2812 546 3021 616; x_wconf 77' lang='grc' dir='ltr'>Σωτήρ.</span> <span class='ocrx_word' id='word_1_17' title='bbox 3072 545 3147 597; x_wconf 72' lang='grc' dir='ltr'><strong>Οὐ</strong></span> <span class='ocrx_word' id='word_1_18' title='bbox 3201 547 3312 615; x_wconf 73' lang='grc' dir='ltr'><strong>γὰρ</strong></span> <span class='ocrx_word' id='word_1_19' title='bbox 3359 540 3508 601; x_wconf 78' lang='grc' dir='ltr'>οἷκον</span> <span class='ocrx_word' id='word_1_20' title='bbox 3564 546 3829 619; x_wconf 71' lang='grc' dir='ltr'>ὲμπορῖτιυ</span> <span class='ocrx_word' id='word_1_21' title='bbox 3904 552 3997 604; x_wconf 63' lang='grc' dir='ltr'>τὶν</span> 
     </span>
    </p>
   </div>
   <div class='ocr_carea' id='block_1_6' title="bbox 722 638 2303 713">
    <p class='ocr_par' dir='ltr' id='par_1_6' title="bbox 722 638 2303 713">
     <span class='ocr_line' id='line_1_6' title="bbox 722 638 2303 713; baseline -0.003 -17"><span class='ocrx_word' id='word_1_22' title='bbox 722 659 870 696; x_wconf 91' lang='lat' dir='ltr'><strong>mum</strong></span> <span class='ocrx_word' id='word_1_23' title='bbox 921 642 1314 713; x_wconf 91' lang='lat' dir='ltr'><strong>negotiationis</strong></span> <span class='ocrx_word' id='word_1_24' title='bbox 1359 638 1472 694; x_wconf 82' lang='lat' dir='ltr'><strong>ﬁeri</strong></span> <span class='ocrx_word' id='word_1_25' title='bbox 1500 680 1514 702; x_wconf 95' lang='lat'><strong>,</strong></span> <span class='ocrx_word' id='word_1_26' title='bbox 1561 640 1656 694; x_wconf 86' lang='lat' dir='ltr'><strong>sed</strong></span> <span class='ocrx_word' id='word_1_27' title='bbox 1704 640 1994 695; x_wconf 81' lang='lat' dir='ltr'><strong>orationis.</strong></span> <span class='ocrx_word' id='word_1_28' title='bbox 2033 640 2124 693; x_wconf 87' lang='lat' dir='ltr'><strong>Sic</strong></span> <span class='ocrx_word' id='word_1_29' title='bbox 2158 641 2303 693; x_wconf 90' lang='lat' dir='ltr'><strong>enim</strong></span> 
     </span>
    </p>
   </div>
   <div class='ocr_carea' id='block_1_7' title="bbox 719 728 2306 803">
    <p class='ocr_par' dir='ltr' id='par_1_7' title="bbox 719 728 2306 803">
     <span class='ocr_line' id='line_1_7' title="bbox 719 728 2306 803; baseline -0.003 -17"><span class='ocrx_word' id='word_1_30' title='bbox 719 735 988 803; x_wconf 86' lang='lat' dir='ltr'><strong>scriptum</strong></span> <span class='ocrx_word' id='word_1_31' title='bbox 1035 742 1119 787; x_wconf 85' lang='lat' dir='ltr'><strong>est</strong></span> <span class='ocrx_word' id='word_1_32' title='bbox 1138 732 1207 785; x_wconf 79' lang='grc'><strong>⁸⁸.</strong></span> <span class='ocrx_word' id='word_1_33' title='bbox 1260 728 1379 783; x_wconf 86' lang='grc' dir='ltr'><strong>Νοη</strong></span> <span class='ocrx_word' id='word_1_34' title='bbox 1418 730 1585 783; x_wconf 86' lang='lat' dir='ltr'><strong>nudis</strong></span> <span class='ocrx_word' id='word_1_35' title='bbox 1615 739 1793 783; x_wconf 88' lang='lat' dir='ltr'><strong>autem</strong></span> <span class='ocrx_word' id='word_1_36' title='bbox 1829 731 2010 785; x_wconf 82' lang='lat' dir='ltr'><strong>verbis</strong></span> <span class='ocrx_word' id='word_1_37' title='bbox 2040 729 2306 783; x_wconf 78' lang='lat' dir='ltr'><strong>duntaxat</strong></span> 
     </span>
    </p>
   </div>
   <div class='ocr_carea' id='block_1_8' title="bbox 721 821 2307 890">
    <p class='ocr_par' dir='ltr' id='par_1_8' title="bbox 721 821 2307 890">
     <span class='ocr_line' id='line_1_8' title="bbox 721 821 2307 890; baseline -0.003 -13"><span class='ocrx_word' id='word_1_38' title='bbox 721 825 887 878; x_wconf 90' lang='lat' dir='ltr'><strong>animi</strong></span> <span class='ocrx_word' id='word_1_39' title='bbox 924 823 1007 879; x_wconf 90' lang='lat' dir='ltr'><strong>sui</strong></span> <span class='ocrx_word' id='word_1_40' title='bbox 1037 823 1466 878; x_wconf 83' lang='lat' dir='ltr'><strong>commotionem</strong></span> <span class='ocrx_word' id='word_1_41' title='bbox 1498 822 1677 890; x_wconf 85' lang='lat' dir='ltr'><strong>prodit</strong></span> <span class='ocrx_word' id='word_1_42' title='bbox 1706 863 1719 886; x_wconf 91' lang='lat'><strong>,</strong></span> <span class='ocrx_word' id='word_1_43' title='bbox 1772 821 1867 876; x_wconf 87' lang='lat' dir='ltr'><strong>sed</strong></span> <span class='ocrx_word' id='word_1_44' title='bbox 1903 821 2223 876; x_wconf 80' lang='lat' dir='ltr'><strong>verberibus</strong></span> <span class='ocrx_word' id='word_1_45' title='bbox 2253 827 2307 874; x_wconf 90' lang='lat' dir='ltr'><strong>et</strong></span> 
     </span>
    </p>
   </div>
   <div class='ocr_carea' id='block_1_9' title="bbox 724 912 2304 986">
    <p class='ocr_par' dir='ltr' id='par_1_9' title="bbox 724 912 2304 986">
     <span class='ocr_line' id='line_1_9' title="bbox 724 912 2304 986; baseline -0.001 -19"><span class='ocrx_word' id='word_1_46' title='bbox 724 917 895 985; x_wconf 81' lang='lat' dir='ltr'><strong>ﬂagro</strong></span> <span class='ocrx_word' id='word_1_47' title='bbox 949 917 1125 971; x_wconf 87' lang='lat' dir='ltr'><strong>sacris</strong></span> <span class='ocrx_word' id='word_1_48' title='bbox 1168 916 1326 986; x_wconf 80' lang='lat'><strong>139</strong></span> <span class='ocrx_word' id='word_1_49' title='bbox 1357 915 1595 969; x_wconf 89' lang='lat' dir='ltr'><strong>aditihus</strong></span> <span class='ocrx_word' id='word_1_50' title='bbox 1647 914 1937 976; x_wconf 79' lang='lat' dir='ltr'><strong>exturbat,</strong></span> <span class='ocrx_word' id='word_1_51' title='bbox 1982 912 2304 966; x_wconf 76' lang='lat' dir='ltr'><strong>servitutem</strong></span> 
     </span>
    </p>
   </div>
   <div class='ocr_carea' id='block_1_10' title="bbox 722 1003 2310 1076">
    <p class='ocr_par' dir='ltr' id='par_1_10' title="bbox 722 1003 2310 1076">
     <span class='ocr_line' id='line_1_10' title="bbox 722 1003 2310 1076; baseline -0.003 -17"><span class='ocrx_word' id='word_1_52' title='bbox 722 1010 773 1059; x_wconf 90' lang='lat' dir='ltr'><strong>in</strong></span> <span class='ocrx_word' id='word_1_53' title='bbox 808 1021 900 1061; x_wconf 94' lang='lat' dir='ltr'><strong>cos</strong></span> <span class='ocrx_word' id='word_1_54' title='bbox 935 1006 1061 1076; x_wconf 89' lang='lat' dir='ltr'><strong>jure</strong></span> <span class='ocrx_word' id='word_1_55' title='bbox 1094 1022 1191 1075; x_wconf 90' lang='lat' dir='ltr'><strong>pro</strong></span> <span class='ocrx_word' id='word_1_56' title='bbox 1229 1022 1385 1076; x_wconf 75' lang='lat' dir='ltr'><strong>pmna</strong></span> <span class='ocrx_word' id='word_1_57' title='bbox 1420 1012 1670 1059; x_wconf 89' lang='lat' dir='ltr'><strong>statuens</strong></span> <span class='ocrx_word' id='word_1_58' title='bbox 1693 1044 1707 1067; x_wconf 93' lang='lat'><strong>,</strong></span> <span class='ocrx_word' id='word_1_59' title='bbox 1742 1012 1932 1073; x_wconf 90' lang='lat' dir='ltr'><strong>utpote</strong></span> <span class='ocrx_word' id='word_1_60' title='bbox 1961 1004 2054 1073; x_wconf 87' lang='lat' dir='ltr'><strong>qui</strong></span> <span class='ocrx_word' id='word_1_61' title='bbox 2088 1003 2310 1057; x_wconf 90' lang='lat' dir='ltr'><strong>liberta-</strong></span> 
     </span>
    </p>
   </div>
   <div class='ocr_carea' id='block_1_11' title="bbox 724 1096 2306 1165">
    <p class='ocr_par' dir='ltr' id='par_1_11' title="bbox 724 1096 2306 1165">
     <span class='ocr_line' id='line_1_11' title="bbox 724 1096 2306 1165; baseline -0.003 -14"><span class='ocrx_word' id='word_1_62' title='bbox 724 1101 791 1152; x_wconf 88' lang='lat' dir='ltr'><strong>tis</strong></span> <span class='ocrx_word' id='word_1_63' title='bbox 822 1109 1149 1153; x_wconf 90' lang='lat' dir='ltr'><strong>assertorem</strong></span> <span class='ocrx_word' id='word_1_64' title='bbox 1184 1097 1379 1151; x_wconf 85' lang='lat' dir='ltr'><strong>Filium</strong></span> <span class='ocrx_word' id='word_1_65' title='bbox 1422 1112 1519 1165; x_wconf 90' lang='lat' dir='ltr'><strong>per</strong></span> <span class='ocrx_word' id='word_1_66' title='bbox 1564 1097 1723 1151; x_wconf 82' lang='lat' dir='ltr'><strong>ﬁdem</strong></span> <span class='ocrx_word' id='word_1_67' title='bbox 1758 1096 2040 1163; x_wconf 74' lang='lat' dir='ltr'><strong>suscipere</strong></span> <span class='ocrx_word' id='word_1_68' title='bbox 2080 1110 2306 1149; x_wconf 86' lang='lat' dir='ltr'><strong>recusa-</strong></span> 
     </span>
    </p>
   </div>
   <div class='ocr_carea' id='block_1_12' title="bbox 725 1187 2309 1259">
    <p class='ocr_par' dir='ltr' id='par_1_12' title="bbox 725 1187 2309 1259">
     <span class='ocr_line' id='line_1_12' title="bbox 725 1187 2309 1259; baseline -0.001 -19"><span class='ocrx_word' id='word_1_69' title='bbox 725 1192 832 1243; x_wconf 87' lang='lat' dir='ltr'><strong>turi</strong></span> <span class='ocrx_word' id='word_1_70' title='bbox 864 1200 1069 1245; x_wconf 79' lang='lat' dir='ltr'><strong>essent.</strong></span> <span class='ocrx_word' id='word_1_71' title='bbox 1099 1191 1229 1244; x_wconf 75' lang='lat' dir='ltr'><strong>Vide</strong></span> <span class='ocrx_word' id='word_1_72' title='bbox 1257 1206 1419 1259; x_wconf 90' lang='lat' dir='ltr'><strong>porro</strong></span> <span class='ocrx_word' id='word_1_73' title='bbox 1449 1198 1711 1259; x_wconf 80' lang='lat' dir='ltr'><strong>tanquam</strong></span> <span class='ocrx_word' id='word_1_74' title='bbox 1742 1190 1797 1242; x_wconf 91' lang='lat' dir='ltr'><strong>in</strong></span> <span class='ocrx_word' id='word_1_75' title='bbox 1832 1190 2069 1257; x_wconf 82' lang='lat' dir='ltr'><strong>imagine</strong></span> <span class='ocrx_word' id='word_1_76' title='bbox 2100 1187 2309 1241; x_wconf 75' lang='lat' dir='ltr'><strong>descri-</strong></span> 
     </span>
    </p>
   </div>
   <div class='ocr_carea' id='block_1_13' title="bbox 726 1279 2305 1349">
    <p class='ocr_par' dir='ltr' id='par_1_13' title="bbox 726 1279 2305 1349">
     <span class='ocr_line' id='line_1_13' title="bbox 726 1279 2305 1349; baseline 0 -19"><span class='ocrx_word' id='word_1_77' title='bbox 726 1287 874 1347; x_wconf 86' lang='lat' dir='ltr'><strong>ptum</strong></span> <span class='ocrx_word' id='word_1_78' title='bbox 921 1281 1051 1333; x_wconf 86' lang='lat' dir='ltr'><strong>illud</strong></span> <span class='ocrx_word' id='word_1_79' title='bbox 1100 1280 1253 1333; x_wconf 80' lang='lat' dir='ltr'><strong>Pauli</strong></span> <span class='ocrx_word' id='word_1_80' title='bbox 1293 1281 1539 1334; x_wconf 86' lang='lat' dir='ltr'><strong>dictum:</strong></span> <span class='ocrx_word' id='word_1_81' title='bbox 1590 1300 1607 1331; x_wconf 79' lang='grc' dir='ltr'><strong>ι</strong></span> <span class='ocrx_word' id='word_1_82' title='bbox 1658 1279 1715 1333; x_wconf 90' lang='lat' dir='ltr'><strong>Si</strong></span> <span class='ocrx_word' id='word_1_83' title='bbox 1745 1281 1871 1349; x_wconf 87' lang='lat' dir='ltr'><strong>quis</strong></span> <span class='ocrx_word' id='word_1_84' title='bbox 1916 1281 2176 1349; x_wconf 90' lang='lat' dir='ltr'><strong>templum</strong></span> <span class='ocrx_word' id='word_1_85' title='bbox 2214 1279 2305 1331; x_wconf 81' lang='lat' dir='ltr'><strong>Dei</strong></span> 
     </span>
    </p>
   </div>
   <div class='ocr_carea' id='block_1_14' title="bbox 724 1370 1844 1440">
    <p class='ocr_par' dir='ltr' id='par_1_14' title="bbox 724 1370 1844 1440">
     <span class='ocr_line' id='line_1_14' title="bbox 724 1370 1844 1440; baseline -0.001 -18"><span class='ocrx_word' id='word_1_86' title='bbox 724 1373 1044 1434; x_wconf 83' lang='lat' dir='ltr'><strong>violaverit,</strong></span> <span class='ocrx_word' id='word_1_87' title='bbox 1082 1370 1361 1440; x_wconf 84' lang='lat' dir='ltr'><strong>disperdet</strong></span> <span class='ocrx_word' id='word_1_88' title='bbox 1390 1387 1513 1425; x_wconf 92' lang='lat' dir='ltr'><strong>eum</strong></span> <span class='ocrx_word' id='word_1_89' title='bbox 1555 1372 1699 1426; x_wconf 86' lang='lat' dir='ltr'><strong>Deus</strong></span> <span class='ocrx_word' id='word_1_90' title='bbox 1728 1372 1793 1423; x_wconf 67' lang='lat'><strong>8&#39;.</strong></span> <span class='ocrx_word' id='word_1_91' title='bbox 1827 1390 1844 1421; x_wconf 73' lang='grc' dir='ltr'><strong>ι</strong></span> 
     </span>
    </p>
   </div>
   <div class='ocr_carea' id='block_1_15' title="bbox 796 1462 2309 1530">
    <p class='ocr_par' dir='ltr' id='par_1_15' title="bbox 796 1462 2309 1530">
     <span class='ocr_line' id='line_1_15' title="bbox 796 1462 2309 1530; baseline 0 -15"><span class='ocrx_word' id='word_1_92' title='bbox 796 1464 839 1515; x_wconf 91' lang='lat' dir='ltr'><strong>ll</strong></span> <span class='ocrx_word' id='word_1_93' title='bbox 870 1506 882 1523; x_wconf 83' lang='lat'><strong>,</strong></span> <span class='ocrx_word' id='word_1_94' title='bbox 926 1462 1009 1515; x_wconf 79' lang='lat'><strong>16.</strong></span> <span class='ocrx_word' id='word_1_95' title='bbox 1068 1463 1289 1530; x_wconf 75' lang='lat' dir='ltr'><strong>Auferte</strong></span> <span class='ocrx_word' id='word_1_96' title='bbox 1316 1465 1420 1516; x_wconf 80' lang='lat' dir='ltr'><strong>ista</strong></span> <span class='ocrx_word' id='word_1_97' title='bbox 1451 1464 1589 1525; x_wconf 81' lang='lat' dir='ltr'><strong>hinc,</strong></span> <span class='ocrx_word' id='word_1_98' title='bbox 1622 1473 1667 1516; x_wconf 86' lang='lat' dir='ltr'><strong>et</strong></span> <span class='ocrx_word' id='word_1_99' title='bbox 1702 1464 1861 1515; x_wconf 87' lang='lat' dir='ltr'><strong>nolite</strong></span> <span class='ocrx_word' id='word_1_100' title='bbox 1890 1463 2065 1530; x_wconf 79' lang='lat' dir='ltr'><strong>facere</strong></span> <span class='ocrx_word' id='word_1_101' title='bbox 2097 1462 2309 1515; x_wconf 82' lang='lat' dir='ltr'><strong>domum</strong></span> 
     </span>
    </p>
   </div>
   <div class='ocr_carea' id='block_1_16' title="bbox 731 1554 1749 1623">
    <p class='ocr_par' dir='ltr' id='par_1_16' title="bbox 731 1554 1749 1623">
     <span class='ocr_line' id='line_1_16' title="bbox 731 1554 1749 1623; baseline 0.002 -18"><span class='ocrx_word' id='word_1_102' title='bbox 731 1555 910 1607; x_wconf 72' lang='lat' dir='ltr'><strong>Putris</strong></span> <span class='ocrx_word' id='word_1_103' title='bbox 941 1554 1039 1607; x_wconf 82' lang='lat' dir='ltr'><strong>mei</strong></span> <span class='ocrx_word' id='word_1_104' title='bbox 1066 1595 1078 1616; x_wconf 86' lang='lat'><strong>,</strong></span> <span class='ocrx_word' id='word_1_105' title='bbox 1114 1555 1326 1607; x_wconf 84' lang='lat' dir='ltr'><strong>domum</strong></span> <span class='ocrx_word' id='word_1_106' title='bbox 1358 1557 1749 1623; x_wconf 81' lang='lat' dir='ltr'><strong>negotiationis.</strong></span> 
     </span>
    </p>
   </div>
   <div class='ocr_carea' id='block_1_17' title="bbox 808 1646 2308 1715">
    <p class='ocr_par' dir='ltr' id='par_1_17' title="bbox 808 1646 2308 1715">
     <span class='ocr_line' id='line_1_17' title="bbox 808 1646 2308 1715; baseline 0.002 -19"><span class='ocrx_word' id='word_1_107' title='bbox 808 1646 1029 1700; x_wconf 77' lang='lat' dir='ltr'><strong>Mandat</strong></span> <span class='ocrx_word' id='word_1_108' title='bbox 1063 1646 1281 1715; x_wconf 83' lang='lat' dir='ltr'><strong>quidem</strong></span> <span class='ocrx_word' id='word_1_109' title='bbox 1316 1655 1371 1698; x_wconf 88' lang='lat' dir='ltr'><strong>ut</strong></span> <span class='ocrx_word' id='word_1_110' title='bbox 1406 1646 1673 1701; x_wconf 86' lang='lat' dir='ltr'><strong>Dominus</strong></span> <span class='ocrx_word' id='word_1_111' title='bbox 1699 1686 1713 1709; x_wconf 94' lang='lat'><strong>,</strong></span> <span class='ocrx_word' id='word_1_112' title='bbox 1756 1646 1821 1700; x_wconf 87' lang='lat' dir='ltr'><strong>ad</strong></span> <span class='ocrx_word' id='word_1_113' title='bbox 1857 1647 2091 1700; x_wconf 81' lang='lat' dir='ltr'><strong>oﬂicium</strong></span> <span class='ocrx_word' id='word_1_114' title='bbox 2129 1654 2308 1700; x_wconf 89' lang='lat' dir='ltr'><strong>autem</strong></span> 
     </span>
    </p>
   </div>
   <div class='ocr_carea' id='block_1_18' title="bbox 728 1736 2308 1808">
    <p class='ocr_par' dir='ltr' id='par_1_18' title="bbox 728 1736 2308 1808">
     <span class='ocr_line' id='line_1_18' title="bbox 728 1736 2308 1808; baseline 0.001 -19"><span class='ocrx_word' id='word_1_115' title='bbox 728 1737 1079 1799; x_wconf 82' lang='lat' dir='ltr'><strong>tuauuducit,</strong></span> <span class='ocrx_word' id='word_1_116' title='bbox 1140 1746 1198 1790; x_wconf 91' lang='lat' dir='ltr'><strong>ut</strong></span> <span class='ocrx_word' id='word_1_117' title='bbox 1249 1740 1551 1807; x_wconf 80' lang='lat' dir='ltr'><strong>magister,</strong></span> <span class='ocrx_word' id='word_1_118' title='bbox 1603 1746 1658 1791; x_wconf 88' lang='lat' dir='ltr'><strong>ct</strong></span> <span class='ocrx_word' id='word_1_119' title='bbox 1731 1749 2091 1808; x_wconf 69' lang='lat' dir='ltr'><strong>prmterquam</strong></span> <span class='ocrx_word' id='word_1_120' title='bbox 2164 1736 2308 1804; x_wconf 90' lang='lat' dir='ltr'><strong>quod</strong></span> 
     </span>
    </p>
   </div>
   <div class='ocr_carea' id='block_1_19' title="bbox 728 1828 2307 1899">
    <p class='ocr_par' dir='ltr' id='par_1_19' title="bbox 728 1828 2307 1899">
     <span class='ocr_line' id='line_1_19' title="bbox 728 1828 2307 1899; baseline 0.002 -21"><span class='ocrx_word' id='word_1_121' title='bbox 728 1831 962 1899; x_wconf 60' lang='lat' dir='ltr'><strong>castigat</strong></span> <span class='ocrx_word' id='word_1_122' title='bbox 983 1871 996 1892; x_wconf 91' lang='lat'><strong>,</strong></span> <span class='ocrx_word' id='word_1_123' title='bbox 1026 1830 1223 1883; x_wconf 85' lang='lat' dir='ltr'><strong>delicta</strong></span> <span class='ocrx_word' id='word_1_124' title='bbox 1256 1831 1429 1899; x_wconf 88' lang='lat' dir='ltr'><strong>aperit</strong></span> <span class='ocrx_word' id='word_1_125' title='bbox 1456 1869 1471 1892; x_wconf 95' lang='lat'><strong>,</strong></span> <span class='ocrx_word' id='word_1_126' title='bbox 1516 1838 1570 1883; x_wconf 87' lang='lat' dir='ltr'><strong>et</strong></span> <span class='ocrx_word' id='word_1_127' title='bbox 1603 1845 1791 1881; x_wconf 84' lang='lat' dir='ltr'><strong>eorum</strong></span> <span class='ocrx_word' id='word_1_128' title='bbox 1820 1829 2024 1896; x_wconf 84' lang='lat' dir='ltr'><strong>pudore</strong></span> <span class='ocrx_word' id='word_1_129' title='bbox 2055 1844 2177 1882; x_wconf 89' lang='lat' dir='ltr'><strong>eum</strong></span> <span class='ocrx_word' id='word_1_130' title='bbox 2217 1828 2307 1896; x_wconf 89' lang='lat' dir='ltr'><strong>qui</strong></span> 
     </span>
    </p>
   </div>
   <div class='ocr_carea' id='block_1_20' title="bbox 732 1920 2309 1992">
    <p class='ocr_par' dir='ltr' id='par_1_20' title="bbox 732 1920 2309 1992">
     <span class='ocr_line' id='line_1_20' title="bbox 732 1920 2309 1992; baseline 0 -20"><span class='ocrx_word' id='word_1_131' title='bbox 732 1924 975 1991; x_wconf 87' lang='lat' dir='ltr'><strong>punitur,</strong></span> <span class='ocrx_word' id='word_1_132' title='bbox 1013 1922 1135 1992; x_wconf 84' lang='lat' dir='ltr'><strong>angi</strong></span> <span class='ocrx_word' id='word_1_133' title='bbox 1170 1938 1277 1974; x_wconf 89' lang='lat' dir='ltr'><strong>non</strong></span> <span class='ocrx_word' id='word_1_134' title='bbox 1314 1922 1467 1975; x_wconf 88' lang='lat' dir='ltr'><strong>sinit.</strong></span> <span class='ocrx_word' id='word_1_135' title='bbox 1506 1920 1921 1975; x_wconf 82' lang='lat' dir='ltr'><strong>Observandum</strong></span> <span class='ocrx_word' id='word_1_136' title='bbox 1952 1928 2159 1983; x_wconf 90' lang='lat' dir='ltr'><strong>autem,</strong></span> <span class='ocrx_word' id='word_1_137' title='bbox 2189 1936 2309 1973; x_wconf 86' lang='lat' dir='ltr'><strong>rur-</strong></span> 
     </span>
    </p>
   </div>
   <div class='ocr_carea' id='block_1_21' title="bbox 731 2011 2313 2079">
    <p class='ocr_par' dir='ltr' id='par_1_21' title="bbox 731 2011 2313 2079">
     <span class='ocr_line' id='line_1_21' title="bbox 731 2011 2313 2079; baseline 0.001 -17"><span class='ocrx_word' id='word_1_138' title='bbox 731 2032 823 2067; x_wconf 69' lang='lat' dir='ltr'><strong>sus</strong></span> <span class='ocrx_word' id='word_1_139' title='bbox 872 2013 1086 2067; x_wconf 84' lang='lat' dir='ltr'><strong>Patrem</strong></span> <span class='ocrx_word' id='word_1_140' title='bbox 1152 2028 1311 2065; x_wconf 85' lang='lat' dir='ltr'><strong>suum</strong></span> <span class='ocrx_word' id='word_1_141' title='bbox 1370 2027 1567 2064; x_wconf 82' lang='lat' dir='ltr'><strong>vorare</strong></span> <span class='ocrx_word' id='word_1_142' title='bbox 1619 2012 1779 2063; x_wconf 90' lang='lat' dir='ltr'><strong>unice</strong></span> <span class='ocrx_word' id='word_1_143' title='bbox 1839 2025 1906 2063; x_wconf 90' lang='lat' dir='ltr'><strong>ac</strong></span> <span class='ocrx_word' id='word_1_144' title='bbox 1962 2011 2313 2079; x_wconf 81' lang='lat' dir='ltr'><strong>peculiariter</strong></span> 
     </span>
    </p>
   </div>
   <div class='ocr_carea' id='block_1_22' title="bbox 734 2103 2313 2173">
    <p class='ocr_par' dir='ltr' id='par_1_22' title="bbox 734 2103 2313 2173">
     <span class='ocr_line' id='line_1_22' title="bbox 734 2103 2313 2173; baseline -0.001 -17"><span class='ocrx_word' id='word_1_145' title='bbox 734 2106 921 2166; x_wconf 72' lang='lat' dir='ltr'><strong>Deum,</strong></span> <span class='ocrx_word' id='word_1_146' title='bbox 958 2113 1085 2173; x_wconf 83' lang='lat' dir='ltr'><strong>puta</strong></span> <span class='ocrx_word' id='word_1_147' title='bbox 1118 2106 1262 2171; x_wconf 73' lang='lat' dir='ltr'><strong>quod</strong></span> <span class='ocrx_word' id='word_1_148' title='bbox 1302 2104 1416 2171; x_wconf 91' lang='lat' dir='ltr'><strong>ipse</strong></span> <span class='ocrx_word' id='word_1_149' title='bbox 1451 2104 1611 2155; x_wconf 86' lang='lat' dir='ltr'><strong>etiam</strong></span> <span class='ocrx_word' id='word_1_150' title='bbox 1650 2103 1800 2155; x_wconf 83' lang='lat' dir='ltr'><strong>solus</strong></span> <span class='ocrx_word' id='word_1_151' title='bbox 1826 2103 2125 2155; x_wconf 85' lang='lat' dir='ltr'><strong>secundum</strong></span> <span class='ocrx_word' id='word_1_152' title='bbox 2165 2113 2313 2155; x_wconf 89' lang='lat' dir='ltr'><strong>natu-</strong></span> 
     </span>
    </p>
   </div>
   <div class='ocr_carea' id='block_1_23' title="bbox 736 2193 2308 2266">
    <p class='ocr_par' dir='ltr' id='par_1_23' title="bbox 736 2193 2308 2266">
     <span class='ocr_line' id='line_1_23' title="bbox 736 2193 2308 2266; baseline -0.004 -14"><span class='ocrx_word' id='word_1_153' title='bbox 736 2215 849 2252; x_wconf 82' lang='lat' dir='ltr'><strong>ram</strong></span> <span class='ocrx_word' id='word_1_154' title='bbox 886 2201 952 2251; x_wconf 85' lang='lat' dir='ltr'><strong>sit</strong></span> <span class='ocrx_word' id='word_1_155' title='bbox 992 2216 1055 2251; x_wconf 74' lang='lat' dir='ltr'><strong>ev</strong></span> <span class='ocrx_word' id='word_1_156' title='bbox 1087 2204 1224 2266; x_wconf 84' lang='lat' dir='ltr'><strong>ipso,</strong></span> <span class='ocrx_word' id='word_1_157' title='bbox 1260 2210 1323 2249; x_wconf 91' lang='lat' dir='ltr'><strong>ac</strong></span> <span class='ocrx_word' id='word_1_158' title='bbox 1356 2211 1481 2249; x_wconf 88' lang='lat' dir='ltr'><strong>vcre</strong></span> <span class='ocrx_word' id='word_1_159' title='bbox 1514 2196 1750 2261; x_wconf 78' lang='lat' dir='ltr'><strong>genitus.</strong></span> <span class='ocrx_word' id='word_1_160' title='bbox 1783 2193 1916 2246; x_wconf 86' lang='lat' dir='ltr'><strong>Nam</strong></span> <span class='ocrx_word' id='word_1_161' title='bbox 1959 2193 2003 2246; x_wconf 85' lang='lat' dir='ltr'><strong>si</strong></span> <span class='ocrx_word' id='word_1_162' title='bbox 2043 2193 2308 2247; x_wconf 89' lang='lat' dir='ltr'><strong>rationem</strong></span> 
     </span>
    </p>
   </div>
   <div class='ocr_carea' id='block_1_24' title="bbox 733 2286 2312 2350">
    <p class='ocr_par' dir='ltr' id='par_1_24' title="bbox 733 2286 2312 2350">
     <span class='ocr_line' id='line_1_24' title="bbox 733 2286 2312 2350; baseline -0.001 -11"><span class='ocrx_word' id='word_1_163' title='bbox 733 2292 891 2341; x_wconf 71' lang='lat' dir='ltr'><strong>istam</strong></span> <span class='ocrx_word' id='word_1_164' title='bbox 940 2305 1046 2341; x_wconf 87' lang='lat' dir='ltr'><strong>non</strong></span> <span class='ocrx_word' id='word_1_165' title='bbox 1107 2289 1309 2350; x_wconf 73' lang='lat' dir='ltr'><strong>habet,</strong></span> <span class='ocrx_word' id='word_1_166' title='bbox 1356 2288 1449 2341; x_wconf 86' lang='lat' dir='ltr'><strong>scd</strong></span> <span class='ocrx_word' id='word_1_167' title='bbox 1486 2288 1720 2341; x_wconf 74' lang='lat' dir='ltr'><strong>Verbum</strong></span> <span class='ocrx_word' id='word_1_168' title='bbox 1769 2286 1841 2339; x_wconf 90' lang='lat' dir='ltr'><strong>ita</strong></span> <span class='ocrx_word' id='word_1_169' title='bbox 1898 2287 2182 2341; x_wconf 90' lang='lat' dir='ltr'><strong>nobiscum</strong></span> <span class='ocrx_word' id='word_1_170' title='bbox 2231 2296 2312 2341; x_wconf 86' lang='lat' dir='ltr'><strong>est</strong></span> 
     </span>
    </p>
   </div>
   <div class='ocr_carea' id='block_1_25' title="bbox 735 2379 2313 2448">
    <p class='ocr_par' dir='ltr' id='par_1_25' title="bbox 735 2379 2313 2448">
     <span class='ocr_line' id='line_1_25' title="bbox 735 2379 2313 2448; baseline 0.001 -17"><span class='ocrx_word' id='word_1_171' title='bbox 735 2384 875 2436; x_wconf 76' lang='lat' dir='ltr'><strong>liiius</strong></span> <span class='ocrx_word' id='word_1_172' title='bbox 901 2423 913 2445; x_wconf 94' lang='lat'><strong>,</strong></span> <span class='ocrx_word' id='word_1_173' title='bbox 975 2388 1031 2433; x_wconf 88' lang='lat' dir='ltr'><strong>ut</strong></span> <span class='ocrx_word' id='word_1_174' title='bbox 1080 2397 1225 2434; x_wconf 91' lang='lat' dir='ltr'><strong>unus</strong></span> <span class='ocrx_word' id='word_1_175' title='bbox 1261 2395 1325 2433; x_wconf 78' lang='lat' dir='ltr'><strong>cx</strong></span> <span class='ocrx_word' id='word_1_176' title='bbox 1363 2380 1558 2441; x_wconf 85' lang='lat' dir='ltr'><strong>nobis,</strong></span> <span class='ocrx_word' id='word_1_177' title='bbox 1592 2380 1885 2448; x_wconf 70' lang='lat' dir='ltr'><strong>adoptione</strong></span> <span class='ocrx_word' id='word_1_178' title='bbox 1926 2379 2183 2432; x_wconf 90' lang='lat' dir='ltr'><strong>nimirum</strong></span> <span class='ocrx_word' id='word_1_179' title='bbox 2212 2419 2225 2441; x_wconf 90' lang='lat'><strong>,</strong></span> <span class='ocrx_word' id='word_1_180' title='bbox 2260 2388 2313 2432; x_wconf 92' lang='lat' dir='ltr'><strong>et</strong></span> 
     </span>
    </p>
   </div>
   <div class='ocr_carea' id='block_1_26' title="bbox 734 2470 2310 2538">
    <p class='ocr_par' dir='ltr' id='par_1_26' title="bbox 734 2470 2310 2538">
     <span class='ocr_line' id='line_1_26' title="bbox 734 2470 2310 2538; baseline -0.001 -14"><span class='ocrx_word' id='word_1_181' title='bbox 734 2473 850 2525; x_wconf 77' lang='lat' dir='ltr'><strong>sola</strong></span> <span class='ocrx_word' id='word_1_182' title='bbox 882 2470 1059 2524; x_wconf 85' lang='lat' dir='ltr'><strong>Patris</strong></span> <span class='ocrx_word' id='word_1_183' title='bbox 1091 2472 1393 2533; x_wconf 87' lang='lat' dir='ltr'><strong>voluntate,</strong></span> <span class='ocrx_word' id='word_1_184' title='bbox 1427 2485 1587 2538; x_wconf 88' lang='lat' dir='ltr'><strong>quam</strong></span> <span class='ocrx_word' id='word_1_185' title='bbox 1636 2470 1707 2523; x_wconf 91' lang='lat' dir='ltr'><strong>ob</strong></span> <span class='ocrx_word' id='word_1_186' title='bbox 1746 2485 1883 2529; x_wconf 87' lang='lat' dir='ltr'><strong>rem,</strong></span> <span class='ocrx_word' id='word_1_187' title='bbox 1921 2484 2127 2538; x_wconf 66' lang='lat' dir='ltr'><strong>quaeso,</strong></span> <span class='ocrx_word' id='word_1_188' title='bbox 2161 2484 2310 2522; x_wconf 87' lang='lat' dir='ltr'><strong>com-</strong></span> 
     </span>
    </p>
   </div>
   <div class='ocr_carea' id='block_1_27' title="bbox 738 2560 2311 2629">
    <p class='ocr_par' dir='ltr' id='par_1_27' title="bbox 738 2560 2311 2629">
     <span class='ocr_line' id='line_1_27' title="bbox 738 2560 2311 2629; baseline 0.001 -16"><span class='ocrx_word' id='word_1_189' title='bbox 738 2577 951 2616; x_wconf 90' lang='lat' dir='ltr'><strong>munem</strong></span> <span class='ocrx_word' id='word_1_190' title='bbox 986 2562 1131 2614; x_wconf 83' lang='lat' dir='ltr'><strong>illam</strong></span> <span class='ocrx_word' id='word_1_191' title='bbox 1171 2569 1223 2614; x_wconf 88' lang='lat' dir='ltr'><strong>ct</strong></span> <span class='ocrx_word' id='word_1_192' title='bbox 1250 2561 1508 2614; x_wconf 89' lang='lat' dir='ltr'><strong>omnibus</strong></span> <span class='ocrx_word' id='word_1_193' title='bbox 1546 2560 1877 2629; x_wconf 84' lang='lat' dir='ltr'><strong>propositam</strong></span> <span class='ocrx_word' id='word_1_194' title='bbox 1911 2560 2134 2629; x_wconf 79' lang='lat' dir='ltr'><strong>gloriam</strong></span> <span class='ocrx_word' id='word_1_195' title='bbox 2160 2561 2311 2615; x_wconf 87' lang='lat' dir='ltr'><strong>solus</strong></span> 
     </span>
    </p>
   </div>
   <div class='ocr_carea' id='block_1_28' title="bbox 735 2652 2311 2723">
    <p class='ocr_par' dir='ltr' id='par_1_28' title="bbox 735 2652 2311 2723">
     <span class='ocr_line' id='line_1_28' title="bbox 735 2652 2311 2723; baseline 0.001 -16"><span class='ocrx_word' id='word_1_196' title='bbox 735 2655 835 2707; x_wconf 83' lang='lat' dir='ltr'><strong>sihi</strong></span> <span class='ocrx_word' id='word_1_197' title='bbox 865 2662 1083 2723; x_wconf 84' lang='lat' dir='ltr'><strong>arrogat</strong></span> <span class='ocrx_word' id='word_1_198' title='bbox 1113 2668 1235 2707; x_wconf 89' lang='lat' dir='ltr'><strong>cum</strong></span> <span class='ocrx_word' id='word_1_199' title='bbox 1272 2654 1347 2706; x_wconf 90' lang='lat' dir='ltr'><strong>ait</strong></span> <span class='ocrx_word' id='word_1_200' title='bbox 1390 2672 1401 2707; x_wconf 91' lang='lat'>:</span> <span class='ocrx_word' id='word_1_201' title='bbox 1448 2652 1624 2707; x_wconf 84' lang='lat' dir='ltr'><strong>Nolite</strong></span> <span class='ocrx_word' id='word_1_202' title='bbox 1670 2654 1848 2707; x_wconf 80' lang='lat' dir='ltr'><strong>facere</strong></span> <span class='ocrx_word' id='word_1_203' title='bbox 1877 2653 2097 2707; x_wconf 89' lang='lat' dir='ltr'><strong>domum</strong></span> <span class='ocrx_word' id='word_1_204' title='bbox 2128 2652 2311 2708; x_wconf 89' lang='lat' dir='ltr'><strong>Patris</strong></span> 
     </span>
    </p>
   </div>
   <div class='ocr_carea' id='block_1_29' title="bbox 736 2740 2314 2812">
    <p class='ocr_par' dir='ltr' id='par_1_29' title="bbox 736 2740 2314 2812">
     <span class='ocr_line' id='line_1_29' title="bbox 736 2740 2314 2812; baseline 0.003 -19"><span class='ocrx_word' id='word_1_205' title='bbox 736 2744 870 2805; x_wconf 80' lang='lat' dir='ltr'><strong>uici,</strong></span> <span class='ocrx_word' id='word_1_206' title='bbox 906 2758 1012 2797; x_wconf 87' lang='lat' dir='ltr'><strong>non</strong></span> <span class='ocrx_word' id='word_1_207' title='bbox 1050 2754 1231 2797; x_wconf 88' lang='lat' dir='ltr'><strong>autem</strong></span> <span class='ocrx_word' id='word_1_208' title='bbox 1263 2744 1444 2812; x_wconf 90' lang='lat' dir='ltr'><strong>potius</strong></span> <span class='ocrx_word' id='word_1_209' title='bbox 1471 2744 1691 2797; x_wconf 88' lang='lat' dir='ltr'><strong>domum</strong></span> <span class='ocrx_word' id='word_1_210' title='bbox 1728 2740 1907 2796; x_wconf 84' lang='lat' dir='ltr'><strong>Patris</strong></span> <span class='ocrx_word' id='word_1_211' title='bbox 1946 2742 2166 2796; x_wconf 83' lang='lat' dir='ltr'><strong>nostri?</strong></span> <span class='ocrx_word' id='word_1_212' title='bbox 2211 2740 2314 2798; x_wconf 88' lang='lat' dir='ltr'><strong>hoc</strong></span> 
     </span>
    </p>
   </div>
   <div class='ocr_carea' id='block_1_30' title="bbox 735 2835 2313 2904">
    <p class='ocr_par' dir='ltr' id='par_1_30' title="bbox 735 2835 2313 2904">
     <span class='ocr_line' id='line_1_30' title="bbox 735 2835 2313 2904; baseline 0.001 -18"><span class='ocrx_word' id='word_1_213' title='bbox 735 2836 880 2888; x_wconf 83' lang='lat' dir='ltr'><strong>enim</strong></span> <span class='ocrx_word' id='word_1_214' title='bbox 911 2836 1094 2889; x_wconf 89' lang='lat' dir='ltr'><strong>dicere</strong></span> <span class='ocrx_word' id='word_1_215' title='bbox 1122 2836 1295 2904; x_wconf 84' lang='lat' dir='ltr'><strong>magis</strong></span> <span class='ocrx_word' id='word_1_216' title='bbox 1324 2835 1512 2888; x_wconf 75' lang='lat' dir='ltr'><strong>forsan</strong></span> <span class='ocrx_word' id='word_1_217' title='bbox 1541 2842 1971 2887; x_wconf 90' lang='lat' dir='ltr'><strong>consentaneum</strong></span> <span class='ocrx_word' id='word_1_218' title='bbox 1998 2845 2114 2886; x_wconf 90' lang='lat' dir='ltr'><strong>erat</strong></span> <span class='ocrx_word' id='word_1_219' title='bbox 2134 2875 2148 2897; x_wconf 91' lang='lat'><strong>,</strong></span> <span class='ocrx_word' id='word_1_220' title='bbox 2179 2835 2223 2887; x_wconf 91' lang='lat' dir='ltr'><strong>si</strong></span> <span class='ocrx_word' id='word_1_221' title='bbox 2256 2850 2313 2889; x_wconf 86' lang='lat' dir='ltr'><strong>se</strong></span> 
     </span>
    </p>
   </div>
   <div class='ocr_carea' id='block_1_31' title="bbox 736 2922 2310 2996">
    <p class='ocr_par' dir='ltr' id='par_1_31' title="bbox 736 2922 2310 2996">
     <span class='ocr_line' id='line_1_31' title="bbox 736 2922 2310 2996; baseline -0.003 -17"><span class='ocrx_word' id='word_1_222' title='bbox 736 2942 903 2979; x_wconf 82' lang='lat' dir='ltr'><strong>unum</strong></span> <span class='ocrx_word' id='word_1_223' title='bbox 938 2943 998 2980; x_wconf 69' lang='lat' dir='ltr'><strong>ex</strong></span> <span class='ocrx_word' id='word_1_224' title='bbox 1036 2926 1103 2980; x_wconf 91' lang='lat' dir='ltr'><strong>iis</strong></span> <span class='ocrx_word' id='word_1_225' title='bbox 1137 2927 1229 2996; x_wconf 89' lang='lat' dir='ltr'><strong>qui</strong></span> <span class='ocrx_word' id='word_1_226' title='bbox 1268 2934 1462 2979; x_wconf 90' lang='lat' dir='ltr'><strong>natura</strong></span> <span class='ocrx_word' id='word_1_227' title='bbox 1498 2940 1602 2978; x_wconf 90' lang='lat' dir='ltr'><strong>non</strong></span> <span class='ocrx_word' id='word_1_228' title='bbox 1642 2933 1771 2979; x_wconf 90' lang='lat' dir='ltr'><strong>sunt</strong></span> <span class='ocrx_word' id='word_1_229' title='bbox 1804 2924 1899 2977; x_wconf 83' lang='lat' dir='ltr'><strong>ﬁlii</strong></span> <span class='ocrx_word' id='word_1_230' title='bbox 1942 2922 2032 2977; x_wconf 91' lang='lat' dir='ltr'><strong>Dei</strong></span> <span class='ocrx_word' id='word_1_231' title='bbox 2070 2925 2310 2993; x_wconf 81' lang='lat' dir='ltr'><strong>scipsum</strong></span> 
     </span>
    </p>
   </div>
   <div class='ocr_carea' id='block_1_32' title="bbox 733 3016 2309 3084">
    <p class='ocr_par' dir='ltr' id='par_1_32' title="bbox 733 3016 2309 3084">
     <span class='ocr_line' id='line_1_32' title="bbox 733 3016 2309 3084; baseline -0.001 -13"><span class='ocrx_word' id='word_1_232' title='bbox 733 3034 858 3072; x_wconf 91' lang='lat' dir='ltr'><strong>esse</strong></span> <span class='ocrx_word' id='word_1_233' title='bbox 904 3019 1129 3072; x_wconf 88' lang='lat' dir='ltr'><strong>sciebat.</strong></span> <span class='ocrx_word' id='word_1_234' title='bbox 1180 3018 1314 3070; x_wconf 86' lang='lat' dir='ltr'><strong>Cum</strong></span> <span class='ocrx_word' id='word_1_235' title='bbox 1368 3024 1547 3070; x_wconf 88' lang='lat' dir='ltr'><strong>autem</strong></span> <span class='ocrx_word' id='word_1_236' title='bbox 1615 3016 1850 3070; x_wconf 73' lang='lat' dir='ltr'><strong>Verbum</strong></span> <span class='ocrx_word' id='word_1_237' title='bbox 1908 3017 2151 3084; x_wconf 89' lang='lat' dir='ltr'><strong>scipsum</strong></span> <span class='ocrx_word' id='word_1_238' title='bbox 2204 3030 2309 3069; x_wconf 92' lang='lat' dir='ltr'><strong>non</strong></span> 
     </span>
    </p>
   </div>
   <div class='ocr_carea' id='block_1_33' title="bbox 737 3105 2311 3175">
    <p class='ocr_par' dir='ltr' id='par_1_33' title="bbox 737 3105 2311 3175">
     <span class='ocr_line' id='line_1_33' title="bbox 737 3105 2311 3175; baseline -0.001 -16"><span class='ocrx_word' id='word_1_239' title='bbox 737 3109 878 3160; x_wconf 74' lang='lat' dir='ltr'><strong>inter</strong></span> <span class='ocrx_word' id='word_1_240' title='bbox 909 3105 1046 3159; x_wconf 73' lang='lat' dir='ltr'><strong>liiios</strong></span> <span class='ocrx_word' id='word_1_241' title='bbox 1080 3121 1173 3174; x_wconf 89' lang='lat' dir='ltr'><strong>per</strong></span> <span class='ocrx_word' id='word_1_242' title='bbox 1206 3107 1437 3175; x_wconf 78' lang='lat' dir='ltr'><strong>gratiam</strong></span> <span class='ocrx_word' id='word_1_243' title='bbox 1469 3107 1792 3175; x_wconf 78' lang='lat' dir='ltr'><strong>ascriptum,</strong></span> <span class='ocrx_word' id='word_1_244' title='bbox 1826 3105 1920 3159; x_wconf 88' lang='lat' dir='ltr'><strong>sed</strong></span> <span class='ocrx_word' id='word_1_245' title='bbox 1953 3120 2016 3158; x_wconf 80' lang='lat' dir='ltr'><strong>cx</strong></span> <span class='ocrx_word' id='word_1_246' title='bbox 2052 3106 2311 3159; x_wconf 84' lang='lat' dir='ltr'><strong>substan-</strong></span> 
     </span>
    </p>
   </div>
   <div class='ocr_carea' id='block_1_34' title="bbox 2410 636 3990 712">
    <p class='ocr_par' dir='ltr' id='par_1_34' title="bbox 2410 636 3990 712">
     <span class='ocr_line' id='line_1_34' title="bbox 2410 636 3990 712; baseline -0.011 0"><span class='ocrx_word' id='word_1_247' title='bbox 2410 636 2551 688; x_wconf 67' lang='grc' dir='ltr'>θεῖον</span> <span class='ocrx_word' id='word_1_248' title='bbox 2615 638 2782 707; x_wconf 71' lang='grc' dir='ltr'><strong>ἐχρῆν</strong></span> <span class='ocrx_word' id='word_1_249' title='bbox 2832 636 3212 689; x_wconf 67' lang='grc' dir='ltr'><strong>ἀποτελεῖσθαι</strong></span> <span class='ocrx_word' id='word_1_250' title='bbox 3247 638 3373 691; x_wconf 74' lang='grc' dir='ltr'>ναὸν</span> <span class='ocrx_word' id='word_1_251' title='bbox 3402 679 3416 702; x_wconf 83' lang='lat'><strong>,</strong></span> <span class='ocrx_word' id='word_1_252' title='bbox 3458 641 3574 691; x_wconf 81' lang='grc' dir='ltr'>ἀλλ’</span> <span class='ocrx_word' id='word_1_253' title='bbox 3605 637 3753 695; x_wconf 81' lang='grc' dir='ltr'>οἷκον</span> <span class='ocrx_word' id='word_1_254' title='bbox 3805 641 3990 712; x_wconf 62' lang='grc' dir='ltr'>ενῖδχῆς.</span> 
     </span>
    </p>
   </div>
   <div class='ocr_carea' id='block_1_35' title="bbox 2410 727 3996 803">
    <p class='ocr_par' dir='ltr' id='par_1_35' title="bbox 2410 727 3996 803">
     <span class='ocr_line' id='line_1_35' title="bbox 2410 727 3996 803; baseline 0.008 -26"><span class='ocrx_word' id='word_1_255' title='bbox 2410 727 2564 778; x_wconf 71' lang='grc' dir='ltr'>Οὕτω</span> <span class='ocrx_word' id='word_1_256' title='bbox 2598 727 2704 795; x_wconf 79' lang='grc' dir='ltr'>γὰρ</span> <span class='ocrx_word' id='word_1_257' title='bbox 2741 727 3091 797; x_wconf 78' lang='grc' dir='ltr'>γέγραπται·</span> <span class='ocrx_word' id='word_1_258' title='bbox 3123 729 3364 783; x_wconf 80' lang='grc' dir='ltr'>δείκνυσι</span> <span class='ocrx_word' id='word_1_259' title='bbox 3412 732 3467 783; x_wconf 79' lang='grc' dir='ltr'><em>δὲ</em></span> <span class='ocrx_word' id='word_1_260' title='bbox 3506 733 3607 785; x_wconf 69' lang='grc' dir='ltr'><strong>οὐκ</strong></span> <span class='ocrx_word' id='word_1_261' title='bbox 3640 736 3696 787; x_wconf 84' lang='grc' dir='ltr'><strong>ἐν</strong></span> <span class='ocrx_word' id='word_1_262' title='bbox 3735 735 3912 803; x_wconf 58' lang='grc' dir='ltr'>ψιλοῖς</span> <span class='ocrx_word' id='word_1_263' title='bbox 3938 738 3996 792; x_wconf 69' lang='grc' dir='ltr'><strong>το</strong></span> 
     </span>
    </p>
   </div>
   <div class='ocr_carea' id='block_1_36' title="bbox 2412 817 3991 897">
    <p class='ocr_par' dir='ltr' id='par_1_36' title="bbox 2412 817 3991 897">
     <span class='ocr_line' id='line_1_36' title="bbox 2412 817 3991 897; baseline 0.009 -30"><span class='ocrx_word' id='word_1_264' title='bbox 2412 817 2614 886; x_wconf 77' lang='grc' dir='ltr'><strong>κίνημα</strong></span> <span class='ocrx_word' id='word_1_265' title='bbox 2646 817 2843 884; x_wconf 78' lang='grc' dir='ltr'><strong>λόγοις,</strong></span> <span class='ocrx_word' id='word_1_266' title='bbox 2869 817 3004 871; x_wconf 74' lang='grc' dir='ltr'>ἀλλὰ</span> <span class='ocrx_word' id='word_1_267' title='bbox 3028 819 3285 888; x_wconf 86' lang='grc' dir='ltr'>πληγαῖς,</span> <span class='ocrx_word' id='word_1_268' title='bbox 3324 822 3414 873; x_wconf 75' lang='grc' dir='ltr'><strong>καὶ</strong></span> <span class='ocrx_word' id='word_1_269' title='bbox 3451 824 3671 892; x_wconf 73' lang='grc' dir='ltr'>μάστιγι</span> <span class='ocrx_word' id='word_1_270' title='bbox 3702 826 3807 879; x_wconf 78' lang='grc' dir='ltr'><strong>τῶν</strong></span> <span class='ocrx_word' id='word_1_271' title='bbox 3832 828 3991 897; x_wconf 82' lang='grc' dir='ltr'>ἱερῶν</span> 
     </span>
    </p>
   </div>
   <div class='ocr_carea' id='block_1_37' title="bbox 2408 907 3996 981">
    <p class='ocr_par' dir='ltr' id='par_1_37' title="bbox 2408 907 3996 981">
     <span class='ocr_line' id='line_1_37' title="bbox 2408 907 3996 981; baseline 0.005 -21"><span class='ocrx_word' id='word_1_272' title='bbox 2408 907 2599 971; x_wconf 80' lang='grc' dir='ltr'>ἐξωθεί</span> <span class='ocrx_word' id='word_1_273' title='bbox 2639 908 2961 977; x_wconf 77' lang='grc' dir='ltr'>περιϐόλων,</span> <span class='ocrx_word' id='word_1_274' title='bbox 2991 909 3331 981; x_wconf 77' lang='grc' dir='ltr'><strong>δουλοπρεπῆ</strong></span> <span class='ocrx_word' id='word_1_275' title='bbox 3381 913 3603 977; x_wconf 81' lang='grc' dir='ltr'>δικαίως</span> <span class='ocrx_word' id='word_1_276' title='bbox 3648 918 3828 981; x_wconf 69' lang='grc' dir='ltr'>αὐτοῖς</span> <span class='ocrx_word' id='word_1_277' title='bbox 3881 922 3996 970; x_wconf 75' lang='grc' dir='ltr'>ἑπι-</span> 
     </span>
    </p>
   </div>
   <div class='ocr_carea' id='block_1_38' title="bbox 2409 1000 3996 1073">
    <p class='ocr_par' dir='ltr' id='par_1_38' title="bbox 2409 1000 3996 1073">
     <span class='ocr_line' id='line_1_38' title="bbox 2409 1000 3996 1073; baseline 0.01 -23"><span class='ocrx_word' id='word_1_278' title='bbox 2409 1002 2607 1070; x_wconf 79' lang='grc' dir='ltr'>νοήσας</span> <span class='ocrx_word' id='word_1_279' title='bbox 2638 1000 2735 1069; x_wconf 83' lang='grc' dir='ltr'><strong>τὴν</strong></span> <span class='ocrx_word' id='word_1_280' title='bbox 2766 1002 3037 1072; x_wconf 82' lang='grc' dir='ltr'>τιμωρίαν</span> <span class='ocrx_word' id='word_1_281' title='bbox 3073 1016 3085 1027; x_wconf 89' lang='grc'><strong>·</strong></span> <span class='ocrx_word' id='word_1_282' title='bbox 3127 1004 3188 1054; x_wconf 86' lang='grc' dir='ltr'>οὐ</span> <span class='ocrx_word' id='word_1_283' title='bbox 3234 1004 3343 1072; x_wconf 73' lang='grc' dir='ltr'><strong>γὰρ</strong></span> <span class='ocrx_word' id='word_1_284' title='bbox 3376 1005 3599 1073; x_wconf 74' lang='grc' dir='ltr'>ἔμελλον</span> <span class='ocrx_word' id='word_1_285' title='bbox 3632 1010 3996 1072; x_wconf 77' lang='grc' dir='ltr'>ὑποδέξασθαι</span> 
     </span>
    </p>
   </div>
   <div class='ocr_carea' id='block_1_39' title="bbox 2409 1093 3993 1171">
    <p class='ocr_par' dir='ltr' id='par_1_39' title="bbox 2409 1093 3993 1171">
     <span class='ocr_line' id='line_1_39' title="bbox 2409 1093 3993 1171; baseline 0.006 -26"><span class='ocrx_word' id='word_1_286' title='bbox 2409 1093 2499 1145; x_wconf 75' lang='grc' dir='ltr'><strong>τὸν</strong></span> <span class='ocrx_word' id='word_1_287' title='bbox 2538 1094 2926 1165; x_wconf 77' lang='grc' dir='ltr'><strong>ἐλευθεροῦντα</strong></span> <span class='ocrx_word' id='word_1_288' title='bbox 2958 1096 3044 1149; x_wconf 70' lang='grc' dir='ltr'>διὰ</span> <span class='ocrx_word' id='word_1_289' title='bbox 3076 1096 3308 1159; x_wconf 80' lang='grc' dir='ltr'>πίστεως</span> <span class='ocrx_word' id='word_1_290' title='bbox 3339 1099 3484 1151; x_wconf 84' lang='grc' dir='ltr'>Υἱόν.</span> <span class='ocrx_word' id='word_1_291' title='bbox 3512 1102 3652 1169; x_wconf 84' lang='grc' dir='ltr'>Ὅρα</span> <span class='ocrx_word' id='word_1_292' title='bbox 3674 1102 3727 1153; x_wconf 79' lang='grc' dir='ltr'><em>δέ</em></span> <span class='ocrx_word' id='word_1_293' title='bbox 3766 1122 3857 1171; x_wconf 80' lang='grc' dir='ltr'><strong>μοι</strong></span> <span class='ocrx_word' id='word_1_294' title='bbox 3891 1122 3993 1157; x_wconf 82' lang='grc' dir='ltr'>κα-</span> 
     </span>
    </p>
   </div>
   <div class='ocr_carea' id='block_1_40' title="bbox 2409 1185 3996 1263">
    <p class='ocr_par' dir='ltr' id='par_1_40' title="bbox 2409 1185 3996 1263">
     <span class='ocr_line' id='line_1_40' title="bbox 2409 1185 3996 1263; baseline 0.008 -28"><span class='ocrx_word' id='word_1_295' title='bbox 2409 1186 2516 1247; x_wconf 82' lang='grc' dir='ltr'><strong>λῶς</strong></span> <span class='ocrx_word' id='word_1_296' title='bbox 2568 1185 2643 1249; x_wconf 83' lang='grc' dir='ltr'>ὡς</span> <span class='ocrx_word' id='word_1_297' title='bbox 2697 1187 2755 1239; x_wconf 80' lang='grc' dir='ltr'>ὲν</span> <span class='ocrx_word' id='word_1_298' title='bbox 2793 1187 2963 1240; x_wconf 87' lang='grc' dir='ltr'>εἰκόνι</span> <span class='ocrx_word' id='word_1_299' title='bbox 3010 1190 3351 1259; x_wconf 75' lang='grc' dir='ltr'><strong>πραγμάτων</strong></span> <span class='ocrx_word' id='word_1_300' title='bbox 3395 1196 3881 1263; x_wconf 63' lang='grc' dir='ltr'>καταγραφόμεναι</span> <span class='ocrx_word' id='word_1_301' title='bbox 3933 1196 3996 1248; x_wconf 72' lang='grc' dir='ltr'>τὸ</span> 
     </span>
    </p>
   </div>
   <div class='ocr_carea' id='block_1_41' title="bbox 2410 1278 3995 1350">
    <p class='ocr_par' dir='ltr' id='par_1_41' title="bbox 2410 1278 3995 1350">
     <span class='ocr_line' id='line_1_41' title="bbox 2410 1278 3995 1350; baseline 0.009 -23"><span class='ocrx_word' id='word_1_302' title='bbox 2410 1278 2497 1330; x_wconf 79' lang='grc' dir='ltr'><strong>διὰ</strong></span> <span class='ocrx_word' id='word_1_303' title='bbox 2548 1278 2640 1330; x_wconf 75' lang='grc' dir='ltr'>τοῦ</span> <span class='ocrx_word' id='word_1_304' title='bbox 2706 1279 2915 1332; x_wconf 73' lang='grc' dir='ltr'>Παύλου</span> <span class='ocrx_word' id='word_1_305' title='bbox 2956 1280 3278 1350; x_wconf 82' lang='grc' dir='ltr'><strong>λελεγμένον</strong></span> <span class='ocrx_word' id='word_1_306' title='bbox 3308 1301 3320 1313; x_wconf 91' lang='grc'>·</span> <span class='ocrx_word' id='word_1_307' title='bbox 3360 1302 3378 1333; x_wconf 76' lang='grc' dir='ltr'><strong>ι</strong></span> <span class='ocrx_word' id='word_1_308' title='bbox 3408 1286 3473 1335; x_wconf 78' lang='grc' dir='ltr'><strong>Εἴ</strong></span> <span class='ocrx_word' id='word_1_309' title='bbox 3500 1303 3583 1348; x_wconf 80' lang='grc' dir='ltr'><strong>τις</strong></span> <span class='ocrx_word' id='word_1_310' title='bbox 3621 1283 3712 1339; x_wconf 64' lang='grc' dir='ltr'><strong>οὖν</strong></span> <span class='ocrx_word' id='word_1_311' title='bbox 3747 1289 3837 1339; x_wconf 77' lang='grc' dir='ltr'>τὸν</span> <span class='ocrx_word' id='word_1_312' title='bbox 3867 1294 3995 1342; x_wconf 74' lang='grc' dir='ltr'>ναὸν</span> 
     </span>
    </p>
   </div>
   <div class='ocr_carea' id='block_1_42' title="bbox 2411 1370 3632 1444">
    <p class='ocr_par' dir='ltr' id='par_1_42' title="bbox 2411 1370 3632 1444">
     <span class='ocr_line' id='line_1_42' title="bbox 2411 1370 3632 1444; baseline 0.005 -22"><span class='ocrx_word' id='word_1_313' title='bbox 2411 1370 2505 1423; x_wconf 82' lang='grc' dir='ltr'>τοῦ</span> <span class='ocrx_word' id='word_1_314' title='bbox 2539 1371 2672 1423; x_wconf 73' lang='grc' dir='ltr'><strong>Θεδῦ</strong></span> <span class='ocrx_word' id='word_1_315' title='bbox 2698 1373 2914 1444; x_wconf 77' lang='grc' dir='ltr'>φθείρῃ,</span> <span class='ocrx_word' id='word_1_316' title='bbox 2946 1373 3136 1443; x_wconf 72' lang='grc' dir='ltr'>φθερεῖ</span> <span class='ocrx_word' id='word_1_317' title='bbox 3162 1374 3348 1427; x_wconf 75' lang='grc' dir='ltr'>τοῦτον</span> <span class='ocrx_word' id='word_1_318' title='bbox 3381 1377 3409 1427; x_wconf 77' lang='grc' dir='ltr'>ὁ</span> <span class='ocrx_word' id='word_1_319' title='bbox 3430 1376 3578 1438; x_wconf 81' lang='grc' dir='ltr'>Θεός.</span> <span class='ocrx_word' id='word_1_320' title='bbox 3616 1396 3632 1426; x_wconf 72' lang='grc' dir='ltr'><strong>ι</strong></span> 
     </span>
    </p>
   </div>
   <div class='ocr_carea' id='block_1_43' title="bbox 2487 1464 3995 1535">
    <p class='ocr_par' dir='ltr' id='par_1_43' title="bbox 2487 1464 3995 1535">
     <span class='ocr_line' id='line_1_43' title="bbox 2487 1464 3995 1535; baseline 0.005 -19"><span class='ocrx_word' id='word_1_321' title='bbox 2487 1465 2698 1528; x_wconf 70' lang='grc' dir='ltr'>’Ἄρατε</span> <span class='ocrx_word' id='word_1_322' title='bbox 2732 1465 2919 1518; x_wconf 81' lang='grc' dir='ltr'>ταῦτα</span> <span class='ocrx_word' id='word_1_323' title='bbox 2956 1464 3256 1527; x_wconf 79' lang='grc' dir='ltr'>ἐντεῦθεν,</span> <span class='ocrx_word' id='word_1_324' title='bbox 3297 1468 3381 1535; x_wconf 72' lang='grc' dir='ltr'>μὴ</span> <span class='ocrx_word' id='word_1_325' title='bbox 3423 1469 3641 1521; x_wconf 76' lang='grc' dir='ltr'>πίιεῖτε</span> <span class='ocrx_word' id='word_1_326' title='bbox 3686 1470 3793 1522; x_wconf 71' lang='grc' dir='ltr'><strong>τὸν</strong></span> <span class='ocrx_word' id='word_1_327' title='bbox 3824 1467 3995 1525; x_wconf 67' lang='grc' dir='ltr'>οἷκον</span> 
     </span>
    </p>
   </div>
   <div class='ocr_carea' id='block_1_44' title="bbox 2411 1553 3469 1625">
    <p class='ocr_par' dir='ltr' id='par_1_44' title="bbox 2411 1553 3469 1625">
     <span class='ocr_line' id='line_1_44' title="bbox 2411 1553 3469 1625; baseline 0.006 -18"><span class='ocrx_word' id='word_1_328' title='bbox 2411 1555 2516 1608; x_wconf 86' lang='grc' dir='ltr'>τοῦ</span> <span class='ocrx_word' id='word_1_329' title='bbox 2548 1557 2775 1622; x_wconf 66' lang='grc' dir='ltr'>Πατρός</span> <span class='ocrx_word' id='word_1_330' title='bbox 2797 1575 2937 1625; x_wconf 81' lang='grc' dir='ltr'>μου,</span> <span class='ocrx_word' id='word_1_331' title='bbox 2966 1553 3135 1610; x_wconf 77' lang='grc' dir='ltr'>οἶκον</span> <span class='ocrx_word' id='word_1_332' title='bbox 3161 1559 3469 1625; x_wconf 69' lang='grc' dir='ltr'>ἐμπορίου.</span> 
     </span>
    </p>
   </div>
   <div class='ocr_carea' id='block_1_45' title="bbox 2496 1648 3994 1724">
    <p class='ocr_par' dir='ltr' id='par_1_45' title="bbox 2496 1648 3994 1724">
     <span class='ocr_line' id='line_1_45' title="bbox 2496 1648 3994 1724; baseline 0.007 -27"><span class='ocrx_word' id='word_1_333' title='bbox 2496 1648 2800 1700; x_wconf 82' lang='grc' dir='ltr'>Ἐπιτάττει</span> <span class='ocrx_word' id='word_1_334' title='bbox 2833 1649 2929 1717; x_wconf 81' lang='grc' dir='ltr'><strong>μὲν</strong></span> <span class='ocrx_word' id='word_1_335' title='bbox 2962 1649 3036 1713; x_wconf 82' lang='grc' dir='ltr'>ὡς</span> <span class='ocrx_word' id='word_1_336' title='bbox 3071 1650 3376 1720; x_wconf 83' lang='grc' dir='ltr'>Δεσπότης,</span> <span class='ocrx_word' id='word_1_337' title='bbox 3415 1657 3744 1723; x_wconf 79' lang='grc' dir='ltr'>χειραγωγεῖ</span> <span class='ocrx_word' id='word_1_338' title='bbox 3772 1655 3825 1707; x_wconf 77' lang='grc' dir='ltr'><strong>δὲ</strong></span> <span class='ocrx_word' id='word_1_339' title='bbox 3858 1656 3994 1724; x_wconf 62' lang='grc' dir='ltr'>πρὶς</span> 
     </span>
    </p>
   </div>
   <div class='ocr_carea' id='block_1_46' title="bbox 2412 1736 3992 1815">
    <p class='ocr_par' dir='ltr' id='par_1_46' title="bbox 2412 1736 3992 1815">
     <span class='ocr_line' id='line_1_46' title="bbox 2412 1736 3992 1815; baseline 0.006 -27"><span class='ocrx_word' id='word_1_340' title='bbox 2412 1736 2473 1789; x_wconf 78' lang='grc' dir='ltr'>τὸ</span> <span class='ocrx_word' id='word_1_341' title='bbox 2506 1738 2736 1807; x_wconf 83' lang='grc' dir='ltr'>πρέπον,</span> <span class='ocrx_word' id='word_1_342' title='bbox 2764 1738 2839 1800; x_wconf 81' lang='grc' dir='ltr'>ὡς</span> <span class='ocrx_word' id='word_1_343' title='bbox 2863 1740 3204 1805; x_wconf 75' lang='grc' dir='ltr'>διδάσκαλος,</span> <span class='ocrx_word' id='word_1_344' title='bbox 3232 1744 3566 1813; x_wconf 82' lang='grc' dir='ltr'>παρατίθησί</span> <span class='ocrx_word' id='word_1_345' title='bbox 3596 1763 3653 1797; x_wconf 88' lang='grc' dir='ltr'><strong>τε</strong></span> <span class='ocrx_word' id='word_1_346' title='bbox 3679 1750 3742 1815; x_wconf 72' lang='grc' dir='ltr'>τῇ</span> <span class='ocrx_word' id='word_1_347' title='bbox 3776 1748 3992 1799; x_wconf 56' lang='grc' dir='ltr'>κολασκ</span> 
     </span>
    </p>
   </div>
   <div class='ocr_carea' id='block_1_47' title="bbox 2413 1827 3993 1909">
    <p class='ocr_par' dir='ltr' id='par_1_47' title="bbox 2413 1827 3993 1909">
     <span class='ocr_line' id='line_1_47' title="bbox 2413 1827 3993 1909; baseline 0.007 -29"><span class='ocrx_word' id='word_1_348' title='bbox 2413 1827 2509 1898; x_wconf 79' lang='grc' dir='ltr'><strong>τὴν</strong></span> <span class='ocrx_word' id='word_1_349' title='bbox 2541 1829 2649 1882; x_wconf 81' lang='grc' dir='ltr'><strong>τῶν</strong></span> <span class='ocrx_word' id='word_1_350' title='bbox 2691 1832 3043 1901; x_wconf 83' lang='grc' dir='ltr'>πταισμάτων</span> <span class='ocrx_word' id='word_1_351' title='bbox 3092 1835 3380 1905; x_wconf 75' lang='grc' dir='ltr'><strong>ἐξήγησιν,</strong></span> <span class='ocrx_word' id='word_1_352' title='bbox 3430 1838 3569 1889; x_wconf 83' lang='grc' dir='ltr'>αἰδοῖ</span> <span class='ocrx_word' id='word_1_353' title='bbox 3600 1841 3663 1907; x_wconf 80' lang='grc' dir='ltr'>τῇ</span> <span class='ocrx_word' id='word_1_354' title='bbox 3696 1842 3821 1909; x_wconf 71' lang='grc' dir='ltr'>περὶ</span> <span class='ocrx_word' id='word_1_355' title='bbox 3857 1841 3993 1891; x_wconf 78' lang='grc' dir='ltr'><strong>αὐτᾶ</strong></span> 
     </span>
    </p>
   </div>
   <div class='ocr_carea' id='block_1_48' title="bbox 2413 1920 3992 2000">
    <p class='ocr_par' dir='ltr' id='par_1_48' title="bbox 2413 1920 3992 2000">
     <span class='ocr_line' id='line_1_48' title="bbox 2413 1920 3992 2000; baseline 0.006 -29"><span class='ocrx_word' id='word_1_356' title='bbox 2413 1920 2758 1988; x_wconf 77' lang='grc' dir='ltr'>χαλεπαίνειν</span> <span class='ocrx_word' id='word_1_357' title='bbox 2786 1924 2885 1976; x_wconf 79' lang='grc' dir='ltr'><strong>οὐκ</strong></span> <span class='ocrx_word' id='word_1_358' title='bbox 2924 1924 3028 1976; x_wconf 81' lang='grc' dir='ltr'><strong>ἐῶν</strong></span> <span class='ocrx_word' id='word_1_359' title='bbox 3057 1924 3150 1978; x_wconf 80' lang='grc' dir='ltr'>τὸν</span> <span class='ocrx_word' id='word_1_360' title='bbox 3191 1929 3612 1999; x_wconf 76' lang='grc' dir='ltr'>ἐπιτιμώμενον.</span> <span class='ocrx_word' id='word_1_361' title='bbox 3654 1932 3992 2000; x_wconf 78' lang='grc' dir='ltr'>Σημειωτέον</span> 
     </span>
    </p>
   </div>
   <div class='ocr_carea' id='block_1_49' title="bbox 2414 2008 3993 2088">
    <p class='ocr_par' dir='ltr' id='par_1_49' title="bbox 2414 2008 3993 2088">
     <span class='ocr_line' id='line_1_49' title="bbox 2414 2008 3993 2088; baseline 0.007 -27"><span class='ocrx_word' id='word_1_362' title='bbox 2414 2008 2469 2061; x_wconf 81' lang='grc' dir='ltr'><strong>δὲ</strong></span> <span class='ocrx_word' id='word_1_363' title='bbox 2522 2009 2602 2061; x_wconf 86' lang='grc' dir='ltr'>ὅτι</span> <span class='ocrx_word' id='word_1_364' title='bbox 2664 2011 2821 2065; x_wconf 77' lang='grc' dir='ltr'>πάλιν</span> <span class='ocrx_word' id='word_1_365' title='bbox 2868 2014 3065 2065; x_wconf 74' lang='grc' dir='ltr'>οἰκεῖον</span> <span class='ocrx_word' id='word_1_366' title='bbox 3112 2016 3328 2086; x_wconf 78' lang='grc' dir='ltr'>Πατέρα</span> <span class='ocrx_word' id='word_1_367' title='bbox 3376 2018 3642 2070; x_wconf 84' lang='grc' dir='ltr'>ἀποκαλεῖ</span> <span class='ocrx_word' id='word_1_368' title='bbox 3691 2021 3993 2088; x_wconf 73' lang='grc' dir='ltr'>μοναδικῶς</span> 
     </span>
    </p>
   </div>
   <div class='ocr_carea' id='block_1_50' title="bbox 2412 2099 3993 2177">
    <p class='ocr_par' dir='ltr' id='par_1_50' title="bbox 2412 2099 3993 2177">
     <span class='ocr_line' id='line_1_50' title="bbox 2412 2099 3993 2177; baseline 0.008 -27"><span class='ocrx_word' id='word_1_369' title='bbox 2412 2099 2502 2151; x_wconf 62' lang='grc' dir='ltr'><strong>τὸν</strong></span> <span class='ocrx_word' id='word_1_370' title='bbox 2534 2099 2695 2164; x_wconf 72' lang='grc' dir='ltr'>Θεδν,</span> <span class='ocrx_word' id='word_1_371' title='bbox 2736 2101 2809 2164; x_wconf 84' lang='grc' dir='ltr'>ὡς</span> <span class='ocrx_word' id='word_1_372' title='bbox 2863 2103 3025 2165; x_wconf 75' lang='grc' dir='ltr'>αὐτὸς</span> <span class='ocrx_word' id='word_1_373' title='bbox 3050 2103 3111 2174; x_wconf 84' lang='grc' dir='ltr'>δὴ</span> <span class='ocrx_word' id='word_1_374' title='bbox 3137 2106 3232 2156; x_wconf 71' lang='grc' dir='ltr'><strong>καὶ</strong></span> <span class='ocrx_word' id='word_1_375' title='bbox 3271 2105 3431 2174; x_wconf 80' lang='grc' dir='ltr'>μόνος</span> <span class='ocrx_word' id='word_1_376' title='bbox 3463 2110 3490 2159; x_wconf 90' lang='grc' dir='ltr'>ὁ</span> <span class='ocrx_word' id='word_1_377' title='bbox 3521 2108 3657 2159; x_wconf 82' lang='grc' dir='ltr'><strong>κατὰ</strong></span> <span class='ocrx_word' id='word_1_378' title='bbox 3695 2110 3858 2177; x_wconf 66' lang='grc' dir='ltr'>φύσιν</span> <span class='ocrx_word' id='word_1_379' title='bbox 3892 2111 3993 2161; x_wconf 82' lang='grc' dir='ltr'><strong>ὑπ-</strong></span> 
     </span>
    </p>
   </div>
   <div class='ocr_carea' id='block_1_51' title="bbox 2415 2184 3994 2266">
    <p class='ocr_par' dir='ltr' id='par_1_51' title="bbox 2415 2184 3994 2266">
     <span class='ocr_line' id='line_1_51' title="bbox 2415 2184 3994 2266; baseline 0.008 -30"><span class='ocrx_word' id='word_1_380' title='bbox 2415 2184 2594 2253; x_wconf 82' lang='grc' dir='ltr'>άρχων</span> <span class='ocrx_word' id='word_1_381' title='bbox 2621 2186 2680 2250; x_wconf 81' lang='grc' dir='ltr'><strong>ἐξ</strong></span> <span class='ocrx_word' id='word_1_382' title='bbox 2711 2186 2905 2251; x_wconf 74' lang='grc' dir='ltr'>αὐτοῦ,</span> <span class='ocrx_word' id='word_1_383' title='bbox 2947 2189 3039 2241; x_wconf 74' lang='grc' dir='ltr'><strong>καὶ</strong></span> <span class='ocrx_word' id='word_1_384' title='bbox 3070 2193 3464 2260; x_wconf 80' lang='grc' dir='ltr'>γεγεννημένος</span> <span class='ocrx_word' id='word_1_385' title='bbox 3496 2193 3729 2262; x_wconf 72' lang='grc' dir='ltr'>ἀληθῶς.</span> <span class='ocrx_word' id='word_1_386' title='bbox 3790 2197 3851 2247; x_wconf 75' lang='lat' dir='ltr'><strong>Ei</strong></span> <span class='ocrx_word' id='word_1_387' title='bbox 3886 2196 3994 2266; x_wconf 75' lang='grc' dir='ltr'><strong>γὰρ</strong></span> 
     </span>
    </p>
   </div>
   <div class='ocr_carea' id='block_1_52' title="bbox 2417 2276 3995 2356">
    <p class='ocr_par' dir='ltr' id='par_1_52' title="bbox 2417 2276 3995 2356">
     <span class='ocr_line' id='line_1_52' title="bbox 2417 2276 3995 2356; baseline 0.007 -28"><span class='ocrx_word' id='word_1_388' title='bbox 2417 2276 2490 2347; x_wconf 78' lang='grc' dir='ltr'>μὴ</span> <span class='ocrx_word' id='word_1_389' title='bbox 2517 2278 2703 2330; x_wconf 74' lang='grc' dir='ltr'>τοῦτον</span> <span class='ocrx_word' id='word_1_390' title='bbox 2731 2279 2841 2348; x_wconf 78' lang='grc' dir='ltr'>ἔχει</span> <span class='ocrx_word' id='word_1_391' title='bbox 2868 2279 2957 2332; x_wconf 86' lang='grc' dir='ltr'><strong>τὸν</strong></span> <span class='ocrx_word' id='word_1_392' title='bbox 2988 2283 3220 2351; x_wconf 79' lang='grc' dir='ltr'>τρόπον,</span> <span class='ocrx_word' id='word_1_393' title='bbox 3254 2282 3368 2335; x_wconf 77' lang='grc' dir='ltr'>ἔστι</span> <span class='ocrx_word' id='word_1_394' title='bbox 3399 2285 3454 2336; x_wconf 77' lang='grc' dir='ltr'><strong>δὲ</strong></span> <span class='ocrx_word' id='word_1_395' title='bbox 3486 2284 3657 2348; x_wconf 74' lang='grc' dir='ltr'>οὕτως</span> <span class='ocrx_word' id='word_1_396' title='bbox 3687 2286 3803 2356; x_wconf 82' lang='grc' dir='ltr'>μεθ’</span> <span class='ocrx_word' id='word_1_397' title='bbox 3839 2288 3995 2355; x_wconf 78' lang='grc' dir='ltr'>ἡμῶν</span> 
     </span>
    </p>
   </div>
   <div class='ocr_carea' id='block_1_53' title="bbox 2412 2369 3992 2449">
    <p class='ocr_par' dir='ltr' id='par_1_53' title="bbox 2412 2369 3992 2449">
     <span class='ocr_line' id='line_1_53' title="bbox 2412 2369 3992 2449; baseline 0.005 -28"><span class='ocrx_word' id='word_1_398' title='bbox 2412 2371 2439 2421; x_wconf 80' lang='grc' dir='ltr'>ὁ</span> <span class='ocrx_word' id='word_1_399' title='bbox 2468 2371 2637 2437; x_wconf 83' lang='grc' dir='ltr'>Λόγος</span> <span class='ocrx_word' id='word_1_400' title='bbox 2655 2372 2768 2434; x_wconf 76' lang='grc' dir='ltr'>υἱὸς</span> <span class='ocrx_word' id='word_1_401' title='bbox 2789 2411 2802 2434; x_wconf 91' lang='grc'><strong>,</strong></span> <span class='ocrx_word' id='word_1_402' title='bbox 2848 2373 2923 2435; x_wconf 86' lang='grc' dir='ltr'>ὡς</span> <span class='ocrx_word' id='word_1_403' title='bbox 2952 2369 3032 2435; x_wconf 77' lang='grc' dir='ltr'>εἷς</span> <span class='ocrx_word' id='word_1_404' title='bbox 3058 2374 3116 2438; x_wconf 79' lang='grc' dir='ltr'>ἐξ</span> <span class='ocrx_word' id='word_1_405' title='bbox 3140 2375 3323 2445; x_wconf 75' lang='grc' dir='ltr'>ἡμῶν,</span> <span class='ocrx_word' id='word_1_406' title='bbox 3378 2378 3516 2429; x_wconf 72' lang='grc' dir='ltr'>κατα</span> <span class='ocrx_word' id='word_1_407' title='bbox 3549 2378 3697 2430; x_wconf 80' lang='grc' dir='ltr'>θέσιν</span> <span class='ocrx_word' id='word_1_408' title='bbox 3728 2378 3992 2449; x_wconf 77' lang='grc' dir='ltr'>δηλονότι,</span> 
     </span>
    </p>
   </div>
   <div class='ocr_carea' id='block_1_54' title="bbox 2413 2464 3992 2543">
    <p class='ocr_par' dir='ltr' id='par_1_54' title="bbox 2413 2464 3992 2543">
     <span class='ocr_line' id='line_1_54' title="bbox 2413 2464 3992 2543; baseline 0.007 -29"><span class='ocrx_word' id='word_1_409' title='bbox 2413 2464 2506 2515; x_wconf 77' lang='grc' dir='ltr'><strong>καὶ</strong></span> <span class='ocrx_word' id='word_1_410' title='bbox 2549 2464 2687 2516; x_wconf 80' lang='grc' dir='ltr'>κατᾶ</span> <span class='ocrx_word' id='word_1_411' title='bbox 2722 2466 2881 2532; x_wconf 73' lang='grc' dir='ltr'>μόνον</span> <span class='ocrx_word' id='word_1_412' title='bbox 2907 2466 2968 2517; x_wconf 75' lang='grc' dir='ltr'>τὸ</span> <span class='ocrx_word' id='word_1_413' title='bbox 3016 2468 3073 2519; x_wconf 84' lang='grc' dir='ltr'>ἐν</span> <span class='ocrx_word' id='word_1_414' title='bbox 3110 2467 3324 2539; x_wconf 77' lang='grc' dir='ltr'>θελήσει</span> <span class='ocrx_word' id='word_1_415' title='bbox 3363 2470 3454 2523; x_wconf 70' lang='grc' dir='ltr'>τοῦ</span> <span class='ocrx_word' id='word_1_416' title='bbox 3487 2472 3726 2541; x_wconf 69' lang='grc' dir='ltr'>Πατρδς,</span> <span class='ocrx_word' id='word_1_417' title='bbox 3774 2474 3897 2525; x_wconf 83' lang='grc' dir='ltr'>ὅτου</span> <span class='ocrx_word' id='word_1_418' title='bbox 3930 2474 3992 2543; x_wconf 75' lang='grc' dir='ltr'><strong>δὴ</strong></span> 
     </span>
    </p>
   </div>
   <div class='ocr_carea' id='block_1_55' title="bbox 2414 2553 3994 2629">
    <p class='ocr_par' dir='ltr' id='par_1_55' title="bbox 2414 2553 3994 2629">
     <span class='ocr_line' id='line_1_55' title="bbox 2414 2553 3994 2629; baseline 0.006 -24"><span class='ocrx_word' id='word_1_419' title='bbox 2414 2553 2570 2622; x_wconf 71' lang='grc' dir='ltr'>χάριν</span> <span class='ocrx_word' id='word_1_420' title='bbox 2602 2554 2662 2605; x_wconf 86' lang='grc' dir='ltr'><strong>τὸ</strong></span> <span class='ocrx_word' id='word_1_421' title='bbox 2709 2555 2883 2607; x_wconf 67' lang='grc' dir='ltr'>κοινὸν</span> <span class='ocrx_word' id='word_1_422' title='bbox 2912 2556 3080 2626; x_wconf 73' lang='grc' dir='ltr'>δήπου</span> <span class='ocrx_word' id='word_1_423' title='bbox 3102 2598 3115 2619; x_wconf 94' lang='grc'><strong>,</strong></span> <span class='ocrx_word' id='word_1_424' title='bbox 3162 2558 3256 2611; x_wconf 72' lang='grc' dir='ltr'><strong>καὶ</strong></span> <span class='ocrx_word' id='word_1_425' title='bbox 3290 2560 3422 2611; x_wconf 69' lang='grc' dir='ltr'>πᾶσι</span> <span class='ocrx_word' id='word_1_426' title='bbox 3457 2562 3818 2629; x_wconf 74' lang='grc' dir='ltr'>προκείμενον</span> <span class='ocrx_word' id='word_1_427' title='bbox 3860 2562 3994 2615; x_wconf 69' lang='grc' dir='ltr'><strong><em>καύ-</em></strong></span> 
     </span>
    </p>
   </div>
   <div class='ocr_carea' id='block_1_56' title="bbox 2412 2646 3991 2721">
    <p class='ocr_par' dir='ltr' id='par_1_56' title="bbox 2412 2646 3991 2721">
     <span class='ocr_line' id='line_1_56' title="bbox 2412 2646 3991 2721; baseline 0.007 -26"><span class='ocrx_word' id='word_1_428' title='bbox 2412 2662 2594 2714; x_wconf 81' lang='grc' dir='ltr'>χημα,</span> <span class='ocrx_word' id='word_1_429' title='bbox 2646 2646 2803 2715; x_wconf 83' lang='grc' dir='ltr'>μόνος</span> <span class='ocrx_word' id='word_1_430' title='bbox 2834 2648 2912 2710; x_wconf 88' lang='grc' dir='ltr'>εἰς</span> <span class='ocrx_word' id='word_1_431' title='bbox 2945 2650 3134 2702; x_wconf 70' lang='grc' dir='ltr'>ἑαυτὸν</span> <span class='ocrx_word' id='word_1_432' title='bbox 3162 2650 3394 2719; x_wconf 64' lang='grc' dir='ltr'>ἁρπάζει</span> <span class='ocrx_word' id='word_1_433' title='bbox 3421 2651 3593 2719; x_wconf 79' lang='grc' dir='ltr'>λέγων</span> <span class='ocrx_word' id='word_1_434' title='bbox 3616 2670 3626 2681; x_wconf 95' lang='grc'>·</span> <span class='ocrx_word' id='word_1_435' title='bbox 3670 2653 3761 2721; x_wconf 79' lang='grc' dir='ltr'><strong>Μὴ</strong></span> <span class='ocrx_word' id='word_1_436' title='bbox 3788 2656 3991 2706; x_wconf 77' lang='grc' dir='ltr'>ποιεῖτε</span> 
     </span>
    </p>
   </div>
   <div class='ocr_carea' id='block_1_57' title="bbox 2412 2734 3994 2813">
    <p class='ocr_par' dir='ltr' id='par_1_57' title="bbox 2412 2734 3994 2813">
     <span class='ocr_line' id='line_1_57' title="bbox 2412 2734 3994 2813; baseline 0.006 -25"><span class='ocrx_word' id='word_1_437' title='bbox 2412 2735 2503 2789; x_wconf 78' lang='grc' dir='ltr'><strong>τὸν</strong></span> <span class='ocrx_word' id='word_1_438' title='bbox 2531 2734 2675 2789; x_wconf 84' lang='grc' dir='ltr'>οἷκον</span> <span class='ocrx_word' id='word_1_439' title='bbox 2702 2738 2792 2790; x_wconf 80' lang='grc' dir='ltr'>τοῦ</span> <span class='ocrx_word' id='word_1_440' title='bbox 2820 2740 3026 2810; x_wconf 85' lang='grc' dir='ltr'>Πατρός</span> <span class='ocrx_word' id='word_1_441' title='bbox 3055 2758 3188 2807; x_wconf 89' lang='grc' dir='ltr'>μου,</span> <span class='ocrx_word' id='word_1_442' title='bbox 3224 2742 3317 2794; x_wconf 76' lang='grc' dir='ltr'><strong>καὶ</strong></span> <span class='ocrx_word' id='word_1_443' title='bbox 3357 2744 3475 2812; x_wconf 70' lang='grc' dir='ltr'><strong>οὐχὶ</strong></span> <span class='ocrx_word' id='word_1_444' title='bbox 3511 2744 3710 2813; x_wconf 74' lang='grc' dir='ltr'>μᾶλλον</span> <span class='ocrx_word' id='word_1_445' title='bbox 3732 2745 3825 2797; x_wconf 75' lang='grc' dir='ltr'><strong>τὸν</strong></span> <span class='ocrx_word' id='word_1_446' title='bbox 3849 2741 3994 2798; x_wconf 76' lang='grc' dir='ltr'>οἷκον</span> 
     </span>
    </p>
   </div>
   <div class='ocr_carea' id='block_1_58' title="bbox 2412 2825 3993 2905">
    <p class='ocr_par' dir='ltr' id='par_1_58' title="bbox 2412 2825 3993 2905">
     <span class='ocr_line' id='line_1_58' title="bbox 2412 2825 3993 2905; baseline 0.006 -30"><span class='ocrx_word' id='word_1_447' title='bbox 2412 2825 2505 2876; x_wconf 83' lang='grc' dir='ltr'>τοῦ</span> <span class='ocrx_word' id='word_1_448' title='bbox 2546 2826 2757 2895; x_wconf 77' lang='grc' dir='ltr'>Πατρὸς</span> <span class='ocrx_word' id='word_1_449' title='bbox 2786 2828 2973 2896; x_wconf 82' lang='grc' dir='ltr'><strong>ἠμῶν;</strong></span> <span class='ocrx_word' id='word_1_450' title='bbox 3001 2829 3169 2881; x_wconf 79' lang='grc' dir='ltr'>Τοῦτο</span> <span class='ocrx_word' id='word_1_451' title='bbox 3194 2830 3302 2901; x_wconf 82' lang='grc' dir='ltr'>γὰρ</span> <span class='ocrx_word' id='word_1_452' title='bbox 3328 2827 3394 2900; x_wconf 76' lang='grc' dir='ltr'>ἦν</span> <span class='ocrx_word' id='word_1_453' title='bbox 3428 2832 3553 2895; x_wconf 74' lang='grc' dir='ltr'>ἴσως</span> <span class='ocrx_word' id='word_1_454' title='bbox 3577 2834 3993 2905; x_wconf 78' lang='grc' dir='ltr'>ἀκολουθότερον</span> 
     </span>
    </p>
   </div>
   <div class='ocr_carea' id='block_1_59' title="bbox 2414 2916 3993 2994">
    <p class='ocr_par' dir='ltr' id='par_1_59' title="bbox 2414 2916 3993 2994">
     <span class='ocr_line' id='line_1_59' title="bbox 2414 2916 3993 2994; baseline 0.009 -29"><span class='ocrx_word' id='word_1_455' title='bbox 2414 2916 2585 2968; x_wconf 84' lang='grc' dir='ltr'>εἰπεῖν</span> <span class='ocrx_word' id='word_1_456' title='bbox 2607 2958 2622 2983; x_wconf 82' lang='grc'><strong>,</strong></span> <span class='ocrx_word' id='word_1_457' title='bbox 2680 2917 2836 2988; x_wconf 78' lang='grc' dir='ltr'>εἴπερ</span> <span class='ocrx_word' id='word_1_458' title='bbox 2864 2920 2958 2970; x_wconf 79' lang='grc' dir='ltr'><strong>ἕνα</strong></span> <span class='ocrx_word' id='word_1_459' title='bbox 3001 2919 3105 2971; x_wconf 82' lang='grc' dir='ltr'><strong>τῶν</strong></span> <span class='ocrx_word' id='word_1_460' title='bbox 3138 2922 3237 2973; x_wconf 73' lang='grc' dir='ltr'><strong>οὐκ</strong></span> <span class='ocrx_word' id='word_1_461' title='bbox 3283 2922 3451 2975; x_wconf 68' lang='grc' dir='ltr'>ὄντων</span> <span class='ocrx_word' id='word_1_462' title='bbox 3501 2926 3640 2977; x_wconf 72' lang='grc' dir='ltr'>κατὰ</span> <span class='ocrx_word' id='word_1_463' title='bbox 3667 2925 3828 2994; x_wconf 69' lang='grc' dir='ltr'>φύσιν</span> <span class='ocrx_word' id='word_1_464' title='bbox 3862 2928 3993 2978; x_wconf 75' lang='grc' dir='ltr'>υἱῶν</span> 
     </span>
    </p>
   </div>
   <div class='ocr_carea' id='block_1_60' title="bbox 2415 3008 3995 3083">
    <p class='ocr_par' dir='ltr' id='par_1_60' title="bbox 2415 3008 3995 3083">
     <span class='ocr_line' id='line_1_60' title="bbox 2415 3008 3995 3083; baseline 0.009 -26"><span class='ocrx_word' id='word_1_465' title='bbox 2415 3008 2508 3057; x_wconf 75' lang='grc' dir='ltr'>καὶ</span> <span class='ocrx_word' id='word_1_466' title='bbox 2542 3008 2731 3062; x_wconf 70' lang='grc' dir='ltr'>ἑαυτὸν</span> <span class='ocrx_word' id='word_1_467' title='bbox 2767 3008 3110 3077; x_wconf 79' lang='grc' dir='ltr'>ἐξηπίστατο.</span> <span class='ocrx_word' id='word_1_468' title='bbox 3162 3013 3379 3083; x_wconf 75' lang='grc' dir='ltr'>Ἐπειδὴ</span> <span class='ocrx_word' id='word_1_469' title='bbox 3415 3014 3469 3066; x_wconf 75' lang='grc' dir='ltr'><strong>δὲ</strong></span> <span class='ocrx_word' id='word_1_470' title='bbox 3498 3014 3595 3068; x_wconf 66' lang='grc' dir='ltr'>οὐκ</span> <span class='ocrx_word' id='word_1_471' title='bbox 3629 3018 3686 3067; x_wconf 86' lang='grc' dir='ltr'><strong>ἐν</strong></span> <span class='ocrx_word' id='word_1_472' title='bbox 3717 3020 3828 3080; x_wconf 88' lang='grc' dir='ltr'>τοῖς</span> <span class='ocrx_word' id='word_1_473' title='bbox 3855 3019 3995 3071; x_wconf 81' lang='grc' dir='ltr'>κατᾶ</span> 
     </span>
    </p>
   </div>
   <div class='ocr_carea' id='block_1_61' title="bbox 2415 3101 3994 3173">
    <p class='ocr_par' dir='ltr' id='par_1_61' title="bbox 2415 3101 3994 3173">
     <span class='ocr_line' id='line_1_61' title="bbox 2415 3101 3994 3173; baseline 0.008 -21"><span class='ocrx_word' id='word_1_474' title='bbox 2415 3101 2574 3169; x_wconf 76' lang='grc' dir='ltr'>χάριν</span> <span class='ocrx_word' id='word_1_475' title='bbox 2612 3104 2773 3163; x_wconf 81' lang='grc' dir='ltr'><strong>υἱοῖς,</strong></span> <span class='ocrx_word' id='word_1_476' title='bbox 2822 3102 2937 3154; x_wconf 77' lang='grc' dir='ltr'>ἀλλ’</span> <span class='ocrx_word' id='word_1_477' title='bbox 2973 3105 3034 3154; x_wconf 81' lang='grc' dir='ltr'><strong>ἐκ</strong></span> <span class='ocrx_word' id='word_1_478' title='bbox 3080 3107 3178 3173; x_wconf 79' lang='grc' dir='ltr'>τῆς</span> <span class='ocrx_word' id='word_1_479' title='bbox 3206 3105 3389 3168; x_wconf 79' lang='grc' dir='ltr'>οὐσίας</span> <span class='ocrx_word' id='word_1_480' title='bbox 3438 3108 3563 3160; x_wconf 79' lang='grc' dir='ltr'>ὅντα</span> <span class='ocrx_word' id='word_1_481' title='bbox 3596 3109 3689 3161; x_wconf 75' lang='grc' dir='ltr'><strong>τοῦ</strong></span> <span class='ocrx_word' id='word_1_482' title='bbox 3737 3109 3871 3163; x_wconf 80' lang='grc' dir='ltr'>Θεοῦ</span> <span class='ocrx_word' id='word_1_483' title='bbox 3901 3114 3994 3164; x_wconf 72' lang='grc' dir='ltr'><strong>καὶ</strong></span> 
     </span>
    </p>
   </div>
   <div class='ocr_carea' id='block_1_62' title="bbox 736 3189 2308 3285">
    <p class='ocr_par' dir='ltr' id='par_1_62' title="bbox 736 3196 2308 3266">
     <span class='ocr_line' id='line_1_62' title="bbox 736 3196 2308 3266; baseline -0.001 -16"><span class='ocrx_word' id='word_1_484' title='bbox 736 3199 808 3250; x_wconf 88' lang='lat' dir='ltr'><strong>tia</strong></span> <span class='ocrx_word' id='word_1_485' title='bbox 845 3198 935 3251; x_wconf 85' lang='lat' dir='ltr'><strong>Dei</strong></span> <span class='ocrx_word' id='word_1_486' title='bbox 966 3212 1026 3251; x_wconf 85' lang='lat' dir='ltr'><strong>ac</strong></span> <span class='ocrx_word' id='word_1_487' title='bbox 1058 3196 1235 3251; x_wconf 90' lang='lat' dir='ltr'><strong>Patris</strong></span> <span class='ocrx_word' id='word_1_488' title='bbox 1282 3212 1404 3251; x_wconf 88' lang='lat' dir='ltr'><strong>esse</strong></span> <span class='ocrx_word' id='word_1_489' title='bbox 1444 3204 1780 3266; x_wconf 84' lang='lat' dir='ltr'><strong>cognoscat,</strong></span> <span class='ocrx_word' id='word_1_490' title='bbox 1821 3204 1976 3249; x_wconf 81' lang='lat' dir='ltr'><strong>extra</strong></span> <span class='ocrx_word' id='word_1_491' title='bbox 2020 3213 2308 3251; x_wconf 74' lang='lat' dir='ltr'><strong>numerum</strong></span> 
     </span>
    </p>
   </div>
   <div class='ocr_carea' id='block_1_63' title="bbox 2409 3189 3996 3285">
    <p class='ocr_par' dir='ltr' id='par_1_63' title="bbox 2419 3189 3996 3262">
     <span class='ocr_line' id='line_1_63' title="bbox 2419 3189 3996 3262; baseline 0.009 -23"><span class='ocrx_word' id='word_1_492' title='bbox 2419 3189 2629 3259; x_wconf 75' lang='grc' dir='ltr'>Πατρὸς</span> <span class='ocrx_word' id='word_1_493' title='bbox 2663 3191 2850 3243; x_wconf 76' lang='grc' dir='ltr'>ἑαυτὸν</span> <span class='ocrx_word' id='word_1_494' title='bbox 2876 3192 3085 3259; x_wconf 86' lang='grc' dir='ltr'>ὀΛόγος</span> <span class='ocrx_word' id='word_1_495' title='bbox 3107 3192 3236 3246; x_wconf 81' lang='grc' dir='ltr'>ὄντα</span> <span class='ocrx_word' id='word_1_496' title='bbox 3264 3195 3543 3262; x_wconf 77' lang='grc' dir='ltr'>γινώσκει,</span> <span class='ocrx_word' id='word_1_497' title='bbox 3570 3197 3673 3261; x_wconf 79' lang='grc' dir='ltr'><strong>ἔξω</strong></span> <span class='ocrx_word' id='word_1_498' title='bbox 3694 3197 3800 3250; x_wconf 82' lang='grc' dir='ltr'><strong>τῶν</strong></span> <span class='ocrx_word' id='word_1_499' title='bbox 3822 3201 3996 3253; x_wconf 84' lang='grc' dir='ltr'>ἄλλων</span> 
     </span>
    </p>
   </div>
   <div class='ocr_carea' id='block_1_64' title="bbox 735 3286 2315 3353">
    <p class='ocr_par' dir='ltr' id='par_1_64' title="bbox 735 3286 2315 3353">
     <span class='ocr_line' id='line_1_64' title="bbox 735 3286 2315 3353; baseline -0.002 -10"><span class='ocrx_word' id='word_1_500' title='bbox 735 3292 965 3343; x_wconf 86' lang='lat' dir='ltr'><strong>aliorum</strong></span> <span class='ocrx_word' id='word_1_501' title='bbox 1001 3304 1059 3342; x_wconf 89' lang='lat' dir='ltr'><strong>se</strong></span> <span class='ocrx_word' id='word_1_502' title='bbox 1102 3291 1365 3353; x_wconf 74' lang='lat' dir='ltr'><strong>collocat,</strong></span> <span class='ocrx_word' id='word_1_503' title='bbox 1418 3288 1587 3344; x_wconf 91' lang='lat' dir='ltr'><strong>Deum</strong></span> <span class='ocrx_word' id='word_1_504' title='bbox 1631 3302 1790 3341; x_wconf 91' lang='lat' dir='ltr'><strong>suum</strong></span> <span class='ocrx_word' id='word_1_505' title='bbox 1840 3286 2057 3341; x_wconf 90' lang='lat' dir='ltr'><strong>Patrem</strong></span> <span class='ocrx_word' id='word_1_506' title='bbox 2102 3304 2315 3341; x_wconf 88' lang='lat' dir='ltr'><strong>nuncu-</strong></span> 
     </span>
    </p>
   </div>
   <div class='ocr_carea' id='block_1_65' title="bbox 736 3376 2313 3447">
    <p class='ocr_par' dir='ltr' id='par_1_65' title="bbox 736 3376 2313 3447">
     <span class='ocr_line' id='line_1_65' title="bbox 736 3376 2313 3447; baseline -0.001 -16"><span class='ocrx_word' id='word_1_507' title='bbox 736 3392 891 3447; x_wconf 90' lang='lat' dir='ltr'><strong>paus.</strong></span> <span class='ocrx_word' id='word_1_508' title='bbox 930 3378 1091 3432; x_wconf 86' lang='lat' dir='ltr'><strong>Decet</strong></span> <span class='ocrx_word' id='word_1_509' title='bbox 1142 3379 1285 3431; x_wconf 90' lang='lat' dir='ltr'><strong>enim</strong></span> <span class='ocrx_word' id='word_1_510' title='bbox 1338 3393 1433 3431; x_wconf 88' lang='lat' dir='ltr'><strong>eos</strong></span> <span class='ocrx_word' id='word_1_511' title='bbox 1483 3378 1576 3447; x_wconf 92' lang='lat' dir='ltr'><strong>qui</strong></span> <span class='ocrx_word' id='word_1_512' title='bbox 1634 3378 1688 3430; x_wconf 90' lang='lat' dir='ltr'><strong>in</strong></span> <span class='ocrx_word' id='word_1_513' title='bbox 1738 3376 1971 3430; x_wconf 82' lang='lat' dir='ltr'><strong>ﬁliorum</strong></span> <span class='ocrx_word' id='word_1_514' title='bbox 2028 3393 2313 3431; x_wconf 89' lang='lat' dir='ltr'><strong>numerum</strong></span> 
     </span>
    </p>
   </div>
   <div class='ocr_carea' id='block_1_66' title="bbox 740 3466 2313 3535">
    <p class='ocr_par' dir='ltr' id='par_1_66' title="bbox 740 3466 2313 3535">
     <span class='ocr_line' id='line_1_66' title="bbox 740 3466 2313 3535; baseline 0.001 -16"><span class='ocrx_word' id='word_1_515' title='bbox 740 3467 919 3520; x_wconf 88' lang='lat' dir='ltr'><strong>vocati</strong></span> <span class='ocrx_word' id='word_1_516' title='bbox 952 3475 1103 3531; x_wconf 90' lang='lat' dir='ltr'><strong>sunt,</strong></span> <span class='ocrx_word' id='word_1_517' title='bbox 1134 3475 1186 3521; x_wconf 90' lang='lat' dir='ltr'><strong>et</strong></span> <span class='ocrx_word' id='word_1_518' title='bbox 1217 3467 1454 3520; x_wconf 88' lang='lat' dir='ltr'><strong>ascititia</strong></span> <span class='ocrx_word' id='word_1_519' title='bbox 1479 3466 1745 3535; x_wconf 89' lang='lat' dir='ltr'><strong>dignitate</strong></span> <span class='ocrx_word' id='word_1_520' title='bbox 1770 3466 2009 3534; x_wconf 65' lang='lat' dir='ltr'><strong>praediti,</strong></span> <span class='ocrx_word' id='word_1_521' title='bbox 2045 3467 2117 3519; x_wconf 92' lang='lat' dir='ltr'><strong>ita</strong></span> <span class='ocrx_word' id='word_1_522' title='bbox 2148 3466 2313 3521; x_wconf 87' lang='lat' dir='ltr'><strong>Deum</strong></span> 
     </span>
    </p>
   </div>
   <div class='ocr_carea' id='block_1_67' title="bbox 736 3557 2313 3627">
    <p class='ocr_par' dir='ltr' id='par_1_67' title="bbox 736 3557 2313 3627">
     <span class='ocr_line' id='line_1_67' title="bbox 736 3557 2313 3627; baseline -0.001 -14"><span class='ocrx_word' id='word_1_523' title='bbox 736 3559 1065 3627; x_wconf 86' lang='lat' dir='ltr'><strong>compellare</strong></span> <span class='ocrx_word' id='word_1_524' title='bbox 1111 3558 1429 3627; x_wconf 89' lang='lat' dir='ltr'><strong>precando:</strong></span> <span class='ocrx_word' id='word_1_525' title='bbox 1494 3578 1512 3608; x_wconf 85' lang='grc'><strong><em>‹</em></strong></span> <span class='ocrx_word' id='word_1_526' title='bbox 1558 3557 1715 3611; x_wconf 87' lang='lat' dir='ltr'><strong>Pater</strong></span> <span class='ocrx_word' id='word_1_527' title='bbox 1742 3566 1963 3619; x_wconf 88' lang='lat' dir='ltr'><strong>noster,</strong></span> <span class='ocrx_word' id='word_1_528' title='bbox 2012 3558 2105 3627; x_wconf 90' lang='lat' dir='ltr'><strong>qui</strong></span> <span class='ocrx_word' id='word_1_529' title='bbox 2155 3574 2214 3613; x_wconf 88' lang='lat' dir='ltr'><strong>es</strong></span> <span class='ocrx_word' id='word_1_530' title='bbox 2261 3559 2313 3611; x_wconf 90' lang='lat' dir='ltr'><strong>in</strong></span> 
     </span>
    </p>
   </div>
   <div class='ocr_carea' id='block_1_68' title="bbox 738 3649 2316 3706">
    <p class='ocr_par' dir='ltr' id='par_1_68' title="bbox 738 3649 2316 3706">
     <span class='ocr_line' id='line_1_68' title="bbox 738 3649 2316 3706; baseline 0.002 -3"><span class='ocrx_word' id='word_1_531' title='bbox 738 3651 894 3704; x_wconf 75' lang='lat' dir='ltr'><strong>ctelis</strong></span> <span class='ocrx_word' id='word_1_532' title='bbox 924 3652 987 3701; x_wconf 69' lang='grc' dir='ltr'><strong>ε’.</strong></span> <span class='ocrx_word' id='word_1_533' title='bbox 1022 3668 1044 3703; x_wconf 75' lang='grc' dir='ltr'><strong>ι</strong></span> <span class='ocrx_word' id='word_1_534' title='bbox 1084 3649 1237 3705; x_wconf 90' lang='lat' dir='ltr'><strong>Unus</strong></span> <span class='ocrx_word' id='word_1_535' title='bbox 1285 3658 1463 3703; x_wconf 90' lang='lat' dir='ltr'><strong>autem</strong></span> <span class='ocrx_word' id='word_1_536' title='bbox 1502 3665 1565 3703; x_wconf 93' lang='lat' dir='ltr'><strong>ac</strong></span> <span class='ocrx_word' id='word_1_537' title='bbox 1606 3650 1759 3705; x_wconf 89' lang='lat' dir='ltr'><strong>solus</strong></span> <span class='ocrx_word' id='word_1_538' title='bbox 1799 3666 1862 3702; x_wconf 78' lang='lat' dir='ltr'><strong>ex</strong></span> <span class='ocrx_word' id='word_1_539' title='bbox 1900 3665 2008 3704; x_wconf 91' lang='lat' dir='ltr'><strong>uno</strong></span> <span class='ocrx_word' id='word_1_540' title='bbox 2042 3650 2316 3706; x_wconf 76' lang='lat' dir='ltr'><strong>cxsistens</strong></span> 
     </span>
    </p>
   </div>
   <div class='ocr_carea' id='block_1_69' title="bbox 743 3737 2316 3809">
    <p class='ocr_par' dir='ltr' id='par_1_69' title="bbox 743 3737 2316 3809">
     <span class='ocr_line' id='line_1_69' title="bbox 743 3737 2316 3809; baseline 0.001 -17"><span class='ocrx_word' id='word_1_541' title='bbox 743 3737 1107 3807; x_wconf 86' lang='lat' dir='ltr'><strong>Unigcnitus,</strong></span> <span class='ocrx_word' id='word_1_542' title='bbox 1154 3754 1312 3794; x_wconf 84' lang='lat' dir='ltr'><strong>suum</strong></span> <span class='ocrx_word' id='word_1_543' title='bbox 1357 3738 1569 3793; x_wconf 81' lang='lat' dir='ltr'><strong>Patrem</strong></span> <span class='ocrx_word' id='word_1_544' title='bbox 1604 3739 1771 3793; x_wconf 84' lang='lat' dir='ltr'><strong>Deum</strong></span> <span class='ocrx_word' id='word_1_545' title='bbox 1806 3741 1997 3793; x_wconf 90' lang='lat' dir='ltr'><strong>merito</strong></span> <span class='ocrx_word' id='word_1_546' title='bbox 2028 3754 2316 3809; x_wconf 86' lang='lat' dir='ltr'><strong>nuncupa-</strong></span> 
     </span>
    </p>
   </div>
   <div class='ocr_carea' id='block_1_70' title="bbox 738 3829 2317 3900">
    <p class='ocr_par' dir='ltr' id='par_1_70' title="bbox 738 3829 2317 3900">
     <span class='ocr_line' id='line_1_70' title="bbox 738 3829 2317 3900; baseline 0.006 -22"><span class='ocrx_word' id='word_1_547' title='bbox 738 3830 893 3883; x_wconf 82' lang='lat' dir='ltr'><strong>verit.</strong></span> <span class='ocrx_word' id='word_1_548' title='bbox 940 3829 1095 3895; x_wconf 87' lang='lat' dir='ltr'><strong>Quod</strong></span> <span class='ocrx_word' id='word_1_549' title='bbox 1133 3831 1179 3884; x_wconf 90' lang='lat' dir='ltr'><strong>si</strong></span> <span class='ocrx_word' id='word_1_550' title='bbox 1219 3846 1305 3884; x_wconf 89' lang='lat' dir='ltr'><strong>res</strong></span> <span class='ocrx_word' id='word_1_551' title='bbox 1349 3832 1660 3900; x_wconf 84' lang='lat' dir='ltr'><strong>propositas</strong></span> <span class='ocrx_word' id='word_1_552' title='bbox 1701 3832 1918 3886; x_wconf 89' lang='lat' dir='ltr'><strong>acutius</strong></span> <span class='ocrx_word' id='word_1_553' title='bbox 1948 3833 2224 3895; x_wconf 89' lang='lat' dir='ltr'><strong>scrutari,</strong></span> <span class='ocrx_word' id='word_1_554' title='bbox 2263 3840 2317 3887; x_wconf 88' lang='lat' dir='ltr'><strong>et</strong></span> 
     </span>
    </p>
   </div>
   <div class='ocr_carea' id='block_1_71' title="bbox 736 3924 2317 3990">
    <p class='ocr_par' dir='ltr' id='par_1_71' title="bbox 736 3924 2317 3990">
     <span class='ocr_line' id='line_1_71' title="bbox 736 3924 2317 3990; baseline 0.001 -14"><span class='ocrx_word' id='word_1_555' title='bbox 736 3924 1111 3990; x_wconf 75' lang='lat' dir='ltr'><strong>superioribus</strong></span> <span class='ocrx_word' id='word_1_556' title='bbox 1137 3924 1249 3976; x_wconf 64' lang='lat' dir='ltr'><strong>haec</strong></span> <span class='ocrx_word' id='word_1_557' title='bbox 1275 3924 1437 3977; x_wconf 89' lang='lat' dir='ltr'><strong>etiam</strong></span> <span class='ocrx_word' id='word_1_558' title='bbox 1466 3924 1887 3977; x_wconf 87' lang='lat' dir='ltr'><strong>accommodare</strong></span> <span class='ocrx_word' id='word_1_559' title='bbox 1919 3924 2173 3989; x_wconf 88' lang='lat' dir='ltr'><strong>velimus,</strong></span> <span class='ocrx_word' id='word_1_560' title='bbox 2208 3924 2317 3979; x_wconf 87' lang='lat' dir='ltr'><strong>alio</strong></span> 
     </span>
    </p>
   </div>
   <div class='ocr_carea' id='block_1_72' title="bbox 758 4014 1801 4074">
    <p class='ocr_par' dir='ltr' id='par_1_72' title="bbox 758 4014 1801 4074">
     <span class='ocr_line' id='line_1_72' title="bbox 758 4014 1801 4074; baseline 0.001 -7"><span class='ocrx_word' id='word_1_561' title='bbox 758 4014 921 4067; x_wconf 84' lang='lat' dir='ltr'><strong>modo</strong></span> <span class='ocrx_word' id='word_1_562' title='bbox 959 4014 1354 4069; x_wconf 86' lang='lat' dir='ltr'><strong>consideranda</strong></span> <span class='ocrx_word' id='word_1_563' title='bbox 1384 4022 1467 4069; x_wconf 85' lang='lat' dir='ltr'><strong>est</strong></span> <span class='ocrx_word' id='word_1_564' title='bbox 1499 4014 1586 4067; x_wconf 87' lang='lat' dir='ltr'><strong>illa</strong></span> <span class='ocrx_word' id='word_1_565' title='bbox 1620 4016 1801 4074; x_wconf 88' lang='lat' dir='ltr'><strong>lectio,</strong></span> 
     </span>
    </p>
   </div>
   <div class='ocr_carea' id='block_1_73' title="bbox 812 4104 2315 4174">
    <p class='ocr_par' dir='ltr' id='par_1_73' title="bbox 812 4104 2315 4174">
     <span class='ocr_line' id='line_1_73' title="bbox 812 4104 2315 4174; baseline 0.002 -18"><span class='ocrx_word' id='word_1_566' title='bbox 812 4104 878 4158; x_wconf 80' lang='lat' dir='ltr'><strong>Et</strong></span> <span class='ocrx_word' id='word_1_567' title='bbox 914 4106 1112 4158; x_wconf 80' lang='lat' dir='ltr'><strong>invenit</strong></span> <span class='ocrx_word' id='word_1_568' title='bbox 1144 4106 1195 4157; x_wconf 84' lang='lat' dir='ltr'><strong>in</strong></span> <span class='ocrx_word' id='word_1_569' title='bbox 1222 4105 1410 4172; x_wconf 82' lang='lat' dir='ltr'><strong>templo</strong></span> <span class='ocrx_word' id='word_1_570' title='bbox 1444 4104 1714 4159; x_wconf 76' lang='lat' dir='ltr'><strong>vendentes</strong></span> <span class='ocrx_word' id='word_1_571' title='bbox 1747 4105 1924 4171; x_wconf 81' lang='lat' dir='ltr'><strong>boves,</strong></span> <span class='ocrx_word' id='word_1_572' title='bbox 1957 4115 2004 4159; x_wconf 89' lang='lat' dir='ltr'><strong>et</strong></span> <span class='ocrx_word' id='word_1_573' title='bbox 2035 4122 2150 4160; x_wconf 74' lang='lat' dir='ltr'><strong>oves</strong></span> <span class='ocrx_word' id='word_1_574' title='bbox 2170 4146 2186 4174; x_wconf 93' lang='lat'><strong>,</strong></span> <span class='ocrx_word' id='word_1_575' title='bbox 2209 4114 2315 4161; x_wconf 88' lang='lat' dir='ltr'><strong>etc.</strong></span> 
     </span>
    </p>
   </div>
   <div class='ocr_carea' id='block_1_74' title="bbox 812 4298 2314 4369">
    <p class='ocr_par' dir='ltr' id='par_1_74' title="bbox 812 4298 2314 4369">
     <span class='ocr_line' id='line_1_74' title="bbox 812 4298 2314 4369; baseline 0.003 -18"><span class='ocrx_word' id='word_1_576' title='bbox 812 4299 947 4355; x_wconf 76' lang='lat' dir='ltr'><strong>Vide</strong></span> <span class='ocrx_word' id='word_1_577' title='bbox 992 4314 1122 4369; x_wconf 81' lang='lat' dir='ltr'><strong>ergo</strong></span> <span class='ocrx_word' id='word_1_578' title='bbox 1162 4314 1361 4355; x_wconf 86' lang='lat' dir='ltr'><strong>rursus</strong></span> <span class='ocrx_word' id='word_1_579' title='bbox 1409 4307 1575 4354; x_wconf 89' lang='lat' dir='ltr'><strong>totam</strong></span> <span class='ocrx_word' id='word_1_580' title='bbox 1625 4298 2057 4369; x_wconf 88' lang='lat' dir='ltr'><strong>dispensationis</strong></span> <span class='ocrx_word' id='word_1_581' title='bbox 2109 4307 2314 4355; x_wconf 82' lang='lat' dir='ltr'><strong>nostrae</strong></span> 
     </span>
    </p>
   </div>
   <div class='ocr_carea' id='block_1_75' title="bbox 744 4388 2319 4445">
    <p class='ocr_par' dir='ltr' id='par_1_75' title="bbox 744 4388 2319 4445">
     <span class='ocr_line' id='line_1_75' title="bbox 744 4388 2319 4445; baseline -0.001 -1"><span class='ocrx_word' id='word_1_582' title='bbox 744 4391 971 4444; x_wconf 69' lang='lat' dir='ltr'><strong>formam</strong></span> <span class='ocrx_word' id='word_1_583' title='bbox 1022 4391 1236 4444; x_wconf 87' lang='lat' dir='ltr'><strong>duabus</strong></span> <span class='ocrx_word' id='word_1_584' title='bbox 1284 4390 1450 4445; x_wconf 90' lang='lat' dir='ltr'><strong>rebus</strong></span> <span class='ocrx_word' id='word_1_585' title='bbox 1496 4390 1735 4445; x_wconf 82' lang='lat' dir='ltr'><strong>contexi.</strong></span> <span class='ocrx_word' id='word_1_586' title='bbox 1784 4388 1917 4442; x_wconf 88' lang='lat' dir='ltr'><strong>Nam</strong></span> <span class='ocrx_word' id='word_1_587' title='bbox 1963 4404 2089 4443; x_wconf 90' lang='lat' dir='ltr'><strong>cum</strong></span> <span class='ocrx_word' id='word_1_588' title='bbox 2139 4388 2319 4443; x_wconf 85' lang='lat' dir='ltr'><strong>Cana-</strong></span> 
     </span>
    </p>
   </div>
   <div class='ocr_carea' id='block_1_76' title="bbox 742 4479 2315 4550">
    <p class='ocr_par' dir='ltr' id='par_1_76' title="bbox 742 4479 2315 4550">
     <span class='ocr_line' id='line_1_76' title="bbox 742 4479 2315 4550; baseline 0.002 -18"><span class='ocrx_word' id='word_1_589' title='bbox 742 4482 873 4535; x_wconf 68' lang='lat' dir='ltr'><strong>nmis</strong></span> <span class='ocrx_word' id='word_1_590' title='bbox 897 4479 1130 4535; x_wconf 71' lang='lat' dir='ltr'><strong>Galilazre</strong></span> <span class='ocrx_word' id='word_1_591' title='bbox 1163 4481 1360 4535; x_wconf 91' lang='lat' dir='ltr'><strong>incolis</strong></span> <span class='ocrx_word' id='word_1_592' title='bbox 1384 4482 1635 4550; x_wconf 89' lang='lat' dir='ltr'><strong>epulatur</strong></span> <span class='ocrx_word' id='word_1_593' title='bbox 1650 4481 1905 4535; x_wconf 83' lang='lat' dir='ltr'><strong>Christus</strong></span> <span class='ocrx_word' id='word_1_594' title='bbox 1942 4487 2107 4549; x_wconf 89' lang='lat' dir='ltr'><strong>atque</strong></span> <span class='ocrx_word' id='word_1_595' title='bbox 2138 4481 2315 4535; x_wconf 85' lang='lat' dir='ltr'><strong>diver-</strong></span> 
     </span>
    </p>
   </div>
   <div class='ocr_carea' id='block_1_77' title="bbox 2418 3280 3996 3358">
    <p class='ocr_par' dir='ltr' id='par_1_77' title="bbox 2418 3280 3996 3358">
     <span class='ocr_line' id='line_1_77' title="bbox 2418 3280 3996 3358; baseline 0.006 -27"><span class='ocrx_word' id='word_1_596' title='bbox 2418 3280 2651 3349; x_wconf 86' lang='grc' dir='ltr'>τίθησιν.</span> <span class='ocrx_word' id='word_1_597' title='bbox 2689 3282 2817 3333; x_wconf 76' lang='grc' dir='ltr'>ἴδιον</span> <span class='ocrx_word' id='word_1_598' title='bbox 2848 3282 3065 3350; x_wconf 81' lang='grc' dir='ltr'>Πατέρα</span> <span class='ocrx_word' id='word_1_599' title='bbox 3090 3282 3270 3336; x_wconf 82' lang='grc' dir='ltr'>καλῶν</span> <span class='ocrx_word' id='word_1_600' title='bbox 3298 3284 3387 3337; x_wconf 76' lang='grc' dir='ltr'>τὸν</span> <span class='ocrx_word' id='word_1_601' title='bbox 3418 3285 3569 3339; x_wconf 79' lang='grc' dir='ltr'>Θεόν.</span> <span class='ocrx_word' id='word_1_602' title='bbox 3606 3288 3862 3357; x_wconf 78' lang='grc' dir='ltr'>’Ᾱρμόσει</span> <span class='ocrx_word' id='word_1_603' title='bbox 3895 3291 3996 3358; x_wconf 79' lang='grc' dir='ltr'><strong>μὲν</strong></span> 
     </span>
    </p>
   </div>
   <div class='ocr_carea' id='block_1_78' title="bbox 2420 3369 3994 3447">
    <p class='ocr_par' dir='ltr' id='par_1_78' title="bbox 2420 3369 3994 3447">
     <span class='ocr_line' id='line_1_78' title="bbox 2420 3369 3994 3447; baseline 0.006 -26"><span class='ocrx_word' id='word_1_604' title='bbox 2420 3369 2527 3439; x_wconf 78' lang='grc' dir='ltr'>γὰρ</span> <span class='ocrx_word' id='word_1_605' title='bbox 2546 3372 2656 3431; x_wconf 86' lang='grc' dir='ltr'>τοῖς</span> <span class='ocrx_word' id='word_1_606' title='bbox 2683 3372 2761 3433; x_wconf 73' lang='grc' dir='ltr'>εἰς</span> <span class='ocrx_word' id='word_1_607' title='bbox 2790 3372 3009 3441; x_wconf 79' lang='grc' dir='ltr'>υἱότητα</span> <span class='ocrx_word' id='word_1_608' title='bbox 3037 3373 3412 3442; x_wconf 81' lang='grc' dir='ltr'>κεκλημένοις,</span> <span class='ocrx_word' id='word_1_609' title='bbox 3433 3378 3525 3427; x_wconf 72' lang='grc' dir='ltr'><strong>καὶ</strong></span> <span class='ocrx_word' id='word_1_610' title='bbox 3550 3378 3784 3429; x_wconf 64' lang='grc' dir='ltr'>ἑπακτὶν</span> <span class='ocrx_word' id='word_1_611' title='bbox 3813 3378 3994 3447; x_wconf 76' lang='grc' dir='ltr'>ἔχουσι</span> 
     </span>
    </p>
   </div>
   <div class='ocr_carea' id='block_1_79' title="bbox 2418 3461 3997 3538">
    <p class='ocr_par' dir='ltr' id='par_1_79' title="bbox 2418 3461 3997 3538">
     <span class='ocr_line' id='line_1_79' title="bbox 2418 3461 3997 3538; baseline 0.006 -25"><span class='ocrx_word' id='word_1_612' title='bbox 2418 3462 2477 3513; x_wconf 75' lang='grc' dir='ltr'>τὸ</span> <span class='ocrx_word' id='word_1_613' title='bbox 2501 3461 2723 3531; x_wconf 79' lang='grc' dir='ltr'>ἀξίωμα</span> <span class='ocrx_word' id='word_1_614' title='bbox 2746 3464 3201 3533; x_wconf 79' lang='grc' dir='ltr'>προσευχομένοις</span> <span class='ocrx_word' id='word_1_615' title='bbox 3230 3465 3488 3535; x_wconf 78' lang='grc' dir='ltr'>ἁναϐοᾷν·</span> <span class='ocrx_word' id='word_1_616' title='bbox 3526 3485 3543 3515; x_wconf 75' lang='grc' dir='ltr'><strong>ι</strong></span> <span class='ocrx_word' id='word_1_617' title='bbox 3572 3467 3752 3536; x_wconf 76' lang='grc' dir='ltr'>Πάτερ</span> <span class='ocrx_word' id='word_1_618' title='bbox 3784 3470 3937 3538; x_wconf 77' lang='grc' dir='ltr'>ἡμῶν</span> <span class='ocrx_word' id='word_1_619' title='bbox 3967 3472 3997 3522; x_wconf 83' lang='grc' dir='ltr'>ὁ</span> 
     </span>
    </p>
   </div>
   <div class='ocr_carea' id='block_1_80' title="bbox 2420 3550 3995 3631">
    <p class='ocr_par' dir='ltr' id='par_1_80' title="bbox 2420 3550 3995 3631">
     <span class='ocr_line' id='line_1_80' title="bbox 2420 3550 3995 3631; baseline 0.005 -26"><span class='ocrx_word' id='word_1_620' title='bbox 2420 3555 2476 3605; x_wconf 79' lang='grc' dir='ltr'>ἐν</span> <span class='ocrx_word' id='word_1_621' title='bbox 2508 3555 2620 3616; x_wconf 84' lang='grc' dir='ltr'>τοῖς</span> <span class='ocrx_word' id='word_1_622' title='bbox 2649 3555 2926 3624; x_wconf 75' lang='grc' dir='ltr'>οὐρανοῖςο</span> <span class='ocrx_word' id='word_1_623' title='bbox 2960 3574 2978 3606; x_wconf 74' lang='grc' dir='ltr'><strong>ι</strong></span> <span class='ocrx_word' id='word_1_624' title='bbox 3011 3550 3091 3618; x_wconf 86' lang='grc' dir='ltr'>εἷς</span> <span class='ocrx_word' id='word_1_625' title='bbox 3114 3555 3169 3607; x_wconf 75' lang='grc' dir='ltr'>δὲ</span> <span class='ocrx_word' id='word_1_626' title='bbox 3201 3557 3294 3609; x_wconf 76' lang='grc' dir='ltr'><strong>καὶ</strong></span> <span class='ocrx_word' id='word_1_627' title='bbox 3319 3558 3477 3626; x_wconf 89' lang='grc' dir='ltr'>μόνον</span> <span class='ocrx_word' id='word_1_628' title='bbox 3502 3558 3561 3622; x_wconf 79' lang='grc' dir='ltr'>ἐξ</span> <span class='ocrx_word' id='word_1_629' title='bbox 3593 3560 3709 3621; x_wconf 78' lang='grc' dir='ltr'>ἐνὸς</span> <span class='ocrx_word' id='word_1_630' title='bbox 3735 3562 3995 3631; x_wconf 76' lang='grc' dir='ltr'>ὑπάρχων</span> 
     </span>
    </p>
   </div>
   <div class='ocr_carea' id='block_1_81' title="bbox 2418 3646 3995 3719">
    <p class='ocr_par' dir='ltr' id='par_1_81' title="bbox 2418 3646 3995 3719">
     <span class='ocr_line' id='line_1_81' title="bbox 2418 3646 3995 3719; baseline 0.003 -20"><span class='ocrx_word' id='word_1_631' title='bbox 2418 3646 2446 3699; x_wconf 89' lang='grc' dir='ltr'>ὁ</span> <span class='ocrx_word' id='word_1_632' title='bbox 2467 3646 2783 3717; x_wconf 74' lang='grc' dir='ltr'>Μονογενὴς</span> <span class='ocrx_word' id='word_1_633' title='bbox 2804 3687 2818 3710; x_wconf 92' lang='grc'><strong>,</strong></span> <span class='ocrx_word' id='word_1_634' title='bbox 2865 3647 2994 3700; x_wconf 76' lang='grc' dir='ltr'>[διον</span> <span class='ocrx_word' id='word_1_635' title='bbox 3034 3648 3254 3710; x_wconf 88' lang='grc' dir='ltr'>εἰκότως</span> <span class='ocrx_word' id='word_1_636' title='bbox 3301 3648 3629 3703; x_wconf 86' lang='grc' dir='ltr'>ἀποκαλέσει</span> <span class='ocrx_word' id='word_1_637' title='bbox 3659 3653 3874 3719; x_wconf 78' lang='grc' dir='ltr'>Πατέρα</span> <span class='ocrx_word' id='word_1_638' title='bbox 3903 3654 3995 3706; x_wconf 56' lang='grc' dir='ltr'><strong>τόν</strong></span> 
     </span>
    </p>
   </div>
   <div class='ocr_carea' id='block_1_82' title="bbox 2418 3737 3991 3812">
    <p class='ocr_par' dir='ltr' id='par_1_82' title="bbox 2418 3737 3991 3812">
     <span class='ocr_line' id='line_1_82' title="bbox 2418 3737 3991 3812; baseline 0.004 -22"><span class='ocrx_word' id='word_1_639' title='bbox 2418 3737 2569 3791; x_wconf 87' lang='grc' dir='ltr'>Θεόν.</span> <span class='ocrx_word' id='word_1_640' title='bbox 2624 3738 2687 3791; x_wconf 83' lang='grc' dir='ltr'><strong>Εἰ</strong></span> <span class='ocrx_word' id='word_1_641' title='bbox 2728 3739 2784 3792; x_wconf 83' lang='grc' dir='ltr'><strong>δὲ</strong></span> <span class='ocrx_word' id='word_1_642' title='bbox 2828 3740 2906 3792; x_wconf 81' lang='grc' dir='ltr'>δεῖ</span> <span class='ocrx_word' id='word_1_643' title='bbox 2952 3742 3066 3802; x_wconf 86' lang='grc' dir='ltr'>τοῖς</span> <span class='ocrx_word' id='word_1_644' title='bbox 3116 3742 3493 3810; x_wconf 77' lang='grc' dir='ltr'>προκειμένοις</span> <span class='ocrx_word' id='word_1_645' title='bbox 3542 3743 3991 3812; x_wconf 72' lang='grc' dir='ltr'>προσϐάλλοντας,</span> 
     </span>
    </p>
   </div>
   <div class='ocr_carea' id='block_1_83' title="bbox 2419 3830 3993 3905">
    <p class='ocr_par' dir='ltr' id='par_1_83' title="bbox 2419 3830 3993 3905">
     <span class='ocr_line' id='line_1_83' title="bbox 2419 3830 3993 3905; baseline 0.004 -24"><span class='ocrx_word' id='word_1_646' title='bbox 2419 3830 2779 3899; x_wconf 81' lang='grc' dir='ltr'>λογικώτερον</span> <span class='ocrx_word' id='word_1_647' title='bbox 2828 3832 3133 3902; x_wconf 65' lang='grc' dir='ltr'>ὲψαρμόσαι</span> <span class='ocrx_word' id='word_1_648' title='bbox 3179 3834 3291 3893; x_wconf 83' lang='grc' dir='ltr'>τοῖς</span> <span class='ocrx_word' id='word_1_649' title='bbox 3347 3832 3604 3905; x_wconf 80' lang='grc' dir='ltr'>ἀνωτέρω</span> <span class='ocrx_word' id='word_1_650' title='bbox 3656 3848 3750 3887; x_wconf 79' lang='grc' dir='ltr'><strong>και</strong></span> <span class='ocrx_word' id='word_1_651' title='bbox 3798 3836 3993 3901; x_wconf 71' lang='grc' dir='ltr'>ταῦτα,</span> 
     </span>
    </p>
   </div>
   <div class='ocr_carea' id='block_1_84' title="bbox 2421 3922 3422 3994">
    <p class='ocr_par' dir='ltr' id='par_1_84' title="bbox 2421 3922 3422 3994">
     <span class='ocr_line' id='line_1_84' title="bbox 2421 3922 3422 3994; baseline 0.001 -19"><span class='ocrx_word' id='word_1_652' title='bbox 2421 3922 2721 3993; x_wconf 78' lang='grc' dir='ltr'>θεωρητέον</span> <span class='ocrx_word' id='word_1_653' title='bbox 2750 3925 2951 3994; x_wconf 78' lang='grc' dir='ltr'>ἑτέρως</span> <span class='ocrx_word' id='word_1_654' title='bbox 2980 3924 3040 3976; x_wconf 85' lang='grc' dir='ltr'><strong>τὸ</strong></span> <span class='ocrx_word' id='word_1_655' title='bbox 3070 3925 3422 3994; x_wconf 72' lang='grc' dir='ltr'>ἀνάγνωσμα,</span> 
     </span>
    </p>
   </div>
   <div class='ocr_carea' id='block_1_85' title="bbox 2493 4096 3995 4170">
    <p class='ocr_par' dir='ltr' id='par_1_85' title="bbox 2493 4096 3995 4170">
     <span class='ocr_line' id='line_1_85' title="bbox 2493 4096 3995 4170; baseline 0.003 -18"><span class='ocrx_word' id='word_1_656' title='bbox 2493 4100 2597 4153; x_wconf 77' lang='grc' dir='ltr'><strong>Καὶ</strong></span> <span class='ocrx_word' id='word_1_657' title='bbox 2625 4096 2800 4167; x_wconf 71' lang='grc' dir='ltr'>εὗρεν</span> <span class='ocrx_word' id='word_1_658' title='bbox 2837 4101 2906 4152; x_wconf 81' lang='grc' dir='ltr'><strong>ἑν</strong></span> <span class='ocrx_word' id='word_1_659' title='bbox 2935 4098 3014 4164; x_wconf 79' lang='grc' dir='ltr'>τῷ</span> <span class='ocrx_word' id='word_1_660' title='bbox 3037 4098 3168 4165; x_wconf 65' lang='grc' dir='ltr'>ἱερῷ</span> <span class='ocrx_word' id='word_1_661' title='bbox 3193 4101 3332 4165; x_wconf 68' lang='grc' dir='ltr'>τοὺς</span> <span class='ocrx_word' id='word_1_662' title='bbox 3363 4101 3716 4167; x_wconf 67' lang='grc' dir='ltr'>πωλοῦντας</span> <span class='ocrx_word' id='word_1_663' title='bbox 3748 4103 3820 4155; x_wconf 82' lang='grc' dir='ltr'>τὰ</span> <span class='ocrx_word' id='word_1_664' title='bbox 3850 4106 3995 4170; x_wconf 35' lang='grc' dir='ltr'><strong>,τ’τό-</strong></span> 
     </span>
    </p>
   </div>
   <div class='ocr_carea' id='block_1_86' title="bbox 2422 4188 3481 4258">
    <p class='ocr_par' dir='ltr' id='par_1_86' title="bbox 2422 4188 3481 4258">
     <span class='ocr_line' id='line_1_86' title="bbox 2422 4188 3481 4258; baseline -0.003 -15"><span class='ocrx_word' id='word_1_665' title='bbox 2422 4190 2567 4243; x_wconf 82' lang='grc' dir='ltr'>6ατα</span> <span class='ocrx_word' id='word_1_666' title='bbox 2591 4190 2690 4243; x_wconf 81' lang='grc' dir='ltr'>καὶ</span> <span class='ocrx_word' id='word_1_667' title='bbox 2724 4189 2864 4253; x_wconf 85' lang='grc' dir='ltr'>τοὺς</span> <span class='ocrx_word' id='word_1_668' title='bbox 2892 4189 3067 4253; x_wconf 79' lang='grc' dir='ltr'>βόας,</span> <span class='ocrx_word' id='word_1_669' title='bbox 3103 4190 3197 4241; x_wconf 77' lang='grc' dir='ltr'>καὶ</span> <span class='ocrx_word' id='word_1_670' title='bbox 3233 4188 3300 4241; x_wconf 83' lang='grc' dir='ltr'>τὰ</span> <span class='ocrx_word' id='word_1_671' title='bbox 3335 4188 3481 4258; x_wconf 79' lang='grc' dir='ltr'>ἑξῆς.</span> 
     </span>
    </p>
   </div>
   <div class='ocr_carea' id='block_1_87' title="bbox 2490 4279 4000 4351">
    <p class='ocr_par' dir='ltr' id='par_1_87' title="bbox 2490 4279 4000 4351">
     <span class='ocr_line' id='line_1_87' title="bbox 2490 4279 4000 4351; baseline 0.002 -17"><span class='ocrx_word' id='word_1_672' title='bbox 2490 4281 2597 4334; x_wconf 83' lang='grc' dir='ltr'>Θέα</span> <span class='ocrx_word' id='word_1_673' title='bbox 2638 4281 2703 4351; x_wconf 83' lang='grc' dir='ltr'><strong>δὴ</strong></span> <span class='ocrx_word' id='word_1_674' title='bbox 2755 4281 2915 4334; x_wconf 81' lang='grc' dir='ltr'>πάλιν</span> <span class='ocrx_word' id='word_1_675' title='bbox 2944 4280 3064 4334; x_wconf 85' lang='grc' dir='ltr'>ὅλον</span> <span class='ocrx_word' id='word_1_676' title='bbox 3104 4281 3206 4347; x_wconf 76' lang='grc' dir='ltr'>τῆς</span> <span class='ocrx_word' id='word_1_677' title='bbox 3240 4279 3361 4335; x_wconf 78' lang='grc' dir='ltr'>καθ’</span> <span class='ocrx_word' id='word_1_678' title='bbox 3410 4281 3558 4351; x_wconf 73' lang='grc' dir='ltr'>ἡμᾶς</span> <span class='ocrx_word' id='word_1_679' title='bbox 3597 4282 3904 4351; x_wconf 81' lang='grc' dir='ltr'>οἰκονομίας</span> <span class='ocrx_word' id='word_1_680' title='bbox 3936 4288 4000 4337; x_wconf 74' lang='grc' dir='ltr'><strong>’.ο</strong></span> 
     </span>
    </p>
   </div>
   <div class='ocr_carea' id='block_1_88' title="bbox 2423 4372 3998 4446">
    <p class='ocr_par' dir='ltr' id='par_1_88' title="bbox 2423 4372 3998 4446">
     <span class='ocr_line' id='line_1_88' title="bbox 2423 4372 3998 4446; baseline 0 -20"><span class='ocrx_word' id='word_1_681' title='bbox 2423 4374 2606 4444; x_wconf 81' lang='grc' dir='ltr'>σχῆμα</span> <span class='ocrx_word' id='word_1_682' title='bbox 2626 4374 2713 4427; x_wconf 72' lang='grc' dir='ltr'><strong>διὰ</strong></span> <span class='ocrx_word' id='word_1_683' title='bbox 2734 4375 2825 4427; x_wconf 83' lang='grc' dir='ltr'><strong>δύο</strong></span> <span class='ocrx_word' id='word_1_684' title='bbox 2849 4374 3188 4446; x_wconf 75' lang='grc' dir='ltr'>πραγμάτων</span> <span class='ocrx_word' id='word_1_685' title='bbox 3214 4373 3647 4441; x_wconf 77' lang='grc' dir='ltr'>ὲξυφαινόμενον.</span> <span class='ocrx_word' id='word_1_686' title='bbox 3669 4372 3998 4427; x_wconf 82' lang='grc' dir='ltr'>Καναναίων</span> 
     </span>
    </p>
   </div>
   <div class='ocr_carea' id='block_1_89' title="bbox 2424 4459 3996 4535">
    <p class='ocr_par' dir='ltr' id='par_1_89' title="bbox 2424 4459 3996 4535">
     <span class='ocr_line' id='line_1_89' title="bbox 2424 4459 3996 4535; baseline -0.003 -18"><span class='ocrx_word' id='word_1_687' title='bbox 2424 4465 2521 4534; x_wconf 79' lang='grc' dir='ltr'>μὲν</span> <span class='ocrx_word' id='word_1_688' title='bbox 2538 4464 2642 4535; x_wconf 80' lang='grc' dir='ltr'>γὰρ</span> <span class='ocrx_word' id='word_1_689' title='bbox 2658 4468 2765 4527; x_wconf 86' lang='grc' dir='ltr'>τοῖς</span> <span class='ocrx_word' id='word_1_690' title='bbox 2780 4465 2919 4519; x_wconf 68' lang='grc' dir='ltr'>κατὰ</span> <span class='ocrx_word' id='word_1_691' title='bbox 2935 4464 3029 4534; x_wconf 78' lang='grc' dir='ltr'>τὴν</span> <span class='ocrx_word' id='word_1_692' title='bbox 3040 4462 3342 4527; x_wconf 80' lang='grc' dir='ltr'>Γαλιλαίαν,</span> <span class='ocrx_word' id='word_1_693' title='bbox 3362 4478 3433 4531; x_wconf 79' lang='grc' dir='ltr'>φη</span> <span class='ocrx_word' id='word_1_694' title='bbox 3444 4459 3523 4529; x_wconf 73' lang='grc' dir='ltr'>μὶ,</span> <span class='ocrx_word' id='word_1_695' title='bbox 3544 4460 3637 4513; x_wconf 81' lang='grc' dir='ltr'>καὶ</span> <span class='ocrx_word' id='word_1_696' title='bbox 3654 4477 3774 4512; x_wconf 79' lang='grc' dir='ltr'>συνε</span> <span class='ocrx_word' id='word_1_697' title='bbox 3785 4462 3996 4512; x_wconf 77' lang='grc' dir='ltr'>στιᾶται</span> 
     </span>
    </p>
   </div>
   <div class='ocr_carea' id='block_1_90' title="bbox 741 4551 2308 4645">
    <p class='ocr_par' dir='ltr' id='par_1_90' title="bbox 741 4574 2308 4644">
     <span class='ocr_line' id='line_1_90' title="bbox 741 4574 2308 4644; baseline 0 -15"><span class='ocrx_word' id='word_1_698' title='bbox 741 4584 924 4636; x_wconf 90' lang='lat' dir='ltr'><strong>satur,</strong></span> <span class='ocrx_word' id='word_1_699' title='bbox 958 4581 1010 4628; x_wconf 93' lang='lat' dir='ltr'><strong>et</strong></span> <span class='ocrx_word' id='word_1_700' title='bbox 1042 4588 1241 4628; x_wconf 71' lang='lat' dir='ltr'><strong>mensae</strong></span> <span class='ocrx_word' id='word_1_701' title='bbox 1264 4581 1551 4627; x_wconf 84' lang='lat' dir='ltr'><strong>consortes</strong></span> <span class='ocrx_word' id='word_1_702' title='bbox 1588 4574 1718 4627; x_wconf 82' lang='lat' dir='ltr'><strong>facit</strong></span> <span class='ocrx_word' id='word_1_703' title='bbox 1748 4587 1844 4627; x_wconf 88' lang='lat' dir='ltr'><strong>eos</strong></span> <span class='ocrx_word' id='word_1_704' title='bbox 1880 4589 1909 4627; x_wconf 89' lang='lat' dir='ltr'><strong>a</strong></span> <span class='ocrx_word' id='word_1_705' title='bbox 1943 4574 2146 4644; x_wconf 88' lang='lat' dir='ltr'><strong>quibus</strong></span> <span class='ocrx_word' id='word_1_706' title='bbox 2172 4576 2308 4630; x_wconf 88' lang='lat' dir='ltr'><strong>iuvi-</strong></span> 
     </span>
    </p>
   </div>
   <div class='ocr_carea' id='block_1_91' title="bbox 2409 4551 3997 4645">
    <p class='ocr_par' dir='ltr' id='par_1_91' title="bbox 2418 4551 3997 4624">
     <span class='ocr_line' id='line_1_91' title="bbox 2418 4551 3997 4624; baseline -0.003 -17"><span class='ocrx_word' id='word_1_707' title='bbox 2418 4555 2513 4607; x_wconf 77' lang='grc' dir='ltr'><strong>καὶ</strong></span> <span class='ocrx_word' id='word_1_708' title='bbox 2540 4554 3188 4624; x_wconf 75' lang='grc' dir='ltr'>συναυλίζεταιΧριστὺς,</span> <span class='ocrx_word' id='word_1_709' title='bbox 3216 4553 3310 4604; x_wconf 68' lang='grc' dir='ltr'>καὶ</span> <span class='ocrx_word' id='word_1_710' title='bbox 3329 4551 3734 4621; x_wconf 74' lang='grc' dir='ltr'>ὁμοτραπέζους</span> <span class='ocrx_word' id='word_1_711' title='bbox 3760 4552 3997 4603; x_wconf 77' lang='grc' dir='ltr'>ἐποιεῖτο</span> 
     </span>
    </p>
   </div>
   <div class='ocr_carea' id='block_1_92' title="bbox 742 4664 2317 4733">
    <p class='ocr_par' dir='ltr' id='par_1_92' title="bbox 742 4664 2317 4733">
     <span class='ocr_line' id='line_1_92' title="bbox 742 4664 2317 4733; baseline 0.003 -16"><span class='ocrx_word' id='word_1_712' title='bbox 742 4673 889 4717; x_wconf 91' lang='lat' dir='ltr'><strong>tatus</strong></span> <span class='ocrx_word' id='word_1_713' title='bbox 920 4674 1039 4719; x_wconf 88' lang='lat' dir='ltr'><strong>erat</strong></span> <span class='ocrx_word' id='word_1_714' title='bbox 1064 4674 1120 4719; x_wconf 92' lang='lat' dir='ltr'><strong>et</strong></span> <span class='ocrx_word' id='word_1_715' title='bbox 1145 4666 1538 4718; x_wconf 91' lang='lat' dir='ltr'><strong>cohonestatus</strong></span> <span class='ocrx_word' id='word_1_716' title='bbox 1568 4706 1582 4730; x_wconf 93' lang='lat'><strong>,</strong></span> <span class='ocrx_word' id='word_1_717' title='bbox 1626 4664 1914 4719; x_wconf 89' lang='lat' dir='ltr'><strong>miraculis</strong></span> <span class='ocrx_word' id='word_1_718' title='bbox 1943 4665 2169 4733; x_wconf 87' lang='lat' dir='ltr'><strong>prodest</strong></span> <span class='ocrx_word' id='word_1_719' title='bbox 2198 4706 2213 4729; x_wconf 94' lang='lat'><strong>,</strong></span> <span class='ocrx_word' id='word_1_720' title='bbox 2264 4677 2317 4721; x_wconf 90' lang='lat' dir='ltr'><strong>et</strong></span> 
     </span>
    </p>
   </div>
   <div class='ocr_carea' id='block_1_93' title="bbox 743 4754 2316 4827">
    <p class='ocr_par' dir='ltr' id='par_1_93' title="bbox 743 4754 2316 4827">
     <span class='ocr_line' id='line_1_93' title="bbox 743 4754 2316 4827; baseline 0 -18"><span class='ocrx_word' id='word_1_721' title='bbox 743 4756 888 4825; x_wconf 90' lang='lat' dir='ltr'><strong>quod</strong></span> <span class='ocrx_word' id='word_1_722' title='bbox 922 4757 986 4809; x_wconf 89' lang='lat' dir='ltr'><strong>ad</strong></span> <span class='ocrx_word' id='word_1_723' title='bbox 1020 4757 1309 4810; x_wconf 91' lang='lat' dir='ltr'><strong>honestum</strong></span> <span class='ocrx_word' id='word_1_724' title='bbox 1346 4754 1605 4825; x_wconf 81' lang='lat' dir='ltr'><strong>gaudium</strong></span> <span class='ocrx_word' id='word_1_725' title='bbox 1656 4756 1790 4823; x_wconf 91' lang='lat' dir='ltr'><strong>ipsis</strong></span> <span class='ocrx_word' id='word_1_726' title='bbox 1830 4754 2058 4821; x_wconf 86' lang='lat' dir='ltr'><strong>deerat,</strong></span> <span class='ocrx_word' id='word_1_727' title='bbox 2096 4759 2316 4827; x_wconf 80' lang='lat' dir='ltr'><strong>explet,</strong></span> 
     </span>
    </p>
   </div>
   <div class='ocr_carea' id='block_1_94' title="bbox 742 4845 2319 4917">
    <p class='ocr_par' dir='ltr' id='par_1_94' title="bbox 742 4845 2319 4917">
     <span class='ocr_line' id='line_1_94' title="bbox 742 4845 2319 4917; baseline 0 -15"><span class='ocrx_word' id='word_1_728' title='bbox 742 4859 795 4902; x_wconf 87' lang='lat' dir='ltr'><strong>et</strong></span> <span class='ocrx_word' id='word_1_729' title='bbox 826 4862 987 4902; x_wconf 89' lang='lat' dir='ltr'><strong>omne</strong></span> <span class='ocrx_word' id='word_1_730' title='bbox 1026 4847 1297 4901; x_wconf 89' lang='lat' dir='ltr'><strong>bonorum</strong></span> <span class='ocrx_word' id='word_1_731' title='bbox 1336 4862 1508 4917; x_wconf 88' lang='lat' dir='ltr'><strong>genus</strong></span> <span class='ocrx_word' id='word_1_732' title='bbox 1543 4845 1746 4900; x_wconf 81' lang='lat' dir='ltr'><strong>aﬂ&#39;atim</strong></span> <span class='ocrx_word' id='word_1_733' title='bbox 1780 4847 2034 4917; x_wconf 79' lang='lat' dir='ltr'><strong>largitur,</strong></span> <span class='ocrx_word' id='word_1_734' title='bbox 2065 4849 2171 4903; x_wconf 92' lang='lat' dir='ltr'><strong>hoc</strong></span> <span class='ocrx_word' id='word_1_735' title='bbox 2206 4851 2319 4905; x_wconf 66' lang='lat' dir='ltr'><strong>vel~</strong></span> 
     </span>
    </p>
   </div>
   <div class='ocr_carea' id='block_1_95' title="bbox 746 4937 2315 5009">
    <p class='ocr_par' dir='ltr' id='par_1_95' title="bbox 746 4937 2315 5009">
     <span class='ocr_line' id='line_1_95' title="bbox 746 4937 2315 5009; baseline 0.001 -18"><span class='ocrx_word' id='word_1_736' title='bbox 746 4942 819 4991; x_wconf 88' lang='lat' dir='ltr'><strong>uti</strong></span> <span class='ocrx_word' id='word_1_737' title='bbox 852 4947 979 5008; x_wconf 81' lang='lat' dir='ltr'><strong>typo</strong></span> <span class='ocrx_word' id='word_1_738' title='bbox 1011 4939 1285 5003; x_wconf 83' lang='lat' dir='ltr'><strong>edocens,</strong></span> <span class='ocrx_word' id='word_1_739' title='bbox 1340 4953 1399 4992; x_wconf 91' lang='lat' dir='ltr'><strong>se</strong></span> <span class='ocrx_word' id='word_1_740' title='bbox 1426 4937 1661 4991; x_wconf 65' lang='lat' dir='ltr'><strong>Galilazae</strong></span> <span class='ocrx_word' id='word_1_741' title='bbox 1693 4937 1903 4993; x_wconf 91' lang='lat' dir='ltr'><strong>incolas</strong></span> <span class='ocrx_word' id='word_1_742' title='bbox 1944 4937 2101 5009; x_wconf 73' lang='grc' dir='ltr'>ιω</span> <span class='ocrx_word' id='word_1_743' title='bbox 2150 4940 2315 4993; x_wconf 91' lang='lat' dir='ltr'><strong>etiam</strong></span> 
     </span>
    </p>
   </div>
   <div class='ocr_carea' id='block_1_96' title="bbox 744 5030 2313 5099">
    <p class='ocr_par' dir='ltr' id='par_1_96' title="bbox 744 5030 2313 5099">
     <span class='ocr_line' id='line_1_96' title="bbox 744 5030 2313 5099; baseline 0 -16"><span class='ocrx_word' id='word_1_744' title='bbox 744 5041 1127 5099; x_wconf 86' lang='lat' dir='ltr'><strong>suscepturum</strong></span> <span class='ocrx_word' id='word_1_745' title='bbox 1149 5071 1162 5095; x_wconf 91' lang='lat'><strong>,</strong></span> <span class='ocrx_word' id='word_1_746' title='bbox 1199 5030 1302 5083; x_wconf 91' lang='lat' dir='ltr'><strong>hoc</strong></span> <span class='ocrx_word' id='word_1_747' title='bbox 1333 5036 1417 5083; x_wconf 88' lang='lat' dir='ltr'><strong>est</strong></span> <span class='ocrx_word' id='word_1_748' title='bbox 1450 5038 1671 5099; x_wconf 86' lang='lat' dir='ltr'><strong>gentes,</strong></span> <span class='ocrx_word' id='word_1_749' title='bbox 1704 5040 1803 5097; x_wconf 83' lang='lat' dir='ltr'><strong>per</strong></span> <span class='ocrx_word' id='word_1_750' title='bbox 1831 5043 2017 5082; x_wconf 89' lang='lat' dir='ltr'><strong>earum</strong></span> <span class='ocrx_word' id='word_1_751' title='bbox 2057 5030 2213 5083; x_wconf 80' lang='lat' dir='ltr'><strong>(idem</strong></span> <span class='ocrx_word' id='word_1_752' title='bbox 2248 5031 2313 5083; x_wconf 87' lang='lat' dir='ltr'><strong>ad</strong></span> 
     </span>
    </p>
   </div>
   <div class='ocr_carea' id='block_1_97' title="bbox 747 5118 2311 5189">
    <p class='ocr_par' dir='ltr' id='par_1_97' title="bbox 747 5118 2311 5189">
     <span class='ocr_line' id='line_1_97' title="bbox 747 5118 2311 5189; baseline -0.001 -17"><span class='ocrx_word' id='word_1_753' title='bbox 747 5122 892 5189; x_wconf 89' lang='lat' dir='ltr'><strong>ipsas</strong></span> <span class='ocrx_word' id='word_1_754' title='bbox 941 5120 1105 5173; x_wconf 88' lang='lat' dir='ltr'><strong>veluti</strong></span> <span class='ocrx_word' id='word_1_755' title='bbox 1142 5128 1392 5174; x_wconf 89' lang='lat' dir='ltr'><strong>vocatum</strong></span> <span class='ocrx_word' id='word_1_756' title='bbox 1420 5157 1435 5182; x_wconf 94' lang='lat'><strong>,</strong></span> <span class='ocrx_word' id='word_1_757' title='bbox 1487 5126 1542 5173; x_wconf 91' lang='lat' dir='ltr'><strong>et</strong></span> <span class='ocrx_word' id='word_1_758' title='bbox 1589 5119 1645 5171; x_wconf 91' lang='lat' dir='ltr'><strong>in</strong></span> <span class='ocrx_word' id='word_1_759' title='bbox 1695 5119 1978 5173; x_wconf 71' lang='lat' dir='ltr'><strong>caelestem</strong></span> <span class='ocrx_word' id='word_1_760' title='bbox 2014 5118 2311 5173; x_wconf 88' lang='lat' dir='ltr'><strong>thalamum</strong></span> 
     </span>
    </p>
   </div>
   <div class='ocr_carea' id='block_1_98' title="bbox 746 5204 2313 5276">
    <p class='ocr_par' dir='ltr' id='par_1_98' title="bbox 746 5204 2313 5276">
     <span class='ocr_line' id='line_1_98' title="bbox 746 5204 2313 5276; baseline -0.003 -12"><span class='ocrx_word' id='word_1_761' title='bbox 746 5210 1186 5264; x_wconf 89' lang='lat' dir='ltr'><strong>introducturum</strong></span> <span class='ocrx_word' id='word_1_762' title='bbox 1212 5250 1227 5274; x_wconf 91' lang='lat'><strong>,</strong></span> <span class='ocrx_word' id='word_1_763' title='bbox 1268 5210 1322 5261; x_wconf 92' lang='lat' dir='ltr'><strong>in</strong></span> <span class='ocrx_word' id='word_1_764' title='bbox 1353 5207 1845 5276; x_wconf 87' lang='lat' dir='ltr'><strong>primogenitorum</strong></span> <span class='ocrx_word' id='word_1_765' title='bbox 1888 5204 2194 5262; x_wconf 88' lang='lat' dir='ltr'><strong>Ecclesiam</strong></span> <span class='ocrx_word' id='word_1_766' title='bbox 2228 5207 2313 5260; x_wconf 88' lang='lat' dir='ltr'><strong>ni-</strong></span> 
     </span>
    </p>
   </div>
   <div class='ocr_carea' id='block_1_99' title="bbox 744 5297 2309 5369">
    <p class='ocr_par' dir='ltr' id='par_1_99' title="bbox 744 5297 2309 5369">
     <span class='ocr_line' id='line_1_99' title="bbox 744 5297 2309 5369; baseline -0.005 -12"><span class='ocrx_word' id='word_1_767' title='bbox 744 5305 984 5364; x_wconf 86' lang='lat' dir='ltr'><strong>mirum,</strong></span> <span class='ocrx_word' id='word_1_768' title='bbox 1029 5315 1234 5369; x_wconf 88' lang='lat' dir='ltr'><strong>easque</strong></span> <span class='ocrx_word' id='word_1_769' title='bbox 1282 5314 1407 5353; x_wconf 90' lang='lat' dir='ltr'><strong>cum</strong></span> <span class='ocrx_word' id='word_1_770' title='bbox 1460 5299 1671 5353; x_wconf 83' lang='lat' dir='ltr'><strong>sanctis</strong></span> <span class='ocrx_word' id='word_1_771' title='bbox 1704 5298 2100 5352; x_wconf 87' lang='lat' dir='ltr'><strong>collocaturum</strong></span> <span class='ocrx_word' id='word_1_772' title='bbox 2145 5297 2309 5368; x_wconf 88' lang='lat' dir='ltr'><strong>(cum</strong></span> 
     </span>
    </p>
   </div>
   <div class='ocr_carea' id='block_1_100' title="bbox 742 5388 2313 5458">
    <p class='ocr_par' dir='ltr' id='par_1_100' title="bbox 742 5388 2313 5458">
     <span class='ocr_line' id='line_1_100' title="bbox 742 5388 2313 5458; baseline -0.003 -11"><span class='ocrx_word' id='word_1_773' title='bbox 742 5392 988 5447; x_wconf 83' lang='lat' dir='ltr'><strong>convivis</strong></span> <span class='ocrx_word' id='word_1_774' title='bbox 1036 5392 1180 5445; x_wconf 91' lang='lat' dir='ltr'><strong>enim</strong></span> <span class='ocrx_word' id='word_1_775' title='bbox 1218 5390 1595 5445; x_wconf 88' lang='lat' dir='ltr'><strong>accubuerunt</strong></span> <span class='ocrx_word' id='word_1_776' title='bbox 1634 5388 1969 5458; x_wconf 91' lang='lat' dir='ltr'><strong>discipuli),</strong></span> <span class='ocrx_word' id='word_1_777' title='bbox 2006 5396 2061 5443; x_wconf 87' lang='lat' dir='ltr'><strong>et</strong></span> <span class='ocrx_word' id='word_1_778' title='bbox 2114 5388 2313 5442; x_wconf 77' lang='lat' dir='ltr'><strong>divina:</strong></span> 
     </span>
    </p>
   </div>
   <div class='ocr_carea' id='block_1_101' title="bbox 744 5476 2311 5550">
    <p class='ocr_par' dir='ltr' id='par_1_101' title="bbox 744 5476 2311 5550">
     <span class='ocr_line' id='line_1_101' title="bbox 744 5476 2311 5550; baseline -0.004 -17"><span class='ocrx_word' id='word_1_779' title='bbox 744 5497 805 5535; x_wconf 90' lang='lat' dir='ltr'><strong>ac</strong></span> <span class='ocrx_word' id='word_1_780' title='bbox 854 5481 1120 5550; x_wconf 86' lang='lat' dir='ltr'><strong>spiritalis</strong></span> <span class='ocrx_word' id='word_1_781' title='bbox 1161 5480 1499 5534; x_wconf 89' lang='lat' dir='ltr'><strong>celebritatis</strong></span> <span class='ocrx_word' id='word_1_782' title='bbox 1525 5478 1736 5531; x_wconf 83' lang='lat' dir='ltr'><strong>luturas</strong></span> <span class='ocrx_word' id='word_1_783' title='bbox 1766 5476 2089 5546; x_wconf 88' lang='lat' dir='ltr'><strong>participes,</strong></span> <span class='ocrx_word' id='word_1_784' title='bbox 2121 5490 2311 5544; x_wconf 90' lang='lat' dir='ltr'><strong>quem-</strong></span> 
     </span>
    </p>
   </div>
   <div class='ocr_carea' id='block_1_102' title="bbox 745 5564 2311 5639">
    <p class='ocr_par' dir='ltr' id='par_1_102' title="bbox 745 5564 2311 5639">
     <span class='ocr_line' id='line_1_102' title="bbox 745 5564 2311 5639; baseline -0.003 -16"><span class='ocrx_word' id='word_1_785' title='bbox 745 5569 1036 5624; x_wconf 88' lang='lat' dir='ltr'><strong>admodum</strong></span> <span class='ocrx_word' id='word_1_786' title='bbox 1085 5570 1246 5624; x_wconf 88' lang='lat' dir='ltr'><strong>etiam</strong></span> <span class='ocrx_word' id='word_1_787' title='bbox 1296 5570 1412 5639; x_wconf 91' lang='lat' dir='ltr'><strong>ipse</strong></span> <span class='ocrx_word' id='word_1_788' title='bbox 1461 5568 1538 5621; x_wconf 89' lang='lat' dir='ltr'><strong>ait</strong></span> <span class='ocrx_word' id='word_1_789' title='bbox 1578 5567 1783 5621; x_wconf 89' lang='lat' dir='ltr'><strong>alicubi</strong></span> <span class='ocrx_word' id='word_1_790' title='bbox 1833 5584 1847 5620; x_wconf 90' lang='lat'><strong>:</strong></span> <span class='ocrx_word' id='word_1_791' title='bbox 1916 5584 1935 5617; x_wconf 77' lang='grc' dir='ltr'><strong>ι</strong></span> <span class='ocrx_word' id='word_1_792' title='bbox 1980 5564 2117 5630; x_wconf 86' lang='lat' dir='ltr'><strong>Quia</strong></span> <span class='ocrx_word' id='word_1_793' title='bbox 2155 5564 2311 5619; x_wconf 89' lang='lat' dir='ltr'><strong>multi</strong></span> 
     </span>
    </p>
   </div>
   <div class='ocr_carea' id='block_1_103' title="bbox 742 5657 2308 5725">
    <p class='ocr_par' dir='ltr' id='par_1_103' title="bbox 742 5657 2308 5725">
     <span class='ocr_line' id='line_1_103' title="bbox 742 5657 2308 5725; baseline -0.003 -11"><span class='ocrx_word' id='word_1_794' title='bbox 742 5661 814 5715; x_wconf 89' lang='lat' dir='ltr'><strong>ab</strong></span> <span class='ocrx_word' id='word_1_795' title='bbox 840 5662 1048 5717; x_wconf 90' lang='lat' dir='ltr'><strong>oriente</strong></span> <span class='ocrx_word' id='word_1_796' title='bbox 1074 5669 1128 5717; x_wconf 88' lang='lat' dir='ltr'><strong>et</strong></span> <span class='ocrx_word' id='word_1_797' title='bbox 1157 5660 1438 5717; x_wconf 85' lang='lat' dir='ltr'><strong>occidente</strong></span> <span class='ocrx_word' id='word_1_798' title='bbox 1470 5660 1710 5725; x_wconf 89' lang='lat' dir='ltr'><strong>venient,</strong></span> <span class='ocrx_word' id='word_1_799' title='bbox 1742 5666 1796 5714; x_wconf 89' lang='lat' dir='ltr'><strong>et</strong></span> <span class='ocrx_word' id='word_1_800' title='bbox 1825 5657 2143 5713; x_wconf 89' lang='lat' dir='ltr'><strong>rccumbent</strong></span> <span class='ocrx_word' id='word_1_801' title='bbox 2183 5670 2308 5711; x_wconf 92' lang='lat' dir='ltr'><strong>cum</strong></span> 
     </span>
    </p>
   </div>
   <div class='ocr_carea' id='block_1_104' title="bbox 840 5835 1969 5905">
    <p class='ocr_par' dir='ltr' id='par_1_104' title="bbox 840 5835 1969 5905">
     <span class='ocr_line' id='line_1_104' title="bbox 840 5835 1969 5905; baseline -0.008 -9"><span class='ocrx_word' id='word_1_802' title='bbox 840 5843 884 5873; x_wconf 77' lang='lat'><strong>&#39;°</strong></span> <span class='ocrx_word' id='word_1_803' title='bbox 924 5842 1110 5895; x_wconf 69' lang='lat' dir='ltr'><strong>Matth.</strong></span> <span class='ocrx_word' id='word_1_804' title='bbox 1150 5858 1261 5905; x_wconf 70' lang='lat' dir='ltr'><strong>xxi,</strong></span> <span class='ocrx_word' id='word_1_805' title='bbox 1312 5842 1389 5896; x_wconf 71' lang='lat' dir='ltr'><strong>l5.</strong></span> <span class='ocrx_word' id='word_1_806' title='bbox 1486 5840 1526 5872; x_wconf 84' lang='grc'><strong>⁸¹</strong></span> <span class='ocrx_word' id='word_1_807' title='bbox 1562 5839 1575 5893; x_wconf 98' lang='lat' dir='ltr'><strong>l</strong></span> <span class='ocrx_word' id='word_1_808' title='bbox 1607 5836 1733 5891; x_wconf 81' lang='lat' dir='ltr'><strong>Cor.</strong></span> <span class='ocrx_word' id='word_1_809' title='bbox 1766 5851 1848 5902; x_wconf 91' lang='grc' dir='ltr'>ιιι,</span> <span class='ocrx_word' id='word_1_810' title='bbox 1883 5835 1969 5888; x_wconf 84' lang='lat' dir='ltr'><strong>l7.</strong></span> 
     </span>
    </p>
   </div>
   <div class='ocr_carea' id='block_1_105' title="bbox 2420 4643 3997 4717">
    <p class='ocr_par' dir='ltr' id='par_1_105' title="bbox 2420 4643 3997 4717">
     <span class='ocr_line' id='line_1_105' title="bbox 2420 4643 3997 4717; baseline -0.003 -19"><span class='ocrx_word' id='word_1_811' title='bbox 2420 4647 2547 4709; x_wconf 75' lang='grc' dir='ltr'>τοὺς</span> <span class='ocrx_word' id='word_1_812' title='bbox 2565 4647 2897 4717; x_wconf 82' lang='grc' dir='ltr'>κεκληκότας</span> <span class='ocrx_word' id='word_1_813' title='bbox 2914 4645 3094 4710; x_wconf 80' lang='grc' dir='ltr'>αὐτὸν,</span> <span class='ocrx_word' id='word_1_814' title='bbox 3119 4646 3213 4698; x_wconf 77' lang='grc' dir='ltr'><strong>καὶ</strong></span> <span class='ocrx_word' id='word_1_815' title='bbox 3232 4643 3316 4697; x_wconf 80' lang='grc' dir='ltr'><strong>διὰ</strong></span> <span class='ocrx_word' id='word_1_816' title='bbox 3332 4643 3487 4697; x_wconf 76' lang='grc' dir='ltr'>τοῦτο</span> <span class='ocrx_word' id='word_1_817' title='bbox 3503 4644 3841 4713; x_wconf 77' lang='grc' dir='ltr'>τιμήσαντας</span> <span class='ocrx_word' id='word_1_818' title='bbox 3859 4660 3871 4672; x_wconf 92' lang='grc'>·</span> <span class='ocrx_word' id='word_1_819' title='bbox 3901 4644 3997 4695; x_wconf 69' lang='grc' dir='ltr'><strong>καὶ</strong></span> 
     </span>
    </p>
   </div>
   <div class='ocr_carea' id='block_1_106' title="bbox 2418 4735 3998 4807">
    <p class='ocr_par' dir='ltr' id='par_1_106' title="bbox 2418 4735 3998 4807">
     <span class='ocr_line' id='line_1_106' title="bbox 2418 4735 3998 4807; baseline -0.012 -16"><span class='ocrx_word' id='word_1_820' title='bbox 2418 4739 2507 4791; x_wconf 75' lang='grc' dir='ltr'><strong>διὰ</strong></span> <span class='ocrx_word' id='word_1_821' title='bbox 2536 4738 2775 4807; x_wconf 82' lang='grc' dir='ltr'>σημείων</span> <span class='ocrx_word' id='word_1_822' title='bbox 2801 4737 3023 4806; x_wconf 69' lang='grc' dir='ltr'>ὠφελεῖ,</span> <span class='ocrx_word' id='word_1_823' title='bbox 3043 4737 3136 4789; x_wconf 78' lang='grc' dir='ltr'><strong>καὶ</strong></span> <span class='ocrx_word' id='word_1_824' title='bbox 3163 4736 3221 4787; x_wconf 83' lang='grc' dir='ltr'><strong>τὸ</strong></span> <span class='ocrx_word' id='word_1_825' title='bbox 3260 4736 3443 4787; x_wconf 85' lang='grc' dir='ltr'>λεῖπον</span> <span class='ocrx_word' id='word_1_826' title='bbox 3474 4735 3657 4795; x_wconf 77' lang='grc' dir='ltr'>αὐτοῖς</span> <span class='ocrx_word' id='word_1_827' title='bbox 3685 4736 3763 4796; x_wconf 84' lang='grc' dir='ltr'>εἰς</span> <span class='ocrx_word' id='word_1_828' title='bbox 3793 4735 3998 4802; x_wconf 53' lang='grc' dir='ltr'>εὐφρα-</span> 
     </span>
    </p>
   </div>
   <div class='ocr_carea' id='block_1_107' title="bbox 2423 4825 3997 4899">
    <p class='ocr_par' dir='ltr' id='par_1_107' title="bbox 2423 4825 3997 4899">
     <span class='ocr_line' id='line_1_107' title="bbox 2423 4825 3997 4899; baseline -0.004 -16"><span class='ocrx_word' id='word_1_829' title='bbox 2423 4831 2541 4883; x_wconf 87' lang='grc' dir='ltr'>σίαν</span> <span class='ocrx_word' id='word_1_830' title='bbox 2565 4831 2866 4899; x_wconf 78' lang='grc' dir='ltr'>ἀναπληροῖ</span> <span class='ocrx_word' id='word_1_831' title='bbox 2888 4846 2899 4861; x_wconf 75' lang='grc' dir='ltr'><strong><em>ο</em></strong></span> <span class='ocrx_word' id='word_1_832' title='bbox 2928 4829 3021 4881; x_wconf 61' lang='grc' dir='ltr'><strong>κοιλ⁵</strong></span> <span class='ocrx_word' id='word_1_833' title='bbox 3049 4828 3101 4881; x_wconf 81' lang='grc' dir='ltr'>τι</span> <span class='ocrx_word' id='word_1_834' title='bbox 3132 4828 3240 4896; x_wconf 72' lang='grc' dir='ltr'><strong>γὰρ</strong></span> <span class='ocrx_word' id='word_1_835' title='bbox 3274 4826 3391 4895; x_wconf 62' lang='grc' dir='ltr'><strong>οὐχ).</strong></span> <span class='ocrx_word' id='word_1_836' title='bbox 3426 4826 3532 4878; x_wconf 72' lang='grc' dir='ltr'>τῶν</span> <span class='ocrx_word' id='word_1_837' title='bbox 3560 4825 3780 4891; x_wconf 79' lang='grc' dir='ltr'>ἀγαθῶν</span> <span class='ocrx_word' id='word_1_838' title='bbox 3808 4825 3997 4877; x_wconf 70' lang='grc' dir='ltr'>ἐπιδα-</span> 
     </span>
    </p>
   </div>
   <div class='ocr_carea' id='block_1_108' title="bbox 2418 4916 3995 4989">
    <p class='ocr_par' dir='ltr' id='par_1_108' title="bbox 2418 4916 3995 4989">
     <span class='ocr_line' id='line_1_108' title="bbox 2418 4916 3995 4989; baseline -0.004 -16"><span class='ocrx_word' id='word_1_839' title='bbox 2418 4921 2697 4989; x_wconf 65' lang='grc' dir='ltr'>ψιλεύεται</span> <span class='ocrx_word' id='word_1_840' title='bbox 2725 4959 2739 4982; x_wconf 86' lang='grc'><strong>,</strong></span> <span class='ocrx_word' id='word_1_841' title='bbox 2792 4920 2865 4982; x_wconf 86' lang='grc' dir='ltr'><strong>ὡς</strong></span> <span class='ocrx_word' id='word_1_842' title='bbox 2902 4919 2989 4972; x_wconf 78' lang='grc' dir='ltr'><strong>διὰ</strong></span> <span class='ocrx_word' id='word_1_843' title='bbox 3021 4918 3192 4971; x_wconf 80' lang='grc' dir='ltr'>τύπου</span> <span class='ocrx_word' id='word_1_844' title='bbox 3241 4919 3535 4979; x_wconf 73' lang='grc' dir='ltr'>διδάσκων,</span> <span class='ocrx_word' id='word_1_845' title='bbox 3574 4917 3654 4969; x_wconf 77' lang='grc' dir='ltr'>ὅτι</span> <span class='ocrx_word' id='word_1_846' title='bbox 3704 4916 3798 4967; x_wconf 71' lang='grc' dir='ltr'><strong>καὶ</strong></span> <span class='ocrx_word' id='word_1_847' title='bbox 3829 4932 3995 4985; x_wconf 76' lang='grc' dir='ltr'>προσ-</span> 
     </span>
    </p>
   </div>
   <div class='ocr_carea' id='block_1_109' title="bbox 2418 5004 3994 5079">
    <p class='ocr_par' dir='ltr' id='par_1_109' title="bbox 2418 5004 3994 5079">
     <span class='ocr_line' id='line_1_109' title="bbox 2418 5004 3994 5079; baseline -0.02 -3"><span class='ocrx_word' id='word_1_848' title='bbox 2418 5010 2624 5074; x_wconf 76' lang='grc' dir='ltr'><strong>δέξεται</strong></span> <span class='ocrx_word' id='word_1_849' title='bbox 2656 5011 2780 5071; x_wconf 72' lang='grc' dir='ltr'>τοῦς</span> <span class='ocrx_word' id='word_1_850' title='bbox 2811 5010 2910 5079; x_wconf 80' lang='grc' dir='ltr'>τῆς</span> <span class='ocrx_word' id='word_1_851' title='bbox 2940 5008 3226 5069; x_wconf 76' lang='grc' dir='ltr'>Γαλιλαίας</span> <span class='ocrx_word' id='word_1_852' title='bbox 3252 5010 3556 5077; x_wconf 81' lang='grc' dir='ltr'>οἰκήτορας,</span> <span class='ocrx_word' id='word_1_853' title='bbox 3590 5004 3733 5057; x_wconf 75' lang='grc' dir='ltr'>τοῦτ’</span> <span class='ocrx_word' id='word_1_854' title='bbox 3765 5006 3898 5064; x_wconf 64' lang='grc' dir='ltr'><strong>ἐστι,</strong></span> <span class='ocrx_word' id='word_1_855' title='bbox 3925 5006 3994 5057; x_wconf 58' lang='grc' dir='ltr'><strong>τά</strong></span> 
     </span>
    </p>
   </div>
   <div class='ocr_carea' id='block_1_110' title="bbox 2419 5097 3996 5169">
    <p class='ocr_par' dir='ltr' id='par_1_110' title="bbox 2419 5097 3996 5169">
     <span class='ocr_line' id='line_1_110' title="bbox 2419 5097 3996 5169; baseline -0.002 -19"><span class='ocrx_word' id='word_1_856' title='bbox 2419 5099 2576 5167; x_wconf 76' lang='grc' dir='ltr'>ἔθνη,</span> <span class='ocrx_word' id='word_1_857' title='bbox 2605 5099 2935 5169; x_wconf 78' lang='grc' dir='ltr'>κεκλημένος</span> <span class='ocrx_word' id='word_1_858' title='bbox 2957 5139 2970 5162; x_wconf 87' lang='grc'><strong>,</strong></span> <span class='ocrx_word' id='word_1_859' title='bbox 3020 5100 3094 5161; x_wconf 84' lang='grc' dir='ltr'>ὼς</span> <span class='ocrx_word' id='word_1_860' title='bbox 3125 5098 3259 5169; x_wconf 71' lang='grc' dir='ltr'>προς</span> <span class='ocrx_word' id='word_1_861' title='bbox 3292 5098 3430 5151; x_wconf 76' lang='grc' dir='ltr'>αὐτὰ</span> <span class='ocrx_word' id='word_1_862' title='bbox 3462 5097 3550 5149; x_wconf 71' lang='grc' dir='ltr'>διὰ</span> <span class='ocrx_word' id='word_1_863' title='bbox 3594 5098 3692 5167; x_wconf 75' lang='grc' dir='ltr'>τῆς</span> <span class='ocrx_word' id='word_1_864' title='bbox 3726 5098 3781 5148; x_wconf 81' lang='grc' dir='ltr'>ἐν</span> <span class='ocrx_word' id='word_1_865' title='bbox 3813 5097 3996 5159; x_wconf 68' lang='grc' dir='ltr'>αὐτοῖς</span> 
     </span>
    </p>
   </div>
   <div class='ocr_carea' id='block_1_111' title="bbox 2420 5187 3995 5259">
    <p class='ocr_par' dir='ltr' id='par_1_111' title="bbox 2420 5187 3995 5259">
     <span class='ocr_line' id='line_1_111' title="bbox 2420 5187 3995 5259; baseline -0.001 -20"><span class='ocrx_word' id='word_1_866' title='bbox 2420 5188 2672 5254; x_wconf 84' lang='grc' dir='ltr'>πίστεως,</span> <span class='ocrx_word' id='word_1_867' title='bbox 2701 5190 2791 5243; x_wconf 84' lang='grc' dir='ltr'><strong>καί</strong></span> <span class='ocrx_word' id='word_1_868' title='bbox 2813 5192 2889 5252; x_wconf 81' lang='grc' dir='ltr'><strong>εἰς</strong></span> <span class='ocrx_word' id='word_1_869' title='bbox 2918 5190 3007 5242; x_wconf 81' lang='grc' dir='ltr'><strong>τὸν</strong></span> <span class='ocrx_word' id='word_1_870' title='bbox 3030 5191 3275 5259; x_wconf 76' lang='grc' dir='ltr'>οὐράνιον</span> <span class='ocrx_word' id='word_1_871' title='bbox 3302 5188 3502 5251; x_wconf 77' lang='grc' dir='ltr'>εἰσάξει</span> <span class='ocrx_word' id='word_1_872' title='bbox 3534 5187 3756 5250; x_wconf 51' lang='lat' dir='ltr'><strong>nam»,</strong></span> <span class='ocrx_word' id='word_1_873' title='bbox 3792 5188 3869 5250; x_wconf 89' lang='grc' dir='ltr'>εἰς</span> <span class='ocrx_word' id='word_1_874' title='bbox 3893 5188 3995 5257; x_wconf 72' lang='grc' dir='ltr'><strong>τὴν</strong></span> 
     </span>
    </p>
   </div>
   <div class='ocr_carea' id='block_1_112' title="bbox 2418 5279 3995 5350">
    <p class='ocr_par' dir='ltr' id='par_1_112' title="bbox 2418 5279 3995 5350">
     <span class='ocr_line' id='line_1_112' title="bbox 2418 5279 3995 5350; baseline -0.003 -19"><span class='ocrx_word' id='word_1_875' title='bbox 2418 5279 2524 5331; x_wconf 85' lang='grc' dir='ltr'><strong>τῶν</strong></span> <span class='ocrx_word' id='word_1_876' title='bbox 2574 5281 2930 5350; x_wconf 83' lang='grc' dir='ltr'>πρωτοτόκων</span> <span class='ocrx_word' id='word_1_877' title='bbox 2978 5281 3302 5349; x_wconf 75' lang='grc' dir='ltr'>Ἐκκλησίαν</span> <span class='ocrx_word' id='word_1_878' title='bbox 3346 5279 3579 5350; x_wconf 78' lang='grc' dir='ltr'>δηλαδὴ,</span> <span class='ocrx_word' id='word_1_879' title='bbox 3638 5280 3731 5330; x_wconf 75' lang='grc' dir='ltr'><strong>καὶ</strong></span> <span class='ocrx_word' id='word_1_880' title='bbox 3767 5296 3995 5330; x_wconf 77' lang='grc' dir='ltr'>συνανα-</span> 
     </span>
    </p>
   </div>
   <div class='ocr_carea' id='block_1_113' title="bbox 2419 5370 3991 5442">
    <p class='ocr_par' dir='ltr' id='par_1_113' title="bbox 2419 5370 3991 5442">
     <span class='ocr_line' id='line_1_113' title="bbox 2419 5370 3991 5442; baseline -0.002 -19"><span class='ocrx_word' id='word_1_881' title='bbox 2419 5372 2587 5424; x_wconf 86' lang='grc' dir='ltr'>κλινεῖ</span> <span class='ocrx_word' id='word_1_882' title='bbox 2614 5376 2723 5434; x_wconf 83' lang='grc' dir='ltr'>τοῖς</span> <span class='ocrx_word' id='word_1_883' title='bbox 2749 5373 2918 5439; x_wconf 84' lang='grc' dir='ltr'>ἁγίοις</span> <span class='ocrx_word' id='word_1_884' title='bbox 2944 5373 3081 5425; x_wconf 75' lang='grc' dir='ltr'>αὐτὰ</span> <span class='ocrx_word' id='word_1_885' title='bbox 3123 5372 3517 5442; x_wconf 78' lang='grc' dir='ltr'>(συνανέκειντο</span> <span class='ocrx_word' id='word_1_886' title='bbox 3537 5370 3644 5440; x_wconf 69' lang='grc' dir='ltr'><strong>γὰρ</strong></span> <span class='ocrx_word' id='word_1_887' title='bbox 3669 5373 3777 5431; x_wconf 64' lang='grc' dir='ltr'>τοῖς</span> <span class='ocrx_word' id='word_1_888' title='bbox 3800 5371 3991 5421; x_wconf 75' lang='grc' dir='ltr'>ἐστιω·</span> 
     </span>
    </p>
   </div>
   <div class='ocr_carea' id='block_1_114' title="bbox 2421 5462 3991 5534">
    <p class='ocr_par' dir='ltr' id='par_1_114' title="bbox 2421 5462 3991 5534">
     <span class='ocr_line' id='line_1_114' title="bbox 2421 5462 3991 5534; baseline -0.003 -18"><span class='ocrx_word' id='word_1_889' title='bbox 2421 5464 2598 5534; x_wconf 84' lang='grc' dir='ltr'>μένοις</span> <span class='ocrx_word' id='word_1_890' title='bbox 2637 5466 2685 5517; x_wconf 90' lang='grc' dir='ltr'><strong>οἱ</strong></span> <span class='ocrx_word' id='word_1_891' title='bbox 2730 5466 2873 5532; x_wconf 76' lang='grc' dir='ltr'>ἅγιοι</span> <span class='ocrx_word' id='word_1_892' title='bbox 2911 5464 3189 5534; x_wconf 64' lang='grc' dir='ltr'>μαθηταὶ),</span> <span class='ocrx_word' id='word_1_893' title='bbox 3237 5464 3330 5517; x_wconf 75' lang='grc' dir='ltr'><strong>καὶ</strong></span> <span class='ocrx_word' id='word_1_894' title='bbox 3366 5464 3460 5531; x_wconf 70' lang='grc' dir='ltr'><strong>τῆς</strong></span> <span class='ocrx_word' id='word_1_895' title='bbox 3506 5462 3654 5524; x_wconf 83' lang='grc' dir='ltr'>θείας</span> <span class='ocrx_word' id='word_1_896' title='bbox 3698 5463 3787 5514; x_wconf 75' lang='grc' dir='ltr'><strong>καὶ</strong></span> <span class='ocrx_word' id='word_1_897' title='bbox 3828 5476 3991 5513; x_wconf 76' lang='grc' dir='ltr'>πνευο</span> 
     </span>
    </p>
   </div>
   <div class='ocr_carea' id='block_1_115' title="bbox 2422 5552 3990 5626">
    <p class='ocr_par' dir='ltr' id='par_1_115' title="bbox 2422 5552 3990 5626">
     <span class='ocr_line' id='line_1_115' title="bbox 2422 5552 3990 5626; baseline -0.003 -18"><span class='ocrx_word' id='word_1_898' title='bbox 2422 5558 2651 5625; x_wconf 86' lang='grc' dir='ltr'>ματικῆς</span> <span class='ocrx_word' id='word_1_899' title='bbox 2680 5556 3105 5625; x_wconf 80' lang='grc' dir='ltr'>συμμεθέξουσιν</span> <span class='ocrx_word' id='word_1_900' title='bbox 3138 5557 3328 5626; x_wconf 76' lang='grc' dir='ltr'>ἑορτῆς</span> <span class='ocrx_word' id='word_1_901' title='bbox 3355 5595 3368 5618; x_wconf 88' lang='grc'><strong>,</strong></span> <span class='ocrx_word' id='word_1_902' title='bbox 3405 5554 3545 5606; x_wconf 84' lang='grc' dir='ltr'><strong>καθὰ</strong></span> <span class='ocrx_word' id='word_1_903' title='bbox 3575 5554 3666 5606; x_wconf 82' lang='grc' dir='ltr'><strong>καὶ</strong></span> <span class='ocrx_word' id='word_1_904' title='bbox 3696 5553 3854 5615; x_wconf 65' lang='grc' dir='ltr'>αὐτός</span> <span class='ocrx_word' id='word_1_905' title='bbox 3884 5552 3990 5605; x_wconf 62' lang='grc' dir='ltr'><strong><em>πού</em></strong></span> 
     </span>
    </p>
   </div>
   <div class='ocr_carea' id='block_1_116' title="bbox 2419 5644 3991 5721">
    <p class='ocr_par' dir='ltr' id='par_1_116' title="bbox 2419 5644 3991 5721">
     <span class='ocr_line' id='line_1_116' title="bbox 2419 5644 3991 5721; baseline -0.005 -18"><span class='ocrx_word' id='word_1_906' title='bbox 2419 5666 2613 5721; x_wconf 86' lang='grc' dir='ltr'>φησιν·</span> <span class='ocrx_word' id='word_1_907' title='bbox 2679 5667 2699 5703; x_wconf 78' lang='lat' dir='ltr'><strong>t</strong></span> <span class='ocrx_word' id='word_1_908' title='bbox 2739 5650 2858 5703; x_wconf 82' lang='grc' dir='ltr'>’Ὁτι</span> <span class='ocrx_word' id='word_1_909' title='bbox 2910 5649 3091 5702; x_wconf 72' lang='grc' dir='ltr'>πολλοὶ</span> <span class='ocrx_word' id='word_1_910' title='bbox 3123 5648 3229 5700; x_wconf 75' lang='grc' dir='ltr'>ἀπὸ</span> <span class='ocrx_word' id='word_1_911' title='bbox 3244 5646 3570 5712; x_wconf 82' lang='grc' dir='ltr'>’⁵ἀνατολῶν,</span> <span class='ocrx_word' id='word_1_912' title='bbox 3624 5646 3718 5699; x_wconf 81' lang='grc' dir='ltr'>καὶ</span> <span class='ocrx_word' id='word_1_913' title='bbox 3769 5644 3991 5717; x_wconf 74' lang='grc' dir='ltr'>δυσμιῖν</span> 
     </span>
    </p>
   </div>
   <div class='ocr_carea' id='block_1_117' title="bbox 2050 5830 2522 5893">
    <p class='ocr_par' dir='ltr' id='par_1_117' title="bbox 2050 5830 2522 5893">
     <span class='ocr_line' id='line_1_117' title="bbox 2050 5830 2522 5893; baseline -0.006 -7"><span class='ocrx_word' id='word_1_914' title='bbox 2050 5836 2092 5865; x_wconf 73' lang='grc' dir='ltr'>θ’</span> <span class='ocrx_word' id='word_1_915' title='bbox 2140 5831 2327 5885; x_wconf 75' lang='lat' dir='ltr'><strong>Matth.</strong></span> <span class='ocrx_word' id='word_1_916' title='bbox 2368 5846 2439 5893; x_wconf 71' lang='grc' dir='ltr'>γι,</span> <span class='ocrx_word' id='word_1_917' title='bbox 2470 5830 2522 5883; x_wconf 80' lang='lat'><strong>9.</strong></span> 
     </span>
    </p>
   </div>
  </div>
