4222 6510
258 445 360 499 Ξὗῦ

1318 430 1381 494 ΙΝ
1423 431 1705 493 JOANNIS
1745 424 2191 492 EVANGELHEM
2231 424 2356 484 LIB.
2404 428 2464 486 ll.

3397 425 3501 489 25"

258 559 476 628 ἥξουσι,
533 560 626 612 καὶ
677 552 1126 627 ἀνακλιθήσονται
1185 558 1322 626 μετὰ
1392 553 1677 624 ’Λὸραᾶμ,
1735 549 1826 601 καὶ
1861 554 1900 608 Α

1861 554 1900 608 Α
1931 545 2222 605 Abraham,
2263 553 2316 596 et
2346 547 2494 597 Isaac
2517 583 2530 605 ,
2567 553 2618 597 et
2649 540 2817 597 Jacnh
2839 543 2918 607 ⁸³,
2958 547 2978 596 i
3023 543 3227 599 nullius
3252 555 3503 615 expertes

272 651 489 714 Ἰσαὰκ,
540 650 634 703 καὶ
673 650 865 704 Ἰακὼό
887 691 902 714 ,
938 669 957 702 ι
992 649 1203 711 οὐδενὸς
1232 649 1416 709 αὐτοῖς
1468 647 1547 707 είς
1572 642 1835 713 θυμηδίαν

261 740 613 802 ἐλλείποντος.
670 760 687 791 ι
710 739 1026 812 Εὑφροσύνη
1055 740 1164 808 γὰρ
1187 739 1400 799 αἰώνιος
1434 736 1571 804 ὑπὲρ
1597 731 1836 801 κεφαλῆς

262 829 461 882 αὐτῶν.
507 847 526 880 ι
579 830 716 892 Τοὺς
767 829 823 881 δὲ
867 829 1271 898 ἀπειθήσαντας
1329 825 1614 886 Ἰουδαίους
1657 823 1836 874 τόπων

265 923 360 991 μὲν
397 921 506 974 τῶν
544 921 711 988 ἁγίων
740 922 985 986 ἐκϐαλεῖ,
1023 921 1126 985 ἔξω
1151 921 1208 973 δὲ
1233 919 1385 988 θήσει
1414 918 1513 977 τες
1551 917 1698 987 ἱερᾶς
1729 914 1838 966 τῶν

263 1012 434 1077 ἁγίων
473 1012 767 1079 περιϐολῆς
790 1030 802 1041 ι
850 1012 985 1064 ἀλλὰ
1024 1013 1118 1064 καὶ
1148 1011 1518 1082 προσάγοντας
1550 1008 1616 1059 τὰ
1645 1009 1723 1068 εἰς
1747 1005 1840 1058 θυο

263 1102 384 1154 σίαν
418 1103 478 1154 οὐ
506 1103 888 1172 προσδέξεται·
916 1104 1133 1156 κολάσει
1162 1102 1219 1154 δὲ
1251 1100 1468 1171 μᾶλλον,
1499 1099 1592 1153 καὶ
1617 1098 1838 1168 μάστιγι

263 1194 542 1264 ὑποθήσει,
575 1199 784 1265 σειραῖς
813 1195 919 1247 τῶν
946 1195 1161 1248 οἰκείων
1197 1192 1684 1262 πλημμελημάτων
1711 1207 1838 1242 κατ-

260 1287 1230 1357 εσφιγμένουςὸᾌκουεγάρλέγοντος
1249 1299 1260 1311 ·
1292 1287 1525 1354 ι”Λρατε
1554 1282 1727 1336 ταῦτα
1756 1285 1840 1333 έν-

259 1378 470 1441 τεῦθεν,
507 1397 524 1428 ι
563 1380 647 1431 ἴνα
681 1379 839 1432 πάλιν
865 1383 1046 1432 ἐκεῖνα
1076 1381 1234 1447 νοῇς,
1261 1377 1296 1430 ἂ
1335 1377 1398 1446 δὴ
1433 1375 1527 1428 κειιἱ
1557 1373 1720 1426 πάλαι
1755 1371 1840 1424 διὰ

261 1465 444 1533 φωνῆς
470 1466 564 1518 τοῦ
591 1467 866 1536 προφήτου
902 1467 1064 1535 φησιν
1097 1466 1318 1518 Ἡσαΐου
1345 1481 1358 1495 ·
1397 1483 1414 1514 ι
1453 1462 1839 1531 Ὀλοκαύτωμα

257 1555 368 1606 τῶν
398 1557 593 1626 κριῶν,
623 1559 713 1609 καὶ
745 1559 911 1628 στέαρ
940 1557 1148 1627 ἀρνῶν,
1181 1557 1272 1609 καὶ
1313 1550 1454 1624 αἷμα
1491 1554 1702 1624 ταύρων
1747 1554 1839 1605 καὶ

257 1648 480 1715 τράγων
509 1650 569 1700 οὐ
618 1648 911 1719 βούλομαι,
951 1649 1061 1702 οὐδ’
1090 1650 1155 1702 ἂν
1189 1647 1420 1718 ἕρχησθε
1460 1644 1691 1714 ὀφθῆναί
1728 1661 1835 1712 μοι.

259 1733 356 1795 Τίς
386 1737 493 1804 γὰρ
519 1735 814 1805 ἐξεζήτησε
834 1737 1004 1789 ταῦτα
1027 1739 1089 1788 ὲκ
1119 1737 1226 1789 τῶν
1253 1735 1448 1807 χειρῶν
1479 1734 1666 1805 ὑμῶν;
1727 1735 1838 1784 Πα-

255 1829 369 1877 τεῖν
402 1827 499 1895 τὴν
529 1829 694 1898 αὐλήν
733 1847 832 1898 μου
892 1831 950 1882 οὔ
1011 1828 1401 1898 προσθήσεσθεο
1470 1825 1594 1879 Ἐὰν
1639 1826 1838 1895 φέρητε

1939 635 2142 704 gaudii.
2201 651 2220 684 ι
2269 632 2479 686 ιωιίιὶιι
2531 632 2674 686 enim
2729 633 3060 702 sempiterna
3121 640 3286 704 super
3344 647 3511 703 caput

1936 740 2126 780 eorum
2150 725 2218 777 ⁸³.
2243 744 2260 776 ›
2287 723 2599 780 lncredulos
2625 733 2804 780 autem
2823 725 3040 781 Judteos
3055 726 3123 781 de
3139 727 3347 782 sanctis
3368 728 3504 782 locis

1937 818 2250 871 exturbabit
2273 857 2287 879 ,
2317 825 2370 871 et
2407 826 2562 871 extra
2605 833 2760 872 saera
2792 826 3110 872 sanctorum
3141 819 3346 872 muenia
3395 830 3504 873 sta-

1939 916 2096 962 tuet:
2145 909 2279 979 quin
2318 917 2372 964 et
2407 908 2678 964 sacriﬁcia
2711 908 3002 966 oll‘ercntes
3048 925 3156 966 non
3198 911 3465 980 Suscipiet
3490 952 3505 975 ,

1939 1001 2033 1054 sed
2063 1016 2158 1055 eos
2197 1001 2379 1069 potius
2410 1003 2619 1070 puniet,
2654 1000 2952 1072 ﬂagriSque
2982 1002 3254 1072 sdbjiciet,
3291 1004 3508 1058 catenis

1939 1109 2165 1148 suorum
2207 1094 2498 1147 criminum
2551 1095 2910 1150 constrictos.
2955 1094 3096 1149 Audi
3136 1095 3281 1149 enim
3322 1095 3510 1149 dicen-

1939 1192 2048 1238 tem
2083 1203 2095 1237 :
2125 1203 2142 1234 ι
2169 1185 2394 1237 Auferte
2429 1184 2528 1237 ista
2553 1185 2700 1249 hinc,
2727 1202 2746 1235 ι
2777 1191 2835 1236 ιιι
2877 1184 2970 1237 illa
3002 1194 3196 1239 rursus
3233 1182 3510 1251 intelligas

1941 1291 2061 1346 quae
2078 1290 2175 1344 per
2199 1269 2349 1329 Isaizé
2366 1290 2554 1330 vocem
2585 1277 2715 1331 olim
2737 1277 2956 1330 locutus
2981 1264 3094 1331 est:
3133 1293 3152 1326 ι
3173 1274 3510 1330 ilolocausta

1942 1368 2194 1430 arietum,
2228 1376 2280 1421 et
2310 1367 2523 1436 adipem
2559 1381 2846 1437 agnorum,
2875 1373 2930 1422 et
2964 1367 3287 1435 sanguinem
3326 1372 3511 1418 tauro-

1939 1474 2061 1512 rum
2097 1469 2151 1512 et
2176 1459 2454 1512 hircorum
2489 1458 2637 1519 nolo,
2661 1474 2834 1527 neque
2852 1458 3084 1513 veniatis
3118 1465 3178 1510 ut
3204 1456 3512 1526 appareatis

1942 1551 2098 1603 mihi.
2127 1549 2264 1614 Quis
2293 1549 2440 1604 enim
2470 1549 2722 1618 quaesivit
2750 1550 2862 1603 haec
2893 1549 2960 1604 de
2989 1549 3243 1602 manibus
3275 1547 3514 1601 vestris?

1940 1638 2166 1693 Calcare
2202 1639 2400 1692 atrium
2439 1654 2618 1692 meum
2664 1652 2772 1691 non
2815 1639 3117 1706 appenetis.
3172 1635 3227 1688 Si
3272 1635 3512 1690 al'l‘eratis

1941 1729 2172 1783 similam
2201 1767 2215 1792 ,
2262 1743 2461 1782 vanum
2493 1728 2777 1783 incensum
2806 1767 2820 1789 ,
2867 1725 3203 1781 abominatio
3236 1726 3371 1780 mihi
3405 1734 3510 1780 est.

1941 1823 2264 1877 Neomcnias
2299 1832 2540 1887 vestras,
2583 1832 2636 1877 et
2672 1819 2906 1876 Sabhata
2933 1864 2946 1887 ,
2993 1831 3047 1876 et
3078 1821 3219 1875 diem
3255 1834 3512 1891 magnum

258 1917 574 1985 σεμίδαλιν,
629 1921 854 1988 μάταιον
894 1919 1174 1990 θυμίαμα.
1239 1918 1513 1987 βδέλυγμά
1559 1915 1648 1985 μοί
1686 1918 1833 1967 ἐστι’
1873 1933 1914 1987 Β

1873 1933 1914 1987 Β
1947 1925 2053 1964 non
2091 1909 2238 1975 fero;
2282 1910 2547 1980 jejunium
2569 1949 2584 1974 ,
2616 1921 2669 1964 et
2697 1910 2865 1964 otium
2890 1950 2904 1976 ,
2927 1917 2981 1962 et
3013 1909 3388 1963 solemnitates
3419 1923 3515 1962 ve-

256 2005 358 2064 τὲις
388 2003 682 2072 νουμηνίας
711 2004 863 2074 ὑμῶν
915 2005 1008 2056 καὶ
1034 2005 1100 2056 τά
1141 2003 1390 2058 Σάϐϐατα
1415 2041 1430 2066 ,
1482 2003 1576 2054 καὶ
1623 2001 1836 2069 ἡμέραν

260 2095 507 2164 μεγάλην
541 2095 640 2148 οὐκ
673 2096 953 2165 ἀνέχομαι.
1005 2097 1277 2166 Νηστείαν
1297 2136 1312 2161 ,
1359 2095 1450 2147 καὶ
1489 2091 1716 2163 ἀργίαν,
1745 2090 1835 2144 καὶ

254 2186 357 2248 τὰς
387 2186 580 2255 ἑορτάς
616 2187 768 2256 ὑμῶν
816 2187 1021 2256 μισεῖή
1051 2187 1195 2256 ψυχή
1235 2203 1357 2256 μου.
1400 2182 1721 2253 Ἐγενήθητέ
1746 2200 1834 2252 μοι

255 2280 341 2341 εἰς
381 2279 694 2351 πλησμονὴν
714 2321 728 2344 ,
755 2280 937 2334 οὐκέτι
964 2281 1148 2350 ἀνήσω
1171 2280 1268 2343 τὰς
1300 2277 1576 2350 ἁμαρτίας
1608 2277 1780 2346 ὑμῶν.
1811 2295 1829 2328 ι

1944 2009 2088 2055 stras
2129 2002 2247 2056 odit
2291 2006 2469 2056 anima
2511 2016 2648 2056 mea.
2684 1999 2836 2056 Facti
2874 2002 3010 2055 mihi
3038 2001 3172 2056 estis
3202 2001 3257 2054 in
3287 2001 3514 2058 satieta-

1943 2101 2049 2148 tem
2074 2111 2085 2146 :
2119 2109 2465 2164 nequaquam
2491 2095 2630 2148 ultra
2659 2094 2928 2148 dimittam
2957 2102 3177 2164 peccata
3198 2105 3376 2148 vestra
3393 2094 3457 2147 ⁸⁸.
3493 2113 3508 2144 ι

1942 2185 2099 2249 Quod
2147 2185 2360 2256 ﬂagello
2409 2202 2439 2240 c
2477 2185 2701 2240 funibus
2742 2185 2887 2241 iacto
2923 2187 3188 2255 praeclare
3215 2185 3510 2258 signiﬁcat.

1945 2275 2139 2347 Flagra
2171 2278 2318 2332 enim
2352 2279 2508 2349 signa
2540 2287 2668 2333 sunt
2693 2279 3019 2348 punitionis.

256 2371 439 2443 Ὅπερ
480 2376 679 2444 ἄριστα
715 2373 802 2426 διὰ
846 2372 1017 2426 τύπου
1063 2373 1316 2444 σημαίνει
1357 2371 1417 2425 τὸ
1465 2374 1527 2424 ἐκ
1555 2369 1801 2440 σχοινίων
1840 2368 2020 2432 αὐτοῖς
2047 2371 2338 2441 ἐπινοήσας
2391 2370 2732 2440 φραγέλλιον.
2767 2370 3055 2434 Κολάσεως
3115 2371 3224 2442 γὰρ
3292 2374 3514 2444 σημεῖον

255 2469 318 2520 αἱ
351 2469 634 2538 μάστιγες.

345 2559 765 2628 Ἐμνήσθησαν
787 2561 855 2614 δὲ
883 2564 935 2615 ol
959 2562 1217 2631 μαθηταί
1243 2561 1447 2628 αὑτοῦ,
1471 2562 1558 2616 ὅτι
1594 2576 1840 2631 γεγραμ-

249 2653 443 2718 μένον
469 2653 641 2706 ἐστίν
675 2669 690 2682 ⁸
726 2654 789 2705 '0
819 2653 997 2722 ζῆλος
1025 2655 1130 2708 τοῦ
1153 2657 1324 2708 οἴκου
1356 2669 1472 2708 σου
1514 2651 1838 2722 καταφάγοι

254 2744 358 2795 ταί
379 2759 474 2811 με.
521 2746 961 2812 Ἀπεκρίθησαν
987 2741 1100 2800 οὖν⁸
1127 2749 1182 2800 οὶ
1214 2745 1486 2801 Ἰουδαῖοι
1505 2788 1518 2811 ,
1546 2745 1640 2799 καὶ
1668 2741 1840 2798 εἶπον

252 2851 440 2898 avra).

345 2926 710 2994 Ἐρανίζονται
745 2925 887 2980 κατὰ
921 2925 1094 2996 βραχὺ
1134 2927 1194 2979 τὸ
1231 2927 1287 2980 ἐν
1325 2927 1522 2994 γνώσει
1557 2927 1762 2979 τέλειον
1787 2927 1836 2978 οί

255 3015 502 3086 μαθηται
523 3057 537 3079 ,
590 3019 681 3068 καὶ
723 3019 838 3080 ταῖς
875 3017 984 3069 τῶν
1013 3018 1350 3087 πραγμάτων
1376 3017 1632 3070 ὲκϐάσεσι
1653 3016 1721 3069 τὰ
1746 3033 1840 3083 γε-

251 3109 560 3179 γραμμένα
603 3111 1004 3178 συμϐάλλοντες
1036 3110 1235 3179 πολλὴν
1277 3110 1374 3179 ἤδη
1403 3109 1705 3162 δεικνύουσι
1740 3109 1836 3178 τὴν

251 3200 353 3250 ἐπὶ
384 3200 444 3250 τὸ
476 3200 656 3268 μεῖζον
680 3201 939 3252 ἐπίδοσιν.

337 3291 399 3344 Τί
426 3291 678 3359 σημεῖον
725 3291 1020 3354 δεικνύεις
1044 3290 1214 3358 ἡμῖν,
1261 3291 1350 3342 ὅτι
1393 3291 1574 3343 ταῦτα
1609 3290 1833 3354 ποιεῖς

267 3380 586 3448 Ἀπεκρίθη
623 3381 849 3445 Ἰησοῦς
881 3380 976 3433 καὶ
1011 3376 1415 3444 εἷπεναὺτοῖς.

331 3469 782 3537 Καταπλήττεται
810 3471 907 3536 τῆς
931 3469 1178 3532 ἐξουσίας
1219 3469 1279 3520 τὸ
1327 3469 1475 3534 ξένον
1504 3471 1535 3538 ἡ
1566 3470 1672 3522 τῶν
1709 3470 1836 3523 Ἴου.
1866 3461 1907 3516 C

250 3558 424 3612 δαίων
454 3558 659 3625 πληθὺς
683 3599 694 3619 ,
742 3558 1064 3627 δυσφοροῦσι
1091 3559 1146 3610 δὲ
1183 3559 1302 3611 λίαν
1331 3562 1378 3612 οἱ
1422 3559 1499 3628 τῷ
1528 3559 1640 3628 ναῷ
1672 3577 1837 3629 προσ-

251 3648 592 3718 εδρεύοντες,
615 3648 818 3715 κερδῶν
842 3648 940 3698 οὐκ
955 3647 1338 3718 εὐαριθμήτων
1356 3650 1654 3718 άποστερού
1664 3666 1830 3717 μενοι.

252 3739 372 3790 Καὶ
395 3736 689 3803 διελέγχειν
724 3736 820 3804 μὲν
839 3735 937 3787 οὐκ
961 3735 1192 3804 ἔχουσιν,
1231 3737 1304 3800 ὼς
1329 3739 1426 3790 οὐκ
1449 3738 1646 3810 ἄριστα
1668 3739 1833 3806 λέγει,

257 3831 337 3900 μὴ
363 3830 475 3882 δεῖν
504 3830 769 3899 ἐμπορίας
801 3825 945 3881 οἷκον
977 3828 1068 3880 τὸν
1099 3829 1238 3881 θεῖον
1267 3830 1678 3883 άναδείκνυσθαι
1712 3832 1836 3884 ναὸν

251 3923 564 3974 ἐπιτάττων
592 3936 604 3948 °
657 3919 976 3988 ὑπερθέσεις
1008 3919 1062 3971 δὲ
1103 3921 1264 3972 πάλιν
1311 3924 1376 3991 τῇ
1423 3923 1530 3973 τῶν
1582 3925 1838 3993 ἐμπόρων

253 4014 406 4080 φυγῇ
441 4010 946 4078 πραγματεύονται,
986 4011 1046 4061 τὸ
1077 4011 1150 4080 μή
1186 4011 1380 4081 χρῆναι
1412 4013 1711 4083 προχείρως
1739 4016 1838 4066 ὑπ-

250 4103 431 4154 είκειν
461 4103 606 4171 αὐτῷ
631 4101 1105 4171 προφασιζόμενοι,
1141 4103 1277 4170 μήτε
1306 4102 1408 4172 μὴν
1421 4105 1836 4173 ἀπερισκέπτως

247 4194 339 4255 εἰς
366 4194 479 4244 υἱον
514 4192 914 4262 παραδέξασθαι
953 4192 1046 4244 τοῦ
1082 4191 1214 4243 Θεοῦ
1249 4193 1335 4245 τὸν
1377 4194 1468 4246 ὑπ’
1500 4195 1709 4258 οὐδενὸς
1741 4212 1836 4263 ση-

251 4284 420 4352 μείου
446 4284 911 4352 μαρτυρούμενον.
950 4293 959 4300 ’

344 4376 698 4442 Ἀπεκρίθηό
737 4377 992 4442 Ἰησοῦς,
1030 4375 1564 4443 κιιὶεῖπεναύτοῖς·
1603 4383 1835 4432 Λύσατε

242 4467 365 4520 τὸν
407 4468 557 4519 ναὸν
602 4468 852 4531 τοῦτον,
907 4469 1004 4521 καὶ
1042 4469 1111 4522 ἐν
1153 4469 1348 4534 τρισὶν
1373 4469 1621 4538 ἡμέραις
1655 4471 1836 4540 ἐγερῶ

237 4557 467 4610 αὐτόν.
507 4552 693 4609 Εἶπον
720 4553 830 4611 οὖν
867 4561 920 4610 cl
957 4557 1247 4612 Ἰουδαῖοι.

329 4649 457 4708 Τοῖς
489 4648 548 4710 ἐξ
577 4649 787 4716 ἀγαθῆς
822 4651 1190 4720 προαιρέσεως
1215 4651 1506 4704 αἱτοῦσιτά
1529 4653 1706 4719 ἀγαθὰ
1743 4657 1832 4706 καὶ

234 4741 379 4794 λίαν
412 4740 642 4808 ἑτοίμως
666 4740 846 4809 ὀρέγει
882 4741 1012 4802 Θεός
1035 4759 1047 4771 ·
1104 4745 1213 4804 τοῖς
1249 4742 1305 4795 δὲ
1335 4744 1616 4811 προσιοῦσι
1645 4761 1833 4814 πειρα-

237 4830 466 4894 στικῶς
487 4870 500 4890 ,
533 4831 627 4897 οὐχ
662 4831 807 4892 ὅπως
831 4832 1069 4902 ἀρνεῖται
1099 4832 1256 4899 μόνον
1286 4833 1385 4900 τὴν
1415 4835 1498 4900 ἐφ’
1525 4829 1606 4896 οἷς
1653 4835 1717 4887 ἂν
1747 4836 1799 4886 αἱ
1821 4863 1831 4873 -

231 4925 394 4975 τῶσι
427 4923 755 4991 φιλοτιμίαν,
787 4923 920 4974 ἀλλὰ
945 4924 1038 4974 καὶ
1069 4923 1127 4974 τὸ
1161 4924 1257 4991 τῆς
1291 4925 1555 4994 πονηρίας
1582 4927 1832 4996 ἔγκλημα

228 5009 627 5079 περιτίθησιν·
682 5011 864 5072 Οὕτως
908 5011 1192 5074 αἰτοῦντας
1241 5016 1463 5082 σημεῖον
1507 5017 1632 5076 τοὺς
1672 5017 1836 5086 Φαρι-

226 5103 450 5161 σαίους
480 5101 536 5151 ἐν
557 5100 760 5168 ἑτέροις
785 5100 892 5152 τῶν
923 5101 1268 5168 Εὖαγγελίων
1289 5103 1469 5164 τόποις
1502 5104 1725 5172 ἤλεγξεν
1752 5109 1830 5158 εἰ-

222 5195 380 5250 ττὼν
407 5194 436 5243 ὁ
469 5193 678 5261 Σωτήρ·
713 5211 729 5240 ι
766 5191 930 5244 Γενεὰ
967 5194 1174 5262 πονηρά
1203 5196 1295 5246 καὶ
1329 5183 1574 5263 μοιχαλὶς
1608 5200 1830 5265 σημεῖον

221 5285 548 5350 ἐπιζητεῖ,
600 5283 694 5334 καὶ
725 5285 945 5352 σημεῖον
972 5283 1031 5335 οὺ
1065 5283 1341 5353 δοθήσεται
1377 5287 1512 5356 αὐτῇ
1535 5328 1548 5349 ,
1587 5288 1633 5338 εἰ
1670 5289 1743 5356 μὴ
1776 5289 1835 5340 τὸ

223 5380 491 5448 σημεῖον
510 5377 661 5428 ἰωνᾶ
685 5376 776 5427 τοῦ
810 5377 1105 5445 προφήτου.
1131 5377 1295 5430 ’Ὡσπε
1305 5395 1335 5448 ρ
1358 5377 1465 5449 γὰρ
1494 5375 1757 5449 ἧνΊωνίΖς
1776 5382 1833 5432 ἐν

2023 2553 2105 2624 ll,
2147 2555 2350 2622 17,18.
2401 2556 2683 2611 Recordati
2739 2569 2860 2613 sunt
2912 2576 3028 2614 vero
3068 2561 3315 2630 discipuli
3357 2563 3509 2631 ejus,

1945 2648 2070 2716 quia
2121 2648 2378 2716 scriptum
2418 2658 2538 2701 est:
2569 2647 2726 2704 Zelus
2771 2648 2958 2704 domus
3007 2659 3110 2704 tua:
3149 2652 3370 2706 comedit
3410 2669 3510 2706 me.

1945 2737 2338 2809 Responderunt
2363 2755 2484 2808 ergo
2505 2739 2706 2803 Judn-i,
2747 2751 2794 2794 et
2820 2741 3066 2795 dixerunt
3092 2743 3158 2794 ei.

2014 2917 2321 2973 Perfectum
2381 2917 2747 2987 cognitionem
2803 2917 3065 2986 paulatim
3124 2917 3508 2987 adipiscuntur

1942 3009 2232 3078 discipuli,
2281 3021 2336 3064 et
2378 3025 2502 3063 cum
2550 3025 2734 3064 rerum
2782 3010 2931 3064 exitu
2970 3008 3289 3078 Scripturas
3328 3010 3512 3067 conice

1943 3110 2147 3164 rentes,
2189 3117 2443 3172 magnum
2474 3102 2582 3170 jam
2617 3103 2670 3156 in
2722 3102 2916 3157 melius
2947 3101 3253 3172 profectum
3299 3118 3409 3173 pm
3450 3120 3513 3161 se

1941 3192 2142 3246 ierunt.

2012 3284 2051 3338 ll
2075 3324 2088 3347 ,
2133 3285 2218 3338 l8.
2253 3285 2403 3350 Quod
2441 3289 2643 3354 signum
2686 3287 2916 3341 ostendis
2946 3288 3094 3342 nobis
3131 3290 3256 3359 quia
3284 3288 3394 3344 Ιιατ
3415 3290 3509 3358 fa-

1939 3375 2054 3427 cis?
2079 3372 2366 3441 Respondit
2404 3374 2561 3428 Iesus
2585 3415 2597 3436 ,
2633 3386 2680 3428 et
2715 3376 2849 3430 dixit
2884 3379 2981 3431 eis.

2015 3466 2242 3520 Miratur
2295 3467 2594 3520 inauditam
2654 3468 2799 3521 illam
2853 3477 3175 3537 potestatem
3217 3473 3510 3528 multitudo

1941 3557 2275 3619 Judacorum,
2304 3567 2357 3611 et
2388 3573 2530 3628 aegre
2558 3558 2852 3612 admodum
2891 3559 3070 3614 ferunt
3099 3560 3190 3631 qui
3222 3563 3273 3616 in
3305 3566 3511 3635 templo

1943 3649 2225 3712 sedebant,
2260 3664 2366 3701 non
2403 3663 2578 3716 pauco
2612 3665 2671 3704 se
2701 3660 2915 3720 qumstn
2944 3652 3183 3707 orbatos.
3214 3653 3400 3724 Neque
3426 3672 3510 3710 ve-

1943 3754 2002 3791 ro
2037 3748 2266 3808 arguere
2298 3749 2526 3808 possunt
2548 3756 2671 3794 eum
2709 3751 2971 3811 tanquam
3000 3759 3109 3797 non
3143 3754 3290 3801 recte
3323 3746 3510 3816 loqua-

1941 3841 2066 3896 tur,
2098 3847 2220 3885 cum
2263 3833 2524 3901 templum
2570 3831 2661 3886 Dei
2706 3834 3095 3904 negotiationis
3129 3835 3351 3890 domum
3398 3853 3506 3891 non

1942 3937 2064 3975 esse
2089 3920 2396 3974 faciendum
2422 3925 2640 3988 statuit;
2670 3924 2764 3977 sed
2799 3934 3162 3978 mercatorum
3193 3925 3346 3998 1&1
3372 3927 3510 3996 fugae

1941 4029 2146 4066 moram
2177 4021 2418 4075 struunt,
2444 4024 2820 4082 praetexentes,
2849 4031 2955 4068 non
2983 4032 3106 4070 esse
3136 4017 3286 4071 illico
3315 4033 3510 4086 paren-

1944 4105 2066 4157 dum
2097 4105 2179 4165 ei,
2221 4119 2396 4172 neque
2420 4113 2624 4158 temere
2671 4120 2768 4174 pro
2807 4106 2915 4159 ﬁlio
2958 4106 3049 4160 Dei
3093 4107 3504 4178 recipiendum,

1944 4195 2030 4262 qui
2061 4194 2213 4247 nullo
2245 4193 2422 4246 adhuc
2459 4195 2614 4263 signo
2647 4196 2717 4249 sit
2754 4196 3034 4262 probatus.

2010 4371 2074 4432 Il,
2113 4373 2198 4426 19.
2229 4371 2505 4437 Respondit
2537 4371 2714 4437 Iesus,
2746 4384 2792 4427 ct
2825 4375 2962 4427 dixit
2999 4377 3073 4429 eis
3105 4391 3121 4429 :
3154 4377 3351 4432 Solrite
3375 4389 3506 4434 lem-

1936 4466 2080 4529 plum
2105 4466 2221 4527 hoc,
2241 4475 2288 4518 et
2316 4466 2368 4518 iu
2388 4464 2555 4518 tribus
2573 4465 2750 4518 diebus
2769 4467 3033 4519 suscitabo
3063 4469 3214 4520 illud.
3247 4470 3501 4522 Dixerunt

1938 4570 2056 4622 ergo
2084 4553 2281 4608 Judwi.

2009 4648 2158 4702 Bono
2191 4649 2425 4703 consilio
2469 4649 2608 4702 bona
2651 4648 2959 4717 petentibus
2993 4661 3238 4719 prompte
3271 4653 3501 4722 largitur

1944 4743 2084 4797 Deus
2133 4761 2144 4794 :
2200 4743 2289 4809 qui
2335 4756 2463 4794 vero
2510 4740 2749 4794 tentandi
2790 4741 2959 4808 gratia
3007 4743 3244 4804 adeunt,
3287 4745 3354 4798 iis
3395 4762 3500 4798 non

1944 4837 2119 4889 Solum
2149 4849 2271 4902 qua:
2297 4843 2488 4902 petunt
2517 4833 2699 4901 largiri
2731 4833 2942 4895 abnuit,
2971 4849 3154 4888 verum
3181 4837 3343 4888 etiam
3380 4839 3502 4891 illos

1942 4926 2295 4994 malignitatis
2325 4924 2524 4991 arguit.
2557 4922 2647 4976 Sic
2676 4923 2977 4979 Pharismos
3011 4927 3223 4995 signum
3259 4935 3504 4995 petentes

1941 5016 2062 5070 aliis
2097 5017 2149 5068 in
2190 5013 2602 5082 Evangeliornm
2644 5013 2778 5065 lo«:is
2815 5015 2998 5067 acrius
3023 5016 3387 5083 reprehendit,
3419 5017 3504 5069 di-

1941 5121 2101 5159 cens:
2129 5122 2146 5153 ι
2167 5103 2455 5157 Generatio
2481 5102 2616 5153 mala
2637 5109 2691 5155 et
2711 5101 2954 5157 adultera
2974 5105 3187 5173 signum
3211 5106 3427 5175 quau-it,
3450 5118 3504 5160 ct

1942 5199 2154 5265 signum
2177 5211 2282 5249 non
2304 5195 2522 5248 dabitur
2542 5196 2613 5258 ei,
2641 5195 2745 5248 nisi
2777 5195 2996 5264 signum
3025 5195 3178 5252 Jonas
3205 5200 3504 5270 prophetae.

1943 5289 2096 5343 Sicut
2129 5289 2272 5342 enim
2310 5288 2411 5342 fuit
2444 5287 2612 5342 Jonas
2651 5289 2703 5342 in
2736 5299 2923 5343 ventre
2968 5291 3072 5344 ceti
3107 5291 3287 5347 tribus
3315 5293 3508 5347 diebus

1942 5390 1998 5436 et
2027 5381 2204 5435 tribus
2247 5380 2522 5443 noctibus,
2549 5380 2629 5434 sic
2651 5381 2754 5433 erit
2775 5378 2944 5435 Filius
2984 5381 3220 5438 hominis
3259 5383 3312 5437 in
3341 5387 3508 5440 corde

216 5476 311 5542 τῇ
357 5468 535 5537 κοιλίᾳ
557 5468 648 5519 τοῦ
670 5470 863 5537 κήτους
894 5471 1036 5538 τρεῖς
1070 5469 1280 5538 ἡμέρας
1311 5470 1403 5521 καὶ
1435 5473 1581 5540 τρεῖς
1610 5473 1830 5534 νύκτας,

212 5569 437 5623 οὓτως
471 5561 622 5612 ἔσται
653 5561 748 5612 καὶ
782 5561 810 5610 ὁ
843 5561 966 5622 Υἱὸς
996 5561 1091 5612 τοῦ
1131 5560 1416 5630 ἀνθρώπου
1449 5563 1505 5615 ὲν
1537 5565 1601 5632 τῇ
1636 5564 1830 5634 καρδίᾳ

1940 5483 2102 5528 terrae
2138 5473 2316 5526 tribus
2350 5471 2543 5526 diebus
2587 5482 2638 5526 et
2681 5473 2859 5526 tribus
2898 5472 3153 5528 noctibus
3183 5474 3248 5526 “.
3290 5493 3308 5525 ›
3350 5473 3505 5541 Quod

1939 5582 2068 5636 ergo
2103 5565 2209 5617 illis
2243 5564 2482 5627 (licebat,
2516 5565 2658 5617 istud
2695 5565 2857 5618 etiam
2891 5564 2998 5628 his,
3023 5565 3216 5634 paucis
3245 5566 3506 5620 immuta-

206 5661 357 5724 τῆς
389 5653 494 5722 γῆς
522 5655 668 5722 τρεῖς
701 5653 914 5722 ἡμέρας
943 5652 1036 5704 καὶ
1067 5655 1211 5721 τρεῖς
1239 5652 1454 5715 νύκτας.
1489 5673 1504 5703 ι
1542 5655 1717 5725 Ὅπερ
1739 5653 1829 5706 οὖν

1943 5657 2035 5713 tis,
2067 5656 2177 5711 ait;
2224 5655 2483 5706 tentando
2540 5653 2684 5705 enim
2736 5663 2965 5721 petunt,
3020 5665 3072 5706 nl
3133 5656 3228 5707 illi.
3279 5655 3507 5726 Signum

311 5829 594 5882 “Hlalm.
623 5844 735 5888 rm,
772 5829 852 5879 ll.
935 5829 976 5857 ’δ’
1004 5828 1106 5879 lsa.
1136 5844 1207 5891 LI,
1239 5829 1316 5880 Il.
1394 5829 1435 5857 ‘5
1467 5829 1566 5881 l~:t.
1601 5846 1636 5893 ι,
1679 5831 1756 5896 ll,
1792 5834 1870 5886 li.
1950 5833 2208 5885 “'Mttth.
2242 5848 2348 5888 xw.
2383 5831 2509 5890 1,5.

511 5923 776 5982 1³.ιτιιυι..
813 5927 926 5981 (in.
968 5921 1237 5982 LXXill.

3087 5925 3119 5985 8
