4222 6510
218 435 317 492 257

1244 425 1303 477 ιΝ
1345 419 1629 477 J‘OANNIS
1657 416 2102 472 ιλιιλιιεωωι
2150 418 2274 467 Lm.
2322 416 2384 466 Ιι.

3361 414 3466 473 238

218 555 457 616 cﬁncat‘
481 550 534 601 οἱ
570 544 824 613 μαθηταὶ
865 540 1081 604 αὑτοῦ,
1119 539 1204 590 ὅτι
1238 535 1414 590 τοῦτο
1439 535 1641 602 ἕλες-ε’
1693 531 1785 582 καὶ
1822 535 1859 589 Α

1822 535 1859 589 Α
1893 535 2015 578 sunt
2042 523 2290 592 discipuli
2316 524 2452 589 eius,
2485 524 2610 592 quia
2641 523 2735 574 hoc
2766 521 2964 575 dicebat
2991 540 3008 576 :
3049 533 3098 576 et
3137 525 3463 579 crediderunt

225 644 592 693 ἐπίστευσαν
633 635 703 702 τῇ
761 637 807 686 Γ
802 631 968 701 pagg]
1008 631 1102 685 καὶ
1142 629 1221 694 τῷ
1268 631 1427 696 λόγῳ
1463 619 1509 691 ᾧ
1543 622 1708 678 εἶπεν
1761 625 1791 673 ὀ

229 731 472 796 Ἰησοῦς.

287 819 703 887 Εὖπαράδεκτος
735 815 812 884 τῷ
841 812 988 884 σοφῷ
1026 813 1124 881 τῆς
1160 811 1351 878 σοφίας
1397 812 1424 862 ό
1463 807 1649 874 λόγος’
1703 806 1792 855 ὲν-

221 914 390 975 ιζάνει
437 911 493 962 δὲ
548 911 655 961 τῶν
706 907 1042 977 μαθημάτων
1082 908 1114 975 ἡ
1159 904 1358 973 γνῶσις
1397 903 1507 963 τοῖς
1556 899 1792 961 συνετοῖς

217 1002 624 1069 εὐπετέστερον,
656 998 750 1049 καὶ
774 995 963 1066 ὥσπερ
988 996 1046 1048 ἐν
1069 992 1227 1064 κηρῷ
1258 993 1332 1062 μὴ
1366 990 1392 1042 λ
1437 1007 1485 1042 ιν
1511 986 1792 1056 ἀπεσκλη-

219 1093 334 1143 κὸτι
384 1091 560 1152 καλῶς
606 1088 940 1159 ἐγγράφεται
986 1088 1094 1138 τῶν
1159 1085 1487 1156 σημάντρων
1532 1083 1561 1133 ὁ
1601 1080 1792 1144 τύπος,

215 1184 386 1245 οὕτως
413 1185 467 1234 ὲν
497 1181 943 1251 τρυφερωτέραις
983 1177 1232 1248 καρδίαις
1263 1173 1567 1246 ἀνθρώπων
1597 1174 1626 1225 ὁ
1655 1171 1796 1233 θεῖος

218 1276 450 1344 ἑτοίμως
493 1276 837 1344 ἐμπήγνυται
881 1271 1036 1336 λόγος
1062 1287 1076 1303 ·
1123 1270 1212 1323 διὰ
1242 1268 1401 1322 τοῦτο
1430 1267 1521 1319 καὶ
1565 1265 1797 1335 πονηρὸς

218 1369 246 1417 ὁ
277 1365 697 1433 σκληροκάρδιος
728 1362 1070 1431 ὀνομάζεται.
1111 1360 1408 1428 Σοφοῦνται
1443 1358 1618 1412 τοίνυν
1658 1357 1798 1422 ἀγα-ο

220 1458 302 1510 θο“ι
331 1458 430 1527 τὴν
456 1455 568 1520 ’ἐξιν
594 1456 744 1518 ὄντες
769 1456 818 1507 οἱ
847 1455 1117 1525 μαθηταὶ,
1150 1455 1243 1506 καὶ
1266 1453 1388 1511 τοὺς
1409 1450 1514 1503 ἀπὸ
1534 1451 1630 1516 τῆς
1651 1449 1798 1510 θείας

219 1551 441 1619 Γραφῆς
463 1547 882 1616 ἀναμασσῶνται
915 1547 1125 1614 λόγους,
1156 1548 1233 1608 είς
1252 1542 1648 1614 ἀκριϐεστέραν
1674 1542 1801 1593 ἑαυ-

219 1642 345 1703 τοὺς
379 1640 734 1710 ἐκτρέψοντες
768 1639 998 1705 γνῶσιν,
1044 1639 1136 1691 καὶ
1183 1635 1508 1706 πεπηγότως
1550 1631 1800 1685 ἐντεῦθεν

222 1736 315 1787 ἐπὶ
366 1735 425 1785 τὸ
460 1731 735 1784 πιστεύειν
785 1731 1085 1800 ἐρχόμενοι.
1139 1727 1354 1795 Ἐπειδὴ
1406 1725 1500 1778 καὶ
1538 1724 1663 1786 ναὸς
1697 1726 1802 1776 ἁπ-

217 1825 423 1894 εκλήθη
448 1826 507 1876 το
543 1824 699 1892 σῶμα
723 1821 980 1892 Χριστοῦ,
1008 1821 1125 1882 πῶς
1150 1821 1250 1871 οὐκ
1278 1820 1342 1870 ἂν
1365 1818 1447 1886 είή
1477 1816 1618 1868 κατὰ
1642 1815 1800 1877 φύσιν

217 1917 353 1979 Θεὸς
381 1919 408 1968 ὁ
436 1915 658 1967 ὲνοικῶν
689 1914 836 1982 αὐτῷ
863 1912 1156 1983 μονογενὴς
1185 1911 1376 1977 Λόγος,
1409 1909 1564 1979 εἴπερ
1587 1907 1685 1959 οὐκ
1716 1907 1794 1956 ἐν-

218 2009 433 2077 δέχεται
457 2010 729 2061 κατοικεῖν
763 2009 820 2059 ἐν
841 2006 953 2076 ναῷ
976 2005 1228 2073 λέγεσθαι
1251 2004 1340 2055 τὸν
1371 2001 1470 2054 οὐκ
1499 2000 1628 2052 ὄντα
1645 1997 1796 2060 Θεόν;

227 2103 300 2152 ’Ἢ
323 2102 526 2168 λεγέτω
575 2098 857 2169 παρελθών
894 2116 976 2161 τις
1005 2099 1083 2160 είς
1115 2096 1276 2165 μέσον
1299 2134 1314 2158 ,
1363 2094 1507 2155 τίνος
1533 2091 1663 2143 ποτὲ
1693 2089 1802 2141 τῶν

223 2195 397 2260 ἁγίων
439 2193 560 2254 vota;
601 2191 879 2260 ἀπεκλήθη
928 2189 989 2242 τὸ
1021 2190 1176 2258 σῶμα
1197 2205 1208 2217 ·
1238 2187 1350 2240 ἀλλ’
1378 2186 1475 2239 οὐκ
1506 2185 1592 2242 ἂν,
1621 2180 1798 2250 οἶμαι,

224 2289 312 2349 τίς
339 2286 605 2348 ἐπιδείξαι
637 2286 696 2336 τὸ
731 2283 1015 2353 εἰρημένον
1039 2299 1050 2310 ·
1076 2282 1215 2350 φημὶ
1243 2279 1305 2348 δὴ
1345 2278 1548 2341 λοιπὸν,
1571 2277 1598 2328 ὃ
1620 2276 1680 2343 δὴ
1714 2275 1804 2327 καὶ

224 2380 472 2450 ὑπάρχον
496 2378 798 2447 εὑρήσομεν
828 2375 1020 2445 ἀληθὲς
1040 2416 1053 2437 ,
1088 2371 1332 2443 ἀκριϐῶς
1352 2371 1451 2438 τὴν
1480 2369 1632 2420 θείαν
1660 2369 1806 2436 ἐρευ-

221 2475 425 2535 νῶντες
474 2469 728 2540 Γραφὴν,
789 2468 865 2530 ὡς
913 2467 1088 2519 οὐδενὶ
1132 2465 1241 2517 τῶν
1285 2464 1455 2530 ἁγίων
1508 2464 1540 2531 ἡ
1584 2459 1802 2526 τοιαύτη

223 2564 541 2634 προσῆπται
585 2560 740 2629 τιμή.
788 2559 896 2611 Καὶ
940 2556 1067 2626 γοῦν
1105 2559 1132 2610 ό
1175 2554 1443 2626 μακάριος
1471 2550 1801 2619 Βαπτιστὴς,

224 2656 407 2708 καίτοι
431 2655 608 2721 πάσης
640 2651 738 2721 μὲν
773 2649 975 2721 ἀρετῆς
1005 2651 1084 2711 εἰς
1110 2646 1389 2716 ἀκρότητα
1417 2641 1685 2713 βεϐηκὼς,
1713 2658 1807 2710 μη-

223 2753 343 2806 δενῖ
375 2752 431 2804 δὲ
462 2749 597 2819 πρὸς
620 2746 900 2800 εὐσέϐειαν
922 2743 1222 2812 ἐπιτρέψας
1244 2739 1389 2808 ἔχειν
1417 2737 1478 2789 τὸ
1497 2737 1701 2805 μεῖζον,
1721 2731 1806 2784 διὰ

226 2846 332 2913 τῆς
371 2841 610 2911 Ἡρώδου
651 2837 846 2909 μανίας
879 2837 978 2904 τὴν
1021 2831 1260 2902 κεφαλὴν
1284 2828 1648 2896 ἀπετέμνετο,
1693 2823 1807 2876 ἀλλ’

227 2931 386 2984 οὐδὲν
427 2929 508 2980 ἐπ’
539 2925 686 2996 αὐτῷ
719 2925 942 2995 φέρεται
978 2921 1242 2975 τοιοῦτον.
1301 2917 1396 2970 Ἐκ
1427 2916 1483 2969 δὲ
1517 2915 1623 2968 τῶν
1657 2917 1809 2966 ὲναν-

230 3021 368 3073 τίων
417 3019 512 3071 καὶ
540 3017 856 3087 παχυτέραν
884 3015 975 3068 ἐπὶ
1010 3012 1105 3065 τοῦ
1138 3011 1392 3080 λειψάνου
1423 3010 1520 3078 τὴν
1555 3005 1696 3069 λέξιν
1721 3006 1812 3056 ἐττ-

230 3113 459 3181 ενόησεν
509 3114 538 3163 ὁ
580 3107 889 3178 Βαπτιστὴς
925 3105 1032 3178 [ῑσ.
1065 3105 1093 3156 ὁ
1122 3099 1542 3172 εὐαγγελιστὴς]
1566 3139 1579 3160 ,
1613 3101 1812 3150 οἰκονο-

236 3205 438 3274 μικῶς.
457 3202 531 3262 ὥς
560 3201 625 3270 γέ
648 3217 735 3271 μοι
765 3197 1138 3268 φαίνεται,κα“ι
1162 3195 1319 3247 τοῦτο
1340 3190 1528 3252 εἰπὼν,
1553 3190 1639 3242 ἵνα
1667 3188 1811 3255 μόνῳ
1840 3238 1848 3274 Α

233 3294 481 3364 σώζηται
529 3294 608 3362 τῷ
635 3291 854 3363 Χριστῷ
899 3289 960 3341 τὸ
992 3288 1226 3357 ἀξίωμα.
1279 3285 1483 3355 Γράφει
1519 3282 1575 3335 δὲ
1599 3279 1770 3341 οὕτως
1796 3294 1808 3306 ·

239 3404 258 3436 ι
297 3387 407 3438 Καὶ
435 3384 678 3454 πέμψας,
712 3403 730 3435 ι
762 3381 946 3451 φησὶν,
970 3381 998 3432 ὁ
1023 3377 1303 3448 μιαιφόνος
1317 3373 1560 3444 Ἡρώδης
1593 3370 1815 3441 δηλαδὴ,

237 3479 366 3530 «τὴν
425 3476 678 3544 Ἰωάννην
728 3471 1130 3538 ἀπεκεφάλισεν
1177 3470 1235 3521 ὲν
1281 3469 1348 3538 τῇ
1401 3464 1613 3535 φυλακῇ
1658 3479 1672 3492 ·
1726 3461 1820 3514 καὶ

233 3552 632 3638 ’προσελθόντες
661 3567 707 3618 οἱ
744 3562 981 3633 μαθηται⁷
1009 3559 1206 3624 αὑτοῦ,
1247 3553 1390 3630 ἦραν
1416 3555 1477 3609 τὸ
1502 3553 1702 3624 πτῶμα
1726 3553 1822 3605 αὐ-

231 3660 355 3713 τοῦ.
384 3679 403 3709 ι
456 3658 518 3710 Εἰ
544 3657 599 3708 δὲ
629 3655 827 3724 πτῶμα
858 3653 1102 3706 καλεῖται
1145 3650 1206 3704 τὸ
1247 3647 1494 3702 Ἰωάννου
1523 3645 1682 3715 σῶμα
1700 3683 1715 3707 ,
1759 3643 1822 3696 τὸ

237 3753 386 3811 τίνος
415 3750 565 3801 ἔσται
599 3747 722 3810 ναός
745 3764 760 3810 ;
782 3744 904 3798 καθ’
937 3745 1121 3813 ἓτερον
1152 3741 1303 3804 ὄντος
1331 3739 1507 3805 λόγον,
1533 3738 1628 3790 τοῦ
1658 3735 1821 3797 ναοὺς

235 3843 395 3912 ἡμᾶς
426 3839 676 3910 εἰρῆσθαι
701 3836 836 3889 Θεοῦ
863 3877 876 3900 ,
912 3835 998 3888 διὰ
1024 3833 1085 3887 τὸ
1121 3831 1368 3886 ἐνοικοῦν
1417 3831 1475 3884 ὲν
1509 3830 1639 3899 ἡμῖν
1669 3827 1821 3895 ἀγιον

237 3933 473 4002 Πνεῦμα
498 3948 510 3960 °
556 3929 691 3983 Θεοῦ
728 3929 835 3999 γὰρ
877 3927 1064 3989 πάλιν,
1119 3924 1213 3977 καὶ
1241 3924 1338 3993 οὐχ
1365 3920 1574 3975 ἑαυτῶν
1607 3935 1823 3989 χρημα-

241 4021 627 4094 τιζομενναοί.
654 4020 788 4072 Ἀλλ’
823 4020 949 4083 ἴσως
980 4019 1095 4088 ἐρεῖ
1120 4033 1204 4079 τις
1229 4031 1242 4044 ·
1265 4012 1388 4076 Πῶς
1414 4008 1526 4074 οὖν,
1555 4009 1674 4063 είπέ
1711 4024 1820 4077 μοι,

235 4120 342 4171 καὶ
356 4115 518 4178 αὐτὸς
531 4116 558 4166 ὁ
577 4112 766 4182 Σωτὴρ
784 4112 845 4163 τὸ
859 4111 987 4164 ἴδιον
1006 4109 1080 4161 at?)
1088 4125 1163 4178 μα
1181 4109 1379 4175 πτῶμα
1395 4104 1569 4165 καλεῖς
1583 4123 1601 4152 ι
1615 4103 1814 4153 ’Ὁπουι

235 4212 358 4278 γάρ
380 4248 395 4271 ,
429 4206 613 4274 φησὶν,
638 4223 655 4252 ι
688 4205 782 4256 ἐὰν
881 4201 939 4254 τδ
975 4199 1200 4269 πτῶμα,
1234 4199 1348 4249 ἐκεῖ
1394 4193 1821 4263 συναχθήσονται

233 4303 293 4354 οἱ
327 4297 501 4352 ἀετοί.
538 4316 555 4347 ι
603 4295 744 4365 Πρὸς
783 4293 846 4363 δὴ
906 4292 997 4345 καὶ
1042 4288 1203 4342 τοῦτό
1234 4303 1442 4357 φαμεν,
1489 4284 1563 4347 ὡς
1599 4285 1658 4336 οὐ
1697 4283 1824 4352 περὶ

232 4390 340 4443 τοῦ
373 4388 504 4441 ἰδίου
532 4386 781 4455 σώματος
805 4383 908 4452 ἔφη
938 4380 1109 4435 ταῦτα
1147 4379 1414 4450 Χριστὸς,
1450 4375 1565 4430 ἀλλ’
1602 4373 1677 4438 ὡς
1707 4373 1824 4443 τρό-

232 4497 334 4550 ττῳ
364 4475 684 4552 παραϐολῆς
717 4474 808 4527 καὶ
834 4473 1071 4543 σχήματι
1103 4471 1202 4541 τὴν
1229 4466 1494 4539 ἐσομένην
1516 4465 1626 4520 τῶν
1654 4465 1824 4533 ἁγίων

1896 619 2183 685 Scriptura:
2213 627 2260 669 et
2289 616 2518 670 sermoni
2547 631 2698 684 quem
2719 613 2856 666 dixit
2884 612 3060 669 Jesus.

1972 815 2216 884 Sapienti
2267 821 2456 883 gratus
2500 821 2584 867 est
2631 826 2812 866 sermo
2853 811 3160 881 sapientiae,
3210 813 3264 868 et
3303 814 3470 869 disci-

1897 909 2167 978 plinarum
2212 907 2453 979 cognitio
2484 907 2912 978 intelligentibus
2949 909 3183 964 celerius
3219 909 3418 965 insidet
3454 930 3466 963 :

1895 1010 1950 1056 et
1980 1000 2445 1071 quemadmodum
2493 1001 2547 1054 in
2599 1015 2726 1055 cera
2765 1013 2868 1054 non
2903 999 3070 1058 nimis
3115 1002 3253 1057 dura
3296 1003 3468 1073 ﬁgura

1898 1092 2302 1162 signaculorum
2355 1098 2503 1146 recte
2540 1090 2895 1160 imprimitur,
2925 1093 3005 1148 sic.
3043 1092 3097 1146 in
3135 1094 3341 1148 teneris
3372 1093 3470 1146 ho—

1899 1185 2106 1238 minum
2157 1183 2419 1240 cordibus
2473 1192 2660 1238 sermo
2707 1184 2927 1240 divinus
2967 1185 3126 1240 facile
3175 1185 3465 1256 inﬁgitur:

1902 1275 2133 1344 ideoque
2160 1275 2445 1342 improbus
2473 1273 2595 1327 duri
2626 1272 2810 1327 cordis
2837 1273 3180 1327 nominatur.
3201 1275 3474 1328 Erudiun-

1900 1376 1991 1420 tur
2032 1366 2216 1435 itaque
2266 1365 2520 1433 discipuli
2556 1365 2700 1419 facili
2749 1381 2875 1420 cum
2944 1365 3183 1435 ingenio,
3226 1375 3281 1421 et
3315 1366 3470 1421 Scri-

1899 1467 2077 1530 ptura:
2107 1459 2306 1513 divina:
2324 1470 2605 1513 sermones
2631 1459 3158 1529 ruminant,seipsos
3187 1461 3252 1514 ad
3282 1463 3471 1530 exqui-

1902 1552 2144 1606 sitiorem
2165 1550 2531 1620 cognitionem
2566 1549 2891 1614 nutrientes,
2912 1559 2965 1603 et
2995 1551 3123 1606 hinc
3144 1551 3298 1606 ﬁrmo
3337 1551 3472 1621 pede

1904 1643 1966 1695 ad
2007 1642 2341 1696 credendum
2383 1643 2686 1696 venientes.
2720 1643 2855 1696 Cum
2896 1644 3040 1697 enim
3077 1644 3332 1713 templum
3375 1660 3470 1697 vo-

1903 1741 2087 1785 catum
2130 1731 2207 1787 'sit
2262 1747 2462 1802 corpus
2510 1733 2738 1795 Christi,
2783 1735 3056 1803 quomodo
3087 1751 3194 1788 non
3232 1736 3335 1793 crit
3387 1751 3472 1790 se-

1904 1827 2144 1879 cundum
2188 1833 2441 1878 naturam
2476 1825 2617 1881 Deus
2671 1827 2826 1898 143
2862 1827 3204 1896 unigenitum
3236 1826 3471 1882 Verbum

1903 1918 2046 1985 quod
2080 1917 2348 1970 inhabitat
2388 1920 2440 1971 in
2475 1932 2561 1980 co,
2596 1920 2865 1988 siquidem
2904 1921 2957 1972 in
2999 1919 3200 1988 templo
3229 1919 3474 1973 habitare

1903 2021 2250 2075 nequaquam
2298 2008 2343 2060 is
2395 2008 2601 2061 dicitur
2641 2011 2731 2078 qui
2781 2025 2888 2063 non
2935 2011 3004 2063 sit
3052 2009 3231 2065 Deus?
3257 2010 3471 2078 Alioqui

1905 2097 2133 2167 prodeat
2191 2098 2394 2166 aliquis
2452 2099 2504 2152 in
2563 2101 2824 2165 medium,
2870 2109 2923 2155 et
2981 2101 3127 2154 dicat
3189 2102 3472 2170 cujusnam

1906 2192 2080 2244 sancti
2134 2206 2334 2260 corpus
2389 2192 2648 2260 templum
2683 2193 2848 2247 fuerit
2888 2194 3216 2262 appellatum
3251 2213 3262 2244 :
3293 2208 3472 2252 neruo,

1907 2290 1966 2354 ut
1995 2283 2210 2350 Opinor,
2250 2283 2300 2335 id
2329 2283 2653 2337 ostenderit.
2677 2283 2805 2337 ilico
2836 2285 3038 2352 itaque,
3072 2300 3251 2353 neque
3281 2285 3332 2338 id
3372 2285 3478 2338 fal-

1908 2388 2026 2427 sum
2069 2388 2190 2426 essu
2247 2374 2675 2443 enmperieuuts,
2733 2375 2778 2426 si
2834 2375 3076 2428 divinam
3135 2375 3474 2444 Seripturam

1910 2474 2167 2518 accurate
2199 2465 2433 2518 serutari
2467 2465 2717 2529 velimus,
2757 2466 2890 2519 nulli
2935 2476 3124 2520 sancto
3166 2467 3219 2521 id
3253 2467 3477 2520 honoris

1907 2568 2030 2607 esse
2062 2555 2348 2608 tributum.
2381 2553 2444 2606 Et
2476 2568 2608 2608 sane
2644 2555 2864 2608 tametsi
2909 2555 3100 2610 beatus
3136 2553 3378 2623 Baptista
3412 2558 3476 2609 ad

1911 2648 2124 2715 apicem
2159 2648 2376 2700 virtutis
2404 2646 2584 2698 omnis
2625 2649 2954 2714 pervenerit,
2995 2663 3093 2701 nec
3138 2648 3230 2701 ulli
3279 2650 3478 2717 pietate

1911 2737 2188 2792 secundus
2236 2736 2466 2791 llerodis
2511 2736 2698 2791 furore
2737 2737 2914 2806 capite
2954 2746 3244 2793 truncatus
3294 2741 3476 2800 fuerit.

1912 2829 2047 2882 nihil
2087 2839 2270 2882 tamen
2321 2829 2388 2882 de
2437 2829 2556 2899 ipso
2597 2831 2704 2884 tale
2749 2830 2944 2884 fertur.
2992 2831 3194 2885 Contra
3235 2848 3368 2889 vero
3414 2835 3480 2888 dc

1911 2921 2031 2989 ejus
2063 2922 2277 2976 exuviis
2329 2924 2662 2992 evangelista
2708 2923 3030 2978 vocabulum
3077 2925 3273 2980 durius
3319 2941 3481 2982 exco-

1913 3014 2124 3082 gitavit,
2151 3015 2437 3084 singulari,
2469 3022 2530 3068 ut
2579 3015 2713 3068 mihi
2745 3014 2978 3078 videtur,
3009 3017 3260 3080 consilio,
3292 3024 3351 3069 ut
3387 3017 3478 3071 uni

1913 3103 2137 3158 Christo
2183 3104 2420 3174 dignitas
2469 3112 2800 3159 servaretur.
2848 3105 2940 3157 Sic
2991 3114 3173 3158 autem
3227 3106 3422 3160 scribit
3467 3123 3480 3158 :

1922 3208 1940 3241 ι
1989 3189 2052 3245 Ει
2083 3192 2324 3256 mittens,
2368 3211 2386 3244 ι
2436 3185 2676 3247 Herodes
2705 3194 2794 3247 ille
2824 3193 3065 3247 crudelis
3098 3195 3376 3257 nimirum,
3405 3195 3484 3249 in-

1917 3284 2058 3352 quit,
2090 3302 2108 3334 ι
2139 3285 2428 3338 decollavit
2459 3284 2723 3339 Joannem
2759 3286 2816 3338 in
2852 3300 3093 3350 carcere,
3123 3295 3177 3339 et
3219 3286 3484 3341 acceden-

1919 3385 2002 3430 tes
2025 3376 2279 3444 discipuli
2318 3376 2440 3444 ejus
2471 3377 2716 3430 tulerunt
2745 3376 2981 3430 cadaver
3018 3377 3138 3444 ejus
3160 3379 3226 3432 ”.
3271 3395 3290 3428 ›
3329 3375 3483 3443 Quod

1920 3467 1964 3521 si
1995 3466 2224 3521 Joannis
2265 3481 2469 3536 corpus
2512 3467 2746 3520 cadaver
2769 3469 3096 3538 appellatur,
3127 3469 3386 3538 templum
3421 3470 3486 3524 de

1920 3572 2158 3626 quonam
2201 3557 2453 3611 dicetur?
2495 3557 2709 3628 Quippe
2761 3558 2866 3612 alia
2929 3559 3068 3611 ratio
3115 3569 3195 3614 est
3248 3575 3349 3614 cur
3394 3558 3484 3615 Dei

1923 3650 2124 3719 templa
2155 3649 2455 3718 nuncupati
2492 3649 2778 3715 fuerimus,
2814 3657 3043 3720 propter
3087 3650 3486 3706 inliabitantem

1924 3739 2187 3809 Spiritum
2238 3748 2490 3795 sanctum
2546 3742 2598 3795 in
2637 3743 2811 3797 nobis.
2859 3741 2992 3795 Nam
3041 3751 3094 3796 et
3147 3742 3346 3810 templa
3395 3739 3488 3795 Dei

1921 3833 2178 3899 dicimur,
2211 3849 2317 3887 non
2365 3835 2561 3888 nostri.
2594 3834 2663 3887 At
2699 3835 2846 3890 enim
2895 3835 3120 3903 objiciet
3176 3830 3361 3889 fui'san
3393 3836 3490 3889 ali-

1922 3925 2046 3993 quis
2070 3945 2081 3978 :
2104 3924 2391 3990 Quomodo
2417 3926 2603 3995 igitur,
2631 3942 2840 3995 qua-so,
2862 3942 3019 3981 suum
3053 3940 3272 3996 quoque
3292 3942 3493 3995 corpus

1926 4017 2041 4085 ipse
2081 4015 2332 4069 Salvator
2360 4017 2594 4070 cadaver
2623 4015 2904 4071 nominat?
2929 4018 3141 4072 Alicubi
3177 4019 3319 4072 enim
3361 4019 3435 4071 ait
3479 4037 3488 4070 :

1930 4122 1947 4153 ι
1996 4103 2317 4172 Ubicunque
2364 4103 2529 4158 fuerit
2572 4106 2822 4168 cadaver,
2876 4106 2947 4159 ibi
3008 4108 3491 4175 congregabuntur

1923 4196 2118 4264 aquilae
2151 4196 2216 4248 ’³.
2261 4215 2277 4246 ι
2314 4187 2393 4248 Ad
2447 4195 2577 4248 illud
2632 4196 3062 4266 respondemus,
3097 4196 3374 4251 Christum
3426 4197 3490 4249 de

1923 4304 2024 4343 suo
2057 4301 2287 4356 corpore
2319 4299 2429 4340 naec
2457 4301 2565 4339 non
2594 4285 2822 4351 dixisse,
2851 4287 2943 4341 sed
2983 4287 3037 4340 in
3070 4288 3288 4342 modum
3328 4304 3489 4357 para-

1923 4379 2062 4433 bolae
2087 4385 2309 4432 sanctos
2336 4377 2401 4430 ad
2435 4392 2494 4432 sc
2523 4387 2652 4430 tunc
2693 4378 2952 4447 temporis
2982 4385 3247 4433 venturos
3277 4381 3490 4449 signiti-

1924 4486 2071 4535 eare,
2097 4484 2224 4525 cum
2254 4470 2435 4524 denuo
2475 4469 2635 4524 nobis
2679 4471 2963 4540 apparebit
3003 4485 3124 4526 cum
3159 4473 3365 4526 sanctis
3394 4488 3490 4525 an-

231 4569 332 4621 ἐπ¹
379 4564 542 4618 αὑτὸν
585 4561 886 4632 συνδρομὴν
938 4561 1058 4612 κατ’
1089 4559 1266 4611 ἐκεῖνο
1313 4557 1566 4627 σημαίνει
1605 4553 1818 4624 καιροῦ,
1853 4576 1898 4632 ι)

1853 4563 2062 4636 Dgelis
2115 4563 2168 4616 in
2221 4561 2394 4631 gloria
2432 4560 2612 4614 Patris
2667 4560 2774 4615 sui.
2808 4561 3275 4625 Quemadmodum
3323 4564 3486 4624 enim,

226 4659 380 4709 ὅταν
413 4649 568 4715 αὖθις
595 4653 728 4721 ἡμῖν
770 4650 828 4716 ἐξ
873 4647 1117 4720 οὐρανῶν
1162 4647 1513 4716 ὲπιφαίνηται
1556 4645 1691 4716 μετὰ
1715 4643 1822 4696 τῶν

227 4748 426 4814 ἁγίων
456 4744 719 4811 ἀγγέλων,
737 4743 872 4812 ὲντῇ
896 4740 1022 4810 δόξῃ
1051 4737 1146 4791 τοῦ
1175 4737 1388 4810 Πατρὺς
1403 4735 1587 4791 αὑτοῦ.
1620 4739 1822 4806 Ὀνπερ

227 4839 359 4907 γὰρ
389 4835 610 4905 τρόπον,
633 4815 818 4904 φησὶν,
841 4833 896 4884 αἱ
925 4831 1033 4884 τῶν
1057 4830 1378 4901 κρεοφάγων
1405 4830 1606 4899 ὀρνέων
1636 4828 1825 4896 ἀγέλαι

226 4929 344 4982 ἐπὶ
381 4926 452 4977 τὰ
492 4924 754 4976 πίπτοντα
797 4922 906 4974 τῶν
957 4921 1224 4990 σωμάτων
1271 4919 1383 4984 ὀξεῖ
1429 4919 1825 4988 καταφέρονται

229 5018 444 5091 ῥοίζῳ,
477 5015 616 5067 οὕτω
642 5013 732 5067 καὶ
764 5013 920 5082 ὑμεῖς
945 5012 1030 5064 ἐπ’
1078 5011 1176 5081 ἐμὲ
1206 5008 1628 5080 συναχθήσεσθε.
1670 5010 1734 5061 Ὀ
1762 5007 1826 5080 δὴ

223 5111 347 5163 καὶ
367 5107 580 5169 Παῦλος
607 5107 735 5177 ἡμῖν
750 5102 1087 5174 ἀπεγύμνου,
1123 5102 1297 5170 λέγων
1321 5115 1334 5129 ⁸
1365 5119 1383 5152 ι
1409 5100 1666 5153 Σαλπίσει
1693 5099 1824 5172 γὰρ,

224 5203 348 5257 καὶ
383 5200 435 5252 οἱ
470 5197 654 5267 νεκροὶ
690 5195 1071 5266 ἐγερθήσονται
1101 5193 1399 5262 ἄφθαρτοι·
1430 5210 1447 5242 ι
1470 5192 1561 5244 καὶ
1596 5192 1700 5262 μὴν
1735 5194 1828 5246 καὶ

223 5290 509 5363 ἑτέρωθι,
557 5289 694 5342 «Καὶ
723 5289 779 5340 ὲν
817 5286 1069 5355 νεφέλαις
1094 5283 1525 5356 ἁρπαγησόμεθα
1563 5285 1641 5346 είς
1667 5285 1833 5338 ἀπάν·

217 5401 417 5453 τησιν
458 5380 551 5433 τοῦ
589 5379 790 5450 Κυρίου
822 5380 900 5441 είς
929 5377 1066 5446 ἀέρα
1092 5393 1106 5408 ο
1143 5377 1236 5430 καὶ
1268 5376 1440 5438 οὕτως
1471 5375 1697 5428 πάντοτε
1733 5379 1829 5430 σὺν

1932 4651 2556 4722 inquit,carnivorarum
2585 4650 2765 4703 avium
2791 4665 2982 4718 greges
3000 4651 3359 4705 stridentibus
3391 4653 3494 4705 alis

1932 4750 1986 4804 in
2011 4749 2275 4803 cadavera
2316 4745 2594 4810 devolant,
2635 4747 2715 4800 sic
2754 4747 2914 4800 etiam
2945 4761 3039 4801 vos
3081 4749 3146 4799 ad
3175 4763 3258 4801 mc
3292 4763 3495 4800 convo-

1932 4838 2135 4894 labitis.
2176 4835 2331 4902 Quod
2367 4850 2500 4891 sane
2533 4834 2736 4889 Paulus
2787 4851 3006 4904 quoque
3065 4836 3222 4890 nobis
3259 4836 3497 4889 declarat

1935 4928 2024 4984 his
2053 4926 2235 4982 verbis
2269 4943 2284 4981 :
2319 4945 2335 4976 ι
2380 4925 2551 4979 Canet
2595 4925 2740 4978 enim
2779 4924 2929 4988 tuba,
2959 4931 3012 4978 et
3068 4925 3268 4977 mortui
3316 4939 3498 4977 resur-

1934 5027 2062 5089 gent
2104 5015 2402 5084 incorrupti
2447 5019 2514 5067 θ’.
2575 5033 2592 5064 ι
2656 5015 2720 5068 Et
2769 5015 2942 5067 alibi:
2989 5034 3006 5066 ι
3043 5013 3104 5068 Ει
3148 5015 3202 5068 in
3259 5015 3500 5070 uultibus

1935 5109 2214 5178 rapiemur
2247 5106 2462 5159 obviam
2497 5107 2721 5159 Christo
2753 5107 2803 5157 in
2846 5120 2993 5166 acra.
3049 5115 3102 5160 ct
3159 5106 3237 5160 sic
3283 5122 3500 5176 semper

1934 5214 2056 5253 cum
2091 5197 2318 5252 Domino
2351 5199 2557 5250 erimus
2589 5197 2656 5248 9".
2704 5217 2718 5246 ι
2776 5197 2914 5250 Nihil
2954 5213 3086 5269 ergo
3137 5199 3334 5254 rationi
3369 5201 3502 5253 veri—

1935 5289 2070 5343 tatis
2114 5287 2299 5347 omcit,
2343 5287 2489 5354 quod
2533 5302 2596 5339 ex
2659 5286 3014 5341 similitudine
3060 5288 3127 5341 ad
3172 5304 3286 5342 rem
3319 5289 3504 5358 expri-

1936 5379 2186 5434 mendam
2226 5378 2535 5431 tradnctum
2571 5387 2670 5430 est.

225 5474 451 5544 Κυρίῳ
492 5470 744 5541 ἐσόμεθα.
777 5487 796 5520 ι
856 5468 1123 5538 Ἀδικήσει
1150 5468 1438 5537 τοιγαροῦν
1466 5467 1614 5520 οὐδὲν
1662 5468 1722 5521 τὸ
1773 5467 1832 5533 ἐξ
1867 5469 2175 5542 ὁμοιώσεως
2219 5471 2298 5532 είς
2345 5469 2526 5522 εἰκόνα
2568 5467 2770 5537 ληφθὲν
2809 5468 2904 5538 τῆς
2944 5466 3198 5540 ἀληθείας
3257 5473 3356 5546 τὴν
3418 5475 3513 5528 6-3.

221 5599 258 5629 ν
272 5593 313 5628 1
327 5589 446 5629 μιν.

377 5591 446 5622 ιν.

326 5591 441 5725 ξξίὶς
463 5661 530 5713 δὲ
560 5655 637 5730 ἦν
667 5658 735 5711 ἐν
768 5657 891 5724 τοῖς
927 5658 1356 5726 Ἱεροσολύμοις
1394 5657 1463 5710 ἐν
1483 5673 1563 5720 τῳ
1592 5657 1824 5726 Πάσχα,

349 5849 395 5879 ε’
430 5845 614 5900 Matth.
656 5861 766 5908 νιν,
813 5845 896 5911 10,
933 5846 1016 5898 12.
1091 5847 1135 5877 ⁵³
1168 5844 1355 5898 Matth.
1389 5859 1534 5906 “iv,
1568 5842 1657 5896 ~28.

1735 5842 1777 5872 ⁵³
1814 5838 1830 5891 1
1861 5838 1988 5892 Cor.
2019 5851 2107 5898 xv.
2141 5831 2230 5886 52.

2010 5650 2073 5716 ll,
2102 5650 2190 5703 25.
2235 5649 2367 5704 Cum
2400 5659 2574 5702 autem
2609 5663 2740 5703 esset
2772 5648 3152 5723 Hierosolymis
3185 5656 3235 5708 iu
3278 5655 3503 5723 Pascha,

2309 5835 2350 5861 νδ
2387 5831 2400 5882 l
2441 5831 2637 5887 Thess.
2670 5848 2740 5900 iv,
2776 5833 2861 5886 ιο.
