4222 6510
202 436 293 486 2M
1272 439 1336 492 ΙΝ
1376 436 1661 491 JOANNIS
1697 434 2144 490 I'LVANGELIUM
2185 436 2306 490 LIB.
2340 437 2401 491 ll.

3348 441 3454 496 242

214 541 299 605 Ὠς
326 543 433 612 γὰρ
466 544 735 611 φυτεύσας
762 544 822 597 τὸ
874 540 994 609 οὖς,
1053 545 1230 600 πάντα
1259 549 1630 618 ὲπακροᾶται,
1677 548 1768 600 καὶ
1800 551 1841 604 Α
1872 572 1881 599 ι

1800 551 1841 604 Α
1872 546 2036 602 Audit
2059 548 2203 602 enim
2240 549 2446 612 omnia,
2476 556 2534 601 ut
2570 549 2663 618 qui
2693 548 2960 619 plantavit
2983 562 3203 614 aurem;
3234 556 3285 604 et
3316 564 3451 603 ροη-

203 635 278 698 ώς
304 634 512 698 πλάσας
540 636 630 687 τὸν
656 637 963 708 ὀφθαλμὸν,
996 643 1268 694 κατανοεῖ.
1309 640 1416 693 Καὶ
1447 640 1509 710 δὴ
1536 639 1687 707 εἰσφέ
1700 655 1779 706 ρε-

203 742 291 777 ται
327 726 498 793 λέγων
544 727 601 778 ὲν
648 728 763 781 Ἰώ6
785 744 798 758 ο
851 746 869 778 ι
904 729 1000 791 Τίς
1028 723 1182 793 οὗτος
1205 734 1231 783 ὁ
1262 731 1520 800 κρύπτων
1557 748 1622 799 με
1658 730 1778 800 βου-

203 818 329 886 λὴν,
384 818 693 886 συνέχωνδὲ
735 822 952 889 ῥήματα
1014 822 1071 874 ἐν
1101 824 1334 893 καρδίᾳ,
1379 823 1480 892 ἐμὲ
1532 822 1587 874 δὲ
1607 823 1777 874 οἴεται

204 909 495 979 κρύπτειν;
522 928 540 959 ι
577 909 691 961 Ἵνα
733 910 913 962 τοίνυν
940 911 1073 963 Θεὸν
1111 911 1239 965 ὄντα
1282 913 1424 966 κατά
1464 911 1627 979 φύσιν
1660 913 1779 962 ὲπι-

202 998 541 1067 γινώσκομεν
580 998 670 1051 τὸν
694 999 851 1061 Υίὸν,
899 1000 1216 1068 ἀναγκαίως
1242 1018 1407 1071 φησιν
1440 1002 1468 1053 ὁ
1498 998 1780 1067 εὐαγγελι-

204 1088 358 1157 στής·
399 1106 417 1139 ι
438 1089 557 1142 ’Ότι
575 1089 762 1158 χρείαν
786 1090 884 1142 οὐκ
916 1086 1058 1158 εἶχεν
1084 1091 1170 1144 ἴνα
1189 1108 1270 1154 τις
1304 1091 1627 1161 μαρτυρήσῃ
1655 1089 1781 1158 περὶ

201 1178 297 1230 τοῦ
340 1178 664 1249 ἀνθρώπου·
718 1180 881 1244 αὐτὸς
933 1180 1041 1252 γὰρ
1088 1183 1352 1249 ἐγίνωσκε
1404 1181 1453 1233 τί
1499 1178 1564 1251 ἦν
1606 1184 1662 1233 ὲν
1704 1179 1780 1250 τῷ

202 1268 301 1322 ἀνθ
311 1269 494 1341 ρώπῳ.
524 1290 543 1324 ι

271 1357 385 1417 Ἦν
407 1361 473 1414 δὲ
502 1362 807 1432 ἅνθρωπος
831 1365 899 1418 ἐκ
934 1364 1051 1418 τῶν
1078 1366 1433 1433 Φαρισαίων,
1452 1363 1782 1431 Νικόδημος

204 1455 392 1522 ὄνομα
427 1453 606 1519 αὐτῷ,
647 1455 847 1523 ἅρχων
886 1455 1004 1509 τῶν
1045 1456 1371 1511 Ἰουδαίων.
1419 1453 1607 1520 Οὗτος
1634 1451 1782 1524 ἦλθε

204 1547 356 1613 πρὸς
387 1546 573 1599 αὐτὸν
602 1548 839 1613 νυκτὸς,
868 1548 967 1602 καὶ
987 1545 1157 1624 εἶπεν
1178 1547 1357 1613 αὐτῷ.

289 1637 664 1708 Ἐτοιμύτερος
705 1640 804 1709 μὲν
841 1641 869 1692 ὁ
900 1641 1211 1711 Νικόδημος
1256 1642 1383 1711 περὶ
1416 1641 1476 1694 τὸ
1506 1640 1783 1693 πιστεύειν

203 1726 374 1790 ἐστὶν,
408 1728 547 1780 αἰδοῖ
578 1729 633 1780 δὲ
671 1730 771 1781 οὐκ
816 1729 999 1800 ἀγαθῇ
1040 1729 1359 1801 νικώμενος,
1385 1731 1542 1801 δόξης
1572 1748 1629 1783 τε
1667 1730 1782 1800 ἅμα

202 1816 302 1884 τῆς
324 1818 381 1869 ἐν
402 1815 706 1886 ἀνθρώποις
726 1820 783 1871 οὐ
810 1821 1101 1891 περιορῶν,
1127 1825 1470 1892 παραιτεῖται
1504 1823 1602 1892 τὴν
1638 1825 1780 1893 παρο

1884 640 2111 702 siderat,
2142 647 2199 692 ut
2235 640 2326 708 qui
2365 639 2519 693 tinxit
2547 641 2764 693 oculum
2789 641 2824 693 '.
2869 638 3025 695 Unde
3062 640 3113 691 in
3145 639 3242 694 Job
3279 639 3452 693 intro-

1884 730 2105 783 ducitur
2141 732 2332 785 dicens
2367 748 2378 783 :
2425 748 2442 781 (
2483 730 2618 795 Quis
2660 740 2742 785 est
2776 732 2877 785 istc
2911 731 3002 797 qui
3034 731 3176 784 celat
3212 746 3296 784 me
3322 746 3452 783 con-

1882 819 2104 883 silium,
2148 821 2437 875 continens
2498 828 2677 874 autem
2720 823 2880 874 verba
2941 822 2994 874 in
3048 820 3235 882 corde,
3282 828 3333 874 et
3370 837 3453 872 me

1883 918 2037 979 putat
2077 912 2256 966 celare
2291 911 2350 976 ﬂ?
2390 931 2408 962 ι
2450 909 2519 964 Ut
2572 910 2737 981 igitur
2775 908 2941 963 Deum
2999 910 3301 965 secundum
3352 924 3451 962 na—

1883 1010 2061 1053 turam
2125 1016 2250 1056 esse
2305 1015 2670 1070 agnoscamus
2721 998 2939 1063 Filium,
3000 999 3316 1053 necessario
3377 999 3454 1049 ait

1882 1092 2217 1163 evangelista
2255 1111 2267 1146 :
2308 1112 2325 1143 ι
2368 1092 2506 1158 Quia
2537 1093 2585 1145 ei
2611 1107 2751 1159 opus
2814 1106 2921 1146 non
2963 1098 3079 1143 erat
3111 1100 3167 1144 ut
3200 1090 3325 1158 quis
3370 1095 3450 1141 te-

1883 1183 2200 1236 Stimonium
2227 1184 2533 1252 perhiberet
2555 1183 2621 1237 de
2651 1182 2904 1237 homine;
2937 1181 3051 1250 ipse
3073 1180 3215 1234 enim
3244 1179 3452 1235 sciebat

1883 1274 2010 1343 quid
2038 1284 2183 1329 esset
2211 1274 2264 1328 in
2302 1275 2541 1328 homine.
2583 1294 2602 1327 ι

1953 1364 2037 1431 ΙΙΙ,
2064 1366 2112 1418 1.
2143 1365 2273 1419 Erat
2298 1379 2473 1419 autem
2502 1366 2654 1419 homo
2682 1382 2745 1419 ea;
2774 1365 3086 1426 Pltariswis,
3120 1363 3449 1418 Nicodamus

1883 1457 2112 1518 nomine,
2150 1457 2390 1525 princeps
2440 1454 2774 1511 Judworum.
2816 1455 2917 1509 llic
2976 1455 3109 1509 venit
3166 1454 3234 1507 ad
3268 1452 3464 1507 Jesum,

1885 1555 2054 1609 nocte,
2095 1555 2143 1599 et
2166 1546 2300 1600 dixit
2335 1551 2400 1601 ei.

1957 1632 2244 1703 Promptus
2273 1644 2359 1690 est
2410 1636 2477 1690 ad
2517 1636 2673 1689 [idem
2711 1636 3068 1699 Nicodemus,
3115 1634 3209 1690 sed
3248 1633 3455 1704 pudore

1884 1740 1992 1778 nou
2027 1726 2168 1780 bono
2203 1726 2381 1780 victus
2414 1737 2467 1780 et
2510 1727 2697 1796 gloria:
2730 1728 2984 1779 humanae
3016 1724 3233 1787 studio,
3274 1723 3455 1775 libere

1884 1813 2031 1882 loqui
2081 1829 2189 1868 non
2242 1815 2427 1878 audet,
2485 1815 2579 1870 sed
2617 1817 2838 1885 ancipiti
2873 1815 3143 1869 sententia
3190 1810 3452 1867 distrahi-

208 1906 425 1974 ρησίαν,
495 1909 775 1978 μερίζεται
827 1886 897 1964 δὲ-
939 1886 1035 1978 τὴν
1059 1886 1284 1983 γνώμην
1311 1914 1397 1965 ἐπ’
1437 1886 1624 1983 ἄμφω,
1690 1886 1783 1967 καὶ
1816 1886 1856 1940 Β

1816 1886 1856 1940 Β
1887 1912 1996 1966 tur,
2049 1919 2113 1959 ac
2164 1904 2218 1959 in
2275 1907 2555 1975 proposito
2612 1908 2915 1971 claudicat,
2965 1915 3017 1960 et
3070 1914 3336 1974 utroque,
3398 1910 3454 1955 ut

205 1997 434 2065 χωλεύει
460 1999 554 2069 τὴν
579 2002 913 2071 προαίρεσιν,
943 2004 1034 2056 ἐπὶ
1067 2003 1272 2067 δισσαῖς
1318 2004 1373 2056 δὲ
1403 2007 1519 2067 ταῖς
1554 2004 1779 2074 ἰγνύαις,

204 2086 283 2147 ώς
313 2089 638 2158 γέγραπται,
675 2092 910 2158 ἀσθενεῖ,
938 2097 1052 2158 τοῖς
1085 2096 1182 2166 μὲν
1227 2096 1335 2149 άπὸ
1358 2096 1453 2149 τοῦ
1488 2099 1783 2162 συνειδότος

205 2176 452 2249 ἐλέγχοις
495 2184 573 2245 εἰς
598 2184 655 2235 τὸ
682 2184 881 2253 χρῆναι
921 2189 1195 2241 πιστεύειν
1246 2188 1651 2259 συνωθούμενος
1697 2192 1784 2244 διὰ

204 2269 307 2339 τὴν
353 2271 462 2324 τῶν
498 2273 789 2343 θαυμάτων
851 2277 1177 2348 ὑπερϐολὴν,
1230 2280 1327 2349 τῆς
1377 2279 1433 2333 δὲ
1474 2281 1567 2334 τοῦ
1602 2281 1785 2347 ἔθνους

205 2361 505 2431 ἡγεμονίας
555 2366 615 2419 οὐ
657 2369 896 2438 φορητὴν
945 2370 1245 2441 ἡγούμενος
1296 2374 1393 2443 τὴν
1437 2372 1666 2443 ζημίαν·
1719 2371 1786 2445 ἦν

206 2454 319 2523 γὰρ
353 2454 535 2524 ἄρχων
564 2457 670 2510 τῶν
712 2461 997 2515 Ἰουδαίων.
1036 2463 1254 2533 Οἰηθεὶς
1297 2464 1350 2516 δὲ
1393 2464 1669 2528 δύνασθαι,
1695 2467 1786 2519 καὶ

204 2543 307 2612 τὴν
344 2550 471 2616 παρ’
502 2548 727 2613 ἐκείνοις
760 2551 1142 2607 ἀνασώσασθαι
1175 2555 1331 2618 δόξαν
1358 2557 1450 2608 καὶ
1484 2555 1786 2627 λεληθότως

206 2629 350 2687 εἶναι
393 2639 598 2703 πιστὸς,
645 2641 863 2711 ἔρχεται
897 2643 1033 2712 πρὸς
1071 2643 1161 2697 τὸν
1201 2645 1428 2714 Ἰησοῦν,
1453 2647 1786 2717 συνεργάτην

204 2726 288 2795 τῷ
315 2730 588 2799 σκέμματι
637 2733 728 2786 τὸν
774 2735 879 2787 ἀπὸ
912 2737 1009 2805 τῆς
1036 2737 1226 2799 νυκτὸς
1271 2738 1633 2809 ποιησάμενος
1661 2740 1786 2791 σκό-

204 2837 320 2885 τον,
346 2824 437 2875 καὶ
465 2824 541 2893 τῷ
572 2828 970 2898 κεκρυμμένως
1000 2827 1173 2882 ἐλθεῖν
1204 2831 1296 2883 ἐπὶ
1326 2831 1485 2902 διπλῇ
1508 2834 1572 2902 τῇ
1592 2831 1786 2905 γνώμῃ

204 2914 704 2985 κατηγορούμενος.

289 3002 507 3066 'Pa66l,
532 3006 780 3075 οῖδαμεν
812 3009 901 3062 ὅτι
942 3011 1060 3064 ἀπὸ
1096 3013 1245 3067 Θεοῦ
1291 3013 1596 3082 ἐλήλυθας
1627 3012 1787 3067 διδά-

204 3096 460 3159 σκαλος.
523 3097 733 3163 Οὐδεὶς
780 3100 889 3168 γὰρ
943 3102 1125 3156 ταῦτα
1176 3104 1247 3157 τὰ
1285 3104 1502 3173 σημεῖα
1540 3104 1785 3156 δύναται

1885 1996 2153 2065 scriptum
2175 2006 2258 2050 est
2288 1997 2329 2058 ³,
2362 1996 2563 2065 poplite
2596 1998 2835 2059 laborat,
2865 1998 3062 2067 partim
3104 1994 3461 2051 conscientia:

1885 2087 2124 2144 stimulis
2153 2088 2219 2143 ad
2265 2088 2600 2143 credendum
2633 2091 2702 2145 ob
2737 2090 3131 2146 miraculorum
3178 2089 3453 2157 magnitu—

1886 2181 2067 2236 dinem
2100 2181 2347 2250 adactus,
2386 2183 2584 2251 partim
2617 2197 2757 2251 aegre
2789 2181 2967 2237 ferens
2998 2180 3309 2251 principatu
3339 2178 3457 2244 illo,

1886 2288 2047 2343 quem
2089 2277 2142 2330 in
2179 2292 2276 2331 sua
2305 2286 2467 2347 gente
2508 2276 2751 2329 habebat
2776 2277 2792 2346 (
2817 2286 2934 2329 erat
2965 2275 3110 2329 enim
3142 2272 3453 2327 Judaaorum

1887 2368 2209 2438 princeps),
2253 2373 2529 2425 excidere.
2564 2368 2902 2423 Existimans
2933 2375 3111 2421 autem
3160 2379 3321 2434 posse
3368 2363 3456 2417 di-

1887 2461 2147 2529 gnitatem
2186 2462 2328 2515 illam
2355 2462 2498 2532 apud
2534 2476 2667 2515 suos
2695 2474 2937 2524 servare,
2971 2466 3023 2511 et
3068 2457 3286 2511 Christo
3315 2453 3457 2507 clam

1887 2554 2190 2621 adhaerere,
2222 2559 2368 2611 venit
2395 2557 2462 2610 ad
2494 2555 2713 2622 Jesnm,
2749 2555 2927 2610 noctis
2975 2553 3219 2608 tenebris
3274 2548 3459 2604 consi-

1888 2644 2018 2698 lium
2049 2648 2255 2709 celans,
2277 2658 2332 2701 et
2374 2649 2663 2717 ancipitem
2707 2647 2948 2701 animum
2984 2643 3328 2700 clandestino
3364 2640 3458 2695 illo

1888 2736 2123 2793 adventu
2160 2739 2417 2808 prodens.

1959 3007 2048 3073 ΙΙΙ,
2087 3009 2140 3062 ‘2.
2183 3008 2386 3072 Rabbi,
2418 3010 2615 3063 scimus
2652 3008 2778 3078 quia
2830 3023 2864 3062 α
2912 3006 3014 3060 Deo
3055 3003 3242 3059 venisti
3288 3002 3458 3071 magi-

1886 3106 2013 3150 ster.
2058 3095 2229 3151 Nemo
2278 3098 2415 3151 enim
2454 3106 2621 3165 potest
2663 3096 2771 3149 lucc
2809 3097 2961 3166 signa
3005 3094 3176 3163 facere
3224 3108 3341 3160 qua:
3400 3099 3461 3143 tu

202 3185 422 3248 ποιεῖν,
460 3185 497 3239 ἁ
529 3188 610 3241 σὺ
636 3190 844 3257 ποιεῖς,
876 3191 985 3245 ἐὰν
1011 3193 1096 3262 μὴ
1122 3189 1165 3264 ᾖ
1197 3198 1230 3248 d
1270 3196 1413 3260 Θεὸς
1434 3194 1559 3263 μετ’
1574 3191 1783 3247 αὑτοῦ.
1811 3214 1855 3275 C

1811 3214 1855 3275 ο
1890 3187 2047 3255 facis,
2099 3191 2153 3242 ni
2190 3189 2349 3257 fuerit
2402 3188 2540 3243 Deus
2576 3205 2694 3241 cum
2732 3204 2811 3242 eo.
2856 3186 3137 3255 Respondit
3184 3183 3361 3247 Iesus,
3410 3190 3460 3235 et

220 3278 527 3346 Ἀπεκρίθη
566 3281 815 3348 Ἰησοῦς,
849 3284 945 3337 καὶ
971 3281 1139 3339 εἶπεν
1164 3284 1342 3350 αὐτῷ.

296 3369 385 3420 Ἐν
413 3370 618 3433 τούτοις
646 3372 796 3443 ᾠήθη
832 3377 944 3437 τοῖς
982 3376 1159 3443 λόγοις
1207 3376 1498 3446 ὁλόκληρον
1528 3376 1670 3446 ἔχειν
1693 3374 1790 3429 δύ-

205 3463 405 3516 νασθαι
426 3466 524 3536 τὴν
546 3466 850 3532 εὐσέϐειαν,
876 3469 970 3522 καὶ
994 3470 1252 3541 ἀρκέσειν
1268 3469 1417 3539 αὐτῷ
1450 3469 1586 3539 πρὸς
1619 3486 1792 3540 σωτη-

209 3553 338 3623 ρίαν
365 3553 734 3624 ὑπολαμϐάνει
762 3557 823 3609 τὸ
855 3556 1131 3627 θαυμάσαι
1168 3558 1327 3628 μόνον
1351 3556 1420 3609 τὰ
1456 3552 1539 3619 οἷς
1579 3556 1792 3627 θαυμά-

210 3640 404 3707 ζεσθαι
446 3647 683 3716 πρέπει-
729 3648 915 3720 ἕτερον
954 3648 1010 3701 δὲ
1051 3648 1203 3701 οὐδὲν
1240 3650 1332 3701 ἐπὶ
1383 3649 1589 3711 τούτοις
1614 3649 1784 3718 ζητεῖ.

206 3734 542 3790 Διδάσκαλον
571 3738 625 3791 δὲ
651 3740 799 3810 παρὰ
827 3739 983 3803 Θεοῦ,
1009 3739 1103 3793 καὶ
1147 3741 1275 3811 παρ’
1307 3739 1470 3793 αὐτοῦ
1502 3738 1791 3810 συνεργού-

210 3840 378 3893 μενον
434 3829 713 3897 ὀνομάζων
740 3831 920 3894 αὐτὸν,
962 3829 1111 3883 οὔπω
1134 3832 1273 3884 κατά
1302 3831 1463 3898 φύσιν
1502 3827 1640 3883 οἶδεν
1664 3830 1790 3883 ὄντα

205 3914 368 3981 Θεὸν,
399 3918 518 3969 οὐδὲ
548 3918 758 3988 συνίησι
782 3920 1020 3989 δηλονότι
1048 3921 1147 3990 τῆς
1181 3922 1316 3989 μετά
1350 3920 1548 3989 σαρκὸς
1586 3923 1791 3973 οἰκονο-

210 4008 348 4077 μίας
380 4008 668 4076 τὸνλόγον,
696 4009 773 4062 ἔτι
813 4011 869 4062 δὲ
898 4012 971 4074 ώς
1000 4010 1271 4082 ἀνθρώπῳ
1302 4012 1549 4081 πρόσεισι
1576 4010 1788 4081 γυμνῷ,

208 4100 307 4151 καὶ
335 4100 538 4169 μικρὰν
576 4100 661 4152 ἐπ’
693 4102 841 4173 αὐτῷ
870 4103 968 4173 τὴν
993 4102 1243 4174 διάληψιν
1266 4103 1395 4172 ἔχει.

295 4276 498 4345 Ἀμὴν.
533 4276 697 4345 ἀμὴν
726 4276 882 4347 λέγω
939 4293 1056 4342 σοι,
1117 4277 1226 4331 ἐὰν
1281 4277 1362 4345 μή
1412 4295 1498 4343 τις
1530 4279 1789 4348 γεννηθῇ

206 4369 461 4431 ἄνωθεν,
480 4371 548 4422 οὐ
567 4369 813 4421 δύναται
849 4368 995 4421 ἰδεῖν
1024 4368 1472 4435 τὴνβασιλείαν
1499 4370 1602 4424 τοῦ
1621 4370 1785 4423 θεοῦ.

208 4462 387 4528 Λέγει
424 4460 574 4527 πρὸς
602 4460 788 4513 αὑτὸν
817 4463 847 4513 d
880 4459 1237 4527 Νικόδημος.

1888 3278 2027 3334 dixit
2057 3281 2125 3334 ei.
2942 3318 2945 3321 -

1960 3364 2059 3421 His
2095 3368 2281 3422 verbis
2314 3367 2612 3437 perfectam
2647 3382 2705 3423 se
2736 3367 2992 3437 pietatem
3027 3366 3274 3421 obtinere
3302 3380 3463 3435 posse

1892 3463 2068 3525 putat,
2100 3456 2315 3525 sibique
2356 3457 2493 3512 satis
2539 3456 2654 3511 fore
2690 3457 2970 3512 existimat
3011 3456 3076 3510 ad
3126 3456 3379 3519 salutem,
3415 3455 3463 3509 si

1890 3562 1954 3602 ea
2008 3555 2219 3601 tantum
2251 3548 2486 3607 miretur
2526 3562 2647 3617 qua:
2699 3546 3062 3602 admiratione
3094 3547 3259 3617 digna
3310 3554 3459 3600 sunt.

1889 3641 2161 3695 Caeterum
2190 3640 2326 3696 nihil
2354 3641 2500 3699 aliud
2525 3648 2719 3710 praeter
2745 3640 2861 3694 haec
2884 3638 3096 3709 quaerit.
3123 3637 3256 3691 Dum
3280 3645 3459 3691 autem

1891 3731 2073 3800 ipsum
2105 3731 2432 3801 magistrum
2468 3732 2544 3784 ait
2586 3746 2616 3784 a
2660 3730 2771 3786 Deo
2816 3732 3056 3795 venisse,
3089 3737 3293 3785 etcum
3340 3729 3462 3798 ipso

1892 3822 2063 3878 Deum
2125 3822 2376 3892 operari,
2425 3821 2666 3878 nondum
2727 3822 2877 3878 novit
2928 3837 3053 3875 eum
3110 3836 3236 3876 esse
3293 3820 3461 3874 Deum

1893 3914 2195 3969 secundum
2259 3921 2559 3977 naturam,
2616 3929 2797 3983 neque
2864 3913 3133 3968 rationem
3204 3912 3463 3966 videlicet

1893 4005 2294 4060 incarnationis
2328 4005 2605 4074 intelligit,
2644 4005 2740 4059 sed
2791 4020 2914 4059 eum
2972 4004 3156 4059 adhuc
3203 4011 3462 4073 tauquam

1893 4114 2102 4153 merum
2147 4098 2423 4152 hominem
2470 4097 2620 4162 adit,
2669 4106 2723 4152 et
2773 4096 3015 4151 tenuiter
3063 4094 3353 4149 admodum
3392 4094 3463 4148 de

1892 4186 1981 4242 illo
2016 4188 2204 4241 sentit.

1968 4278 2125 4348 146
2179 4277 2267 4343 Ill,
2308 4278 2361 4333 '5.
2406 4278 2605 4344 Amen,
2637 4293 2787 4329 amen
2839 4278 2958 4329 dico
3008 4275 3122 4339 tibi,
3185 4275 3289 4328 nisi
3342 4274 3460 4342 quis

1892 4377 2106 4421 renatus
2129 4367 2289 4435 fuerit
2320 4367 2560 4435 desuper,
2582 4382 2683 4419 non
2710 4374 2876 4433 potest
2905 4365 3076 4418 videre
3105 4380 3316 4433 regnum
3338 4361 3454 4417 Dei.

1896 4456 2036 4510 Dicit
2071 4458 2141 4509 ad
2167 4473 2286 4510 eum
2317 4455 2657 4510 Nicodamus.

285 4550 403 4605 Οὐκ
420 4550 502 4618 ἐφ’
524 4545 603 4612 οἷς
628 4549 835 4620 ᾠήθης,
854 4550 1037 4621 φησὶν,
1053 4544 1096 4602 ὦ
1119 4551 1488 4620 Νικόδημε,τὸ
1516 4553 1788 4606 πιστεύειν
1818 4539 1866 4598 Ῑ)

1784 4571 1788 4591 ›
1818 4539 1866 4598 D
1961 4547 2079 4602 Non
2106 4550 2308 4617 quibus
2337 4549 2501 4604 rebus
2525 4548 2834 4612 existimas,
2865 4550 3062 4617 inquit,
3085 4547 3451 4613 oNicodcme,

202 4643 383 4696 ἐστίν.
423 4642 534 4694 Οὐκ
564 4644 724 4711 ἀρκεῖ
750 4659 828 4694 σοι
875 4642 1030 4709 λόγος
1072 4644 1150 4704 εἰς
1182 4640 1542 4712 δικαιοσύνην,
1579 4644 1699 4696 οὐδὲ
1728 4646 1786 4695 ὲν

203 4729 387 4796 ψιλοῖς
420 4729 782 4799 κατορθώσεις
818 4731 1026 4801 ῥήμασι
1054 4730 1151 4800 τὴν
1178 4731 1456 4785 εὐσέϐειαν
1476 4748 1487 4761 ·
1524 4750 1540 4782 ι
1578 4733 1650 4785 υύ
1679 4733 1786 4804 γὰρ

207 4821 325 4882 πᾶς
355 4823 383 4872 ὁ
410 4820 581 4887 λέγων
608 4838 719 4889 μοι,
752 4821 944 4891 Κύριε,
978 4822 1169 4891 Κύριε,
1197 4823 1556 4878 εἰσελεύσεται
1585 4827 1663 4888 εἰς
1688 4826 1785 4895 τὴν

204 4907 494 4978 βασιλείαν
524 4909 630 4962 τῶν
679 4911 945 4982 οὐρανῶν,
976 4913 1091 4965 ἀλλ’
1120 4916 1148 4966 ὁ
1177 4914 1341 4966 ποιῶν
1373 4915 1431 4967 τὸ
1464 4915 1672 4986 θέλημα
1691 4914 1785 4968 τοῦ

206 5000 430 5069 Πατρός
486 5018 584 5070 μου
632 5001 725 5054 τοῦ
758 5004 816 5054 ὲν
844 5005 954 5065 τοῖς
990 5004 1257 5073 οὐρανοῖς.
1291 5023 1309 5055 ι
1337 5004 1558 5077 Θέλημα
1603 5008 1658 5059 δὲ
1691 5007 1786 5061 τοῦ

196 5087 451 5158 Πατρὸς.
488 5089 712 5158 μέτοχον
757 5090 858 5160 μὲν
900 5091 991 5147 τοῦ
1033 5093 1187 5160 άγίου
1227 5094 1538 5164 Πνεύματος
1575 5098 1787 5150 ἀναδει-

202 5176 414 5248 χθῆναι
461 5179 549 5231 τὸν
606 5180 909 5251 ἄνθρωπον,
962 5185 1039 5247 είς
1093 5184 1147 5236 δὲ
1208 5186 1449 5256 ἀσυνήθη
1490 5187 1583 5239 καὶ
1631 5188 1787 5258 ξένην

199 5271 651 5339 ἀναγεννηθέντα
698 5271 861 5342 ζωὴν,
894 5274 988 5325 καὶ
1036 5274 1266 5344 οὐρανοῦ
1306 5276 1642 5345 χρηματίσαι
1689 5297 1786 5331 πο-

197 5358 369 5427 λίτην
418 5359 509 5411 τὸν
561 5360 668 5413 ἀπὸ
720 5362 818 5431 τῆς
860 5362 984 5429 γῆς.
1024 5362 1263 5416 Ἀνωθεν
1287 5365 1343 5416 δὲ
1385 5365 1557 5432 λέγων
1580 5367 1787 5437 τὴνδιά

196 5447 534 5518 Πνεῦματος
565 5451 937 5521 ἀναγέννησιν,
970 5455 1034 5507 ὲκ
1065 5455 1162 5523 τῆς
1192 5455 1378 5519 οὐσίας
1414 5456 1506 5508 τοῦ
1536 5457 1669 5510 Θεοῦ
1694 5460 1786 5511 καὶ

197 5541 429 5609 nam;
460 5542 700 5611 ὑπάρχον
736 5544 797 5596 τὸ
842 5545 1062 5615 Πνεῦμα
1094 5545 1325 5599 δεικνύει
1364 5546 1569 5615 σαφῶς,
1596 5540 1787 5618 ὥσπερ

196 5631 430 5702 ἀμέλει,
466 5633 558 5684 καὶ
600 5635 761 5696 αὐτὸς
806 5638 931 5705 περὶ
964 5635 1156 5689 ἑαυτοῦ
1203 5638 1305 5690 πού
1341 5656 1531 5709 φησιν·
1579 5658 1596 5691 ι
1644 5640 1783 5708 Ἐγὼ

1182 5820 1210 5831 .-

286 5816 298 5845 ¹
333 5811 477 5868 Psal.
512 5831 659 5880 XCIII,
693 5818 745 5870 9.
825 5819 842 5848 ¹
872 5816 972 5873 Job
1016 5834 1141 5883 xui,
1182 5820 1233 5874 5.

1888 4641 2024 4695 ﬁdes
2057 4650 2428 4710 comparatur.
2473 4641 2591 4695 Non
2625 4642 2825 4696 suliieit
2853 4642 2950 4695 tibi
2985 4655 3164 4695 sermo
3197 4640 3262 4694 ad
3294 4640 3455 4709 justi-

1889 4730 2059 4793 tiam,
2101 4745 2281 4798 neque
2334 4730 2501 4785 nudis
2546 4731 2726 4785 verbis
2768 4732 3025 4799 pietatem
3076 4730 3451 4799 consequeris.

1892 4838 1911 4871 ι
1958 4818 2074 4873 Νοιι
2121 4821 2302 4886 enim,
2342 4822 2657 4890 quicunque
2693 4820 2825 4874 mihi
2854 4820 3016 4887 dicit,
3058 4821 3312 4882 Domine,
3347 4817 3454 4875 Do-

1889 4912 2057 4977 mine,
2094 4912 2320 4965 intrabit
2365 4914 2420 4966 iu
2455 4928 2684 4982 regnum
2728 4913 3018 4978 caelorum,
3062 4913 3155 4966 sed
3200 4913 3293 4982 qui
3324 4910 3465 4965 facit.

1887 5002 2219 5056 voluntatem
2261 5001 2443 5058 Patris
2481 5004 2583 5058 mei
2612 5004 2707 5073 qui
2737 5005 2792 5059 in
2826 5006 2981 5060 cmlis
3010 5012 3095 5059 est
3118 5009 3160 5058 ⁸⁸.
3195 5022 3213 5056 ι
3250 5004 3456 5058 Volun-

1891 5101 1975 5146 tas
2032 5101 2213 5146 autem
2254 5092 2432 5148 Patris
2494 5104 2607 5161 cst,
2669 5104 2724 5147 ut
2774 5096 2937 5150 homo
2988 5097 3165 5150 saneti
3218 5095 3454 5165 Spiritus

1890 5182 2153 5237 etiiciatur
2185 5186 2482 5255 particeps,
2516 5196 2572 5241 et
2601 5187 2696 5257 qui
2731 5187 2799 5243 de
2837 5195 2988 5242 terra
3019 5197 3123 5252 est,
3163 5204 3459 5258 regencra-.

1890 5283 1979 5331 tus
2007 5276 2071 5329 ad
2106 5275 2385 5332 insolitam
2418 5290 2471 5335 et
2499 5297 2692 5335 novam
2715 5283 2905 5348 vitam,
2926 5283 3049 5337 caeli
3077 5298 3299 5352 quoque
3320 5285 3457 5339 civis

1893 5376 2261 5437 nuneupetur.
2324 5369 2462 5424 Dum
2532 5380 2712 5426 autem
2776 5375 3243 5443 regenerationem
3308 5375 3455 5429 illam

1893 5475 2015 5529 quae
2054 5460 2107 5513 lit
2140 5477 2239 5531 per
2277 5462 2540 5533 Spiritum
2572 5465 2807 5534 desuper
2851 5481 2976 5521 esse
3026 5468 3124 5531 ait,
3167 5469 3315 5522 clare
3362 5468 3460 5524 de-

1892 5558 2161 5605 monstrat
2189 5553 2454 5621 Spiritum
2475 5570 2542 5610 ex
2570 5555 2879 5612 substantia
2905 5556 2997 5612 Dei
3026 5573 3088 5612 ac
3120 5559 3294 5614 Patris
3314 5573 3456 5626 esse,

1892 5641 2036 5697 sicut
2071 5643 2187 5712 ipse
2217 5646 2482 5701 nimirum
2512 5647 2579 5703 de
2603 5649 2786 5720 seipso
2816 5664 3030 5721 quoque
3061 5650 3192 5707 dicit
3215 5650 3412 5707 alicubi
3438 5668 3452 5710 :

1312 5821 1330 5849 ⁵³
1360 5819 1506 5876 Psal.
1544 5838 1672 5889 xvii,
1704 5822 1789 5878 46.
1870 5824 2112 5881 l'Jlatth.
2154 5841 2249 5894 vn,
2281 5826 2369 5881 21.
