4222 6510
249 431 354 486 ‘24'3

1295 438 1362 495 IN
1399 438 1688 496 JOANNIS
1719 438 2165 497 EVANGELIUM
2207 441 2334 498 UB.
2381 443 2443 498 ΙΙ.

3404 449 3509 507 2ίὸ

254 554 459 622 Ὀνπερ
495 554 602 623 γὰρ
641 560 841 624 τρόπον
876 556 935 609 zu
982 558 1039 611 ὲν
1079 562 1190 622 τοῖς
1240 560 1462 632 λέϐησιν
1511 562 1826 633 ἐκχεόμενον

1939 563 2273 629 vehementi,
2311 566 2417 617 vim
2451 565 2573 633 ejus
2616 566 2854 636 cencipit
2890 586 2901 621 :
2938 566 3007 621 ita
3042 566 3281 638 Spiritus
3328 570 3508 623 ellica-

248 643 396 715 ὕδωρ
431 649 548 707 ταῖς
572 646 664 698 τοῦ
692 648 862 717 πυρὸς
888 647 1154 719 ὀμιλῆσαν
1196 653 1401 723 ἀκμαῖς
1440 655 1538 726 τὴν
1572 656 1628 720 ἐξ
1660 654 1824 707 αὑτοῦ

246 734 478 803 δύναμιν
524 736 919 805 ἀναμάττεται,
953 738 1094 791 οὕτω
1137 740 1222 793 διὰ
1256 743 1352 812 τῆς
1385 743 1477 796 τοῦ
1514 743 1825 814 Πνεύματος

248 827 525 895 ἐνεργείας
557 828 613 878 τὸ
644 828 899 898 αἰσθητὸν
930 830 1071 902 ὕδωρ
1116 834 1252 902 πρὸς
1286 834 1435 887 θείαν
1466 835 1585 887 τινὰ
1612 836 1707 889 καὶ
1730 837 1826 905 ἄῤ-

249 923 411 987 ρητον
458 922 925 992 ἀναστοιχειοῦται
970 924 1065 996 [αι.
1117 928 1637 1000 μεταστοιγειοῦται]
1676 928 1824 981 δύνα-

250 1028 362 1077 μιν,
392 1009 603 1077 ἁγιάζει
628 1030 683 1065 τε
715 1014 897 1067 λοιπὸν
926 1019 1050 1079 τοὺς
1067 1019 1124 1069 ὲν
1160 1016 1239 1082 οἷς
1263 1020 1329 1072 ἂν
1349 1023 1412 1087 γέ
1426 1037 1575 1073 ροιτο.

326 1105 393 1154 Τὸ
422 1104 856 1174 γεγεννημένον
871 1108 937 1160 ἐκ
964 1107 1061 1174 τῆς
1092 1112 1336 1178 σαρκὸς,
1369 1111 1525 1178 σάρξ
1545 1112 1693 1174 ἐστι,
1729 1112 1828 1164 καὶ

250 1194 314 1243 τι)
365 1195 803 1264 γεγεινημένον
853 1200 919 1253 ἐκ
973 1201 1075 1253 τοῦ
1131 1205 1475 1272 Πνεύμίιτος
1507 1244 1519 1265 ,
1589 1204 1825 1272 πνεῦμά

243 1287 439 1339 ἐστιν.

332 1380 531 1449 Ἐτέρῳ
572 1383 732 1434 πάλιν
761 1384 922 1435 αὐτὸν
944 1386 1226 1440 ἀναπείθει
1256 1387 1501 1457 λογισμῷ
1527 1389 1657 1458 πρὸς
1687 1390 1825 1458 ύτᾲη-

246 1471 472 1541 λοτέραν
499 1474 807 1527 ἀναϐαίνειν
843 1476 1078 1540 σύνεσιν,
1127 1480 1218 1531 καὶ
1249 1482 1623 1549 πνευματικὴν
1667 1482 1829 1533 ἀκούο

245 1581 374 1616 οντα
417 1565 687 1635 γέννησιν,
743 1568 817 1636 μὴ
868 1567 935 1619 τὰ
990 1572 1256 1640 σωμάτων
1289 1572 1392 1623 ἴδια
1422 1572 1720 1641 λαμϐάνειν
1750 1575 1828 1636 εἰς

246 1655 389 1707 νοῦν.
425 1658 631 1727 Ὥσπερ
666 1658 774 1726 γὰρ
795 1660 1027 1731 ἀνάγκη,
1066 1665 1250 1729 φησὶν,
1278 1665 1496 1726 πάντως
1524 1660 1662 1718 εἶναι
1697 1665 1827 1734 σάρ-

246 1764 347 1809 κας
377 1749 443 1800 τὰ
482 1750 697 1819 σαρκῶν
720 1754 1056 1822 γεννήματα,
1100 1753 1241 1806 οὕτω
1263 1756 1503 1823 δηλονότι
1540 1757 1631 1809 καὶ
1667 1759 1827 1811 πνεύ-

248 1855 392 1906 ματα
423 1840 492 1890 τὰ
520 1843 581 1891 ἐκ
618 1842 944 1911 πνεύματος.
983 1840 1076 1906 Οἷς
1104 1845 1159 1896 δὲ
1194 1847 1222 1896 ὁ
1252 1846 1345 1899 τοῦ
1373 1863 1489 1911 πως
1519 1844 1823 1917 εἶναιλόγος

1928 654 2092 707 citate
2150 655 2432 709 sensibilis
2488 671 2627 725 aqua
2686 659 2753 712 ad
2812 658 3055 713 divinam
3104 661 3398 727 quamdam
3455 671 3508 715 ct

1930 744 2256 799 inetl‘abilem
2306 745 2413 798 vim
2470 746 2915 815 transformatur,
2947 765 3248 818 omnesque
3287 750 3505 804 demum

1929 835 1981 887 in
2008 836 2206 903 quibus
2238 836 2401 891 fuerit
2428 838 2753 894 sanctiﬁcat.

2000 1103 2087 1168 ΙΙΙ,
2127 1104 2179 1157 6.
2225 1106 2375 1168 Quod
2408 1116 2591 1159 uatum
2656 1115 2734 1159 est
2785 1121 2849 1157 ex
2894 1121 3074 1165 carne,
3126 1124 3249 1160 caro
3294 1119 3406 1172 est;
3457 1118 3505 1162 et

1928 1195 2067 1263 quod
2102 1205 2284 1248 natum
2308 1207 2383 1249 cst
2417 1213 2479 1250 εις
2511 1197 2741 1266 Spiritu,
2769 1197 2986 1265 spiritus
3015 1208 3111 1252 est.

1999 1285 2116 1338 Alia
2170 1301 2362 1340 rursus
2398 1287 2609 1341 ratione
2654 1287 2719 1341 ad
2765 1288 3139 1343 sublimiorem
3173 1290 3503 1345 intellectum

1930 1378 2333 1432 ascendcndum
2380 1394 2504 1433 esse
2554 1379 2882 1447 persuadet,
2933 1389 2987 1435 ct
3021 1380 3148 1434 dum
3201 1383 3504 1451 spiritalem

1929 1470 2329 1537 generationem
2384 1469 2573 1534 audit,
2630 1486 2736 1523 non
2804 1487 2925 1526 esse
2995 1472 3256 1526 continuo
3318 1473 3384 1527 (lC
3450 1490 3507 1529 re

1930 1558 2151 1627 propria
2177 1573 2466 1626 corporum
2512 1560 2918 1629 accipiendum.
2976 1560 3043 1617 Ut
3093 1564 3237 1617 enim
3281 1580 3508 1619 necesse

1928 1657 2044 1713 est,
2090 1650 2302 1718 inquit,
2346 1651 2571 1704 omnino
2601 1666 2822 1705 carnem
2870 1668 2992 1707 esse
3037 1654 3180 1724 quod
3233 1670 3297 1709 ex
3343 1671 3508 1710 carne

1928 1743 2193 1813 gignitur,
2245 1743 2319 1796 ita
2369 1743 2531 1796 etiam
2585 1744 2812 1814 Spiritus
2845 1761 2907 1801 ea
2939 1762 3060 1816 quae
3102 1756 3403 1811 nascuntur
3440 1765 3508 1803 ex

1929 1836 2145 1905 spiritu.
2181 1834 2394 1901 Quibus
2434 1842 2619 1889 autem
2662 1835 2884 1892 diversa
2933 1847 3018 1892 est
3059 1840 3313 1892 essentia:
3346 1839 3504 1906 ratio,

242 1929 662 1999 ἐξηλλαγμένος,
698 1932 908 1996 τούτοις
944 1934 1095 1988 ἔσται
1138 1939 1355 2000 πάντως
1381 1941 1473 1991 καὶ
1517 1937 1544 1986 ὁ
1570 1942 1670 2011 τῆς
1699 1958 1823 2010 γεν-

1931 1928 2044 1981 haec
2060 1926 2251 1997 utique
2266 1928 2643 1997 generationis
2655 1928 2875 1982 modmn
2892 1929 3213 1985 liabentuon
3228 1929 3504 1985 eumdem.

242 2022 450 2090 νήσεως
486 2023 686 2091 τρόπος
712 2025 807 2094 ούχ
841 2028 869 2076 ὀ
901 2026 1084 2088 αὑτός.
1125 2028 1322 2081 ’ἰστέον
1361 2029 1418 2082 δὲ
1462 2031 1544 2083 ὅτι
1577 2031 1824 2103 γέννημα

242 2110 335 2163 τοῦ
367 2114 675 2183 πνεύματος
710 2118 770 2169 τὸ
798 2117 892 2170 τοῦ
929 2119 1216 2188 ἀνθρώπου
1252 2121 1470 2193 πνεῦμά
1496 2142 1696 2195 φαμεν,
1728 2128 1825 2198 οὐχ

238 2208 319 2269 ὡς
346 2208 404 2271 ἐξ
428 2210 592 2262 αὐτοῦ
620 2212 760 2265 κατά
796 2214 957 2281 φύσιν
982 2233 993 2245 ’
1033 2218 1315 2288 ἀμήχανον
1344 2221 1453 2290 γάρ
1476 2238 1487 2250 ·
1520 2220 1635 2274 ἀλλ’
1661 2221 1735 2286 ὼς
1770 2225 1826 2277 ἐν

244 2300 449 2372 πρώτῳ
484 2304 581 2374 μὲν
606 2306 697 2357 καὶ
727 2307 1069 2380 ἀρχαιοτέρῳ
1104 2308 1247 2382 λόγῳ
1295 2312 1435 2365 κατὰ
1478 2313 1540 2367 τὸ
1567 2314 1632 2368 δι’
1661 2316 1825 2371 αὑτοῦ

242 2394 542 2464 κεκλῆσθαι
582 2398 641 2449 τὸ
683 2400 757 2469 μὴ
805 2399 862 2453 ὃν
906 2403 985 2465 είς
1017 2404 1249 2471 γένεσιν,
1288 2407 1345 2458 ἐν
1371 2407 1427 2461 δὲ
1462 2408 1701 2481 δευτέρῳ
1736 2413 1826 2465 καὶ

240 2488 603 2557 οἰκονομικῶς
650 2491 789 2544 κατά
818 2493 916 2564 τὴν
950 2494 1016 2547 δι’
1060 2496 1226 2549 αὑτοῦ
1259 2499 1395 2568 πρὸς
1419 2498 1551 2553 Θεὸν
1586 2502 1828 2574 ἀναμόρ-

244 2595 439 2645 φωσιν,
469 2581 594 2643 τοὺς
618 2583 849 2648 οἰκείους
888 2587 1020 2655 ἡμῖν
1052 2589 1410 2661 χαρακτῆρας
1459 2591 1825 2662 ἐνθλίὸοντος,

240 2673 339 2723 καὶ
396 2674 472 2735 sl;
532 2672 627 2743 τὴν
689 2676 825 2729 Ιδίαν
877 2677 1066 2750 ὥσπερ
1130 2682 1391 2751 ποιότητα
1440 2686 1540 2754 τὴν
1592 2686 1829 2742 διάνοιαν

244 2767 732 2832 μεταπλάττοντος.
755 2770 909 2823 Οὖτω
930 2773 1058 2844 γὰρ,
1086 2770 1260 2842 οἶμαι,
1287 2778 1498 2846 νοήσεις
1534 2766 1707 2848 δρθῶς
1733 2783 1827 2835 καὶ

240 2858 304 2909 τὸ
325 2858 413 2910 δια
466 2858 558 2912 τοῦ
609 2862 817 2915 Παύλου
850 2866 982 2935 πρός
1006 2883 1155 2930 τινας
1188 2871 1505 2939 εἰρημένον·
1548 2889 1564 2922 ι
1598 2874 1821 2936 Τεκνία,

239 2949 337 3013 οὓς
392 2952 553 3005 πάλιν
591 2953 787 3018 ὠδίνω,
845 2956 1003 3026 ἄχρις
1056 2951 1117 3011 οῦ
1179 2963 1442 3033 μορφωθῇ
1496 2965 1731 3034 Χριστὸς
1770 2970 1829 3021 ἐν

239 3043 392 3111 ὑμῖν.
429 3062 446 3093 ι
487 3044 593 3096 Καὶ
629 3044 794 3098 πάλιν
820 3063 832 3075 ·
864 3063 884 3098 ι
927 3048 1014 3100 Ἐν
1065 3049 1174 3120 γὰρ
1226 3051 1449 3124 Χριστῷ
1505 3055 1680 3126 Ἰησοῦ
1741 3056 1828 3110 διὰ

237 3133 335 3185 τοῦ
362 3133 689 3203 Εύαγγελίου
719 3137 829 3205 ἐγὼ
852 3139 994 3210 ὑμᾶς
1025 3141 1309 3213 ἐγέννησα.
1341 3162 1358 3194 ι

313 3309 370 3360 Μ
378 3307 408 3373 ἡ
429 3309 742 3377 θαυμάσῃς
775 3310 863 3364 ὅτι
890 3308 1063 3365 εἶπόν
1081 3331 1199 3368 σοι·
1226 3316 1333 3369 Δεῖ
1352 3316 1510 3386 ὑμᾶς
1543 3321 1827 3391 γεννηθῇ·

234 3414 339 3450 ναι
370 3399 616 3451 ἄνωθεν.
650 3401 720 3454 Τὸ
756 3403 992 3473 πνεῦμα
1031 3405 1184 3461 ὅπου
1215 3408 1371 3462 θέλει
1402 3411 1556 3473 πνεῖ,
1588 3412 1683 3464 καὶ
1715 3414 1831 3480 τὴν

235 3488 455 3557 φωνὴν
484 3492 667 3545 αὑτοῦ
694 3493 953 3561 ἀκούεις,
994 3498 1136 3551 ἀλλ’
1164 3503 1275 3555 οὐκ
1318 3499 1485 3569 οἶδας
1516 3508 1700 3558 πόθεν
1736 3507 1829 3575 5p-

236 3598 429 3649 χετιιι,
462 3583 557 3635 καὶ
587 3584 706 3637 ποῦ
730 3585 979 3652 ὑπάγει·
1012 3590 1200 3656 οὕτως
1238 3593 1371 3646 ἐστὶ
1406 3595 1524 3661 πᾶς
1555 3600 1585 3650 ό
1625 3615 1827 3666 γεγεν-

234 3671 501 3738 νημένος
531 3674 598 3726 ἐκ
631 3674 735 3729 τοῦ
763 3678 1130 3747 Πνεύματος.

328 3764 518 3835 Ἀρετὴ
570 3766 926 3835 διδασκάλου,
971 3773 1030 3824 τὸ
1076 3775 1340 3839 ποικίλοις
1393 3777 1652 3832 δύνασθαι
1702 3781 1830 3849 μεθ-

232 3854 449 3907 οδειέιν
479 3857 699 3925 τρόποις
742 3860 849 3911 τῶν
882 3863 1250 3933 ἀκροωμένων
1276 3868 1366 3920 τὸν
1418 3870 1557 3933 νοῦν,
1610 3872 1703 3924 καὶ
1742 3872 1830 3927 διὰ

233 3945 455 3997 πολλῶν
490 3947 620 3999 ξέναι
669 3951 1061 4020 θεωρημάτων,
1096 3956 1195 4021 τὰς
1246 3960 1329 4027 ἐφ’
1361 3954 1441 4023 οἷς
1475 3962 1539 4014 ἂν
1570 3964 1830 4034 φαίνηται

232 4037 510 4107 δυσχερὴς
556 4040 581 4091 ὁ
612 4040 768 4107 λόγος
806 4043 1110 4110 ἀποδείξεις
1149 4050 1570 4121 ἐπισωρεύοντα.
1606 4055 1830 4123 Δέχεται

232 4126 419 4177 τοίνυν
448 4129 509 4179 ἐκ
550 4130 1006 4200 παραδειγμάτων
1050 4136 1142 4187 τοῦ
1193 4140 1492 4209 μυστηρίου
1520 4142 1612 4196 τὸν
1638 4144 1827 4207 τύπον,

236 4218 335 4269 καί
396 4234 527 4286 φησι
553 4235 565 4247 ·
602 4220 674 4272 Τὸ
699 4223 912 4291 πνεῦμα
953 4228 1099 4279 τουτὶ
1125 4228 1184 4280 τὸ
1220 4230 1511 4301 ὲγκόσμιόν
1542 4250 1599 4285 τε
1632 4238 1722 4287 καὶ
1746 4238 1830 4288 ἐν·

234 4309 427 4378 αέριον
473 4315 726 4380 περιπνεῖ
763 4316 859 4383 μὲν
909 4317 1036 4387 ὃλην
1078 4321 1424 4391 οἰκουμένην,
1472 4326 1563 4377 καὶ
1602 4328 1831 4399 ὅποιπερ

234 4399 306 4451 ἂν
332 4398 593 4469 βούληται
644 4402 958 4474 διαδραμὸν,
998 4409 1188 4480 κτύπῳ
1233 4413 1379 4482 μόνῳ
1424 4413 1597 4483 παρὸν
1632 4419 1832 4486 σημαί-

232 4512 412 4557 νεται,
471 4496 564 4547 καὶ
598 4497 938 4552 διαλανθάνει
972 4502 1070 4571 μὲν
1109 4504 1200 4556 τὸν
1241 4506 1496 4559 ἀπάντων
1528 4507 1823 4579 ὀφθαλμὸν,

1929 2018 2224 2074 Sciendum
2248 2028 2332 2075 est
2350 2036 2479 2075 vero
2503 2036 2605 2075 nos
2622 2021 2877 2090 genimen
2896 2022 3122 2091 spiritus
3138 2022 3319 2078 dicere
3338 2024 3508 2077 homi-

1928 2113 2014 2166 nis
2037 2112 2312 2182 spiritum,
2350 2111 2511 2183 148
2531 2128 2637 2167 non
2662 2113 2818 2181 quasi
2846 2128 2913 2168 ex
2950 2113 3072 2182 ipso
3101 2113 3173 2168 sit
3204 2115 3505 2168 secundum

1928 2212 2181 2256 naturam
2210 2201 2302 2273 (id
2331 2204 2474 2257 enim
2500 2202 2616 2256 ﬁeri
2644 2217 2871 2272 prorsus
2905 2204 3099 2273 nequit
3122 2205 3164 2269 ),
3202 2202 3296 2257 sed
3331 2203 3508 2272 prima

1928 2297 2147 2367 quidem
2188 2304 2240 2351 et
2285 2296 2674 2365 antiquissima
2715 2296 2946 2359 ratione,
2996 2295 3146 2366 quod
3194 2312 3291 2367 per
3326 2296 3507 2366 ipsum

1928 2386 2185 2441 nimirum
2228 2385 2280 2439 id
2311 2386 2457 2456 quod
2483 2402 2589 2441 non
2619 2394 2755 2449 erat,
2788 2394 3039 2440 vocatum
3090 2389 3163 2442 sit
3209 2387 3265 2441 in
3303 2397 3506 2451 ortum,

1929 2478 2097 2531 altera
2141 2492 2303 2543 vero,
2346 2478 2607 2533 nimirum
2653 2495 2716 2533 ex
2768 2478 3216 2549 dispensatione,
3260 2481 3405 2550 quod
3440 2481 3506 2537 ad

1928 2569 2097 2625 Deum
2145 2570 2511 2626 reformcmur
2538 2587 2634 2641 per
2668 2573 2843 2641 ipsum
2870 2613 2882 2636 ,
2928 2572 3056 2626 dum
3091 2571 3284 2625 animae
3315 2572 3510 2625 chara-

1928 2670 2108 2716 cteres
2137 2662 2583 2730 suosimprimit,
2609 2671 2664 2715 et
2694 2664 2747 2716 in
2779 2664 3081 2733 pr0priam,
3117 2672 3173 2718 ut
3203 2665 3272 2717 ita
3307 2663 3505 2727 dicam,

1927 2752 2245 2823 qualitatem
2302 2760 2537 2807 mentem
2585 2753 2965 2807 transformat.
3020 2751 3112 2806 Sic
3151 2754 3299 2808 enim
3339 2760 3505 2815 recte.

1926 2846 2149 2915 Opinor,
2184 2845 2457 2914 intelliges
2499 2846 2664 2900 etiam
2697 2846 2830 2899 illud
2869 2847 3011 2914 quod
3057 2861 3153 2915 per
3182 2845 3406 2899 Paulum
3442 2847 3509 2901 ad

1926 2939 2143 3007 aliquos
2171 2939 2379 2992 dictum
2404 2946 2489 2993 est
2516 2957 2528 2992 :
2562 2956 2578 2988 ι
2615 2937 2819 3002 Filioli,
2847 2952 2986 3008 quos
3016 2939 3210 2994 iterum
3239 2939 3506 3008 parturio,

1927 3029 2100 3083 donec
2135 3029 2404 3083 formetur
2453 3027 2708 3083 Christus
2751 3029 2804 3082 in
2838 3030 2989 3084 vobis
3020 3029 3060 3081 θ.
3114 3049 3131 3081 ι
3179 3027 3307 3083 Item
3344 3046 3357 3082 :
3400 3048 3417 3081 ι
3452 3026 3510 3083 In

1926 3122 2147 3177 Christo
2202 3121 2349 3178 enim
2395 3120 2524 3177 Jesu
2578 3138 2671 3192 per
2724 3121 3076 3192 Evangelium
3124 3137 3225 3190 ego
3270 3137 3368 3177 vos
3414 3136 3510 3193 ge-

1937 3217 2031 3271 nui
2066 3218 2129 3268 ¹⁰.
2181 3234 2199 3268 ι

2006 3307 2093 3376 ΙΙΙ,
2138 3308 2189 3373 7,
2215 3307 2265 3361 8.
2314 3306 2435 3361 Non
2468 3309 2672 3361 mireris
2699 3311 2823 3379 quia
2872 3310 2986 3362 dixi
3020 3310 3136 3374 tibi,
3169 3310 3386 3379 Oportet
3424 3326 3510 3363 vos

1930 3400 2078 3453 nasci
2126 3399 2365 3465 desuper.
2420 3397 2651 3466 Spiritus
2710 3400 2799 3451 ubi
2839 3401 2946 3453 vult
3000 3402 3190 3470 spirat,
3246 3410 3294 3455 et
3340 3417 3512 3454 vocem

1927 3492 2039 3561 ejus
2073 3492 2246 3556 audis,
2274 3490 2365 3545 sed
2412 3493 2580 3545 nescis
2622 3491 2757 3546 unde
2789 3494 2981 3557 veniat,
3028 3504 3119 3546 aut
3161 3511 3261 3562 quo
3305 3494 3463 3548 vadat
3492 3511 3513 3549 :

1928 3587 2004 3639 sic
2026 3596 2103 3639 est
2139 3585 2307 3638 omnis
2330 3586 2419 3653 qui
2449 3585 2689 3637 nascitur
2712 3600 2775 3638 ex.
2815 3583 3040 3655 Spiritu.

1999 3773 2249 3827 Doctoris
2287 3775 2459 3827 virtus
2501 3782 2614 3837 est,
2648 3774 2819 3828 variis
2862 3774 3039 3829 modis
3072 3782 3309 3829 tractare
3349 3790 3513 3844 posse

1932 3873 2165 3919 mentem
2222 3866 2574 3931 auditorum,
2632 3867 2930 3936 multisque
2980 3867 3288 3922 rationibus
3330 3883 3512 3922 rerum

1930 3959 2429 4012 demonstrationes
2456 3957 2653 4013 aderre
2677 3975 2799 4028 quae
2832 3958 3082 4014 diiliciles
3116 3971 3399 4029 apparent.
3432 3962 3513 4013 Ab

1931 4048 2199 4115 exemplis
2249 4049 2416 4117 igitur
2462 4049 2710 4118 mysterii
2767 4050 2995 4117 ﬁguram
3046 4050 3223 4120 capit,
3273 4060 3328 4106 et
3386 4053 3507 4105 ait:

1932 4138 2170 4205 Spiritus
2195 4139 2280 4193 hic
2307 4154 2498 4193 avreus
2518 4140 2711 4209 perﬂat
2735 4142 3053 4195 universum
3079 4142 3291 4206 urbem,
3309 4151 3363 4196 et
3385 4158 3508 4196 cmn

1932 4229 2099 4282 libero
2134 4244 2194 4281 ac
2226 4244 2365 4299 vago
2416 4231 2617 4298 impetu
2645 4230 2937 4294 decurrat,
2988 4232 3107 4285 solo
3159 4233 3341 4287 sonitu
3392 4232 3511 4301 ejus

1933 4324 2221 4391 pi'agsentia
2282 4322 2695 4390 comprobatur,
2748 4337 2848 4377 nec
2913 4323 3004 4376 ulti
3075 4323 3350 4387 cernitur,
3415 4323 3511 4377 sed

1933 4414 2272 4469 tenuissimis
2336 4414 2486 4467 auris
2550 4415 2879 4483 corporibus
2942 4429 3001 4469 se
3059 4416 3507 4481 communicaris,

1935 4506 2202 4559 naturalis
2249 4514 2301 4559 ct
2351 4506 2528 4560 insita:
2573 4504 2917 4560 cmcacitatis
2949 4520 3170 4560 sensum
3216 4507 3508 4575 quemdam

229 4590 438 4657 αὔραις
491 4592 547 4644 δὲ
586 4597 701 4656 τοῖς
755 4594 969 4665 σώμασι
1016 4596 1370 4664 λεπτοτάταις
1430 4605 1824 4672 προσομιλοῦν,

1932 4595 2012 4648 eis
2046 4594 2223 4663 injicit
2260 4614 2271 4648 :
2304 4594 2377 4647 ita
2424 4595 2760 4664 spiritalem,
2795 4595 2994 4664 inquit,
3028 4595 3174 4648 illam
3222 4609 3509 4664 regenera-

227 4682 493 4749 ανςθτσίν
523 4700 644 4736 τινα
679 4688 776 4749 τῆς
816 4688 1042 4757 ἐνούσης
1094 4690 1241 4761 αύτῷ
1283 4697 1517 4763 opimi“;
1548 4695 1827 4763 ἐνεργείας

226 4772 446 4840 ἐνίησιν
477 4789 489 4800 ·
514 4772 653 4826 οὕτω
685 4793 773 4843 μοι
803 4778 933 4837 νόει,
961 4781 1115 4848 φησι,
1149 4782 1239 4833 καὶ
1269 4782 1364 4850 τὴν
1394 4784 1480 4837 διὰ
1514 4786 1827 4855 Πνεύματος

228 4862 620 4929 ἐ·.ε;ι·ίὲ“1νηςιν,
654 4867 715 4917 ὲκ
740 4867 954 4937 μικρῶν
970 4870 1425 4941 παραδειγμάτων
1442 4877 1531 4928 ἐπὶ
1557 4878 1624 4930 τὰ
1655 4878 1823 4947 μείζω

225 4952 771 5021 χειραγωγούμενος,
816 4956 909 5008 καὶ
958 4957 1207 5029 καθάπερ
1244 4962 1302 5013 ἐν
1338 4964 1503 5016 εἰκόνι
1531 4964 1607 5034 τῷ
1635 4983 1822 5037 παροι-

228 5043 422 5094 αθὲντι
458 5042 599 5112 λόγῳ
636 5046 702 5098 τὰ
729 5048 868 5116 ὑπὲρ
900 5049 1154 5121 αἴσθησιν
1185 5053 1402 5106 ὲννοῶν.

324 5135 638 5200 Ἀπεκρίθη
691 5136 1057 5206 Νικόδημος,
1099 5142 1197 5194 καὶ
1232 5138 1401 5196 εἶπεν
1444 5145 1639 5207 αὐτῷ·
1683 5148 1820 5215 Πῶς

223 5226 492 5277 αθύντιται
534 5225 715 5279 ταῦτα
740 5227 1053 5296 γενέσθαυ
1095 5231 1411 5303 Ἀπεκρίθη
1452 5238 1683 5304 Ἰησοῦς
1717 5242 1815 5293 καὶ

220 5310 407 5365 εἶπεν
433 5313 611 5377 αὐτῷ.

308 5403 481 5454 οὐδὲν
502 5406 528 5454 ὁ
566 5406 772 5474 μακρὸς
802 5409 1048 5478 (ii-se).an
1074 5410 1228 5481 λόγος
1256 5414 1347 5467 τὸν
1380 5416 1439 5467 οὐ
1462 5416 1684 5470 νοοῦντα
1716 5436 1821 5486 μη-

219 5496 345 5548 δὲν.
379 5492 547 5559 Σοςξὸν
576 5490 669 5547 οῦν
695 5496 803 5565 ἄρα
831 5499 887 5549 το
912 5499 1147 5571 ὲνβίϐλῳ
1176 5503 1488 5573 Παροιμιῶν
1515 5507 1819 5575 εἰρημένον,

230 5609 248 5631 ο
270 5586 371 5645 Εἰς
396 5577 511 5634 ὦτα
531 5584 834 5638 ἀκουόντων
859 5588 1006 5641 λάλει
1026 5608 1037 5619 ε
1056 5610 1073 5641 ι
1106 5592 1367 5645 καὶτοῦτο
1391 5594 1476 5647 διὰ
1500 5595 1693 5662 πείρας
1706 5593 1829 5663 ἁλη-

222 5677 325 5739 θὲς
356 5674 416 5725 ὃν
447 5673 643 5738 ἔδειξεν
664 5678 690 5727 ο
710 5678 916 5750 Σωτὴρ,
944 5681 1110 5735 τύπον
1138 5684 1267 5754 ἡμῖν
1300 5686 1488 5738 ἑαυτὸν
1518 5687 1618 5738 κάν
1647 5686 1822 5756 τούτῳ

334 5858 354 5878 "
395 5853 569 5905 (ialat.
603 5871 672 5918 ιγ,
714 5856 790 5908 Ιθ,
918 5862 955 5892 ἐ’
987 5861 1000 5912 1
1036 5864 1157 5917 (Lor.
1198 5882 1268 5931 Iv,
1318 5867 1397 5921 lii.

1936 4684 2135 4735 tionem
2182 4682 2459 4752 iutellige,
2500 4698 2529 4735 ιι
2572 4683 2828 4738 tenuibus
2879 4685 3143 4753 exemplis
3179 4685 3242 4739 ad
3296 4685 3505 4754 majora

1934 4773 2090 4842 quasi
2131 4788 2294 4826 manu
2333 4773 2565 4837 ductus,
2601 4781 2656 4829 et
2712 4774 2880 4828 allato
2934 4775 3086 4829 dicto
3140 4783 3399 4845 tanquam
3452 4780 3506 4830 in

1933 4864 2191 4935 imagine,
2231 4880 2316 4920 res
2358 4879 2479 4937 qua:
2502 4881 2725 4922 sensum
2767 4866 3042 4921 excedunt
3073 4866 3399 4937 intelligens.

2002 5130 2087 5196 ΙΙΙ,
2128 5132 2181 5186 9.
2223 5131 2511 5201 Respondit
2564 5132 2918 5200 Nicodamus,
2957 5143 3007 5189 et
3056 5135 3192 5188 dixit
3240 5138 3287 5189 ei
3316 5150 3334 5190 :
3368 5136 3509 5201 Quo-

1932 5222 2084 5277 modo
2149 5234 2369 5291 possunt
2440 5225 2549 5278 ha’c
2608 5226 2775 5295 fieri?
2835 5224 3122 5294 Respondit
3190 5226 3390 5294 Jesus,
3459 5238 3507 5281 et

1934 5314 2069 5366 dixit
2109 5316 2176 5368 ei.

2004 5405 2188 5477 Longa
2229 5409 2407 5463 oratio
2463 5409 2598 5463 nihil
2645 5408 2911 5479 profuerit
2967 5410 3292 5481 iutelligenti
3347 5411 3505 5466 nihil.

1936 5500 2227 5568 Sapienter
2274 5500 2461 5570 itaque
2512 5501 2565 5553 in
2612 5501 2749 5554 libro
2786 5499 3216 5556 Proverbiorum
3257 5500 3501 5556 dicitur:

1939 5612 1958 5645 ι
2006 5593 2061 5648 In
2090 5610 2258 5651 aures
2290 5594 2627 5649 audientium
2674 5594 2904 5665 loquere
2944 5595 3009 5648 ”.
3046 5614 3065 5645 ι
3110 5593 3277 5664 quue
3312 5608 3500 5649 verum

1932 5703 2052 5743 csse
2084 5688 2464 5759 experimento
2502 5686 2756 5741 Salvator
2795 5686 3059 5752 ostendit,
3094 5685 3221 5740 dmn
3260 5685 3500 5755 scipsum

1479 5868 1515 5899 “
1552 5867 1709 5923 l’rov.
1746 5883 1879 5933 mi,
1918 5868 1997 5923 t7.
