  <div class='ocr_page' id='page_1' title='image "/cluster/home/n/w/nwhite01/storage/ocr_20150623/73/nnc1.0046980245/134.png"; bbox 0 0 4222 6510; ppageno 0'>
   <div class='ocr_carea' id='block_1_1' title="bbox 249 360 351 416">
    <p class='ocr_par' dir='ltr' id='par_1_1' title="bbox 249 360 351 416">
     <span class='ocr_line' id='line_1_1' title="bbox 249 360 351 416; baseline 0.049 -6"><span class='ocrx_word' id='word_1_1' title='bbox 249 360 351 416; x_wconf 70' lang='grc' dir='ltr'>2ίο</span> 
     </span>
    </p>
   </div>
   <div class='ocr_carea' id='block_1_2' title="bbox 1299 372 2450 459">
    <p class='ocr_par' dir='ltr' id='par_1_2' title="bbox 1299 372 2450 459">
     <span class='ocr_line' id='line_1_2' title="bbox 1299 372 2450 459; baseline 0.017 -33"><span class='ocrx_word' id='word_1_2' title='bbox 1299 372 1370 427; x_wconf 84' lang='grc' dir='ltr'><strong>ΙΝ</strong></span> <span class='ocrx_word' id='word_1_3' title='bbox 1404 373 1693 459; x_wconf 72' lang='lat' dir='ltr'><strong>JOANNIS</strong></span> <span class='ocrx_word' id='word_1_4' title='bbox 1729 380 2174 439; x_wconf 78' lang='lat' dir='ltr'><strong>EVANGELIUM</strong></span> <span class='ocrx_word' id='word_1_5' title='bbox 2216 389 2342 442; x_wconf 74' lang='lat' dir='ltr'><strong>LIB.</strong></span> <span class='ocrx_word' id='word_1_6' title='bbox 2387 392 2450 446; x_wconf 82' lang='lat' dir='ltr'><strong>ll.</strong></span> 
     </span>
    </p>
   </div>
   <div class='ocr_carea' id='block_1_3' title="bbox 3397 411 3503 465">
    <p class='ocr_par' dir='ltr' id='par_1_3' title="bbox 3397 411 3503 465">
     <span class='ocr_line' id='line_1_3' title="bbox 3397 411 3503 465; baseline 0 0"><span class='ocrx_word' id='word_1_7' title='bbox 3397 411 3503 465; x_wconf 69' lang='lat' dir='ltr'><strong>e50</strong></span> 
     </span>
    </p>
   </div>
   <div class='ocr_carea' id='block_1_4' title="bbox 245 477 1912 594">
    <p class='ocr_par' dir='ltr' id='par_1_4' title="bbox 245 477 1899 594">
     <span class='ocr_line' id='line_1_4' title="bbox 245 477 1899 569; baseline 0.015 -41"><span class='ocrx_word' id='word_1_8' title='bbox 245 477 410 548; x_wconf 81' lang='grc' dir='ltr'>τριῶν</span> <span class='ocrx_word' id='word_1_9' title='bbox 442 480 734 552; x_wconf 74' lang='grc' dir='ltr'>μαρτύρων</span> <span class='ocrx_word' id='word_1_10' title='bbox 776 485 1107 557; x_wconf 81' lang='grc' dir='ltr'>κρατύνηται</span> <span class='ocrx_word' id='word_1_11' title='bbox 1139 486 1201 540; x_wconf 73' lang='grc' dir='ltr'>τὸ</span> <span class='ocrx_word' id='word_1_12' title='bbox 1241 491 1549 565; x_wconf 80' lang='grc' dir='ltr'><strong>εἰρημένον.</strong></span> <span class='ocrx_word' id='word_1_13' title='bbox 1585 497 1828 569; x_wconf 75' lang='grc' dir='ltr'>Οὐδαμό-</span> <span class='ocrx_word' id='word_1_14' title='bbox 1858 509 1899 563; x_wconf 74' lang='grc' dir='ltr'><strong>Α</strong></span> 
     </span>
     <span class='ocr_line' id='line_1_5' title="bbox 246 568 1776 594; baseline 0 0"><span class='ocrx_word' id='word_1_15' title='bbox 246 568 338 594; x_wconf 71' lang='grc' dir='ltr'>Δ-..</span> <span class='ocrx_word' id='word_1_16' title='bbox 378 569 424 594; x_wconf 54' lang='grc' dir='ltr'><strong>τι</strong></span> <span class='ocrx_word' id='word_1_17' title='bbox 457 570 593 594; x_wconf 59' lang='grc' dir='ltr'><strong>ΖἹ-.-</strong></span> <span class='ocrx_word' id='word_1_18' title='bbox 628 574 791 594; x_wconf 59' lang='grc'><strong>2.....-1</strong></span> <span class='ocrx_word' id='word_1_19' title='bbox 815 572 862 594; x_wconf 63' lang='lat' dir='ltr'><strong>’I-</strong></span> <span class='ocrx_word' id='word_1_20' title='bbox 887 576 933 594; x_wconf 33' lang='grc' dir='ltr'><strong>κη</strong></span> <span class='ocrx_word' id='word_1_21' title='bbox 1027 576 1105 594; x_wconf 55' lang='grc' dir='ltr'><strong>Λικ</strong></span> <span class='ocrx_word' id='word_1_22' title='bbox 1334 584 1346 594; x_wconf 76' lang='lat'><em>.</em></span> <span class='ocrx_word' id='word_1_23' title='bbox 1429 584 1451 594; x_wconf 60' lang='grc' dir='ltr'><strong>Α</strong></span> <span class='ocrx_word' id='word_1_24' title='bbox 1589 587 1600 594; x_wconf 92' lang='grc'><em>.</em></span> <span class='ocrx_word' id='word_1_25' title='bbox 1767 591 1776 594; x_wconf 81' lang='grc'><strong>-</strong></span> 
     </span>
    </p>
   </div>
   <div class='ocr_carea' id='block_1_5' title="bbox 1832 477 3499 594">
    <p class='ocr_par' dir='ltr' id='par_1_5' title="bbox 1858 504 3499 594">
     <span class='ocr_line' id='line_1_6' title="bbox 1858 504 3499 594; baseline 0.016 -39"><span class='ocrx_word' id='word_1_26' title='bbox 1858 509 1899 563; x_wconf 74' lang='grc' dir='ltr'><strong>Α</strong></span> <span class='ocrx_word' id='word_1_27' title='bbox 1934 511 2043 557; x_wconf 90' lang='lat' dir='ltr'><strong>tur.</strong></span> <span class='ocrx_word' id='word_1_28' title='bbox 2064 504 2323 560; x_wconf 78' lang='lat' dir='ltr'><strong>Ostendit</strong></span> <span class='ocrx_word' id='word_1_29' title='bbox 2340 520 2522 565; x_wconf 88' lang='lat' dir='ltr'><strong>autem</strong></span> <span class='ocrx_word' id='word_1_30' title='bbox 2540 507 2757 570; x_wconf 62' lang='lat' dir='ltr'><strong>.linla&#39;eos</strong></span> <span class='ocrx_word' id='word_1_31' title='bbox 2780 517 3009 575; x_wconf 76' lang='lat' dir='ltr'><strong>salutem</strong></span> <span class='ocrx_word' id='word_1_32' title='bbox 3033 522 3194 590; x_wconf 86' lang='lat' dir='ltr'><strong>plane</strong></span> <span class='ocrx_word' id='word_1_33' title='bbox 3218 538 3499 594; x_wconf 88' lang='lat' dir='ltr'><strong>respuere,</strong></span> 
     </span>
    </p>
   </div>
   <div class='ocr_carea' id='block_1_6' title="bbox 246 568 1827 653">
    <p class='ocr_par' dir='ltr' id='par_1_6' title="bbox 246 568 1827 653">
     <span class='ocr_line' id='line_1_7' title="bbox 246 568 1827 653; baseline 0.014 -33"><span class='ocrx_word' id='word_1_34' title='bbox 246 568 338 620; x_wconf 87' lang='grc' dir='ltr'><strong>θεν</strong></span> <span class='ocrx_word' id='word_1_35' title='bbox 376 569 428 620; x_wconf 80' lang='grc' dir='ltr'>δὲ</span> <span class='ocrx_word' id='word_1_36' title='bbox 457 570 593 633; x_wconf 75' lang='grc' dir='ltr'>ὅλως</span> <span class='ocrx_word' id='word_1_37' title='bbox 623 572 996 637; x_wconf 76' lang='grc' dir='ltr'><strong>ἀνασώζεσθαι</strong></span> <span class='ocrx_word' id='word_1_38' title='bbox 1027 576 1275 644; x_wconf 80' lang='grc' dir='ltr'><strong>θέλοντας</strong></span> <span class='ocrx_word' id='word_1_39' title='bbox 1330 584 1657 639; x_wconf 77' lang='grc' dir='ltr'><strong>ἐπιδεικνύει</strong></span> <span class='ocrx_word' id='word_1_40' title='bbox 1700 568 1827 653; x_wconf 78' lang='grc' dir='ltr'>τοὺς</span> 
     </span>
    </p>
   </div>
   <div class='ocr_carea' id='block_1_7' title="bbox 260 660 1825 745">
    <p class='ocr_par' dir='ltr' id='par_1_7' title="bbox 260 660 1825 745">
     <span class='ocr_line' id='line_1_8' title="bbox 260 660 1825 745; baseline 0.015 -36"><span class='ocrx_word' id='word_1_41' title='bbox 260 660 569 726; x_wconf 82' lang='grc' dir='ltr'>Ἰουδαίους,</span> <span class='ocrx_word' id='word_1_42' title='bbox 617 664 893 733; x_wconf 84' lang='grc' dir='ltr'>ἀχαλίνοις</span> <span class='ocrx_word' id='word_1_43' title='bbox 925 668 980 721; x_wconf 78' lang='grc' dir='ltr'>δὲ</span> <span class='ocrx_word' id='word_1_44' title='bbox 1018 669 1206 734; x_wconf 80' lang='grc' dir='ltr'>ἁπλῶς</span> <span class='ocrx_word' id='word_1_45' title='bbox 1253 673 1348 724; x_wconf 81' lang='grc' dir='ltr'>καὶ</span> <span class='ocrx_word' id='word_1_46' title='bbox 1395 676 1825 745; x_wconf 75' lang='grc' dir='ltr'><strong>ἀπερισκέπτως</strong></span> 
     </span>
    </p>
   </div>
   <div class='ocr_carea' id='block_1_8' title="bbox 243 753 1822 841">
    <p class='ocr_par' dir='ltr' id='par_1_8' title="bbox 243 753 1822 841">
     <span class='ocr_line' id='line_1_9' title="bbox 243 753 1822 841; baseline 0.017 -41"><span class='ocrx_word' id='word_1_47' title='bbox 243 753 441 841; x_wconf 82' lang='grc' dir='ltr'>όρμαῖς</span> <span class='ocrx_word' id='word_1_48' title='bbox 476 754 565 805; x_wconf 78' lang='grc' dir='ltr'><strong>ἐπὶ</strong></span> <span class='ocrx_word' id='word_1_49' title='bbox 594 754 654 807; x_wconf 83' lang='grc' dir='ltr'>τὸ</span> <span class='ocrx_word' id='word_1_50' title='bbox 680 755 815 825; x_wconf 81' lang='grc' dir='ltr'>βαθὺ</span> <span class='ocrx_word' id='word_1_51' title='bbox 853 762 951 830; x_wconf 85' lang='grc' dir='ltr'>τῆς</span> <span class='ocrx_word' id='word_1_52' title='bbox 985 761 1257 826; x_wconf 82' lang='grc' dir='ltr'><strong>ἀπωλείας</strong></span> <span class='ocrx_word' id='word_1_53' title='bbox 1286 766 1620 835; x_wconf 78' lang='grc' dir='ltr'>φερομένους</span> <span class='ocrx_word' id='word_1_54' title='bbox 1650 771 1822 841; x_wconf 80' lang='grc' dir='ltr'>βάρα-</span> 
     </span>
    </p>
   </div>
   <div class='ocr_carea' id='block_1_9' title="bbox 244 840 1822 931">
    <p class='ocr_par' dir='ltr' id='par_1_9' title="bbox 244 840 1822 931">
     <span class='ocr_line' id='line_1_10' title="bbox 244 840 1822 931; baseline 0.016 -39"><span class='ocrx_word' id='word_1_55' title='bbox 244 840 400 910; x_wconf 78' lang='grc' dir='ltr'>θρον’</span> <span class='ocrx_word' id='word_1_56' title='bbox 434 846 480 894; x_wconf 87' lang='grc' dir='ltr'>εἰ</span> <span class='ocrx_word' id='word_1_57' title='bbox 508 844 614 915; x_wconf 74' lang='grc' dir='ltr'>γὰρ</span> <span class='ocrx_word' id='word_1_58' title='bbox 651 849 784 917; x_wconf 78' lang='grc' dir='ltr'>μήτε</span> <span class='ocrx_word' id='word_1_59' title='bbox 810 853 945 902; x_wconf 85' lang='grc' dir='ltr'>νοεῖν</span> <span class='ocrx_word' id='word_1_60' title='bbox 986 852 1333 922; x_wconf 74' lang='grc' dir='ltr'>ἰσχύουσινὲκ</span> <span class='ocrx_word' id='word_1_61' title='bbox 1358 858 1557 929; x_wconf 83' lang='grc' dir='ltr'>πολλῆς</span> <span class='ocrx_word' id='word_1_62' title='bbox 1581 862 1822 931; x_wconf 80' lang='grc' dir='ltr'>ἀμαθίας</span> 
     </span>
    </p>
   </div>
   <div class='ocr_carea' id='block_1_10' title="bbox 244 936 1818 1020">
    <p class='ocr_par' dir='ltr' id='par_1_10' title="bbox 244 936 1818 1020">
     <span class='ocr_line' id='line_1_11' title="bbox 244 936 1818 1020; baseline 0.015 -36"><span class='ocrx_word' id='word_1_63' title='bbox 244 936 303 984; x_wconf 69' lang='grc' dir='ltr'><strong>τὸ</strong></span> <span class='ocrx_word' id='word_1_64' title='bbox 328 938 743 1007; x_wconf 71' lang='grc' dir='ltr'><strong>κηρυττόμενον,</strong></span> <span class='ocrx_word' id='word_1_65' title='bbox 783 943 919 1011; x_wconf 82' lang='grc' dir='ltr'>μήτε</span> <span class='ocrx_word' id='word_1_66' title='bbox 954 944 1135 997; x_wconf 83' lang='grc' dir='ltr'><strong>πίστει</strong></span> <span class='ocrx_word' id='word_1_67' title='bbox 1179 948 1390 1002; x_wconf 82' lang='grc' dir='ltr'>ποιοῦντ</span> <span class='ocrx_word' id='word_1_68' title='bbox 1416 969 1451 1002; x_wconf 88' lang='grc' dir='ltr'>-ι</span> <span class='ocrx_word' id='word_1_69' title='bbox 1491 952 1698 1017; x_wconf 82' lang='grc' dir='ltr'>δεκτὸν,</span> <span class='ocrx_word' id='word_1_70' title='bbox 1735 956 1818 1020; x_wconf 89' lang='grc' dir='ltr'><strong>τίς</strong></span> 
     </span>
    </p>
   </div>
   <div class='ocr_carea' id='block_1_11' title="bbox 242 1024 1820 1112">
    <p class='ocr_par' dir='ltr' id='par_1_11' title="bbox 242 1024 1820 1112">
     <span class='ocr_line' id='line_1_12' title="bbox 242 1024 1820 1112; baseline 0.015 -37"><span class='ocrx_word' id='word_1_71' title='bbox 242 1024 308 1076; x_wconf 80' lang='grc' dir='ltr'>ἂν</span> <span class='ocrx_word' id='word_1_72' title='bbox 333 1028 511 1090; x_wconf 73' lang='grc' dir='ltr'>αὐτοῖς</span> <span class='ocrx_word' id='word_1_73' title='bbox 544 1032 817 1101; x_wconf 77' lang='grc' dir='ltr'><strong>σωτηρίας</strong></span> <span class='ocrx_word' id='word_1_74' title='bbox 855 1034 1037 1105; x_wconf 79' lang='grc' dir='ltr'>ἕτερος</span> <span class='ocrx_word' id='word_1_75' title='bbox 1092 1039 1400 1111; x_wconf 77' lang='grc' dir='ltr'>ἐπινοηθείη</span> <span class='ocrx_word' id='word_1_76' title='bbox 1440 1044 1676 1112; x_wconf 86' lang='grc' dir='ltr'>τρόπος;</span> <span class='ocrx_word' id='word_1_77' title='bbox 1714 1047 1820 1098; x_wconf 85' lang='grc' dir='ltr'><strong>Κα-</strong></span> 
     </span>
    </p>
   </div>
   <div class='ocr_carea' id='block_1_12' title="bbox 243 1118 1875 1205">
    <p class='ocr_par' dir='ltr' id='par_1_12' title="bbox 243 1118 1875 1205">
     <span class='ocr_line' id='line_1_13' title="bbox 243 1118 1875 1205; baseline 0.016 -39"><span class='ocrx_word' id='word_1_78' title='bbox 243 1118 347 1180; x_wconf 70' lang='grc' dir='ltr'>λῶς</span> <span class='ocrx_word' id='word_1_79' title='bbox 373 1119 435 1189; x_wconf 78' lang='grc' dir='ltr'>δὴ</span> <span class='ocrx_word' id='word_1_80' title='bbox 465 1118 577 1185; x_wconf 71' lang='grc' dir='ltr'>οὖν,</span> <span class='ocrx_word' id='word_1_81' title='bbox 610 1124 704 1175; x_wconf 70' lang='grc' dir='ltr'>καὶ</span> <span class='ocrx_word' id='word_1_82' title='bbox 738 1125 882 1195; x_wconf 83' lang='grc' dir='ltr'>μάλα</span> <span class='ocrx_word' id='word_1_83' title='bbox 911 1127 1135 1193; x_wconf 85' lang='grc' dir='ltr'>δικαίως</span> <span class='ocrx_word' id='word_1_84' title='bbox 1169 1132 1574 1205; x_wconf 81' lang='grc' dir='ltr'>ἀναπολόγητον</span> <span class='ocrx_word' id='word_1_85' title='bbox 1602 1135 1819 1191; x_wconf 80' lang='grc' dir='ltr'>ἔσεσθαι</span> <span class='ocrx_word' id='word_1_86' title='bbox 1866 1142 1875 1149; x_wconf 68' lang='grc'><strong><em>”</em></strong></span> 
     </span>
    </p>
   </div>
   <div class='ocr_carea' id='block_1_13' title="bbox 242 1208 1817 1299">
    <p class='ocr_par' dir='ltr' id='par_1_13' title="bbox 242 1208 1817 1299">
     <span class='ocr_line' id='line_1_14' title="bbox 242 1208 1817 1299; baseline 0.016 -41"><span class='ocrx_word' id='word_1_87' title='bbox 242 1208 338 1275; x_wconf 72' lang='grc' dir='ltr'><strong>τὴν</strong></span> <span class='ocrx_word' id='word_1_88' title='bbox 383 1210 737 1284; x_wconf 79' lang='grc' dir='ltr'>Ἰερουσαλὴμ</span> <span class='ocrx_word' id='word_1_89' title='bbox 779 1216 1017 1286; x_wconf 79' lang='grc' dir='ltr'>ἔφασκεν</span> <span class='ocrx_word' id='word_1_90' title='bbox 1053 1222 1080 1273; x_wconf 87' lang='grc' dir='ltr'>ὁ</span> <span class='ocrx_word' id='word_1_91' title='bbox 1130 1222 1338 1294; x_wconf 84' lang='grc' dir='ltr'>Σωτὴρ,</span> <span class='ocrx_word' id='word_1_92' title='bbox 1380 1226 1453 1288; x_wconf 87' lang='grc' dir='ltr'>ὡς</span> <span class='ocrx_word' id='word_1_93' title='bbox 1489 1227 1817 1299; x_wconf 78' lang='grc' dir='ltr'>αὐτόκλητον</span> 
     </span>
    </p>
   </div>
   <div class='ocr_carea' id='block_1_14' title="bbox 241 1300 1814 1391">
    <p class='ocr_par' dir='ltr' id='par_1_14' title="bbox 241 1300 1814 1391">
     <span class='ocr_line' id='line_1_15' title="bbox 241 1300 1814 1391; baseline 0.016 -42"><span class='ocrx_word' id='word_1_94' title='bbox 352 1302 548 1372; x_wconf 80' lang='grc' dir='ltr'>ἑαυτὴν</span> <span class='ocrx_word' id='word_1_95' title='bbox 574 1306 926 1375; x_wconf 78' lang='grc' dir='ltr'>ἀριιάζουσαν</span> <span class='ocrx_word' id='word_1_96' title='bbox 952 1311 1195 1383; x_wconf 81' lang='grc' dir='ltr'>ὄλεθρον.</span> <span class='ocrx_word' id='word_1_97' title='bbox 1216 1334 1233 1363; x_wconf 85' lang='grc' dir='ltr'><strong>ι</strong></span> <span class='ocrx_word' id='word_1_98' title='bbox 1291 1316 1648 1390; x_wconf 81' lang='grc' dir='ltr'>Ἰερουσαλὴμ</span> <span class='ocrx_word' id='word_1_99' title='bbox 1683 1322 1814 1391; x_wconf 71' lang='grc' dir='ltr'>γὰρ,</span> 
     </span>
    </p>
   </div>
   <div class='ocr_carea' id='block_1_15' title="bbox 253 1390 1810 1481">
    <p class='ocr_par' dir='ltr' id='par_1_15' title="bbox 253 1390 1810 1481">
     <span class='ocr_line' id='line_1_16' title="bbox 253 1390 1810 1481; baseline 0.017 -40"><span class='ocrx_word' id='word_1_100' title='bbox 253 1390 629 1465; x_wconf 77' lang='grc' dir='ltr'>Ἰερουσαλὴμ,</span> <span class='ocrx_word' id='word_1_101' title='bbox 668 1400 853 1467; x_wconf 69' lang='grc' dir='ltr'>φησιν,</span> <span class='ocrx_word' id='word_1_102' title='bbox 879 1404 1321 1471; x_wconf 83' lang='grc' dir='ltr'>ήάποκτείνουσα</span> <span class='ocrx_word' id='word_1_103' title='bbox 1357 1410 1481 1471; x_wconf 77' lang='grc' dir='ltr'>τοὺς</span> <span class='ocrx_word' id='word_1_104' title='bbox 1510 1414 1810 1481; x_wconf 77' lang='grc' dir='ltr'>προφήτας,</span> 
     </span>
    </p>
   </div>
   <div class='ocr_carea' id='block_1_16' title="bbox 240 1486 1817 1573">
    <p class='ocr_par' dir='ltr' id='par_1_16' title="bbox 240 1486 1817 1573">
     <span class='ocr_line' id='line_1_17' title="bbox 240 1486 1817 1573; baseline 0.014 -37"><span class='ocrx_word' id='word_1_105' title='bbox 240 1486 334 1536; x_wconf 72' lang='grc' dir='ltr'>καὶ</span> <span class='ocrx_word' id='word_1_106' title='bbox 350 1488 365 1533; x_wconf 76' lang='grc' dir='ltr'><em>ὶ</em></span> <span class='ocrx_word' id='word_1_107' title='bbox 381 1489 690 1545; x_wconf 77' lang='grc' dir='ltr'>ιθοὸολοῦσα</span> <span class='ocrx_word' id='word_1_108' title='bbox 706 1496 832 1558; x_wconf 79' lang='grc' dir='ltr'>τοὺς</span> <span class='ocrx_word' id='word_1_109' title='bbox 845 1497 1286 1564; x_wconf 80' lang='grc' dir='ltr'>ἀπεσταλμένους</span> <span class='ocrx_word' id='word_1_110' title='bbox 1301 1503 1433 1572; x_wconf 76' lang='grc' dir='ltr'>πρὸς</span> <span class='ocrx_word' id='word_1_111' title='bbox 1446 1504 1634 1573; x_wconf 77' lang='grc' dir='ltr'>αὐτὴν,</span> <span class='ocrx_word' id='word_1_112' title='bbox 1652 1507 1817 1558; x_wconf 83' lang='grc' dir='ltr'>ποσά-</span> 
     </span>
    </p>
   </div>
   <div class='ocr_carea' id='block_1_17' title="bbox 239 1582 1813 1668">
    <p class='ocr_par' dir='ltr' id='par_1_17' title="bbox 239 1582 1813 1668">
     <span class='ocr_line' id='line_1_18' title="bbox 239 1582 1813 1668; baseline 0.015 -40"><span class='ocrx_word' id='word_1_113' title='bbox 239 1597 326 1641; x_wconf 74' lang='grc' dir='ltr'><strong>κις</strong></span> <span class='ocrx_word' id='word_1_114' title='bbox 360 1582 596 1651; x_wconf 73' lang='grc' dir='ltr'>ἠθέλησα</span> <span class='ocrx_word' id='word_1_115' title='bbox 625 1586 1053 1658; x_wconf 74' lang='grc' dir='ltr'>ἐπισυναγαγεῖν</span> <span class='ocrx_word' id='word_1_116' title='bbox 1083 1591 1151 1644; x_wconf 77' lang='grc' dir='ltr'>τὰ</span> <span class='ocrx_word' id='word_1_117' title='bbox 1181 1592 1346 1647; x_wconf 86' lang='grc' dir='ltr'>τέκνα</span> <span class='ocrx_word' id='word_1_118' title='bbox 1375 1612 1489 1660; x_wconf 85' lang='grc' dir='ltr'>σου,</span> <span class='ocrx_word' id='word_1_119' title='bbox 1520 1598 1579 1649; x_wconf 80' lang='grc' dir='ltr'>ὃν</span> <span class='ocrx_word' id='word_1_120' title='bbox 1613 1599 1813 1668; x_wconf 78' lang='grc' dir='ltr'>τρόπον</span> 
     </span>
    </p>
   </div>
   <div class='ocr_carea' id='block_1_18' title="bbox 1928 596 3499 689">
    <p class='ocr_par' dir='ltr' id='par_1_18' title="bbox 1928 596 3499 689">
     <span class='ocr_line' id='line_1_19' title="bbox 1928 596 3499 689; baseline 0.015 -41"><span class='ocrx_word' id='word_1_121' title='bbox 1928 604 1980 648; x_wconf 91' lang='lat' dir='ltr'><strong>et</strong></span> <span class='ocrx_word' id='word_1_122' title='bbox 2010 596 2274 652; x_wconf 71' lang='lat' dir='ltr'><strong>effrenato</strong></span> <span class='ocrx_word' id='word_1_123' title='bbox 2306 607 2470 670; x_wconf 89' lang='lat' dir='ltr'><strong>atque</strong></span> <span class='ocrx_word' id='word_1_124' title='bbox 2499 605 3025 689; x_wconf 79' lang='lat' dir='ltr'><strong>temerario‘impetu</strong></span> <span class='ocrx_word' id='word_1_125' title='bbox 3074 613 3129 666; x_wconf 90' lang='lat' dir='ltr'><strong>in</strong></span> <span class='ocrx_word' id='word_1_126' title='bbox 3167 613 3499 689; x_wconf 43' lang='lat' dir='ltr'><strong>profugidum</strong></span> 
     </span>
    </p>
   </div>
   <div class='ocr_carea' id='block_1_19' title="bbox 1929 684 3500 774">
    <p class='ocr_par' dir='ltr' id='par_1_19' title="bbox 1929 684 3500 774">
     <span class='ocr_line' id='line_1_20' title="bbox 1929 684 3500 774; baseline 0.015 -36"><span class='ocrx_word' id='word_1_127' title='bbox 1929 687 2249 755; x_wconf 85' lang='lat' dir='ltr'><strong>perditionis</strong></span> <span class='ocrx_word' id='word_1_128' title='bbox 2294 693 2611 750; x_wconf 72' lang='lat' dir='ltr'><strong>barathrum</strong></span> <span class='ocrx_word' id='word_1_129' title='bbox 2662 684 2816 753; x_wconf 67' lang='grc' dir='ltr'>[ὃτι-ί.</span> <span class='ocrx_word' id='word_1_130' title='bbox 2871 700 2927 754; x_wconf 89' lang='lat' dir='ltr'><strong>Si</strong></span> <span class='ocrx_word' id='word_1_131' title='bbox 2958 702 3106 756; x_wconf 92' lang='lat' dir='ltr'><strong>enim</strong></span> <span class='ocrx_word' id='word_1_132' title='bbox 3162 720 3272 774; x_wconf 69' lang='lat' dir='ltr'><strong>pra:</strong></span> <span class='ocrx_word' id='word_1_133' title='bbox 3321 684 3500 761; x_wconf 65' lang='lat' dir='ltr'><strong>inulta</strong></span> 
     </span>
    </p>
   </div>
   <div class='ocr_carea' id='block_1_20' title="bbox 1926 780 3500 862">
    <p class='ocr_par' dir='ltr' id='par_1_20' title="bbox 1926 780 3500 862">
     <span class='ocr_line' id='line_1_21' title="bbox 1926 780 3500 862; baseline 0.013 -30"><span class='ocrx_word' id='word_1_134' title='bbox 1926 780 2143 834; x_wconf 90' lang='lat' dir='ltr'><strong>inscitia</strong></span> <span class='ocrx_word' id='word_1_135' title='bbox 2178 782 2479 854; x_wconf 79' lang='lat' dir='ltr'><strong>intelligere</strong></span> <span class='ocrx_word' id='word_1_136' title='bbox 2510 798 2793 858; x_wconf 85' lang='lat' dir='ltr'><strong>nequeunt</strong></span> <span class='ocrx_word' id='word_1_137' title='bbox 2833 792 2978 861; x_wconf 91' lang='lat' dir='ltr'><strong>quod</strong></span> <span class='ocrx_word' id='word_1_138' title='bbox 3010 794 3361 862; x_wconf 64' lang='lat' dir='ltr'><strong>praedicatur,</strong></span> <span class='ocrx_word' id='word_1_139' title='bbox 3397 812 3500 853; x_wconf 88' lang='lat' dir='ltr'><strong>nec</strong></span> 
     </span>
    </p>
   </div>
   <div class='ocr_carea' id='block_1_21' title="bbox 1926 868 3497 949">
    <p class='ocr_par' dir='ltr' id='par_1_21' title="bbox 1926 868 3497 949">
     <span class='ocr_line' id='line_1_22' title="bbox 1926 868 3497 949; baseline 0.013 -28"><span class='ocrx_word' id='word_1_140' title='bbox 1926 870 2027 926; x_wconf 86' lang='lat' dir='ltr'><strong>lide</strong></span> <span class='ocrx_word' id='word_1_141' title='bbox 2054 874 2338 943; x_wconf 85' lang='lat' dir='ltr'><strong>suscipere</strong></span> <span class='ocrx_word' id='word_1_142' title='bbox 2370 877 2577 943; x_wconf 87' lang='lat' dir='ltr'><strong>volunt,</strong></span> <span class='ocrx_word' id='word_1_143' title='bbox 2608 868 2787 949; x_wconf 32' lang='lat' dir='ltr'><strong>quam.</strong></span> <span class='ocrx_word' id='word_1_144' title='bbox 2819 882 3039 938; x_wconf 91' lang='lat' dir='ltr'><strong>demum</strong></span> <span class='ocrx_word' id='word_1_145' title='bbox 3091 886 3250 941; x_wconf 84' lang='lat' dir='ltr'><strong>aliam</strong></span> <span class='ocrx_word' id='word_1_146' title='bbox 3303 888 3497 942; x_wconf 90' lang='lat' dir='ltr'><strong>salutis</strong></span> 
     </span>
    </p>
   </div>
   <div class='ocr_carea' id='block_1_22' title="bbox 1922 963 3496 1045">
    <p class='ocr_par' dir='ltr' id='par_1_22' title="bbox 1922 963 3496 1045">
     <span class='ocr_line' id='line_1_23' title="bbox 1922 963 3496 1045; baseline 0.015 -32"><span class='ocrx_word' id='word_1_147' title='bbox 1922 963 2185 1018; x_wconf 87' lang='lat' dir='ltr'><strong>rationem</strong></span> <span class='ocrx_word' id='word_1_148' title='bbox 2239 966 2564 1022; x_wconf 84' lang='lat' dir='ltr'><strong>invenient?</strong></span> <span class='ocrx_word' id='word_1_149' title='bbox 2600 972 2743 1029; x_wconf 87' lang='lat' dir='ltr'><strong>Bene</strong></span> <span class='ocrx_word' id='word_1_150' title='bbox 2799 975 2986 1044; x_wconf 89' lang='lat' dir='ltr'><strong>itaque</strong></span> <span class='ocrx_word' id='word_1_151' title='bbox 3018 991 3081 1031; x_wconf 90' lang='lat' dir='ltr'><strong>ac</strong></span> <span class='ocrx_word' id='word_1_152' title='bbox 3133 977 3259 1045; x_wconf 87' lang='lat' dir='ltr'><strong>jure</strong></span> <span class='ocrx_word' id='word_1_153' title='bbox 3298 980 3496 1036; x_wconf 84' lang='lat' dir='ltr'><strong>merito</strong></span> 
     </span>
    </p>
   </div>
   <div class='ocr_carea' id='block_1_23' title="bbox 1925 1051 3491 1133">
    <p class='ocr_par' dir='ltr' id='par_1_23' title="bbox 1925 1051 3491 1133">
     <span class='ocr_line' id='line_1_24' title="bbox 1925 1051 3491 1133; baseline 0.011 -27"><span class='ocrx_word' id='word_1_154' title='bbox 1925 1051 2175 1108; x_wconf 84' lang='lat' dir='ltr'><strong>Salvator</strong></span> <span class='ocrx_word' id='word_1_155' title='bbox 2234 1055 2537 1113; x_wconf 87' lang='lat' dir='ltr'><strong>Jerusalem</strong></span> <span class='ocrx_word' id='word_1_156' title='bbox 2606 1063 3034 1121; x_wconf 86' lang='lat' dir='ltr'><strong>iuexcusabilem</strong></span> <span class='ocrx_word' id='word_1_157' title='bbox 3100 1067 3215 1123; x_wconf 82' lang='lat' dir='ltr'><strong>fore</strong></span> <span class='ocrx_word' id='word_1_158' title='bbox 3272 1070 3491 1133; x_wconf 81' lang='lat' dir='ltr'><strong>aiebat,</strong></span> 
     </span>
    </p>
   </div>
   <div class='ocr_carea' id='block_1_24' title="bbox 1923 1145 3495 1218">
    <p class='ocr_par' dir='ltr' id='par_1_24' title="bbox 1923 1145 3495 1218">
     <span class='ocr_line' id='line_1_25' title="bbox 1923 1145 3495 1218; baseline 0.013 -23"><span class='ocrx_word' id='word_1_159' title='bbox 1923 1150 2048 1211; x_wconf 86' lang='lat' dir='ltr'><strong>puta</strong></span> <span class='ocrx_word' id='word_1_160' title='bbox 2082 1160 2203 1214; x_wconf 82' lang='lat' dir='ltr'><strong>quae</strong></span> <span class='ocrx_word' id='word_1_161' title='bbox 2237 1145 2353 1215; x_wconf 87' lang='lat' dir='ltr'><strong>ipsa</strong></span> <span class='ocrx_word' id='word_1_162' title='bbox 2387 1148 2488 1203; x_wconf 86' lang='lat' dir='ltr'><strong>sibi</strong></span> <span class='ocrx_word' id='word_1_163' title='bbox 2523 1153 2824 1218; x_wconf 89' lang='lat' dir='ltr'><strong>perniciem</strong></span> <span class='ocrx_word' id='word_1_164' title='bbox 2850 1166 3175 1215; x_wconf 82' lang='lat' dir='ltr'><strong>arcesseret.</strong></span> <span class='ocrx_word' id='word_1_165' title='bbox 3215 1178 3232 1210; x_wconf 78' lang='grc' dir='ltr'><strong>ι</strong></span> <span class='ocrx_word' id='word_1_166' title='bbox 3272 1158 3495 1214; x_wconf 85' lang='lat' dir='ltr'><strong>Jerusa-</strong></span> 
     </span>
    </p>
   </div>
   <div class='ocr_carea' id='block_1_25' title="bbox 1922 1233 3493 1318">
    <p class='ocr_par' dir='ltr' id='par_1_25' title="bbox 1922 1233 3493 1318">
     <span class='ocr_line' id='line_1_26' title="bbox 1922 1233 3493 1318; baseline 0.011 -32"><span class='ocrx_word' id='word_1_167' title='bbox 1922 1233 2025 1287; x_wconf 90' lang='lat' dir='ltr'><strong>lem</strong></span> <span class='ocrx_word' id='word_1_168' title='bbox 2058 1254 2078 1287; x_wconf 84' lang='lat'><strong>)</strong></span> <span class='ocrx_word' id='word_1_169' title='bbox 2120 1236 2287 1301; x_wconf 89' lang='lat' dir='ltr'><strong>enim,</strong></span> <span class='ocrx_word' id='word_1_170' title='bbox 2333 1238 2534 1307; x_wconf 86' lang='lat' dir='ltr'><strong>inquit,</strong></span> <span class='ocrx_word' id='word_1_171' title='bbox 2573 1259 2591 1292; x_wconf 83' lang='grc' dir='ltr'><strong>ι</strong></span> <span class='ocrx_word' id='word_1_172' title='bbox 2625 1240 2955 1309; x_wconf 83' lang='lat' dir='ltr'><strong>Jerusalem,</strong></span> <span class='ocrx_word' id='word_1_173' title='bbox 2981 1262 3101 1318; x_wconf 70' lang='lat' dir='ltr'><strong>qua:</strong></span> <span class='ocrx_word' id='word_1_174' title='bbox 3127 1248 3335 1303; x_wconf 78' lang='lat' dir='ltr'><strong>occidis</strong></span> <span class='ocrx_word' id='word_1_175' title='bbox 3360 1264 3493 1317; x_wconf 88' lang='lat' dir='ltr'><strong>pro-</strong></span> 
     </span>
    </p>
   </div>
   <div class='ocr_carea' id='block_1_26' title="bbox 1922 1324 3493 1409">
    <p class='ocr_par' dir='ltr' id='par_1_26' title="bbox 1922 1324 3493 1409">
     <span class='ocr_line' id='line_1_27' title="bbox 1922 1324 3493 1409; baseline 0.012 -33"><span class='ocrx_word' id='word_1_176' title='bbox 1922 1324 2136 1393; x_wconf 83' lang='lat' dir='ltr'><strong>phetas,</strong></span> <span class='ocrx_word' id='word_1_177' title='bbox 2158 1337 2214 1381; x_wconf 94' lang='lat' dir='ltr'><strong>et</strong></span> <span class='ocrx_word' id='word_1_178' title='bbox 2244 1330 2451 1397; x_wconf 85' lang='lat' dir='ltr'><strong>lapidas</strong></span> <span class='ocrx_word' id='word_1_179' title='bbox 2482 1348 2578 1387; x_wconf 89' lang='lat' dir='ltr'><strong>eos</strong></span> <span class='ocrx_word' id='word_1_180' title='bbox 2603 1335 2696 1403; x_wconf 91' lang='lat' dir='ltr'><strong>qui</strong></span> <span class='ocrx_word' id='word_1_181' title='bbox 2728 1336 2795 1389; x_wconf 90' lang='lat' dir='ltr'><strong>ad</strong></span> <span class='ocrx_word' id='word_1_182' title='bbox 2827 1346 2879 1391; x_wconf 91' lang='lat' dir='ltr'><strong>te</strong></span> <span class='ocrx_word' id='word_1_183' title='bbox 2908 1338 3063 1391; x_wconf 90' lang='lat' dir='ltr'><strong>missi</strong></span> <span class='ocrx_word' id='word_1_184' title='bbox 3098 1348 3245 1402; x_wconf 87' lang='lat' dir='ltr'><strong>sunt,</strong></span> <span class='ocrx_word' id='word_1_185' title='bbox 3274 1342 3493 1409; x_wconf 85' lang='lat' dir='ltr'><strong>quoties</strong></span> 
     </span>
    </p>
   </div>
   <div class='ocr_carea' id='block_1_27' title="bbox 1918 1416 3493 1501">
    <p class='ocr_par' dir='ltr' id='par_1_27' title="bbox 1918 1416 3493 1501">
     <span class='ocr_line' id='line_1_28' title="bbox 1918 1416 3493 1501; baseline 0.011 -32"><span class='ocrx_word' id='word_1_186' title='bbox 1918 1416 2061 1469; x_wconf 77' lang='lat' dir='ltr'><strong>volui</strong></span> <span class='ocrx_word' id='word_1_187' title='bbox 2102 1432 2436 1489; x_wconf 84' lang='lat' dir='ltr'><strong>congregare</strong></span> <span class='ocrx_word' id='word_1_188' title='bbox 2484 1424 2622 1479; x_wconf 88' lang='lat' dir='ltr'><strong>lilios</strong></span> <span class='ocrx_word' id='word_1_189' title='bbox 2665 1432 2819 1490; x_wconf 88' lang='lat' dir='ltr'><strong>tuos,</strong></span> <span class='ocrx_word' id='word_1_190' title='bbox 2868 1429 3332 1498; x_wconf 87' lang='lat' dir='ltr'><strong>quemadmodum</strong></span> <span class='ocrx_word' id='word_1_191' title='bbox 3376 1432 3493 1501; x_wconf 83' lang='lat' dir='ltr'><strong>gal—</strong></span> 
     </span>
    </p>
   </div>
   <div class='ocr_carea' id='block_1_28' title="bbox 1925 1507 3491 1586">
    <p class='ocr_par' dir='ltr' id='par_1_28' title="bbox 1925 1507 3491 1586">
     <span class='ocr_line' id='line_1_29' title="bbox 1925 1507 3491 1586; baseline 0.01 -27"><span class='ocrx_word' id='word_1_192' title='bbox 1925 1507 2032 1559; x_wconf 91' lang='lat' dir='ltr'><strong>lina</strong></span> <span class='ocrx_word' id='word_1_193' title='bbox 2069 1519 2362 1579; x_wconf 80' lang='lat' dir='ltr'><strong>congregat</strong></span> <span class='ocrx_word' id='word_1_194' title='bbox 2392 1513 2570 1581; x_wconf 88' lang='lat' dir='ltr'><strong>pullos</strong></span> <span class='ocrx_word' id='word_1_195' title='bbox 2623 1531 2754 1571; x_wconf 91' lang='lat' dir='ltr'><strong>suos</strong></span> <span class='ocrx_word' id='word_1_196' title='bbox 2801 1519 2904 1572; x_wconf 86' lang='lat' dir='ltr'><strong>sub</strong></span> <span class='ocrx_word' id='word_1_197' title='bbox 2958 1521 3094 1586; x_wconf 89' lang='lat' dir='ltr'><strong>alas,</strong></span> <span class='ocrx_word' id='word_1_198' title='bbox 3142 1528 3196 1576; x_wconf 90' lang='lat' dir='ltr'><strong>et</strong></span> <span class='ocrx_word' id='word_1_199' title='bbox 3232 1521 3491 1577; x_wconf 88' lang='lat' dir='ltr'><strong>noluisti?</strong></span> 
     </span>
    </p>
   </div>
   <div class='ocr_carea' id='block_1_29' title="bbox 1922 1598 3417 1671">
    <p class='ocr_par' dir='ltr' id='par_1_29' title="bbox 1922 1598 3417 1671">
     <span class='ocr_line' id='line_1_30' title="bbox 1922 1598 3417 1671; baseline 0.009 -19"><span class='ocrx_word' id='word_1_200' title='bbox 1922 1598 2065 1653; x_wconf 83' lang='lat' dir='ltr'><strong>Ecce</strong></span> <span class='ocrx_word' id='word_1_201' title='bbox 2089 1601 2431 1671; x_wconf 85' lang='lat' dir='ltr'><strong>relinquetur</strong></span> <span class='ocrx_word' id='word_1_202' title='bbox 2458 1607 2613 1662; x_wconf 79' lang='lat' dir='ltr'><strong>vobis</strong></span> <span class='ocrx_word' id='word_1_203' title='bbox 2639 1607 2833 1664; x_wconf 89' lang='lat' dir='ltr'><strong>domus</strong></span> <span class='ocrx_word' id='word_1_204' title='bbox 2855 1620 3035 1665; x_wconf 85' lang='lat' dir='ltr'><strong>vestra</strong></span> <span class='ocrx_word' id='word_1_205' title='bbox 3058 1612 3272 1668; x_wconf 88' lang='lat' dir='ltr'><strong>deserta</strong></span> <span class='ocrx_word' id='word_1_206' title='bbox 3300 1615 3365 1668; x_wconf 81' lang='lat'><strong>&quot;.</strong></span> <span class='ocrx_word' id='word_1_207' title='bbox 3399 1633 3417 1666; x_wconf 73' lang='grc' dir='ltr'><strong>ι</strong></span> 
     </span>
    </p>
   </div>
   <div class='ocr_carea' id='block_1_30' title="bbox 234 1670 3481 1773">
    <p class='ocr_par' dir='ltr' id='par_1_30' title="bbox 234 1670 3481 1773">
     <span class='ocr_line' id='line_1_31' title="bbox 234 1670 3481 1773; baseline 0.008 -42"><span class='ocrx_word' id='word_1_208' title='bbox 234 1670 391 1737; x_wconf 65' lang='grc' dir='ltr'>ὅρνις</span> <span class='ocrx_word' id='word_1_209' title='bbox 413 1674 731 1744; x_wconf 73' lang='grc' dir='ltr'>ἐπισυνάγει</span> <span class='ocrx_word' id='word_1_210' title='bbox 755 1680 821 1731; x_wconf 77' lang='grc' dir='ltr'>τὰ</span> <span class='ocrx_word' id='word_1_211' title='bbox 850 1682 1034 1733; x_wconf 82' lang='grc' dir='ltr'>νοσσία</span> <span class='ocrx_word' id='word_1_212' title='bbox 1059 1684 1256 1753; x_wconf 80' lang='grc' dir='ltr'>ἑαυτῆς</span> <span class='ocrx_word' id='word_1_213' title='bbox 1287 1687 1390 1739; x_wconf 85' lang='grc' dir='ltr'><strong>ὑπὸ</strong></span> <span class='ocrx_word' id='word_1_214' title='bbox 1418 1687 1515 1751; x_wconf 81' lang='grc' dir='ltr'><strong>τὰς</strong></span> <span class='ocrx_word' id='word_1_215' title='bbox 1542 1688 1837 1759; x_wconf 86' lang='grc' dir='ltr'>πτέρυγας,</span> <span class='ocrx_word' id='word_1_216' title='bbox 1870 1697 1962 1742; x_wconf 82' lang='grc' dir='ltr'><strong>καὶ</strong></span> <span class='ocrx_word' id='word_1_217' title='bbox 1986 1693 2086 1745; x_wconf 79' lang='grc' dir='ltr'>οὐκ</span> <span class='ocrx_word' id='word_1_218' title='bbox 2119 1694 2419 1765; x_wconf 76' lang='grc' dir='ltr'>ἠθελήσατε</span> <span class='ocrx_word' id='word_1_219' title='bbox 2442 1716 2456 1763; x_wconf 91' lang='grc'><strong>;</strong></span> <span class='ocrx_word' id='word_1_220' title='bbox 2498 1698 2627 1751; x_wconf 84' lang='grc' dir='ltr'>Ἰδοὺ</span> <span class='ocrx_word' id='word_1_221' title='bbox 2656 1699 2872 1768; x_wconf 81' lang='grc' dir='ltr'>ἀφίεται</span> <span class='ocrx_word' id='word_1_222' title='bbox 2903 1703 3029 1771; x_wconf 86' lang='grc' dir='ltr'>ὑμῖν</span> <span class='ocrx_word' id='word_1_223' title='bbox 3050 1704 3077 1754; x_wconf 85' lang='grc' dir='ltr'>ὁ</span> <span class='ocrx_word' id='word_1_224' title='bbox 3099 1701 3242 1765; x_wconf 77' lang='grc' dir='ltr'>οἶκος</span> <span class='ocrx_word' id='word_1_225' title='bbox 3267 1702 3437 1773; x_wconf 77' lang='grc' dir='ltr'>ὑμῶν.</span> <span class='ocrx_word' id='word_1_226' title='bbox 3462 1724 3481 1755; x_wconf 72' lang='grc' dir='ltr'><strong>ι</strong></span> 
     </span>
    </p>
   </div>
   <div class='ocr_carea' id='block_1_31' title="bbox 308 1765 1877 1857">
    <p class='ocr_par' dir='ltr' id='par_1_31' title="bbox 308 1765 1877 1857">
     <span class='ocr_line' id='line_1_32' title="bbox 308 1765 1877 1857; baseline 0.011 -40"><span class='ocrx_word' id='word_1_227' title='bbox 308 1767 373 1817; x_wconf 79' lang='lat' dir='ltr'><strong>Ei</strong></span> <span class='ocrx_word' id='word_1_228' title='bbox 407 1765 476 1817; x_wconf 78' lang='grc' dir='ltr'>τὰ</span> <span class='ocrx_word' id='word_1_229' title='bbox 500 1768 730 1834; x_wconf 65' lang='grc' dir='ltr'>ἐπίγεια</span> <span class='ocrx_word' id='word_1_230' title='bbox 751 1766 922 1823; x_wconf 77' lang='grc' dir='ltr'>εἷπον</span> <span class='ocrx_word' id='word_1_231' title='bbox 938 1774 1099 1841; x_wconf 80' lang='grc' dir='ltr'>ὑμῖν,</span> <span class='ocrx_word' id='word_1_232' title='bbox 1118 1776 1217 1828; x_wconf 79' lang='grc' dir='ltr'>καὶ</span> <span class='ocrx_word' id='word_1_233' title='bbox 1244 1780 1313 1831; x_wconf 84' lang='grc' dir='ltr'>οὐ</span> <span class='ocrx_word' id='word_1_234' title='bbox 1333 1780 1662 1842; x_wconf 82' lang='grc' dir='ltr'>πιστεύετε,</span> <span class='ocrx_word' id='word_1_235' title='bbox 1682 1780 1805 1847; x_wconf 80' lang='grc' dir='ltr'>πῶς</span> <span class='ocrx_word' id='word_1_236' title='bbox 1838 1805 1877 1857; x_wconf 77' lang='grc' dir='ltr'>Β</span> 
     </span>
    </p>
   </div>
   <div class='ocr_carea' id='block_1_32' title="bbox 232 1851 1806 1935">
    <p class='ocr_par' dir='ltr' id='par_1_32' title="bbox 232 1851 1806 1935">
     <span class='ocr_line' id='line_1_33' title="bbox 232 1851 1806 1935; baseline 0.013 -32"><span class='ocrx_word' id='word_1_237' title='bbox 232 1851 343 1904; x_wconf 78' lang='grc' dir='ltr'><strong>ἐὰν</strong></span> <span class='ocrx_word' id='word_1_238' title='bbox 373 1855 518 1907; x_wconf 79' lang='grc' dir='ltr'>εἴπω</span> <span class='ocrx_word' id='word_1_239' title='bbox 565 1857 706 1924; x_wconf 80' lang='grc' dir='ltr'>ὑμῖν</span> <span class='ocrx_word' id='word_1_240' title='bbox 748 1860 818 1912; x_wconf 82' lang='grc' dir='ltr'>τὰ</span> <span class='ocrx_word' id='word_1_241' title='bbox 868 1861 1211 1930; x_wconf 75' lang='grc' dir='ltr'>ἐπουράνια,</span> <span class='ocrx_word' id='word_1_242' title='bbox 1264 1869 1664 1935; x_wconf 65' lang='lat' dir='ltr'><strong>mandante;</strong></span> <span class='ocrx_word' id='word_1_243' title='bbox 1700 1872 1806 1931; x_wconf 76' lang='grc' dir='ltr'><strong>Καὶ</strong></span> 
     </span>
    </p>
   </div>
   <div class='ocr_carea' id='block_1_33' title="bbox 234 1943 1809 2030">
    <p class='ocr_par' dir='ltr' id='par_1_33' title="bbox 234 1943 1809 2030">
     <span class='ocr_line' id='line_1_34' title="bbox 234 1943 1809 2030; baseline 0.014 -35"><span class='ocrx_word' id='word_1_244' title='bbox 234 1943 434 2010; x_wconf 67' lang='grc' dir='ltr'>οὐδεὶς</span> <span class='ocrx_word' id='word_1_245' title='bbox 473 1947 840 2016; x_wconf 71' lang='grc' dir='ltr'>ἀναϐέϐηκεν</span> <span class='ocrx_word' id='word_1_246' title='bbox 880 1955 962 2018; x_wconf 83' lang='grc' dir='ltr'>εἰς</span> <span class='ocrx_word' id='word_1_247' title='bbox 1000 1955 1103 2007; x_wconf 80' lang='grc' dir='ltr'><strong>τὸν</strong></span> <span class='ocrx_word' id='word_1_248' title='bbox 1148 1958 1430 2025; x_wconf 82' lang='grc' dir='ltr'>οὐρανὸν,</span> <span class='ocrx_word' id='word_1_249' title='bbox 1470 1963 1521 2013; x_wconf 83' lang='grc' dir='ltr'><strong>εί</strong></span> <span class='ocrx_word' id='word_1_250' title='bbox 1567 1962 1653 2030; x_wconf 81' lang='grc' dir='ltr'>μὴ</span> <span class='ocrx_word' id='word_1_251' title='bbox 1691 1964 1809 2016; x_wconf 83' lang='grc' dir='ltr'>όέκ</span> 
     </span>
    </p>
   </div>
   <div class='ocr_carea' id='block_1_34' title="bbox 236 2033 1811 2119">
    <p class='ocr_par' dir='ltr' id='par_1_34' title="bbox 236 2033 1811 2119">
     <span class='ocr_line' id='line_1_35' title="bbox 236 2033 1811 2119; baseline 0.015 -34"><span class='ocrx_word' id='word_1_252' title='bbox 236 2033 342 2087; x_wconf 82' lang='grc' dir='ltr'><strong>τοῦ</strong></span> <span class='ocrx_word' id='word_1_253' title='bbox 372 2038 634 2105; x_wconf 72' lang='grc' dir='ltr'>ὀὐρανοῦ</span> <span class='ocrx_word' id='word_1_254' title='bbox 665 2043 943 2109; x_wconf 79' lang='grc' dir='ltr'>καταϐὰς,</span> <span class='ocrx_word' id='word_1_255' title='bbox 980 2048 1012 2098; x_wconf 89' lang='grc' dir='ltr'><strong>ό</strong></span> <span class='ocrx_word' id='word_1_256' title='bbox 1052 2047 1178 2113; x_wconf 78' lang='grc' dir='ltr'><strong>Υἱὸς</strong></span> <span class='ocrx_word' id='word_1_257' title='bbox 1200 2049 1304 2102; x_wconf 82' lang='grc' dir='ltr'><strong>τοῦ</strong></span> <span class='ocrx_word' id='word_1_258' title='bbox 1336 2052 1650 2119; x_wconf 72' lang='grc' dir='ltr'>ἀνθρώπου</span> <span class='ocrx_word' id='word_1_259' title='bbox 1675 2056 1707 2108; x_wconf 84' lang='grc' dir='ltr'><em>ὀ</em></span> <span class='ocrx_word' id='word_1_260' title='bbox 1726 2053 1811 2108; x_wconf 77' lang='grc' dir='ltr'><strong>ὢν</strong></span> 
     </span>
    </p>
   </div>
   <div class='ocr_carea' id='block_1_35' title="bbox 232 2132 679 2197">
    <p class='ocr_par' dir='ltr' id='par_1_35' title="bbox 232 2132 679 2197">
     <span class='ocr_line' id='line_1_36' title="bbox 232 2132 679 2197; baseline 0.013 -18"><span class='ocrx_word' id='word_1_261' title='bbox 232 2132 307 2180; x_wconf 78' lang='grc' dir='ltr'><strong>ἐν</strong></span> <span class='ocrx_word' id='word_1_262' title='bbox 326 2132 404 2192; x_wconf 84' lang='grc' dir='ltr'>τῷ</span> <span class='ocrx_word' id='word_1_263' title='bbox 426 2132 679 2197; x_wconf 70' lang='grc' dir='ltr'>οὐρανῷ.</span> 
     </span>
    </p>
   </div>
   <div class='ocr_carea' id='block_1_36' title="bbox 305 2216 1809 2306">
    <p class='ocr_par' dir='ltr' id='par_1_36' title="bbox 305 2216 1809 2306">
     <span class='ocr_line' id='line_1_37' title="bbox 305 2216 1809 2306; baseline 0.016 -36"><span class='ocrx_word' id='word_1_264' title='bbox 305 2216 572 2290; x_wconf 73' lang='grc' dir='ltr'>Μαθημα,</span> <span class='ocrx_word' id='word_1_265' title='bbox 626 2224 811 2293; x_wconf 77' lang='grc' dir='ltr'>φησὶν,</span> <span class='ocrx_word' id='word_1_266' title='bbox 856 2227 954 2299; x_wconf 83' lang='grc' dir='ltr'>τὴν</span> <span class='ocrx_word' id='word_1_267' title='bbox 1002 2231 1307 2302; x_wconf 81' lang='grc' dir='ltr'>ἀνθρώποις</span> <span class='ocrx_word' id='word_1_268' title='bbox 1351 2235 1669 2306; x_wconf 86' lang='grc' dir='ltr'>πρέπουσαν</span> <span class='ocrx_word' id='word_1_269' title='bbox 1709 2242 1809 2294; x_wconf 72' lang='grc' dir='ltr'>οὐκ</span> 
     </span>
    </p>
   </div>
   <div class='ocr_carea' id='block_1_37' title="bbox 231 2310 1805 2399">
    <p class='ocr_par' dir='ltr' id='par_1_37' title="bbox 231 2310 1805 2399">
     <span class='ocr_line' id='line_1_38' title="bbox 231 2310 1805 2399; baseline 0.014 -36"><span class='ocrx_word' id='word_1_270' title='bbox 231 2310 521 2365; x_wconf 73' lang='grc' dir='ltr'>ἀναϐαῖνον</span> <span class='ocrx_word' id='word_1_271' title='bbox 579 2314 813 2381; x_wconf 76' lang='grc' dir='ltr'>σύνεσιν,</span> <span class='ocrx_word' id='word_1_272' title='bbox 854 2319 911 2385; x_wconf 75' lang='grc' dir='ltr'><strong>ἐξ</strong></span> <span class='ocrx_word' id='word_1_273' title='bbox 964 2322 1204 2393; x_wconf 81' lang='grc' dir='ltr'>ἀμέτρου</span> <span class='ocrx_word' id='word_1_274' title='bbox 1250 2326 1436 2380; x_wconf 74' lang='grc' dir='ltr'>λοιπὸν</span> <span class='ocrx_word' id='word_1_275' title='bbox 1497 2330 1717 2399; x_wconf 85' lang='grc' dir='ltr'>ἀλογίας</span> <span class='ocrx_word' id='word_1_276' title='bbox 1745 2334 1805 2385; x_wconf 76' lang='grc' dir='ltr'>οὐ</span> 
     </span>
    </p>
   </div>
   <div class='ocr_carea' id='block_1_38' title="bbox 231 2402 1806 2491">
    <p class='ocr_par' dir='ltr' id='par_1_38' title="bbox 231 2402 1806 2491">
     <span class='ocr_line' id='line_1_39' title="bbox 231 2402 1806 2491; baseline 0.017 -40"><span class='ocrx_word' id='word_1_277' title='bbox 231 2402 618 2471; x_wconf 80' lang='grc' dir='ltr'>παρεδέξασθε,</span> <span class='ocrx_word' id='word_1_278' title='bbox 646 2410 736 2461; x_wconf 74' lang='grc' dir='ltr'>καὶ</span> <span class='ocrx_word' id='word_1_279' title='bbox 760 2411 875 2475; x_wconf 84' lang='grc' dir='ltr'>πῶς</span> <span class='ocrx_word' id='word_1_280' title='bbox 898 2413 963 2465; x_wconf 87' lang='grc' dir='ltr'>ἂν</span> <span class='ocrx_word' id='word_1_281' title='bbox 1001 2415 1126 2483; x_wconf 67' lang='grc' dir='ltr'>ὑμῖν</span> <span class='ocrx_word' id='word_1_282' title='bbox 1168 2418 1545 2491; x_wconf 77' lang='grc' dir='ltr'>ἐξηγησαίμην</span> <span class='ocrx_word' id='word_1_283' title='bbox 1572 2424 1639 2475; x_wconf 86' lang='grc' dir='ltr'>τὰ</span> <span class='ocrx_word' id='word_1_284' title='bbox 1665 2422 1806 2477; x_wconf 86' lang='grc' dir='ltr'>θειό-</span> 
     </span>
    </p>
   </div>
   <div class='ocr_carea' id='block_1_39' title="bbox 234 2498 1805 2579">
    <p class='ocr_par' dir='ltr' id='par_1_39' title="bbox 234 2498 1805 2579">
     <span class='ocr_line' id='line_1_40' title="bbox 234 2498 1805 2579; baseline 0.013 -33"><span class='ocrx_word' id='word_1_285' title='bbox 234 2510 404 2564; x_wconf 82' lang='grc' dir='ltr'>τερα;</span> <span class='ocrx_word' id='word_1_286' title='bbox 443 2498 503 2549; x_wconf 83' lang='grc' dir='ltr'><strong>Οἱ</strong></span> <span class='ocrx_word' id='word_1_287' title='bbox 527 2498 582 2550; x_wconf 78' lang='grc' dir='ltr'>δὲ</span> <span class='ocrx_word' id='word_1_288' title='bbox 608 2501 665 2552; x_wconf 79' lang='grc' dir='ltr'>ἐν</span> <span class='ocrx_word' id='word_1_289' title='bbox 698 2504 809 2565; x_wconf 83' lang='grc' dir='ltr'>τοῖς</span> <span class='ocrx_word' id='word_1_290' title='bbox 858 2503 979 2556; x_wconf 87' lang='grc' dir='ltr'>καθ’</span> <span class='ocrx_word' id='word_1_291' title='bbox 1004 2507 1229 2571; x_wconf 75' lang='grc' dir='ltr'>ἑαυτοὺς</span> <span class='ocrx_word' id='word_1_292' title='bbox 1264 2512 1649 2579; x_wconf 84' lang='grc' dir='ltr'>ἀμαθέστατοι,</span> <span class='ocrx_word' id='word_1_293' title='bbox 1691 2516 1805 2578; x_wconf 79' lang='grc' dir='ltr'>πῶς</span> 
     </span>
    </p>
   </div>
   <div class='ocr_carea' id='block_1_40' title="bbox 234 2582 1808 2676">
    <p class='ocr_par' dir='ltr' id='par_1_40' title="bbox 234 2582 1808 2676">
     <span class='ocr_line' id='line_1_41' title="bbox 234 2582 1808 2676; baseline 0.016 -41"><span class='ocrx_word' id='word_1_294' title='bbox 234 2584 299 2635; x_wconf 65' lang='grc' dir='ltr'>ὃν</span> <span class='ocrx_word' id='word_1_295' title='bbox 329 2582 437 2638; x_wconf 85' lang='grc' dir='ltr'>εἶεν</span> <span class='ocrx_word' id='word_1_296' title='bbox 467 2590 522 2639; x_wconf 78' lang='grc' dir='ltr'>ἐν</span> <span class='ocrx_word' id='word_1_297' title='bbox 552 2592 663 2653; x_wconf 87' lang='grc' dir='ltr'>τοῖς</span> <span class='ocrx_word' id='word_1_298' title='bbox 712 2593 1066 2667; x_wconf 72' lang='grc' dir='ltr'>ὑπεραίρουσι</span> <span class='ocrx_word' id='word_1_299' title='bbox 1118 2601 1270 2668; x_wconf 83' lang='grc' dir='ltr'>σοφοί</span> <span class='ocrx_word' id='word_1_300' title='bbox 1298 2619 1312 2667; x_wconf 85' lang='lat'>;</span> <span class='ocrx_word' id='word_1_301' title='bbox 1354 2604 1462 2655; x_wconf 71' lang='grc' dir='ltr'><strong>Καὶ</strong></span> <span class='ocrx_word' id='word_1_302' title='bbox 1495 2606 1542 2657; x_wconf 80' lang='lat' dir='ltr'><strong>oi</strong></span> <span class='ocrx_word' id='word_1_303' title='bbox 1575 2607 1708 2676; x_wconf 84' lang='grc' dir='ltr'>πρὸς</span> <span class='ocrx_word' id='word_1_304' title='bbox 1748 2607 1808 2660; x_wconf 77' lang='grc' dir='ltr'><strong>τὸ</strong></span> 
     </span>
    </p>
   </div>
   <div class='ocr_carea' id='block_1_41' title="bbox 229 2676 1806 2766">
    <p class='ocr_par' dir='ltr' id='par_1_41' title="bbox 229 2676 1806 2766">
     <span class='ocr_line' id='line_1_42' title="bbox 229 2676 1806 2766; baseline 0.016 -40"><span class='ocrx_word' id='word_1_305' title='bbox 229 2676 858 2749; x_wconf 71' lang='grc' dir='ltr'>ἓλαττονάτονήσαντες,</span> <span class='ocrx_word' id='word_1_306' title='bbox 913 2688 1029 2750; x_wconf 84' lang='grc' dir='ltr'>πῶς</span> <span class='ocrx_word' id='word_1_307' title='bbox 1048 2691 1149 2742; x_wconf 84' lang='grc' dir='ltr'>οὐκ</span> <span class='ocrx_word' id='word_1_308' title='bbox 1174 2691 1239 2743; x_wconf 81' lang='grc' dir='ltr'>ἂν</span> <span class='ocrx_word' id='word_1_309' title='bbox 1285 2692 1459 2763; x_wconf 82' lang='grc' dir='ltr'>ἔχοιεν</span> <span class='ocrx_word' id='word_1_310' title='bbox 1510 2696 1570 2748; x_wconf 80' lang='grc' dir='ltr'>τὸ</span> <span class='ocrx_word' id='word_1_311' title='bbox 1624 2700 1806 2766; x_wconf 77' lang='grc' dir='ltr'>μεῖζον</span> 
     </span>
    </p>
   </div>
   <div class='ocr_carea' id='block_1_42' title="bbox 228 2766 1804 2858">
    <p class='ocr_par' dir='ltr' id='par_1_42' title="bbox 228 2766 1804 2858">
     <span class='ocr_line' id='line_1_43' title="bbox 228 2766 1804 2858; baseline 0.017 -43"><span class='ocrx_word' id='word_1_312' title='bbox 228 2766 534 2858; x_wconf 51' lang='grc' dir='ltr'>ἀξόρητονς</span> <span class='ocrx_word' id='word_1_313' title='bbox 580 2773 686 2824; x_wconf 80' lang='grc' dir='ltr'><strong>Καὶ</strong></span> <span class='ocrx_word' id='word_1_314' title='bbox 740 2777 788 2827; x_wconf 77' lang='grc' dir='ltr'>εἰ</span> <span class='ocrx_word' id='word_1_315' title='bbox 844 2778 915 2846; x_wconf 84' lang='grc' dir='ltr'>μὴ</span> <span class='ocrx_word' id='word_1_316' title='bbox 949 2779 1115 2848; x_wconf 83' lang='grc' dir='ltr'>μόνῳ,</span> <span class='ocrx_word' id='word_1_317' title='bbox 1146 2784 1340 2858; x_wconf 60' lang='grc' dir='ltr'>φησιν,</span> <span class='ocrx_word' id='word_1_318' title='bbox 1372 2786 1496 2854; x_wconf 53' lang='grc' dir='ltr'><strong>ἐμοὶ⁹</strong></span> <span class='ocrx_word' id='word_1_319' title='bbox 1520 2789 1804 2842; x_wconf 77' lang='grc' dir='ltr'>πιστεύετε</span> 
     </span>
    </p>
   </div>
   <div class='ocr_carea' id='block_1_43' title="bbox 228 2854 1806 2949">
    <p class='ocr_par' dir='ltr' id='par_1_43' title="bbox 228 2854 1806 2949">
     <span class='ocr_line' id='line_1_44' title="bbox 228 2854 1806 2949; baseline 0.02 -45"><span class='ocrx_word' id='word_1_320' title='bbox 228 2854 460 2923; x_wconf 76' lang='grc' dir='ltr'>λέγοντι,</span> <span class='ocrx_word' id='word_1_321' title='bbox 486 2859 708 2924; x_wconf 74' lang='grc' dir='ltr'>πολλοὺς</span> <span class='ocrx_word' id='word_1_322' title='bbox 736 2864 790 2917; x_wconf 86' lang='grc' dir='ltr'>δὲ</span> <span class='ocrx_word' id='word_1_323' title='bbox 817 2867 901 2933; x_wconf 82' lang='grc' dir='ltr'><strong>ἐφ’</strong></span> <span class='ocrx_word' id='word_1_324' title='bbox 930 2854 1155 2940; x_wconf 76' lang='grc' dir='ltr'>ἑκάστῳ</span> <span class='ocrx_word' id='word_1_325' title='bbox 1182 2872 1391 2943; x_wconf 81' lang='grc' dir='ltr'>ζητεῖτε</span> <span class='ocrx_word' id='word_1_326' title='bbox 1429 2878 1555 2940; x_wconf 81' lang='grc' dir='ltr'>τοὺς</span> <span class='ocrx_word' id='word_1_327' title='bbox 1604 2881 1806 2949; x_wconf 84' lang='grc' dir='ltr'>μάρτυ-</span> 
     </span>
    </p>
   </div>
   <div class='ocr_carea' id='block_1_44' title="bbox 231 2952 1804 3040">
    <p class='ocr_par' dir='ltr' id='par_1_44' title="bbox 231 2952 1804 3040">
     <span class='ocr_line' id='line_1_45' title="bbox 231 2952 1804 3040; baseline 0.018 -43"><span class='ocrx_word' id='word_1_328' title='bbox 231 2965 353 3013; x_wconf 73' lang='grc' dir='ltr'>ρας,</span> <span class='ocrx_word' id='word_1_329' title='bbox 389 2952 509 3004; x_wconf 88' lang='grc' dir='ltr'>τίνα</span> <span class='ocrx_word' id='word_1_330' title='bbox 553 2956 801 3023; x_wconf 88' lang='grc' dir='ltr'>παροίσοι</span> <span class='ocrx_word' id='word_1_331' title='bbox 846 2956 952 3028; x_wconf 77' lang='grc' dir='ltr'><strong>[ῖσ.</strong></span> <span class='ocrx_word' id='word_1_332' title='bbox 1002 2964 1342 3037; x_wconf 78' lang='grc' dir='ltr'>παροίσοιμι]</span> <span class='ocrx_word' id='word_1_333' title='bbox 1383 2968 1492 3021; x_wconf 83' lang='grc' dir='ltr'><strong>τῶν</strong></span> <span class='ocrx_word' id='word_1_334' title='bbox 1539 2970 1804 3040; x_wconf 82' lang='grc' dir='ltr'>οὐρανίων</span> 
     </span>
    </p>
   </div>
   <div class='ocr_carea' id='block_1_45' title="bbox 227 3042 1800 3130">
    <p class='ocr_par' dir='ltr' id='par_1_45' title="bbox 227 3042 1800 3130">
     <span class='ocr_line' id='line_1_46' title="bbox 227 3042 1800 3130; baseline 0.017 -42"><span class='ocrx_word' id='word_1_335' title='bbox 227 3042 358 3107; x_wconf 76' lang='grc' dir='ltr'>ὑμῖν</span> <span class='ocrx_word' id='word_1_336' title='bbox 383 3045 692 3112; x_wconf 80' lang='grc' dir='ltr'>μυστηρίων</span> <span class='ocrx_word' id='word_1_337' title='bbox 718 3045 805 3098; x_wconf 84' lang='grc' dir='ltr'>τὸν</span> <span class='ocrx_word' id='word_1_338' title='bbox 822 3047 1054 3119; x_wconf 87' lang='grc' dir='ltr'>θεωρόν;</span> <span class='ocrx_word' id='word_1_339' title='bbox 1086 3054 1302 3115; x_wconf 74' lang='grc' dir='ltr'>«Οὐδεὶς</span> <span class='ocrx_word' id='word_1_340' title='bbox 1324 3057 1431 3125; x_wconf 85' lang='grc' dir='ltr'><strong>γάρ</strong></span> <span class='ocrx_word' id='word_1_341' title='bbox 1460 3060 1800 3130; x_wconf 74' lang='grc' dir='ltr'>ἀναϐέϐηκεν</span> 
     </span>
    </p>
   </div>
   <div class='ocr_carea' id='block_1_46' title="bbox 1976 1778 3493 1857">
    <p class='ocr_par' dir='ltr' id='par_1_46' title="bbox 1976 1778 3493 1857">
     <span class='ocr_line' id='line_1_47' title="bbox 1976 1778 3493 1857; baseline 0.008 -23"><span class='ocrx_word' id='word_1_342' title='bbox 1976 1781 2062 1849; x_wconf 84' lang='lat' dir='ltr'><strong>Ill,</strong></span> <span class='ocrx_word' id='word_1_343' title='bbox 2108 1783 2193 1846; x_wconf 74' lang='grc'><strong>12,</strong></span> <span class='ocrx_word' id='word_1_344' title='bbox 2222 1785 2305 1838; x_wconf 82' lang='grc'><strong>15.</strong></span> <span class='ocrx_word' id='word_1_345' title='bbox 2354 1786 2410 1840; x_wconf 87' lang='lat' dir='ltr'><strong>Si</strong></span> <span class='ocrx_word' id='word_1_346' title='bbox 2442 1795 2650 1842; x_wconf 84' lang='lat' dir='ltr'><strong>terrena</strong></span> <span class='ocrx_word' id='word_1_347' title='bbox 2683 1791 2796 1843; x_wconf 70' lang='lat' dir='ltr'><strong>dimi</strong></span> <span class='ocrx_word' id='word_1_348' title='bbox 2830 1791 2993 1857; x_wconf 80' lang='lat' dir='ltr'><strong>vobis,</strong></span> <span class='ocrx_word' id='word_1_349' title='bbox 3023 1801 3074 1845; x_wconf 89' lang='lat' dir='ltr'><strong>et</strong></span> <span class='ocrx_word' id='word_1_350' title='bbox 3117 1808 3218 1845; x_wconf 84' lang='lat' dir='ltr'><strong>non</strong></span> <span class='ocrx_word' id='word_1_351' title='bbox 3248 1778 3493 1857; x_wconf 73' lang='lat' dir='ltr'><strong>creditis,</strong></span> 
     </span>
    </p>
   </div>
   <div class='ocr_carea' id='block_1_47' title="bbox 1911 1876 3484 1946">
    <p class='ocr_par' dir='ltr' id='par_1_47' title="bbox 1911 1876 3484 1946">
     <span class='ocr_line' id='line_1_48' title="bbox 1911 1876 3484 1946; baseline 0.008 -20"><span class='ocrx_word' id='word_1_352' title='bbox 1911 1876 2168 1944; x_wconf 86' lang='lat' dir='ltr'><strong>quomodo</strong></span> <span class='ocrx_word' id='word_1_353' title='bbox 2196 1878 2243 1929; x_wconf 93' lang='lat' dir='ltr'><strong>si</strong></span> <span class='ocrx_word' id='word_1_354' title='bbox 2279 1877 2464 1933; x_wconf 75' lang='lat' dir='ltr'><strong>dixero</strong></span> <span class='ocrx_word' id='word_1_355' title='bbox 2489 1879 2632 1934; x_wconf 81' lang='lat' dir='ltr'><strong>vobis</strong></span> <span class='ocrx_word' id='word_1_356' title='bbox 2663 1882 2910 1946; x_wconf 73' lang='lat' dir='ltr'><strong>caelestia,</strong></span> <span class='ocrx_word' id='word_1_357' title='bbox 2943 1884 3206 1937; x_wconf 79' lang='lat' dir='ltr'><strong>credetis?</strong></span> <span class='ocrx_word' id='word_1_358' title='bbox 3238 1883 3303 1937; x_wconf 90' lang='lat' dir='ltr'><strong>Et</strong></span> <span class='ocrx_word' id='word_1_359' title='bbox 3336 1902 3484 1939; x_wconf 87' lang='lat' dir='ltr'><strong>nemo</strong></span> 
     </span>
    </p>
   </div>
   <div class='ocr_carea' id='block_1_48' title="bbox 1912 1968 3484 2042">
    <p class='ocr_par' dir='ltr' id='par_1_48' title="bbox 1912 1968 3484 2042">
     <span class='ocr_line' id='line_1_49' title="bbox 1912 1968 3484 2042; baseline 0.01 -24"><span class='ocrx_word' id='word_1_360' title='bbox 1912 1968 2145 2019; x_wconf 77' lang='lat' dir='ltr'><strong>ascendit</strong></span> <span class='ocrx_word' id='word_1_361' title='bbox 2172 1969 2223 2021; x_wconf 92' lang='lat' dir='ltr'><strong>in</strong></span> <span class='ocrx_word' id='word_1_362' title='bbox 2260 1970 2465 2034; x_wconf 64' lang='lat' dir='ltr'><strong>caelum,</strong></span> <span class='ocrx_word' id='word_1_363' title='bbox 2502 1973 2606 2025; x_wconf 84' lang='lat' dir='ltr'><strong>nisi</strong></span> <span class='ocrx_word' id='word_1_364' title='bbox 2632 1974 2722 2042; x_wconf 76' lang='lat' dir='ltr'><strong>qui</strong></span> <span class='ocrx_word' id='word_1_365' title='bbox 2754 1974 3019 2028; x_wconf 82' lang='lat' dir='ltr'><strong>descendit</strong></span> <span class='ocrx_word' id='word_1_366' title='bbox 3051 1976 3113 2029; x_wconf 90' lang='lat' dir='ltr'><strong>de</strong></span> <span class='ocrx_word' id='word_1_367' title='bbox 3134 1976 3282 2042; x_wconf 67' lang='lat' dir='ltr'><strong>coelo,</strong></span> <span class='ocrx_word' id='word_1_368' title='bbox 3310 1976 3484 2033; x_wconf 83' lang='lat' dir='ltr'><strong>Filius</strong></span> 
     </span>
    </p>
   </div>
   <div class='ocr_carea' id='block_1_49' title="bbox 1910 2060 2620 2130">
    <p class='ocr_par' dir='ltr' id='par_1_49' title="bbox 1910 2060 2620 2130">
     <span class='ocr_line' id='line_1_50' title="bbox 1910 2060 2620 2130; baseline 0.01 -20"><span class='ocrx_word' id='word_1_369' title='bbox 1910 2060 2140 2113; x_wconf 80' lang='lat' dir='ltr'><strong>hominis</strong></span> <span class='ocrx_word' id='word_1_370' title='bbox 2168 2062 2256 2130; x_wconf 84' lang='lat' dir='ltr'><strong>qui</strong></span> <span class='ocrx_word' id='word_1_371' title='bbox 2280 2073 2358 2115; x_wconf 89' lang='lat' dir='ltr'><strong>est</strong></span> <span class='ocrx_word' id='word_1_372' title='bbox 2388 2064 2440 2116; x_wconf 86' lang='lat' dir='ltr'><strong>in</strong></span> <span class='ocrx_word' id='word_1_373' title='bbox 2475 2064 2620 2118; x_wconf 72' lang='lat' dir='ltr'><strong>caelo.</strong></span> 
     </span>
    </p>
   </div>
   <div class='ocr_carea' id='block_1_50' title="bbox 1982 2248 3481 2322">
    <p class='ocr_par' dir='ltr' id='par_1_50' title="bbox 1982 2248 3481 2322">
     <span class='ocr_line' id='line_1_51' title="bbox 1982 2248 3481 2322; baseline 0.005 -21"><span class='ocrx_word' id='word_1_374' title='bbox 1982 2248 2316 2313; x_wconf 89' lang='lat' dir='ltr'><strong>Doctrinam,</strong></span> <span class='ocrx_word' id='word_1_375' title='bbox 2355 2250 2552 2320; x_wconf 90' lang='lat' dir='ltr'><strong>inquit,</strong></span> <span class='ocrx_word' id='word_1_376' title='bbox 2596 2250 2880 2305; x_wconf 89' lang='lat' dir='ltr'><strong>hominum</strong></span> <span class='ocrx_word' id='word_1_377' title='bbox 2913 2262 3133 2322; x_wconf 89' lang='lat' dir='ltr'><strong>captum</strong></span> <span class='ocrx_word' id='word_1_378' title='bbox 3170 2269 3278 2307; x_wconf 91' lang='lat' dir='ltr'><strong>non</strong></span> <span class='ocrx_word' id='word_1_379' title='bbox 3320 2269 3481 2309; x_wconf 79' lang='lat' dir='ltr'><strong>exce-</strong></span> 
     </span>
    </p>
   </div>
   <div class='ocr_carea' id='block_1_51' title="bbox 1910 2340 3482 2416">
    <p class='ocr_par' dir='ltr' id='par_1_51' title="bbox 1910 2340 3482 2416">
     <span class='ocr_line' id='line_1_52' title="bbox 1910 2340 3482 2416; baseline 0.003 -21"><span class='ocrx_word' id='word_1_380' title='bbox 1910 2340 2129 2396; x_wconf 88' lang='lat' dir='ltr'><strong>dentem</strong></span> <span class='ocrx_word' id='word_1_381' title='bbox 2173 2358 2282 2411; x_wconf 75' lang='lat' dir='ltr'><strong>prte</strong></span> <span class='ocrx_word' id='word_1_382' title='bbox 2331 2343 2551 2396; x_wconf 85' lang='lat' dir='ltr'><strong>immani</strong></span> <span class='ocrx_word' id='word_1_383' title='bbox 2608 2353 2832 2413; x_wconf 91' lang='lat' dir='ltr'><strong>stupore</strong></span> <span class='ocrx_word' id='word_1_384' title='bbox 2877 2360 2985 2398; x_wconf 88' lang='lat' dir='ltr'><strong>non</strong></span> <span class='ocrx_word' id='word_1_385' title='bbox 3036 2347 3355 2416; x_wconf 86' lang='lat' dir='ltr'><strong>suscepistis</strong></span> <span class='ocrx_word' id='word_1_386' title='bbox 3386 2367 3399 2401; x_wconf 88' lang='lat'><strong>:</strong></span> <span class='ocrx_word' id='word_1_387' title='bbox 3428 2357 3482 2400; x_wconf 85' lang='lat' dir='ltr'><strong>et</strong></span> 
     </span>
    </p>
   </div>
   <div class='ocr_carea' id='block_1_52' title="bbox 1909 2434 3482 2506">
    <p class='ocr_par' dir='ltr' id='par_1_52' title="bbox 1909 2434 3482 2506">
     <span class='ocr_line' id='line_1_53' title="bbox 1909 2434 3482 2506; baseline 0.003 -21"><span class='ocrx_word' id='word_1_388' title='bbox 1909 2434 2185 2502; x_wconf 87' lang='lat' dir='ltr'><strong>quomodo</strong></span> <span class='ocrx_word' id='word_1_389' title='bbox 2247 2435 2402 2489; x_wconf 87' lang='lat' dir='ltr'><strong>vobis</strong></span> <span class='ocrx_word' id='word_1_390' title='bbox 2454 2450 2575 2503; x_wconf 79' lang='lat' dir='ltr'><strong>quae</strong></span> <span class='ocrx_word' id='word_1_391' title='bbox 2632 2436 2902 2489; x_wconf 86' lang='lat' dir='ltr'><strong>diviniora</strong></span> <span class='ocrx_word' id='word_1_392' title='bbox 2956 2446 3085 2491; x_wconf 85' lang='lat' dir='ltr'><strong>sunt</strong></span> <span class='ocrx_word' id='word_1_393' title='bbox 3141 2439 3482 2506; x_wconf 85' lang='lat' dir='ltr'><strong>exposuero?</strong></span> 
     </span>
    </p>
   </div>
   <div class='ocr_carea' id='block_1_53' title="bbox 1911 2522 3481 2596">
    <p class='ocr_par' dir='ltr' id='par_1_53' title="bbox 1911 2522 3481 2596">
     <span class='ocr_line' id='line_1_54' title="bbox 1911 2522 3481 2596; baseline 0.003 -21"><span class='ocrx_word' id='word_1_394' title='bbox 1911 2522 2012 2587; x_wconf 83' lang='lat' dir='ltr'><strong>Qui</strong></span> <span class='ocrx_word' id='word_1_395' title='bbox 2051 2523 2103 2575; x_wconf 92' lang='lat' dir='ltr'><strong>in</strong></span> <span class='ocrx_word' id='word_1_396' title='bbox 2157 2523 2270 2578; x_wconf 90' lang='lat' dir='ltr'><strong>suis</strong></span> <span class='ocrx_word' id='word_1_397' title='bbox 2320 2524 2481 2578; x_wconf 86' lang='lat' dir='ltr'><strong>rebus</strong></span> <span class='ocrx_word' id='word_1_398' title='bbox 2532 2532 2660 2579; x_wconf 89' lang='lat' dir='ltr'><strong>sunt</strong></span> <span class='ocrx_word' id='word_1_399' title='bbox 2701 2525 3071 2594; x_wconf 88' lang='lat' dir='ltr'><strong>ignarissimi,</strong></span> <span class='ocrx_word' id='word_1_400' title='bbox 3111 2526 3388 2596; x_wconf 85' lang='lat' dir='ltr'><strong>quomodo</strong></span> <span class='ocrx_word' id='word_1_401' title='bbox 3424 2528 3481 2580; x_wconf 89' lang='lat' dir='ltr'><strong>in</strong></span> 
     </span>
    </p>
   </div>
   <div class='ocr_carea' id='block_1_54' title="bbox 1909 2614 3477 2687">
    <p class='ocr_par' dir='ltr' id='par_1_54' title="bbox 1909 2614 3477 2687">
     <span class='ocr_line' id='line_1_55' title="bbox 1909 2614 3477 2687; baseline 0.001 -18"><span class='ocrx_word' id='word_1_402' title='bbox 1909 2614 2326 2670; x_wconf 89' lang='lat' dir='ltr'><strong>sublimioribus</strong></span> <span class='ocrx_word' id='word_1_403' title='bbox 2359 2616 2604 2684; x_wconf 86' lang='lat' dir='ltr'><strong>sapient?</strong></span> <span class='ocrx_word' id='word_1_404' title='bbox 2635 2624 2689 2670; x_wconf 89' lang='lat' dir='ltr'><strong>et</strong></span> <span class='ocrx_word' id='word_1_405' title='bbox 2718 2616 2811 2685; x_wconf 92' lang='lat' dir='ltr'><strong>qui</strong></span> <span class='ocrx_word' id='word_1_406' title='bbox 2844 2616 2899 2687; x_wconf 81' lang='lat' dir='ltr'><strong>in</strong></span> <span class='ocrx_word' id='word_1_407' title='bbox 2930 2618 3078 2671; x_wconf 92' lang='lat' dir='ltr'><strong>tenui</strong></span> <span class='ocrx_word' id='word_1_408' title='bbox 3113 2632 3170 2670; x_wconf 90' lang='lat' dir='ltr'><strong>re</strong></span> <span class='ocrx_word' id='word_1_409' title='bbox 3196 2617 3477 2681; x_wconf 81' lang='lat' dir='ltr'><strong>deﬁciunt,</strong></span> 
     </span>
    </p>
   </div>
   <div class='ocr_carea' id='block_1_55' title="bbox 1907 2704 3478 2775">
    <p class='ocr_par' dir='ltr' id='par_1_55' title="bbox 1907 2704 3478 2775">
     <span class='ocr_line' id='line_1_56' title="bbox 1907 2704 3478 2775; baseline 0.001 -16"><span class='ocrx_word' id='word_1_410' title='bbox 1907 2704 2181 2774; x_wconf 90' lang='lat' dir='ltr'><strong>quomodo</strong></span> <span class='ocrx_word' id='word_1_411' title='bbox 2211 2706 2473 2774; x_wconf 87' lang='lat' dir='ltr'><strong>majorem</strong></span> <span class='ocrx_word' id='word_1_412' title='bbox 2516 2706 2659 2761; x_wconf 84' lang='lat' dir='ltr'><strong>ferre</strong></span> <span class='ocrx_word' id='word_1_413' title='bbox 2707 2708 3000 2775; x_wconf 89' lang='lat' dir='ltr'><strong>poterunt?</strong></span> <span class='ocrx_word' id='word_1_414' title='bbox 3031 2706 3149 2760; x_wconf 84' lang='lat' dir='ltr'><strong>Jam</strong></span> <span class='ocrx_word' id='word_1_415' title='bbox 3194 2708 3296 2762; x_wconf 90' lang='lat' dir='ltr'><strong>nisi</strong></span> <span class='ocrx_word' id='word_1_416' title='bbox 3344 2709 3478 2761; x_wconf 83' lang='lat' dir='ltr'><strong>mihi</strong></span> 
     </span>
    </p>
   </div>
   <div class='ocr_carea' id='block_1_56' title="bbox 1909 2796 3478 2869">
    <p class='ocr_par' dir='ltr' id='par_1_56' title="bbox 1909 2796 3478 2869">
     <span class='ocr_line' id='line_1_57' title="bbox 1909 2796 3478 2869; baseline 0.002 -18"><span class='ocrx_word' id='word_1_417' title='bbox 1909 2796 2002 2851; x_wconf 90' lang='lat' dir='ltr'><strong>uni</strong></span> <span class='ocrx_word' id='word_1_418' title='bbox 2033 2797 2238 2851; x_wconf 89' lang='lat' dir='ltr'><strong>dicenti</strong></span> <span class='ocrx_word' id='word_1_419' title='bbox 2264 2798 2515 2863; x_wconf 91' lang='lat' dir='ltr'><strong>creditis,</strong></span> <span class='ocrx_word' id='word_1_420' title='bbox 2548 2799 2760 2868; x_wconf 85' lang='lat' dir='ltr'><strong>inquit,</strong></span> <span class='ocrx_word' id='word_1_421' title='bbox 2793 2799 2887 2854; x_wconf 90' lang='lat' dir='ltr'><strong>sed</strong></span> <span class='ocrx_word' id='word_1_422' title='bbox 2928 2800 2981 2852; x_wconf 93' lang='lat' dir='ltr'><strong>in</strong></span> <span class='ocrx_word' id='word_1_423' title='bbox 3012 2799 3243 2869; x_wconf 83' lang='lat' dir='ltr'><strong>singulis</strong></span> <span class='ocrx_word' id='word_1_424' title='bbox 3276 2799 3478 2854; x_wconf 92' lang='lat' dir='ltr'><strong>multos</strong></span> 
     </span>
    </p>
   </div>
   <div class='ocr_carea' id='block_1_57' title="bbox 1906 2885 3476 2955">
    <p class='ocr_par' dir='ltr' id='par_1_57' title="bbox 1906 2885 3476 2955">
     <span class='ocr_line' id='line_1_58' title="bbox 1906 2885 3476 2955; baseline -0.003 -16"><span class='ocrx_word' id='word_1_425' title='bbox 1906 2894 2073 2941; x_wconf 87' lang='lat' dir='ltr'><strong>testes</strong></span> <span class='ocrx_word' id='word_1_426' title='bbox 2138 2887 2382 2955; x_wconf 79' lang='lat' dir='ltr'><strong>exigitis,</strong></span> <span class='ocrx_word' id='word_1_427' title='bbox 2430 2902 2590 2955; x_wconf 90' lang='lat' dir='ltr'><strong>quem</strong></span> <span class='ocrx_word' id='word_1_428' title='bbox 2644 2887 2798 2941; x_wconf 88' lang='lat' dir='ltr'><strong>vobis</strong></span> <span class='ocrx_word' id='word_1_429' title='bbox 2848 2885 3120 2955; x_wconf 82' lang='lat' dir='ltr'><strong>proferam</strong></span> <span class='ocrx_word' id='word_1_430' title='bbox 3169 2885 3476 2940; x_wconf 61' lang='lat' dir='ltr'><strong>caelestium</strong></span> 
     </span>
    </p>
   </div>
   <div class='ocr_carea' id='block_1_58' title="bbox 1907 2976 3479 3049">
    <p class='ocr_par' dir='ltr' id='par_1_58' title="bbox 1907 2976 3479 3049">
     <span class='ocr_line' id='line_1_59' title="bbox 1907 2976 3479 3049; baseline -0.003 -17"><span class='ocrx_word' id='word_1_431' title='bbox 1907 2977 2290 3049; x_wconf 83' lang='lat' dir='ltr'><strong>mysteriorum</strong></span> <span class='ocrx_word' id='word_1_432' title='bbox 2346 2978 2756 3047; x_wconf 87' lang='lat' dir='ltr'><strong>spectatorem?</strong></span> <span class='ocrx_word' id='word_1_433' title='bbox 2788 2995 2805 3027; x_wconf 77' lang='grc' dir='ltr'><strong>ι</strong></span> <span class='ocrx_word' id='word_1_434' title='bbox 2848 2976 3017 3031; x_wconf 88' lang='lat' dir='ltr'><strong>Nemo</strong></span> <span class='ocrx_word' id='word_1_435' title='bbox 3044 2978 3185 3030; x_wconf 88' lang='lat' dir='ltr'><strong>enim</strong></span> <span class='ocrx_word' id='word_1_436' title='bbox 3229 2976 3479 3030; x_wconf 87' lang='lat' dir='ltr'><strong>ascendit</strong></span> 
     </span>
    </p>
   </div>
   <div class='ocr_carea' id='block_1_59' title="bbox 1908 3068 3474 3140">
    <p class='ocr_par' dir='ltr' id='par_1_59' title="bbox 1908 3068 3474 3140">
     <span class='ocr_line' id='line_1_60' title="bbox 1908 3068 3474 3140; baseline -0.001 -16"><span class='ocrx_word' id='word_1_437' title='bbox 1908 3070 1960 3124; x_wconf 90' lang='lat' dir='ltr'><strong>in</strong></span> <span class='ocrx_word' id='word_1_438' title='bbox 1994 3071 2219 3138; x_wconf 72' lang='lat' dir='ltr'><strong>cmlum,</strong></span> <span class='ocrx_word' id='word_1_439' title='bbox 2243 3072 2348 3125; x_wconf 87' lang='lat' dir='ltr'><strong>nisi</strong></span> <span class='ocrx_word' id='word_1_440' title='bbox 2378 3071 2471 3140; x_wconf 91' lang='lat' dir='ltr'><strong>qui</strong></span> <span class='ocrx_word' id='word_1_441' title='bbox 2500 3070 2785 3125; x_wconf 88' lang='lat' dir='ltr'><strong>descendit</strong></span> <span class='ocrx_word' id='word_1_442' title='bbox 2812 3070 2878 3124; x_wconf 91' lang='lat' dir='ltr'><strong>de</strong></span> <span class='ocrx_word' id='word_1_443' title='bbox 2902 3069 3061 3131; x_wconf 71' lang='lat' dir='ltr'><strong>coelo,</strong></span> <span class='ocrx_word' id='word_1_444' title='bbox 3090 3068 3263 3124; x_wconf 91' lang='lat' dir='ltr'><strong>Filius</strong></span> <span class='ocrx_word' id='word_1_445' title='bbox 3293 3069 3474 3123; x_wconf 86' lang='lat' dir='ltr'><strong>homi-</strong></span> 
     </span>
    </p>
   </div>
   <div class='ocr_carea' id='block_1_60' title="bbox 226 3131 1893 3223">
    <p class='ocr_par' dir='ltr' id='par_1_60' title="bbox 226 3131 1876 3218">
     <span class='ocr_line' id='line_1_61' title="bbox 226 3131 1876 3218; baseline 0.018 -39"><span class='ocrx_word' id='word_1_446' title='bbox 226 3132 306 3192; x_wconf 81' lang='grc' dir='ltr'><strong>είς</strong></span> <span class='ocrx_word' id='word_1_447' title='bbox 350 3131 438 3183; x_wconf 73' lang='grc' dir='ltr'><strong>τὸν</strong></span> <span class='ocrx_word' id='word_1_448' title='bbox 464 3133 709 3203; x_wconf 73' lang='grc' dir='ltr'>οὐρανὸν,</span> <span class='ocrx_word' id='word_1_449' title='bbox 747 3139 793 3190; x_wconf 83' lang='grc' dir='ltr'><strong>εί</strong></span> <span class='ocrx_word' id='word_1_450' title='bbox 828 3140 900 3208; x_wconf 84' lang='grc' dir='ltr'>μὴ</span> <span class='ocrx_word' id='word_1_451' title='bbox 945 3142 973 3193; x_wconf 87' lang='grc' dir='ltr'><strong>ό</strong></span> <span class='ocrx_word' id='word_1_452' title='bbox 1009 3145 1073 3195; x_wconf 86' lang='grc' dir='ltr'>ὲκ</span> <span class='ocrx_word' id='word_1_453' title='bbox 1113 3145 1205 3197; x_wconf 82' lang='grc' dir='ltr'><strong>τοῦ</strong></span> <span class='ocrx_word' id='word_1_454' title='bbox 1242 3149 1471 3218; x_wconf 78' lang='grc' dir='ltr'>οὐρανοῦ</span> <span class='ocrx_word' id='word_1_455' title='bbox 1497 3153 1804 3217; x_wconf 75' lang='grc' dir='ltr'>καταϐὰς,ό</span> <span class='ocrx_word' id='word_1_456' title='bbox 1833 3158 1876 3218; x_wconf 88' lang='lat' dir='ltr'><strong>C</strong></span> 
     </span>
    </p>
   </div>
   <div class='ocr_carea' id='block_1_61' title="bbox 1804 3131 3471 3223">
    <p class='ocr_par' dir='ltr' id='par_1_61' title="bbox 1833 3158 3471 3223">
     <span class='ocr_line' id='line_1_62' title="bbox 1833 3158 3471 3223; baseline -0.003 -5"><span class='ocrx_word' id='word_1_457' title='bbox 1833 3158 1876 3218; x_wconf 89' lang='lat' dir='ltr'><strong>C</strong></span> <span class='ocrx_word' id='word_1_458' title='bbox 1906 3162 1992 3215; x_wconf 89' lang='lat' dir='ltr'><strong>nis</strong></span> <span class='ocrx_word' id='word_1_459' title='bbox 2041 3181 2059 3214; x_wconf 73' lang='grc' dir='ltr'><strong>ι</strong></span> <span class='ocrx_word' id='word_1_460' title='bbox 2094 3163 2228 3217; x_wconf 83' lang='lat' dir='ltr'><strong>Cum</strong></span> <span class='ocrx_word' id='word_1_461' title='bbox 2252 3172 2430 3216; x_wconf 89' lang='lat' dir='ltr'><strong>autem</strong></span> <span class='ocrx_word' id='word_1_462' title='bbox 2453 3161 2593 3216; x_wconf 90' lang='lat' dir='ltr'><strong>Deus</strong></span> <span class='ocrx_word' id='word_1_463' title='bbox 2614 3161 2851 3216; x_wconf 87' lang='lat' dir='ltr'><strong>Verbum</strong></span> <span class='ocrx_word' id='word_1_464' title='bbox 2866 3158 3290 3215; x_wconf 86' lang='lat' dir='ltr'><strong>descenderitde</strong></span> <span class='ocrx_word' id='word_1_465' title='bbox 3312 3161 3471 3223; x_wconf 64' lang='lat' dir='ltr'><strong>calo,</strong></span> 
     </span>
    </p>
   </div>
   <div class='ocr_carea' id='block_1_62' title="bbox 228 3223 1803 3314">
    <p class='ocr_par' dir='ltr' id='par_1_62' title="bbox 228 3223 1803 3314">
     <span class='ocr_line' id='line_1_63' title="bbox 228 3223 1803 3314; baseline 0.015 -40"><span class='ocrx_word' id='word_1_466' title='bbox 228 3223 358 3285; x_wconf 77' lang='grc' dir='ltr'>Υίδς</span> <span class='ocrx_word' id='word_1_467' title='bbox 384 3224 477 3314; x_wconf 86' lang='grc' dir='ltr'><strong>τοῦ</strong></span> <span class='ocrx_word' id='word_1_468' title='bbox 506 3226 809 3296; x_wconf 79' lang='grc' dir='ltr'>ἀνθρώπου.</span> <span class='ocrx_word' id='word_1_469' title='bbox 826 3249 844 3280; x_wconf 73' lang='grc' dir='ltr'><strong>ι</strong></span> <span class='ocrx_word' id='word_1_470' title='bbox 879 3231 985 3284; x_wconf 86' lang='grc' dir='ltr'><strong>Τοῦ</strong></span> <span class='ocrx_word' id='word_1_471' title='bbox 1008 3232 1063 3286; x_wconf 81' lang='grc' dir='ltr'>δὲ</span> <span class='ocrx_word' id='word_1_472' title='bbox 1086 3234 1218 3289; x_wconf 88' lang='grc' dir='ltr'>Θεοῦ</span> <span class='ocrx_word' id='word_1_473' title='bbox 1243 3237 1415 3305; x_wconf 83' lang='grc' dir='ltr'>Λόγου</span> <span class='ocrx_word' id='word_1_474' title='bbox 1441 3243 1803 3314; x_wconf 75' lang='grc' dir='ltr'>καταϐεϐηκό-</span> 
     </span>
    </p>
   </div>
   <div class='ocr_carea' id='block_1_63' title="bbox 221 3312 1802 3402">
    <p class='ocr_par' dir='ltr' id='par_1_63' title="bbox 221 3312 1802 3402">
     <span class='ocr_line' id='line_1_64' title="bbox 221 3312 1802 3402; baseline 0.015 -39"><span class='ocrx_word' id='word_1_475' title='bbox 221 3329 317 3374; x_wconf 87' lang='grc' dir='ltr'><strong>τος</strong></span> <span class='ocrx_word' id='word_1_476' title='bbox 348 3312 404 3377; x_wconf 77' lang='grc' dir='ltr'>ὲξ</span> <span class='ocrx_word' id='word_1_477' title='bbox 438 3315 689 3384; x_wconf 73' lang='grc' dir='ltr'>οὐρανοῦ,</span> <span class='ocrx_word' id='word_1_478' title='bbox 727 3318 818 3370; x_wconf 85' lang='grc' dir='ltr'>τὸν</span> <span class='ocrx_word' id='word_1_479' title='bbox 867 3319 992 3373; x_wconf 78' lang='grc' dir='ltr'>Υίὺν</span> <span class='ocrx_word' id='word_1_480' title='bbox 1029 3323 1122 3375; x_wconf 85' lang='grc' dir='ltr'><strong>τοῦ</strong></span> <span class='ocrx_word' id='word_1_481' title='bbox 1179 3325 1467 3396; x_wconf 86' lang='grc' dir='ltr'>ἀνθρώπου</span> <span class='ocrx_word' id='word_1_482' title='bbox 1499 3312 1802 3402; x_wconf 70' lang='grc' dir='ltr'>καταϐῆναι</span> 
     </span>
    </p>
   </div>
   <div class='ocr_carea' id='block_1_64' title="bbox 227 3406 1802 3490">
    <p class='ocr_par' dir='ltr' id='par_1_64' title="bbox 227 3406 1802 3490">
     <span class='ocr_line' id='line_1_65' title="bbox 227 3406 1802 3490; baseline 0.015 -35"><span class='ocrx_word' id='word_1_483' title='bbox 227 3420 389 3471; x_wconf 63' lang='grc' dir='ltr'>φησι,</span> <span class='ocrx_word' id='word_1_484' title='bbox 430 3406 740 3475; x_wconf 71' lang='grc' dir='ltr'>δικάζεσθαι</span> <span class='ocrx_word' id='word_1_485' title='bbox 774 3411 909 3480; x_wconf 85' lang='grc' dir='ltr'><strong>μετά</strong></span> <span class='ocrx_word' id='word_1_486' title='bbox 965 3414 1064 3485; x_wconf 85' lang='grc' dir='ltr'>τὴν</span> <span class='ocrx_word' id='word_1_487' title='bbox 1110 3417 1522 3490; x_wconf 76' lang='grc' dir='ltr'>ἐνανθρὡπησιν</span> <span class='ocrx_word' id='word_1_488' title='bbox 1582 3425 1662 3487; x_wconf 82' lang='grc' dir='ltr'><strong>είς</strong></span> <span class='ocrx_word' id='word_1_489' title='bbox 1709 3426 1802 3478; x_wconf 80' lang='grc' dir='ltr'>δύο</span> 
     </span>
    </p>
   </div>
   <div class='ocr_carea' id='block_1_65' title="bbox 224 3495 1799 3579">
    <p class='ocr_par' dir='ltr' id='par_1_65' title="bbox 224 3495 1799 3579">
     <span class='ocr_line' id='line_1_66' title="bbox 224 3495 1799 3579; baseline 0.013 -34"><span class='ocrx_word' id='word_1_490' title='bbox 224 3495 495 3564; x_wconf 83' lang='grc' dir='ltr'>πρόσωπα</span> <span class='ocrx_word' id='word_1_491' title='bbox 534 3500 988 3570; x_wconf 77' lang='grc' dir='ltr'>παραιτούμενος,</span> <span class='ocrx_word' id='word_1_492' title='bbox 1037 3504 1132 3556; x_wconf 70' lang='grc' dir='ltr'>καὶ</span> <span class='ocrx_word' id='word_1_493' title='bbox 1158 3507 1258 3559; x_wconf 79' lang='grc' dir='ltr'>οὐκ</span> <span class='ocrx_word' id='word_1_494' title='bbox 1300 3510 1611 3579; x_wconf 79' lang='grc' dir='ltr'>ἐπιτρέπων</span> <span class='ocrx_word' id='word_1_495' title='bbox 1638 3513 1799 3577; x_wconf 73' lang='grc' dir='ltr'>τισὶν,</span> 
     </span>
    </p>
   </div>
   <div class='ocr_carea' id='block_1_66' title="bbox 222 3584 1801 3672">
    <p class='ocr_par' dir='ltr' id='par_1_66' title="bbox 222 3584 1801 3672">
     <span class='ocr_line' id='line_1_67' title="bbox 222 3584 1801 3672; baseline 0.013 -37"><span class='ocrx_word' id='word_1_496' title='bbox 222 3584 411 3653; x_wconf 77' lang='grc' dir='ltr'>ἕτερον</span> <span class='ocrx_word' id='word_1_497' title='bbox 472 3587 569 3655; x_wconf 82' lang='grc' dir='ltr'>μὲν</span> <span class='ocrx_word' id='word_1_498' title='bbox 614 3588 793 3657; x_wconf 81' lang='grc' dir='ltr'>λέγειν</span> <span class='ocrx_word' id='word_1_499' title='bbox 835 3591 960 3644; x_wconf 82' lang='grc' dir='ltr'>Υίὸν</span> <span class='ocrx_word' id='word_1_500' title='bbox 1013 3594 1104 3647; x_wconf 77' lang='grc' dir='ltr'>τὸν</span> <span class='ocrx_word' id='word_1_501' title='bbox 1156 3597 1220 3648; x_wconf 85' lang='grc' dir='ltr'>ὲκ</span> <span class='ocrx_word' id='word_1_502' title='bbox 1267 3599 1541 3668; x_wconf 86' lang='grc' dir='ltr'>Παρθένου</span> <span class='ocrx_word' id='word_1_503' title='bbox 1586 3602 1672 3654; x_wconf 77' lang='grc' dir='ltr'><strong>διὰ</strong></span> <span class='ocrx_word' id='word_1_504' title='bbox 1703 3603 1801 3672; x_wconf 80' lang='grc' dir='ltr'>τὴν</span> 
     </span>
    </p>
   </div>
   <div class='ocr_carea' id='block_1_67' title="bbox 221 3675 1802 3764">
    <p class='ocr_par' dir='ltr' id='par_1_67' title="bbox 221 3675 1802 3764">
     <span class='ocr_line' id='line_1_68' title="bbox 221 3675 1802 3764; baseline 0.014 -39"><span class='ocrx_word' id='word_1_505' title='bbox 221 3675 416 3744; x_wconf 84' lang='grc' dir='ltr'>χρείαν</span> <span class='ocrx_word' id='word_1_506' title='bbox 452 3678 721 3749; x_wconf 69' lang='grc' dir='ltr'>ληφθέντα</span> <span class='ocrx_word' id='word_1_507' title='bbox 742 3683 889 3743; x_wconf 69' lang='grc' dir='ltr'>ναὸν,</span> <span class='ocrx_word' id='word_1_508' title='bbox 928 3684 1113 3755; x_wconf 78' lang='grc' dir='ltr'>ἕτερον</span> <span class='ocrx_word' id='word_1_509' title='bbox 1141 3687 1197 3738; x_wconf 85' lang='grc' dir='ltr'>δὲ</span> <span class='ocrx_word' id='word_1_510' title='bbox 1229 3689 1319 3740; x_wconf 76' lang='grc' dir='ltr'>τὸν</span> <span class='ocrx_word' id='word_1_511' title='bbox 1344 3693 1404 3742; x_wconf 84' lang='grc' dir='ltr'>ὲκ</span> <span class='ocrx_word' id='word_1_512' title='bbox 1432 3690 1567 3744; x_wconf 85' lang='grc' dir='ltr'>Θεοῦ</span> <span class='ocrx_word' id='word_1_513' title='bbox 1592 3694 1802 3764; x_wconf 70' lang='grc' dir='ltr'>Πατρὸς</span> 
     </span>
    </p>
   </div>
   <div class='ocr_carea' id='block_1_68' title="bbox 224 3767 1802 3851">
    <p class='ocr_par' dir='ltr' id='par_1_68' title="bbox 224 3767 1802 3851">
     <span class='ocr_line' id='line_1_69' title="bbox 224 3767 1802 3851; baseline 0.012 -35"><span class='ocrx_word' id='word_1_514' title='bbox 224 3783 292 3817; x_wconf 89' lang='grc' dir='ltr'><strong>πε</strong></span> <span class='ocrx_word' id='word_1_515' title='bbox 304 3767 505 3834; x_wconf 60' lang='grc' dir='ltr'>φηνότα</span> <span class='ocrx_word' id='word_1_516' title='bbox 536 3769 725 3836; x_wconf 83' lang='grc' dir='ltr'>Λόγον,</span> <span class='ocrx_word' id='word_1_517' title='bbox 752 3770 888 3841; x_wconf 79' lang='grc' dir='ltr'>πλὴν</span> <span class='ocrx_word' id='word_1_518' title='bbox 912 3774 1034 3825; x_wconf 81' lang='grc' dir='ltr'>ὅσον</span> <span class='ocrx_word' id='word_1_519' title='bbox 1061 3777 1140 3837; x_wconf 81' lang='grc' dir='ltr'><strong>εἰς</strong></span> <span class='ocrx_word' id='word_1_520' title='bbox 1161 3775 1250 3828; x_wconf 83' lang='grc' dir='ltr'>τὸν</span> <span class='ocrx_word' id='word_1_521' title='bbox 1280 3778 1493 3849; x_wconf 83' lang='grc' dir='ltr'>ἑκάστῳ</span> <span class='ocrx_word' id='word_1_522' title='bbox 1527 3781 1802 3851; x_wconf 85' lang='grc' dir='ltr'>πρέποντα</span> 
     </span>
    </p>
   </div>
   <div class='ocr_carea' id='block_1_69' title="bbox 221 3856 1799 3936">
    <p class='ocr_par' dir='ltr' id='par_1_69' title="bbox 221 3856 1799 3936">
     <span class='ocr_line' id='line_1_70' title="bbox 221 3856 1799 3936; baseline 0.01 -28"><span class='ocrx_word' id='word_1_523' title='bbox 221 3856 371 3908; x_wconf 69' lang='grc' dir='ltr'>κατὰ</span> <span class='ocrx_word' id='word_1_524' title='bbox 402 3856 561 3924; x_wconf 77' lang='grc' dir='ltr'>φύσιν</span> <span class='ocrx_word' id='word_1_525' title='bbox 622 3859 927 3929; x_wconf 87' lang='grc' dir='ltr'>διορισμόν·</span> <span class='ocrx_word' id='word_1_526' title='bbox 987 3861 1175 3933; x_wconf 80' lang='grc' dir='ltr'>ὥσπερ</span> <span class='ocrx_word' id='word_1_527' title='bbox 1232 3866 1338 3936; x_wconf 82' lang='grc' dir='ltr'>γάρ</span> <span class='ocrx_word' id='word_1_528' title='bbox 1384 3870 1530 3920; x_wconf 81' lang='grc' dir='ltr'>ἐστιν</span> <span class='ocrx_word' id='word_1_529' title='bbox 1558 3871 1622 3922; x_wconf 87' lang='grc' dir='ltr'>ὲκ</span> <span class='ocrx_word' id='word_1_530' title='bbox 1663 3869 1799 3923; x_wconf 87' lang='grc' dir='ltr'>Θεοῦ</span> 
     </span>
    </p>
   </div>
   <div class='ocr_carea' id='block_1_70' title="bbox 220 3947 1800 4023">
    <p class='ocr_par' dir='ltr' id='par_1_70' title="bbox 220 3947 1800 4023">
     <span class='ocr_line' id='line_1_71' title="bbox 220 3947 1800 4023; baseline 0.008 -21"><span class='ocrx_word' id='word_1_531' title='bbox 220 3948 416 4015; x_wconf 79' lang='grc' dir='ltr'>Λόγος.</span> <span class='ocrx_word' id='word_1_532' title='bbox 459 3947 601 4000; x_wconf 76' lang='grc' dir='ltr'>οὕτω</span> <span class='ocrx_word' id='word_1_533' title='bbox 646 3951 738 4001; x_wconf 82' lang='grc' dir='ltr'>καὶ</span> <span class='ocrx_word' id='word_1_534' title='bbox 790 3951 1075 4021; x_wconf 82' lang='grc' dir='ltr'>ἄνθρωπος</span> <span class='ocrx_word' id='word_1_535' title='bbox 1128 3955 1192 4007; x_wconf 85' lang='grc' dir='ltr'>ὲκ</span> <span class='ocrx_word' id='word_1_536' title='bbox 1242 3960 1516 4023; x_wconf 73' lang='grc' dir='ltr'>γυναικός.</span> <span class='ocrx_word' id='word_1_537' title='bbox 1579 3955 1673 4022; x_wconf 69' lang='grc' dir='ltr'>Εἷς</span> <span class='ocrx_word' id='word_1_538' title='bbox 1744 3962 1800 4014; x_wconf 79' lang='grc' dir='ltr'>δὲ</span> 
     </span>
    </p>
   </div>
   <div class='ocr_carea' id='block_1_71' title="bbox 220 4036 1800 4121">
    <p class='ocr_par' dir='ltr' id='par_1_71' title="bbox 220 4036 1800 4121">
     <span class='ocr_line' id='line_1_72' title="bbox 220 4036 1800 4121; baseline 0.011 -34"><span class='ocrx_word' id='word_1_539' title='bbox 220 4036 410 4089; x_wconf 72' lang='grc' dir='ltr'>λοιπὸν</span> <span class='ocrx_word' id='word_1_540' title='bbox 441 4036 498 4099; x_wconf 79' lang='grc' dir='ltr'>ἐξ</span> <span class='ocrx_word' id='word_1_541' title='bbox 525 4037 725 4106; x_wconf 75' lang='grc' dir='ltr'>ἀμφοῖν</span> <span class='ocrx_word' id='word_1_542' title='bbox 770 4039 797 4090; x_wconf 82' lang='grc' dir='ltr'><strong>ὁ</strong></span> <span class='ocrx_word' id='word_1_543' title='bbox 840 4040 1070 4111; x_wconf 78' lang='grc' dir='ltr'>Χριστὸς</span> <span class='ocrx_word' id='word_1_544' title='bbox 1092 4083 1105 4106; x_wconf 94' lang='grc'><strong>,</strong></span> <span class='ocrx_word' id='word_1_545' title='bbox 1138 4044 1443 4114; x_wconf 86' lang='grc' dir='ltr'>ἀδιαίρετος</span> <span class='ocrx_word' id='word_1_546' title='bbox 1472 4051 1550 4110; x_wconf 81' lang='grc' dir='ltr'>εἰς</span> <span class='ocrx_word' id='word_1_547' title='bbox 1581 4050 1800 4121; x_wconf 87' lang='grc' dir='ltr'>υἰότητα</span> 
     </span>
    </p>
   </div>
   <div class='ocr_carea' id='block_1_72' title="bbox 219 4129 1801 4213">
    <p class='ocr_par' dir='ltr' id='par_1_72' title="bbox 219 4129 1801 4213">
     <span class='ocr_line' id='line_1_73' title="bbox 219 4129 1801 4213; baseline 0.011 -33"><span class='ocrx_word' id='word_1_548' title='bbox 219 4132 319 4182; x_wconf 70' lang='grc' dir='ltr'>καὶ</span> <span class='ocrx_word' id='word_1_549' title='bbox 368 4132 445 4192; x_wconf 81' lang='grc' dir='ltr'><strong>εἰς</strong></span> <span class='ocrx_word' id='word_1_550' title='bbox 483 4129 634 4193; x_wconf 79' lang='grc' dir='ltr'>δόξαν</span> <span class='ocrx_word' id='word_1_551' title='bbox 666 4132 965 4204; x_wconf 83' lang='grc' dir='ltr'>θεοπρεπῆ,</span> <span class='ocrx_word' id='word_1_552' title='bbox 1015 4137 1137 4190; x_wconf 74' lang='grc' dir='ltr'>ἐπεὶ</span> <span class='ocrx_word' id='word_1_553' title='bbox 1177 4141 1317 4191; x_wconf 87' lang='grc' dir='ltr'><strong>κατά</strong></span> <span class='ocrx_word' id='word_1_554' title='bbox 1342 4158 1461 4193; x_wconf 89' lang='grc' dir='ltr'>τινα</span> <span class='ocrx_word' id='word_1_555' title='bbox 1496 4142 1695 4213; x_wconf 86' lang='grc' dir='ltr'>τρόπον</span> <span class='ocrx_word' id='word_1_556' title='bbox 1726 4145 1801 4208; x_wconf 86' lang='grc' dir='ltr'>ὡς</span> 
     </span>
    </p>
   </div>
   <div class='ocr_carea' id='block_1_73' title="bbox 220 4217 1801 4305">
    <p class='ocr_par' dir='ltr' id='par_1_73' title="bbox 220 4217 1801 4305">
     <span class='ocr_line' id='line_1_74' title="bbox 220 4217 1801 4305; baseline 0.011 -34"><span class='ocrx_word' id='word_1_557' title='bbox 220 4218 330 4272; x_wconf 74' lang='grc' dir='ltr'>ιδιά</span> <span class='ocrx_word' id='word_1_558' title='bbox 360 4217 665 4292; x_wconf 85' lang='grc' dir='ltr'>περιτίθησι</span> <span class='ocrx_word' id='word_1_559' title='bbox 691 4222 767 4293; x_wconf 81' lang='grc' dir='ltr'><strong>τῷ</strong></span> <span class='ocrx_word' id='word_1_560' title='bbox 816 4226 878 4277; x_wconf 81' lang='grc' dir='ltr'>ὲκ</span> <span class='ocrx_word' id='word_1_561' title='bbox 906 4227 1001 4295; x_wconf 80' lang='grc' dir='ltr'>τῆς</span> <span class='ocrx_word' id='word_1_562' title='bbox 1041 4227 1316 4299; x_wconf 80' lang='grc' dir='ltr'>Παρθένου</span> <span class='ocrx_word' id='word_1_563' title='bbox 1352 4231 1483 4301; x_wconf 83' lang='grc' dir='ltr'>ναῷ,</span> <span class='ocrx_word' id='word_1_564' title='bbox 1511 4232 1581 4285; x_wconf 82' lang='grc' dir='ltr'><strong>τὰ</strong></span> <span class='ocrx_word' id='word_1_565' title='bbox 1610 4236 1801 4305; x_wconf 82' lang='grc' dir='ltr'>γυμνῷ</span> 
     </span>
    </p>
   </div>
   <div class='ocr_carea' id='block_1_74' title="bbox 217 4302 1802 4386">
    <p class='ocr_par' dir='ltr' id='par_1_74' title="bbox 217 4302 1802 4386">
     <span class='ocr_line' id='line_1_75' title="bbox 217 4302 1802 4386; baseline 0.009 -25"><span class='ocrx_word' id='word_1_566' title='bbox 217 4312 315 4362; x_wconf 77' lang='grc' dir='ltr'>καὶ</span> <span class='ocrx_word' id='word_1_567' title='bbox 353 4311 499 4381; x_wconf 85' lang='grc' dir='ltr'>μόνῳ</span> <span class='ocrx_word' id='word_1_568' title='bbox 531 4313 808 4383; x_wconf 88' lang='grc' dir='ltr'>πρέποντα</span> <span class='ocrx_word' id='word_1_569' title='bbox 858 4314 936 4383; x_wconf 82' lang='grc' dir='ltr'>τῷ</span> <span class='ocrx_word' id='word_1_570' title='bbox 966 4316 1152 4386; x_wconf 84' lang='grc' dir='ltr'>Λόγῳ·</span> <span class='ocrx_word' id='word_1_571' title='bbox 1194 4319 1526 4373; x_wconf 85' lang='grc' dir='ltr'>ίδιοποιείται</span> <span class='ocrx_word' id='word_1_572' title='bbox 1548 4322 1602 4373; x_wconf 85' lang='grc' dir='ltr'>δὲ</span> <span class='ocrx_word' id='word_1_573' title='bbox 1638 4302 1802 4376; x_wconf 60' lang='grc' dir='ltr'>πάλιν</span> 
     </span>
    </p>
   </div>
   <div class='ocr_carea' id='block_1_75' title="bbox 216 4401 1800 4485">
    <p class='ocr_par' dir='ltr' id='par_1_75' title="bbox 216 4401 1800 4485">
     <span class='ocr_line' id='line_1_76' title="bbox 216 4401 1800 4485; baseline 0.009 -32"><span class='ocrx_word' id='word_1_574' title='bbox 216 4401 382 4463; x_wconf 73' lang='grc' dir='ltr'>αὐτὸς</span> <span class='ocrx_word' id='word_1_575' title='bbox 410 4403 477 4454; x_wconf 76' lang='grc' dir='ltr'>τὰ</span> <span class='ocrx_word' id='word_1_576' title='bbox 509 4403 644 4473; x_wconf 79' lang='grc' dir='ltr'>μόνῃ</span> <span class='ocrx_word' id='word_1_577' title='bbox 676 4404 1037 4476; x_wconf 84' lang='grc' dir='ltr'>πρέποντατῇ</span> <span class='ocrx_word' id='word_1_578' title='bbox 1066 4410 1252 4477; x_wconf 79' lang='grc' dir='ltr'>σαρκί,</span> <span class='ocrx_word' id='word_1_579' title='bbox 1306 4410 1419 4461; x_wconf 68' lang='grc' dir='ltr'>Νῦν</span> <span class='ocrx_word' id='word_1_580' title='bbox 1451 4412 1549 4479; x_wconf 81' lang='grc' dir='ltr'>μὲν</span> <span class='ocrx_word' id='word_1_581' title='bbox 1586 4413 1694 4485; x_wconf 83' lang='grc' dir='ltr'><strong>γὰρ</strong></span> <span class='ocrx_word' id='word_1_582' title='bbox 1742 4415 1800 4479; x_wconf 77' lang='grc' dir='ltr'>ἐξ</span> 
     </span>
    </p>
   </div>
   <div class='ocr_carea' id='block_1_76' title="bbox 213 4492 1875 4575">
    <p class='ocr_par' dir='ltr' id='par_1_76' title="bbox 213 4492 1875 4575">
     <span class='ocr_line' id='line_1_77' title="bbox 213 4492 1875 4575; baseline 0.01 -31"><span class='ocrx_word' id='word_1_583' title='bbox 213 4492 450 4561; x_wconf 75' lang='grc' dir='ltr'>οὐρανοῦ</span> <span class='ocrx_word' id='word_1_584' title='bbox 476 4495 906 4565; x_wconf 74' lang='grc' dir='ltr'>καταϐεϐηκὲναι</span> <span class='ocrx_word' id='word_1_585' title='bbox 930 4498 1061 4567; x_wconf 76' lang='grc' dir='ltr'>φησὶ</span> <span class='ocrx_word' id='word_1_586' title='bbox 1091 4498 1179 4550; x_wconf 87' lang='grc' dir='ltr'>τὸν</span> <span class='ocrx_word' id='word_1_587' title='bbox 1208 4500 1333 4553; x_wconf 82' lang='grc' dir='ltr'>Υίὺν</span> <span class='ocrx_word' id='word_1_588' title='bbox 1358 4502 1450 4554; x_wconf 85' lang='grc' dir='ltr'><strong>τοῦ</strong></span> <span class='ocrx_word' id='word_1_589' title='bbox 1475 4503 1763 4575; x_wconf 87' lang='grc' dir='ltr'>ἀνθρώπου</span> <span class='ocrx_word' id='word_1_590' title='bbox 1784 4522 1796 4536; x_wconf 92' lang='grc'><strong>·</strong></span> <span class='ocrx_word' id='word_1_591' title='bbox 1832 4507 1875 4561; x_wconf 90' lang='lat' dir='ltr'><strong>D</strong></span> 
     </span>
    </p>
   </div>
   <div class='ocr_carea' id='block_1_77' title="bbox 215 4577 1797 4661">
    <p class='ocr_par' dir='ltr' id='par_1_77' title="bbox 215 4577 1797 4661">
     <span class='ocr_line' id='line_1_78' title="bbox 215 4577 1797 4661; baseline 0.009 -26"><span class='ocrx_word' id='word_1_592' title='bbox 215 4577 469 4654; x_wconf 71' lang='grc' dir='ltr'>φοϐεῖται</span> <span class='ocrx_word' id='word_1_593' title='bbox 490 4586 563 4649; x_wconf 79' lang='grc' dir='ltr'>δὲ,</span> <span class='ocrx_word' id='word_1_594' title='bbox 600 4586 693 4639; x_wconf 77' lang='grc' dir='ltr'>καὶ</span> <span class='ocrx_word' id='word_1_595' title='bbox 733 4591 1000 4649; x_wconf 86' lang='grc' dir='ltr'>πτοεῖται,</span> <span class='ocrx_word' id='word_1_596' title='bbox 1031 4589 1126 4642; x_wconf 71' lang='grc' dir='ltr'>καὶ</span> <span class='ocrx_word' id='word_1_597' title='bbox 1151 4592 1413 4661; x_wconf 83' lang='grc' dir='ltr'>ἀδημονεῖ</span> <span class='ocrx_word' id='word_1_598' title='bbox 1434 4596 1573 4649; x_wconf 84' lang='grc' dir='ltr'><strong>κατά</strong></span> <span class='ocrx_word' id='word_1_599' title='bbox 1598 4595 1687 4648; x_wconf 80' lang='grc' dir='ltr'>τὸν</span> <span class='ocrx_word' id='word_1_600' title='bbox 1704 4599 1797 4651; x_wconf 86' lang='grc' dir='ltr'><strong>τοῦ</strong></span> 
     </span>
    </p>
   </div>
   <div class='ocr_carea' id='block_1_78' title="bbox 215 4675 1799 4755">
    <p class='ocr_par' dir='ltr' id='par_1_78' title="bbox 215 4675 1799 4755">
     <span class='ocr_line' id='line_1_79' title="bbox 215 4675 1799 4755; baseline 0.007 -26"><span class='ocrx_word' id='word_1_601' title='bbox 215 4675 428 4737; x_wconf 76' lang='grc' dir='ltr'>πάθους</span> <span class='ocrx_word' id='word_1_602' title='bbox 452 4677 661 4746; x_wconf 81' lang='grc' dir='ltr'>καιρὸν,</span> <span class='ocrx_word' id='word_1_603' title='bbox 694 4678 789 4729; x_wconf 75' lang='grc' dir='ltr'>καὶ</span> <span class='ocrx_word' id='word_1_604' title='bbox 815 4677 888 4741; x_wconf 85' lang='grc' dir='ltr'>ὡς</span> <span class='ocrx_word' id='word_1_605' title='bbox 912 4679 1073 4743; x_wconf 81' lang='grc' dir='ltr'>αὐτὸς</span> <span class='ocrx_word' id='word_1_606' title='bbox 1097 4680 1284 4733; x_wconf 90' lang='grc' dir='ltr'>παθὼν</span> <span class='ocrx_word' id='word_1_607' title='bbox 1299 4684 1706 4755; x_wconf 87' lang='grc' dir='ltr'>ἀναγέγραπται</span> <span class='ocrx_word' id='word_1_608' title='bbox 1730 4686 1799 4740; x_wconf 85' lang='grc' dir='ltr'>τὰ</span> 
     </span>
    </p>
   </div>
   <div class='ocr_carea' id='block_1_79' title="bbox 216 4768 1375 4845">
    <p class='ocr_par' dir='ltr' id='par_1_79' title="bbox 216 4768 1375 4845">
     <span class='ocr_line' id='line_1_80' title="bbox 216 4768 1375 4845; baseline 0.007 -26"><span class='ocrx_word' id='word_1_609' title='bbox 216 4769 362 4837; x_wconf 77' lang='grc' dir='ltr'>μόνῃ</span> <span class='ocrx_word' id='word_1_610' title='bbox 391 4770 457 4836; x_wconf 80' lang='grc' dir='ltr'>τῇ</span> <span class='ocrx_word' id='word_1_611' title='bbox 491 4768 869 4838; x_wconf 84' lang='grc' dir='ltr'>ἀνθρωπότητι</span> <span class='ocrx_word' id='word_1_612' title='bbox 902 4772 1182 4841; x_wconf 86' lang='grc' dir='ltr'>πρέποντα</span> <span class='ocrx_word' id='word_1_613' title='bbox 1203 4774 1375 4845; x_wconf 85' lang='grc' dir='ltr'>πάθη.</span> 
     </span>
    </p>
   </div>
   <div class='ocr_carea' id='block_1_80' title="bbox 287 4858 1798 4941">
    <p class='ocr_par' dir='ltr' id='par_1_80' title="bbox 287 4858 1798 4941">
     <span class='ocr_line' id='line_1_81' title="bbox 287 4858 1798 4941; baseline 0.008 -29"><span class='ocrx_word' id='word_1_614' title='bbox 287 4860 398 4912; x_wconf 83' lang='grc' dir='ltr'><strong>Καὶ</strong></span> <span class='ocrx_word' id='word_1_615' title='bbox 451 4858 642 4925; x_wconf 83' lang='grc' dir='ltr'>καθὼς</span> <span class='ocrx_word' id='word_1_616' title='bbox 681 4861 942 4927; x_wconf 80' lang='grc' dir='ltr'>Μωϋσῆς</span> <span class='ocrx_word' id='word_1_617' title='bbox 991 4862 1201 4930; x_wconf 75' lang='grc' dir='ltr'>ὕψωσε</span> <span class='ocrx_word' id='word_1_618' title='bbox 1247 4866 1353 4919; x_wconf 75' lang='grc' dir='ltr'><strong>τὸν</strong></span> <span class='ocrx_word' id='word_1_619' title='bbox 1409 4867 1547 4936; x_wconf 60' lang='grc' dir='ltr'><strong>ὅφιν</strong></span> <span class='ocrx_word' id='word_1_620' title='bbox 1598 4870 1666 4921; x_wconf 82' lang='grc' dir='ltr'><strong>ἐν</strong></span> <span class='ocrx_word' id='word_1_621' title='bbox 1722 4871 1798 4941; x_wconf 78' lang='grc' dir='ltr'>τῇ</span> 
     </span>
    </p>
   </div>
   <div class='ocr_carea' id='block_1_81' title="bbox 210 4949 1796 5020">
    <p class='ocr_par' dir='ltr' id='par_1_81' title="bbox 210 4949 1796 5020">
     <span class='ocr_line' id='line_1_82' title="bbox 210 4949 1796 5020; baseline 0.011 -20"><span class='ocrx_word' id='word_1_622' title='bbox 210 4949 447 5017; x_wconf 67' lang='grc' dir='ltr'>ἑῃήμῳ,</span> <span class='ocrx_word' id='word_1_623' title='bbox 494 4950 681 5015; x_wconf 86' lang='grc' dir='ltr'>οὕτως</span> <span class='ocrx_word' id='word_1_624' title='bbox 711 4952 1025 5020; x_wconf 74' lang='grc' dir='ltr'>ὑψωθῆναι</span> <span class='ocrx_word' id='word_1_625' title='bbox 1067 4954 1163 5008; x_wconf 85' lang='grc' dir='ltr'>δεῖ</span> <span class='ocrx_word' id='word_1_626' title='bbox 1215 4957 1321 5010; x_wconf 82' lang='grc' dir='ltr'><strong>τὸν</strong></span> <span class='ocrx_word' id='word_1_627' title='bbox 1367 4960 1506 5012; x_wconf 79' lang='grc' dir='ltr'><strong>Υἱὸν</strong></span> <span class='ocrx_word' id='word_1_628' title='bbox 1553 4961 1658 5015; x_wconf 84' lang='grc' dir='ltr'><strong>τοῦ</strong></span> <span class='ocrx_word' id='word_1_629' title='bbox 1692 4963 1796 5017; x_wconf 83' lang='grc' dir='ltr'><strong>ἁν-</strong></span> 
     </span>
    </p>
   </div>
   <div class='ocr_carea' id='block_1_82' title="bbox 210 5040 1791 5122">
    <p class='ocr_par' dir='ltr' id='par_1_82' title="bbox 210 5040 1791 5122">
     <span class='ocr_line' id='line_1_83' title="bbox 210 5040 1791 5122; baseline 0.01 -31"><span class='ocrx_word' id='word_1_630' title='bbox 210 5040 486 5109; x_wconf 78' lang='grc' dir='ltr'>θρὼπου,</span> <span class='ocrx_word' id='word_1_631' title='bbox 557 5042 656 5093; x_wconf 76' lang='grc' dir='ltr'><strong>ἵνα</strong></span> <span class='ocrx_word' id='word_1_632' title='bbox 708 5041 827 5108; x_wconf 84' lang='grc' dir='ltr'>πᾶς</span> <span class='ocrx_word' id='word_1_633' title='bbox 880 5045 914 5096; x_wconf 87' lang='grc' dir='ltr'><em>ὀ</em></span> <span class='ocrx_word' id='word_1_634' title='bbox 966 5046 1272 5099; x_wconf 79' lang='grc' dir='ltr'>πιστεύων</span> <span class='ocrx_word' id='word_1_635' title='bbox 1319 5050 1407 5115; x_wconf 81' lang='grc' dir='ltr'>εἰς</span> <span class='ocrx_word' id='word_1_636' title='bbox 1467 5048 1655 5103; x_wconf 86' lang='grc' dir='ltr'>αὐτὸν</span> <span class='ocrx_word' id='word_1_637' title='bbox 1703 5054 1791 5122; x_wconf 77' lang='grc' dir='ltr'>μὴ</span> 
     </span>
    </p>
   </div>
   <div class='ocr_carea' id='block_1_83' title="bbox 209 5134 1328 5205">
    <p class='ocr_par' dir='ltr' id='par_1_83' title="bbox 209 5134 1328 5205">
     <span class='ocr_line' id='line_1_84' title="bbox 209 5134 1328 5205; baseline 0.011 -21"><span class='ocrx_word' id='word_1_638' title='bbox 209 5134 538 5200; x_wconf 72' lang='grc' dir='ltr'>ἀπόληται,</span> <span class='ocrx_word' id='word_1_639' title='bbox 571 5134 710 5188; x_wconf 68' lang='grc' dir='ltr'><strong>ἀλλ’</strong></span> <span class='ocrx_word' id='word_1_640' title='bbox 741 5136 852 5204; x_wconf 75' lang='grc' dir='ltr'><strong>ἔχῃ</strong></span> <span class='ocrx_word' id='word_1_641' title='bbox 892 5136 1045 5205; x_wconf 76' lang='grc' dir='ltr'><strong>ζωὴν</strong></span> <span class='ocrx_word' id='word_1_642' title='bbox 1066 5138 1328 5196; x_wconf 74' lang='grc' dir='ltr'><strong>αἰώνιον.</strong></span> 
     </span>
    </p>
   </div>
   <div class='ocr_carea' id='block_1_84' title="bbox 299 5225 1793 5309">
    <p class='ocr_par' dir='ltr' id='par_1_84' title="bbox 299 5225 1793 5309">
     <span class='ocr_line' id='line_1_85' title="bbox 299 5225 1793 5309; baseline 0.009 -32"><span class='ocrx_word' id='word_1_643' title='bbox 299 5225 800 5296; x_wconf 80' lang='grc' dir='ltr'>Ἀπολογησάμενος</span> <span class='ocrx_word' id='word_1_644' title='bbox 825 5230 1157 5299; x_wconf 81' lang='grc' dir='ltr'>ἀρκούντως,</span> <span class='ocrx_word' id='word_1_645' title='bbox 1193 5236 1287 5287; x_wconf 75' lang='grc' dir='ltr'>καὶ</span> <span class='ocrx_word' id='word_1_646' title='bbox 1318 5236 1416 5307; x_wconf 82' lang='grc' dir='ltr'>τὴν</span> <span class='ocrx_word' id='word_1_647' title='bbox 1443 5237 1623 5289; x_wconf 73' lang='grc' dir='ltr'>αἰτίαν</span> <span class='ocrx_word' id='word_1_648' title='bbox 1647 5237 1793 5309; x_wconf 80' lang='grc' dir='ltr'><strong>αὐτῷ</strong></span> 
     </span>
    </p>
   </div>
   <div class='ocr_carea' id='block_1_85' title="bbox 209 5315 1793 5400">
    <p class='ocr_par' dir='ltr' id='par_1_85' title="bbox 209 5315 1793 5400">
     <span class='ocr_line' id='line_1_86' title="bbox 209 5315 1793 5400; baseline 0.009 -32"><span class='ocrx_word' id='word_1_649' title='bbox 209 5315 485 5385; x_wconf 70' lang='grc' dir='ltr'>παραθεὶς</span> <span class='ocrx_word' id='word_1_650' title='bbox 565 5316 632 5370; x_wconf 82' lang='grc' dir='ltr'><strong>δι’</strong></span> <span class='ocrx_word' id='word_1_651' title='bbox 671 5318 736 5388; x_wconf 88' lang='grc' dir='ltr'>ἣν</span> <span class='ocrx_word' id='word_1_652' title='bbox 768 5320 867 5373; x_wconf 73' lang='grc' dir='ltr'>οὐκ</span> <span class='ocrx_word' id='word_1_653' title='bbox 910 5324 989 5385; x_wconf 82' lang='grc' dir='ltr'><strong>είς</strong></span> <span class='ocrx_word' id='word_1_654' title='bbox 1023 5324 1257 5395; x_wconf 84' lang='grc' dir='ltr'>ἄμετρόν</span> <span class='ocrx_word' id='word_1_655' title='bbox 1286 5344 1337 5378; x_wconf 94' lang='grc' dir='ltr'><strong>τι</strong></span> <span class='ocrx_word' id='word_1_656' title='bbox 1387 5328 1479 5381; x_wconf 73' lang='grc' dir='ltr'>καὶ</span> <span class='ocrx_word' id='word_1_657' title='bbox 1517 5329 1793 5400; x_wconf 78' lang='grc' dir='ltr'>ὑπερφυὲς</span> 
     </span>
    </p>
   </div>
   <div class='ocr_carea' id='block_1_86' title="bbox 207 5404 1791 5485">
    <p class='ocr_par' dir='ltr' id='par_1_86' title="bbox 207 5404 1791 5485">
     <span class='ocr_line' id='line_1_87' title="bbox 207 5404 1791 5485; baseline 0.008 -27"><span class='ocrx_word' id='word_1_658' title='bbox 207 5409 236 5458; x_wconf 78' lang='grc' dir='ltr'>ὁ</span> <span class='ocrx_word' id='word_1_659' title='bbox 264 5404 367 5472; x_wconf 77' lang='grc' dir='ltr'>τῆς</span> <span class='ocrx_word' id='word_1_660' title='bbox 394 5406 527 5473; x_wconf 78' lang='grc' dir='ltr'>πρὸς</span> <span class='ocrx_word' id='word_1_661' title='bbox 554 5407 714 5460; x_wconf 83' lang='grc' dir='ltr'>αὐτὸν</span> <span class='ocrx_word' id='word_1_662' title='bbox 740 5408 1087 5474; x_wconf 82' lang='grc' dir='ltr'>διδασκαλίας</span> <span class='ocrx_word' id='word_1_663' title='bbox 1108 5415 1396 5485; x_wconf 85' lang='grc' dir='ltr'>ἀνατρέχει</span> <span class='ocrx_word' id='word_1_664' title='bbox 1424 5416 1599 5483; x_wconf 76' lang='grc' dir='ltr'>λόγος,</span> <span class='ocrx_word' id='word_1_665' title='bbox 1625 5435 1791 5471; x_wconf 81' lang='grc' dir='ltr'>κατα-</span> 
     </span>
    </p>
   </div>
   <div class='ocr_carea' id='block_1_87' title="bbox 205 5494 1793 5569">
    <p class='ocr_par' dir='ltr' id='par_1_87' title="bbox 205 5494 1793 5569">
     <span class='ocr_line' id='line_1_88' title="bbox 205 5494 1793 5569; baseline 0.008 -22"><span class='ocrx_word' id='word_1_666' title='bbox 205 5494 392 5547; x_wconf 72' lang='grc' dir='ltr'>ϐαίνει</span> <span class='ocrx_word' id='word_1_667' title='bbox 430 5494 591 5547; x_wconf 76' lang='grc' dir='ltr'>πάλιν</span> <span class='ocrx_word' id='word_1_668' title='bbox 620 5496 712 5549; x_wconf 65' lang='grc' dir='ltr'><strong>ἐπὶ</strong></span> <span class='ocrx_word' id='word_1_669' title='bbox 750 5496 818 5549; x_wconf 73' lang='grc' dir='ltr'><strong>τὰ</strong></span> <span class='ocrx_word' id='word_1_670' title='bbox 864 5498 951 5551; x_wconf 75' lang='grc' dir='ltr'>διὰ</span> <span class='ocrx_word' id='word_1_671' title='bbox 996 5501 1242 5566; x_wconf 83' lang='grc' dir='ltr'>Μωσέως</span> <span class='ocrx_word' id='word_1_672' title='bbox 1299 5505 1544 5569; x_wconf 82' lang='grc' dir='ltr'>τυπικῶς</span> <span class='ocrx_word' id='word_1_673' title='bbox 1587 5506 1793 5561; x_wconf 80' lang='grc' dir='ltr'>ἄνωθεν</span> 
     </span>
    </p>
   </div>
   <div class='ocr_carea' id='block_1_88' title="bbox 205 5583 1786 5661">
    <p class='ocr_par' dir='ltr' id='par_1_88' title="bbox 205 5583 1786 5661">
     <span class='ocr_line' id='line_1_89' title="bbox 205 5583 1786 5661; baseline 0.013 -28"><span class='ocrx_word' id='word_1_674' title='bbox 205 5583 592 5652; x_wconf 67' lang='grc' dir='ltr'>γεγενημένα,</span> <span class='ocrx_word' id='word_1_675' title='bbox 636 5589 1026 5656; x_wconf 83' lang='grc' dir='ltr'>χειραγωγίαις</span> <span class='ocrx_word' id='word_1_676' title='bbox 1076 5593 1272 5661; x_wconf 80' lang='grc' dir='ltr'>μᾶλλον</span> <span class='ocrx_word' id='word_1_677' title='bbox 1320 5596 1482 5649; x_wconf 71' lang='grc' dir='ltr'>αὐτὸν</span> <span class='ocrx_word' id='word_1_678' title='bbox 1529 5600 1646 5659; x_wconf 90' lang='grc' dir='ltr'>ταῖς</span> <span class='ocrx_word' id='word_1_679' title='bbox 1701 5598 1786 5653; x_wconf 66' lang='grc' dir='ltr'><strong>διὰ</strong></span> 
     </span>
    </p>
   </div>
   <div class='ocr_carea' id='block_1_89' title="bbox 286 5761 978 5830">
    <p class='ocr_par' dir='ltr' id='par_1_89' title="bbox 286 5761 978 5830">
     <span class='ocr_line' id='line_1_90' title="bbox 286 5761 978 5830; baseline 0.02 -17"><span class='ocrx_word' id='word_1_680' title='bbox 286 5761 334 5796; x_wconf 63' lang='grc'>⁸⁷</span> <span class='ocrx_word' id='word_1_681' title='bbox 370 5761 560 5817; x_wconf 73' lang='lat' dir='ltr'><strong>Matth.</strong></span> <span class='ocrx_word' id='word_1_682' title='bbox 600 5779 756 5829; x_wconf 60' lang='grc' dir='ltr'>χχιιι,</span> <span class='ocrx_word' id='word_1_683' title='bbox 776 5767 865 5830; x_wconf 81' lang='grc'>57,</span> <span class='ocrx_word' id='word_1_684' title='bbox 887 5769 978 5827; x_wconf 79' lang='lat'><strong>38.</strong></span> 
     </span>
    </p>
   </div>
   <div class='ocr_carea' id='block_1_90' title="bbox 1905 3255 3474 3322">
    <p class='ocr_par' dir='ltr' id='par_1_90' title="bbox 1905 3255 3474 3322">
     <span class='ocr_line' id='line_1_91' title="bbox 1905 3255 3474 3322; baseline 0 -11"><span class='ocrx_word' id='word_1_685' title='bbox 1905 3258 2105 3312; x_wconf 89' lang='lat' dir='ltr'><strong>Filium</strong></span> <span class='ocrx_word' id='word_1_686' title='bbox 2147 3257 2387 3313; x_wconf 90' lang='lat' dir='ltr'><strong>hominis</strong></span> <span class='ocrx_word' id='word_1_687' title='bbox 2431 3257 2781 3313; x_wconf 89' lang='lat' dir='ltr'><strong>descendisse</strong></span> <span class='ocrx_word' id='word_1_688' title='bbox 2830 3258 2928 3322; x_wconf 89' lang='lat' dir='ltr'><strong>ait,</strong></span> <span class='ocrx_word' id='word_1_689' title='bbox 2973 3259 3164 3312; x_wconf 89' lang='lat' dir='ltr'><strong>nolens</strong></span> <span class='ocrx_word' id='word_1_690' title='bbox 3222 3259 3275 3310; x_wconf 91' lang='lat' dir='ltr'><strong>in</strong></span> <span class='ocrx_word' id='word_1_691' title='bbox 3335 3255 3474 3311; x_wconf 91' lang='lat' dir='ltr'><strong>duas</strong></span> 
     </span>
    </p>
   </div>
   <div class='ocr_carea' id='block_1_91' title="bbox 1904 3346 3476 3420">
    <p class='ocr_par' dir='ltr' id='par_1_91' title="bbox 1904 3346 3476 3420">
     <span class='ocr_line' id='line_1_92' title="bbox 1904 3346 3476 3420; baseline -0.004 -14"><span class='ocrx_word' id='word_1_692' title='bbox 1904 3365 2167 3420; x_wconf 84' lang='lat' dir='ltr'><strong>personas</strong></span> <span class='ocrx_word' id='word_1_693' title='bbox 2210 3358 2333 3419; x_wconf 90' lang='lat' dir='ltr'><strong>post</strong></span> <span class='ocrx_word' id='word_1_694' title='bbox 2382 3349 2885 3403; x_wconf 88' lang='lat' dir='ltr'><strong>inhumanationem</strong></span> <span class='ocrx_word' id='word_1_695' title='bbox 2940 3347 3146 3411; x_wconf 89' lang='lat' dir='ltr'><strong>secari,</strong></span> <span class='ocrx_word' id='word_1_696' title='bbox 3200 3362 3297 3400; x_wconf 86' lang='lat' dir='ltr'><strong>nec</strong></span> <span class='ocrx_word' id='word_1_697' title='bbox 3350 3346 3476 3399; x_wconf 91' lang='lat' dir='ltr'><strong>ullis</strong></span> 
     </span>
    </p>
   </div>
   <div class='ocr_carea' id='block_1_92' title="bbox 1904 3438 3477 3511">
    <p class='ocr_par' dir='ltr' id='par_1_92' title="bbox 1904 3438 3477 3511">
     <span class='ocr_line' id='line_1_93' title="bbox 1904 3438 3477 3511; baseline -0.005 -14"><span class='ocrx_word' id='word_1_698' title='bbox 1904 3444 2227 3511; x_wconf 88' lang='lat' dir='ltr'><strong>permittens</strong></span> <span class='ocrx_word' id='word_1_699' title='bbox 2259 3443 2443 3495; x_wconf 85' lang='lat' dir='ltr'><strong>dicere</strong></span> <span class='ocrx_word' id='word_1_700' title='bbox 2485 3441 2650 3494; x_wconf 90' lang='lat' dir='ltr'><strong>alium</strong></span> <span class='ocrx_word' id='word_1_701' title='bbox 2680 3440 2901 3509; x_wconf 91' lang='lat' dir='ltr'><strong>quidem</strong></span> <span class='ocrx_word' id='word_1_702' title='bbox 2938 3454 3062 3493; x_wconf 88' lang='lat' dir='ltr'><strong>esse</strong></span> <span class='ocrx_word' id='word_1_703' title='bbox 3096 3438 3313 3503; x_wconf 85' lang='lat' dir='ltr'><strong>Filium,</strong></span> <span class='ocrx_word' id='word_1_704' title='bbox 3349 3446 3477 3490; x_wconf 85' lang='lat' dir='ltr'><strong>tem-</strong></span> 
     </span>
    </p>
   </div>
   <div class='ocr_carea' id='block_1_93' title="bbox 1903 3530 3473 3605">
    <p class='ocr_par' dir='ltr' id='par_1_93' title="bbox 1903 3530 3473 3605">
     <span class='ocr_line' id='line_1_94' title="bbox 1903 3530 3473 3605; baseline -0.005 -18"><span class='ocrx_word' id='word_1_705' title='bbox 1903 3535 2049 3605; x_wconf 89' lang='lat' dir='ltr'><strong>plum</strong></span> <span class='ocrx_word' id='word_1_706' title='bbox 2086 3534 2347 3587; x_wconf 91' lang='lat' dir='ltr'><strong>nimirum</strong></span> <span class='ocrx_word' id='word_1_707' title='bbox 2382 3533 2513 3586; x_wconf 90' lang='lat' dir='ltr'><strong>illud</strong></span> <span class='ocrx_word' id='word_1_708' title='bbox 2557 3533 2702 3602; x_wconf 91' lang='lat' dir='ltr'><strong>quod</strong></span> <span class='ocrx_word' id='word_1_709' title='bbox 2749 3548 2813 3587; x_wconf 78' lang='lat' dir='ltr'><strong>ex</strong></span> <span class='ocrx_word' id='word_1_710' title='bbox 2863 3530 3085 3600; x_wconf 90' lang='lat' dir='ltr'><strong>Virgine</strong></span> <span class='ocrx_word' id='word_1_711' title='bbox 3133 3539 3473 3598; x_wconf 82' lang='lat' dir='ltr'><strong>assumptum</strong></span> 
     </span>
    </p>
   </div>
   <div class='ocr_carea' id='block_1_94' title="bbox 1901 3617 3472 3691">
    <p class='ocr_par' dir='ltr' id='par_1_94' title="bbox 1901 3617 3472 3691">
     <span class='ocr_line' id='line_1_95' title="bbox 1901 3617 3472 3691; baseline -0.006 -12"><span class='ocrx_word' id='word_1_712' title='bbox 1901 3634 2003 3687; x_wconf 87' lang='lat' dir='ltr'><strong>est,</strong></span> <span class='ocrx_word' id='word_1_713' title='bbox 2043 3624 2211 3676; x_wconf 89' lang='lat' dir='ltr'><strong>alium</strong></span> <span class='ocrx_word' id='word_1_714' title='bbox 2261 3623 2406 3691; x_wconf 88' lang='lat' dir='ltr'><strong>quod</strong></span> <span class='ocrx_word' id='word_1_715' title='bbox 2434 3638 2497 3676; x_wconf 80' lang='lat' dir='ltr'><strong>ex</strong></span> <span class='ocrx_word' id='word_1_716' title='bbox 2527 3621 2634 3676; x_wconf 88' lang='lat' dir='ltr'><strong>Deo</strong></span> <span class='ocrx_word' id='word_1_717' title='bbox 2664 3621 2823 3676; x_wconf 84' lang='lat' dir='ltr'><strong>Patre</strong></span> <span class='ocrx_word' id='word_1_718' title='bbox 2847 3619 3047 3675; x_wconf 81' lang='lat' dir='ltr'><strong>elIulsit</strong></span> <span class='ocrx_word' id='word_1_719' title='bbox 3078 3617 3339 3681; x_wconf 77' lang='lat' dir='ltr'><strong>Verbum,</strong></span> <span class='ocrx_word' id='word_1_720' title='bbox 3369 3617 3472 3671; x_wconf 91' lang='lat' dir='ltr'><strong>nisi</strong></span> 
     </span>
    </p>
   </div>
   <div class='ocr_carea' id='block_1_95' title="bbox 1901 3710 3474 3784">
    <p class='ocr_par' dir='ltr' id='par_1_95' title="bbox 1901 3710 3474 3784">
     <span class='ocr_line' id='line_1_96' title="bbox 1901 3710 3474 3784; baseline -0.003 -17"><span class='ocrx_word' id='word_1_721' title='bbox 1901 3722 2166 3784; x_wconf 89' lang='lat' dir='ltr'><strong>quantum</strong></span> <span class='ocrx_word' id='word_1_722' title='bbox 2202 3715 2269 3767; x_wconf 84' lang='lat' dir='ltr'><strong>ad</strong></span> <span class='ocrx_word' id='word_1_723' title='bbox 2310 3723 2520 3768; x_wconf 59' lang='lat' dir='ltr'><strong>natura</strong></span> <span class='ocrx_word' id='word_1_724' title='bbox 2552 3714 2875 3768; x_wconf 90' lang='lat' dir='ltr'><strong>divisionem</strong></span> <span class='ocrx_word' id='word_1_725' title='bbox 2927 3712 3120 3764; x_wconf 85' lang='lat' dir='ltr'><strong>attinet</strong></span> <span class='ocrx_word' id='word_1_726' title='bbox 3175 3710 3474 3778; x_wconf 86' lang='lat' dir='ltr'><strong>unicuique</strong></span> 
     </span>
    </p>
   </div>
   <div class='ocr_carea' id='block_1_96' title="bbox 1903 3799 3472 3874">
    <p class='ocr_par' dir='ltr' id='par_1_96' title="bbox 1903 3799 3472 3874">
     <span class='ocr_line' id='line_1_97' title="bbox 1903 3799 3472 3874; baseline -0.005 -15"><span class='ocrx_word' id='word_1_727' title='bbox 1903 3814 2319 3874; x_wconf 87' lang='lat' dir='ltr'><strong>congruentem.</strong></span> <span class='ocrx_word' id='word_1_728' title='bbox 2372 3803 2438 3858; x_wconf 90' lang='lat' dir='ltr'><strong>Ut</strong></span> <span class='ocrx_word' id='word_1_729' title='bbox 2489 3806 2633 3858; x_wconf 88' lang='lat' dir='ltr'><strong>enim</strong></span> <span class='ocrx_word' id='word_1_730' title='bbox 2681 3811 2764 3859; x_wconf 90' lang='lat' dir='ltr'><strong>est</strong></span> <span class='ocrx_word' id='word_1_731' title='bbox 2806 3818 2870 3857; x_wconf 81' lang='lat' dir='ltr'><strong>ex</strong></span> <span class='ocrx_word' id='word_1_732' title='bbox 2921 3801 3029 3856; x_wconf 89' lang='lat' dir='ltr'><strong>Deo</strong></span> <span class='ocrx_word' id='word_1_733' title='bbox 3082 3799 3336 3860; x_wconf 83' lang='lat' dir='ltr'><strong>Verbum,</strong></span> <span class='ocrx_word' id='word_1_734' title='bbox 3392 3800 3472 3853; x_wconf 92' lang='lat' dir='ltr'><strong>sic</strong></span> 
     </span>
    </p>
   </div>
   <div class='ocr_carea' id='block_1_97' title="bbox 1902 3887 3474 3963">
    <p class='ocr_par' dir='ltr' id='par_1_97' title="bbox 1902 3887 3474 3963">
     <span class='ocr_line' id='line_1_98' title="bbox 1902 3887 3474 3963; baseline -0.006 -13"><span class='ocrx_word' id='word_1_735' title='bbox 1902 3897 2065 3950; x_wconf 91' lang='lat' dir='ltr'><strong>etiam</strong></span> <span class='ocrx_word' id='word_1_736' title='bbox 2092 3910 2156 3949; x_wconf 85' lang='lat' dir='ltr'><strong>ex</strong></span> <span class='ocrx_word' id='word_1_737' title='bbox 2191 3895 2417 3950; x_wconf 91' lang='lat' dir='ltr'><strong>muliere</strong></span> <span class='ocrx_word' id='word_1_738' title='bbox 2470 3895 2653 3948; x_wconf 85' lang='lat' dir='ltr'><strong>homo.</strong></span> <span class='ocrx_word' id='word_1_739' title='bbox 2706 3887 2867 3963; x_wconf 46' lang='lat'><strong>151&#39;</strong></span> <span class='ocrx_word' id='word_1_740' title='bbox 2898 3892 3055 3947; x_wconf 88' lang='lat' dir='ltr'><strong>Unus</strong></span> <span class='ocrx_word' id='word_1_741' title='bbox 3090 3903 3265 3945; x_wconf 88' lang='lat' dir='ltr'><strong>autem</strong></span> <span class='ocrx_word' id='word_1_742' title='bbox 3317 3888 3474 3944; x_wconf 85' lang='lat' dir='ltr'><strong>Chri-</strong></span> 
     </span>
    </p>
   </div>
   <div class='ocr_carea' id='block_1_98' title="bbox 1904 3978 3472 4046">
    <p class='ocr_par' dir='ltr' id='par_1_98' title="bbox 1904 3978 3472 4046">
     <span class='ocr_line' id='line_1_99' title="bbox 1904 3978 3472 4046; baseline -0.003 -9"><span class='ocrx_word' id='word_1_743' title='bbox 1904 3991 2021 4037; x_wconf 90' lang='lat' dir='ltr'><strong>stus</strong></span> <span class='ocrx_word' id='word_1_744' title='bbox 2052 3984 2270 4037; x_wconf 87' lang='lat' dir='ltr'><strong>demqu</strong></span> <span class='ocrx_word' id='word_1_745' title='bbox 2306 4000 2371 4037; x_wconf 81' lang='lat' dir='ltr'><strong>ex</strong></span> <span class='ocrx_word' id='word_1_746' title='bbox 2401 3984 2697 4046; x_wconf 86' lang='lat' dir='ltr'><strong>ambobus,</strong></span> <span class='ocrx_word' id='word_1_747' title='bbox 2732 3984 2786 4035; x_wconf 91' lang='lat' dir='ltr'><strong>in</strong></span> <span class='ocrx_word' id='word_1_748' title='bbox 2830 3982 3092 4035; x_wconf 81' lang='lat' dir='ltr'><strong>ﬁliatione</strong></span> <span class='ocrx_word' id='word_1_749' title='bbox 3123 3978 3472 4034; x_wconf 87' lang='lat' dir='ltr'><strong>indivisibilis</strong></span> 
     </span>
    </p>
   </div>
   <div class='ocr_carea' id='block_1_99' title="bbox 1901 4070 3471 4144">
    <p class='ocr_par' dir='ltr' id='par_1_99' title="bbox 1901 4070 3471 4144">
     <span class='ocr_line' id='line_1_100' title="bbox 1901 4070 3471 4144; baseline -0.001 -18"><span class='ocrx_word' id='word_1_750' title='bbox 1901 4083 1985 4127; x_wconf 84' lang='lat' dir='ltr'><strong>est</strong></span> <span class='ocrx_word' id='word_1_751' title='bbox 2014 4088 2077 4126; x_wconf 93' lang='lat' dir='ltr'><strong>ac</strong></span> <span class='ocrx_word' id='word_1_752' title='bbox 2118 4074 2402 4142; x_wconf 87' lang='lat' dir='ltr'><strong>majestate</strong></span> <span class='ocrx_word' id='word_1_753' title='bbox 2434 4073 2545 4128; x_wconf 89' lang='lat' dir='ltr'><strong>Deo</strong></span> <span class='ocrx_word' id='word_1_754' title='bbox 2570 4075 2729 4144; x_wconf 87' lang='lat' dir='ltr'><strong>digna</strong></span> <span class='ocrx_word' id='word_1_755' title='bbox 2762 4093 2774 4127; x_wconf 76' lang='grc' dir='ltr'><strong>ι</strong></span> <span class='ocrx_word' id='word_1_756' title='bbox 2810 4089 2933 4127; x_wconf 89' lang='lat' dir='ltr'><strong>nam</strong></span> <span class='ocrx_word' id='word_1_757' title='bbox 2962 4089 3083 4143; x_wconf 56' lang='lat' dir='ltr'><strong>quae</strong></span> <span class='ocrx_word' id='word_1_758' title='bbox 3112 4071 3261 4126; x_wconf 88' lang='lat' dir='ltr'><strong>nudo</strong></span> <span class='ocrx_word' id='word_1_759' title='bbox 3285 4078 3337 4125; x_wconf 89' lang='lat' dir='ltr'><strong>et</strong></span> <span class='ocrx_word' id='word_1_760' title='bbox 3370 4070 3471 4124; x_wconf 91' lang='lat' dir='ltr'><strong>soli</strong></span> 
     </span>
    </p>
   </div>
   <div class='ocr_carea' id='block_1_100' title="bbox 1902 4162 3469 4235">
    <p class='ocr_par' dir='ltr' id='par_1_100' title="bbox 1902 4162 3469 4235">
     <span class='ocr_line' id='line_1_101' title="bbox 1902 4162 3469 4235; baseline 0.001 -19"><span class='ocrx_word' id='word_1_761' title='bbox 1902 4162 2083 4219; x_wconf 85' lang='lat' dir='ltr'><strong>Verbo</strong></span> <span class='ocrx_word' id='word_1_762' title='bbox 2127 4166 2481 4228; x_wconf 86' lang='lat' dir='ltr'><strong>conveniunt,</strong></span> <span class='ocrx_word' id='word_1_763' title='bbox 2522 4180 2585 4220; x_wconf 87' lang='lat' dir='ltr'><strong>ea</strong></span> <span class='ocrx_word' id='word_1_764' title='bbox 2635 4164 3061 4235; x_wconf 90' lang='lat' dir='ltr'><strong>quodammodo,</strong></span> <span class='ocrx_word' id='word_1_765' title='bbox 3102 4179 3200 4219; x_wconf 92' lang='lat' dir='ltr'><strong>ceu</strong></span> <span class='ocrx_word' id='word_1_766' title='bbox 3252 4162 3469 4233; x_wconf 91' lang='lat' dir='ltr'><strong>propria</strong></span> 
     </span>
    </p>
   </div>
   <div class='ocr_carea' id='block_1_101' title="bbox 1904 4255 3472 4327">
    <p class='ocr_par' dir='ltr' id='par_1_101' title="bbox 1904 4255 3472 4327">
     <span class='ocr_line' id='line_1_102' title="bbox 1904 4255 3472 4327; baseline -0.002 -18"><span class='ocrx_word' id='word_1_767' title='bbox 1904 4258 2104 4327; x_wconf 86' lang='lat' dir='ltr'><strong>templo</strong></span> <span class='ocrx_word' id='word_1_768' title='bbox 2159 4257 2305 4326; x_wconf 90' lang='lat' dir='ltr'><strong>quod</strong></span> <span class='ocrx_word' id='word_1_769' title='bbox 2357 4273 2424 4312; x_wconf 82' lang='lat' dir='ltr'><strong>ex</strong></span> <span class='ocrx_word' id='word_1_770' title='bbox 2479 4259 2635 4311; x_wconf 88' lang='lat' dir='ltr'><strong>beata</strong></span> <span class='ocrx_word' id='word_1_771' title='bbox 2698 4255 2921 4326; x_wconf 84' lang='lat' dir='ltr'><strong>Virgine</strong></span> <span class='ocrx_word' id='word_1_772' title='bbox 2976 4264 3061 4312; x_wconf 89' lang='lat' dir='ltr'><strong>est</strong></span> <span class='ocrx_word' id='word_1_773' title='bbox 3108 4255 3377 4318; x_wconf 90' lang='lat' dir='ltr'><strong>attribuit,</strong></span> <span class='ocrx_word' id='word_1_774' title='bbox 3418 4263 3472 4309; x_wconf 90' lang='lat' dir='ltr'><strong>et</strong></span> 
     </span>
    </p>
   </div>
   <div class='ocr_carea' id='block_1_102' title="bbox 1902 4347 3473 4419">
    <p class='ocr_par' dir='ltr' id='par_1_102' title="bbox 1902 4347 3473 4419">
     <span class='ocr_line' id='line_1_103' title="bbox 1902 4347 3473 4419; baseline 0.001 -19"><span class='ocrx_word' id='word_1_775' title='bbox 1902 4347 2150 4404; x_wconf 84' lang='lat' dir='ltr'><strong>vicissim</strong></span> <span class='ocrx_word' id='word_1_776' title='bbox 2201 4349 2319 4418; x_wconf 88' lang='lat' dir='ltr'><strong>ipse</strong></span> <span class='ocrx_word' id='word_1_777' title='bbox 2363 4348 2469 4405; x_wconf 89' lang='lat' dir='ltr'><strong>sibi</strong></span> <span class='ocrx_word' id='word_1_778' title='bbox 2525 4357 2746 4419; x_wconf 83' lang='lat' dir='ltr'><strong>arrogat</strong></span> <span class='ocrx_word' id='word_1_779' title='bbox 2804 4363 2926 4417; x_wconf 69' lang='lat' dir='ltr'><strong>qua:</strong></span> <span class='ocrx_word' id='word_1_780' title='bbox 2987 4347 3091 4401; x_wconf 87' lang='lat' dir='ltr'><strong>soli</strong></span> <span class='ocrx_word' id='word_1_781' title='bbox 3136 4347 3288 4402; x_wconf 87' lang='lat' dir='ltr'><strong>carni</strong></span> <span class='ocrx_word' id='word_1_782' title='bbox 3325 4362 3473 4401; x_wconf 92' lang='lat' dir='ltr'><strong>con-</strong></span> 
     </span>
    </p>
   </div>
   <div class='ocr_carea' id='block_1_103' title="bbox 1903 4437 3470 4509">
    <p class='ocr_par' dir='ltr' id='par_1_103' title="bbox 1903 4437 3470 4509">
     <span class='ocr_line' id='line_1_104' title="bbox 1903 4437 3470 4509; baseline -0.001 -17"><span class='ocrx_word' id='word_1_783' title='bbox 1903 4449 2126 4509; x_wconf 84' lang='lat' dir='ltr'><strong>gruunt.</strong></span> <span class='ocrx_word' id='word_1_784' title='bbox 2150 4438 2307 4495; x_wconf 86' lang='lat' dir='ltr'><strong>Nunc</strong></span> <span class='ocrx_word' id='word_1_785' title='bbox 2339 4440 2485 4495; x_wconf 92' lang='lat' dir='ltr'><strong>enim</strong></span> <span class='ocrx_word' id='word_1_786' title='bbox 2516 4440 2871 4495; x_wconf 86' lang='lat' dir='ltr'><strong>descendisse</strong></span> <span class='ocrx_word' id='word_1_787' title='bbox 2901 4442 2978 4494; x_wconf 88' lang='lat' dir='ltr'><strong>ait</strong></span> <span class='ocrx_word' id='word_1_788' title='bbox 3009 4440 3075 4494; x_wconf 95' lang='lat' dir='ltr'><strong>de</strong></span> <span class='ocrx_word' id='word_1_789' title='bbox 3106 4440 3247 4493; x_wconf 64' lang='lat' dir='ltr'><strong>caelo</strong></span> <span class='ocrx_word' id='word_1_790' title='bbox 3270 4437 3470 4492; x_wconf 89' lang='lat' dir='ltr'><strong>Filium</strong></span> 
     </span>
    </p>
   </div>
   <div class='ocr_carea' id='block_1_104' title="bbox 1906 4529 3471 4600">
    <p class='ocr_par' dir='ltr' id='par_1_104' title="bbox 1906 4529 3471 4600">
     <span class='ocr_line' id='line_1_105' title="bbox 1906 4529 3471 4600; baseline -0.001 -15"><span class='ocrx_word' id='word_1_791' title='bbox 1906 4531 2143 4586; x_wconf 90' lang='lat' dir='ltr'><strong>hominis</strong></span> <span class='ocrx_word' id='word_1_792' title='bbox 2172 4549 2186 4584; x_wconf 88' lang='lat'><strong>:</strong></span> <span class='ocrx_word' id='word_1_793' title='bbox 2212 4530 2364 4585; x_wconf 87' lang='lat' dir='ltr'><strong>timet</strong></span> <span class='ocrx_word' id='word_1_794' title='bbox 2395 4539 2600 4595; x_wconf 87' lang='lat' dir='ltr'><strong>autem,</strong></span> <span class='ocrx_word' id='word_1_795' title='bbox 2629 4538 2683 4585; x_wconf 93' lang='lat' dir='ltr'><strong>et</strong></span> <span class='ocrx_word' id='word_1_796' title='bbox 2712 4537 2892 4600; x_wconf 83' lang='lat' dir='ltr'><strong>pavet,</strong></span> <span class='ocrx_word' id='word_1_797' title='bbox 2924 4537 2979 4585; x_wconf 88' lang='lat' dir='ltr'><strong>et</strong></span> <span class='ocrx_word' id='word_1_798' title='bbox 3008 4530 3227 4600; x_wconf 87' lang='lat' dir='ltr'><strong>angitur</strong></span> <span class='ocrx_word' id='word_1_799' title='bbox 3262 4529 3471 4597; x_wconf 89' lang='lat' dir='ltr'><strong>passio-</strong></span> 
     </span>
    </p>
   </div>
   <div class='ocr_carea' id='block_1_105' title="bbox 1904 4620 3476 4692">
    <p class='ocr_par' dir='ltr' id='par_1_105' title="bbox 1904 4620 3476 4692">
     <span class='ocr_line' id='line_1_106' title="bbox 1904 4620 3476 4692; baseline -0.004 -15"><span class='ocrx_word' id='word_1_800' title='bbox 1904 4623 1992 4677; x_wconf 91' lang='lat' dir='ltr'><strong>nis</strong></span> <span class='ocrx_word' id='word_1_801' title='bbox 2018 4631 2284 4692; x_wconf 90' lang='lat' dir='ltr'><strong>tempore,</strong></span> <span class='ocrx_word' id='word_1_802' title='bbox 2315 4637 2490 4691; x_wconf 87' lang='lat' dir='ltr'><strong>eaque</strong></span> <span class='ocrx_word' id='word_1_803' title='bbox 2517 4622 2595 4675; x_wconf 90' lang='lat' dir='ltr'><strong>illi</strong></span> <span class='ocrx_word' id='word_1_804' title='bbox 2626 4622 2979 4677; x_wconf 89' lang='lat' dir='ltr'><strong>ascribuntur</strong></span> <span class='ocrx_word' id='word_1_805' title='bbox 3006 4636 3127 4690; x_wconf 72' lang='lat' dir='ltr'><strong>quae</strong></span> <span class='ocrx_word' id='word_1_806' title='bbox 3154 4620 3255 4676; x_wconf 90' lang='lat' dir='ltr'><strong>soli</strong></span> <span class='ocrx_word' id='word_1_807' title='bbox 3289 4620 3476 4673; x_wconf 85' lang='lat' dir='ltr'><strong>buma-</strong></span> 
     </span>
    </p>
   </div>
   <div class='ocr_carea' id='block_1_106' title="bbox 1904 4713 3129 4792">
    <p class='ocr_par' dir='ltr' id='par_1_106' title="bbox 1904 4713 3129 4792">
     <span class='ocr_line' id='line_1_107' title="bbox 1904 4713 3129 4792; baseline -0.002 -22"><span class='ocrx_word' id='word_1_808' title='bbox 1904 4714 2064 4792; x_wconf 82' lang='lat' dir='ltr'><strong>nitati</strong></span> <span class='ocrx_word' id='word_1_809' title='bbox 2094 4714 2451 4777; x_wconf 87' lang='lat' dir='ltr'><strong>conveniunt,</strong></span> <span class='ocrx_word' id='word_1_810' title='bbox 2480 4714 2634 4783; x_wconf 89' lang='lat' dir='ltr'><strong>quasi</strong></span> <span class='ocrx_word' id='word_1_811' title='bbox 2667 4714 2787 4782; x_wconf 92' lang='lat' dir='ltr'><strong>ipse</strong></span> <span class='ocrx_word' id='word_1_812' title='bbox 2815 4727 3013 4783; x_wconf 90' lang='lat' dir='ltr'><strong>passus</strong></span> <span class='ocrx_word' id='word_1_813' title='bbox 3038 4713 3129 4767; x_wconf 88' lang='lat' dir='ltr'><strong>sit.</strong></span> 
     </span>
    </p>
   </div>
   <div class='ocr_carea' id='block_1_107' title="bbox 1974 4867 3471 4939">
    <p class='ocr_par' dir='ltr' id='par_1_107' title="bbox 1974 4867 3471 4939">
     <span class='ocr_line' id='line_1_108' title="bbox 1974 4867 3471 4939; baseline -0.001 -16"><span class='ocrx_word' id='word_1_814' title='bbox 1974 4870 2067 4935; x_wconf 89' lang='grc'><strong>111,</strong></span> <span class='ocrx_word' id='word_1_815' title='bbox 2105 4870 2304 4933; x_wconf 56' lang='grc' dir='ltr'><strong>ΗΑΒ.</strong></span> <span class='ocrx_word' id='word_1_816' title='bbox 2348 4869 2415 4923; x_wconf 88' lang='lat' dir='ltr'><strong>Et</strong></span> <span class='ocrx_word' id='word_1_817' title='bbox 2451 4871 2586 4923; x_wconf 87' lang='lat' dir='ltr'><strong>sicut</strong></span> <span class='ocrx_word' id='word_1_818' title='bbox 2637 4867 2844 4939; x_wconf 83' lang='lat' dir='ltr'><strong>Moyses</strong></span> <span class='ocrx_word' id='word_1_819' title='bbox 2887 4869 3144 4923; x_wconf 71' lang='lat' dir='ltr'><strong>exultavit</strong></span> <span class='ocrx_word' id='word_1_820' title='bbox 3183 4878 3471 4935; x_wconf 85' lang='lat' dir='ltr'><strong>serpentem</strong></span> 
     </span>
    </p>
   </div>
   <div class='ocr_carea' id='block_1_108' title="bbox 1902 4957 3475 5025">
    <p class='ocr_par' dir='ltr' id='par_1_108' title="bbox 1902 4957 3475 5025">
     <span class='ocr_line' id='line_1_109' title="bbox 1902 4957 3475 5025; baseline -0.001 -12"><span class='ocrx_word' id='word_1_821' title='bbox 1902 4961 1955 5013; x_wconf 87' lang='lat' dir='ltr'><strong>in</strong></span> <span class='ocrx_word' id='word_1_822' title='bbox 1992 4958 2215 5021; x_wconf 88' lang='lat' dir='ltr'><strong>deserto,</strong></span> <span class='ocrx_word' id='word_1_823' title='bbox 2243 4960 2319 5009; x_wconf 89' lang='lat' dir='ltr'><strong>ita</strong></span> <span class='ocrx_word' id='word_1_824' title='bbox 2368 4959 2601 5010; x_wconf 71' lang='lat' dir='ltr'><strong>exaltari</strong></span> <span class='ocrx_word' id='word_1_825' title='bbox 2632 4968 2832 5025; x_wconf 85' lang='lat' dir='ltr'><strong>oportet</strong></span> <span class='ocrx_word' id='word_1_826' title='bbox 2867 4957 3066 5010; x_wconf 83' lang='lat' dir='ltr'><strong>Filium</strong></span> <span class='ocrx_word' id='word_1_827' title='bbox 3105 4960 3356 5021; x_wconf 78' lang='lat' dir='ltr'><strong>hominis,</strong></span> <span class='ocrx_word' id='word_1_828' title='bbox 3413 4965 3475 5012; x_wconf 75' lang='lat' dir='ltr'><strong>ut</strong></span> 
     </span>
    </p>
   </div>
   <div class='ocr_carea' id='block_1_109' title="bbox 1901 5049 3470 5119">
    <p class='ocr_par' dir='ltr' id='par_1_109' title="bbox 1901 5049 3470 5119">
     <span class='ocr_line' id='line_1_110' title="bbox 1901 5049 3470 5119; baseline 0.002 -18"><span class='ocrx_word' id='word_1_829' title='bbox 1901 5051 2068 5102; x_wconf 83' lang='lat' dir='ltr'><strong>omnis</strong></span> <span class='ocrx_word' id='word_1_830' title='bbox 2125 5051 2214 5118; x_wconf 89' lang='lat' dir='ltr'><strong>qui</strong></span> <span class='ocrx_word' id='word_1_831' title='bbox 2256 5050 2421 5103; x_wconf 89' lang='lat' dir='ltr'><strong>credit</strong></span> <span class='ocrx_word' id='word_1_832' title='bbox 2458 5051 2510 5103; x_wconf 89' lang='lat' dir='ltr'><strong>in</strong></span> <span class='ocrx_word' id='word_1_833' title='bbox 2552 5051 2724 5119; x_wconf 80' lang='lat' dir='ltr'><strong>ipsum</strong></span> <span class='ocrx_word' id='word_1_834' title='bbox 2776 5065 2879 5103; x_wconf 83' lang='lat' dir='ltr'><strong>non</strong></span> <span class='ocrx_word' id='word_1_835' title='bbox 2923 5058 3119 5116; x_wconf 83' lang='lat' dir='ltr'><strong>pereat,</strong></span> <span class='ocrx_word' id='word_1_836' title='bbox 3158 5049 3248 5103; x_wconf 88' lang='lat' dir='ltr'><strong>sed</strong></span> <span class='ocrx_word' id='word_1_837' title='bbox 3283 5050 3470 5104; x_wconf 84' lang='lat' dir='ltr'><strong>habeat</strong></span> 
     </span>
    </p>
   </div>
   <div class='ocr_carea' id='block_1_110' title="bbox 1900 5144 2355 5198">
    <p class='ocr_par' dir='ltr' id='par_1_110' title="bbox 1900 5144 2355 5198">
     <span class='ocr_line' id='line_1_111' title="bbox 1900 5144 2355 5198; baseline 0.002 -1"><span class='ocrx_word' id='word_1_838' title='bbox 1900 5144 2059 5197; x_wconf 88' lang='lat' dir='ltr'><strong>vitam</strong></span> <span class='ocrx_word' id='word_1_839' title='bbox 2086 5152 2355 5198; x_wconf 72' lang='lat' dir='ltr'><strong>wternam.</strong></span> 
     </span>
    </p>
   </div>
   <div class='ocr_carea' id='block_1_111' title="bbox 1890 5234 3468 5305">
    <p class='ocr_par' dir='ltr' id='par_1_111' title="bbox 1890 5234 3468 5305">
     <span class='ocr_line' id='line_1_112' title="bbox 1890 5234 3468 5305; baseline 0.003 -18"><span class='ocrx_word' id='word_1_840' title='bbox 1890 5256 1891 5259; x_wconf 48' lang='grc' dir='ltr'><strong>η</strong></span> <span class='ocrx_word' id='word_1_841' title='bbox 1966 5234 2262 5304; x_wconf 88' lang='lat' dir='ltr'><strong>Postquam</strong></span> <span class='ocrx_word' id='word_1_842' title='bbox 2310 5236 2562 5290; x_wconf 86' lang='lat' dir='ltr'><strong>idoneam</strong></span> <span class='ocrx_word' id='word_1_843' title='bbox 2614 5251 2840 5292; x_wconf 87' lang='lat' dir='ltr'><strong>causam</strong></span> <span class='ocrx_word' id='word_1_844' title='bbox 2886 5237 3071 5291; x_wconf 88' lang='lat' dir='ltr'><strong>attulit</strong></span> <span class='ocrx_word' id='word_1_845' title='bbox 3112 5236 3179 5291; x_wconf 89' lang='lat' dir='ltr'><strong>ob</strong></span> <span class='ocrx_word' id='word_1_846' title='bbox 3222 5250 3385 5305; x_wconf 91' lang='lat' dir='ltr'><strong>quam</strong></span> <span class='ocrx_word' id='word_1_847' title='bbox 3417 5236 3468 5291; x_wconf 89' lang='lat' dir='ltr'><strong>ci</strong></span> 
     </span>
    </p>
   </div>
   <div class='ocr_carea' id='block_1_112' title="bbox 1894 5324 3470 5393">
    <p class='ocr_par' dir='ltr' id='par_1_112' title="bbox 1894 5324 3470 5393">
     <span class='ocr_line' id='line_1_113' title="bbox 1894 5324 3470 5393; baseline 0.002 -16"><span class='ocrx_word' id='word_1_848' title='bbox 1894 5338 1984 5378; x_wconf 88' lang='lat' dir='ltr'><strong>res</strong></span> <span class='ocrx_word' id='word_1_849' title='bbox 2024 5339 2192 5393; x_wconf 89' lang='lat' dir='ltr'><strong>supra</strong></span> <span class='ocrx_word' id='word_1_850' title='bbox 2243 5333 2463 5391; x_wconf 90' lang='lat' dir='ltr'><strong>captum</strong></span> <span class='ocrx_word' id='word_1_851' title='bbox 2513 5333 2567 5378; x_wconf 90' lang='lat' dir='ltr'><strong>et</strong></span> <span class='ocrx_word' id='word_1_852' title='bbox 2608 5332 2862 5377; x_wconf 89' lang='lat' dir='ltr'><strong>naturam</strong></span> <span class='ocrx_word' id='word_1_853' title='bbox 2910 5341 3016 5379; x_wconf 90' lang='lat' dir='ltr'><strong>non</strong></span> <span class='ocrx_word' id='word_1_854' title='bbox 3058 5324 3322 5393; x_wconf 75' lang='lat' dir='ltr'><strong>exponit,</strong></span> <span class='ocrx_word' id='word_1_855' title='bbox 3373 5325 3470 5380; x_wconf 84' lang='lat' dir='ltr'><strong>de-</strong></span> 
     </span>
    </p>
   </div>
   <div class='ocr_carea' id='block_1_113' title="bbox 1894 5413 3465 5484">
    <p class='ocr_par' dir='ltr' id='par_1_113' title="bbox 1894 5413 3465 5484">
     <span class='ocr_line' id='line_1_114' title="bbox 1894 5413 3465 5484; baseline 0.003 -17"><span class='ocrx_word' id='word_1_856' title='bbox 1894 5413 2108 5467; x_wconf 85' lang='lat' dir='ltr'><strong>scendit</strong></span> <span class='ocrx_word' id='word_1_857' title='bbox 2161 5430 2357 5469; x_wconf 87' lang='lat' dir='ltr'><strong>rursus</strong></span> <span class='ocrx_word' id='word_1_858' title='bbox 2394 5414 2557 5468; x_wconf 81' lang='lat' dir='ltr'><strong>ad‘ea</strong></span> <span class='ocrx_word' id='word_1_859' title='bbox 2607 5429 2725 5483; x_wconf 66' lang='lat' dir='ltr'><strong>quae</strong></span> <span class='ocrx_word' id='word_1_860' title='bbox 2764 5421 2949 5484; x_wconf 86' lang='lat' dir='ltr'><strong>typtce</strong></span> <span class='ocrx_word' id='word_1_861' title='bbox 2998 5413 3142 5468; x_wconf 80' lang='lat' dir='ltr'><strong>facta</strong></span> <span class='ocrx_word' id='word_1_862' title='bbox 3173 5423 3302 5469; x_wconf 91' lang='lat' dir='ltr'><strong>sunt</strong></span> <span class='ocrx_word' id='word_1_863' title='bbox 3332 5415 3465 5472; x_wconf 89' lang='lat' dir='ltr'><strong>olim</strong></span> 
     </span>
    </p>
   </div>
   <div class='ocr_carea' id='block_1_114' title="bbox 1894 5506 3466 5577">
    <p class='ocr_par' dir='ltr' id='par_1_114' title="bbox 1894 5506 3466 5577">
     <span class='ocr_line' id='line_1_115' title="bbox 1894 5506 3466 5577; baseline 0.002 -17"><span class='ocrx_word' id='word_1_864' title='bbox 1894 5522 1923 5560; x_wconf 91' lang='lat' dir='ltr'><strong>a</strong></span> <span class='ocrx_word' id='word_1_865' title='bbox 1953 5506 2160 5577; x_wconf 84' lang='lat' dir='ltr'><strong>Moyse.</strong></span> <span class='ocrx_word' id='word_1_866' title='bbox 2189 5522 2313 5561; x_wconf 92' lang='lat' dir='ltr'><strong>cum</strong></span> <span class='ocrx_word' id='word_1_867' title='bbox 2343 5508 2511 5562; x_wconf 87' lang='lat' dir='ltr'><strong>sciret</strong></span> <span class='ocrx_word' id='word_1_868' title='bbox 2544 5507 2723 5575; x_wconf 92' lang='lat' dir='ltr'><strong>ipsum</strong></span> <span class='ocrx_word' id='word_1_869' title='bbox 2753 5506 3022 5577; x_wconf 79' lang='lat' dir='ltr'><strong>exemplis</strong></span> <span class='ocrx_word' id='word_1_870' title='bbox 3054 5508 3234 5577; x_wconf 92' lang='lat' dir='ltr'><strong>potius</strong></span> <span class='ocrx_word' id='word_1_871' title='bbox 3267 5507 3336 5563; x_wconf 91' lang='lat' dir='ltr'><strong>ad</strong></span> <span class='ocrx_word' id='word_1_872' title='bbox 3371 5523 3466 5563; x_wconf 84' lang='lat' dir='ltr'><strong>ve-</strong></span> 
     </span>
    </p>
   </div>
   <div class='ocr_carea' id='block_1_115' title="bbox 1895 5597 3463 5670">
    <p class='ocr_par' dir='ltr' id='par_1_115' title="bbox 1895 5597 3463 5670">
     <span class='ocr_line' id='line_1_116' title="bbox 1895 5597 3463 5670; baseline 0.001 -17"><span class='ocrx_word' id='word_1_873' title='bbox 1895 5599 2078 5654; x_wconf 89' lang='lat' dir='ltr'><strong>ritatis</strong></span> <span class='ocrx_word' id='word_1_874' title='bbox 2106 5597 2438 5668; x_wconf 90' lang='lat' dir='ltr'><strong>agnitionem</strong></span> <span class='ocrx_word' id='word_1_875' title='bbox 2466 5598 2662 5654; x_wconf 88' lang='lat' dir='ltr'><strong>deduci</strong></span> <span class='ocrx_word' id='word_1_876' title='bbox 2712 5614 2895 5670; x_wconf 89' lang='lat' dir='ltr'><strong>posse,</strong></span> <span class='ocrx_word' id='word_1_877' title='bbox 2926 5614 3088 5670; x_wconf 88' lang='lat' dir='ltr'><strong>quam</strong></span> <span class='ocrx_word' id='word_1_878' title='bbox 3133 5599 3463 5669; x_wconf 86' lang='lat' dir='ltr'><strong>spiritalium</strong></span> 
     </span>
    </p>
   </div>
  </div>
