4222 6510
251 427 359 481 ⁸355

1333 433 1400 490 ΙΝ
1434 432 1717 490 JOANNIS
1746 430 2197 490 EVANGELIUM
2236 432 2363 487 LIB.
2403 434 2468 489 11.

3387 438 3495 496 εει

245 550 345 620 τὴν
373 551 544 612 οὓτως
578 551 904 618 ἀξιάγαστον
928 551 1020 604 τοῦ
1057 551 1191 605 Θεοῦ
1214 554 1308 606 καὶ
1341 554 1554 624 Πατρὸς
1595 552 1818 622 ποιησά-

1926 573 2084 610 suum
2119 554 2462 624 unigenitum
2489 554 2716 610 dederit.
2751 574 2769 606 ι
2813 554 3014 609 Audiat
3057 570 3255 611 rursus
3292 555 3495 612 Christi

251 657 403 710 μενοι
432 641 609 711 χάριν.
647 661 664 690 ι
704 641 858 694 Οῦτω
889 642 998 714 γὰρ
1020 685 1034 706 ,
1084 645 1277 714 φησὶν,
1319 646 1602 714 ἠγάπησεν
1633 647 1660 697 ό
1691 643 1822 707 Θεὸς

245 733 338 783 τὸν
365 731 569 801 κόσμον
589 774 603 797 ,
637 731 778 784 ὥστε
817 733 909 786 τὸν
945 735 1072 788 Υἱὸν
1105 733 1270 788 αὑτοῦ
1301 735 1391 789 τὸν
1423 737 1686 805 μονογενῆ
1735 734 1822 786 δέ·

244 825 442 878 ὄωκεν.
480 842 498 875 ι
547 825 818 880 ’Δκουέτω
853 827 1013 880 πάλιν
1043 829 1072 880 ὁ
1095 826 1480 899 Χριστομάχος
1521 825 1818 896 αἱρετικὸς,

247 917 344 969 καὶ
383 915 588 983 λεγέτω
629 917 937 987 παρελθὼν,
966 917 1016 970 τί
1062 917 1124 972 τὸ
1155 917 1296 988 μέγα
1339 917 1440 982 τῆς
1477 916 1699 986 ἀγάπης
1729 914 1823 968 τοῦ

247 1007 387 1060 Θεοῦ
410 1009 506 1061 καὶ
533 1009 743 1080 Πατρὸς
764 1051 778 1075 ,
814 1010 846 1080 ἥ
877 1009 993 1074 πῶς
1027 1011 1094 1064 ἀν
1127 1009 1299 1080 αὐτὴν
1327 1012 1554 1073 εῖκυτως
1583 1008 1825 1061 ἀποθαυ-

252 1099 530 1167 μάσαιμεν
552 1115 565 1127 ·
592 1098 706 1151 ἀλλ’
734 1101 850 1170 ὲρεῖ
879 1099 942 1170 δὴ
974 1102 1194 1163 πάντως
1229 1101 1327 1170 τῆς
1350 1099 1574 1170 ἀγάπης
1595 1097 1824 1169 ὁρᾶσθαι

248 1188 309 1240 τὸ
335 1188 686 1256 ἀξιάγαστον,
718 1191 775 1243 ἐν
808 1189 886 1260 τῷ
921 1190 1167 1244 δεδόσθαι
1189 1189 1282 1244 τὸν
1307 1189 1439 1242 Υῖδν
1477 1189 1618 1260 ὑπὲρ
1645 1185 1822 1259 ἡμῶν,
1866 1229 1873 1234 .

248 1281 346 1334 καὶ
378 1281 539 1336 τοῦτο
567 1283 852 1353 μονογενῆ.
890 1283 1100 1336 Οὐκοῦν
1139 1283 1225 1336 ἵνα
1261 1282 1399 1354 μένῃ
1455 1282 1550 1335 καὶ
1578 1279 1820 1349 σώζηται

254 1372 464 1440 μεγάλη
497 1372 591 1425 τοῦ
616 1373 752 1426 Θεοῦ
781 1375 876 1426 καὶ
900 1375 1116 1444 Πατρός
1145 1377 1178 1445 ὴ
1203 1374 1502 1443 ἀγάπησις,
1535 1371 1662 1434 Υἱὸς
1689 1371 1828 1423 νοεί-

252 1461 384 1524 σθω,
414 1463 486 1532 μὴ
518 1462 759 1534 ποίημα·
786 1463 912 1516 Υἱὸν
940 1463 996 1515 δέ
1025 1481 1168 1533 φημι
1198 1464 1286 1516 τὸν
1314 1466 1376 1516 ὲκ
1401 1463 1498 1531 τῆς
1523 1461 1710 1524 οὐσίας
1732 1459 1825 1512 τοῦ

255 1551 484 1621 Πατρὸς,
539 1552 824 1622 όμοούσιον
872 1552 1114 1622 δηλονότι
1165 1551 1244 1623 τῷ
1294 1549 1684 1620 γεγεννηκότι.
1735 1549 1828 1601 καὶ

248 1641 383 1694 θεὸν
409 1642 578 1706 ὅντως
609 1644 702 1696 καὶ
751 1645 875 1698 κατ’
912 1644 1196 1715 ἀλήθειαν.
1231 1644 1295 1696 Εἰ
1334 1643 1390 1694 δὲ
1426 1642 1568 1695 κατά
1599 1641 1687 1694 τὸν
1736 1639 1825 1692 σὺν

249 1733 426 1799 λόγον.
456 1727 500 1786 ὦ
524 1729 696 1800 οὗτος,
729 1735 789 1788 τὸ
819 1738 892 1806 ,ὲκ
920 1735 1020 1804 τῆς
1044 1735 1232 1797 οὐσίας
1267 1730 1405 1786 εἶναι
1444 1731 1536 1785 τοῦ
1567 1731 1702 1784 Θεοῦ
1734 1731 1826 1784 καὶ

254 1825 465 1894 Ματρὸς
493 1826 592 1879 οὐκ
619 1826 758 1896 ἔχει,
801 1828 894 1880 καὶ
924 1827 985 1880 τὸ
1019 1825 1160 1880 εἶναι
1191 1825 1333 1880 κατά
1374 1824 1536 1894 φύσιν
1569 1824 1696 1886 Υἱὸς
1729 1825 1824 1875 καὶ

1928 649 2104 701 liostis
2144 646 2453 709 haereticus,
2487 658 2550 697 ac
2598 645 2746 698 dicat
2779 645 2977 710 obiter,
3008 645 3142 716 quid
3189 647 3370 716 magni
3401 648 3496 701 ha-

1927 739 2052 792 beat
2106 737 2194 792 Dei
2240 727 2531 790 ae'Patris
2570 735 2814 797 dilectio,
2851 746 2944 790 aut
2988 739 3266 806 quomodo
3319 739 3493 808 ipsam

1927 831 2118 884 merito
2152 827 2531 884 admiremur?
2577 825 2680 881 Sed
2735 827 3086 896 respondebit
3114 828 3300 898 utique
3345 830 3397 883 in
3429 845 3494 883 ca

1925 921 2216 975 dilectione
2247 919 2300 971 id
2328 919 2478 972 cerni
2504 917 2864 971 admiratione
2884 916 3133 986 dignum,
3162 918 3304 987 quod
3334 918 3493 972 datus

1925 1016 1998 1069 sit
2031 1029 2128 1083 pro
2161 1013 2318 1067 nobis
2348 1011 2538 1076 Filius,
2581 1009 2824 1079 adeoque
2863 1009 3202 1078 unigenitus.
3244 1006 3409 1080 Igitur
3437 1018 3496 1064 ut

1925 1113 2141 1159 constet
2189 1117 2384 1172 magna
2436 1101 2524 1156 illa
2574 1100 2664 1154 Dei
2713 1115 2777 1154 ac
2823 1100 2999 1155 Patris
3051 1101 3294 1164 dilectio,
3325 1099 3494 1154 Filius

1928 1190 2317 1263 intelligendus
2343 1199 2447 1253 est,
2469 1205 2574 1244 non
2609 1202 2884 1244 creatura.
2917 1189 3116 1244 Filium
3139 1200 3318 1244 autem
3349 1189 3493 1252 dico,

1925 1286 2019 1355 qui
2063 1295 2147 1340 est
2197 1299 2260 1339 ex
2303 1285 2609 1340 substantia
2660 1283 2751 1337 Dei
2787 1298 2850 1337 ac
2898 1282 3076 1338 Patris
3119 1284 3402 1347 nimirum,
3443 1282 3494 1336 ei

1926 1376 2434 1438 consubstantialis,
2484 1386 2531 1429 et
2576 1391 2761 1428 revera
2811 1373 2975 1430 Deus.
3028 1373 3189 1440 Quod
3246 1375 3290 1427 si
3339 1375 3495 1441 juxta

1931 1479 2075 1521 tuam
2100 1467 2429 1528 doctrinam,
2455 1480 2488 1520 ο
2521 1467 2773 1534 quisquis
2799 1481 2881 1531 es,
2903 1480 3008 1519 non
3034 1475 3116 1520 est
3144 1482 3208 1519 ex
3236 1463 3495 1519 substan-

1930 1559 2003 1611 tia
2040 1556 2131 1612 Dei
2176 1573 2239 1611 ac
2288 1557 2486 1620 Patris,
2520 1557 2686 1610 simul
2713 1557 2873 1610 etiam
2911 1557 3181 1610 naturalis
3228 1552 3396 1608 Filius
3431 1567 3497 1605 ac

1931 1648 2072 1702 Deus
2115 1663 2238 1701 esse
2285 1646 2517 1711 desinet,
2553 1654 2606 1698 et
2651 1645 2830 1699 inanis
2875 1645 2978 1698 erit
3029 1644 3248 1699 demum
3294 1641 3493 1696 eximia

1929 1741 2018 1795 illa
2053 1748 2104 1794 et
2137 1738 2292 1808 153
2319 1739 2658 1792 admirabilis
2688 1737 2865 1791 Patris
2889 1737 3130 1792 dilectio.
3169 1737 3494 1796 (Ireaturam

1929 1833 2072 1886 enim
2108 1844 2205 1898 pro
2240 1829 2532 1892 creaturis,
2555 1844 2662 1882 non
2692 1843 2818 1882 vere
2853 1825 3050 1880 Filiqu
3079 1825 3250 1879 dedit.
3274 1822 3496 1876 Frustra

247 1894 807 1983 ωεὸςσυναποϐαλεῖ,
851 1921 944 1972 καὶ
983 1920 1214 1990 ἀργήσει
1254 1917 1442 1970 λοιπὸν
1484 1917 1539 1968 τὸ
1585 1916 1818 1985 περίπυ-

1927 1937 2055 1977 vero
2086 1921 2243 1974 nobis
2267 1921 2457 1973 beatus
2484 1918 2689 1973 Paulus
2719 1928 2982 1971 terrorem
3023 1916 3234 1984 injiciet
3261 1914 3453 1968 dicens
3480 1929 3493 1964 :

251 2028 374 2062 σ-τον
414 2010 599 2080 θαῦμα
634 2012 733 2080 τῆς
772 2012 992 2083 ἀγάπης
1030 2011 1124 2065 τοῦ
1173 2011 1405 2080 Πατρός.
1452 2009 1673 2078 Ποίημα
1716 2007 1822 2078 γὰρ

251 2101 572 2171 ποιημάτων
608 2102 896 2173 ⁴Ιίλλάξατο,
930 2105 1023 2157 καὶ
1057 2105 1154 2173 οὐχ
1179 2103 1305 2155 Υἱὸν
1329 2100 1545 2172 άληθῶς
1615 2098 1738 2166 εἰκῆ
1768 2098 1822 2150 δὲ

245 2195 398 2261 ἡμεῖς
445 2194 540 2247 καὶ
587 2195 615 2246 ὁ
670 2196 936 2264 μακάριος
998 2195 1208 2257 Παῦλος
1264 2194 1555 2266 θορυϐήσει
1612 2192 1818 2258 λέγων·

249 2282 587 2352 ιἈθετήσας
636 2299 720 2347 τις
766 2284 930 2354 νόμον
986 2286 1261 2351 Μωσέως,
1312 2285 1484 2355 χωρῖς
1523 2279 1824 2352 οίκτιρμῶν

247 2375 340 2426 ἐπὶ
391 2375 541 2427 δυσὶν
589 2376 622 2446 ἢ
686 2379 865 2448 τρισὶν
922 2379 1190 2449 μάρτυσιν
1241 2378 1611 2446 ἀποθνήσκει,
1667 2375 1817 2443 πόσῳ

243 2464 458 2517 δοκεῖτε
508 2465 750 2534 χείρονος
796 2466 1158 2538 ἀξιωθήσεται
1197 2467 1466 2539 τιμωρίας
1511 2468 1540 2519 ὁ
1575 2467 1665 2520 τὸν
1696 2465 1822 2517 Υίὸν

244 2553 340 2606 τοῦ
372 2554 509 2607 Θεοῦ
534 2558 966 2628 καταπατήσας;
1000 2577 1017 2609 ι
1056 2560 1375 2613 Καταπατεῖ
1410 2557 1508 2628 μὲν
1539 2557 1648 2627 γὰρ
1685 2557 1819 2625 ὁμο-

245 2646 590 2716 λογουμένως
636 2649 664 2700 ό
726 2650 1150 2720 καταφρονήσας
1176 2691 1189 2713 ,
1240 2648 1356 2702 ἀλλ’
1409 2648 1507 2717 οὐχ
1565 2647 1640 2710 ὡς
1695 2647 1822 2700 ram

241 2736 535 2806 ἀληθινὸν,
584 2738 721 2792 ἀλλά
755 2738 1000 2802 Μωσέως
1030 2738 1316 2809 ὁμόδουλον
1336 2777 1352 2801 ,
1399 2737 1558 2807 εἴπερ
1591 2737 1708 2788 ἐστὶ
1744 2737 1821 2808 τῷ

245 2827 601 2898 πεποιημένῳ
619 2827 681 2879 τὸ
703 2829 912 2899 ποίημα
941 2829 1160 2892 πάντως
1186 2827 1433 2895 ἀδελφὺν,
1471 2826 1614 2880 κατά
1636 2843 1700 2894 γε
1730 2827 1821 2879 τὸν

240 2916 338 2970 τοῦ
365 2919 896 2990 πεποιῆσθαιιλόγον,
921 2922 1026 2976 κᾶν
1045 2923 1163 2984 ταῖς
1186 2923 1266 2985 εἰς
1291 2921 1352 2974 τὺ
1382 2918 1564 2991 μεῖξον
1596 2919 1629 2990 ἢ
1662 2920 1822 2990 ἄμει-

241 3029 336 3066 νον
385 3014 683 3084 ὑπεροχαῖς
726 3016 826 3087 τὴν
870 3017 1058 3088 ἑτέρου
1107 3015 1266 3081 δόξαν
1315 3015 1610 3084 πλεονεκτῇ
1634 3032 1646 3046 ·
1703 3014 1819 3068 ἀλλ’

242 3105 393 3157 εστιν
423 3105 626 3176 ἀληθὴς
654 3108 682 3158 ὁ
710 3107 805 3160 τοῦ
850 3107 1063 3161 Παύλου
1103 3107 1258 3175 λόγος
1347 3106 1733 3177 χαλεπωτέραν
1761 3106 1818 3162 δὲ

243 3194 492 3248 ἀτπτίσει
535 3195 632 3264 τὴν
673 3196 828 3268 δίκην
875 3199 904 3250 ό
951 3199 1344 3269 καταπατήσας
1377 3197 1469 3250 τὸν
1515 3197 1680 3264 Υἰὸν,
1717 3197 1817 3266 οὐχ

1931 2037 1947 2067 ι
1987 2014 2204 2068 lrritam
2248 2012 2456 2068 faciens
2497 2013 2666 2082 legem
2718 2010 2909 2081 Moysi,
2951 2011 3070 2064 sine
3123 2009 3232 2062 ulla
3267 2005 3498 2060 misera-

1927 2107 2092 2167 tione,
2125 2105 2340 2158 duobus
2371 2104 2454 2156 vel
2500 2101 2678 2156 tribus
2727 2101 2956 2154 testibus
2982 2098 3214 2152 moritur
3241 2114 3254 2147 :
3287 2104 3494 2165 quanto

1925 2197 2098 2265 magis
2123 2195 2327 2265 putatis
2351 2194 2628 2248 deteriora
2651 2192 2853 2246 mereri
2883 2189 3156 2259 supplicia
3180 2189 3272 2258 qui
3299 2186 3494 2240 Filium

1926 2286 2020 2341 Dei
2079 2284 2489 2341 coneuleaverit
2528 2283 2616 2337 “?
2665 2302 2684 2335 ι
2741 2281 3042 2337 Conculcat
3095 2279 3241 2334 enim
3303 2275 3496 2346 procul

1923 2379 2090 2433 dubio
2132 2377 2178 2432 is
2209 2379 2298 2444 qui
2342 2374 2590 2445 spernit,
2623 2373 2775 2441 atqui
2819 2387 2928 2426 non
2967 2379 3025 2424 ut
3050 2369 3247 2424 Filium
3281 2382 3492 2428 verum,

1923 2469 2016 2523 sed
2050 2466 2252 2538 Moysis
2291 2480 2642 2529 conservum,
2676 2466 2722 2518 si
2746 2463 2970 2534 quidem
3012 2469 3270 2516 creatura
3305 2465 3389 2512 est
3416 2458 3494 2511 rei

1922 2567 2118 2612 creata:
2155 2570 2314 2610 soror
2348 2555 2401 2610 in
2433 2557 2643 2609 ratione
2677 2555 2754 2608 rei
2795 2563 3015 2617 creataa,
3053 2552 3182 2606 licet
3227 2549 3497 2618 dignitate

1922 2661 2013 2706 aut
2041 2649 2360 2705 excellentia
2391 2648 2622 2702 alterius
2659 2648 2890 2716 gloriam
2919 2654 3160 2716 superet.
3195 2645 3263 2698 At
3305 2656 3492 2697 verum

1921 2750 2004 2796 est
2037 2739 2188 2794 Pauli
2238 2738 2444 2792 dictum
2484 2756 2498 2793 :
2541 2745 2596 2792 et
2644 2737 2955 2807 graviorem
2998 2751 3214 2805 pinnam
3256 2735 3366 2787 luet
3399 2733 3493 2802 qui

1921 2828 2124 2884 Filium
2155 2827 2713 2891 conculcaverit,non
2731 2836 2789 2880 ut
2812 2827 2864 2880 in
2897 2835 3205 2881 creaturam
3234 2839 3492 2894 peccans,

1923 2936 2024 2976 nec
2068 2920 2121 2974 in
2174 2934 2344 2974 unum
2393 2934 2458 2973 ex
2497 2914 2702 2989 Moysis
2733 2915 3041 2971 conservis.
3083 2913 3277 2984 Magna
3329 2913 3494 2982 igitur

1920 3022 2005 3068 est
2043 3027 2108 3068 ac
2154 3011 2590 3082 supernaturalis
2623 3011 2718 3064 illa
2759 3011 2934 3065 Patris
2968 3007 3212 3072 dilectio,
3243 3007 3337 3078 qui
3396 3022 3494 3076 pro

1921 3103 2111 3159 mundi
2163 3103 2272 3158 vita
2324 3103 2476 3157 illum
2517 3117 2582 3158 ex
2629 3101 2812 3172 seipso
2860 3108 2914 3156 et
2959 3102 3240 3172 proprium
3293 3097 3489 3153 Filium

1920 3195 2095 3251 dedit.

240 3291 319 3352 ὡς
341 3293 420 3352 είς
441 3293 648 3362 ποίημα
675 3293 1031 3364 πλημμελῶν,
1063 3296 1184 3349 οὐδὲ
1207 3299 1286 3358 εἰς
1329 3295 1423 3348 ἕνα
1460 3293 1568 3348 τῶν
1597 3282 1839 3357 Μωσέως
1876 3293 2198 3364 ὁμοδούλων.
2236 3291 2464 3361 Μεγάλη
2499 3291 2562 3360 δὴ
2604 3286 2697 3343 οὖν
2763 3289 2856 3341 καὶ
2919 3289 3203 3359 ὑπερφυὴς
3239 3289 3269 3359 ἠ
3300 3286 3487 3356 ἀγάπη

241 3380 337 3433 τοῦ
371 3381 579 3450 [ἰατρὸς
603 3383 742 3454 ὑπὲρ
763 3386 862 3454 τῆς
888 3384 982 3437 τοῦ
1009 3386 1214 3456 κόσμου
1247 3385 1390 3454 ζωῆς
1419 3386 1510 3438 τὸν
1535 3385 1592 3452 ἐξ
1623 3385 1819 3438 ἑαυτοῦ
1857 3385 1949 3438 καὶ
1981 3384 2110 3436 ῖδιον
2135 3381 2298 3435 αὑτοῦ
2326 3381 2614 3444 δεδωκότος
2640 3380 2784 3432 Υἰόν.
3057 3375 3061 3379 ’
3456 3372 3488 3396 ”’

317 3477 402 3526 Οὐ
431 3474 540 3542 γὰρ
568 3476 924 3532 ἀπέστειλεν
954 3482 987 3532 ὀ
1021 3479 1166 3546 Θεὸς
1202 3480 1309 3533 τὸν
1347 3480 1482 3534 Υιόν
1508 3480 1693 3533 αὑτοῦ
1725 3481 1813 3544 εἰς
1838 3481 1880 3540 C

241 3564 352 3617 τι.¹ν
401 3563 666 3632 κόσμον,
706 3565 808 3618 ἵνα
861 3567 1037 3635 κρίνῃ
1081 3567 1187 3620 τὸν
1233 3569 1496 3637 κόσμον,
1545 3567 1684 3622 ἀλλ’
1715 3568 1816 3620 ἵνα

238 3653 413 3720 σωθῇ
443 3657 475 3707 ό
512 3657 738 3724 κόσμος
764 3657 839 3710 δι’
865 3658 1071 3711 αὑτοῦ.

315 3747 443 3799 Υἱδν
493 3750 682 3800 ἑαυτὸν
723 3750 1019 3822 διαρρήδην
1061 3753 1334 3821 ὀνομάσας
1372 3749 1467 3806 τοῦ
1524 3751 1664 3805 Θεοῦ
1725 3737 1818 3808 καὶ

240 3834 479 3907 ῐιατρὸς,
509 3839 606 3890 οὐκ
637 3840 1022 3913 ἀμαρτύρητον
1048 3843 1141 3913 ὲᾷν
1173 3843 1344 3896 οἴεται
1379 3844 1488 3898 δεῖν
1522 3846 1610 3899 τὸν
1639 3847 1815 3914 λόγον,

235 3928 359 3978 ἀλλ’
391 3929 454 3979 ἐκ
484 3930 579 3996 τῆς
607 3930 715 3982 τῶν
745 3934 1106 4003 πραγμάτων,
1155 3935 1241 3988 ἵνα
1270 3935 1446 3999 οὕτως
1477 3937 1634 4002 εἴπω,
1670 3941 1818 3993 ποιό-

237 4034 405 4086 ante;
456 4019 704 4091 ἐπιφέρει
755 4023 854 4095 τὴν
900 4024 1212 4091 ἀπόδειξιν,
1259 4026 1690 4099 ἀσφαλεστέρους
1740 4031 1820 4093 είς

241 4113 425 4164 πίστιν
447 4112 568 4174 τοὺς
601 4115 980 4185 ἀκροωμένους
1011 4118 1307 4171 ἀποτελῶν.
1343 4119 1418 4170 Οὐ
1447 4120 1554 4190 γὰρ
1583 4121 1820 4175 ἀπεστά-

238 4211 364 4276 λην,
399 4210 556 4278 φησὶ,
589 4207 728 4260 κατὰ
757 4207 845 4259 τὸν
874 4209 1196 4278 ἱεροφάντην
1227 4212 1454 4272 Μωσέα.
1480 4212 1628 4281 νόμῳ
1651 4230 1820 4266 κατα-

237 4299 444 4367 κρίνων
502 4299 598 4368 τὴν
645 4299 1011 4369 οἰκουμένην,
1075 4301 1194 4353 οὐδὲ
1247 4304 1384 4372 πρὸς
1441 4304 1655 4373 ἔλεγχον
1718 4308 1817 4374 τῆς

233 4391 518 4460 ἁμαρτίας
545 4391 783 4461 εἰσφέρω
803 4391 901 4460 τὴν
927 4392 1163 4460 ἐντολὴν.
1189 4394 1308 4446 οὐδὲ
1330 4397 1606 4466 οἰκετικὴν
1637 4396 1820 4449 ποιοῦ-

237 4497 341 4548 μαι
374 4480 472 4547 τὴν
510 4478 788 4530 διακονίαν
816 4495 828 4508 ·
883 4478 1018 4532 ἀλλά
1071 4481 1316 4551 Δεσπότῃ
1360 4483 1675 4551 πρέπουσαν
1718 4484 1818 4555 τὴν

234 4568 654 4638 φιλανθρωπίαν
713 4567 992 4638 εἰσφέρω,
1058 4569 1327 4642 ἐλευθερῶ
1372 4573 1431 4626 τὸ
1476 4573 1692 4636 δοῦλον,
1743 4575 1818 4638 ὡς

237 4660 374 4721 Υἱὸς
395 4659 489 4712 καὶ
519 4659 854 4730 κληρονόμος
890 4657 984 4711 τοῦ
1020 4659 1250 4729 Πατρὺς,
1301 4664 1689 4730 μετασκευάζει)
1724 4665 1817 4716 τὸν

231 4750 673 4815 καταδικάζοντα
712 4751 875 4820 νόμον
907 4752 987 4814 εἰς
1024 4751 1343 4807 δικαιοῦσαν
1390 4755 1571 4825 χάριν.
1622 4756 1814 4826 ἀνίημι

1987 3475 2071 3540 ΙΙΙ,
2120 3477 2202 3530 l7.
2255 3473 2377 3530 Non
2425 3477 2563 3528 enim
2609 3474 2753 3527 misit
2794 3473 2932 3525 Deus
2985 3469 3190 3524 Filium
3233 3487 3384 3523 suum
3434 3473 3484 3524 in

1918 3574 2190 3635 mundum,
2228 3581 2285 3652 ut
2309 3573 2515 3643 judicet
2562 3569 2836 3632 mundum,
2865 3568 2952 3621 sed
2985 3577 3040 3619 ut
3074 3566 3304 3620 salvetur
3338 3583 3478 3620 omu-

1917 3667 2016 3722 dus
2045 3683 2133 3738 per
2163 3668 2355 3736 ipsum.

1987 3758 2253 3824 Quoniam
2286 3758 2486 3811 Filiqu
2538 3755 2630 3809 Dei
2679 3770 2741 3808 ac
2782 3754 2959 3807 Patris
3008 3753 3251 3820 seipsum
3305 3760 3491 3819 aperte

1918 3851 2243 3915 nominavit,
2289 3851 2343 3904 id
2375 3851 2512 3902 citra
2565 3848 2943 3918 probationem
2974 3847 3180 3901 dictum
3213 3860 3317 3899 non
3352 3843 3488 3906 vult,

1921 3946 2012 4001 sed
2067 3960 2136 3999 ex,
2179 3959 2360 3998 rerum
2407 3945 2690 4011 ipsarum,
2746 3949 2804 3992 ut
2841 3941 2913 3993 ita
2967 3939 3142 3994 dicam
3228 3938 3493 4008 qualitate

1919 4037 2438 4092 demonstrationem
2487 4033 2670 4096 infert,
2711 4032 2993 4085 auditores
3044 4032 3097 4084 in
3151 4029 3254 4083 lide
3287 4028 3490 4082 contir-

1923 4144 2096 4182 mans.
2133 4125 2250 4180 Non
2283 4126 2427 4180 enim
2463 4124 2669 4178 missus
2700 4139 2844 4186 sum,
2902 4122 3103 4191 inquit,
3139 4120 3492 4190 quemadmo-

1919 4221 2046 4274 dum
2083 4235 2363 4274 sacrorum
2410 4219 2501 4270 ille
2545 4218 2821 4284 interpres
2850 4214 3086 4284 Moyses,
3133 4223 3192 4266 ut
3224 4214 3339 4282 lege
3385 4223 3496 4265 tor-

1922 4327 2105 4368 rarmn
2140 4310 2326 4363 orbem
2369 4297 2753 4367 condemnem,
2791 4322 2966 4376 neque
3003 4306 3068 4359 ad
3103 4313 3385 4374 peccatum
3416 4320 3495 4358 re-

1920 4402 2298 4470 darguendum
2348 4399 2664 4453 mandatum
2724 4399 2869 4458 I‘ero,
2924 4412 3023 4450 nec
3066 4396 3252 4450 servili
3300 4395 3496 4464 iungor

1921 4490 2250 4552 ministerio,
2297 4489 2392 4544 scd
2427 4489 2642 4557 qualem
2687 4487 2974 4540 Dominum
3005 4487 3194 4541 deceat
3250 4486 3495 4554 benigni-

1919 4588 2083 4633 tatem
2117 4579 2369 4634 exhibeo.
2404 4575 2475 4631 Ut
2513 4574 2690 4631 Filius
2719 4591 2783 4629 ac
2808 4575 2983 4630 haeres
3016 4574 3197 4627 Patris
3228 4572 3495 4627 servitute

1921 4670 2168 4723 homines
2208 4669 2402 4730 libero,
2446 4667 2952 4722 condemnatrieem
2989 4665 3160 4736 legem
3205 4665 3257 4717 in
3289 4664 3495 4732 justiti-

1919 4768 2132 4814 cantem
2168 4760 2396 4827 gratiam
2448 4769 2752 4820 commuto,
2792 4771 3017 4811 suorum
3054 4756 3346 4808 criminum
3399 4769 3494 4808 ca-
3571 4824 3576 4829 _

227 4845 336 4912 τῆς
379 4843 655 4912 ἁμαρτίας
681 4843 770 4895 τὸν
798 4841 909 4894 τῶν
931 4843 1148 4895 οἰκείων
1179 4846 1665 4916 πλημμελημάτων
1692 4865 1816 4899 κατ-

1921 4855 2062 4907 tenis
2083 4852 2402 4907 constrictis
2434 4861 2650 4920 peccata
2687 4851 2906 4902 remitto
2929 4867 2940 4901 :
2963 4849 3275 4901 salvaturus
3304 4847 3494 4899 orbem

234 4933 585 5004 εσφιγμένον
630 4935 856 5002 σειραῖς,
887 4933 1184 4986 ἀνασώσων
1227 4935 1326 5006 τὴν
1361 4938 1718 5007 οἰκουμένην,
1751 4940 1812 4991 οὗ

227 5025 586 5094 κατακρίνων
629 5023 878 5094 ἐλήλυθα.
916 5024 1062 5076 Ἔδει
1108 5025 1236 5096 γὰρ,
1280 5027 1385 5078 ἔδει
1436 5029 1640 5080 Μωσέα
1692 5029 1809 5098 μὲν,

227 5135 305 5186 qr.
317 5117 425 5177 σίν,
467 5115 542 5177 ὼς
567 5115 782 5184 οἰκέτην
808 5115 973 5184 νόμου
1000 5113 1094 5167 τοῦ
1119 5118 1534 5187 κατακρίνοντος
1561 5120 1812 5186 γενέσθαι

220 5209 503 5270 διάκονον,
544 5205 643 5274 ἐμὲ
682 5205 740 5258 δὲ
785 5207 860 5269 ὡς
900 5207 1031 5258 rm
1063 5207 1156 5259 καὶ
1191 5208 1338 5262 Θεὸν
1369 5213 1468 5279 τῆς
1506 5210 1598 5262 τοῦ
1648 5211 1812 5281 νόμον

224 5299 483 5367 κατάρας
532 5297 788 5350 ἀπολύειν
839 5298 938 5369 τὴν
987 5300 1349 5368 οἰκουμένην,
1415 5303 1507 5354 καὶ
1563 5306 1680 5364 ταῖς
1735 5304 1813 5366 εἰς

221 5387 650 5459 φιλανθρωπίαν
687 5388 1015 5458 ὑπερϐολαῖς
1068 5389 1403 5461 θεραπεῦσαι
1462 5393 1553 5445 τοῦ
1605 5395 1810 5463 κόσμου

218 5480 330 5550 τὴν
360 5478 666 5531 ἀσθένειαν.
698 5479 759 5530 Εἰ
787 5478 842 5530 δὲ
869 5479 1106 5548 ἀμείνων
1141 5482 1175 5552 ἡ
1207 5482 1488 5535 δικαιοῦσα
1524 5483 1682 5554 χάρις
1714 5488 1812 5554 τῆς

220 5569 673 5638 κατακρινούσης
699 5569 936 5639 ἐντολῆς,
967 5571 1083 5635 πῶς
1106 5574 1206 5625 οὑκ
1231 5574 1522 5627 ἀκόλουθον
1544 5575 1644 5645 ἤδη
1675 5579 1811 5628 νοεῖν

219 5662 288 5714 τὸ
322 5659 597 5712 οἰκετικὸν
641 5659 956 5714 ἀναϐαίνειν
984 5664 1180 5734 μέτρον
1221 5665 1311 5718 τὸν
1354 5665 1494 5718 οὕτω
1533 5665 1811 5737 θεοπρεπῆ

318 5834 366 5862 υ
394 5831 557 5888 llebr.
601 5799 652 5896 κ’,
681 5833 771 5899 es,
803 5835 891 5891 ευ.

1921 4955 2231 5008 terrarum,
2291 4961 2396 4996 non
2447 4943 2924 4996 condenniaturns
2986 4940 3130 4992 veni.
3194 4937 3494 5007 Oportebat

1920 5037 2087 5100 enim,
2126 5035 2318 5102 inquit,
2353 5032 2567 5102 Moysen
2613 5039 2670 5082 ut
2719 5031 2978 5084 larnulum
3036 5028 3313 5088 nimirum,
3361 5042 3492 5080 con-

1915 5124 2270 5181 demnatricis
2301 5125 2436 5190 legis
2477 5121 2789 5175 ministrum
2827 5137 2972 5187 esse,
3008 5136 3092 5174 me
3134 5135 3286 5178 vero,
3308 5125 3368 5170 ut
3413 5115 3493 5171 Fi-

1916 5217 2047 5271 lium
2086 5229 2148 5268 ac
2185 5215 2376 5277 Deum,
2410 5213 2794 5267 exsecratione
2824 5211 2961 5280 legis
2993 5211 3180 5264 orbem
3221 5217 3489 5263 terrarum

1917 5307 2214 5366 vindicare,
2234 5313 2288 5358 et
2313 5303 2662 5373 benignitatis
2693 5301 3084 5371 exsuperantia
3115 5301 3492 5354 inﬁrmitatem

1919 5397 2104 5452 mundi
2136 5411 2348 5450 curare.
2377 5393 2534 5460 Quod
2572 5393 2615 5448 si
2646 5391 2958 5460 justiﬁcans
2991 5392 3166 5462 gratia
3203 5391 3382 5460 potior
3409 5399 3492 5445 est

1919 5487 2174 5540 mandato
2233 5483 2706 5545 condemnatorio,
2753 5482 2845 5551 qui
2893 5496 2998 5534 non
3055 5489 3490 5535 consentaneum

1918 5588 2002 5632 est
2043 5577 2295 5630 arbitrari
2324 5576 2574 5630 servilem
2610 5573 2985 5628 conditionem
3011 5573 3163 5626 illum
3204 5570 3488 5632 excedere,

1918 5669 2008 5739 qui
2049 5675 2370 5738 potestatem
2413 5680 2520 5739 pra:
2570 5680 2626 5719 sc
2669 5663 2770 5718 fert
2817 5663 2953 5719 adeo
2987 5663 3324 5727 divinam,et
3361 5675 3489 5731 pec-
