4222 6510
778 379 886 435 ⁸255

1809 379 1864 434 S.
1908 379 2182 434 εῑιιιιιι
2223 377 2689 433 ALEXANDRINI
2725 377 3038 432 AltClIlliP.

3933 369 4034 430 255

779 504 888 554 cati
926 499 1160 554 vinculis
1192 500 1464 552 hominem
1501 500 1734 553 liberat?
1779 499 1896 554 Una
1929 503 2041 555 lucc
2070 501 2237 570 igitur
2263 508 2347 553 est
2377 507 2418 560 Α

2377 507 2418 560 Α
2449 503 2549 568 τὴν
2595 500 2843 564 ἐξουσίαν
2889 497 3243 564 εἰσφέροντα,
3306 495 3399 546 καὶ
3445 492 3556 544 τῶν
3607 491 3706 560 τῆς
3756 492 4035 560 ἁμαρτίας

783 589 942 661 154
975 607 1075 644 nec
1117 591 1347 653 insulsa,
1383 601 1440 644 ut
1467 591 1684 659 opinor,
1716 593 2003 645 verborum
2039 593 2345 661 preposito—

781 699 900 735 rum
938 683 1093 734 ratio.
1131 682 1312 735 Altera
1342 698 1467 735 vero
1491 684 1679 736 eadem
1712 700 1848 750 pene
1875 686 2269 752 complectens,
2291 695 2345 738 et

779 773 1049 838 superiori
1075 771 1339 824 doctrinae
1366 773 1541 826 aﬂinis
1568 773 1847 826 all’eretur.
1882 773 2134 826 Salvator
2155 791 2346 828 eerne—

784 863 873 913 bat
905 860 1262 916 Nicodemum
1303 862 1556 915 Mosaicis
1581 863 1794 915 allixum
1829 865 2061 933 legibus,
2095 873 2147 916 et
2177 867 2344 917 veteri

779 953 997 1018 quidem
1034 954 1289 1007 maiidato
1321 954 1598 1007 mordicus
1629 956 1924 1015 adhaerere,
1950 964 2006 1008 et
2038 958 2103 1008 ad
2131 972 2347 1025 regene-

783 1047 1045 1095 rationem
1103 1046 1397 1111 spiritalem
1465 1047 1865 1113 quodammodo
1933 1048 2344 1110 exhorrescere,

781 1144 945 1201 atque
977 1136 1040 1186 ad
1072 1152 1262 1186 novam
1297 1147 1348 1189 ct
1381 1140 1747 1206 evangelicam
1791 1141 1953 1190 vitam
1987 1150 2224 1207 torpere,
2262 1156 2348 1192 ra-

783 1231 919 1282 tum,
953 1234 1007 1275 ut
1041 1225 1299 1278 credibile
1327 1237 1434 1292 est,
1463 1228 1604 1280 hanc
1631 1228 1895 1296 legalibus
1933 1229 2205 1282 mandatis
2230 1229 2349 1284 fore

779 1312 1163 1367 tlitliciliorem.
1183 1316 1317 1368 Cum
1349 1332 1478 1385 ergo
1501 1334 1608 1370 non
1638 1319 1938 1386 ignoraret,
1965 1328 2151 1387 utpote
2181 1319 2346 1386 Deus,

783 1402 1035 1455 timorem
1073 1420 1136 1457 cx
1181 1406 1453 1473 imperitia
1485 1407 1662 1474 ipsum
1710 1409 1998 1470 invasisse,
2033 1410 2193 1463 unica
2226 1412 2350 1464 bre-

785 1495 944 1558 vique
978 1495 1185 1548 ratione
1211 1498 1678 1564 perturbationem
1708 1500 1853 1552 illam
1892 1501 2102 1562 adimit,
2129 1514 2182 1556 et
2213 1520 2349 1572 prae-

784 1595 997 1649 reptum
1033 1586 1247 1652 quidem
1289 1587 1586 1642 Mosaicum
1615 1605 1680 1642 ex
1712 1606 1777 1643 eo
1814 1591 1959 1658 quod
2007 1594 2195 1645 orbem
2224 1609 2351 1648 con-

783 1677 1022 1740 demnat,
1067 1680 1466 1733 intolerabilius
1495 1695 1616 1732 esse
1648 1679 2012 1743 demonstrat,
2048 1698 2214 1752 seque
2251 1685 2346 1739 be—

785 1766 1066 1832 nignitatis
1102 1769 1412 1833 largitorem
1451 1769 1690 1829 exhibet,
1725 1769 1943 1823 dicens:
1989 1788 2005 1821 t
2052 1771 2169 1825 Non
2202 1776 2348 1829 enim

786 1857 936 1909 misit
982 1857 1125 1911 Deus
1179 1857 1370 1910 Filium
1413 1875 1573 1911 suum
1621 1860 1671 1910 in
1716 1861 2000 1924 mundum,
2048 1871 2104 1915 ut
2142 1864 2349 1931 judicet

785 1949 1067 2010 mundum,
1109 1950 1201 2003 Sed
1235 1958 1289 2001 ut
1317 1950 1554 2002 salvetur
1587 1953 1825 2004 mundus
1857 1968 1951 2020 per
1977 1955 2174 2020 ipsum.
2214 1975 2233 2006 ι

2445 590 2658 658 δεσμῶν
2703 590 2931 656 ἀφιέντα
2985 587 3076 637 τὸν
3131 585 3453 652 ἀνθρωπον;
3510 578 3601 642 Εἷς
3645 583 3743 648 μὲν
3800 581 3870 648 δὴ
3927 580 4033 630 τῶν

2447 679 2825 749 προκειμένων
2863 679 3082 738 οὑτοσὶ,
3129 675 3226 727 καὶ
3257 677 3356 726 ούκ
3403 672 3683 740 iurand/ag,
3731 671 3809 732 ὡς
3857 666 4032 737 οἶμαι,

2446 770 2601 836 λόγος
2626 789 2638 799 υ
2669 770 2921 838 δεύτερος
2967 769 3024 819 δὲ
3071 767 3165 818 ἐπὶ
3195 766 3370 831 τούτῳ
3419 763 3508 816 διὰ
3543 763 3651 813 τῶν
3687 762 3872 813 αὐτῶν
3909 775 4035 812 ανα-

2448 859 2819 927 κυκλτςμάτων
2872 856 3266 925 στρεφόμενος,
3312 855 3407 906 καὶ
3459 853 3695 919 συγγενῆ
3744 870 3865 912 πως
3921 854 4030 909 τοῖς

2449 954 2562 1004 ἀνω
2583 953 2681 1020 τὴν
2713 950 2946 1017 θεωρίαν
2969 949 3255 1016 εἰσφέρων,
3288 949 3350 997 ἐκ
3373 945 3699 1013 φιλομαθίας
3727 946 4026 1012 εἰρήσεται-

2462 1042 2721 1111 Ἐθεώρει
2753 1042 2844 1092 τδν
2892 1040 3200 1107 Νικόδημον
3245 1040 3273 1090 ὁ
3315 1038 3505 1106 Σωτὴρ
3554 1039 3666 1096 τοῖς
3716 1037 4029 1096 Μωσαῐκεῖς

2449 1133 2811 1202 ἐμπεπηγότα
2835 1132 3040 1200 νόμοις,
3077 1130 3294 1197 καὶτῆς
3333 1130 3432 1198 μὲν
3463 1131 3825 1198 ἀρχαιοτέρας
3863 1128 4030 1195 ἀττρξ

2449 1226 2707 1293 ἐχόμενον
2757 1224 3013 1291 ἐντολῆς,
3055 1224 3454 1290 ἀποφρίττοντα
3492 1221 3548 1272 δέ
3595 1238 3711 1282 πως
3753 1223 3889 1286 πρὸς
3935 1239 4029 1286 ττξν

2450 1318 2539 1370 διὰ
2579 1315 2899 1383 Πνεύματος
2925 1314 3305 1383 ἀναγέννησιν,
3340 1314 3436 1365 καὶ
3475 1315 3611 1382 πρὸς
3651 1315 3746 1381 τὴν
3779 1315 3902 1364 νέαν
3937 1313 4028 1364 καὶ

2451 1411 2813 1480 εύαγγελικὴν
2841 1409 3211 1462 κατοκνοῦντα
3252 1409 3551 1471 πολιτείαν,
3581 1409 3664 1473 air
3673 1407 3856 1468 θέντα,
3889 1407 4027 1456 κατὰ

2450 1505 2511 1556 τὸ
2566 1505 2747 1566 είκδς,
2791 1502 3202 1572 φορτικωτέραν
3253 1500 3471 1552 ἔσεσθαι
3518 1499 3721 1565 ταύτην
3768 1498 3875 1547 τῶν
3928 1496 4028 1562 ἤδη

2449 1594 2908 1661 διατεταγμένων.
2945 1594 3058 1645 Οὔκ
3104 1594 3378 1660 ἀγνοήσας
3420 1590 3732 1660 τοιγαροῦν,
3766 1589 3841 1648 ὡς
3873 1587 4023 1647 Θεὸς,

2451 1685 2543 1738 τὸν
2569 1686 2627 1749 ἐξ
2650 1685 2888 1753 ἀμαθίας
2919 1685 3397 1752 ἐπεισπηδήσαντα
3427 1682 3610 1750 φόϐον,
3645 1682 3721 1732 ὲνὶ
3771 1685 3862 1730 καὶ
3894 1684 4027 1729 1:9-

2451 1777 2602 1846 τόμῳ
2634 1777 2980 1847 χρησάμενος
3009 1775 3275 1844 λογισμῷ,
3315 1775 3426 1825 τῶν
3457 1775 3548 1825 ἐπὶ
3582 1773 3754 1839 τούτῳ
3785 1771 4025 1838 ϐορέεω-ι

2451 1870 2746 1939 ἐλευθεροῖ,
2775 1869 2871 1922 καὶ
2895 1868 2993 1938 τὴν
3026 1868 3122 1936 μὲν
3151 1866 3241 1918 διὰ
3273 1867 3516 1927 Μωσέως
3545 1866 3783 1931 ἐντολὴν,
3815 1863 3899 1913 δια
3936 1860 4024 1911 το]

2450 1963 2802 2028 κατακρίνειν
2828 1962 2918 2014 τὸν
2945 1958 3620 2028 κόσμον,δ·.›σαχθεστέραν
3647 1952 4028 2007 οὖσανέπιδεε-

784 2038 969 2100 κνύει,
1021 2040 1353 2111 ἡμερότητος
1402 2041 1456 2091 δὲ
1495 2040 1797 2108 βραϐευτὴν
1843 2043 2032 2093 ἑαυτὸν
2065 2045 2328 2114 εἰσφέρει,
2368 2047 2561 2117 λέγων·
2601 2070 2618 2101 ι
2650 2052 2724 2103 0;)
2758 2051 2865 2119 γὰρ
2908 2049 3227 2102 ἀπέστειλεν
3261 2047 3439 2106 όθεὸς
3471 2046 3560 2096 τὸν
3633 2045 3750 2096 ι’ξὲν
3798 2046 3871 2104 εἰς
3937 2044 4027 2091 τῖιν

788 2129 1008 2196 κόσμον,
1048 2132 1131 2181 ἵνα
1166 2131 1325 2201 κρίνῃ
1374 2131 1464 2180 τὸν
1496 2131 1722 2199 κόσμον,
1756 2133 1867 2184 ἀλλ’
1903 2134 1988 2185 ἵνα
2020 2134 2163 2204 σωθῇ
2199 2138 2226 2188 ὁ
2264 2137 2469 2208 κόσμος
2506 2140 2572 2192 δι’
2601 2140 2788 2194 αὑτοῦ.
2838 2159 2856 2191 ι

857 2219 941 2278 lii,
973 2221 1054 2270 18.
1108 2221 1210 2284 Qui
1253 2219 1413 2272 credit
1445 2222 1498 2272 in
1539 2219 1738 2274 Filium
1767 2240 1870 2276 non
1896 2226 2221 2292 judicatur:
2263 2230 2353 2295 qui

787 2321 958 2363 autem
994 2329 1094 2364 non
1125 2313 1310 2374 credit,
1343 2313 1460 2381 jam
1491 2314 1767 2382 judicatus
1805 2326 1902 2377 est,
1940 2318 2063 2384 quia
2096 2336 2199 2371 non
2237 2336 2350 2374 cre-

785 2404 922 2454 didit
959 2407 1010 2456 in
1043 2407 1250 2458 nomine
1279 2409 1535 2472 unigeniti
1572 2406 1704 2460 Filii
1736 2408 1850 2461 Dei.

860 2494 1154 2563 Postquam
1202 2497 1364 2549 rebus
1399 2498 1532 2565 ipsis
1569 2499 1818 2566 probavit
1863 2515 1921 2553 se
1955 2499 2049 2554 Dei
2077 2516 2140 2554 ac
2173 2501 2353 2557 Patris

789 2584 984 2638 Filium
1017 2590 1304 2650 exsistere,
1335 2597 1388 2642 et
1425 2589 1627 2658 Moysis
1658 2591 1963 2646 ministerio
1991 2595 2353 2662 prmstabilio-

789 2691 903 2728 rem
937 2677 1139 2729 mundo
1167 2679 1396 2747 gratiam
1434 2681 1712 2743 invehere,
1752 2681 1867 2750 (qui
1896 2683 2040 2736 enim
2069 2686 2356 2752 prwstabi-

790 2764 894 2818 lius
924 2781 1027 2818 non
1069 2775 1152 2821 est
1182 2767 1471 2835 justiﬁcari
1513 2778 1710 2838 gratia,
1746 2787 1908 2838 quant
1943 2775 2058 2840 lege
2094 2775 2357 2829 condent-

789 2861 980 2928 nari?)
1012 2863 1174 2915 aliam
1219 2865 1489 2917 rationem
1525 2866 1799 2934 excogitat
1842 2877 1897 2919 ut
1926 2865 2086 2932 Deus,
2123 2883 2229 2938 qua
2262 2869 2358 2923 de-

788 2954 1057 3008 ducantur
1107 2954 1172 3007 ad
1227 2956 1420 3021 ﬁdem,
1468 2966 1738 3027 quotquot
1790 2961 2070 3028 perierant
2117 2961 2358 3032 undique

789 3061 1127 3115 congregans
1163 3047 1229 3101 ad
1268 3049 1519 3103 salutem.
1575 3049 1835 3117 Pt'0p0nit
1881 3051 2045 3119 igitur
2075 3052 2182 3105 hoc
2217 3069 2356 3122 pra:-

790 3139 956 3192 mium
1007 3140 1270 3204 crcdenti,
1302 3141 1445 3210 quod
1481 3157 1585 3194 non
1637 3141 1915 3197 vocandus
1968 3143 2042 3196 sit
2085 3145 2151 3197 ad
2204 3145 2353 3213 judi-

790 3230 956 3294 cium,
999 3245 1105 3282 non
1143 3230 1385 3285 credenti
1439 3242 1619 3285 autem
1670 3233 2039 3302 supplicium,
2089 3235 2143 3286 in
2189 3250 2351 3288 unam

784 3321 1145 3388 eamdemque
1178 3323 1314 3376 viam
1345 3325 1601 3393 utrinque
1637 3325 1882 3388 tendens,
1921 3326 2101 3381 ethos
2133 3328 2350 3396 quidem

792 3411 1152 3476 promissione
1179 3413 1384 3482 gratiae,
1423 3415 1543 3470 illos
1567 3426 1773 3470 terrore
1795 3417 2075 3474 cruciatus
2100 3418 2168 3472 ad
2193 3416 2354 3473 iidem

791 3499 1023 3571 benigne
1061 3519 1396 3562 convocans.
1424 3506 1600 3563 Grave
1626 3517 1808 3564 autem
1845 3519 1899 3564 et
1939 3527 2195 3580 magnum
2230 3527 2356 3567 esse

790 3590 999 3644 crimen
1038 3593 1377 3651 infidelitatis
1412 3599 1672 3663 ostendit,
1707 3600 2147 3670 quandoquidem
2183 3602 2358 3661 Filius.

790 3689 874 3736 est
920 3693 1082 3751 atque
1117 3681 1466 3756 Unigenitus.
1498 3688 1715 3754 Quanto
1760 3693 1906 3746 enim
1958 3701 2180 3762 prastat
2214 3695 2349 3748 illud

789 3771 935 3837 quod
966 3775 1350 3828 contumeliam
1385 3778 1607 3846 accipit,
1639 3788 1794 3834 tanto
1821 3782 2045 3850 gravius
2068 3785 2115 3838 is
2145 3784 2238 3852 qui
2274 3785 2357 3837 in-

791 3860 919 3912 tulit
951 3863 1427 3920 condemnabitur.
1462 3866 1580 3920 Jam
1615 3886 1743 3925 vero
1786 3872 2090 3942 iudicatum
2126 3889 2248 3929 esse
2282 3877 2360 3928 ait

794 3950 1160 4019 incredulum,
1211 3967 1338 4024 puta
1377 3960 1522 4027 quod
1555 3961 1670 4030 ipse
1720 3963 1831 4031 jam
1873 3965 1925 4017 in
1963 3965 2203 4034 seipsum
2240 3982 2361 4020 sen-

792 4041 1015 4094 tentiam
1068 4044 1273 4110 tulerit,
1310 4061 1434 4100 cum
1474 4048 1577 4102 sibi
1628 4053 1885 4110 conscius
1919 4055 1994 4109 sit
2041 4055 2358 4124 repudiasse

792 4146 916 4186 cum
945 4149 1040 4203 per
1063 4150 1225 4205 quem
1261 4136 1318 4191 ﬁt
1347 4146 1404 4192 ut
1433 4154 1541 4194 non
1569 4141 2016 4201 condemnemur.

864 4305 952 4370 Ill,
987 4307 1073 4362 19.
1125 4308 1240 4364 Hoc
1286 4322 1460 4366 autem
1491 4325 1567 4369 est
1589 4317 1874 4385 judicium,
1917 4323 2042 4390 quia
2086 4326 2178 4378 tua:
2221 4326 2362 4382 venit.

792 4397 848 4450 in
883 4399 1155 4466 mundum,
1199 4412 1248 4455 et
1303 4404 1601 4461 dilexerunt
1652 4409 1884 4466 homines
1921 4414 2157 4470 tenebras
2191 4419 2358 4488 ntagis

793 4503 951 4556 quam
982 4489 1168 4546 lucem.

865 4579 980 4632 Non
1030 4583 1160 4636 sinit
1212 4584 1581 4643 indiscussum
1615 4607 1898 4649 remanere
1951 4597 2361 4654 incredulorum

801 4668 957 4739 155
981 4671 1270 4739 judicium.
1293 4677 1458 4731 Addit
1494 4696 1621 4735 vero
1654 4697 1847 4738 causas
1882 4693 1937 4740 et
1967 4698 2153 4758 aperte
2182 4700 2362 4746 osten-

795 4758 897 4823 dit,
931 4762 1100 4830 quod,
1130 4764 1283 4832 juxta
1320 4767 1449 4821 illud
1487 4768 1930 4840 Proverbiorum,
1979 4797 1997 4828 ι
2026 4777 2142 4832 Non
2173 4782 2358 4852 inique

797 4850 1098 4904 tenduntur
1129 4854 1264 4907 retia
1310 4856 1622 4916 volucribus
1655 4863 1719 4916 ".
1757 4883 1774 4915 ι
1824 4864 1925 4929 Qui
1958 4867 2125 4932 enim,
2158 4850 2357 4938 inquit,

798 4939 934 4995 lucis
974 4943 1269 5013 participes
1303 4961 1426 5002 esse
1472 4965 1596 5004 cum
1647 4955 1879 5022 possint,
1910 4957 1962 5010 in
2008 4960 2253 5015 tenebris
2279 4961 2364 5030 jag

797 5044 922 5085 cere
973 5033 1204 5100 malunt,
1253 5039 1528 5106 quomodo
1579 5057 1686 5097 non
1741 5046 1881 5098 mala
1931 5047 2034 5100 sibi
2079 5064 2358 5106 arcessere

799 5121 1113 5185 credentur,
1148 5141 1270 5179 cum
1307 5144 1401 5182 sua
1435 5143 1625 5200 sponte
1653 5151 1716 5190 ea
1746 5139 2045 5205 patiantur,
2076 5158 2198 5210 quae
2225 5143 2360 5198 cliu-

800 5227 924 5280 gere
961 5213 1164 5282 liceret,
1208 5218 1254 5272 si
1283 5225 1422 5290 :equi
1462 5238 1641 5278 rerum
1693 5229 2052 5288 :estimatores
2079 5249 2202 5289 esse
2246 5237 2360 5290 vel-

802 5302 930 5368 lent,
957 5315 1010 5358 et
1037 5308 1278 5364 tenebris
1310 5311 1484 5367 lucem
1514 5323 1676 5385 atque
1723 5318 1950 5375 honesta
1983 5325 2233 5393 turpibus
2262 5342 2360 5380 an-

804 5391 1045 5448 teferre?
1080 5395 1342 5455 Praaterea
1392 5402 1614 5459 liberam
1665 5422 1694 5460 a
1741 5391 2087 5467 necessitatis
2127 5414 2360 5469 vinculis

805 5482 1045 5540 hominis
1093 5489 1427 5547 voluntatem
1476 5499 1738 5564 servavit,
1785 5509 1840 5554 et
1885 5511 2080 5571 suopte
2131 5515 2265 5559 nutu
2304 5510 2356 5560 in

810 5585 1092 5647 utramque
1120 5587 1330 5649 partem
1366 5589 1674 5646 tendentem
1727 5601 1784 5647 ut
1811 5608 1876 5649 ex
1909 5595 2045 5652 bene
2080 5599 2215 5655 actis
2247 5599 2359 5654 lau-

873 5750 919 5781 ⁸³
964 5750 1180 5810 l’rOV-I.
1217 5753 1298 5806 Π.

2540 2232 2602 2284 '0
2645 2233 2944 2285 πιστεύων
2987 2232 3075 2295 είς
3112 2229 3218 2282 τὸν
3258 2229 3392 2281 Υἱὸι·
3430 2229 3501 2280 οὐ
3549 2227 3845 2294 κρίνεται·
3883 2231 3912 2280 ὁ
3960 2221 4027 2279 δὲ

2453 2325 2537 2390 μὴ
2577 2326 2895 2386 πιστεύων,
2933 2323 3048 2390 ἤδη
3089 2321 3365 2387 κέκριται,
3395 2320 3481 2371 ὅτι
3508 2321 3591 2388 μὴ
3629 2322 4028 2373 πεπίστευκεν

2457 2417 2542 2479 εἰς
2574 2414 2636 2466 τὸ
2665 2415 2851 2481 ὄνομα
2889 2413 2992 2466 τοῦ
3020 2411 3387 2480 μονογενοῦς
3431 2410 3564 2462 Tim}
3597 2411 3701 2462 τοῦ
3736 2413 3838 2463 Bac
3853 2411 3901 2460 ὖ.

2529 2508 2640 2574 [lia]
2652 2508 2954 2575 ροφορήσας
2987 2505 3077 2558 aut
3105 2505 3462 2573 πραγμάτων,
3487 2505 3566 2554 ὅτι
3595 2502 3687 2553 καὶ
3709 2502 3833 2562 Υἱὸς
3859 2504 4026 2569 ὑπαρ-

2455 2612 2537 2663 χει
2567 2597 2660 2652 τοῦ
2688 2595 2822 2645 θεοῦ
2856 2597 2948 2645 καὶ
2979 2593 3214 2660 Πατρδς,
3246 2592 3458 2658 καὶτῆς
3484 2589 3723 2649 Μωσέως
3751 2588 4024 2647 διακονίας

2459 2689 2889 2754 ἀξιολογωτέραν
2922 2685 3164 2752 εἰσφέρει
3193 2683 3269 2752 τῷ
3299 2683 3488 2751 κόσμῳ
3525 2683 3621 2748 τὴν
3669 2681 3858 2749 χάριν,
3889 2677 4022 2740 (πῶς

2456 2784 2564 2854 γὰρ
2584 2783 2682 2835 οὑκ
2703 2783 2926 2851 ἄμεινον
2954 2779 3045 2832 τοῦ
3071 2776 3490 2848 κατακρίνεσθαι
3517 2775 3685 2841 νόμῳ,
3715 2773 3775 2824 τι
3793 2769 4025 2824 δικαιοῦ-

2459 2874 2581 2925 σθαι
2615 2874 2798 2942 χάριτι
2823 2889 2836 2933 ;
2861 2873 2876 2939 )
2906 2871 3107 2941 τρόπον
3149 2872 3279 2938 ἡμῖν
3333 2870 3520 2938 ἓτερον
3571 2863 3867 2932 ἐπενόησεν
3891 2903 3903 2922 ,
3949 2859 4023 2921 ὡς

2459 2967 2612 3029 Θεὸς,
2642 2973 2722 3029 εἰς
2760 2965 2943 3017 πίστιν
2965 2963 3274 3029 ἐπαγωγὸν,
3306 2957 3636 3026 πανταχόθεν
3653 2957 3782 3016 τοὺς
3806 2954 4037 3017 ἀπολωοι

2457 3059 2616 3119 λότας
2648 3056 2989 3110 συνελαύνων
3033 3057 3112 3116 είς
3165 3051 3472 3121 σωτηρίαν·
3516 3047 3800 3118 προτίθησι
3849 3046 4024 3097 τοίνυν

2454 3145 2534 3216 τῷ
2565 3145 2663 3215 μὲν
2697 3144 3004 3196 πιστεύοντι
3036 3143 3202 3212 γέρας
3233 3142 3293 3193 τὸ
3321 3141 3394 3209 μὴ
3423 3137 3706 3193 καλεῖσθαι
3737 3139 3872 3205 πρὶς
3907 3136 4022 3204 κρί-

2458 3253 2564 3298 σιν,
2600 3235 2678 3305 τῷ
2724 3236 2769 3288 δ’
2806 3235 3121 3288 ἀπειθοῦντι
3161 3233 3402 3295 κόλασιν,
3459 3233 3535 3293 είς
3579 3230 3678 3298 τὴν
3723 3228 3891 3297 αὐτὴν
3932 3227 4022 3279 καὶ

2459 3328 2585 3398 μίαν
2626 3327 2692 3379 δι’
2735 3329 2939 3397 ἀμφοῖν
2979 3326 3177 3378 ὁδεύων
3218 3325 3360 3385 ὁδὸν,
3402 3322 3495 3374 καὶ
3540 3323 3665 3382 τοὺς
3717 3320 3815 3389 μὲν
3844 3317 4025 3385 ἐφέσει

2405 3409 2423 3442 θ
2456 3423 2522 3490 τῇ
2551 3421 2681 3490 περὶ
2713 3419 2812 3490 τὴν
2843 3419 3027 3491 χάριν,
3053 3419 3179 3480 τοὺς
3206 3417 3262 3468 δὲ
3292 3415 3440 3484 φόϐῳ
3462 3413 3554 3466 τοῦ
3589 3413 3801 3475 παθεῖν,
3834 3413 3925 3463 ἐπὶ
3948 3409 4025 3478 τῷ

2457 3514 2734 3566 πιστεύειν
2775 3513 2908 3564 ἱέναι
2949 3508 3319 3580 μακροθύμως
3357 3504 3659 3572 συγκαλῶν.
3692 3503 3936 3557 Χαλεπὸν
3967 3501 4022 3552 δὲ

2456 3607 2548 3659 καὶ
2585 3608 2727 3675 μέγα
2758 3605 2855 3674 τῆς
2877 3602 3133 3663 ἀπιστίας
3152 3600 3384 3653 δεικνύει
3414 3599 3473 3650 τὸ
3497 3597 3768 3666 ἔγκλημα,
3798 3595 4023 3661 ἐπείπερ

2457 3692 2604 3744 ἐστὶν
2631 3693 2758 3754 Υἱὸς
2784 3691 2879 3743 καὶ
2907 3690 3238 3757 Μονογενής.
3279 3689 3427 3755 Ὅσῳ
3469 3685 3576 3755 γὰρ
3614 3685 3678 3737 ἀν
3718 3684 4024 3748 ἀξιόπιστον

2459 3782 2693 3851 ὑπάρχοι
2725 3780 2786 3832 τὸ
2812 3778 3260 3851 παροινούμενον,
3286 3775 3537 3828 τοσοῦτον
3563 3774 3819 3843 μειζόνως
3851 3775 3929 3834 εἰς
3967 3772 4025 3823 τὸ

2458 3872 2848 3941 πλημμελῆσαι
2876 3871 3025 3924 δεινά
3068 3871 3129 3922 τὸ
3172 3868 3435 3935 ἀτιμάζον
3478 3865 4020 3934 καταδικασθήσεται.

2463 3964 2598 4032 Ἤδη
2632 3962 2689 4014 δὲ
2731 3960 3016 4032 κεκρίσθαι
3051 3961 3140 4014 τὸν
3171 3959 3502 4014 ἀπιστοῦντα
3542 3974 3722 4027 φησιν,
3763 3958 3836 4019 ὼς
3866 3956 4025 4008 αὑτὸν

2458 4055 2558 4125 ήδη
2607 4052 2725 4106 καθ’
2773 4053 2968 4106 ἑαυτοῦ
3004 4051 3099 4121 τὴν
3137 4049 3228 4102 τοῦ
3282 4048 3598 4112 κολάζεσθαι
3638 4047 3744 4099 δεῖν
3771 4046 4023 4116 ὁρίσαντα

2460 4143 2661 4214 ψῆφον,
2688 4143 2755 4196 δι’
2784 4135 2859 4196 ὧν
2905 4142 3046 4209 ἔγνω
3079 4139 3461 4210 παραιτεῖσθαι
3493 4138 3583 4194 τὸν
3615 4135 3704 4190 τοῦ
3735 4135 3808 4206 μὴ
3844 4135 4022 4206 κρίνα·

2464 4235 2586 4288 σθαι
2627 4236 2881 4306 χορηγόν.

2532 4328 2693 4395 Αὕτη
2732 4328 2800 4380 δέ
2825 4328 2995 4379 ἐστιν
3019 4325 3056 4390 ἠ
3087 4325 3304 4391 κρίσις,
3331 4321 3419 4374 ὅτι
3452 4320 3576 4388 φῶς
3605 4318 3906 4384 ἐλήλυθεν
3938 4321 4025 4378 είς

2461 4419 2568 4472 τὸν
2583 4421 2834 4487 κόσμον,
2861 4416 2959 4470 καί
2983 4413 3307 4482 ἠγάπησαν
3326 4415 3378 4464 ot
3403 4411 3692 4479 ἅνθρωποι
3715 4409 3781 4462 τὸ
3807 4411 4024 4474 σκότος

2457 4508 2721 4577 μᾶλλον,
2754 4510 2791 4576 ἢ
2827 4508 2892 4560 τὸ
2921 4507 3066 4575 φῶς.

2535 4601 2649 4655 Οὐκ
2683 4601 2953 4669 ἀζήτητον
2991 4595 3286 4666 ἀπομένειν
3316 4595 3379 4663 ἐᾷ
3421 4590 3524 4643 τῶν
3571 4589 3936 4642 ἀπειθούντων
3969 4593 4025 4641 τὸ

2467 4690 2657 4756 κρῖμα.
2709 4687 2984 4753 Ἐπιλέγει
3009 4686 3063 4737 δὲ
3093 4684 3189 4745 τὰς
3221 4683 3417 4742 αἰτίας,
3444 4679 3534 4732 καὶ
3559 4678 3788 4732 δεικνύει
3818 4679 4025 4746 σαφῶς,

2461 4778 2572 4840 ὅτι,
2609 4776 2750 4828 κατά
2780 4777 2870 4829 τὸν
2903 4773 3249 4846 Παροιμιώδη
3279 4774 3465 4839 λόγον,
3504 4791 3521 4823 ι
3560 4771 3671 4824 Οὐκ
3691 4769 3889 4830 ἀδίκως
3930 4772 4024 4821 ἐκ·

2460 4867 2694 4920 τείνεται
2727 4867 2916 4920 δίκτυα
2945 4868 3297 4937 πτερωτοῖς.»
3322 4866 3381 4917 Οί
3413 4862 3538 4932 γὰρ,
3572 4862 3686 4928 ἐξὸν
3715 4862 4026 4929 καταφωτί-

2465 4959 2671 5023 ζεσθαι,
2703 4957 2855 5029 φησὶ,
2887 4959 2948 5011 τὸ
2976 4961 3033 5010 ὲν
3067 4957 3245 5026 σκότῳ
3274 4955 3482 5007 κεῖσθαι
3520 4955 3867 5024 τιμήσαντες,
3908 4953 4028 5016 πῶς

2461 5053 2561 5104 οὐκ
2611 5051 2675 5105 ἂν
2710 5047 2820 5104 εἶεν
2851 5051 3079 5112 εἰκότως
3105 5048 3260 5102 αὐτοὶ
3302 5046 3422 5099 καθ’
3455 5045 3660 5097 ἑαυτῶν
3704 5044 3809 5096 τῶν
3839 5043 4026 5096 δεινῶν

2459 5145 2692 5214 ὁρισταὶ,
2731 5143 2826 5196 καὶ
2874 5142 3165 5211 αὐτόμολοι
3219 5139 3351 5209 πρὸς
3391 5138 3451 5190 τὸ
3487 5136 3674 5189 παθεῖν
3715 5135 3749 5188 ἀ
3785 5135 3874 5187 καὶ
3912 5133 4028 5185 δια-

2461 5235 2680 5303 φεύγειν
2728 5233 2885 5304 ὲξῆν,
2938 5235 3094 5302 εἴπερ
3142 5228 3280 5300 ἦσαν
3323 5228 3471 5299 ὀρθοὶ
3519 5229 3624 5280 τῶν
3681 5227 4026 5296 πραγμάτων

2461 5325 2783 5388 ἐξετασταὶ,
2836 5325 2895 5377 τὸ
2935 5322 3265 5391 φωτίζεσθαι
3315 5320 3514 5390 μᾶλλον
3572 5317 3772 5370 ἐθέλειν
3811 5315 3901 5367 τοῦ
3950 5316 4027 5384 μὴ

2467 5418 2709 5470 τοιούτου
2754 5416 3158 5486 προκρίνοντες,
3191 5413 3282 5464 καὶ
3319 5411 3425 5464 τῶν
3462 5408 3755 5475 ἀμεινόνων
3797 5404 4029 5474 δεύτερα

2470 5506 2738 5559 ποιεῖσθαι
2782 5505 3110 5575 μελετῶντες
3155 5505 3220 5554 τὰ
3261 5499 3533 5570 αἰσχίονας
3596 5493 3912 5563 Ἐλευθέραν
3965 5494 4024 5545 δὲ

2472 5600 2632 5654 πάλιν
2672 5597 2882 5662 τῶψέξ
2932 5597 3175 5665 ἀνάγκης
3216 5592 3427 5661 δεσμῶν
3473 5591 3565 5658 τὴν
3609 5586 3701 5640 τοῦ
3741 5585 4028 5656 ἀνθρώπου
