4222 6510
224 380 332 433 ‘25?

1330 384 1399 439 IN
1435 382 1722 440 JOANNIS
1759 382 2211 441 EVANGELIUM
2248 384 2379 440 LIB.
2421 385 2485 440 11.

3384 388 3486 443 958

227 497 519 568 διετήρησε
557 498 817 570 γνώμην,
855 501 949 554 καὶ
999 501 1191 571 ῥοπαῖς
1231 501 1461 565 οἰκείαις
1507 502 1594 554 ἐπ’
1639 501 1789 570 ἆμφο

1860 504 1880 559 ι
1911 497 2034 553 dem
2066 497 2193 568 jure
2227 500 2517 569 suscipiat,
2550 509 2604 556 et
2649 516 2714 557 ex
2762 500 3062 558 contrariis
3114 504 3486 574 punitionem.

229 588 575 656 βαδίζουσαν,
621 592 709 643 ἵνα
737 590 961 660 δέχηται
1003 592 1229 655 δικαίως
1262 592 1482 645 ἔπαινόν
1514 610 1573 645 τε
1606 592 1697 644 τὸν
1722 592 1807 644 ἐπ’

225 681 474 749 ἀγαθοῖς,
507 683 602 734 καὶ
636 681 734 751 τὴν
769 683 861 735 ἐπὶ
885 684 998 745 τοῖς
1036 683 1300 745 ἐναντίοις
1326 685 1543 736 κόλασιν
1565 700 1577 713 ·
1618 682 1807 754 ὥσπερ

225 768 323 824 οὖν
366 770 557 839 ἀμέλει
605 771 700 823 καὶ
749 771 808 823 ὲν
850 770 1058 841 ἑτέροις
1096 770 1255 823 τοῦτο
1296 771 1550 840 δέδειχεν,
1600 770 1802 823 εἰπών’

235 881 253 911 ι
304 862 428 914 Ἐὰν
463 862 676 929 θέλητε,
712 861 808 914 καὶ
842 859 1197 931 είσακούσητέ
1232 878 1355 931 μου,
1383 860 1452 913 τὰ
1490 861 1669 928 ἀγαθὰ
1705 862 1805 931 τῆς

228 957 332 1024 γῆς
363 953 601 1023 φάγεσθε
623 970 635 983 ·
671 954 765 1005 ἐὰν
798 952 854 1004 δὲ
890 952 963 1023 μὴ
1010 952 1234 1023 θέλητε,
1273 952 1405 1022 μηδέ
1451 952 1804 1023 εἰσακούσητὲ

230 1061 358 1113 μου.
398 1044 642 1114 μάχαιρα
675 1044 819 1113 ὑμᾶς
852 1042 1150 1095 κατέδεται.
1191 1060 1207 1092 ι

299 1134 426 1201 Πᾶς
460 1136 568 1204 γὰρ
601 1138 633 1188 ό
660 1134 864 1203 φαῦλα
898 1132 1193 1201 πράσσων
1227 1132 1400 1201 μισεῖ
1427 1133 1491 1186 τὸ
1523 1132 1668 1202 φῶς,
1703 1134 1801 1187 καὶ

226 1228 340 1279 οὐκ
364 1226 595 1294 ἔρχεται
626 1224 774 1293 πρὸς
800 1224 866 1277 τὸ
887 1223 1035 1293 φῶς,
1059 1224 1161 1276 ἵνα
1183 1223 1269 1293 μὴ
1290 1222 1549 1292 ἐλεγχθῇ
1572 1224 1642 1276 τὰ
1661 1224 1805 1294 ἔργα

216 1319 435 1371 κώτοῦ.

313 1408 766 1478 Ἐπεξεργάζεται
799 1406 1085 1477 χρησίμως
1116 1406 1177 1461 τὸ
1221 1408 1533 1479 εἰρημένον,
1576 1408 1668 1461 καὶ
1710 1407 1803 1461 τὸν

228 1502 320 1553 ἐπὶ
348 1504 460 1563 τοῖς
489 1501 858 1571 συμφέρουσιν
892 1500 1049 1552 ὄκνον
1088 1500 1146 1564 ἐξ
1178 1500 1398 1572 ἀγάπης
1436 1502 1566 1553 ὄντα
1593 1502 1693 1571 τῆς
1722 1504 1800 1565 είς

227 1596 288 1646 τὸ
313 1594 512 1661 φαῦλον
543 1593 774 1661 ἐλέγχει,
805 1591 900 1643 καὶ
932 1591 1088 1661 ῥίζαν
1110 1591 1304 1661 ἔχοντα
1328 1593 1388 1645 τὸ
1414 1593 1488 1662 μὴ
1518 1592 1799 1660 βούλεσθαι

230 1683 441 1750 μαθεῖν,
473 1684 537 1734 δι’
569 1675 643 1734 ὧν
676 1682 740 1733 ἂν
773 1680 981 1749 γένοιτό
1023 1698 1108 1743 τις
1148 1681 1308 1748 σοφός
1345 1698 1404 1733 τε
1436 1683 1527 1733 καὶ
1571 1666 1793 1751 ἀγαθός.

224 1775 420 1839 Φεύγει
477 1774 575 1843 μὲν
627 1773 736 1841 γὰρ
787 1774 882 1826 καί
936 1774 1318 1844 παραιτεῖται,
1367 1776 1566 1842 φησὶν,
1616 1778 1644 1827 ὁ
1690 1775 1796 1828 τῶν

224 1866 479 1936 πονηρῶν
513 1867 750 1935 ἐργάτης
780 1864 840 1917 τὸ
870 1865 927 1916 ἐν
958 1863 1098 1933 φωτὶ
1125 1864 1377 1932 γενέσθαι
1414 1865 1490 1934 τῷ
1521 1866 1667 1936 θείῳ,
1697 1866 1796 1918 οὑκ

222 1958 367 2009 ἀίδοῐ
413 1960 478 2026 τῇ
524 1956 611 2008 διὰ
649 1957 710 2008 τὺ
756 1954 957 2024 φαῦλον
990 1954 1463 2024 ἐγκαλυπτόμενος
1501 1955 1555 2027 (ἢ
1592 1956 1699 2026 γὰρ
1730 1956 1796 2009 ἂν

223 2048 404 2119 ἐσώθη
440 2048 599 2101 τοῦτο
646 2046 896 2116 παθὼν),
929 2046 1043 2099 ἀλλ’
1098 2048 1157 2100 ὲν
1211 2048 1404 2119 ἀγνοίᾳ
1467 2047 1648 2117 μένειν
1703 2046 1796 2101 τοῦ

223 2142 525 2210 πρέποντος
559 2138 820 2206 ἀγαπῶν,
865 2138 950 2192 ἵνα
983 2138 1057 2210 μὴ
1097 2137 1397 2209 πλήττηται
1440 2139 1793 2209 πλημμελῶν,

218 2234 566 2303 πικροτέροις
600 2230 700 2302 ἤδη
745 2232 861 2294 τοῖς
912 2232 1019 2284 ἀπὸ
1061 2229 1155 2284 τοῦ
1207 2232 1508 2295 συνειδότος
1554 2232 1796 2302 ἐλέγχοις

223 2323 581 2395 προσϐαλὼν,
630 2322 721 2374 καὶ
788 2322 877 2375 διά
929 2321 1023 2375 τοῦ
1071 2321 1255 2376 λοιπὸν
1304 2322 1689 2387 ἐξεπίστασθαι
1736 2325 1797 2377 τὸ

222 2416 448 2485 ἀγαθὸν,
491 2414 925 2485 δυσαχθεστέραν
963 2414 1173 2484 ὑφέξων
1221 2414 1297 2486 τῷ
1330 2416 1569 2487 κρίνοντι
1615 2418 1792 2489 δίκην,

219 2508 273 2561 εί
301 2509 376 2578 μὴ
410 2507 654 2576 βούλοιτο
684 2508 837 2579 δρᾷν,
872 2506 1013 2577 ᾶπερ
1041 2507 1107 2561 ἂν
1137 2508 1345 2579 ἀρέσκῃ
1373 2508 1512 2578 Θεῷ.

303 2598 359 2652 '0
387 2600 457 2653 δὲ
487 2600 671 2653 ποιῶν
698 2599 1021 2666 ἀιιήθειαν,
1064 2598 1206 2653 τοῦτ’
1243 2599 1427 2664 ἐστιν,
1476 2602 1504 2653 ὁ
1550 2603 1657 2655 τῶν
1698 2603 1796 2673 τῆς

219 2688 480 2758 ἀληθείας
518 2690 694 2761 ἔργων
734 2691 971 2761 ἐραστής
1014 2708 1073 2743 τε
1122 2690 1215 2743 καὶ
1260 2694 1522 2762 ποιητὴς,
1561 2694 1794 2761 ἔρχεται

225 2782 370 2849 πρὸς
399 2783 463 2834 τὸ
505 2780 649 2849 φῶς,
693 2782 793 2834 ἵνα
823 2780 1131 2850 φανερωθῇ
1166 2781 1236 2834 τὰ
1277 2782 1422 2851 ἔργα
1454 2784 1660 2849 αὑτοῦ,
1706 2785 1794 2839 ὅτι

217 2873 288 2924 ἐν
318 2867 441 2935 θεῷ
472 2870 640 2923 ἐστιν
666 2870 1040 2939 είργασμένα.

290 2963 368 3016 Οὐ
397 2962 506 3031 γὰρ
535 2965 883 3031 παραιτεῖται
912 2963 1002 3015 τὸν
1028 2965 1084 3015 ἐν
1113 2962 1382 3032 πνεύματι
1410 2967 1709 3036 φωτισμὸν,
1735 2968 1791 3034 ἐξ

218 3052 387 3107 αὐτοῦ
415 3053 479 3123 δὴ
511 3053 743 3120 μάλιστα
770 3056 904 3122 πρὸς
930 3053 991 3105 τὸ
1017 3052 1273 3108 δύνασθαι
1304 3059 1440 3109 νοεῖν
1479 3057 1795 3130 ἀσυναρπὰ-

219 3159 361 3203 cvm;
402 3142 927 3213 χειραγωγούμενος,
967 3145 1014 3194 εί
1060 3142 1131 3213 μὴ
1172 3144 1269 3214 τὴν
1309 3144 1457 3197 θείαν
1491 3147 1787 3217 ἐκϐέϐηκεν

219 3233 461 3301 ἐντολὴν,
505 3235 597 3284 καὶ
634 3234 681 3284 εί
720 3234 894 3285 πάντα
927 3234 1065 3285 κατὰ
1109 3235 1271 3303 νόμον
1305 3237 1588 3304 εἴργασται
1628 3239 1782 3291 Θεοῦ.

222 3323 379 3374 Ἔστι
406 3324 583 3373 τοίνυν
606 3321 878 3384 ἀπόδειξις
901 3322 1133 3390 ἐναργὴς
1161 3322 1257 3392 τῆς
1286 3324 1381 3392 μὲν
1406 3328 1484 3387 εἰς
1507 3328 1567 3377 τὸ
1587 3327 1788 3395 φαῦλον

214 3410 473 3479 ἀχαλίνου
510 3409 699 3479 ῥοπῆς,
731 3410 823 3462 καὶ
849 3410 1084 3481 ἀκράτου
1116 3410 1252 3480 πρὸς
1278 3411 1337 3463 τὸ
1362 3417 1541 3482 χεῖρον
1572 3415 1786 3485 ἡδονῆς,

211 3504 272 3556 τὸ
309 3501 385 3570 μὴ
413 3498 664 3561 ἐθελῆσαι
691 3502 903 3570 μαθεῖν,
935 3502 1002 3554 τὰ
1035 3503 1100 3553 δι’
1127 3495 1202 3555 ὧν
1225 3504 1287 3556 ἄν
1308 3521 1391 3566 τις
1425 3505 1607 3574 ἴσχυσε
1654 3508 1787 3577 πρὸς

214 3599 276 3645 τὸ
326 3595 550 3662 ἄμεινον
598 3592 970 3662 ἀναδραμεῖν·
1008 3593 1106 3661 τῆς
1152 3593 1207 3645 δὲ
1249 3596 1340 3647 ἐπὶ
1390 3599 1500 3659 τοῖς
1546 3598 1787 3667 ἀρίστοις

213 3680 517 3749 ἐπιθυμίας
542 3720 557 3743 ,
602 3680 662 3731 τὸ
713 3680 1041 3748 φωτίζεσθαι
1075 3680 1262 3751 διψῆν,
1303 3684 1395 3735 καὶ
1437 3684 1624 3755 ὥσπερ
1668 3685 1788 3739 τινὰ

211 3776 417 3827 κανόνα
453 3772 545 3825 καὶ
572 3771 955 3842 ἀπευθυντῆρα
986 3772 1119 3843 πρὸς
1144 3774 1240 3843 τὴν
1272 3775 1609 3845 ἀρέσκουσιν
1650 3778 1791 3829 πολι-

222 3861 496 3939 τείαν.τῷ
542 3860 679 3930 Θεῷ,
730 3860 818 3913 τὸν
873 3860 1034 3914 αὑτοῦ
1090 3864 1360 3915 ποιεῖσθαι
1415 3866 1605 3935 νόμον·
1654 3869 1790 3940 ὅπερ

213 3951 605 4015 εἰδὼςόὖτως
648 3953 814 4022 ἔχειν,
870 3953 964 4004 καὶ
1008 3953 1036 4004 ὁ
1070 3953 1351 4017 θεσπέσιος
1407 3955 1599 4023 ἔψαλλε
1646 3958 1790 4010 Μελ-

213 4045 375 4109 ῳδός·
415 4064 431 4094 ι
456 4045 512 4097 Ὀ
536 4046 697 4113 νόμος
727 4044 931 4114 Κυρίου
955 4045 1204 4115 ἄμωμος,
1226 4048 1568 4118 ἐπιστρέφων
1593 4049 1787 4118 ψυχὰς,

219 4138 253 4205 ἡ
304 4136 580 4205 μαρτυρία
626 4136 825 4205 Κυρίου
882 4136 1070 4206 πιστὴ,
1126 4138 1419 4205 σοφίζουσα
1475 4140 1679 4210 νήπια·
1723 4142 1791 4193 τὰ

209 4226 561 4295 δικαιώματα
597 4228 800 4297 Κυρίου
847 4226 1031 4290 εὐθέα,
1065 4228 1426 4296 εὐφραίνοντα
1458 4232 1711 4300 καρδίαν,
1757 4233 1788 4301 ἡ

211 4318 408 4387 ἐντολὴ
456 4319 661 4388 Κυρίου
692 4318 995 4388 τηλαυγὴς,
1044 4319 1355 4386 φωτίζουσα
1397 4320 1727 4392 ὀφθαλμούς,
1766 4344 1784 4376 ι

281 4408 396 4463 Καὶ
428 4410 580 4479 μετὰ
612 4410 797 4465 ταῦτα
835 4405 1020 4478 ἦλθεν
1051 4413 1084 4463 ό
1117 4411 1348 4477 Ἰησοῦς
1374 4416 1461 4477 είς
1491 4415 1605 4480 τὴν
1645 4418 1788 4470 Ἰου-

1907 588 2067 655 Quod
2097 590 2228 644 alibi
2259 606 2479 661 quoque
2507 592 2768 657 ostendit,
2796 595 3017 649 dicens:
3059 612 3078 647 σ
3119 593 3174 650 Si
3200 597 3483 655 ‘volueritis

1908 688 1961 735 et
1995 681 2279 736 audieritis
2320 698 2425 747 me,
2467 683 2609 738 bona
2649 693 2809 738 terra:
2852 685 3195 741 comedetis:
3245 688 3389 758 quod
3434 704 3483 743 ει

1908 771 2200 828 nolueritis
2225 789 2402 843 neque
2430 774 2789 830 exaudieritis
2821 789 2925 840 me,
2945 776 3165 845 gladius
3194 776 3482 845 devorabit

1910 876 2007 918 vos
2037 863 2101 916 ".
2137 882 2155 914 ι

1985 1122 2084 1187 111,
2120 1123 2210 1179 ‘20.
2256 1124 2444 1179 Omnis
2494 1125 2629 1178 enim
2674 1125 2763 1195 qui
2796 1126 2934 1180 male
2960 1127 3101 1197 'agit,
3145 1127 3257 1184 odit
3291 1128 3475 1195 lucem;

1904 1226 1953 1269 ct
2003 1220 2106 1269 non
2155 1216 2289 1269 venit
2342 1214 2411 1267 ad
2457 1215 2646 1279 lucem,
2704 1226 2761 1268 ut
2816 1232 2919 1270 non
2968 1228 3262 1288 arguantur
3321 1232 3478 1288 opera

1904 1309 2037 1377 ejus.

1974 1399 2193 1455 Utiliter
2235 1402 2410 1470 pergit
2451 1402 2507 1456 in
2540 1402 2886 1472 expositione
2917 1402 3038 1471 ejus
3078 1403 3223 1472 quod
3269 1403 3476 1458 dictum

1902 1502 2005 1555 est,
2036 1502 2089 1545 et
2130 1494 2181 1545 in
2226 1494 2386 1547 bonis
2418 1496 2775 1564 capessendis
2802 1496 3087 1566 segnitiem
3118 1512 3181 1550 ex
3215 1497 3478 1567 improbi—-

1902 1585 2033 1639 tatis
2095 1585 2282 1638 studio
2337 1586 2638 1654 profectam
2695 1588 2894 1656 arguit,
2953 1602 3183 1657 eamque
3239 1589 3475 1643 radicem

1904 1677 2123 1738 habere.
2174 1678 2317 1747 quod
2357 1678 2616 1732 nimirum
2654 1694 2716 1733 ea
2752 1679 2973 1734 discere
3025 1681 3185 1743 nolit,
3225 1696 3318 1749 per
3356 1695 3477 1750 qua!

1903 1768 2026 1835 quis
2060 1768 2277 1834 sapiens
2307 1767 2501 1821 evadat
2545 1783 2611 1821 ac
2645 1769 2843 1823 bonus.
2894 1766 3056 1839 Fugit
3104 1770 3251 1822 enim
3299 1777 3361 1821 ac
3392 1784 3476 1822 re-

1826 1855 1868 1910 B
1903 1860 2023 1910 nuit
2048 1857 2316 1909 malorum
2347 1855 2564 1917 artifex,
2588 1857 2785 1925 inquit,
2806 1856 2988 1909 divina
3015 1858 3067 1910 in
3091 1858 3211 1911 luce
3243 1858 3473 1920 versari,

1902 1962 2008 2000 non
2041 1947 2152 1999 vitii
2199 1946 2409 2016 pudore
2453 1947 2601 2013 (nam
2638 1947 2682 1999 si
2718 1948 2825 2001 hoc
2869 1947 2918 1999 ei
2955 1949 3318 2017 contingeret,
3357 1962 3473 2001 ser-

1900 2041 2165 2104 varetur),
2201 2037 2294 2091 sed
2337 2037 2479 2106 quod
2522 2037 2575 2089 in
2627 2036 2847 2091 virtutis
2881 2036 3221 2107 ignoratione
3250 2052 3474 2091 manere

1898 2131 2053 2195 velit,
2093 2146 2179 2190 ne,
2217 2129 2493 2197 sipeeeet,
2526 2129 2579 2181 in
2605 2128 2845 2184 acriores
2879 2129 3094 2183 demum
3123 2130 3475 2183 conscientia!

1900 2221 2157 2276 stimulos
2210 2221 2476 2283 incurrat,
2542 2229 2595 2273 et
2647 2221 2956 2289 ceguitione
3003 2220 3129 2274 boni
3196 2222 3475 2287 graviores

1898 2311 2126 2365 daturus
2159 2312 2227 2364 sit
2255 2310 2424 2380 judici
2456 2324 2667 2380 pinnas,
2703 2312 2848 2380 quod
2878 2311 3011 2364 nolit
3039 2326 3100 2365 ea
3134 2310 3313 2366 facere
3354 2326 3474 2382 qua:

1900 2401 2010 2459 Deo
2040 2410 2165 2458 sunt
2196 2403 2417 2473 placita.

1970 2610 2079 2670 Ill,
2123 2609 2212 2662 2i.
2256 2607 2359 2672 Qui
2402 2615 2577 2661 autem
2629 2606 2757 2675 facit
2806 2606 3073 2659 veritatem
3111 2604 3236 2676 (hoc
3269 2613 3349 2660 est
3379 2605 3471 2676 qui

1897 2698 2076 2769 diligit
2110 2714 2275 2769 opera
2316 2699 2585 2766 veritatis,
2626 2707 2681 2753 et
2713 2711 2777 2752 ea
2817 2695 2996 2765 facit),
3031 2698 3166 2751 venit
3198 2697 3267 2750 ad
3310 2698 3474 2750 lucent

1906 2800 1963 2844 ut
2023 2792 2435 2862 manifestenlur
2477 2807 2633 2861 opera
2684 2789 2831 2859 ejus,
2899 2791 3022 2859 quia
3084 2791 3136 2842 in
3187 2788 3292 2843 Deo
3352 2798 3474 2842 sunt

1896 2881 2060 2947 facta.

1980 2978 2094 3033 Non
2144 2982 2288 3035 enim
2351 2978 2652 3048 spiritalem
2712 2975 2922 3045 spernit
2984 2975 3471 3037 illuminationcm,

1896 3089 1992 3144 per
2020 3074 2193 3143 ipsam
2232 3086 2297 3124 eo
2342 3070 2582 3123 maxime
2632 3067 2950 3137 perductus,
3003 3074 3060 3118 ut
3111 3082 3218 3119 non
3272 3075 3473 3121 temere

1896 3164 2203 3231 intelligere
2260 3161 2454 3229 possit,
2518 3175 2648 3212 nun)
2711 3157 2956 3211 divinum
3022 3157 3345 3211 mandatum
3402 3159 3471 3211 sit

1894 3264 2341 3327 praatergressus,
2382 3262 2433 3303 et
2463 3265 2530 3303 an
2559 3252 2742 3303 omnia
2777 3250 2932 3317 juxta
2980 3247 3069 3301 Dei
3125 3250 3294 3317 legem
3350 3265 3509 3318 per-_

1889 3346 2077 3415 egerit.
2114 3341 2460 3395 Manifestum
2493 3340 2661 3408 igitur
2697 3346 3077 3407 argumentum
3112 3348 3195 3392 est
3224 3338 3468 3394 effrenati

1891 3438 1955 3489 ad
2021 3435 2234 3495 vitium,
2276 3434 2533 3499 impetus,
2588 3438 2641 3482 et
2693 3428 3117 3497 intemperantis
3182 3429 3468 3492 libidinis,

1890 3527 2103 3581 discere
2131 3525 2274 3576 nolle
2308 3537 2371 3575 ea
2404 3536 2499 3589 per
2531 3534 2651 3587 quae
2674 3518 2830 3587 156
2857 3519 2921 3571 ad
2950 3517 3227 3571 meliorem
3264 3518 3468 3587 frugem

1890 3617 2090 3672 reverti
2138 3615 2359 3685 possis:
2428 3611 2717 3681 probitatis
2748 3619 2926 3663 autem
2966 3624 3028 3661 ac
3078 3610 3322 3672 virtutis,
3374 3626 3467 3662 eu.

1892 3723 2023 3777 perc
2086 3714 2144 3759 ut
2203 3705 2343 3758 lucis
2376 3716 2603 3770 compos
2636 3699 2852 3763 evadas,
2903 3710 2953 3752 et
3011 3700 3253 3768 regulam
3302 3698 3465 3751 veluti

1890 3795 2178 3865 quamdam
2203 3800 2255 3847 ct
2278 3792 2537 3845 amussim
2566 3790 2689 3842 vita:
2714 3787 2821 3840 Deo
2854 3786 3121 3855 placentis
3141 3787 3261 3854 ejus
3290 3787 3463 3855 legem

1893 3888 2096 3942 facere.
2130 3885 2283 3951 Quod
2321 3898 2443 3936 cum
2479 3885 2550 3935 ita
2595 3897 2717 3935 esse
2746 3879 2965 3933 divinus
2994 3877 3204 3933 Psaltes
3251 3889 3461 3941 nosset,

1892 3979 2121 4034 canebat
2160 3996 2172 4030 :
2218 3994 2236 4025 ι
2297 3973 2405 4028 Lex
2451 3972 2667 4026 Domini
2706 3971 3076 4032 immaculata,
3134 3976 3458 4024 convertens

1892 4070 2154 4133 animas;
2210 4064 2582 4120 testimonium
2637 4062 2852 4114 Domini
2904 4060 3079 4122 fidele,
3134 4061 3459 4128 sapientiam

1892 4169 2158 4230 praestans
2190 4155 2449 4225 parvulis.
2473 4151 2710 4205 Justitiw
2735 4150 2945 4203 Domini
2978 4156 3157 4213 rectae,
3184 4148 3457 4201 ludifican-

1892 4262 1973 4305 tes
1999 4250 2187 4309 corda,
2234 4256 2566 4318 praeceptum
2602 4242 2815 4297 Domini
2850 4242 3111 4301 lucidum,
3142 4241 3458 4293 illuminans

1891 4344 2082 4399 oculos
2117 4341 2181 4392 ’⁵.
2226 4358 2243 4390 ι

1962 4434 2061 4494 Ill,
2100 4430 2308 4484 22-24.
2367 4427 2431 4480 Et
2474 4436 2588 4496 post
2623 4426 2730 4479 Ita’c
2758 4425 2891 4478 venit
2933 4422 3087 4476 Iesus
3125 4432 3172 4475 et
3209 4421 3457 4489 discipuli

208 4502 394 4556 δαΐαν
427 4501 543 4570 γῆν
575 4501 723 4569 μετὰ
756 4499 874 4553 ⁴τῶν
898 4499 1180 4569 μαθητῶν
1201 4502 1385 4555 αὐτοῦ
1410 4518 1422 4532 ·
1467 4501 1544 4573 ἦν
1581 4506 1649 4557 ὑὲ
1684 4509 1782 4560 καὶ

1860 4538 1861 4553 ‘
1891 4527 2003 4595 ejus
2033 4527 2083 4576 in
2110 4522 2357 4575 Judwam
2390 4529 2602 4572 terram.
2641 4516 2775 4568 Erat
2812 4524 2986 4567 autem
3016 4521 3066 4565 et
3088 4510 3321 4565 Joannes
3361 4510 3449 4564 ba-

222 4591 500 4657 ‘Iwa'rrnc
534 4589 835 4655 ,βαπτίζων
875 4591 945 4643 ἐν
982 4590 1177 4645 Λίνῶν
1206 4592 1385 4661 ἐγγὺς
1426 4596 1529 4648 τοῦ
1557 4597 1784 4666 Σαλὴμ,

207 4683 299 4735 ὅτι
337 4681 522 4735 ὕδατα
564 4682 763 4735 πολλὰ
804 4678 883 4752 ἦν
914 4682 1056 4747 ἐκεῖ,
1106 4685 1202 4738 καί
1241 4687 1658 4753 παρεγένοντο.
1689 4689 1787 4741 καί

204 4774 612 4833 ἐΰαπτίζοντο.
661 4776 835 4827 Οὔπω
871 4775 983 4843 τὰρ
1018 4770 1097 4845 ἦν
1135 4776 1512 4844 βεϐλημένος
1553 4782 1637 4844 εἰς
1674 4780 1789 4849 τὴν

204 4863 501 4932 φυλακὴν
521 4867 552 4917 o'
599 4862 889 4930 Ἰωάννης.

277 4954 465 5023 Πέρας
492 4953 589 5022 ἤδη
619 4952 889 5024 λαϐούσης
918 4954 1014 5023 τῆς
1050 4953 1184 5023 πρὸς
1215 4953 1523 5025 Νικόδημον
1545 4956 1781 5025 ὁμιλίας,

204 5044 399 5113 ἕτερόν
424 5061 474 5095 τι
508 5044 671 5096 πάλιν
703 5042 955 5114 ἐξαρτύει
991 5042 1406 5113 χρησιμώτατον
1436 5047 1463 5096 ὁ
1498 5045 1784 5109 θεσπέσιος

203 5134 618 5204 εὐαγγελιστής.
654 5134 931 5205 Πνεύματι
976 5134 1083 5205 γὰρ
1129 5134 1205 5203 τῷ
1256 5134 1385 5203 θείῳ
1415 5138 1781 5205 φωταγωγού-

206 5242 374 5295 μενος
403 5225 536 5296 πρὸς
563 5225 659 5295 τὴν
695 5227 803 5278 τῶν
831 5226 1273 5294 ἀναγκαιοτάτων
1298 5226 1572 5297 ἐξήγησιν,
1604 5233 1779 5281 συνεῖ-

199 5319 293 5371 δεν
355 5319 434 5369 ὅτι
474 5318 811 5387 λυσιτελήσει
872 5317 1074 5386 σφόδρα
1126 5317 1250 5381 τοὺς
1281 5319 1690 5389 ἐντευξομένους
1719 5321 1780 5373 τὸ

200 5411 500 5478 διαγνῶναι
530 5411 738 5481 σαφῶς,
778 5409 953 5481 πόσην
994 5410 1105 5479 ἔχει
1146 5410 1244 5479 τὴν
1291 5412 1584 5482 ὑπεροχὴν,
1623 5413 1778 5483 ἢκαὶ

200 5500 353 5559 ὅσοις
378 5499 695 5569 ὑπέρκειται
733 5501 968 5571 μέτροις,
999 5503 1073 5565 ὡς
1115 5503 1251 5571 πρὸς
1288 5505 1348 5557 τι
1390 5508 1633 5561 Ἰωάννου
1681 5511 1775 5579 βά-

202 5606 418 5647 πτισμα
470 5591 532 5641 τὸ
573 5592 660 5644 διὰ
693 5592 949 5662 Χριστοῦ.
983 5589 1090 5647 ’Ἦν
1128 5596 1235 5657 γὰο
1269 5597 1435 5661 ὄντως
1476 5600 1684 5667 ἐλπίδος
1717 5608 1777 5659 οὐ

272 5769 320 5796 ⁸⁸
348 5766 451 5820 lsa.
478 5783 514 5832 ι,
542 5767 624 5829 19,
654 5768 739 5819 20.
819 5768 863 5799 "
892 5767 1035 5823 l’sal.
1065 5785 1219 5833 xviii,
1246 5770 1297 5833 8,
1328 5772 1381 5823 9.

1886 4619 2093 4684 plizans
2149 4616 2202 4665 in
2248 4610 2613 4677 Ainonjuxta
2660 4606 2870 4667 Salim;
2912 4605 3035 4672 quia
3083 4619 3231 4672 aqua:
3276 4604 3456 4656 multa:

1887 4713 2039 4760 erant
2078 4703 2208 4764 illic,
2247 4709 2295 4752 et
2324 4699 2618 4762 veniebant,
2653 4707 2700 4749 et
2741 4693 3171 4759 baptizabantur.
3206 4691 3455 4746 Nondum

1887 4796 2024 4849 enim
2056 4795 2251 4846 missus
2283 4790 2456 4858 fuerat
2485 4786 2719 4841 Joannes
2748 4786 2799 4838 in
2822 4799 3102 4837 carcerem.

1958 4966 2138 5021 Finito
2169 4964 2376 5020 Christi
2420 4976 2543 5016 cum
2602 4956 3245 5026 Nicodemoocolloquio,
3303 4956 3450 5011 aliud

1886 5060 2146 5129 quiddam
2182 5056 2543 5111 utilissimum
2586 5054 2782 5107 iterum
2832 5050 2996 5105 struit
3030 5050 3248 5103 divinus
3289 5062 3454 5102 evan-

1886 5152 2101 5221 gelista.
2155 5148 2347 5201 Divino
2382 5147 2579 5214 quippe
2615 5143 2953 5195 illuminatus
2994 5139 3201 5207 Spiritu
3254 5138 3318 5192 ad
3364 5154 3453 5193 res

1884 5242 2224 5298 necessarias
2258 5237 2627 5309 exponendas,
2679 5234 2887 5289 sciebat
2935 5246 3131 5303 magno
3162 5231 3284 5285 usui
3338 5229 3452 5284 fore

1885 5334 2246 5394 auditoribus,
2288 5332 2331 5385 si
2367 5332 2514 5385 clare
2537 5333 2895 5397 agnoscerent
2926 5334 3129 5395 quanto
3161 5323 3449 5377 intervallo

1882 5426 2108 5481 Joannis
2169 5424 2435 5492 baptisma
2489 5421 2694 5475 Christi
2750 5420 3074 5487 baptismate
3136 5421 3443 5482 superetur.

1885 5516 2058 5569 Metus
2098 5513 2239 5567 enim
2271 5521 2391 5565 erat
2446 5510 2689 5580 profecto
2736 5524 2841 5561 non
2884 5507 3107 5568 dubius,
3138 5504 3446 5559 exorituros

1888 5608 2119 5676 aliquos,
2156 5608 2247 5674 qui
2282 5620 2389 5674 pra:
2445 5604 2640 5656 mentis
2685 5601 2869 5670 inopia
2928 5600 3110 5653 dicere
3160 5594 3443 5661 auderent,
