4222 6510
234 399 335 455 961

1296 400 1363 456 ΙΝ
1401 398 1685 456 JOANNIS
1722 399 2169 457 EVANGELIUM
2213 403 2338 459 LIB.
2384 407 2446 461 ll.

3380 415 3485 474 263

230 514 331 582 μὲν
370 511 507 567 εἶναι
573 515 795 587 βραχεῖς
840 517 1060 590 ἀριθμῷ
1096 517 1221 580 τοὺς
1280 517 1503 588 Ἰωάννῃ
1547 514 1778 585 προστρέ

1916 515 2004 580 iri,
2035 525 2212 586 eoque
2251 522 2471 578 nomine
2504 540 2562 580 sc
2591 525 2946 595 gloriaturos,
2984 529 3028 583 si
3068 529 3275 585 Cltt‘iSli
3311 533 3487 605 bapti-

227 625 442 674 κοντας,
492 609 752 681 ἀγεληδὸν
781 610 837 663 δὲ
885 609 1122 680 βαδίζειν
1171 610 1262 662 ἐπὶ
1307 607 1542 679 Χριστόν
1580 622 1592 635 °
1642 605 1809 676 ᾣοντο

227 699 339 768 γὰρ
369 701 497 763 ἴσως
526 702 659 754 πολὺ
690 702 808 754 λίαν
832 701 1188 772 ἀφραίνοντες
1210 701 1309 771 τὴν
1331 700 1422 753 ἐπὶ
1444 698 1521 768 τῷ
1548 695 1807 751 δύνασθαι

225 793 383 860 νικᾷν
428 794 845 863 ἀποκομιεῖσθαι
888 793 1087 862 ψῆφον,
1136 793 1228 846 καὶ
1275 793 1387 855 τοῖς
1436 791 1676 860 νομικοῖς
1709 804 1805 839 πε-

228 885 654 955 ριῤῥαντηρῐοις,
681 886 755 949 ὡς
790 887 891 955 ήδη
915 880 1804 957 κεκρατηκόσιν,ἀπαυθαδίζεσθαι

224 978 323 1043 τῆς
377 976 619 1029 Ἰωάννου
651 979 848 1049 χειρὸς,
886 980 944 1030 ὲν
978 979 1225 1047 ἀμείνοσι
1259 977 1378 1030 θένι
1416 993 1441 1039 ς
1471 974 1529 1027 τὸ
1551 972 1638 1025 διὰ
1664 974 1801 1044 Χρι-

227 1062 354 1115 στοῦ
386 1066 496 1128 τοῖς
529 1067 842 1135 προσιοῦσιν
877 1067 1025 1137 αύτῷ
1065 1065 1465 1138 χορηγούμενον
1499 1062 1798 1133 βάπτισμα,

1910 624 2086 664 smum
2118 611 2166 666 ei
2194 614 2288 682 qui
2324 630 2486 668 manu
2513 615 2741 673 Joannis
2782 621 3102 676 tradebatur
3124 622 3485 691 anteferrent,

1909 706 1963 753 et
1995 702 2296 757 molestiam
2330 705 2578 774 profecto
2620 719 2902 766 creaturos
2950 712 3016 767 iis
3047 714 3112 767 ad
3148 731 3287 785 quos
3322 719 3486 774 verba

1907 786 2198 846 faciebant.
2239 792 2344 848 Sed
2369 794 2665 851 discedunt
2698 802 2938 865 tandem,
2971 814 3023 856 et
3057 820 3123 858 ex
3167 806 3484 862 inconside-

1908 887 2023 932 rata
2055 881 2427 953 disputatione
2463 889 2638 942 multo
2670 890 2845 959 magis
2899 892 3027 946 victi
3078 896 3480 963 digrediuntur.

1912 969 2198 1028 Dominum
2241 977 2399 1048 158
2427 981 2628 1050 quippe
2656 985 2801 1036 velut
2834 1000 2897 1037 ex
2939 988 3265 1042 necessitate
3308 990 3485 1045 laudi-

1911 1061 2013 1117 bus
2039 1079 2327 1133 coronant,
2360 1072 2523 1124 etiam
2557 1074 2730 1127 inviti.

224 1161 321 1212 χλ),
379 1161 642 1231 λυπήσειν
694 1163 792 1233 μὲν
842 1165 1011 1229 ὅντως
1042 1165 1188 1227 τοὺς,
1220 1163 1352 1235 πρδς
1377 1162 1474 1225 οὓς
1501 1157 1570 1232 ἦν
1609 1163 1637 1214 ὁ
1671 1159 1846 1227 λόγος.
1902 1159 2361 1218 ’Λπαλλάττονται
2408 1167 2464 1220 δὲ
2524 1169 2676 1237 μόλις
2716 1172 2808 1223 ἐπὶ
2846 1190 3074 1239 τούτοις,
3140 1175 3232 1227 καὶ
3272 1177 3484 1247 ἀναχω-

226 1256 381 1325 ροῦσι
424 1258 531 1311 τῶν
601 1260 847 1315 Ἰωάννου
924 1262 1195 1331 μαθητῶν.
1260 1260 1319 1328 ἐξ
1393 1256 1803 1329 ἀπερισκέπτου
1850 1253 2184 1327 λογομαχίας
2246 1263 2380 1316 πολὺ
2443 1266 2703 1334 μειζόνως
2751 1268 3069 1338 ἡττώμενοι.
3127 1271 3483 1342 Καταστεφα-

223 1352 376 1404 νοῦσι
411 1354 519 1422 γάρ
546 1358 655 1417 τοῖς
680 1355 739 1420 ἐξ
767 1358 1011 1426 ἀνάγκης
1042 1356 1302 1419 ἐπαίνοις,
1338 1356 1433 1409 καὶ
1470 1354 1567 1423 οὐχ
1589 1353 1806 1413 ἑκόντες
1841 1349 1932 1403 τὸν
1962 1352 2184 1425 Κύριον.

306 1441 526 1505 Ῥαϐϐ),
569 1442 733 1513 ὂςῆι·
757 1450 907 1514 μετὰ
938 1448 1053 1501 σοῦ
1098 1447 1286 1516 πέραν
1324 1448 1429 1501 τοῦ
1482 1442 1798 1513 Ἰορδάνου.

220 1523 271 1595 ᾧ
309 1532 389 1583 σὺ
432 1536 925 1601 μεμαρτύρηκας,
980 1536 1069 1589 ἴδε
1127 1533 1305 1601 οὗτος
1351 1536 1660 1600 βαπτίζει,
1703 1535 1801 1587 καὶ

221 1623 447 1688 πάντες
473 1625 745 1692 ἔρχονται
786 1629 933 1695 πρὸς
976 1628 1179 1682 αὐτόν.
1245 1629 1561 1695 Ἀπεκρίθη
1599 1626 1799 1681 Ἰωάν-

218 1730 357 1779 νης,
393 1718 486 1768 καὶ
517 1714 703 1770 εἶπεν.

295 1809 418 1870 Τοῖς
446 1809 553 1861 τῶν
586 1811 890 1880 Φαρισαίων
918 1810 1094 1879 λόγοις
1141 1812 1567 1882 καταδηχθέντες
1597 1814 1646 1864 ot
1695 1830 1796 1881 μα-

1981 1442 2067 1511 ΙΙΙ,
2099 1446 2185 1500 26.
2223 1447 2411 1511 Rabbi,
2442 1453 2533 1521 qui
2578 1463 2694 1506 erat
2744 1465 2912 1508 tecum
2962 1464 3113 1508 trans
3165 1457 3479 1526 Iordanem,

1904 1539 1991 1589 cui
2024 1546 2078 1589 tu
2114 1540 2468 1594 testimonium
2500 1544 2836 1611 perhibuisti,
2867 1564 3018 1610 ecce,
3076 1548 3160 1602 hic
3215 1550 3476 1620 baptizat,

1900 1639 1950 1681 et
2002 1646 2178 1683 omnes
2236 1634 2445 1685 veniunt
2509 1635 2578 1687 ad
2622 1652 2762 1690 eum.
2805 1636 3086 1706 Respondit
3135 1640 3393 1708 Joannes,
3427 1654 3477 1700 et

1900 1720 2057 1774 dixit.

1977 1810 2267 1883 Discipuli,
2295 1814 2695 1873 Pharisaeorum
2719 1820 2882 1877 dente
2908 1824 3168 1890 lacessiti,
3192 1826 3478 1898 ipsamque

222 1900 407 1970 θηται,
434 1902 527 1954 καὶ
556 1904 636 1965 εἰς
672 1904 842 1972 αὐτὴν
881 1904 936 1956 δὲ
973 1904 1065 1958 τοῦ
1114 1906 1437 1977 πράγματος
1488 1907 1778 1976 ἀφορῶντεε

1902 1904 1979 1956 rei
2019 1916 2269 1959 naturam
2304 1909 2595 1974 intuentes,
2628 1928 2815 1966 eorum
2872 1914 3095 1984 quidem
3129 1919 3476 1975 mendacium

216 1991 320 2059 τὴν
344 1993 525 2060 φύσιν,
552 1994 911 2064 ψευδομένους
936 1998 1034 2066 μὲν
1051 1996 1293 2067 ἐλέγχειν
1311 1994 1451 2069 ἦσαν
1476 1999 1572 2069 οὐχ
1596 1994 1695 2052 οἷοί
1718 2017 1796 2064 τε,

217 2083 543 2151 διαποροῦσι
603 2085 656 2137 δὲ
707 2088 955 2152 εἰκότως,
997 2090 1092 2143 καὶ
1143 2091 1203 2142 τὸ
1250 2090 1391 2161 μέγα
1417 2091 1511 2145 τοῦ
1549 2093 1798 2163 Σωτῆῳς

216 2174 499 2243 ἡμῶνούκ
552 2177 749 2241 εἰδότες
781 2178 1021 2250 ἀξίωμα,
1064 2181 1494 2236 καταπτοοῦνται
1542 2184 1660 2237 λίαν
1707 2186 1797 2237 ἐπὶ

216 2268 333 2326 τοῖς
372 2266 619 2320 Ἰωάννου
657 2274 1132 2342 μειονεκτήμασιν,
1169 2274 1307 2327 αἰδοῖ
1336 2292 1395 2327 τε
1432 2278 1525 2328 καὶ
1561 2276 1796 2344 Θαύματι

214 2359 310 2410 τὸν
349 2357 408 2422 ἐξ
438 2360 656 2429 ἀγάπης
691 2362 1023 2432 κεράσαντες
1048 2364 1227 2432 λόγον,
1266 2366 1509 2432 ἀξιοῦσιν
1554 2369 1653 2438 ἥδη
1703 2386 1799 2437 μαι

214 2448 353 2516 θεῖν,
389 2452 509 2504 δτου
544 2452 605 2523 δὴ
652 2454 810 2524 χάριν
857 2458 886 2509 ὀ
928 2459 1047 2519 ταῖς
1081 2459 1210 2529 παρ’
1236 2458 1400 2511 αὐτοῦ
1445 2476 1797 2531 μεμαρτυρηρ

216 2540 382 2610 μένος
418 2546 623 2609 φωναῖς
666 2546 857 2614 φθάνει
896 2548 994 2617 μὲν
1028 2548 1188 2601 αὑτὸν
1218 2553 1275 2602 ἐν
1312 2551 1605 2615 εύκλείαις,
1662 2570 1795 2624 προ-

213 2630 365 2699 πηδᾷ
391 2631 447 2683 δὲ
477 2634 541 2700 τῇ
576 2634 780 2703 χάριτι,
824 2635 917 2687 καὶ
953 2638 1241 2708 σαγηνεύει
1278 2638 1553 2709 βαπτίζων
1592 2644 1650 2695 ού
1697 2643 1793 2712 μέ-

214 2738 311 2790 ρος
352 2723 447 2788 τῆς
507 2725 723 2795 ἀπάσης
776 2727 1015 2796 πληθύος
1060 2730 1380 2800 Ἰουδαϊκῆς,
1413 2733 1529 2785 ἀλλ’
1577 2734 1677 2804 ἤδη
1700 2735 1794 2787 καὶ

207 2813 447 2876 πάντας.
480 2816 789 2870 Ἐποιοῦντο
826 2819 904 2881 δὲ,
938 2821 1077 2875 κατά
1104 2822 1165 2875 τὸ
1191 2824 1355 2889 εἰκὸς,
1382 2826 1480 2878 οὐκ
1508 2826 1659 2880 ἀθεεὶ
1693 2827 1790 2898 τὴν

208 2901 442 2973 ζήτησιν
470 2921 483 2936 ο
544 2907 785 2962 καλεῖται
839 2909 947 2981 γὰρ
986 2911 1235 2967 ἐντεῦθεν
1286 2916 1313 2968 ό
1360 2915 1669 2987 Βαπτιστὴς
1713 2920 1793 2983 εἰς

206 2994 417 3065 ἀκριόἦ
477 2998 570 3050 καὶ
616 3000 835 3070 μακρὰν
885 3002 1012 3071 περὶ
1063 3001 1156 3055 τοῦ
1211 3005 1460 3076 Σωτῆρος
1510 3006 1790 3079 ἐξήγησιν,

204 3085 307 3136 καὶ
344 3086 773 3163 διαφανεστάτην
817 3091 925 3145 τῶν
980 3092 1369 3165 βαπτισμάτων
1403 3099 1646 3170 είσφέρει
1694 3101 1793 3173 τὴν

201 3174 494 3247 διαφοράν.

285 3268 371 3321 Οὐ
414 3268 660 3323 δύναται
696 3272 1007 3340 ἅνθρωπος
1055 3276 1385 3344 λαμϐάνειν
1431 3278 1632 3345 οὐδὲν,
1680 3281 1788 3336 ἐὰν

194 3356 289 3425 μὴ
328 3352 371 3427 ᾖ
392 3358 714 3429 δεδομένον
744 3363 903 3428 αὐτῷ
925 3365 991 3418 ἐκ
1009 3366 1114 3420 τοῦ
1145 3369 1424 3434 οὐρανοῦ.

278 3449 449 3502 Οὐδέν
478 3469 640 3521 φησιν
674 3454 732 3506 ἐν
759 3455 1066 3527 ἀνθρώποις
1104 3458 1327 3526 ἀγαθον,
1366 3459 1393 3513 ὃ
1441 3460 1515 3531 μὴ
1567 3462 1786 3526 πάντως

201 3534 350 3591 εἶναι
387 3542 480 3593 καὶ
508 3542 801 3597 θεόσδοτον.
851 3546 946 3598 «Τί
977 3546 1083 3616 γὰρ
1118 3546 1281 3616 ἔχεις,
1311 3549 1339 3601 ὃ
1366 3551 1466 3603 οὐκ
1492 3551 1717 3615 ἔλαϐεςς
1761 3571 1778 3603 ι

200 3632 429 3683 ἀκούειν
464 3632 529 3685 ἂν
564 3635 762 3703 πρέποι
800 3639 865 3706 τῇ
900 3638 1093 3690 κτίσει.
1127 3639 1339 3707 Χρῆναι
1380 3641 1437 3694 δὲ
1480 3639 1630 3711 οἶμαι
1670 3646 1782 3706 τοῖς

202 3718 306 3783 μὲν
340 3721 767 3791 ἀπονεμηθεῖσιν
814 3724 1099 3794 ἀρκεῖσθαι
1147 3727 1385 3799 μέτροις,
1412 3730 1507 3782 καὶ
1545 3734 1663 3792 ταῖς
1692 3733 1781 3784 ού-

199 3808 434 3875 ρανὸθεν
464 3810 846 3881 διωρισμέναις
872 3815 1165 3886 ἐφήδεσθαι
1197 3824 1403 3889 τιμαῖς,
1445 3822 1781 3875 ὲκτείνεσθαι

197 3899 259 3951 δὲ
303 3900 615 3970 περαιτέρω
658 3904 946 3975 μηδαμῶς,
985 3908 1115 3977 μηδὲ
1164 3910 1473 3980 ἀχαρίστως
1524 3915 1589 3983 τῇ
1649 3914 1781 3985 πρὸς

196 3991 261 4042 τὸ
282 3993 468 4059 μεῖζον
498 3995 583 4047 ἀεὶ
613 4000 982 4067 κεχρημένους
1023 4001 1227 4067 ἐφέσει,
1254 4004 1353 4074 τὴν
1402 4005 1607 4058 ἄνωθεν
1660 4009 1779 4059 ἀτι-

199 4080 399 4148 μάζειν
439 4081 635 4152 ψῆφον,
671 4087 764 4138 καὶ
800 4088 1137 4153 δεσποτικοῖς
1162 4093 1541 4165 ἀπομάχεσθαι
1573 4095 1774 4167 κρίμαο

195 4188 309 4233 σιν,
350 4173 489 4226 αίδοῖ
540 4176 632 4228 τοῦ
670 4178 743 4248 μὴ
797 4180 970 4242 δοκεῖν
1016 4182 1108 4234 τοῦ
1144 4184 1479 4256 τελειοτέρου
1520 4186 1577 4239 τδ
1625 4188 1774 4241 ἔλατ-

190 4281 289 4315 τον
324 4265 699 4336 ἀποφέρεσθαι
733 4288 745 4300 ·
776 4268 999 4336 ἀλλὀῗς
1031 4292 1136 4345 περ
1170 4275 1236 4328 ἂν
1264 4277 1521 4348 ἐθελήσας
1547 4281 1775 4351 τιμήσῃ,

188 4353 373 4405 ταῦτα
399 4354 461 4425 δὴ
481 4357 572 4408 καὶ
612 4357 754 4426 μάλα
783 4362 1051 4415 ποιεῖσθαι
1078 4365 1203 4435 περὶ
1226 4365 1441 4420 πολλοῦ.
1465 4367 1555 4437 Μὴ
1580 4369 1777 4437 ἀσχαλ-

189 4444 337 4497 >.έτω
389 4448 677 4517 τοιγαροῦν
724 4451 751 4501 ὁ
802 4452 962 4522 ἐμὸς,
1012 4457 1164 4524 φησι,
1210 4458 1477 4526 μαθητὴς,
1519 4463 1567 4511 εί
1612 4461 1775 4531 μὴτὸ

1901 2012 2198 2066 coarguere
2227 2016 2335 2055 non
2361 2010 2635 2072 poterant,
2658 2006 2892 2075 sedjure
2918 2008 3173 2065 dubitant
3197 2030 3211 2077 ;
3240 2028 3477 2084 cumque

1899 2090 2153 2143 eximiam
2198 2092 2343 2146 illam
2383 2095 2557 2148 nostri
2601 2094 2901 2153 Salvatoris
2968 2098 3290 2169 dignitatem
3321 2102 3476 2175 igno-

1900 2190 2041 2244 rent,
2085 2181 2437 2239 vehementer
2464 2185 2742 2241 mirantur
2771 2190 3004 2246 minoris
3034 2190 3152 2247 ﬁeri
3186 2192 3471 2260 Joannem,

1898 2280 1950 2325 et
1978 2274 2187 2342 pudore
2227 2282 2392 2344 atque
2424 2275 2793 2335 admiratione
2822 2298 3130 2339 sermonem
3166 2301 3232 2340 ex
3290 2300 3476 2342 amore

1902 2363 2203 2429 profectum
2236 2374 2622 2437 temperantes,
2662 2373 3024 2427 sciscitantur
3047 2375 3265 2429 demum
3301 2391 3472 2447 quam

1899 2454 1969 2506 ob
2000 2452 2222 2510 causam
2252 2455 2507 2513 Christus
2537 2461 2585 2514 ei
2618 2463 2791 2532 gloria
2820 2465 3137 2529 antecellat,
3162 2466 3319 2536 cujus
3342 2484 3476 2526 voce

1899 2546 2269 2601 testimonium
2301 2552 2533 2620 accepit,
2561 2553 2719 2621 eique
2744 2558 2917 2625 gratia
2948 2566 3187 2624 praestet,
3214 2573 3313 2613 nec
3344 2576 3474 2629 par-

1898 2646 2000 2689 tem
2042 2638 2218 2693 solum
2258 2640 2499 2697 Judaicte
2538 2645 2929 2711 multitudinis,
2990 2650 3083 2703 sed
3139 2664 3336 2706 omnes
3377 2652 3474 2707 ba-

1896 2729 2154 2797 ptizando
2185 2731 2252 2784 ad
2280 2747 2338 2787 se
2368 2735 2673 2803 pertraltat.
2700 2735 2836 2791 Illud
2875 2754 3040 2807 porro
3068 2756 3178 2795 non
3207 2742 3328 2797 sine
3373 2758 3474 2798 nu-

1896 2822 2060 2885 mine,
2120 2830 2180 2875 ut
2229 2824 2480 2891 videtur,
2524 2829 2897 2897 quaesierunt:
2958 2845 3293 2900 provocatur
3324 2836 3471 2890 enim

1894 2908 2021 2962 hinc
2052 2911 2297 2981 Baptista
2327 2915 2391 2968 ad
2425 2925 2675 2971 exactam
2730 2927 2785 2973 et
2816 2921 3032 2990 longam
3088 2923 3155 2977 de
3187 2921 3473 2982 Salvatore

1894 3005 2265 3058 narrationem
2289 3006 2619 3075 faciendam,
2636 3020 2687 3064 et
2708 3013 3059 3068 manifestum
3084 3014 3469 3086 baptismatum

1894 3092 2111 3146 illorum
2142 3093 2439 3151 discrimen
2468 3097 2647 3153 aﬂ‘ert.

1961 3268 2050 3330 ΙΙΙ,
2083 3271 2174 3326 27.
2217 3270 2339 3327 Non
2367 3284 2533 3340 potest
2562 3276 2715 3329 homo
2741 3280 2976 3347 accipere
3011 3282 3321 3352 quidquam,
3361 3286 3472 3341 nisi

1888 3360 2048 3427 fuerit
2077 3364 2125 3416 ei
2159 3363 2342 3416 datum
2384 3366 2447 3418 de
2474 3367 2626 3421 (telo.
3482 3430 3493 3444 ,

1958 3452 2101 3507 Nihil
2173 3457 2351 3524 inqn-t
2407 3479 2453 3510 u:
2522 3458 2839 3517 hominibus
2892 3463 3093 3519 bonum
3133 3481 3277 3532 esse,
3320 3469 3466 3538 quod

1886 3547 2046 3613 plane
2076 3560 2103 3598 a
2153 3545 2263 3601 Deo
2311 3548 2496 3602 datum
2547 3566 2657 3606 non
2699 3554 2791 3608 sit.
2837 3573 2855 3605 ‹
2894 3553 3031 3620 Quid
3081 3560 3225 3612 enim
3276 3561 3465 3629 habes,

1884 3636 2025 3702 quod
2058 3651 2165 3690 non
2213 3638 2470 3707 accepisti
2496 3640 2583 3693 '7?
2615 3662 2632 3693 ι
2676 3651 2986 3700 creaturam
3038 3648 3230 3704 audire
3283 3650 3462 3708 decet.

1881 3724 2138 3780 Arbitror
2175 3735 2355 3783 autem
2394 3746 2491 3785 sua
2522 3740 2673 3787 sorte
2716 3742 3007 3791 contentos
3046 3752 3171 3795 esse
3227 3741 3457 3810 debere,

1881 3825 1936 3870 et
1964 3817 2270 3875 honoribus
2304 3821 2522 3877 coalitus
2580 3826 2865 3881 concessis
2925 3830 3308 3899 acquiescere,
3361 3850 3465 3890 nec

1882 3909 2112 3966 ulterius
2166 3912 2464 3983 quidquam
2529 3914 2806 3982 affectare,
2858 3933 2959 3974 nec
2994 3921 3212 3992 ingrato
3263 3926 3454 3979 animo

1882 4000 2125 4054 divinum
2152 4007 2432 4073 aspernari
2462 4004 2767 4070 decretum,
2795 4009 2973 4077 majus
2997 4027 3111 4066 sem
3124 4028 3219 4083 per
3246 4016 3457 4085 aliquid

1880 4092 2192 4157 ambiendo,
2222 4102 2276 4148 et
2297 4094 2509 4150 Domini
2536 4101 3051 4168 pugnarejudiciis,
3105 4106 3253 4173 quod
3306 4122 3460 4161 asse-

1878 4183 1970 4251 qui
2001 4184 2201 4251 pudeat
2226 4188 2373 4254 quod
2414 4187 2656 4257 perfecto
2706 4192 2778 4245 sit
2825 4194 3029 4255 minus,
3065 4196 3158 4249 sed
3192 4212 3455 4265 qliazcun-

1878 4287 1984 4340 que
2014 4273 2282 4329 lionorare
2308 4277 2564 4342 voluerit,
2602 4293 2663 4333 ea
2700 4288 2848 4334 certe
2872 4282 3052 4352 magni
3084 4281 3354 4339 facienda.
3381 4286 3457 4340 Ne

1878 4365 2092 4433 angitur
2120 4369 2306 4435 itaque
2335 4384 2507 4429 meus.
2543 4371 2740 4440 inquit,
2800 4371 3131 4441 discipulus,
3187 4376 3233 4429 si
3276 4393 3454 4433 meam

1876 4467 2078 4511 sortem
2135 4476 2243 4513 non
2287 4461 2513 4523 excedo,
2571 4466 2616 4517 si
2676 4465 2940 4534 majorem
2977 4481 3086 4520 non
3145 4468 3359 4537 ignoro,
3400 4482 3453 4525 et

188 4537 329 4603 ἐμὸν
354 4536 644 4606 ὲξάλλομαι
673 4540 888 4611 μέτρον,
921 4544 968 4595 εί
997 4544 1057 4595 τὸ
1099 4545 1281 4615 μεῖζον
1310 4549 1410 4600 ούκ
1448 4549 1642 4615 ἀγνοῶ,
1682 4552 1773 4602 καὶ

1884 4549 2019 4603 intra
2051 4552 2279 4619 gloriam
2309 4553 2636 4609 humanitati
2664 4566 3058 4626 congruentem
3100 4574 3382 4617 cocrccor.

186 4628 273 4687 εἰς
304 4625 464 4691 δόξαν
494 4626 934 4702 ἁνθρωποπρεπῆ
964 4634 1344 4705 συστέλλομαι.

252 4718 435 4771 Αὐτοὶ
460 4719 623 4786 ὑμεῖς
645 4738 745 4789 μοι
774 4723 1137 4790 μαρτυρεῖτε,
1168 4722 1467 4780 dat-21.107"
1496 4728 1638 4797 Ἐγὼ
1660 4733 1769 4785 οὐκ

183 4807 305 4873 εΙμὶ
342 4806 372 4856 ό
405 4808 677 4873 Χριστὸς,
710 4800 846 4862 ἀλλ’
893 4810 979 4863 ὅτι
1012 4812 1466 4883 ἀπεσταλμένος
1502 4820 1616 4886 εἰμὶ
1670 4820 1770 4887 ἑμ-

183 4912 302 4962 ττρι
312 4897 464 4947 σθεν
486 4897 680 4950 ἐκείνο
690 4917 743 4953 υ.

262 4987 361 5048 Εἰς
386 4987 689 5057 ἀνάμνησιν
720 4990 841 5056 ἄγει
870 4992 997 5055 τοὺς
1038 4993 1232 5049 ἑαυτοῦ
1260 4996 1507 5067 μαθητάς
1554 4993 1628 5052 ὧν
1670 5001 1767 5072 ἤδη

183 5084 459 5143 πολλάκις
482 5085 747 5154 ἀκηκόασι
778 5087 972 5155 λόγων,
991 5089 1124 5159 ὁμοῦ
1150 5090 1247 5160 μὲν
1268 5091 1508 5162 ἐλέγχων
1534 5095 1764 5163 εὐφυῶς,

182 5180 265 5240 ὡς
302 5181 371 5246 τῇ
399 5177 505 5229 τῶν
530 5179 817 5249 χρησίμων
846 5181 983 5252 λήθῃ
1030 5184 1470 5255 κεκαρωμένους,
1511 5187 1602 5239 καὶ
1642 5188 1767 5258 περὶ

180 5274 289 5339 τὴν
327 5268 470 5319 οὕτω
498 5269 831 5340 σεμνοτάτην
874 5271 1220 5326 διδασκαλίαν
1271 5276 1763 5343 ἀπονυστάζοντας,

178 5361 328 5431 ὁμοῦ
364 5360 419 5413 δὲ
441 5361 741 5415 ἀναπείθων
767 5363 866 5433 τῆς
904 5364 1050 5428 θείας
1078 5367 1382 5437 μεμνῆσθαι
1408 5370 1649 5439 Γραφῆς,
1674 5371 1766 5423 ἆτε

177 5454 249 5521 δὴ
276 5455 345 5520 τῇ
379 5453 470 5503 ἐπὶ
493 5453 665 5525 τούτῳ
695 5455 1017 5528 φιλομαθείᾳ
1056 5459 1562 5529 συντεθραμμένους
1587 5478 1598 5490 ·
1648 5462 1767 5515 τίνα

181 5546 295 5615 μὲν
354 5545 569 5599 ἔσεσθαι
614 5548 873 5617 κηρύττει
932 5550 1164 5615 Χριστόν
1197 5566 1211 5581 ο
1259 5552 1379 5603 τίνα
1414 5553 1469 5605 δὲ
1508 5549 1574 5605 αὗ
1606 5554 1766 5609 πάλιν

178 5639 279 5689 τὸν
310 5641 640 5708 προκῄρυκα
688 5640 1001 5713 Βαπτιστήν
1033 5661 1043 5672 ’
1073 5643 1212 5696 οὕτω
1252 5644 1358 5715 γὰρ
1400 5644 1621 5713 ἔμελλον
1668 5648 1765 5717 τὴν

298 5816 344 5849 *τ
379 5814 395 5863 l
436 5814 559 5869 Cor.
589 5832 659 5876 IV,
692 5817 744 5869 7.

1949 4723 2038 4784 Ill,
2068 4724 2159 4779 28.
2197 4724 2310 4793 Ipsi
2335 4744 2423 4781 vos
2448 4729 2573 4781 mihi
2600 4730 2953 4782 testimonium
2976 4729 3279 4798 perhibetis,
3311 4735 3453 4801 quod

1876 4816 2145 4869 dixerim:
2188 4816 2309 4871 Non
2343 4837 2456 4872 sum
2491 4838 2583 4890 ego
2622 4819 2867 4874 Christus
2899 4839 2912 4886 ;
2952 4819 3043 4873 sed
3089 4824 3215 4889 quia
3253 4825 3449 4880 missus

1876 4924 1992 4959 sum
2030 4919 2150 4961 ante
2182 4910 2356 4962 illum.

1950 5000 2240 5070 Discipulis
2292 5002 2406 5055 suis
2456 5002 2513 5055 ﬁt
2577 5004 2896 5057 memoriam
2953 5008 3167 5063 reducit
3224 5023 3286 5063 ea
3327 5024 3448 5077 quae

1877 5109 2018 5163 saepe
2050 5094 2158 5162 jam
2193 5092 2504 5153 audierant,
2536 5095 2736 5163 partim
2768 5097 2987 5164 quidem
3022 5115 3115 5154 eos
3174 5100 3311 5156 scite
3358 5116 3446 5155 ar-

1874 5204 2067 5258 guens,
2101 5186 2258 5256 quasi
2295 5201 2481 5240 rerum
2509 5186 2724 5240 utilium
2762 5188 2924 5259 159
2955 5192 3230 5248 oblivione
3258 5208 3447 5265 grava-

1876 5292 1980 5347 tos,
2041 5290 2093 5335 et
2142 5281 2207 5334 ad
2264 5288 2374 5333 tam
2429 5295 2649 5350 gravem
2690 5280 2998 5336 doctrinam
3055 5283 3447 5349 dormitantes,

1876 5374 2070 5442 partim
2101 5362 2229 5425 vero
2256 5371 2494 5425 suadens
2530 5371 2731 5425 divinze
2773 5370 3073 5441 Scriptura:
3105 5374 3442 5434 meminisse,

1876 5464 2124 5517 homines
2161 5462 2215 5514 in
2246 5461 2365 5531 ejus
2408 5464 2593 5517 studio
2626 5463 2932 5532 prresertim
2970 5463 3250 5528 educatos,
3282 5480 3445 5535 quem

1876 5556 1969 5608 illa
2026 5555 2267 5607 futurum
2310 5553 2590 5609 Clu-istum
2651 5554 2940 5624 praedicet.
2993 5563 3047 5610 et
3101 5571 3263 5626 quem
3316 5557 3447 5610 item

1876 5659 2178 5713 praeconem
2223 5644 2544 5713 Baptistam.
2587 5644 2698 5707 _Sic
2734 5646 2881 5701 enim
2936 5656 3172 5729 utroque
3225 5646 3444 5716 cognita
