4222 6510
243 450 352 507 265

1341 441 1405 497 IN
1425 439 1714 499 JOANNIS
1752 433 2199 495 EVANGISLIUM
2246 437 2376 492 LIB.
2413 435 2473 492 II.

3418 440 3524 495 266

246 563 450 633 πρέποι
472 560 593 629 Θεῷ
612 570 625 590 ⁶
657 558 737 612 δεῖ
763 558 868 629 γὰρ
894 557 1057 612 αὐτὸν
1091 558 1190 627 μὲν
1211 558 1292 620 εἰς
1315 556 1545 627 αὔξησιν
1578 558 1829 619 εὐκλείας

1938 554 2599 622 incrementumcapere,
2632 563 2681 608 et
2741 552 3078 624 qnotidianis
3130 553 3524 609 miraculorum

247 656 409 718 ἰέναι,
444 652 537 705 καὶ
570 652 692 713 ταῖς
737 650 859 703 καθ’
888 650 1104 720 ήμέραν
1137 649 1247 700 τῶν
1296 649 1541 719 σημείων
1587 648 1830 719 προσθή-

244 764 369 808 καις
399 744 489 796 ἀεὶ
510 743 647 813 πρὸς
674 742 737 795 τὸ
764 739 949 811 μέῖζον
990 742 1296 811 άναπηδᾷν,
1324 742 1419 793 καὶ
1448 740 1832 812 λαμπρότερον

241 836 643 905 ἀναφαίνεσθαι
689 833 768 904 τῷ
806 834 998 904 κόσμῳ
1025 850 1037 863 ’
1090 834 1193 903 ἐμὲ
1219 833 1274 886 δὲ
1301 832 1657 886 ἐλαττοῦσθαι
1681 872 1695 896 ,
1736 833 1830 902 μέ-

242 945 407 982 νοντα
442 927 542 998 μὲν
571 928 630 981 ἐν
672 921 754 989 οἷς
796 926 1057 997 ὑπάρχων
1098 925 1352 997 ὁρῶμαι,
1400 926 1495 979 vi.
1542 924 1651 978 τῶν
1686 925 1833 988 ἅπαξ

241 1020 508 1073 δοθέντων
536 1017 636 1087 οὐχ
665 1014 994 1086 ὑφιζάνοντα
1020 1017 1256 1088 μέτρων,
1289 1014 1383 1070 τοῦ
1411 1016 1469 1069 δὲ
1505 1016 1644 1087 πρὸς
1660 1014 1834 1087 αὔξην

247 1110 633 1174 ἀναϐαίνοντος
664 1108 823 1179 δόξης
869 1110 986 1174 ἀεὶ,
1035 1109 1290 1163 τοσοῦτον
1325 1107 1639 1180 ἡττώμενον
1659 1149 1674 1173 ,
1708 1108 1833 1161 ὅσον

244 1202 315 1255 ἂν
345 1202 517 1273 τρέχῃ
544 1200 642 1255 καὶ
672 1201 927 1271 φέρηται.
954 1201 1065 1255 Καὶ
1092 1198 1265 1254 ταῦτα
1300 1200 1398 1271 μὲν
1434 1202 1570 1271 ἡμῖν
1599 1202 1628 1255 ὁ
1659 1200 1833 1272 μακά-

249 1308 365 1361 ριος
396 1291 749 1362 διερμηνεύει
787 1291 1123 1360 Βαπτιστήςο
1170 1289 1289 1360 ἥξει
1330 1288 1386 1343 δὲ
1425 1289 1711 1360 χρησίμως
1746 1290 1835 1342 διὰ

206 1430 209 1433 .
244 1383 709 1455 παραδειγμάτων
733 1382 762 1435 ό
788 1381 966 1450 λόγος,
992 1383 1395 1453 ἐναργεστέραν
1426 1383 1698 1454 παριστὰς
1724 1382 1833 1435 τῶν

243 1475 555 1546 εἰρημένων
609 1474 708 1545 τὴν
765 1473 1017 1543 δύναμιν·
1089 1474 1300 1543 Δίπηχυ
1366 1475 1530 1544 τυχὸν
1588 1467 1700 1527 ἐπὶ⁸
1733 1476 1834 1545 γῆς

242 1566 459 1619 ἑστάτω
491 1563 669 1631 ξύλον.
706 1563 1047 1636 Περικείσθω
1086 1564 1142 1618 δὲ
1189 1566 1283 1618 καὶ
1327 1567 1527 1633 φυτὸν,
1559 1566 1683 1638 άρτι
1734 1566 1833 1635 μὲν

242 1658 350 1727 γῆς
370 1657 741 1729 ὑπερκύπτον,
766 1657 1008 1728 χλωροὺς
1030 1656 1088 1710 δὲ
1109 1658 1387 1711 ἀνατεῖνον
1407 1658 1533 1722 τοὺς
1556 1657 1829 1729 ὄρπηκας,

242 1754 344 1807 καὶ
373 1756 472 1824 τῆς
502 1753 611 1807 ἀπὸ
640 1752 795 1824 ῥίζης
827 1752 909 1805 ἔτι
934 1752 1083 1823 ὥρας
1113 1752 1202 1804 ἀεὶ
1234 1751 1371 1822 πρὸς
1401 1750 1538 1821 ὕψος
1561 1752 1622 1805 τὸ
1647 1752 1832 1823 μεῖζον

240 1844 621 1915 ἀνωθούμενον
638 1860 651 1874 ·
677 1839 766 1914 ἆρ’
786 1838 882 1896 οὖν
907 1844 1062 1907 εἴτις
1083 1842 1331 1915 περιθείη
1358 1843 1436 1914 τῷ
1457 1842 1597 1914 ξύλῳ
1623 1844 1829 1914 φωνὴν,

240 1935 363 1992 εἶτα
398 1938 558 1991 τοῦτο
586 1936 740 2006 λέγοι
790 1936 920 2007 περί
949 1953 1009 1989 τε
1036 1934 1233 1989 ἑαυτοῦ
1264 1936 1360 1989 κα)⁸
1387 1935 1557 2004 φυτοῦ
1583 1937 1679 1990 τοῦ
1714 1938 1831 2006 γεί-

237 2049 416 2096 τονος,
451 2049 471 2083 ε
510 2029 683 2084 Τοῦτο
730 2030 811 2082 δεῖ
848 2028 1101 2094 αὐξάνειν
1128 2068 1143 2091 ,
1182 2028 1283 2097 ἐμὲ
1313 2027 1369 2080 δὲ
1402 2026 1779 2091 ἐλαττοῦσθαι,
1810 2048 1828 2080 ι

238 2126 344 2178 οὔκ
375 2124 443 2179 ἂν
490 2125 716 2187 εἰκότως
756 2125 929 2176 νοοῖτο
963 2120 1160 2192 βλάϐος
1206 2122 1306 2193 μέν
1350 2139 1402 2176 τι
1446 2122 1505 2174 ἐν
1551 2123 1665 2185 τοῖς
1711 2122 1832 2176 καθ’

239 2214 406 2268 ἑαυτὸ
437 2215 725 2283 σημαίνειν
768 2212 946 2274 οὐδὲν,
989 2212 1103 2266 ἀλλ’
1146 2212 1268 2267 οὐδὲ
1320 2214 1399 2277 εἰς
1432 2213 1731 2267 κολόόωσιν
1773 2213 1834 2266 τὸ

237 2304 396 2375 αὐτῷ
451 2306 653 2374 προσὸν
703 2304 1021 2375 οἰχήσεσθαι
1073 2304 1308 2374 μέτρον,
1361 2303 1715 2358 ἐλαττοῦσθαι
1776 2304 1833 2357 δὲ

239 2401 390 2455 κατὰ
420 2400 580 2453 τοῦτο
624 2398 784 2469 μόνον
809 2397 1239 2468 διισχυρίζεσθαι
1265 2396 1326 2449 τὸ
1350 2393 1513 2461 εἶδος,
1537 2397 1661 2451 καθ’
1687 2397 1716 2450 δ
1737 2397 1831 2451 τοῦ

240 2494 383 2564 πρὸς
416 2491 645 2561 αὔξησιν
681 2491 847 2553 ἰόντος
895 2490 981 2543 ἀεὶ
1024 2490 1084 2542 τὺ
1122 2491 1270 2559 μεῖον
1304 2488 1424 2559 έχον
1477 2490 1831 2561 εὑρίσκεται;

240 2584 529 2652 Συγγενὲς
564 2582 620 2636 δὲ
653 2581 826 2652 τούτῳ
854 2581 1000 2656 λήψῃ
1029 2581 1191 2635 πάλιν
1219 2584 1571 2655 παράδειγμα
1590 2624 1604 2647 ,
1637 2583 1731 2637 καὶ
1774 2582 1836 2635 τὸ

240 2677 352 2728 τῶν
380 2675 625 2745 ἀστέρων
668 2675 1092 2745 ἐπισημότατον,
1123 2675 1253 2744 περὶ
1282 2674 1377 2727 τοῦ
1410 2674 1566 2745 ἡλίου
1606 2674 1835 2743 λέγοντα

246 2767 401 2836 βοᾷν·
442 2783 460 2816 ι
518 2766 755 2819 Ἐκεῖνον
779 2765 861 2817 δεῖ
894 2763 1165 2828 αὐξάνειν,
1193 2764 1294 2834 ἐμὲ
1324 2764 1380 2815 δὲ
1405 2764 1779 2818 ἐλαττοῦσθαι.
1814 2783 1831 2814 ι

250 2861 401 2922 Ἕως
427 2859 525 2928 μὲν
542 2858 649 2929 γὰρ
666 2859 731 2927 τῇ
744 2859 843 2927 τῆς
864 2857 1057 2919 νυκτὸς
1076 2856 1236 2927 άχλύῖ
1254 2856 1314 2909 τὸ
1339 2855 1578 2928 αἰθέριον
1596 2874 1837 2929 καταμε-

240 2952 487 3005 λαίνεται
516 2951 698 3020 βάθος,
729 2950 939 3020 χρυσῆν
960 2950 1422 3020 ἀπαστράπτοντα
1445 2949 1537 3003 τὸν
1561 2950 1835 3020 ἑωσφόρον

238 3044 445 3113 αὐγὴν,
478 3043 572 3095 καὶ
611 3042 888 3111 ὁλοκλήρῳ
918 3040 1289 3111 διαπρέποντα
1315 3039 1461 3113 δόξῃ,
1493 3041 1827 3112 θαυμάσειεν

238 3136 311 3188 ἄν
345 3153 431 3199 τις
460 3135 683 3198 εἰκότως
702 3151 716 3165 ο
752 3132 904 3203 ἡλίου
928 3132 983 3184 δὲ
1015 3133 1259 3203 ἀνίσχειν
1283 3132 1678 3204 ἀπειλήσαντος
1703 3134 1830 3205 ἤδη,

1937 643 2355 699 accessionibus
2396 660 2616 715 semper
2651 648 2705 698 in
2738 646 2917 715 majus
2963 645 3169 708 ell'erri,
3235 654 3290 702 et
3318 648 3526 703 mundo

1937 738 2228 792 clariorem
2265 753 2552 807 apparere,
2603 753 2691 793 me
2735 747 2917 793 autem
2974 741 3173 804 minui,
3211 749 3523 798 manentem

1938 828 1992 880 in
2013 842 2122 896 quo
2150 842 2299 880 nunc
2329 841 2529 881 cernor
2572 834 2742 892 statu,
2784 843 2887 883 nec
2918 828 3063 883 infra
3128 838 3335 885 sortem
3390 830 3525 886 mihi

1936 920 2105 974 semel
2138 918 2322 974 datam
2358 919 2762 983 subsidentem,
2788 920 2885 974 illo
2914 919 2981 974 ad
3004 921 3268 990 majorem
3290 921 3524 994 gloriam

1937 1027 2156 1083 semper
2220 1024 2528 1077 crescente,
2588 1022 2747 1069 tanto
2805 1014 3105 1079 minorem,
3162 1023 3373 1084 quanto
3434 1016 3528 1071 ille

1938 1113 2263 1175 pra:curret.
2292 1106 2472 1174 Atque
2508 1105 2621 1160 haec
2649 1106 2873 1176 quidem
2920 1106 3081 1163 nobis
3118 1106 3364 1177 Baptista
3392 1107 3526 1163 bea-

1937 1206 2029 1253 tus
2055 1196 2304 1266 exponit.
2343 1196 2448 1251 Sed
2480 1198 2728 1268 esempla
2751 1212 2855 1253 nos
2883 1199 3092 1253 utiliter
3115 1199 3522 1263 adhibebimus,

1936 1290 2141 1359 quibus
2178 1286 2452 1342 dictorum
2504 1287 2614 1341 vim
2678 1295 2733 1343 et
2794 1290 3128 1344 sententiam
3174 1290 3384 1346 clarius
3453 1291 3525 1347 ob

1936 1383 2129 1437 oculos
2190 1397 2482 1451 ponamus.
2543 1380 2855 1436 Bicubitale
2926 1382 2988 1437 in
3048 1390 3248 1437 terram
3328 1383 3527 1453 ligatur

1937 1476 2143 1546 lignum
2170 1494 2181 1527 :
2213 1475 2367 1544 juxta
2405 1474 2472 1529 sit
2510 1474 2694 1545 planta
2726 1488 2925 1530 recens
2956 1480 3141 1538 enata,
3164 1488 3287 1545 quae
3315 1476 3523 1531 virides

1936 1582 2119 1623 ramos
2152 1566 2448 1637 expandat,
2483 1573 2539 1621 et
2571 1565 2751 1620 adhuc
2788 1581 2820 1620 a
2860 1566 3047 1621 radice
3079 1568 3133 1620 in
3166 1567 3516 1623 altitudinem

1936 1660 2198 1728 majorem
2234 1656 2578 1713 subvehatur
2604 1675 2617 1710 :
2649 1670 2719 1710 an
2744 1672 2890 1728 ergo
2913 1660 2962 1713 si
2996 1658 3122 1728 quis
3152 1658 3300 1728 ligno
3331 1673 3522 1713 vocem

1937 1750 2227 1813 allinxerit,
2265 1757 2381 1803 tum
2432 1748 2501 1804 de
2535 1749 2721 1820 seipso
2753 1758 2810 1804 et
2860 1748 3045 1804 vicina
3114 1750 3296 1819 planta
3342 1749 3520 1814 ‘dirat,

1943 1865 1961 1897 ι
1990 1844 2143 1899 Hanc
2185 1851 2399 1914 oportet
2430 1858 2702 1907 crescere,
2732 1858 2820 1899 me
2873 1853 3060 1898 autem
3090 1843 3287 1908 minui,
3326 1860 3345 1893 ι
3412 1859 3523 1897 non

1931 1936 2057 2007 jure
2076 1943 2398 1991 censeretur
2420 1934 2736 2005 signiﬁcare
2756 1933 2860 1989 sibi
2889 1933 3023 1987 nihil
3048 1933 3361 1989 detrimenti
3386 1934 3527 1995 fore.

1933 2028 2028 2083 sed
2047 2042 2147 2082 nec
2175 2042 2492 2082 mensuram
2521 2041 2678 2081 suam
2700 2027 3015 2081 mutilatum
3042 2026 3131 2090 iri,
3153 2026 3249 2082 sed
3272 2039 3525 2083 asserere

1934 2137 1993 2177 se
2032 2122 2202 2175 minui
2246 2124 2432 2191 specie
2464 2122 2582 2177 sola
2626 2128 2809 2187 tenus,
2857 2130 3133 2191 quatenus
3176 2121 3363 2190 planta
3396 2136 3524 2176 cre-

1933 2222 2123 2270 scente
2150 2215 2333 2269 minus
2365 2225 2583 2285 semper
2615 2229 2739 2270 esse
2776 2214 3138 2285 comperitur.
3176 2213 3319 2269 Huic
3363 2213 3525 2269 aﬂine

1932 2321 2153 2361 rursum
2187 2306 2334 2361 aliud
2367 2308 2679 2377 exemplum
2718 2306 2923 2376 capito.
2970 2305 3139 2375 Finge
3191 2306 3289 2361 tibi
3348 2322 3525 2361 unum

1934 2398 2080 2455 inter
2110 2407 2259 2454 astra
2297 2399 2699 2455 lncidissimum
2753 2400 2821 2455 dc
2856 2401 2973 2455 sole
3040 2398 3259 2455 dicere:
3304 2418 3322 2451 ι
3360 2398 3522 2455 Illum

1932 2502 2147 2564 oportet
2180 2508 2455 2559 crescere,
2486 2509 2571 2549 me
2603 2502 2786 2549 autem
2818 2492 3047 2547 minui.»
3079 2491 3335 2558 Quandiu
3372 2491 3521 2548 enim

1934 2584 2113 2639 noctis
2157 2583 2402 2639 tenebris
2432 2591 2626 2637 vastus
2659 2598 2752 2637 aer
2807 2582 3162 2645 obscuratur,
3225 2580 3519 2637 Iuciferdm

1935 2692 2102 2733 aureo
2133 2676 2344 2748 fulgore
2377 2677 2653 2730 lucentem
2706 2688 2762 2730 et
2810 2676 2959 2730 omni
3001 2690 3065 2730 ex
3106 2680 3259 2747 parte
3303 2678 3524 2746 conspi-

1932 2786 2095 2826 cuum
2121 2770 2249 2841 jure
2297 2770 2552 2825 mireris:
2588 2784 2778 2824 verum
2840 2768 2933 2823 ubi
2987 2766 3067 2824 sol
3117 2773 3298 2823 ortum
3358 2783 3523 2824 suum

1936 2861 2092 2934 161
2119 2862 2429 2926 denuntiat,
2455 2869 2509 2917 et
2536 2861 2749 2916 modica
2780 2861 2900 2917 luce
2922 2861 3188 2915 mundum
3218 2861 3527 2931 aspergit,a

1930 2954 2143 3021 majore
2171 2954 2435 3019 vincitur,
2468 2960 2524 3008 et
2549 2953 2920 3023 praestantiori
2962 2952 3169 3008 sensim
3205 2952 3404 3007 lucifer
3431 2966 3522 3007 ce-

1934 3044 2035 3109 dit,
2093 3059 2269 3115 eaque
2304 3044 2533 3100 Joannis
2588 3045 2754 3099 verba
2807 3044 2932 3115 jure
2985 3044 3359 3114 usurpaverit,
3396 3059 3523 3100 cum

1940 3136 2179 3207 idipsum
2203 3139 2350 3206 quod
2388 3138 2479 3192 ille
2508 3138 2768 3207 patiatur.

242 3229 341 3281 καὶ
372 3226 577 3298 μετρίῳ
598 3227 687 3279 τὸν
713 3225 918 3290 κόσμον
941 3227 1082 3294 φωτὶ
1106 3226 1582 3299 καταρῤαίνοντος,
1643 3229 1860 3283 νικᾶται
1940 3231 2017 3301 τῷ
2070 3231 2313 3302 μείζονι,
2366 3231 2457 3285 καὶ
2523 3233 2844 3302 παραχωρεῖ
2908 3231 3318 3286 πλεονεκτοῦντι
3381 3230 3524 3284 κατά

246 3321 445 3396 βραχύ.
481 3320 641 3389 Λέγοι
673 3320 717 3372 δ’
762 3321 829 3374 ἂν
873 3320 968 3373 καὶ
998 3320 1158 3381 αὐτὸς
1187 3320 1411 3384 εἰκότως
1448 3322 1546 3391 τὴν
1586 3322 1833 3376 Ἰωάννου
1875 3324 2081 3395 φωνὴν,
2116 3325 2249 3377 αὐτὸ
2280 3325 2345 3395 δὴ
2393 3323 2551 3376 τοῦτο
2581 3324 2790 3386 παθὼν,
2844 3324 2980 3393 ὅπερ
3021 3324 3229 3387 ἐκεῖνος
3294 3318 3524 3393 ὑπομεί-

243 3434 345 3480 νας
376 3417 557 3487 φησίν.

860 3509 1109 3564 ΚΕΦΛΛ.
1152 3509 1225 3564 Β’.

247 3601 382 3653 Ὅτι
400 3601 511 3653 οὐκ
527 3600 596 3653 ἐν
619 3598 739 3662 τοῖς
760 3599 1032 3668 γενητοῖς
1053 3599 1224 3651 ἐστιν
1244 3600 1277 3651 ὀ
1308 3598 1459 3663 Υἱὸς,
1476 3598 1613 3651 ἀλλ’
1634 3596 1834 3651 ἐπάνω

624 3669 985 3735 πάντων,ὠς
1015 3670 1160 3733 Θεὸς
1186 3668 1257 3721 ἐκ
1286 3668 1458 3723 Θεοῦ.

329 3765 396 3815 '0
421 3763 650 3816 ἄνωθεν
666 3762 1011 3831 ἐρχόμενος,
1038 3760 1238 3814 ἐπάνω
1272 3761 1515 3815 πάντων
1536 3762 1728 3814 ἐστίν.

320 3851 401 3903 Οὺ
448 3850 612 3919 μέγα,
658 3849 843 3918 φησὶν,
889 3846 1010 3899 οὐδὲ
1051 3846 1168 3900 λίαν
1202 3848 1350 3900 ὲστίν
1382 3847 1728 3915 ἀξιάγαστον,
1788 3849 1836 3899 εἰ

243 3944 348 4013 τὴν
395 3942 496 4010 τῆς
536 3940 955 4011 ἁνθρωπότητος
995 3940 1156 4004 δόξαν
1204 3941 1530 4011 ὑπερτρέχει
1579 3941 1833 4008 Χριστός·

242 4037 307 4087 οὐ
334 4033 447 4104 γάρ
472 4034 631 4103 μέχρι
658 4032 865 4085 τούτων
891 4034 1016 4096 τοὺς
1045 4033 1141 4101 τῆς
1173 4033 1306 4095 ἰδίας
1333 4031 1582 4095 εὐκλείας
1623 4034 1839 4101 ἵστησιν

242 4126 430 4194 ὅρους,
462 4124 554 4175 ἐπὶ
576 4125 757 4177 πᾶσαν
784 4123 841 4176 δέ
866 4125 979 4178 ἐστι
1003 4124 1103 4193 τὴν
1124 4125 1319 4189 κτίσιν,
1353 4123 1429 4186 ὡς
1457 4124 1611 4186 Θεὸς,
1653 4124 1838 4176 ἐπάνω

246 4218 473 4269 πάντων
502 4216 616 4268 ἐστὶ
646 4215 754 4269 τῶν
786 4217 1192 4287 πεποιημένων,
1225 4216 1324 4285 οὐχ
1351 4215 1427 4279 ὡς
1458 4218 1518 4268 ὲν
1537 4217 1670 4268 πᾶσι
1702 4232 1834 4268 κατ-

244 4306 678 4378 αριθμούμενος,
738 4308 855 4361 ἀλλ’
884 4309 960 4370 ὡς
990 4310 1083 4361 καὶ
1105 4308 1321 4362 πάντων
1344 4307 1677 4379 ἐξῃρημένος
1697 4348 1709 4367 ,
1744 4306 1840 4359 καὶ

244 4404 364 4459 τοῖς
400 4401 532 4453 πᾶσι
573 4400 892 4470 θεοπρεπῶς
923 4401 1309 4471 ἐποχούμενος.
1356 4400 1627 4468 Ἐπιλέγει
1656 4399 1713 4452 δὲ
1742 4399 1840 4469 τὴν

245 4491 459 4555 αἰτίαν,
484 4492 574 4544 τὸν
604 4491 972 4546 ἀντιτείνοντα
1005 4492 1297 4556 δυσωπῶν,
1331 4494 1425 4546 καὶ
1453 4491 1840 4559 κατασιγάζων

246 4585 347 4637 τὺν
390 4582 801 4654 ἀνθιστάμενον.
854 4602 874 4635 ι
930 4585 988 4638 'O
1014 4583 1222 4638 ἀνωθεν
1281 4585 1593 4655 ἐρχόμενος,
1620 4604 1638 4636 ι
1684 4585 1838 4655 φησὶ,

246 4674 403 4727 τοῦτ’
448 4673 629 4741 ἔστιν,
681 4678 711 4728 ὁ
751 4675 854 4745 τῆς
895 4676 1103 4729 ἀνωθεν
1151 4676 1305 4749 ῥίζης
1352 4676 1700 4745 ὲκπεφυκὼς,
1742 4676 1841 4746 τὴν

250 4763 520 4834 πατρῴαν
550 4764 633 4832 ἐφ’
676 4762 854 4833 ἐαυτῷ
887 4764 1134 4833 φυσικῶς
1161 4764 1462 4828 ἀποσώζων
1496 4766 1748 4833 εὐφυΐαν,
1780 4765 1842 4818 τὸ

2605 3500 2757 3556 CAP.
2801 3496 2864 3555 ll.

1940 3594 2095 3662 Quod
2141 3594 2197 3648 in
2240 3603 2610 3647 creaturarum
2664 3609 2879 3647 numero
2927 3594 3145 3664 uouisit
3192 3592 3392 3664 Filius,
3433 3602 3526 3654 sed

2296 3680 2455 3733 supra
2476 3680 2674 3728 omnes,
2695 3674 2753 3717 ut
2773 3664 2916 3718 Deus
2947 3664 3012 3718 de
3041 3663 3169 3720 Deo.

2009 3756 2098 3821 III,
2124 3758 2212 3813 51.
2246 3757 2348 3823 Qui
2375 3758 2653 3812 desursum
2683 3759 2841 3821 venit,
2876 3774 3035 3827 super
3060 3775 3239 3813 omnes
3267 3769 3367 3815 est.

2012 3848 2158 3903 Nihil
2189 3849 2369 3919 magni
2411 3858 2517 3914 est,
2549 3860 2645 3902 aut
2676 3849 2905 3902 multum
2937 3850 3217 3920 stupendi,
3243 3850 3441 3921 inquit,
3473 3850 3523 3906 si

1943 3939 2302 3995 humanitatis
2353 3940 2579 4009 gloriam
2632 3938 2888 3995 Christus
2935 3941 3169 3996 excedit.
3207 3940 3325 3996 Non
3375 3943 3524 3999 enim

1942 4040 2171 4086 eatenus
2207 4031 2327 4099 ejus
2356 4032 2530 4101 gloria
2574 4032 2922 4096 terminatur,
2954 4033 3047 4087 sed
3089 4048 3255 4104 supra
3297 4036 3521 4091 univer-

1941 4138 2058 4177 sam
2116 4128 2426 4176 creaturam
2482 4130 2589 4185 est,
2639 4131 2700 4175 ut
2752 4120 2919 4188 Deus,
2977 4137 3141 4192 supra
3191 4138 3280 4178 res
3331 4139 3524 4181 omnes

1941 4223 2174 4276 creatas,
2200 4228 2307 4268 non
2351 4224 2410 4267 ut
2436 4214 2491 4267 in
2519 4213 2763 4267 omnium
2794 4228 3026 4268 numero
3071 4216 3524 4284 comprehensus,

1941 4308 2033 4363 scd
2066 4314 2123 4360 ut
2160 4306 2228 4359 ab
2260 4305 2518 4361 omnibus
2548 4312 2858 4375 exemptus,
2891 4313 2945 4360 et
2970 4306 3153 4359 divina
3189 4307 3404 4362 ratione
3433 4321 3525 4363 se-

1943 4400 2079 4455 dens
2118 4412 2282 4467 supra
2315 4398 2593 4453 universa.
2639 4397 2872 4452 Causam
2907 4397 3113 4463 subdit,
3145 4413 3253 4467 qua
3286 4398 3528 4453 confun-

1942 4494 2023 4547 dit
2050 4492 2447 4555 adversarium,
2489 4498 2543 4546 et
2580 4490 2648 4545 ad
2693 4489 2973 4545 silentium
3004 4490 3191 4561 adigit.
3227 4508 3246 4542 ι
3280 4489 3383 4557 Qui
3429 4490 3527 4545 de-

1945 4600 2165 4641 sursum
2216 4584 2387 4649 venit,
2433 4602 2452 4635 ι
2493 4584 2697 4651 inquit,
2743 4583 2847 4637 hoc
2885 4590 2991 4648 est,
3028 4584 3123 4653 qui
3166 4583 3234 4639 de
3289 4599 3529 4654 superna

1944 4674 2129 4727 radice
2169 4671 2394 4743 prodiit,
2418 4681 2704 4743 paternam
2734 4672 2788 4726 in
2814 4672 2999 4741 seipso
3030 4673 3357 4728 naturaliter
3393 4688 3528 4729 con-

1946 4779 2175 4821 servans
2240 4764 2614 4828 nobilitatem,
2664 4779 2829 4834 supra
2899 4780 3092 4820 omnes
3160 4768 3267 4821 erit
3334 4770 3529 4838 procul

249 4856 446 4909 ἐπάνω
479 4858 696 4911 πάντων
728 4856 994 4927 ὑπάρχειν
1013 4856 1462 4927 ὁμολογουμένως
1489 4861 1835 4929 κεκτήσεταιο

1945 4858 2134 4911 duhio.
2172 4856 2280 4912 Nec
2312 4858 2457 4912 enim
2503 4858 2616 4911 fieri
2660 4873 2891 4926 usquam
2946 4868 3121 4926 potest
3152 4869 3209 4913 ut
3246 4876 3355 4915 non
3405 4864 3531 4916 talis

248 4944 324 5018 ἧν
355 4947 465 5018 γὰρ
497 4947 561 5018 δὴ
591 4948 687 5001 καὶ
719 4949 1024 5019 ἀμήχανον,
1069 4950 1144 5020 μὴ
1187 4950 1307 5020 οὐχὶ
1349 4950 1568 5013 πάντως
1599 4949 1841 5003 τοιοῦτον

252 5041 492 5112 δρᾶσθαι
513 5041 605 5093 τὸν
629 5040 777 5106 Υίὺν,
813 5041 995 5105 ὁποῖός
1024 5060 1130 5113 περ
1160 5042 1240 5110 ἂν⁸
1260 5045 1433 5096 νοοῖτο
1462 5043 1555 5096 καὶ
1586 5043 1725 5097 κατὰ
1747 5045 1845 5114 τὴν

252 5134 424 5199 ἀξίαν
452 5135 480 5185 ό
514 5134 781 5203 γεννήσας
822 5134 1002 5186 αὐτόν.
1056 5134 1113 5186 '0
1153 5134 1262 5205 γάρ
1307 5138 1372 5205 τῇ
1421 5136 1709 5205 ταυτότητι
1746 5135 1845 5204 τῆς

254 5225 482 5293 φύσεως
525 5225 841 5295 διαπρέπων
879 5226 1031 5288 Υἱὸς.
1069 5227 1130 5279 τὸ
1171 5227 1513 5298 ἀπαύγασμα
1558 5222 1651 5281 καὶ
1682 5230 1710 5281 ὁ
1750 5244 1847 5299 χα-

260 5319 483 5391 ρακτὴρ
511 5318 604 5371 τοῦ
636 5318 869 5389 Πατρδς,
904 5318 1023 5381 πῶς
1049 5319 1116 5373 ἂν
1147 5320 1357 5387 γένοιτο
1383 5321 1526 5373 κατά
1561 5322 1657 5391 τὴν
1688 5319 1846 5387 δόξαν

256 5412 506 5465 ἐλάττων
546 5411 748 5475 aurai};
780 5412 850 5463 Ἤ
881 5412 989 5482 γάρ
1036 5413 1136 5464 οὐκ
1166 5414 1223 5463 ἐν
1256 5414 1360 5483 fit?)
1406 5412 1468 5465 τὸ
1499 5412 1591 5465 τοῦ
1634 5413 1848 5484 [ἰατρὸς

259 5505 399 5557 ἴδιον
420 5504 871 5577 ἀτιμασθήσεται,
899 5504 992 5559 καὶ
1032 5504 1123 5557 τὸν
1151 5505 1245 5559 τοῦ
1270 5506 1524 5567 τεκόντος
1553 5505 1851 5576 ὐδριοῠμεν

258 5597 610 5669 χαρακτῆρα,
638 5600 697 5650 ὲν
719 5597 963 5651 ἐλάττοσι
988 5597 1228 5663 τιθέντες
1253 5600 1447 5666 αὑτόν;
1486 5598 1647 5663 ⁹Αλλ’,
1673 5596 1852 5669 οἶμαι,

255 5692 435 5743 πᾶσιν
468 5690 620 5742 ἔσται
647 5689 804 5743 τοῦτο
832 5691 1143 5761 καταφανές
1173 5708 1184 5720 ’
1216 5692 1302 5745 διά
1330 5710 1408 5744 τοι
1440 5692 1596 5745 τοῦτο
1641 5694 1736 5745 καὶ
1764 5693 1856 5759 γέ-

252 5797 531 5854 γραπται·
562 5799 580 5832 ι
596 5782 714 5835 Ἲνα
735 5783 932 5848 πάντες
948 5783 1148 5854 τιμῶσι
1162 5785 1252 5837 τὸν
1280 5785 1425 5849 Υἱὸν,
1444 5786 1623 5850 καθὼς
1647 5784 1849 5856 τιμῶσι

332 5895 381 5927 ⁸⁸⁵
411 5894 571 5949 Joan.
603 5913 655 5956 v.
682 5896 777 5952 ‘25.

594 5990 863 6050 PATROL.
909 5991 1021 6049 Gtt.
1068 5991 1322 6050 LXXIII.

1943 4958 2208 5021 appareat
2253 4948 2445 5016 Filius,
2487 4950 2665 5018 qualis
2709 4959 2965 5004 censetur
3003 4967 3147 5013 esse,
3182 4952 3345 5022 idque
3406 4952 3532 5023 jure

1943 5043 2161 5105 merito,
2190 5042 2282 5110 qui
2316 5042 2495 5111 ipsum
2521 5042 2731 5111 genuit.
2766 5037 2940 5099 Filius
2974 5046 3176 5115 quippe
3204 5045 3294 5099 ille
3327 5045 3531 5105 identi-

1944 5146 2053 5192 tate
2124 5146 2332 5189 natura:
2395 5135 2750 5203 conspicuus,
2815 5135 3075 5204 splendor
3135 5145 3189 5190 ct
3243 5136 3534 5192 character

1944 5227 2149 5289 Patris,
2170 5225 2448 5296 quomodo
2482 5224 2655 5295 gloria
2686 5225 2865 5279 minor
2901 5224 3101 5280 fuerit?
3134 5226 3215 5281 An
3242 5244 3350 5283 non
3384 5228 3533 5284 enim

1946 5321 2000 5373 in
2052 5318 2190 5372 Filio
2236 5317 2417 5373 Patris
2472 5321 2780 5388 proprietas
2819 5318 3264 5381 dedecorabitur,
3304 5329 3360 5374 et
3400 5321 3535 5377 cha-

1949 5410 2147 5466 racteri
2174 5410 2440 5481 genitoris
2478 5411 2741 5479 injuriam
2773 5410 3067 5475 faciemus,
3097 5412 3140 5465 si
3194 5426 3322 5466 eum
3357 5414 3537 5467 mino-

1950 5520 2065 5559 rem
2098 5504 2444 5558 statuamus?
2474 5504 2541 5556 At
2570 5503 2796 5565 nemini,
2834 5512 2893 5556 ut
2953 5518 3097 5567 reor,
3127 5503 3354 5557 dubium
3387 5504 3534 5559 istud

1952 5603 2055 5651 cst.
2106 5592 2312 5649 Idcirco
2368 5594 2633 5663 scriptum
2703 5609 2925 5663 quoque
2982 5603 3065 5649 est
3111 5613 3124 5647 :
3172 5614 3188 5644 ι
3229 5592 3298 5647 Ut
3342 5610 3537 5650 omnes

1953 5689 2315 5745 lionoriiiirent
2342 5688 2723 5752 Filium,sicut
2754 5689 3120 5744 honoriﬁcaut
3153 5689 3406 5753 I‘atrem;
3443 5693 3535 5758 qui

1961 5800 2067 5841 non
2096 5782 2420 5839 honoriﬁcat
2448 5781 2671 5850 Filium,
2693 5797 2803 5837 non
2834 5783 3159 5838 honoriiirat
3194 5780 3485 5836 Patrem").
3516 5801 3533 5831 ι

3023 5998 3053 6050 II
