4222 6510
766 450 869 506 267

1763 442 1819 496 S.
1862 442 2141 498 CYlllLLl
2181 441 2652 499 ALEXANDRINI
2689 442 3013 498 ARCHIEP.

3926 441 4034 496 268

764 559 871 631 Qui
898 571 1080 616 autem
1114 560 1413 630 aequalibus
1441 558 1746 613 bouoribus
1774 572 1901 611 eum
1933 558 2044 613 Deo
2081 573 2145 612 ac
2178 558 2339 615 Patre

2454 560 2531 614 τὸν
2561 560 2779 629 Πατέρα
2809 574 2826 591 ⁸
2858 560 2887 612 6
2912 558 2991 628 μὴ
3011 558 3188 628 τιμῶν
3234 559 3324 612 τὸν
3359 557 3507 621 Υίδν,
3543 556 3664 609 οὑδὲ
3696 558 3787 610 τὸν
3812 558 4034 630 Πατέρα

764 655 1053 726 gloriatur,
1084 659 1372 721 propterea
1424 648 1571 719 quod
1614 664 1681 702 ex
1735 650 1857 719 ipso
1904 658 1991 704 est
2040 649 2344 704 secundum

764 756 1042 811 naturam,
1086 742 1361 813 quomodo
1396 757 1505 797 non
1547 742 1867 796 censebitur
1897 740 2114 797 demum
2159 755 2344 795 rerum

766 846 1080 893 creatarum
1112 834 1378 890 excedere
1411 832 1822 890 substantiam?
1854 833 1956 886 boe
1998 832 2142 886 enim
2180 833 2348 901 signi-

768 929 932 983 ﬁcant
977 928 1072 981 illa
1133 928 1322 991 verba,
1386 946 1404 977 ι
1451 940 1615 995 super
1668 940 1863 980 omnes
1922 933 2025 979 est.
2069 944 2086 975 ι
2146 922 2347 979 Verum

765 1022 945 1079 sentio
995 1035 1194 1075 rursus
1239 1020 1461 1074 minime
1514 1020 1799 1087 quieturos
1848 1014 2053 1071 Christi
2105 1016 2346 1070 hostium

766 1114 1004 1178 animos,
1036 1112 1129 1168 sed
1158 1126 1251 1166 ore
1274 1110 1492 1180 procaci
1518 1118 1572 1164 et
1598 1108 1861 1165 eﬂrenato
1888 1109 2134 1165 dicturos
2163 1125 2177 1163 :
2211 1110 2349 1165 Cum

768 1206 961 1260 beatus
1006 1204 1253 1274 Baptista
1305 1202 1598 1257 desursum
1649 1202 1835 1257 venire
1869 1201 2067 1255 Filium
2115 1211 2347 1268 asserat,

767 1312 1018 1367 quaenam
1067 1296 1206 1347 ratio
1236 1308 1337 1347 nos
1385 1291 1569 1363 adiget
1612 1300 1670 1345 ut
1708 1308 1776 1346 ex
1816 1292 2121 1347 substantia
2173 1291 2350 1347 Patris

770 1387 949 1455 ipsum
1000 1385 1191 1440 venire
1245 1385 1614 1453 suspicemur,
1655 1390 1878 1452 propter
1928 1381 2059 1435 illud
2101 1400 2121 1433 ο
2157 1384 2348 1437 desur-

770 1495 913 1539 sum,
941 1497 958 1528 ι
996 1493 1059 1531 ac
1084 1492 1192 1531 non
1227 1478 1410 1546 potius
1441 1492 1471 1530 e
1499 1474 1675 1541 cmlis,
1702 1483 1796 1528 aut
1824 1474 1987 1529 etiam
2018 1489 2083 1528 ex
2122 1474 2211 1527 illa
2242 1489 2351 1544 qua

770 1580 994 1641 praestat
1029 1584 1194 1639 supra
1229 1584 1422 1622 omnes
1479 1567 1800 1633 eminentia,
1856 1575 1916 1620 ut
1968 1566 2091 1621 ideo
2133 1582 2352 1636 quoque

772 1678 936 1731 supra
968 1662 1150 1715 omnia
1179 1659 1523 1729 intelligatur
1554 1674 1679 1713 esse
1719 1674 1781 1713 ac
1817 1658 1972 1730 162
2011 1658 2265 1712 dicatur?
2294 1659 2351 1714 Si

770 1754 994 1824 quando
1022 1767 1122 1807 nos
1149 1752 1314 1821 igitur
1338 1750 1656 1805 istiusmodi
1689 1750 2038 1805 sermonibus
2072 1757 2349 1819 appetant,

774 1847 843 1899 iis
878 1859 1205 1914 reponemus
1250 1860 1262 1895 :
1297 1840 1416 1896 Non
1466 1854 1666 1911 sequar
1714 1840 2095 1910 putidissimas
2139 1850 2352 1895 vestras

775 1936 1037 1997 rationes,
1075 1951 1108 1988 ο
1163 1934 1319 1995 boni,
1346 1933 1442 1988 sed
1475 1932 1721 1987 divinam
1763 1930 1946 2002 potius
1986 1931 2349 2001 Scripturam.

774 2029 1027 2095 solasque
1058 2039 1247 2080 sacras
1276 2024 1532 2079 Litteras.
1568 2022 1939 2077 Scrutandnm
1973 2031 2058 2078 est
2094 2025 2259 2093 igitur
2298 2023 2353 2076 in

773 2119 918 2183 illis,
969 2135 1077 2188 quo
1134 2127 1292 2187 pacto
1340 2118 1447 2170 vim
1508 2116 1671 2185 hujus
1715 2116 1866 2170 vocis
1933 2134 1951 2165 ι
1994 2116 2285 2171 desursum
2330 2136 2348 2169 ι

772 2210 1065 2278 accipiant.
1100 2208 1343 2261 Audiant
1377 2207 1564 2276 itaque
1595 2219 1765 2261 unum
1796 2219 1864 2259 ex
1899 2204 2009 2260 illis
2043 2206 2241 2275 spiritu
2268 2205 2354 2260 af-

772 2300 916 2355 ﬂatis
963 2300 1229 2371 apostolis
1273 2300 1600 2354 clamantem
1646 2317 1659 2352 :
1701 2318 1719 2349 ι
1763 2298 1941 2354 Omne
1982 2299 2169 2353 datum
2213 2300 2356 2369 opti-

771 2411 942 2461 nium,
961 2402 1014 2449 ct
1042 2409 1204 2449 omne
1234 2394 1439 2448 donum
1466 2392 1770 2461 perfectum
1796 2392 2088 2449 desursum
2114 2404 2229 2457 est,
2260 2394 2355 2449 de-

776 2486 1053 2540 scendens
1076 2501 1105 2539 a
1126 2484 1285 2538 Patre
1301 2484 1567 2539 luminum
1588 2484 1653 2537 ³¹.
1682 2504 1701 2535 ι
1723 2483 1865 2537 Ecce
1881 2491 2069 2553 aperte
2086 2483 2215 2537 illud
2240 2484 2357 2538 ide—

772 2593 993 2632 sursum
1019 2596 1036 2628 ι
1076 2576 1312 2645 explicat
1344 2573 1648 2646 Scriptura,
1691 2592 1709 2625 ι
1735 2589 1764 2627 a
1789 2572 2001 2630 Patre.»
2042 2574 2178 2628 Cum
2209 2577 2352 2630 enim

772 2668 939 2721 sciret
964 2666 1098 2719 nihil
1117 2664 1264 2719 aliud
1290 2680 1379 2719 res
1401 2673 1615 2719 creatas
1638 2663 1903 2720 excedere
1933 2673 2130 2733 praeter
2162 2664 2355 2719 inetia-

772 2756 935 2813 bilem
970 2757 1115 2811 illam
1142 2755 1236 2811 Dei
1267 2764 1541 2822 naturam,
1575 2754 1784 2810 idcirco
1816 2755 1867 2810 ci
1905 2755 2125 2825 proprie
2167 2770 2356 2809 vocem

774 2850 917 2903 banc
979 2868 997 2900 ι
1036 2848 1383 2903 desursum»
1428 2846 1701 2902 attribuit.
1747 2847 1868 2900 Alia
1915 2849 2116 2917 quippe
2171 2847 2353 2901 omnia

773 2941 1055 2997 servitutis
1103 2941 1236 3009 jugo
1279 2938 1524 3007 subjecta
1556 2947 1684 2993 sunt
1712 2954 1727 3002 ;
1760 2938 1913 2992 solus
1939 2943 2119 2991 autem
2148 2936 2357 2991 servire

774 3034 974 3095 nescit,
1014 3040 1068 3087 et
1123 3041 1314 3101 regnat
1376 3030 1542 3093 Deus,
1575 3029 1719 3083 unde
1775 3032 1895 3099 ipse
1943 3043 2136 3083 revera
2189 3043 2355 3097 supra

773 3140 964 3178 omnes
993 3138 1209 3192 quoque
1248 3130 1352 3176 est.
1389 3120 1532 3176 Deus
1576 3130 1779 3183 autem,
1810 3129 1864 3175 et
1898 3136 1964 3174 ex
2000 3119 2111 3174 Deo
2158 3135 2355 3175 secun-

773 3214 903 3269 dum
958 3224 1212 3267 naturam
1270 3226 1395 3266 eum
1441 3212 1513 3265 sit
1557 3210 1750 3274 Filius,
1799 3209 2134 3279 ejuseemodi
2181 3211 2353 3280 gloria

2448 655 2640 723 τιμᾷ.»
2685 653 2741 705 '0
2758 652 2815 704 δὲ
2861 651 3188 722 ἰσομέτροις,
3224 651 3301 713 ὡς
3333 651 3466 721 πρὸς
3493 649 3628 702 Θεὸν
3668 651 3761 702 καὶ
3787 651 4033 722 Πατέρα,

2448 747 2634 812 τιμαῖς
2668 742 3153 813 ὲπαγλαῖζόμενος,
3189 738 3275 794 διὰ
3302 742 3365 795 τὸ
3396 742 3456 806 ἐξ
3481 740 3649 795 αὑτοῦ
3696 742 3840 795 κατὰ
3874 742 4036 812 φύσιν

2452 835 2739 904 ὑπάρχειν,
2764 834 2883 897 πῶς
2907 835 3007 887 οὑκ
3032 834 3099 889 ἂν
3127 836 3300 888 νοοῖτο
3318 832 3504 886 λοιπὸν
3528 834 3630 904 τὴν
3651 833 3760 885 τῶν
3789 833 4037 903 γενητῶν

2448 926 2760 980 ἀναϐαίνειν
2791 926 3015 991 οὑσίαν;
3059 924 3219 979 τοῦτο
3250 924 3358 995 γάρ
3386 925 3479 989 τὸ,
3514 944 3533 977 ι
3577 925 3791 981 Ἐπάνω
3814 926 4040 980 πάντων

2448 1016 2617 1071 ἐστίν.
2662 1036 2681 1068 ι
2736 1016 3247 1087 Ἀλλ’-αἰσθάνομαι
3304 1017 3487 1082 πάλιν,
3526 1016 3604 1080 ὡς
3634 1017 3905 1087 ὴρεμήσει
3936 1016 4039 1086 μὲν

2450 1108 2699 1180 οὐδαμῶς
2720 1110 2829 1165 τῶν
2851 1110 3250 1183 Χριστομάχων
3267 1110 3296 1161 ὁ
3312 1110 3658 1181 νοῦς,ἦξουσι
3678 1110 3745 1176 δ’,
3767 1109 3842 1173 ὡς
3865 1110 4037 1173 εἰκὸς,

2451 1202 2968 1273 ἀθυροπομοῦντες,
3009 1204 3104 1255 καὶ
3150 1203 3420 1271 λέγοντες
3466 1203 3640 1256 Ὅταν
3678 1203 3708 1255 ὁ
3762 1203 4039 1273 μακάριος

2452 1294 2759 1365 Βαπτιστὴς
2786 1294 2993 1348 ἄνωθεν
3025 1295 3299 1366 ὁρμᾶσθαι
3332 1294 3471 1366 λέγῃ
3494 1295 3584 1346 τὸν
3627 1294 3849 1364 Κύριον,
3886 1297 4040 1355 ποῖος

2453 1387 2598 1455 ἡμᾶς
2642 1386 2943 1453 ἀναγκάσει
2986 1386 3141 1454 λόγος
3182 1388 3246 1439 ἐκ
3300 1387 3400 1457 τῆς
3445 1387 3538 1439 τοῦ
3595 1386 3805 1454 Πατρὸς
3849 1386 4042 1447 οὐσίας

2451 1478 2607 1545 ἥκειν
2646 1478 2805 1532 αὑτὸν
2863 1478 3209 1547 ὑποτοπῆσαι
3264 1478 3355 1532 διὰ
3417 1478 3479 1532 τδ
3524 1497 3543 1530 ι
3579 1477 3807 1539 ἄνωθεν,
3873 1493 3892 1528 ι
3945 1478 4044 1529 καὶ

2452 1567 2572 1635 οὐχὶ
2602 1568 2802 1637 μᾶλλον
2832 1568 3185 1639 ὲξνοὺρανῶν,
3220 1570 3253 1640 ἢ
3281 1570 3373 1622 καὶ
3395 1572 3459 1623 ἐκ
3503 1570 3601 1639 τῆς
3633 1569 3861 1638 ἐνούσης
3888 1567 4046 1635 αὖτῷ

2454 1658 2597 1710 κατὰ
2623 1661 2841 1713 πάντων
2880 1659 3173 1730 ὑπεροχῆς,
3206 1659 3281 1721 ὡς
3323 1660 3413 1713 διὰ
3434 1658 3592 1712 τοῦτο
3618 1660 3712 1712 καὶ
3741 1660 3833 1710 ἐπὶ
3862 1658 4054 1709 πάντα

2454 1750 2642 1814 νοοῖτο,
2669 1751 2762 1802 καὶ
2788 1750 3030 1817 λέγοιτο;
3056 1751 3223 1804 Ὅταν
3251 1749 3429 1803 τοίνυν
3456 1752 3606 1820 ἡμᾶς
3628 1753 3742 1813 τοῖς
3775 1749 4048 1812 τοιούτοις

2454 1842 3151 1911 κατασφενδονῶσι,λόγοις,
3166 1842 3590 1896 ἀντακοὺσονται
3612 1842 3773 1895 πάλιν
3792 1858 3802 1868 '
3828 1842 3899 1894 υὺ
3929 1843 4048 1901 τοῖς

2458 1936 2587 2004 παρ’
2618 1935 2745 2003 ὑμῖν
2770 1934 3143 2005 σαθροτάτοις,
3173 1928 3218 1987 ὦ
3252 1935 3541 2005 βέλτιστοι,
3572 1934 3877 2003 λογισμοῖς,
3904 1933 4052 1986 ἀλλὰ

2459 2026 2657 2096 μᾶλλον
2677 2030 2743 2097 τῇ
2775 2026 2899 2098 θείᾳ.
2916 2027 3106 2099 Γραφῇ
3138 2030 3231 2081 καὶ
3268 2028 3453 2099 μόνοις
3472 2029 3585 2089 τοῖς
3616 2027 3781 2097 ἱεροῖς
3822 2025 4053 2077 ἀκολουο

2457 2118 2697 2189 θήσομεν
2721 2119 3074 2191 Γράμμασιν.
3119 2119 3468 2191 Ἐρευνητέον
3492 2119 3557 2189 δὴ
3577 2114 3670 2171 οὖν
3695 2120 3752 2171 ἐν
3788 2117 4050 2179 ἐκείνοες,

2454 2210 2603 2274 ὅπως
2634 2212 2769 2282 ἡμῖν
2806 2210 2907 2282 τὴν
2958 2212 3054 2265 τοῦ
3096 2231 3114 2264 ι
3160 2212 3367 2265 ἄνωθεν
3401 2230 3421 2263 ι
3462 2210 3737 2281 ὁρίζονται
3787 2210 4051 2276 δύναμιν.

2469 2300 2841 2353 Ἀκουέτωσαν
2868 2301 3050 2355 τοίνυν
3079 2302 3520 2371 ἀνακεκραγότος
3553 2301 3700 2364 τινὸς
3729 2300 3840 2352 τῶν
3873 2316 4057 2350 πνευ-

2460 2391 2804 2461 ματοφόρωψ
2840 2411 2859 2443 ι
2908 2393 3065 2445 Πᾶσα
3098 2393 3246 2456 δόσις
3278 2392 3481 2461 ἀγαθὴ,
3523 2394 3620 2444 καὶ
3662 2394 3770 2444 πᾶν
3810 2391 4060 2459 δώρημα

2455 2481 2678 2545 τέλειον,
2712 2482 2920 2536 ἄνωθέν
2958 2485 3075 2536 ἐστι
3106 2483 3434 2538 καταϐαῖνον
3463 2484 3527 2537 ἐκ
3557 2483 3652 2537 τοῦ
3693 2482 3897 2553 Harpe;
3933 2483 4057 2534 τῶν

2458 2572 2671 2641 φώτων·
2724 2593 2743 2627 ι
2786 2557 2897 2628 moi:
2933 2575 3230 2647 διαρρήδην
3272 2560 3333 2628 τ’ὲι
3385 2594 3402 2627 ι
3445 2576 3673 2641 ἄνωθεν,
3713 2592 3731 2626 ι
3772 2592 3789 2624 ι
3829 2576 3889 2626 ἐκ
3952 2573 4059 2627 τοῦ

2458 2665 2671 2736 Πατρδς
2709 2686 2728 2718 ι
2760 2664 2899 2719 εἶναί
2930 2685 3113 2738 φησιν·
3146 2668 3333 2739 ἕτερον
3362 2669 3469 2739 γάρ
3507 2668 3658 2721 οὐδὲν
3683 2666 4061 2738 ὑπερκεῖσθαι

2457 2754 2743 2824 γινώσκων
2771 2756 2837 2810 τά
2866 2757 3069 2827 γενητὰ
3098 2758 3249 2829 παρὰ
3279 2759 3377 2829 τὴν
3395 2759 3634 2830 ἄρρητον
3659 2756 3752 2811 τοῦ
3772 2755 3906 2810 Θεοῦ
3946 2757 4065 2825 φύ-

2459 2864 2565 2913 σιν,
2601 2848 2740 2919 αὑτῇ
2778 2849 2983 2919 κυρίως
3024 2849 3275 2921 προσῆψε
3318 2850 3379 2903 τὸ
3424 2868 3442 2902 ι
3489 2848 3714 2903 ἄνωθεν.
3763 2867 3781 2901 ι
3817 2848 3893 2901 Τά
3945 2848 4064 2917 μὲν

2457 2936 2566 3009 γάρ
2585 2938 2721 2992 ἄλλα
2753 2938 3042 3010 σύμπαντα
3057 2940 3133 3009 τῷ
3149 2940 3247 3010 τῆς
3271 2939 3515 3003 δουλείας
3543 2940 3837 2993 ὑποπίπτει
3859 2939 4063 3008 ζυγῷ,

2462 3030 2620 3099 μόνος
2665 3031 2723 3083 δὲ
2766 3032 2877 3085 ἄνω
2923 3032 3018 3083 τοῦ
3064 3032 3382 3102 κρατεῖσθαι
3436 3032 3583 3101 πηδᾷ
3625 3032 3719 3083 καὶ
3765 3030 4063 3098 βασιλεύει

2459 3121 2612 3185 Θεός·
2646 3121 2768 3175 ὅθεν
2797 3123 3013 3193 ἀληθῶς
3063 3124 3226 3186 αὐτὸς
3277 3125 3372 3176 καὶ
3411 3124 3597 3177 ἐπάνω
3635 3125 3846 3177 πάντων
3900 3124 4059 3173 ἐστί.

2461 3211 2593 3275 Θεὸς
2620 3212 2675 3264 δὲ
2700 3214 2790 3266 καὶ
2808 3215 2873 3267 ὲκ
2895 3214 3031 3267 Θεοῦ
3067 3216 3206 3268 κατά
3230 3214 3390 3284 φύσιν
3420 3216 3680 3286 ὑπάρχων
3699 3218 3726 3268 ὁ
3758 3214 3905 3276 Υἱὸς,
3945 3214 4065 3283 τῆς

773 3321 883 3360 non
929 3305 1271 3359 excludetur.
1308 3302 1463 3368 Quod
1509 3303 1555 3357 si
1602 3301 1735 3355 illud
1767 3320 1784 3353 ι
1818 3302 2112 3357 desursum
2151 3322 2169 3352 ι
2211 3302 2354 3357 acci-

2460 3303 2552 3355 ἐπὶ
2598 3303 2773 3375 τούτῳ
2823 3305 3205 3376 λαμπρότητος
3248 3308 3349 3361 οὑκ
3382 3307 3713 3361 ἐκκείσεται.
3748 3305 3808 3359 Εἰ
3859 3307 3923 3358 δὲ
3994 3308 4066 3359 τὺ

772 3395 1032 3466 piendum
1074 3394 1277 3463 putatis
1312 3408 1409 3463 pro
1450 3411 1468 3444 ι
1507 3393 1750 3455 ccelitus,
1798 3412 1817 3445 ι
1853 3393 2090 3463 idipsum
2135 3408 2357 3462 quoque

772 3488 841 3542 de
900 3487 1097 3556 quovis
1156 3486 1350 3556 angelo
1428 3493 1482 3540 et
1539 3485 1795 3539 rationali
1858 3486 2063 3539 virtute
2115 3485 2364 3539 dicatur-

775 3576 1013 3633 Veniuut
1043 3576 1189 3631 enim
1226 3576 1293 3629 ad
1327 3590 1424 3630 nos
1454 3576 1522 3630 de
1550 3576 1732 3639 caelis,
1766 3585 1821 3629 et
1848 3576 2158 3629 ascendunt
2188 3586 2354 3647 atque

773 3668 1137 3729 descendunt,
1166 3675 1223 3720 ut
1272 3667 1472 3721 alicubi
1517 3666 1592 3719 ait
1621 3683 1635 3718 :
1669 3684 1687 3717 ι
1738 3664 1915 3736 Supra
1950 3664 2147 3720 Filium
2178 3668 2351 3721 homi-

2465 3413 2481 3444 ι
2525 3394 2729 3447 ἄνωθεν
2770 3416 2787 3447 ι
2823 3397 2999 3449 οἴεσθε
3030 3398 3138 3450 δεῖν
3175 3416 3192 3448 ι
3226 3398 3288 3462 ἐξ
3318 3398 3549 3468 οὑρανοῦ
3588 3417 3608 3451 ι
3643 3397 4063 3468 λαμϐάνεσθαι,

2457 3483 2697 3551 λεγέσθω
2729 3488 2823 3539 καὶ
2872 3488 2964 3539 ἐπὶ
2996 3488 3194 3551 παντὸς
3242 3489 3472 3556 ἀγγέλου
3506 3490 3600 3542 καὶ
3634 3490 3918 3559 δυνάμεως
3966 3490 4067 3541 λο-

2456 3579 2617 3647 γικῆς
2654 3580 2686 3648 ὴ
2731 3578 2897 3643 λέξις
2943 3581 3191 3651 ἔρχονται
3234 3581 3344 3652 γὰρ
3389 3583 3464 3645 ὡς
3497 3582 3646 3652 ἡμᾶς
3672 3582 3731 3646 ἐξ
3770 3582 4065 3650 οὐρανῶν,

2456 3670 2549 3721 καὶ
2570 3669 2943 3733 ἀναϐαίνουσι,
2982 3674 3077 3725 καὶ
3118 3672 3564 3735 καταϐαίνουσιν,
3602 3673 3675 3735 ὥς
3721 3673 3818 3724 πού
3849 3690 4064 3742 φησιν·

774 3760 951 3815 nis“.
998 3778 1015 3809 ι
1060 3757 1199 3823 Quid
1256 3772 1387 3828 ergo
1428 3757 1646 3812 beatum
1696 3756 1997 3827 Baptistam
2048 3758 2264 3827 hnpulit
2295 3767 2353 3812 ut

772 3852 920 3923 quod
973 3866 1143 3920 penes
1180 3851 1381 3904 multos
1427 3856 1531 3913 est,
1568 3849 1705 3903 illud
1752 3848 1904 3903 velut
1936 3849 2198 3903 eximium
2249 3850 2349 3904 soli

774 3942 912 3998 Filio
943 3943 1168 4004 tribuat,
1190 3956 1253 3994 ac
1282 3952 1538 4009 tanquam
1564 3940 1631 3993 de
1664 3941 1828 3994 unico
1853 3955 2091 4008 superne
2119 3940 2351 3995 descen-

771 4032 936 4088 dente
988 4032 1137 4084 dicat
1189 4049 1203 4085 :
1255 4048 1272 4080 ι
1307 4029 1407 4095 Qui
1440 4029 1734 4083 desursum
1792 4029 1976 4082 venit?
2016 4048 2033 4081 ι
2076 4028 2349 4084 llonorem

772 4124 974 4195 quippe
1021 4123 1173 4175 illum
1214 4136 1559 4174 communem
1601 4120 1723 4174 aliis
1776 4119 1956 4173 facere
2011 4135 2108 4189 par
2153 4130 2343 4175 esset:

779 4236 797 4267 ι
844 4214 947 4280 Qui
975 4213 1263 4267 desursum
1301 4212 1547 4271 veniunt,
1578 4226 1744 4279 super
1778 4226 1969 4264 omnes
1996 4218 2143 4264 sunt.
2179 4230 2195 4261 ι
2239 4210 2345 4265 Sed

2494 3778 2512 3810 ι
2558 3761 2682 3813 Ἐπὶ
2726 3762 2816 3814 τὸν
2858 3764 2983 3815 Υἰὸν
3014 3764 3105 3815 τοῦ
3148 3764 3457 3834 ἀνθρώπου.
3493 3784 3511 3816 ι
3553 3766 3617 3817 Τί
3649 3761 3740 3817 οὖν
3780 3765 3887 3835 ἄρα
3931 3768 4070 3818 ἐστὶ

2453 3850 2513 3903 τὸ
2565 3852 2654 3904 τὸν
2701 3855 2969 3924 μακάριον
3027 3856 3339 3926 Βαπτιστὴν
3393 3856 3679 3920 πεπεικδς,
3726 3858 3785 3909 τὸ
3823 3858 4069 3922 πολλοῖς
4140 3868 4143 3869 ⁷

2454 3942 2670 4014 ἕτοιμον
2736 3948 2814 4007 εἰς
2872 3946 3122 4011 ἐξουσίαν
3175 3949 3453 4002 ἀναθεῖναι
3511 3950 3657 4019 μόνῳ
3710 3950 3828 4001 κατ’
3889 3950 4069 4015 ἐξαί-

2456 4050 2609 4101 ρετον
2655 4035 2731 4105 τῷ
2778 4036 2909 4105 Υξῷ,
2955 4038 3048 4088 καὶ
3091 4038 3165 4101 ὡς
3198 4041 3282 4106 ἐφ’
3342 4039 3458 4102 ἰνὸς
3498 4038 3591 4091 τοῦ
3640 4038 3843 4093 ἄνωθεν
3867 4055 4065 4092 κατα-

2452 4122 2725 4187 ϐαίνοντος
2750 4128 2943 4191 εἰπεῖν,
2976 4145 2993 4175 ι
3038 4129 3094 4180 '0
3116 4128 3317 4180 ἄνωθεν
3348 4130 3671 4200 ὲρχόμενοςς
3707 4148 3723 4180 ι
3758 4130 3917 4198 Χρῆυ
3941 4134 4072 4201 γὰρ

2450 4216 2621 4287 δήπου
2649 4220 3067 4274 κοινοποιεῖσθαι
3092 4223 3201 4284 τοῖς
3228 4221 3405 4285 ἄλλοις
3431 4222 3491 4273 τὸ
3516 4221 3730 4291 ἀξίωμα
3753 4262 3767 4285 ,
3788 4221 4062 4287 λέγοντα·

772 4304 923 4359 novit
978 4302 1072 4356 uni
1119 4301 1261 4356 Filio
1299 4316 1485 4355 vocem
1531 4301 1674 4353 illam
1728 4300 1935 4363 deberi,
1975 4307 2235 4369 tanquam
2282 4319 2345 4357 ex

2457 4329 2475 4361 ι
2516 4313 2579 4363 Ol
2613 4312 2819 4364 ἀνωθεν
2843 4314 3152 4383 ἐρχόμενοι,
3184 4314 3368 4366 ἐπάνω
3398 4313 3614 4367 πάντων
3642 4312 3796 4367 εἰσίν.
3831 4330 3848 4364 ι
3901 4315 4065 4367 Ἀλλ’

775 4406 1028 4461 suprema
1054 4392 1233 4446 radice
1276 4389 1441 4445 edito.
1466 4388 1581 4443 Non
1624 4405 1752 4458 ergo
1792 4390 1923 4443 illud
1960 4409 1977 4440 ι
2004 4389 2291 4445 desursum
2324 4411 2341 4443 ι

2454 4398 2593 4454 οἶδεν
2640 4402 2718 4455 ἑνὶ
2750 4405 2827 4474 τῷ
2862 4404 2975 4475 Υίῷ
2999 4405 3060 4458 τὸ
3108 4408 3259 4476 ῥῆμα
3292 4405 3763 4475 χρεωστούμενον,
3814 4405 3898 4468 ὡς
3960 4410 4069 4471 τῆς

773 4483 1049 4553 significat
1097 4499 1114 4532 ι
1152 4482 1402 4541 caelitus,
1446 4498 1463 4530 ι
1512 4479 1606 4532 sed
1662 4479 1822 4531 modo
1874 4494 1984 4548 quo
2040 4480 2149 4547 jam
2201 4480 2345 4533 dixi-

2454 4492 2708 4547 ἀνωτάτω
2748 4494 2903 4563 ῥίζης
2937 4496 3289 4563 ἐκπεφυκότι.
3325 4496 3439 4546 Οὐκ
3480 4496 3585 4564 ἄρα
3624 4493 3684 4547 τὸ
3719 4512 3736 4545 t
3776 4494 4009 4547 άνιυθεν
4046 4517 4062 4545 ι

770 4590 893 4629 mus
929 4575 1013 4643 pic
1045 4583 1099 4627 et
1142 4589 1267 4628 vere
1315 4572 1581 4640 capietur.
1616 4570 1907 4635 Quomodo
1939 4571 2105 4633 enim,
2139 4586 2342 4640 quaeso,

2454 4582 2707 4651 σημαίνει
2735 4583 2794 4635 τὸ
2832 4601 2849 4633 ι
2888 4581 2947 4645 ἐξ
2975 4582 3226 4652 οὑρανοῦ’
3278 4602 3296 4634 ι
3332 4582 3651 4653 νοηθήσεται
3680 4581 3753 4647 δὲ,
3784 4582 4072 4655 καθάπερ

769 4664 873 4717 erit
918 4678 1081 4731 super
1136 4678 1351 4726 omnes,
1394 4662 1438 4715 si
1488 4676 1593 4713 non
1647 4661 1735 4712 illa
1779 4676 1879 4714 vox
1922 4677 1941 4709 ι
1986 4661 2275 4715 desursum
2322 4681 2339 4713 ι

2454 4674 2551 4742 ἤδη
2590 4674 2942 4743 προείπομεν,
2978 4674 3215 4737 εὐσεϐῶς
3240 4691 3298 4727 τε
3342 4675 3435 4727 καὶ
3476 4673 3710 4745 άληθῶς.
3760 4673 3890 4735 Πῶς
3947 4680 4071 4745 γαρ

770 4751 1069 4821 signiﬁcet,
1102 4766 1131 4802 a
1166 4751 1342 4813 Patre,
1381 4749 1473 4804 sed
1507 4753 1687 4819 potius
1719 4751 1785 4803 de
1820 4751 1996 4804 cmlu?
2026 4749 2160 4804 Nam
2194 4754 2237 4805 si
2276 4754 2347 4807 ita

2454 4764 2586 4826 ’όλως
2619 4764 2771 4817 ἔσται
2800 4765 2893 4817 καὶ
2919 4768 3105 4817 ὲπάνω
3144 4767 3386 4830 πάντων,
3417 4768 3464 4817 εἰ
3504 4765 3578 4834 μὴ
3615 4765 3674 4817 τὸ
3718 4764 3778 4815 ἐκ
3817 4764 4070 4835 Πατρὶς

769 4856 858 4896 res
890 4849 995 4903 est,
1027 4841 1133 4895 erit
1186 4843 1349 4895 etiam
1405 4839 1724 4909 angelorum
1764 4840 1997 4909 quisque
2029 4856 2194 4911 super
2226 4859 2347 4896 om-

2454 4854 2707 4923 σημαίνει
2738 4855 2797 4907 τὸ
2836 4871 2854 4906 ι
2899 4856 3126 4919 ἄνωθεν,
3159 4874 3177 4906 ι
3212 4856 3349 4909 ἀλλὰ
3373 4855 3572 4926 μᾶλλον
3592 4855 3652 4908 τὸ
3673 4856 3728 4920 ἐξ
3762 4855 4068 4923 οὐρα-νοῦς

768 4933 882 4997 nia,
918 4940 1105 5001 utpote
1146 4947 1268 4985 cum
1318 4931 1443 4986 inde
1475 4933 1676 4985 veniat.
1712 4930 1767 4983 Si
1805 4947 1932 4984 vero
1969 4934 2349 5004 imusquisque

2458 4946 2649 4998 Ἔσται
2681 4946 2808 5017 γὰρ,
2839 4946 2904 5000 ἂν
2929 4948 3102 5011 οὑτως
3128 4948 3242 5019 ἔχῃ,
3268 4949 3360 5001 καὶ
3394 4947 3623 5009 ἕκαστος
3650 4946 3755 4999 τῶν
3783 4947 4069 5014 ἀγγέλων

769 5023 1153 5079 universorum
1211 5038 1438 5077 numero
1508 5038 1619 5075 non
1680 5023 2215 5091 comprehendatur,
2282 5041 2347 5078 ex

2454 5037 2641 5089 ἐπάνω
2690 5039 2927 5101 πάντων,
2970 5039 3044 5102 ὡς
3091 5038 3298 5092 ἐκεῖθεν
3342 5038 3654 5108 ἐρχόμενος·
3706 5036 3964 5092 ἑκάστου
4008 5042 4068 5094 δὲ

769 5118 1097 5186 quibusnam
1160 5116 1377 5168 demum
1449 5115 1579 5168 illud
1643 5132 1660 5164 ι
1718 5115 1898 5168 omnia
1936 5134 1954 5165 ι
2020 5117 2355 5185 colligetur?

2454 5128 2834 5197 διαφεύγοντος
2885 5131 2945 5183 τὸ
3002 5131 3413 5202 ἐναριθμεῐσθαι
3475 5134 3586 5195 τοῖς
3652 5133 3859 5193 πᾶσιν,
3950 5134 4076 5186 ἀπὸ

729 5217 863 5275 ,ίιιιι
905 5208 1180 5277 quomodo
1226 5224 1328 5262 vox
1370 5208 1459 5261 illa
1498 5226 1513 5258 ι
1551 5209 1731 5261 omnia
1760 5228 1777 5260 ι
1819 5209 2025 5278 integra
2072 5224 2355 5277 permane-

2454 5221 2611 5273 τ’·,ων
2643 5221 2723 5274 ἔτι
2757 5222 2817 5274 τὸ

768 5302 868 5365 bit,
898 5316 1126 5356 servans
1155 5311 1353 5355 exacte
1402 5316 1558 5353 suum
1590 5301 1980 5370 signiﬁcatum,
2015 5318 2138 5356 cum
2182 5318 2347 5372 ange-

768 5395 947 5447 lorum
1005 5401 1153 5446 '.anta
1203 5393 1498 5446 multitudo
1548 5394 1896 5456 excludatur,
1926 5404 1979 5447 et
2032 5396 2138 5448 vim
2187 5396 2350 5464 hujus

768 5486 919 5541 vocis
954 5504 972 5537 ι
1002 5487 1183 5540 omnia
1221 5506 1239 5539 ι
1273 5485 1517 5541 evertat?
1544 5486 1661 5540 Non
1695 5487 1841 5541 enim
1883 5488 2122 5558 amplius
2164 5491 2350 5543 omnia

770 5584 918 5639 sunt,
947 5576 991 5631 si
1021 5585 1178 5630 extra
1215 5585 1468 5631 maneant
1501 5578 1536 5629 ii
1564 5578 1655 5646 qui
1692 5586 1847 5631 erant
1879 5579 1933 5632 in
1964 5580 2208 5633 omnium
2246 5596 2348 5632 nu-

769 5684 937 5724 mero.
978 5668 1210 5723 Verbum
1270 5679 1449 5723 autem
1486 5672 1631 5739 quod
1692 5671 1951 5726 inclTabili
2012 5674 2227 5727 ratione
2278 5691 2345 5729 ex

2858 5246 2873 5275 ε
2910 5225 3087 5277 πάντα
3130 5243 3147 5271 ι
3196 5225 3629 5293 συναχθήσεταω
3664 5226 3728 5275 Ἥ
3768 5221 3895 5285 πῶς
3932 5230 4006 5276 ἂν
4044 5230 4069 5277 ὁ

2451 5312 2543 5364 τοῦ
2572 5332 2589 5364 ι
2629 5314 2804 5368 πάντα
2841 5335 2859 5367 ι
2908 5316 3062 5382 λόγος
3113 5316 3368 5387 ἀκέραιος
3400 5316 3705 5385 διαμείναι,
3749 5314 4018 5379 διασῴζει
4048 5339 4077 5371 ν

2451 5405 2713 5474 ἀκριϐῶς,
2755 5407 2783 5458 ὃ
2822 5408 3109 5477 σημαίνειν
3152 5408 3422 5478 βούλεται,
3471 5405 3734 5474 τοσαύτης
3786 5404 4073 5471 erant»;

2449 5496 2832 5567 ἀποσοιτώσης
2867 5500 3127 5569 πληθύος,
3160 5501 3252 5553 καὶ
3283 5498 3665 5568 παραὶ-δούσης
3697 5494 3791 5547 τοῦ
3836 5513 3859 5544 ι
3920 5501 4067 5551 παν·

2448 5603 2514 5637 τα
2549 5604 2566 5636 ι
2611 5587 2701 5638 τὸν
2734 5589 2889 5657 ὃρον;
2923 5589 3121 5642 Οὐκέτι
3148 5590 3252 5659 γὰρ
3310 5589 3505 5653 πάντα,
3547 5588 3815 5657 μενόντων
3858 5587 4063 5641 ἑκτὶε.

2447 5677 2607 5746 οἵπερ
2642 5673 2781 5747 ἦσαν
2816 5680 2872 5730 ἐν
2921 5682 3106 5733 πᾶσιν.
3170 5680 3227 5731 Ὀ
3278 5679 3328 5732 (Ἰέ
3379 5696 3439 5746 γε
3487 5678 3739 5747 ἀρρήτως
3792 5677 3859 5729 ἐκ
3914 5676 4066 5731 θεας

844 5844 885 5877 ⁸⁸
917 5841 1031 5898 Jac.
1072 5864 1108 5910 ι,
1146 5846 1225 5902 17.
1310 5850 1347 5878 ³⁸
1386 5845 1539 5901 Joan.
1577 5848 1725 5911 1,31,
