4222 6510
235 436 342 493 269

1319 435 1384 490 IN
1410 433 1696 492 JUANNIS
1723 432 2163 490 EVANGELIUM
2202 433 2329 489 ιιιι.
2373 433 2436 490 ll.

3403 445 3509 502 270

235 552 451 623 Πατρός
487 552 798 624 διαλάμψας
830 553 1009 621 λόγος,
1044 553 1354 616 ἰδιάζουσαν
1386 553 1524 622 ἔχων
1553 554 1651 621 τὴν
1676 553 1805 605 ἄνω·

1928 550 2037 606 Deo
2061 550 2220 604 Patre
2244 550 2468 618 ell‘ulsit,
2491 552 2822 622 peculiarem
2852 553 3064 613 habens
3095 557 3243 612 illam
3273 573 3509 628 superne

231 645 326 697 θεν
365 644 643 715 γέννησιν,
677 647 770 698 καὶ
801 646 1056 718 καθάπερ
1097 645 1205 699 ἀπὸ
1240 645 1420 715 πηγῆς
1449 646 1547 714 τῆς
1579 644 1673 696 τοῦ
1711 644 1824 696 Πα·

229 736 363 805 τρὸς
431 735 621 798 οὐσίας
687 735 974 806 ὑπάρχων,
1031 736 1328 806 ἐρχόμενος
1397 735 1498 787 οὐκ
1573 734 1822 802 ἀδικήσει

228 827 310 889 τὸ,
350 828 550 894 πάντα,
571 827 633 880 τὸ
657 829 714 880 έν
737 830 902 881 πᾶσιν
921 828 996 891 ὼς
1029 827 1196 900 μέρος
1222 826 1480 897 τετάχθαι
1509 825 1787 895 διαφυγών
1805 840 1819 851 ·

227 915 384 969 ἔσται
441 917 497 970 δὲ
545 917 746 987 μᾶλλον
799 917 984 970 ὲπάνω
1038 918 1276 981 πάντων,
1331 918 1406 980 ὡς
1449 917 1637 987 ἔτερος
1689 915 1821 985 παρ’

228 1009 391 1074 αὐτὰ,
427 1010 522 1062 καὶ
564 1011 747 1080 φύσει,
788 1011 882 1063 καὶ
926 1010 1156 1080 δυνάμει
1193 1009 1509 1078 Θεοπρεπεῖ,
1561 1009 1658 1061 καὶ
1707 1011 1822 1072 τοῖς

227 1103 412 1169 ἄλλοις
434 1104 527 1158 τοῦ
559 1106 916 1177 γεννήσαντος
941 1103 1244 1175 ίδιώμασιν.
1264 1103 1403 1157 Ἀλλ’
1423 1102 1607 1174 ἐροῦσι
1633 1102 1816 1172 τυχὸν,

226 1196 328 1259 τὰς
363 1199 425 1251 ἐκ
471 1199 573 1268 τῆς
615 1196 844 1268 ἐρεύνης
887 1198 1118 1260 ἀτοπίας
1146 1196 1578 1268 δυσωπούμενοι·
1620 1197 1684 1250 Εἰ
1720 1214 1818 1265 σηο

229 1289 414 1357 μαίνει
437 1292 498 1342 τὸ
527 1308 546 1340 ι
587 1289 792 1343 ἄνωθεν
841 1309 860 1341 ι
902 1290 963 1343 τὸ
997 1289 1060 1355 ἐξ
1091 1289 1357 1361 οὐρανῶν,
1381 1289 1489 1343 ἀπὸ
1535 1288 1636 1358 τῆς
1666 1289 1818 1341 ἑνού-

227 1398 332 1452 σης
359 1382 505 1452 αὐτῷ
526 1382 665 1434 κατά
699 1385 918 1437 πάντων
948 1383 1242 1454 ὑπεροχῆς.
1267 1382 1402 1454 Φέρε
1431 1382 1495 1454 δὴ
1517 1378 1629 1447 οὖν,
1657 1383 1816 1453 ἀκρι-

225 1471 487 1542 ϐέστερον
534 1472 922 1543 βασανίζοντες
972 1472 1069 1526 τοῦ
1100 1472 1397 1544 λεγομένου
1430 1471 1529 1542 τὴν
1567 1471 1814 1541 δύναμιν,

227 1563 428 1632 ἴδωμεν
459 1563 619 1616 πάλιν
654 1566 732 1627 εἰς
763 1567 915 1617 ποῖον
943 1565 1129 1628 αὐτοῖς
1170 1564 1534 1637 καταστρέψει
1574 1563 1729 1626 τέλος
1755 1563 1816 1616 τὸ

223 1653 557 1723 ἐγχείρημα.
588 1654 813 1725 Πρῶτον
834 1657 933 1725 μὲν
947 1649 1040 1708 οὖν
1061 1655 1274 1725 ἀμαθές
1301 1671 1361 1706 τε
1376 1654 1472 1707 καὶ
1499 1652 1816 1723 ἀδιανόητον

223 1745 443 1814 κομιδῇ,
489 1745 550 1797 τὸ
597 1745 759 1798 αὐτὸν
803 1747 868 1798 ἐκ
913 1745 1006 1798 τοῦ
1037 1746 1240 1798 οἰκείου
1280 1745 1461 1814 λέγειν
1504 1744 1816 1815 ἀξιώματος

224 1836 480 1904 ἔρχεσθαι
513 1837 606 1891 τὸν
627 1837 775 1903 Υἱὸν,
808 1839 902 1891 καὶ
928 1837 1117 1910 ὥσπερ
1140 1838 1248 1893 ἀπό
1276 1855 1422 1901 τινος
1445 1837 1633 1902 τόπου,
1663 1837 1696 1909 ἦ
1720 1839 1815 1891 καὶ

1929 643 2368 712 generationem,
2396 652 2451 698 et
2479 659 2545 699 ex
2576 643 2760 701 Patris
2798 643 3108 702 substantia
3147 658 3409 721 tanquam
3440 667 3508 706 ex

1929 734 2076 789 fonte
2121 749 2374 800 manans,
2404 736 2541 790 nihil
2571 737 2884 794 detrimenti
2943 741 3100 813 163
3133 745 3392 800 omnibus
3423 745 3508 800 al-

1926 826 2081 892 feret,
2119 843 2246 882 cum
2280 831 2333 884 in
2373 829 2624 884 omnium
2679 846 2910 887 numero
2947 840 3210 906 tanquam
3251 850 3381 905 pars
3412 853 3507 892 co-

1925 931 2046 971 rum
2087 933 2213 974 esse
2261 927 2540 988 nequeat:
2570 919 2666 975 sed
2705 921 2812 975 erit
2849 923 3031 991 potius
3070 939 3239 993 supra
3293 939 3500 991 omnia,

1923 1017 2183 1080 tanquam
2235 1012 2382 1067 aliud
2428 1013 2496 1068 ab
2527 1013 2688 1083 ipsis,
2720 1029 2844 1069 cum
2890 1024 3110 1081 natura,
3141 1028 3256 1072 tum
3300 1019 3503 1074 virtute

1921 1099 2129 1168 divina,
2151 1102 2388 1172 aliisque
2413 1105 2681 1173 genitoris
2704 1106 3154 1177 proprietatibus.
3176 1108 3282 1166 Sed
3309 1126 3502 1168 earum

1922 1192 2326 1249 absurditatum
2365 1197 2577 1265 pudore
2618 1198 2838 1255 confusi
2871 1199 3059 1255 forsan
3098 1200 3363 1272 objicient
3396 1225 3408 1259 :
3443 1203 3499 1259 Si

1928 1304 1944 1333 ι
1985 1283 2278 1340 desursum
2317 1303 2336 1336 ι
2377 1285 2520 1341 idem
2571 1297 2657 1342 est
2702 1303 2768 1344 ac
2816 1291 2883 1344 de
2935 1291 3106 1356 ct'elo,
3142 1306 3208 1345 ex
3255 1307 3321 1348 eo
3353 1296 3502 1364 quod

1920 1375 2194 1431 universis
2225 1376 2620 1446 supereminet,
2657 1379 2713 1433 id
2745 1380 3038 1452 significat.
3080 1382 3324 1453 Agedum
3364 1401 3502 1456 ergo

1917 1467 2030 1522 vim
2080 1467 2228 1523 illius
2276 1467 2405 1521 dicti
2460 1472 2774 1525 accuratius
2825 1474 3244 1541 perpendentes,
3279 1492 3500 1533 rursum

1916 1559 2205 1614 videamus
2243 1575 2406 1629 quem
2456 1563 2661 1617 exitum
2719 1563 2958 1619 habituri
3005 1567 3115 1621 sint
3166 1584 3358 1624 eorum
3400 1587 3498 1625 co-

1915 1657 2101 1705 natus.
2137 1650 2383 1705 Primum
2414 1652 2601 1722 itaque
2628 1655 2867 1724 imperiti
2918 1672 2980 1710 ac
3026 1660 3185 1727 plane
3228 1663 3498 1718 dementis

1915 1750 1999 1797 est
2033 1742 2237 1808 dicere,
2274 1741 2476 1798 Filium
2509 1745 2687 1814 ipsum
2724 1762 2754 1800 a
2791 1762 2889 1801 sua
2915 1749 3189 1819 dignitate
3217 1753 3417 1817 venire,
3445 1765 3497 1809 et

1916 1833 2067 1888 velut
2101 1848 2167 1888 ex
2197 1833 2381 1903 aliquo
2405 1834 2548 1901 loco,
2576 1836 2693 1890 sive
2723 1838 2886 1890 etiam
2911 1839 3058 1894 velut
3088 1856 3152 1894 ex
3187 1858 3294 1895 uno
3325 1859 3493 1896 unum

222 1926 298 1984 ὡς
329 1927 384 1990 ἐξ
407 1927 545 1990 ἐνὸς,
569 1927 665 1979 ἕνα
693 1925 783 1980 τὸν
812 1927 976 1981 αὑτὸν
1006 1928 1067 1979 ὲκ
1095 1928 1196 1997 τῆς
1242 1927 1378 1990 ιδίας
1413 1927 1688 1998 ὑπεροχῆς
1732 1929 1805 1990 είς

1914 1923 2166 1979 eumdem
2225 1939 2292 1978 ex
2342 1939 2441 1978 sua
2499 1927 2798 1981 eminentia
2838 1931 3044 1996 venire,
3085 1946 3143 1986 nt
3196 1934 3270 1988 sit
3324 1952 3493 2004 supra

218 2018 282 2070 τό
313 2020 499 2073 ἐπάνω
533 2019 749 2072 πάντων
776 2015 914 2073 εἶναι.
969 2019 1226 2089 βαδίζειν.
1270 2018 1416 2089 Πρὸς
1441 2019 1496 2071 δέ
1536 2036 1602 2087 γε
1633 2018 1808 2089 τούτῳ

221 2107 379 2174 κάγὼ
420 2107 696 2178 πυθοίμην
755 2107 821 2161 ἂν
873 2109 1065 2178 ἣδιστα
1111 2109 1232 2162 λίαν
1267 2108 1468 2174 αὐτῶν,
1509 2109 1607 2180 τὴν
1667 2109 1808 2162 κατά

228 2203 449 2253 πάντων
486 2201 761 2272 ὑπεροχὴν
787 2240 802 2263 ,
836 2201 1066 2272 πότερόν
1104 2219 1234 2254 ποτε
1278 2201 1542 2256 δώσουσιν
1574 2201 1804 2273 οὑσιώδη

218 2293 316 2340 καὶ
373 2291 742 2360 ἀναφαίρετον
806 2289 882 2358 τῷ
938 2290 1090 2360 Υίῷ,
1156 2291 1188 2361 ἢ
1249 2291 1808 2361 προσπεπορισμένην

217 2381 420 2445 ἔξωθεν
444 2382 587 2434 κατὰ.
636 2381 793 2449 λόγον
838 2381 931 2435 τοῦ
984 2381 1410 2454 συμϐεϐηκότος.
1454 2385 1515 2437 El
1571 2385 1670 2452 μὲν
1714 2380 1806 2438 οὖν

215 2475 512 2546 ἐπίκτητον
557 2475 702 2545 ἔχειν
752 2475 969 2546 ἐροῦσιν
1007 2476 1169 2530 αὑτὸν
1226 2477 1324 2546 τὴν
1375 2477 1670 2548 ὑπεροχὴν,
1713 2479 1805 2532 καὶ

214 2567 479 2630 ἐπακτοῖς
541 2567 995 2638 ὲπισεμνύνεσθαι
1042 2570 1156 2630 τοῖς
1218 2565 1542 2639 ἀξιώμασιν,
1590 2571 1803 2637 ἀνάγκη

213 2660 644 2728 προσομολογεῖν
672 2660 877 2730 ἔρημόν
905 2677 1034 2712 ποτε
1068 2660 1226 2728 δόξης
1259 2657 1394 2713 εῖναι
1425 2660 1684 2712 δύνασθαι.
1713 2662 1804 2714 τόν

212 2751 520 2819 Μονογενῆ,
574 2752 668 2805 καὶ
711 2753 809 2823 τὴν
849 2753 1168 2822 ἐπίκτητον,
1227 2752 1302 2813 ὡς
1353 2753 1554 2805 ἐκεῖνοί
1613 2770 1798 2821 φασιν,

210 2838 586 2896 ἀποδύσασθαι
614 2844 792 2913 χάριν,
819 2843 913 2896 καὶ
945 2843 1005 2896 τὸ
1047 2843 1231 2895 ἐπάνω
1273 2845 1486 2896 πάντων
1522 2839 1660 2897 εἶναι
1709 2843 1803 2914 ζη-

213 2933 513 3000 μιωθέντα,
566 2934 854 3001 φαίνεσθαι
883 2934 1089 3004 γυμνὸν
1133 2929 1200 3003 ἧς
1256 2935 1378 3003 ἄρτι
1431 2934 1800 3004 θαυμάζουσιν

211 3025 508 3094 ὑπεροχῆς,
535 3027 692 3096 εἴπερ
731 3027 848 3078 ἐστὶ
876 3027 937 3077 τὸ
984 3025 1330 3096 συμϐεϐηκὸς
1354 3025 1682 3094 ἀπόϐλητον,
1713 3027 1799 3079 ὅτε

211 3115 290 3183 μὴ
309 3117 406 3182 τῆς
419 3115 606 3176 οὐσίας
627 3115 856 3167 ἅπτεται
876 3115 969 3167 τοῦ
985 3115 1801 3184 ὑποκειμένου·Ἐσταιτοιγαρ·

206 3205 308 3256 οὖν
345 3205 618 3274 μεταϐολὴ
661 3205 756 3258 καὶ
795 3205 1080 3267 ἀλλοίωσις
1105 3206 1231 3275 περὶ
1264 3205 1354 3258 τὸν
1376 3205 1524 3257 Υἱόν’
1557 3206 1651 3257 καὶ
1683 3203 1797 3256 δια-

202 3293 471 3361 ψεύσεται
517 3294 614 3362 μὲν
652 3295 878 3355 εἰκαίοις
920 3295 1083 3346 αὑτὸν
1131 3294 1460 3362 ἀναμέλπων
1501 3296 1739 3363 ῥήμασιν
1768 3296 1796 3345 ὁ
1823 3274 1866 3330 C

207 3384 485 3451 Μελῳδόςο
523 3404 539 3435 ι
566 3381 629 3436 Οἱ
653 3385 875 3453 οὐρανοὶ
914 3384 1259 3447 ἀπολοῦνται,
1302 3385 1364 3436 σὺ
1389 3386 1442 3437 δὲ
1498 3386 1790 3454 διαμένεις,

207 3479 307 3528 καὶ
352 3479 548 3539 πάντες
598 3477 674 3538 ὡς
717 3478 928 3546 ἱμάτιον
977 3477 1474 3547 παλαιωθήσονται,
1525 3480 1618 3530 καὶ
1665 3479 1796 3530 ὡσεὶ

205 3562 554 3634 περιϐόλαιον
603 3564 794 3630 ἑλίξεις
837 3566 1052 3628 αὐτοὺς,
1102 3567 1196 3618 καὶ
1248 3567 1645 3636 ἀλλαγήσονται
1682 3586 1696 3598 ·
1731 3571 1793 3620 σὺ

204 3657 263 3707 δὲ
297 3659 328 3707 ό
353 3658 514 3718 αὐτὸς
543 3655 610 3719 εἷ,
641 3660 734 3710 καὶ
762 3657 831 3710 τά
877 3657 972 3727 ἔτη
1003 3677 1096 3711 σου
1129 3661 1228 3712 οὐκ
1253 3660 1577 3729 ἑκλείψουσι.
1628 3681 1645 3711 ι
1682 3661 1791 3712 Ποῦ

203 3749 319 3816 γὰρ
350 3749 376 3797 ὁ
404 3747 584 3811 αὐτὸς,
623 3749 671 3798 εἰ
702 3747 1030 3816 μεταπίπτει
1066 3750 1161 3800 σὺν
1187 3750 1340 3817 ἡμῖν,
1367 3750 1461 3800 καὶ
1491 3748 1647 3801 τοῦτο
1671 3752 1792 3812 ταῖς

206 3840 289 3897 εἰς
346 3837 410 3888 τὰ
447 3838 614 3906 χείρω
659 3837 982 3905 μεταϐολαῖς
1015 3857 1026 3902 ;
1063 3840 1257 3911 Μάτην
1295 3840 1372 3902 δὲ,
1403 3840 1477 3903 ὡς
1502 3841 1664 3904 εἰκὸς,
1697 3843 1792 3894 καὶ

203 3928 374 3987 αὐτὸς
417 3928 498 3994 ἐφ’
549 3927 726 3994 ἑαυτῴ
770 3929 1242 3996 κατασεμνὺνεται
1293 3929 1486 3996 λέγων’
1546 3950 1562 3981 ι
1599 3931 1787 3995 Ἴδετε,

204 4018 369 4077 ἴδετε,
398 4017 476 4069 ὅτι
509 4015 617 4085 ἐγώ
639 4019 774 4086 εἰμι,
814 4019 906 4071 καὶ
947 4021 1043 4070 οὐκ
1072 4020 1184 4071 ἐστι
1219 4021 1347 4083 (θεὸς
1393 4021 1529 4090 πλὴν
1565 4022 1719 4091 ἐμοῦ.
1765 4042 1782 4072 ι

204 4109 332 4170 Πῶς
372 4109 428 4161 δὲ
465 4110 584 4179 οὐχὶ
614 4112 708 4162 καὶ
748 4112 828 4173 εἰς
879 4113 1038 4164 αὐτὸν
1079 4113 1412 4184 ἀναϐήσεται
1449 4116 1540 4167 τὸν
1574 4117 1791 4187 Πατέρα

201 4202 274 4253 τά
306 4201 398 4253 τοῦ
431 4203 772 4271 Γεννήματος
813 4203 985 4272 πάθη,
1037 4208 1327 4277 χαρακτὴρ
1364 4209 1521 4278 εἴπερ
1546 4210 1662 4260 ἐστὶ
1696 4210 1789 4261 καὶ

200 4293 372 4346 εἰκὼν
410 4294 828 4363 ἀπαράλλακτος
859 4297 1066 4360 uacet");
1123 4299 1315 4351 Ἔσται
1349 4299 1412 4368 δὴ
1450 4293 1543 4350 οὖν
1567 4298 1790 4351 ἀλλοιω-

201 4386 295 4446 τὺς
336 4387 432 4453 μὲν
461 4387 590 4455 ἡμῖν
632 4389 659 4437 ὁ
686 4386 818 4448 Θεὸς
868 4391 960 4440 καὶ
1016 4388 1226 4458 Πατὴρ,
1251 4388 1362 4458 ἔχει
1392 4389 1447 4440 δὲ
1488 4405 1789 4458 προσγεγο-

201 4481 376 4540 νὸτως
433 4480 530 4548 τὴν
574 4478 713 4532 κατὰ
751 4481 966 4532 πάντων
1009 4479 1301 4550 ὑπεροχὴν,
1345 4481 1440 4532 καὶ
1491 4480 1681 4533 σιωπῶ
1729 4481 1789 4532 τὸ

199 4570 546 4638 λειπόμενον.
581 4571 935 4624 Οίκειώσεται
988 4571 1100 4640 γὰρ
1132 4571 1206 4634 ὼς
1247 4573 1304 4637 ἐξ
1335 4573 1579 4641 ἀνάγκης
1629 4573 1697 4624 τὰ
1727 4575 1783 4624 ὲν
1817 4604 1860 4658 D

197 4662 269 4728 τῇ
318 4660 486 4711 εἰκόνι
538 4659 600 4710 τὸ
641 4659 966 4729 ἀρχέτυπον.
1016 4659 1154 4712 Ἀλλ’
1201 4658 1496 4727 ἐπίκτητον
1544 4660 1643 4728 μὲν
1685 4659 1786 4711 οὐκ

199 4750 427 4821 ἐροῦσιν
456 4750 596 4818 ἔχειν
620 4752 781 4802 αὐτὸν
812 4752 911 4822 τὴν
939 4751 1212 4821 ὑπεροχὴν
1239 4750 1374 4818 πρὸς
1404 4750 1502 4812 τάς
1533 4749 1785 4812 τοιαύτας

196 4841 314 4892 τῶν
371 4839 644 4909 λογισμῶν
698 4840 1013 4912 δυσχερείας
1075 4858 1134 4892 τε
1189 4840 1324 4909 ὁμοῦ
1398 4841 1492 4891 καὶ
1554 4839 1786 4900 ἀτοπίας

197 4931 649 5003 ἀποφρίττοντες,
685 4932 916 5002 οὐσιώδη
940 4932 995 4985 δὲ
1039 4932 1237 5002 μᾶλλον
1274 4933 1366 4984 καὶ
1401 4931 1781 5001 ἀναφαίρετον.

199 5021 338 5077 Εἶτα
363 5023 540 5087 πάλιν,
563 5016 608 5075 ὧ
639 5023 926 5093 βέλτιστοι,
960 5024 1075 5086 πῶς
1102 5025 1233 5094 ἡμῖν
1260 5024 1321 5076 οὐ
1355 5025 1648 5092 συνερεῖτε,
1684 5022 1780 5074 καὶ

198 5116 450 5176 ἄκοντες,
475 5117 554 5167 ὅτι
579 5115 712 5177 Θεὸς
745 5115 886 5167 κατὰ
912 5116 1074 5183 φύσιν
1095 5115 1350 5184 ὑπάρχων
1370 5117 1400 5167 ό
1431 5113 1557 5176 Υἱὸς
1596 5113 1780 5165 ὲξτάνω

199 5208 424 5259 πάντων
448 5208 586 5268 εστὶ,
618 5207 704 5259 διὰ
722 5207 880 5258 τοῦτο
906 5205 1000 5258 καὶ
1027 5208 1090 5258 ὲκ
1124 5206 1290 5274 μόνης
1322 5204 1535 5274 ἔρχεται
1561 5203 1659 5272 τῆς
1685 5204 1778 5255 οὐ·

199 5298 327 5358 σίας
360 5296 451 5348 τοῦ
474 5296 608 5349 Θεοῦ
657 5299 750 5350 καὶ
779 5298 993 5366 Πατρός
1022 5312 1036 5359 ;
1069 5297 1132 5348 Εἰ
1175 5297 1282 5365 γὰρ
1310 5296 1461 5348 οὐδέν
1509 5298 1622 5348 ὲστι
1668 5295 1777 5346 τῶν

193 5387 468 5456 γενητῶν,
490 5389 518 5440 ὃ
532 5389 605 5458 μὴ
626 5391 688 5457 τῇ
711 5387 804 5440 τοῦ
830 5389 1029 5451 παντὸς
1049 5387 1272 5457 δυνάμει
1296 5387 1772 5458 περισχοινίζεται,

194 5483 390 5535 ἐπάνω
417 5482 471 5535 δὲ
518 5483 734 5534 πάντων
771 5482 917 5534 ἐστὶν
967 5482 995 5533 ὁ
1023 5482 1166 5546 Υἱὸς,
1207 5481 1282 5542 ὡς
1330 5481 1514 5550 ἕτερος
1540 5480 1776 5550 δηλονότι

196 5573 353 5644 παρά
392 5574 590 5636 πάντα,
636 5577 726 5626 γει
780 5573 1010 5643 οὖσιώδη
1051 5574 1192 5626 κατὰ
1233 5573 1448 5626 πάντων
1497 5573 1634 5641 ἔχων
1679 5572 1776 5641 τὴν

193 5667 499 5735 ὑπεροχὴν,
533 5667 623 5718 καὶ
655 5668 749 5735 οὐχ
776 5671 802 5718 ό
826 5667 984 5728 αὐτὸς
1013 5665 1152 5717 κατὰ
1182 5666 1342 5732 φύεν)
1365 5663 1622 5733 ὑπάρχων
1665 5662 1775 5724 τοῖς

270 5848 321 5882 ³³
349 5846 494 5900 Psal.
526 5862 600 5912 cr,
637 5847 725 5914 ‘27,
760 5848 849 5900 ‘25.
953 5848 992 5878 ³³
1023 5847 1125 5900 lsa.
1156 5862 1273 5909 ειν,

1439 5845 1526 5898 ³⁵1
1559 5845 1684 5898 (lor.
1726 5861 1796 5905 ιιι,
1836 5845 1886 5894 τ.

1910 2015 2118 2070 omnia.
2149 2015 2414 2072 Praeterea
2437 2033 2540 2088 ego
2575 2019 2773 2074 lubens
2804 2021 2875 2074 ab
2899 2023 3031 2091 ipsis
3063 2025 3272 2093 petiero
3307 2037 3491 2081 utrum

1911 2100 2064 2156 illam
2119 2119 2289 2173 supra
2347 2108 2531 2159 omnia
2565 2108 2919 2162 eminentiam
2951 2112 3133 2166 daturi
3191 2116 3303 2168 sint
3359 2120 3493 2172 sul:-

1910 2194 2247 2258 stantialem,
2286 2206 2337 2251 et
2379 2212 2502 2266 qua:
2559 2200 2760 2254 auferri
2821 2217 2929 2256 non
2987 2205 3160 2272 possit
3207 2205 3368 2270 Filio,
3421 2224 3490 2261 an

1909 2288 2083 2341 instar
2140 2286 2439 2343 accidentis
2495 2292 2844 2346 extrinsecus
2907 2295 3200 2350 invectam.
3249 2297 3306 2352 Si
3360 2315 3492 2371 ergo

1907 2377 2143 2432 ascititia
2176 2379 2462 2448 prwditum
2496 2381 2673 2448 ipsum
2715 2397 2840 2437 esse
2867 2384 3056 2439 dicent
3089 2388 3408 2454 eminentia.
3435 2399 3492 2444 et

1907 2469 2223 2525 adventitiis
2271 2471 2575 2528 honoribus
2614 2473 2862 2542 gloriari,
2896 2489 3125 2532 necesse
3175 2480 3285 2535 erit
3327 2497 3490 2550 porro

1907 2557 2063 2614 fateri
2100 2561 2457 2631 Unigenilum
2519 2565 2692 2633 gloria
2720 2568 3053 2638 quandoque
3084 2585 3244 2640 posse
3273 2587 3486 2637 carere,
3526 2609 3533 2614 -

1905 2660 1959 2706 et
1992 2654 2341 2722 acquisitam,
2378 2663 2438 2708 ut
2477 2657 2580 2725 ipsi
2632 2657 2960 2728 loquuntur,
2989 2677 3196 2720 exuere
3225 2665 3485 2734 gratiam,

1903 2753 1959 2798 et
1993 2745 2083 2797 illa
2123 2748 2441 2801 excellentia
2479 2764 2645 2817 supra
2676 2766 2765 2806 res
2800 2767 2992 2808 omnes
3046 2756 3324 2819 orbatum,
3360 2773 3488 2829 spo-

1907 2836 2024 2890 liari
2049 2852 2114 2892 ea
2143 2853 2304 2908 quam
2335 2840 2496 2894 modo
2535 2841 2806 2897 mirantur
2841 2847 3190 2909 excellentia.
3211 2848 3486 2918 siquidem

1904 2929 2161 2985 accidens
2195 2931 2374 2983 amitti
2422 2941 2603 3000 potest
2640 2935 2864 3003 quando
2895 2950 2926 2990 e
2961 2937 3196 3006 subjecti
3247 2955 3356 2994 non
3388 2939 3487 2995 de-

1903 3019 2103 3088 pendet
2138 3022 2398 3074 essentia.
2446 3020 2675 3075 Mutatio
2717 3023 2887 3093 igitur
2931 3035 2986 3079 et
3037 3028 3292 3082 alteratio
3325 3030 3486 3085 cadet

1905 3113 1958 3165 in
2006 3107 2222 3174 Filium,
2257 3119 2309 3164 et
2355 3113 2616 3167 mentitur
2641 3111 2934 3170 Psalmista
2977 3117 3109 3172 dum
3157 3121 3311 3175 vanis
3358 3136 3484 3176 eum

1904 3212 2067 3256 ornat
2102 3203 2356 3258 laudibus
2383 3208 2433 3257 in
2482 3205 2626 3258 hunc
2663 3206 2883 3259 modum
2920 3227 2931 3260 :
2972 3227 2989 3257 ι
3033 3209 3171 3263 lei
3202 3213 3479 3279 peribunt,

1901 3303 1958 3346 tu
2000 3303 2181 3348 autem
2220 3310 2529 3363 permanes,
2569 3304 2624 3350 et
2662 3313 2854 3352 omnes
2905 3299 3049 3352 sicut
3094 3305 3480 3357 vestimentum

1902 3394 2270 3450 veterascent,
2299 3393 2352 3440 et
2379 3386 2523 3440 sicut
2549 3389 2889 3456 opertorium
2917 3389 3103 3444 volves
3137 3406 3253 3455 eos,
3278 3401 3329 3446 et
3357 3409 3478 3448 mu-

1901 3480 2163 3531 tabuntur
2196 3496 2210 3534 :
2242 3487 2295 3530 tu
2340 3487 2522 3532 autem
2556 3480 2697 3533 idem
2732 3496 2814 3540 cs,
2845 3491 2899 3535 et
2928 3485 3057 3537 anni
3093 3484 3170 3537 tui
3205 3501 3313 3538 non
3341 3486 3478 3540 deli-

1900 3571 2043 3624 cient
2081 3571 2143 3623 ³³.
2186 3590 2203 3622 ι
2250 3570 2536 3635 Quomodo
2585 3572 2731 3625 enim
2780 3573 2920 3626 idem
2966 3575 3090 3638 erit,
3140 3574 3186 3629 si
3237 3576 3478 3630 concidit

1900 3662 2208 3723 nobiscum,
2237 3663 2400 3730 idque
2433 3663 2832 3718 mutationibus
2870 3665 2922 3716 in
2945 3664 3226 3719 deterius?
3249 3664 3476 3723 Frustra

1897 3761 2104 3814 autem,
2136 3762 2191 3804 ut
2224 3761 2468 3820 apparet,
2511 3754 2578 3806 de
2621 3769 2679 3808 se
2709 3756 2874 3807 etiam
2915 3755 3030 3822 ipse
3068 3756 3355 3825 gloriatur,
3390 3758 3475 3812 di-

1897 3859 2070 3900 cens:
2108 3864 2124 3894 ς
2166 3844 2376 3907 Videte,
2423 3845 2623 3908 videte,
2655 3846 2782 3914 quia
2826 3862 2929 3916 ego
2975 3862 3122 3914 sum,
3159 3857 3213 3902 et
3246 3865 3355 3902 non
3391 3857 3476 3905 est

1900 3935 2043 3991 Dens
2069 3944 2266 4006 praeter
2292 3951 2375 3991 me
2398 3937 2463 3989 “.
2507 3957 2525 3988 ι
2563 3937 2855 4004 Quomodo
2892 3955 3020 3994 vero
3053 3955 3159 3994 non
3190 3942 3256 3994 ad
3293 3941 3471 4010 ipsum

1897 4044 2117 4098 quoque
2144 4028 2359 4082 Patrem
2389 4028 2514 4083 Filii
2550 4031 2885 4084 mutationes
2910 4032 3282 4098 pertinebunt,
3302 4033 3474 4100 siqui-

1895 4124 2016 4173 dem
2060 4130 2145 4172 est
2169 4121 2458 4173 character
2480 4127 2534 4174 et
2567 4120 2749 4188 imago
2785 4119 2906 4188 ejus
2953 4136 3050 4189 per
3088 4122 3269 4175 omnia
3319 4123 3472 4176 simi-

1895 4211 1961 4263 lis
1992 4210 2072 4262 ³⁵⁸2
2099 4209 2212 4263 Erit
2249 4209 2420 4278 igitur
2451 4209 2736 4264 mutabilis
2759 4211 2918 4265 nobis
2953 4209 3095 4266 Deus
3120 4226 3180 4265 ac
3208 4211 3387 4276 Pater,
3416 4220 3472 4266 et

1895 4302 2244 4356 adventitiam
2271 4301 2495 4356 habebit
2525 4316 2689 4371 supra
2717 4315 2802 4356 res
2827 4315 3020 4357 omnes
3042 4304 3422 4358 excellentiam
3451 4323 3466 4358 :

1894 4394 2104 4461 reliqua
2134 4403 2311 4447 taceo.
2339 4392 2628 4460 Exemplar
2653 4393 2855 4460 quippe
2884 4392 2987 4446 sibi
3019 4407 3138 4461 qum
3169 4402 3296 4447 sunt
3329 4393 3468 4446 ima-

1893 4484 2035 4553 ginis
2069 4482 2382 4537 neccssario
2426 4481 2751 4535 vindicabit.
2783 4479 2888 4535 Sed
2924 4489 3198 4535 tantarum
3231 4481 3469 4550 indigni-

1893 4582 2063 4627 tatum
2099 4580 2152 4626 et
2182 4571 2585 4624 absurditatum
2623 4573 2852 4622 horrore
2893 4569 3021 4622 tacti
3059 4567 3467 4636 respondebunt

1889 4663 2179 4718 ascititiam
2209 4662 2257 4714 ei
2297 4674 2404 4713 non
2443 4674 2568 4714 esse
2597 4659 2976 4722 eminentiam,
3006 4658 3098 4710 sed
3122 4657 3462 4711 substantia-

1885 4753 1987 4806 lem
2050 4751 2258 4820 potius,
2285 4764 2408 4818 qua:
2449 4747 2654 4801 auferri
2706 4754 2964 4816 nequeat.
2998 4744 3221 4807 Verum,
3247 4761 3281 4798 ο
3315 4747 3460 4810 boni,

1884 4843 2160 4912 quomodo
2191 4841 2483 4894 nobiscum
2509 4840 2590 4894 vel
2625 4839 2784 4910 164
2813 4839 2965 4892 inviti
2987 4852 3097 4891 non
3130 4837 3460 4900 fatebimini,

1884 4934 2108 4997 Filium,
2137 4948 2261 4986 cum
2312 4933 2454 4985 Deus
2505 4932 2577 4984 sit
2623 4929 2927 4985 secundum
2967 4936 3242 4991 naturam,
3293 4941 3463 4995 supra

1887 5029 2069 5083 omnia
2118 5039 2263 5088 esse,
2313 5023 2544 5090 ideoque
2591 5037 2656 5074 ex
2707 5020 2824 5075 sola
2861 5019 2953 5074 Dei
3004 5034 3068 5073 ac
3119 5016 3302 5071 Patris
3333 5019 3464 5072 sub-

1887 5119 2088 5174 stantia
2123 5113 2456 5185 procedere?
2480 5112 2612 5166 Nam
2645 5113 2689 5165 si
2724 5111 2862 5165 nihil
2905 5120 2990 5165 est
3017 5115 3266 5164 creatum
3313 5108 3467 5178 quod

1888 5211 2129 5266 universi
2163 5209 2379 5263 ratione
2414 5213 2468 5262 et
2513 5205 2826 5277 significatu
2874 5219 2982 5259 non
3023 5202 3458 5271 constringatur,

1883 5315 2048 5369 supra
2088 5299 2343 5352 universa
2374 5305 2557 5351 autem
2589 5304 2674 5351 est
2705 5292 2898 5358 Filius,
2939 5301 2996 5347 ut
3029 5293 3170 5348 alius
3199 5292 3458 5345 nimirum

1887 5391 1956 5442 ab
1991 5387 2258 5442 universis
2295 5395 2349 5441 et
2389 5385 2741 5440 substantiali
2793 5397 2958 5453 supra
3013 5381 3266 5441 universa
3318 5378 3458 5432 emi-

1885 5479 2070 5534 nentia
2130 5477 2410 5548 prreditus,
2465 5489 2567 5530 nec
2614 5474 2758 5528 idem
2819 5472 3096 5528 exsistens
3152 5467 3457 5524 secundum

1884 5577 2134 5623 naturam
2170 5584 2294 5622 cum
2326 5566 2620 5632 universis,
2652 5563 2929 5635 quomodo
2963 5577 3073 5616 non
3105 5560 3211 5616 erit
3236 5557 3455 5612 tandem

1884 5663 2027 5716 Deus
2071 5661 2263 5716 verus?
2295 5660 2397 5725 Qui
2429 5658 2574 5713 enim
2604 5664 2759 5712 extra
2792 5662 3170 5711 creaturarum
3205 5645 3458 5704 multitu-
