  <div class='ocr_page' id='page_1' title='image "/cluster/home/n/w/nwhite01/storage/ocr_20150623/73/nnc1.0046980245/146.png"; bbox 0 0 4222 6510; ppageno 0'>
   <div class='ocr_carea' id='block_1_1' title="bbox 211 429 320 483">
    <p class='ocr_par' dir='ltr' id='par_1_1' title="bbox 211 429 320 483">
     <span class='ocr_line' id='line_1_1' title="bbox 211 429 320 483; baseline -0.018 0"><span class='ocrx_word' id='word_1_1' title='bbox 211 429 320 483; x_wconf 68' lang='grc'><strong>273</strong></span> 
     </span>
    </p>
   </div>
   <div class='ocr_carea' id='block_1_2' title="bbox 1278 416 2417 476">
    <p class='ocr_par' dir='ltr' id='par_1_2' title="bbox 1278 416 2417 476">
     <span class='ocr_line' id='line_1_2' title="bbox 1278 416 2417 476; baseline 0 -3"><span class='ocrx_word' id='word_1_2' title='bbox 1278 421 1340 474; x_wconf 82' lang='grc' dir='ltr'><strong>ΙΝ</strong></span> <span class='ocrx_word' id='word_1_3' title='bbox 1369 419 1654 475; x_wconf 74' lang='lat' dir='ltr'><strong>JOANNIS</strong></span> <span class='ocrx_word' id='word_1_4' title='bbox 1694 416 2142 476; x_wconf 53' lang='lat' dir='ltr'><strong>I‘IVANGELIUM</strong></span> <span class='ocrx_word' id='word_1_5' title='bbox 2183 421 2310 476; x_wconf 82' lang='lat' dir='ltr'><strong>LIB.</strong></span> <span class='ocrx_word' id='word_1_6' title='bbox 2355 420 2417 474; x_wconf 90' lang='lat' dir='ltr'><strong>ll.</strong></span> 
     </span>
    </p>
   </div>
   <div class='ocr_carea' id='block_1_3' title="bbox 3387 420 3493 474">
    <p class='ocr_par' dir='ltr' id='par_1_3' title="bbox 3387 420 3493 474">
     <span class='ocr_line' id='line_1_3' title="bbox 3387 420 3493 474; baseline 0 -1"><span class='ocrx_word' id='word_1_7' title='bbox 3387 420 3493 474; x_wconf 67' lang='grc' dir='ltr'><strong>(ἔτι</strong></span> 
     </span>
    </p>
   </div>
   <div class='ocr_carea' id='block_1_4' title="bbox 212 530 1807 612">
    <p class='ocr_par' dir='ltr' id='par_1_4' title="bbox 212 535 1800 612">
     <span class='ocr_line' id='line_1_4' title="bbox 212 535 1800 612; baseline -0.003 -20"><span class='ocrx_word' id='word_1_8' title='bbox 212 541 437 611; x_wconf 73' lang='grc' dir='ltr'>μείζονα</span> <span class='ocrx_word' id='word_1_9' title='bbox 472 540 570 612; x_wconf 73' lang='grc' dir='ltr'>μὲν</span> <span class='ocrx_word' id='word_1_10' title='bbox 600 540 778 607; x_wconf 77' lang='grc' dir='ltr'>λέγειν</span> <span class='ocrx_word' id='word_1_11' title='bbox 819 540 912 592; x_wconf 79' lang='grc' dir='ltr'><strong>καὶ</strong></span> <span class='ocrx_word' id='word_1_12' title='bbox 946 539 1150 591; x_wconf 74' lang='grc' dir='ltr'>ἄνωθεν</span> <span class='ocrx_word' id='word_1_13' title='bbox 1180 538 1363 600; x_wconf 83' lang='grc' dir='ltr'>αὑτὸν,</span> <span class='ocrx_word' id='word_1_14' title='bbox 1387 537 1581 590; x_wconf 76' lang='grc' dir='ltr'>ἑαυτὸν</span> <span class='ocrx_word' id='word_1_15' title='bbox 1612 536 1668 588; x_wconf 80' lang='grc' dir='ltr'>δὲ</span> <span class='ocrx_word' id='word_1_16' title='bbox 1700 535 1800 588; x_wconf 85' lang='grc' dir='ltr'><strong>κά-</strong></span> 
     </span>
    </p>
   </div>
   <div class='ocr_carea' id='block_1_5' title="bbox 1905 530 3492 612">
    <p class='ocr_par' dir='ltr' id='par_1_5' title="bbox 1910 530 3492 605">
     <span class='ocr_line' id='line_1_5' title="bbox 1910 530 3492 605; baseline 0.001 -17"><span class='ocrx_word' id='word_1_17' title='bbox 1910 537 2087 605; x_wconf 86' lang='lat' dir='ltr'><strong>ipsum</strong></span> <span class='ocrx_word' id='word_1_18' title='bbox 2156 537 2421 605; x_wconf 85' lang='lat' dir='ltr'><strong>majorem</strong></span> <span class='ocrx_word' id='word_1_19' title='bbox 2494 541 2548 588; x_wconf 94' lang='lat' dir='ltr'><strong>et</strong></span> <span class='ocrx_word' id='word_1_20' title='bbox 2612 533 2907 589; x_wconf 83' lang='lat' dir='ltr'><strong>desursum</strong></span> <span class='ocrx_word' id='word_1_21' title='bbox 2967 530 3190 597; x_wconf 82' lang='lat' dir='ltr'><strong>dicere,</strong></span> <span class='ocrx_word' id='word_1_22' title='bbox 3251 548 3311 589; x_wconf 89' lang='lat' dir='ltr'><strong>se</strong></span> <span class='ocrx_word' id='word_1_23' title='bbox 3361 551 3492 589; x_wconf 89' lang='lat' dir='ltr'><strong>vero</strong></span> 
     </span>
    </p>
   </div>
   <div class='ocr_carea' id='block_1_6' title="bbox 209 621 1798 701">
    <p class='ocr_par' dir='ltr' id='par_1_6' title="bbox 209 621 1798 701">
     <span class='ocr_line' id='line_1_6' title="bbox 209 621 1798 701; baseline -0.003 -17"><span class='ocrx_word' id='word_1_24' title='bbox 209 633 381 686; x_wconf 82' lang='grc' dir='ltr'>τωθεν</span> <span class='ocrx_word' id='word_1_25' title='bbox 444 634 538 685; x_wconf 76' lang='grc' dir='ltr'>καὶ</span> <span class='ocrx_word' id='word_1_26' title='bbox 569 633 677 684; x_wconf 89' lang='grc' dir='ltr'><strong>ἀπὸ</strong></span> <span class='ocrx_word' id='word_1_27' title='bbox 708 632 805 701; x_wconf 81' lang='grc' dir='ltr'><strong>τῆς</strong></span> <span class='ocrx_word' id='word_1_28' title='bbox 844 630 977 700; x_wconf 79' lang='grc' dir='ltr'>γῆς’</span> <span class='ocrx_word' id='word_1_29' title='bbox 1020 630 1336 698; x_wconf 78' lang='grc' dir='ltr'><strong>ἀναγκαίως</strong></span> <span class='ocrx_word' id='word_1_30' title='bbox 1376 630 1469 697; x_wconf 83' lang='grc' dir='ltr'><strong>ἀφ’</strong></span> <span class='ocrx_word' id='word_1_31' title='bbox 1508 621 1582 681; x_wconf 83' lang='grc' dir='ltr'>ὧν</span> <span class='ocrx_word' id='word_1_32' title='bbox 1637 627 1798 689; x_wconf 78' lang='grc' dir='ltr'>αὐτὸς</span> 
     </span>
    </p>
   </div>
   <div class='ocr_carea' id='block_1_7' title="bbox 210 721 1801 795">
    <p class='ocr_par' dir='ltr' id='par_1_7' title="bbox 210 721 1801 795">
     <span class='ocr_line' id='line_1_7' title="bbox 210 721 1801 795; baseline -0.003 -19"><span class='ocrx_word' id='word_1_33' title='bbox 210 726 451 794; x_wconf 78' lang='grc' dir='ltr'><strong>ἔφασκεν</strong></span> <span class='ocrx_word' id='word_1_34' title='bbox 479 726 508 777; x_wconf 90' lang='lat'><strong>6</strong></span> <span class='ocrx_word' id='word_1_35' title='bbox 546 724 736 795; x_wconf 82' lang='grc' dir='ltr'>Σωτὴρ</span> <span class='ocrx_word' id='word_1_36' title='bbox 756 767 770 789; x_wconf 96' lang='grc'><strong>,</strong></span> <span class='ocrx_word' id='word_1_37' title='bbox 802 724 900 795; x_wconf 84' lang='grc' dir='ltr'><strong>τὴν</strong></span> <span class='ocrx_word' id='word_1_38' title='bbox 931 724 1039 775; x_wconf 81' lang='grc' dir='ltr'><strong>τῶν</strong></span> <span class='ocrx_word' id='word_1_39' title='bbox 1072 724 1382 795; x_wconf 75' lang='grc' dir='ltr'><strong>εἰρημένων</strong></span> <span class='ocrx_word' id='word_1_40' title='bbox 1414 721 1801 791; x_wconf 75' lang='grc' dir='ltr'>ὲπισφραγὶζει</span> 
     </span>
    </p>
   </div>
   <div class='ocr_carea' id='block_1_8' title="bbox 207 812 1800 886">
    <p class='ocr_par' dir='ltr' id='par_1_8' title="bbox 207 812 1800 886">
     <span class='ocr_line' id='line_1_8' title="bbox 207 812 1800 886; baseline -0.003 -18"><span class='ocrx_word' id='word_1_41' title='bbox 207 817 461 886; x_wconf 87' lang='grc' dir='ltr'>δύναμιν,</span> <span class='ocrx_word' id='word_1_42' title='bbox 482 818 576 870; x_wconf 76' lang='grc' dir='ltr'>καὶ</span> <span class='ocrx_word' id='word_1_43' title='bbox 602 815 877 886; x_wconf 76' lang='grc' dir='ltr'>πρόφασιν</span> <span class='ocrx_word' id='word_1_44' title='bbox 903 816 1022 886; x_wconf 82' lang='grc' dir='ltr'>μὲν,</span> <span class='ocrx_word' id='word_1_45' title='bbox 1048 816 1109 867; x_wconf 79' lang='grc' dir='ltr'><strong>οὐ</strong></span> <span class='ocrx_word' id='word_1_46' title='bbox 1134 814 1387 885; x_wconf 85' lang='grc' dir='ltr'>καθάπερ</span> <span class='ocrx_word' id='word_1_47' title='bbox 1417 812 1583 884; x_wconf 75' lang='grc' dir='ltr'>ᾤοντο</span> <span class='ocrx_word' id='word_1_48' title='bbox 1616 813 1800 880; x_wconf 86' lang='grc' dir='ltr'>κενὴν,</span> 
     </span>
    </p>
   </div>
   <div class='ocr_carea' id='block_1_9' title="bbox 210 904 1804 980">
    <p class='ocr_par' dir='ltr' id='par_1_9' title="bbox 210 904 1804 980">
     <span class='ocr_line' id='line_1_9' title="bbox 210 904 1804 980; baseline -0.003 -19"><span class='ocrx_word' id='word_1_49' title='bbox 210 910 469 979; x_wconf 80' lang='grc' dir='ltr'><strong>ἀληθείας</strong></span> <span class='ocrx_word' id='word_1_50' title='bbox 501 910 558 963; x_wconf 85' lang='grc' dir='ltr'>δὲ</span> <span class='ocrx_word' id='word_1_51' title='bbox 612 909 813 980; x_wconf 81' lang='grc' dir='ltr'>μᾶλλον</span> <span class='ocrx_word' id='word_1_52' title='bbox 864 907 1139 971; x_wconf 75' lang='grc' dir='ltr'>ἀπόδειξιν</span> <span class='ocrx_word' id='word_1_53' title='bbox 1162 947 1178 971; x_wconf 94' lang='grc'><strong>,</strong></span> <span class='ocrx_word' id='word_1_54' title='bbox 1228 905 1554 959; x_wconf 74' lang='grc' dir='ltr'><strong>ἐπιδεικνύει</strong></span> <span class='ocrx_word' id='word_1_55' title='bbox 1588 905 1685 976; x_wconf 79' lang='grc' dir='ltr'>τὴν</span> <span class='ocrx_word' id='word_1_56' title='bbox 1719 904 1804 968; x_wconf 77' lang='grc' dir='ltr'><strong>ὲξο</strong></span> 
     </span>
    </p>
   </div>
   <div class='ocr_carea' id='block_1_10' title="bbox 212 995 1802 1070">
    <p class='ocr_par' dir='ltr' id='par_1_10' title="bbox 212 995 1802 1070">
     <span class='ocr_line' id='line_1_10' title="bbox 212 995 1802 1070; baseline -0.004 -17"><span class='ocrx_word' id='word_1_57' title='bbox 212 1003 433 1070; x_wconf 81' lang='grc' dir='ltr'>ήγησιν.</span> <span class='ocrx_word' id='word_1_58' title='bbox 499 1000 719 1070; x_wconf 82' lang='grc' dir='ltr'>Ἐπειδὴ</span> <span class='ocrx_word' id='word_1_59' title='bbox 751 999 808 1053; x_wconf 81' lang='grc' dir='ltr'>δὲ</span> <span class='ocrx_word' id='word_1_60' title='bbox 850 1001 946 1054; x_wconf 72' lang='grc' dir='ltr'><strong>καὶ</strong></span> <span class='ocrx_word' id='word_1_61' title='bbox 980 998 1144 1068; x_wconf 78' lang='grc' dir='ltr'>ἑτέρα</span> <span class='ocrx_word' id='word_1_62' title='bbox 1176 997 1403 1066; x_wconf 72' lang='grc' dir='ltr'>φαίνετα</span> <span class='ocrx_word' id='word_1_63' title='bbox 1478 995 1572 1049; x_wconf 77' lang='grc' dir='ltr'>τοῦ</span> <span class='ocrx_word' id='word_1_64' title='bbox 1618 996 1802 1064; x_wconf 82' lang='grc' dir='ltr'><strong>στίχου</strong></span> 
     </span>
    </p>
   </div>
   <div class='ocr_carea' id='block_1_11' title="bbox 211 1095 451 1164">
    <p class='ocr_par' dir='ltr' id='par_1_11' title="bbox 211 1095 451 1164">
     <span class='ocr_line' id='line_1_11' title="bbox 211 1095 451 1164; baseline 0.021 -5"><span class='ocrx_word' id='word_1_65' title='bbox 211 1095 400 1164; x_wconf 79' lang='grc' dir='ltr'>γραφή</span> <span class='ocrx_word' id='word_1_66' title='bbox 438 1111 451 1125; x_wconf 94' lang='grc'><strong>·</strong></span> 
     </span>
    </p>
   </div>
   <div class='ocr_carea' id='block_1_12' title="bbox 292 1181 1806 1256">
    <p class='ocr_par' dir='ltr' id='par_1_12' title="bbox 292 1181 1806 1256">
     <span class='ocr_line' id='line_1_12' title="bbox 292 1181 1806 1256; baseline -0.002 -19"><span class='ocrx_word' id='word_1_67' title='bbox 292 1187 353 1237; x_wconf 85' lang='grc' dir='ltr'><strong><em>Ὅ</em></strong></span> <span class='ocrx_word' id='word_1_68' title='bbox 385 1185 495 1254; x_wconf 75' lang='grc' dir='ltr'>γὰρ</span> <span class='ocrx_word' id='word_1_69' title='bbox 527 1187 779 1255; x_wconf 74' lang='grc' dir='ltr'>ἑώρακε,</span> <span class='ocrx_word' id='word_1_70' title='bbox 826 1185 960 1256; x_wconf 75' lang='grc' dir='ltr'>φησὶ</span> <span class='ocrx_word' id='word_1_71' title='bbox 979 1226 993 1250; x_wconf 95' lang='grc'><strong>,</strong></span> <span class='ocrx_word' id='word_1_72' title='bbox 1027 1183 1124 1238; x_wconf 73' lang='grc' dir='ltr'>καὶ</span> <span class='ocrx_word' id='word_1_73' title='bbox 1153 1183 1385 1252; x_wconf 77' lang='grc' dir='ltr'>ἤκουσε</span> <span class='ocrx_word' id='word_1_74' title='bbox 1405 1222 1420 1248; x_wconf 95' lang='grc'><strong>,</strong></span> <span class='ocrx_word' id='word_1_75' title='bbox 1466 1181 1641 1237; x_wconf 85' lang='grc' dir='ltr'>τοῦτο</span> <span class='ocrx_word' id='word_1_76' title='bbox 1660 1198 1806 1250; x_wconf 86' lang='grc' dir='ltr'>μαρ-</span> 
     </span>
    </p>
   </div>
   <div class='ocr_carea' id='block_1_13' title="bbox 209 1278 407 1343">
    <p class='ocr_par' dir='ltr' id='par_1_13' title="bbox 209 1278 407 1343">
     <span class='ocr_line' id='line_1_13' title="bbox 209 1278 407 1343; baseline -0.005 -12"><span class='ocrx_word' id='word_1_77' title='bbox 209 1298 240 1331; x_wconf 83' lang='grc' dir='ltr'><strong>τ</strong></span> <span class='ocrx_word' id='word_1_78' title='bbox 253 1278 381 1343; x_wconf 77' lang='grc' dir='ltr'>ιιρεῖ</span> <span class='ocrx_word' id='word_1_79' title='bbox 395 1296 407 1306; x_wconf 69' lang='grc'><strong><em>⁸</em></strong></span> 
     </span>
    </p>
   </div>
   <div class='ocr_carea' id='block_1_14' title="bbox 286 1363 1807 1439">
    <p class='ocr_par' dir='ltr' id='par_1_14' title="bbox 286 1363 1807 1439">
     <span class='ocr_line' id='line_1_14' title="bbox 286 1363 1807 1439; baseline -0.005 -17"><span class='ocrx_word' id='word_1_80' title='bbox 286 1371 424 1439; x_wconf 78' lang='grc' dir='ltr'>Φέρε</span> <span class='ocrx_word' id='word_1_81' title='bbox 454 1370 549 1423; x_wconf 78' lang='grc' dir='ltr'><strong>καὶ</strong></span> <span class='ocrx_word' id='word_1_82' title='bbox 589 1370 670 1432; x_wconf 76' lang='grc' dir='ltr'><strong>εἰς</strong></span> <span class='ocrx_word' id='word_1_83' title='bbox 720 1370 892 1439; x_wconf 77' lang='grc' dir='ltr'>αὐτὴν</span> <span class='ocrx_word' id='word_1_84' title='bbox 920 1368 1079 1436; x_wconf 82' lang='grc' dir='ltr'>ὀλίγα</span> <span class='ocrx_word' id='word_1_85' title='bbox 1122 1365 1501 1435; x_wconf 80' lang='grc' dir='ltr'>διαλεξόμεθα.</span> <span class='ocrx_word' id='word_1_86' title='bbox 1564 1363 1674 1426; x_wconf 85' lang='grc' dir='ltr'><strong>Τὰς</strong></span> <span class='ocrx_word' id='word_1_87' title='bbox 1723 1364 1807 1431; x_wconf 74' lang='grc' dir='ltr'><strong>ἐφ’</strong></span> 
     </span>
    </p>
   </div>
   <div class='ocr_carea' id='block_1_15' title="bbox 214 1456 1809 1534">
    <p class='ocr_par' dir='ltr' id='par_1_15' title="bbox 214 1456 1809 1534">
     <span class='ocr_line' id='line_1_15' title="bbox 214 1456 1809 1534; baseline -0.003 -19"><span class='ocrx_word' id='word_1_88' title='bbox 214 1466 432 1533; x_wconf 73' lang='grc' dir='ltr'>ἑκάστῳ</span> <span class='ocrx_word' id='word_1_89' title='bbox 452 1463 563 1515; x_wconf 84' lang='grc' dir='ltr'>τῶν</span> <span class='ocrx_word' id='word_1_90' title='bbox 585 1463 926 1534; x_wconf 83' lang='grc' dir='ltr'>πραγμάτων</span> <span class='ocrx_word' id='word_1_91' title='bbox 942 1460 1337 1530; x_wconf 77' lang='grc' dir='ltr'><strong>πληροφορίας,</strong></span> <span class='ocrx_word' id='word_1_92' title='bbox 1354 1457 1442 1512; x_wconf 78' lang='grc' dir='ltr'><strong>διὰ</strong></span> <span class='ocrx_word' id='word_1_93' title='bbox 1461 1457 1555 1511; x_wconf 88' lang='grc' dir='ltr'><strong>δύο</strong></span> <span class='ocrx_word' id='word_1_94' title='bbox 1574 1456 1809 1527; x_wconf 85' lang='grc' dir='ltr'>μάλιστα</span> 
     </span>
    </p>
   </div>
   <div class='ocr_carea' id='block_1_16' title="bbox 211 1549 1808 1627">
    <p class='ocr_par' dir='ltr' id='par_1_16' title="bbox 211 1549 1808 1627">
     <span class='ocr_line' id='line_1_16' title="bbox 211 1549 1808 1627; baseline -0.006 -18"><span class='ocrx_word' id='word_1_95' title='bbox 211 1557 327 1609; x_wconf 82' lang='grc' dir='ltr'><strong>τῶν</strong></span> <span class='ocrx_word' id='word_1_96' title='bbox 356 1556 705 1627; x_wconf 78' lang='grc' dir='ltr'>κυριωτέρων</span> <span class='ocrx_word' id='word_1_97' title='bbox 734 1555 1041 1625; x_wconf 79' lang='grc' dir='ltr'>αἰσθήσεων</span> <span class='ocrx_word' id='word_1_98' title='bbox 1078 1551 1377 1622; x_wconf 81' lang='grc' dir='ltr'>λαμὸάνειν</span> <span class='ocrx_word' id='word_1_99' title='bbox 1400 1549 1728 1619; x_wconf 73' lang='grc' dir='ltr'>πεφύκαμεν</span> <span class='ocrx_word' id='word_1_100' title='bbox 1751 1566 1808 1602; x_wconf 89' lang='grc' dir='ltr'><strong>τε</strong></span> 
     </span>
    </p>
   </div>
   <div class='ocr_carea' id='block_1_17' title="bbox 216 1637 1809 1714">
    <p class='ocr_par' dir='ltr' id='par_1_17' title="bbox 216 1637 1809 1714">
     <span class='ocr_line' id='line_1_17' title="bbox 216 1637 1809 1714; baseline -0.007 -15"><span class='ocrx_word' id='word_1_101' title='bbox 216 1650 313 1700; x_wconf 77' lang='grc' dir='ltr'><strong>καὶ</strong></span> <span class='ocrx_word' id='word_1_102' title='bbox 347 1644 770 1714; x_wconf 80' lang='grc' dir='ltr'>κατειθίσμεθα,</span> <span class='ocrx_word' id='word_1_103' title='bbox 802 1644 977 1711; x_wconf 75' lang='grc' dir='ltr'>ὄψεως</span> <span class='ocrx_word' id='word_1_104' title='bbox 1013 1642 1078 1699; x_wconf 76' lang='grc' dir='ltr'>δὴ</span> <span class='ocrx_word' id='word_1_105' title='bbox 1108 1642 1252 1708; x_wconf 84' lang='grc' dir='ltr'>λέγω</span> <span class='ocrx_word' id='word_1_106' title='bbox 1296 1639 1391 1692; x_wconf 75' lang='grc' dir='ltr'><strong>καὶ</strong></span> <span class='ocrx_word' id='word_1_107' title='bbox 1420 1637 1599 1707; x_wconf 82' lang='grc' dir='ltr'>ἀκοῆς</span> <span class='ocrx_word' id='word_1_108' title='bbox 1622 1653 1634 1666; x_wconf 90' lang='grc'><strong>·</strong></span> <span class='ocrx_word' id='word_1_109' title='bbox 1680 1637 1809 1690; x_wconf 83' lang='grc' dir='ltr'>αύτ-</span> 
     </span>
    </p>
   </div>
   <div class='ocr_carea' id='block_1_18' title="bbox 212 1727 1807 1806">
    <p class='ocr_par' dir='ltr' id='par_1_18' title="bbox 212 1727 1807 1806">
     <span class='ocr_line' id='line_1_18' title="bbox 212 1727 1807 1806; baseline -0.007 -18"><span class='ocrx_word' id='word_1_110' title='bbox 212 1737 377 1806; x_wconf 77' lang='grc' dir='ltr'>ἠκοοί</span> <span class='ocrx_word' id='word_1_111' title='bbox 404 1753 464 1788; x_wconf 91' lang='grc' dir='ltr'><strong>τε</strong></span> <span class='ocrx_word' id='word_1_112' title='bbox 504 1735 613 1804; x_wconf 82' lang='grc' dir='ltr'><strong>γὰρ</strong></span> <span class='ocrx_word' id='word_1_113' title='bbox 653 1734 747 1787; x_wconf 80' lang='grc' dir='ltr'>καὶ</span> <span class='ocrx_word' id='word_1_114' title='bbox 780 1734 1176 1785; x_wconf 79' lang='grc' dir='ltr'>αὑτεπίσκοποι</span> <span class='ocrx_word' id='word_1_115' title='bbox 1221 1728 1582 1798; x_wconf 78' lang='grc' dir='ltr'>γεγενημένοι</span> <span class='ocrx_word' id='word_1_116' title='bbox 1623 1727 1807 1790; x_wconf 83' lang='grc' dir='ltr'>τινῶν,</span> 
     </span>
    </p>
   </div>
   <div class='ocr_carea' id='block_1_19' title="bbox 212 1818 1805 1895">
    <p class='ocr_par' dir='ltr' id='par_1_19' title="bbox 212 1818 1805 1895">
     <span class='ocr_line' id='line_1_19' title="bbox 212 1818 1805 1895; baseline -0.007 -14"><span class='ocrx_word' id='word_1_117' title='bbox 212 1830 309 1881; x_wconf 72' lang='grc' dir='ltr'>ἐπὶ</span> <span class='ocrx_word' id='word_1_118' title='bbox 355 1828 416 1879; x_wconf 78' lang='grc' dir='ltr'><strong>τὸ</strong></span> <span class='ocrx_word' id='word_1_119' title='bbox 462 1828 640 1895; x_wconf 80' lang='grc' dir='ltr'>λέγειν</span> <span class='ocrx_word' id='word_1_120' title='bbox 684 1825 1077 1886; x_wconf 85' lang='grc' dir='ltr'>ἀνενδοιάστως</span> <span class='ocrx_word' id='word_1_121' title='bbox 1126 1823 1256 1892; x_wconf 81' lang='grc' dir='ltr'>περὶ</span> <span class='ocrx_word' id='word_1_122' title='bbox 1290 1820 1468 1875; x_wconf 84' lang='grc' dir='ltr'>αὐτῶν</span> <span class='ocrx_word' id='word_1_123' title='bbox 1516 1818 1805 1890; x_wconf 80' lang='grc' dir='ltr'>ἐρχόμεθα.</span> 
     </span>
    </p>
   </div>
   <div class='ocr_carea' id='block_1_20' title="bbox 228 1909 1809 1984">
    <p class='ocr_par' dir='ltr' id='par_1_20' title="bbox 228 1909 1809 1984">
     <span class='ocr_line' id='line_1_20' title="bbox 228 1909 1809 1984; baseline -0.004 -16"><span class='ocrx_word' id='word_1_124' title='bbox 228 1915 562 1968; x_wconf 82' lang='grc' dir='ltr'>Ἀναπείθων</span> <span class='ocrx_word' id='word_1_125' title='bbox 596 1913 886 1984; x_wconf 74' lang='grc' dir='ltr'>τοιγαροῦν</span> <span class='ocrx_word' id='word_1_126' title='bbox 908 1952 923 1975; x_wconf 85' lang='grc'><strong>,</strong></span> <span class='ocrx_word' id='word_1_127' title='bbox 954 1911 1229 1982; x_wconf 77' lang='grc' dir='ltr'>δρομαίως</span> <span class='ocrx_word' id='word_1_128' title='bbox 1252 1910 1457 1972; x_wconf 80' lang='grc' dir='ltr'>αὐτοὺς</span> <span class='ocrx_word' id='word_1_129' title='bbox 1498 1909 1591 1962; x_wconf 71' lang='grc' dir='ltr'>ἐπὶ</span> <span class='ocrx_word' id='word_1_130' title='bbox 1615 1909 1678 1960; x_wconf 90' lang='grc' dir='ltr'><strong>τὸ</strong></span> <span class='ocrx_word' id='word_1_131' title='bbox 1718 1926 1809 1961; x_wconf 88' lang='grc' dir='ltr'>πι-</span> 
     </span>
    </p>
   </div>
   <div class='ocr_carea' id='block_1_21' title="bbox 217 1998 1804 2077">
    <p class='ocr_par' dir='ltr' id='par_1_21' title="bbox 217 1998 1804 2077">
     <span class='ocr_line' id='line_1_21' title="bbox 217 1998 1804 2077; baseline -0.005 -16"><span class='ocrx_word' id='word_1_132' title='bbox 217 2009 434 2062; x_wconf 80' lang='grc' dir='ltr'>στεύειν</span> <span class='ocrx_word' id='word_1_133' title='bbox 486 2008 620 2060; x_wconf 79' lang='grc' dir='ltr'>ἰὲναι</span> <span class='ocrx_word' id='word_1_134' title='bbox 687 2006 767 2076; x_wconf 86' lang='grc' dir='ltr'>τῷ</span> <span class='ocrx_word' id='word_1_135' title='bbox 816 2007 1057 2077; x_wconf 86' lang='grc' dir='ltr'>Χριστῷ,</span> <span class='ocrx_word' id='word_1_136' title='bbox 1116 2004 1262 2057; x_wconf 82' lang='grc' dir='ltr'>λαλεῖ</span> <span class='ocrx_word' id='word_1_137' title='bbox 1294 2001 1441 2072; x_wconf 86' lang='grc' dir='ltr'>γὰρ,</span> <span class='ocrx_word' id='word_1_138' title='bbox 1489 2003 1625 2071; x_wconf 83' lang='grc' dir='ltr'>ὅπερ</span> <span class='ocrx_word' id='word_1_139' title='bbox 1676 1998 1804 2066; x_wconf 83' lang='grc' dir='ltr'>οἶδε,</span> 
     </span>
    </p>
   </div>
   <div class='ocr_carea' id='block_1_22' title="bbox 215 2096 1807 2172">
    <p class='ocr_par' dir='ltr' id='par_1_22' title="bbox 215 2096 1807 2172">
     <span class='ocr_line' id='line_1_22' title="bbox 215 2096 1807 2172; baseline -0.003 -17"><span class='ocrx_word' id='word_1_140' title='bbox 215 2104 409 2172; x_wconf 66' lang='grc' dir='ltr'>φησὶν,</span> <span class='ocrx_word' id='word_1_141' title='bbox 439 2100 713 2171; x_wconf 78' lang='grc' dir='ltr'>ἀκριϐῶς·</span> <span class='ocrx_word' id='word_1_142' title='bbox 751 2100 1018 2170; x_wconf 77' lang='grc' dir='ltr'>λαμϐάνει</span> <span class='ocrx_word' id='word_1_143' title='bbox 1053 2099 1111 2151; x_wconf 79' lang='grc' dir='ltr'>δὲ</span> <span class='ocrx_word' id='word_1_144' title='bbox 1146 2097 1319 2151; x_wconf 83' lang='grc' dir='ltr'>πάλιν</span> <span class='ocrx_word' id='word_1_145' title='bbox 1355 2098 1430 2160; x_wconf 82' lang='grc' dir='ltr'><strong>ὡς</strong></span> <span class='ocrx_word' id='word_1_146' title='bbox 1460 2096 1519 2161; x_wconf 76' lang='grc' dir='ltr'><strong>ἐξ</strong></span> <span class='ocrx_word' id='word_1_147' title='bbox 1554 2098 1807 2167; x_wconf 84' lang='grc' dir='ltr'>ὁμοιότη-</span> 
     </span>
    </p>
   </div>
   <div class='ocr_carea' id='block_1_23' title="bbox 214 2189 1807 2263">
    <p class='ocr_par' dir='ltr' id='par_1_23' title="bbox 214 2189 1807 2263">
     <span class='ocr_line' id='line_1_23' title="bbox 214 2189 1807 2263; baseline -0.003 -17"><span class='ocrx_word' id='word_1_148' title='bbox 214 2212 308 2257; x_wconf 82' lang='grc' dir='ltr'><strong>τος</strong></span> <span class='ocrx_word' id='word_1_149' title='bbox 339 2194 439 2262; x_wconf 78' lang='grc' dir='ltr'>τῆς</span> <span class='ocrx_word' id='word_1_150' title='bbox 459 2193 581 2246; x_wconf 80' lang='grc' dir='ltr'>καθ’</span> <span class='ocrx_word' id='word_1_151' title='bbox 614 2194 761 2263; x_wconf 81' lang='grc' dir='ltr'>ἡμᾶς</span> <span class='ocrx_word' id='word_1_152' title='bbox 784 2236 797 2255; x_wconf 89' lang='grc'><strong>,</strong></span> <span class='ocrx_word' id='word_1_153' title='bbox 831 2192 919 2244; x_wconf 85' lang='grc' dir='ltr'>ἵνα</span> <span class='ocrx_word' id='word_1_154' title='bbox 947 2191 1156 2262; x_wconf 85' lang='grc' dir='ltr'>νοῶμεν</span> <span class='ocrx_word' id='word_1_155' title='bbox 1181 2189 1676 2262; x_wconf 83' lang='grc' dir='ltr'>θεοπρεπέστερον,</span> <span class='ocrx_word' id='word_1_156' title='bbox 1713 2192 1807 2242; x_wconf 82' lang='grc' dir='ltr'><strong>καί</strong></span> 
     </span>
    </p>
   </div>
   <div class='ocr_carea' id='block_1_24' title="bbox 217 2281 1755 2355">
    <p class='ocr_par' dir='ltr' id='par_1_24' title="bbox 217 2281 1755 2355">
     <span class='ocr_line' id='line_1_24' title="bbox 217 2281 1755 2355; baseline -0.005 -16"><span class='ocrx_word' id='word_1_157' title='bbox 217 2302 409 2355; x_wconf 75' lang='grc' dir='ltr'>φησιν’</span> <span class='ocrx_word' id='word_1_158' title='bbox 449 2307 465 2334; x_wconf 75' lang='grc' dir='ltr'><strong>ι</strong></span> <span class='ocrx_word' id='word_1_159' title='bbox 501 2287 565 2338; x_wconf 90' lang='grc' dir='ltr'><strong>Ὃ</strong></span> <span class='ocrx_word' id='word_1_160' title='bbox 594 2284 805 2354; x_wconf 76' lang='grc' dir='ltr'>ἑώρακε</span> <span class='ocrx_word' id='word_1_161' title='bbox 854 2284 947 2336; x_wconf 68' lang='grc' dir='ltr'>καὶ</span> <span class='ocrx_word' id='word_1_162' title='bbox 982 2284 1204 2351; x_wconf 75' lang='grc' dir='ltr'>ἢκουσε,</span> <span class='ocrx_word' id='word_1_163' title='bbox 1232 2281 1390 2334; x_wconf 79' lang='grc' dir='ltr'>τοῦτο</span> <span class='ocrx_word' id='word_1_164' title='bbox 1420 2285 1703 2351; x_wconf 78' lang='grc' dir='ltr'>μαρτυρεῖ.</span> <span class='ocrx_word' id='word_1_165' title='bbox 1738 2302 1755 2332; x_wconf 77' lang='grc' dir='ltr'><strong>ι</strong></span> 
     </span>
    </p>
   </div>
   <div class='ocr_carea' id='block_1_25' title="bbox 300 2374 1664 2446">
    <p class='ocr_par' dir='ltr' id='par_1_25' title="bbox 300 2374 1664 2446">
     <span class='ocr_line' id='line_1_25' title="bbox 300 2374 1664 2446; baseline -0.002 -14"><span class='ocrx_word' id='word_1_166' title='bbox 300 2380 405 2433; x_wconf 78' lang='grc' dir='ltr'><strong>Καὶ</strong></span> <span class='ocrx_word' id='word_1_167' title='bbox 431 2378 542 2445; x_wconf 80' lang='grc' dir='ltr'><strong>τὴν</strong></span> <span class='ocrx_word' id='word_1_168' title='bbox 561 2379 895 2446; x_wconf 76' lang='grc' dir='ltr'>μαρτυρίαν</span> <span class='ocrx_word' id='word_1_169' title='bbox 920 2374 1107 2429; x_wconf 84' lang='grc' dir='ltr'>αὐτοῦ</span> <span class='ocrx_word' id='word_1_170' title='bbox 1141 2374 1338 2440; x_wconf 75' lang='grc' dir='ltr'>οὐδεὶς</span> <span class='ocrx_word' id='word_1_171' title='bbox 1356 2375 1664 2444; x_wconf 79' lang='grc' dir='ltr'>λαμϐάνει.</span> 
     </span>
    </p>
   </div>
   <div class='ocr_carea' id='block_1_26' title="bbox 292 2465 1807 2539">
    <p class='ocr_par' dir='ltr' id='par_1_26' title="bbox 292 2465 1807 2539">
     <span class='ocr_line' id='line_1_26' title="bbox 292 2465 1807 2539; baseline -0.004 -16"><span class='ocrx_word' id='word_1_172' title='bbox 292 2474 406 2539; x_wconf 72' lang='grc' dir='ltr'><strong>Οὐχ</strong></span> <span class='ocrx_word' id='word_1_173' title='bbox 435 2470 508 2533; x_wconf 83' lang='grc' dir='ltr'>ὼς</span> <span class='ocrx_word' id='word_1_174' title='bbox 540 2469 770 2539; x_wconf 88' lang='grc' dir='ltr'>μηδενὸς</span> <span class='ocrx_word' id='word_1_175' title='bbox 801 2467 1093 2536; x_wconf 80' lang='grc' dir='ltr'>δεχομένου</span> <span class='ocrx_word' id='word_1_176' title='bbox 1124 2466 1225 2533; x_wconf 79' lang='grc' dir='ltr'>τὴν</span> <span class='ocrx_word' id='word_1_177' title='bbox 1256 2465 1560 2536; x_wconf 84' lang='grc' dir='ltr'>μαρτυρίαν</span> <span class='ocrx_word' id='word_1_178' title='bbox 1606 2466 1709 2533; x_wconf 83' lang='grc' dir='ltr'>(ὅτι</span> <span class='ocrx_word' id='word_1_179' title='bbox 1743 2465 1807 2534; x_wconf 81' lang='grc' dir='ltr'>δὴ</span> 
     </span>
    </p>
   </div>
   <div class='ocr_carea' id='block_1_27' title="bbox 220 2558 1808 2630">
    <p class='ocr_par' dir='ltr' id='par_1_27' title="bbox 220 2558 1808 2630">
     <span class='ocr_line' id='line_1_27' title="bbox 220 2558 1808 2630; baseline -0.004 -16"><span class='ocrx_word' id='word_1_180' title='bbox 220 2565 320 2614; x_wconf 71' lang='grc' dir='ltr'><strong>καὶ</strong></span> <span class='ocrx_word' id='word_1_181' title='bbox 363 2562 494 2623; x_wconf 82' lang='grc' dir='ltr'>Θεὸς</span> <span class='ocrx_word' id='word_1_182' title='bbox 532 2562 675 2614; x_wconf 79' lang='grc' dir='ltr'>κατὰ</span> <span class='ocrx_word' id='word_1_183' title='bbox 707 2559 869 2628; x_wconf 83' lang='grc' dir='ltr'>φύσιν</span> <span class='ocrx_word' id='word_1_184' title='bbox 923 2558 1156 2630; x_wconf 79' lang='grc' dir='ltr'>ὑπάρχει</span> <span class='ocrx_word' id='word_1_185' title='bbox 1190 2558 1457 2629; x_wconf 85' lang='grc' dir='ltr'>Χριστὸς,</span> <span class='ocrx_word' id='word_1_186' title='bbox 1505 2558 1712 2612; x_wconf 81' lang='grc' dir='ltr'>ἄνωθέν</span> <span class='ocrx_word' id='word_1_187' title='bbox 1750 2574 1808 2608; x_wconf 89' lang='grc' dir='ltr'><strong>τε</strong></span> 
     </span>
    </p>
   </div>
   <div class='ocr_carea' id='block_1_28' title="bbox 216 2646 1810 2719">
    <p class='ocr_par' dir='ltr' id='par_1_28' title="bbox 216 2646 1810 2719">
     <span class='ocr_line' id='line_1_28' title="bbox 216 2646 1810 2719; baseline -0.003 -17"><span class='ocrx_word' id='word_1_188' title='bbox 216 2652 317 2703; x_wconf 73' lang='grc' dir='ltr'>καὶ</span> <span class='ocrx_word' id='word_1_189' title='bbox 352 2653 414 2702; x_wconf 77' lang='grc' dir='ltr'>ἐκ</span> <span class='ocrx_word' id='word_1_190' title='bbox 462 2651 673 2719; x_wconf 83' lang='grc' dir='ltr'>Πατρὸς</span> <span class='ocrx_word' id='word_1_191' title='bbox 699 2649 1018 2719; x_wconf 83' lang='grc' dir='ltr'>ὁρμώμενος</span> <span class='ocrx_word' id='word_1_192' title='bbox 1038 2688 1052 2712; x_wconf 92' lang='grc'><strong>,</strong></span> <span class='ocrx_word' id='word_1_193' title='bbox 1086 2649 1272 2701; x_wconf 80' lang='grc' dir='ltr'>ἐπάνω</span> <span class='ocrx_word' id='word_1_194' title='bbox 1302 2648 1520 2700; x_wconf 82' lang='grc' dir='ltr'>πάντων</span> <span class='ocrx_word' id='word_1_195' title='bbox 1555 2649 1712 2714; x_wconf 78' lang='grc' dir='ltr'>ἐστὶ),</span> <span class='ocrx_word' id='word_1_196' title='bbox 1743 2646 1810 2699; x_wconf 81' lang='grc' dir='ltr'>τὰ</span> 
     </span>
    </p>
   </div>
   <div class='ocr_carea' id='block_1_29' title="bbox 215 2740 1809 2812">
    <p class='ocr_par' dir='ltr' id='par_1_29' title="bbox 215 2740 1809 2812">
     <span class='ocr_line' id='line_1_29' title="bbox 215 2740 1809 2812; baseline -0.001 -19"><span class='ocrx_word' id='word_1_197' title='bbox 215 2741 446 2795; x_wconf 68' lang='grc' dir='ltr'>τοιαῦτα</span> <span class='ocrx_word' id='word_1_198' title='bbox 488 2759 651 2812; x_wconf 80' lang='grc' dir='ltr'>φησιν</span> <span class='ocrx_word' id='word_1_199' title='bbox 692 2744 720 2794; x_wconf 89' lang='lat'><strong>6</strong></span> <span class='ocrx_word' id='word_1_200' title='bbox 769 2742 1037 2811; x_wconf 79' lang='grc' dir='ltr'>μακάριος</span> <span class='ocrx_word' id='word_1_201' title='bbox 1082 2742 1392 2809; x_wconf 73' lang='grc' dir='ltr'>Βαπτιστὴς</span> <span class='ocrx_word' id='word_1_202' title='bbox 1447 2740 1670 2809; x_wconf 68' lang='grc' dir='ltr'>(πολλοὶ</span> <span class='ocrx_word' id='word_1_203' title='bbox 1701 2740 1809 2810; x_wconf 72' lang='grc' dir='ltr'>γὰρ</span> 
     </span>
    </p>
   </div>
   <div class='ocr_carea' id='block_1_30' title="bbox 217 2833 1811 2901">
    <p class='ocr_par' dir='ltr' id='par_1_30' title="bbox 217 2833 1811 2901">
     <span class='ocr_line' id='line_1_30' title="bbox 217 2833 1811 2901; baseline -0.001 -15"><span class='ocrx_word' id='word_1_204' title='bbox 217 2834 472 2899; x_wconf 78' lang='grc' dir='ltr'>ἐδέξαντο</span> <span class='ocrx_word' id='word_1_205' title='bbox 512 2836 603 2886; x_wconf 70' lang='grc' dir='ltr'><strong>καὶ</strong></span> <span class='ocrx_word' id='word_1_206' title='bbox 651 2834 1087 2896; x_wconf 82' lang='grc' dir='ltr'>πεπισκεύκασι,</span> <span class='ocrx_word' id='word_1_207' title='bbox 1136 2834 1230 2884; x_wconf 75' lang='grc' dir='ltr'><strong>καὶ</strong></span> <span class='ocrx_word' id='word_1_208' title='bbox 1264 2833 1369 2901; x_wconf 87' lang='grc' dir='ltr'><strong>πρό</strong></span> <span class='ocrx_word' id='word_1_209' title='bbox 1415 2850 1477 2899; x_wconf 90' lang='grc' dir='ltr'><strong>γε</strong></span> <span class='ocrx_word' id='word_1_210' title='bbox 1526 2833 1742 2885; x_wconf 82' lang='grc' dir='ltr'>πάντων</span> <span class='ocrx_word' id='word_1_211' title='bbox 1783 2835 1811 2885; x_wconf 97' lang='lat'><strong>6</strong></span> 
     </span>
    </p>
   </div>
   <div class='ocr_carea' id='block_1_31' title="bbox 221 2924 1809 2996">
    <p class='ocr_par' dir='ltr' id='par_1_31' title="bbox 221 2924 1809 2996">
     <span class='ocr_line' id='line_1_31' title="bbox 221 2924 1809 2996; baseline -0.001 -16"><span class='ocrx_word' id='word_1_212' title='bbox 221 2927 453 2996; x_wconf 78' lang='grc' dir='ltr'>Πέτρος,</span> <span class='ocrx_word' id='word_1_213' title='bbox 490 2926 681 2984; x_wconf 70' lang='grc' dir='ltr'>εἰπών·</span> <span class='ocrx_word' id='word_1_214' title='bbox 728 2947 744 2977; x_wconf 79' lang='grc' dir='ltr'><strong>ι</strong></span> <span class='ocrx_word' id='word_1_215' title='bbox 786 2928 855 2979; x_wconf 68' lang='grc' dir='ltr'>Σὺ</span> <span class='ocrx_word' id='word_1_216' title='bbox 900 2924 949 2979; x_wconf 73' lang='grc' dir='ltr'>εἳ</span> <span class='ocrx_word' id='word_1_217' title='bbox 991 2929 1020 2979; x_wconf 81' lang='grc' dir='ltr'>ὁ</span> <span class='ocrx_word' id='word_1_218' title='bbox 1052 2926 1280 2996; x_wconf 81' lang='grc' dir='ltr'>Χριστὸς</span> <span class='ocrx_word' id='word_1_219' title='bbox 1326 2930 1354 2977; x_wconf 85' lang='lat'><strong>6</strong></span> <span class='ocrx_word' id='word_1_220' title='bbox 1390 2926 1517 2988; x_wconf 83' lang='grc' dir='ltr'>Υίὸς</span> <span class='ocrx_word' id='word_1_221' title='bbox 1547 2926 1639 2979; x_wconf 74' lang='grc' dir='ltr'>τοῦ</span> <span class='ocrx_word' id='word_1_222' title='bbox 1674 2926 1809 2979; x_wconf 76' lang='grc' dir='ltr'>Θεοῦ</span> 
     </span>
    </p>
   </div>
   <div class='ocr_carea' id='block_1_32' title="bbox 217 3016 1811 3086">
    <p class='ocr_par' dir='ltr' id='par_1_32' title="bbox 217 3016 1811 3086">
     <span class='ocr_line' id='line_1_32' title="bbox 217 3016 1811 3086; baseline -0.001 -16"><span class='ocrx_word' id='word_1_223' title='bbox 217 3018 319 3071; x_wconf 78' lang='grc' dir='ltr'>τοῦ</span> <span class='ocrx_word' id='word_1_224' title='bbox 356 3018 554 3081; x_wconf 83' lang='grc' dir='ltr'>ζῶντος</span> <span class='ocrx_word' id='word_1_225' title='bbox 582 3038 598 3069; x_wconf 74' lang='grc' dir='ltr'><strong>ι</strong></span> <span class='ocrx_word' id='word_1_226' title='bbox 629 3020 666 3085; x_wconf 86' lang='grc'><strong>)·</strong></span> <span class='ocrx_word' id='word_1_227' title='bbox 698 3020 812 3071; x_wconf 71' lang='grc' dir='ltr'>ἀλλ’</span> <span class='ocrx_word' id='word_1_228' title='bbox 846 3019 921 3079; x_wconf 85' lang='grc' dir='ltr'><strong>ὡς</strong></span> <span class='ocrx_word' id='word_1_229' title='bbox 950 3018 1056 3070; x_wconf 82' lang='grc' dir='ltr'><strong>τῶν</strong></span> <span class='ocrx_word' id='word_1_230' title='bbox 1098 3018 1351 3069; x_wconf 82' lang='grc' dir='ltr'>ἁπάντων</span> <span class='ocrx_word' id='word_1_231' title='bbox 1379 3016 1546 3077; x_wconf 73' lang='grc' dir='ltr'>αὐτὸς</span> <span class='ocrx_word' id='word_1_232' title='bbox 1588 3016 1811 3086; x_wconf 80' lang='grc' dir='ltr'>ἀκριϐέ-</span> 
     </span>
    </p>
   </div>
   <div class='ocr_carea' id='block_1_33' title="bbox 220 3108 1810 3180">
    <p class='ocr_par' dir='ltr' id='par_1_33' title="bbox 220 3108 1810 3180">
     <span class='ocr_line' id='line_1_33' title="bbox 220 3108 1810 3180; baseline -0.001 -17"><span class='ocrx_word' id='word_1_233' title='bbox 220 3128 420 3180; x_wconf 85' lang='grc' dir='ltr'>στερον</span> <span class='ocrx_word' id='word_1_234' title='bbox 448 3112 504 3162; x_wconf 90' lang='grc' dir='ltr'><strong>τὸ</strong></span> <span class='ocrx_word' id='word_1_235' title='bbox 538 3112 681 3180; x_wconf 80' lang='grc' dir='ltr'>μέγα</span> <span class='ocrx_word' id='word_1_236' title='bbox 716 3110 807 3163; x_wconf 76' lang='grc' dir='ltr'><strong>τοῦ</strong></span> <span class='ocrx_word' id='word_1_237' title='bbox 840 3109 1128 3171; x_wconf 85' lang='grc' dir='ltr'>λαλοῦντος</span> <span class='ocrx_word' id='word_1_238' title='bbox 1154 3110 1412 3179; x_wconf 77' lang='grc' dir='ltr'>ἐννοήσας</span> <span class='ocrx_word' id='word_1_239' title='bbox 1435 3108 1648 3177; x_wconf 82' lang='grc' dir='ltr'>ἀξίωμα</span> <span class='ocrx_word' id='word_1_240' title='bbox 1668 3149 1681 3171; x_wconf 90' lang='grc'><strong>,</strong></span> <span class='ocrx_word' id='word_1_241' title='bbox 1715 3127 1810 3176; x_wconf 81' lang='grc' dir='ltr'>μο-</span> 
     </span>
    </p>
   </div>
   <div class='ocr_carea' id='block_1_34' title="bbox 1905 624 3492 692">
    <p class='ocr_par' dir='ltr' id='par_1_34' title="bbox 1905 624 3492 692">
     <span class='ocr_line' id='line_1_34' title="bbox 1905 624 3492 692; baseline -0.001 -11"><span class='ocrx_word' id='word_1_242' title='bbox 1905 630 2195 691; x_wconf 84' lang='lat' dir='ltr'><strong>deorsum,</strong></span> <span class='ocrx_word' id='word_1_243' title='bbox 2250 628 2422 682; x_wconf 86' lang='lat' dir='ltr'><strong>et‘de</strong></span> <span class='ocrx_word' id='word_1_244' title='bbox 2470 634 2652 692; x_wconf 87' lang='lat' dir='ltr'><strong>terra,</strong></span> <span class='ocrx_word' id='word_1_245' title='bbox 2706 624 3023 681; x_wconf 85' lang='lat' dir='ltr'><strong>necessario</strong></span> <span class='ocrx_word' id='word_1_246' title='bbox 3068 638 3130 677; x_wconf 81' lang='lat' dir='ltr'><strong>ex</strong></span> <span class='ocrx_word' id='word_1_247' title='bbox 3186 625 3492 680; x_wconf 80' lang='lat' dir='ltr'><strong>Salvatoris</strong></span> 
     </span>
    </p>
   </div>
   <div class='ocr_carea' id='block_1_35' title="bbox 1905 718 3493 788">
    <p class='ocr_par' dir='ltr' id='par_1_35' title="bbox 1905 718 3493 788">
     <span class='ocr_line' id='line_1_35' title="bbox 1905 718 3493 788; baseline 0 -16"><span class='ocrx_word' id='word_1_248' title='bbox 1905 720 2083 788; x_wconf 89' lang='lat' dir='ltr'><strong>ipsius</strong></span> <span class='ocrx_word' id='word_1_249' title='bbox 2130 720 2317 775; x_wconf 83' lang='lat' dir='ltr'><strong>verbis</strong></span> <span class='ocrx_word' id='word_1_250' title='bbox 2340 720 2617 774; x_wconf 90' lang='lat' dir='ltr'><strong>dictorum</strong></span> <span class='ocrx_word' id='word_1_251' title='bbox 2658 718 2988 772; x_wconf 88' lang='lat' dir='ltr'><strong>sententiam</strong></span> <span class='ocrx_word' id='word_1_252' title='bbox 3016 718 3381 785; x_wconf 92' lang='lat' dir='ltr'><strong>comprobat,</strong></span> <span class='ocrx_word' id='word_1_253' title='bbox 3439 728 3493 772; x_wconf 84' lang='lat' dir='ltr'><strong>et</strong></span> 
     </span>
    </p>
   </div>
   <div class='ocr_carea' id='block_1_36' title="bbox 1904 809 3493 882">
    <p class='ocr_par' dir='ltr' id='par_1_36' title="bbox 1904 809 3493 882">
     <span class='ocr_line' id='line_1_36' title="bbox 1904 809 3493 882; baseline -0.004 -16"><span class='ocrx_word' id='word_1_254' title='bbox 1904 813 2144 866; x_wconf 81' lang='lat' dir='ltr'><strong>ostendit</strong></span> <span class='ocrx_word' id='word_1_255' title='bbox 2171 827 2293 867; x_wconf 87' lang='lat' dir='ltr'><strong>eam</strong></span> <span class='ocrx_word' id='word_1_256' title='bbox 2330 810 2738 882; x_wconf 77' lang='lat' dir='ltr'><strong>expositionem</strong></span> <span class='ocrx_word' id='word_1_257' title='bbox 2774 823 2884 862; x_wconf 93' lang='lat' dir='ltr'><strong>non</strong></span> <span class='ocrx_word' id='word_1_258' title='bbox 2923 822 3080 873; x_wconf 90' lang='lat' dir='ltr'><strong>esse,</strong></span> <span class='ocrx_word' id='word_1_259' title='bbox 3113 816 3173 861; x_wconf 93' lang='lat' dir='ltr'><strong>ut</strong></span> <span class='ocrx_word' id='word_1_260' title='bbox 3198 809 3493 864; x_wconf 74' lang='lat' dir='ltr'><strong>existima.</strong></span> 
     </span>
    </p>
   </div>
   <div class='ocr_carea' id='block_1_37' title="bbox 1907 899 3490 972">
    <p class='ocr_par' dir='ltr' id='par_1_37' title="bbox 1907 899 3490 972">
     <span class='ocr_line' id='line_1_37' title="bbox 1907 899 3490 972; baseline -0.005 -12"><span class='ocrx_word' id='word_1_261' title='bbox 1907 908 2059 972; x_wconf 86' lang='lat' dir='ltr'><strong>bant,</strong></span> <span class='ocrx_word' id='word_1_262' title='bbox 2089 907 2333 969; x_wconf 88' lang='lat' dir='ltr'><strong>inanem,</strong></span> <span class='ocrx_word' id='word_1_263' title='bbox 2364 905 2462 961; x_wconf 86' lang='lat' dir='ltr'><strong>sed</strong></span> <span class='ocrx_word' id='word_1_264' title='bbox 2491 904 2701 958; x_wconf 86' lang='lat' dir='ltr'><strong>claram</strong></span> <span class='ocrx_word' id='word_1_265' title='bbox 2744 901 2931 972; x_wconf 88' lang='lat' dir='ltr'><strong>potius</strong></span> <span class='ocrx_word' id='word_1_266' title='bbox 2959 899 3490 955; x_wconf 84' lang='lat' dir='ltr'><strong>demonstrationem</strong></span> 
     </span>
    </p>
   </div>
   <div class='ocr_carea' id='block_1_38' title="bbox 1906 992 3491 1065">
    <p class='ocr_par' dir='ltr' id='par_1_38' title="bbox 1906 992 3491 1065">
     <span class='ocr_line' id='line_1_38' title="bbox 1906 992 3491 1065; baseline -0.001 -16"><span class='ocrx_word' id='word_1_267' title='bbox 1906 999 2177 1053; x_wconf 88' lang='lat' dir='ltr'><strong>veritatis.</strong></span> <span class='ocrx_word' id='word_1_268' title='bbox 2217 999 2491 1064; x_wconf 86' lang='lat' dir='ltr'><strong>Quoniam</strong></span> <span class='ocrx_word' id='word_1_269' title='bbox 2537 1005 2719 1052; x_wconf 87' lang='lat' dir='ltr'><strong>autem</strong></span> <span class='ocrx_word' id='word_1_270' title='bbox 2752 998 2809 1050; x_wconf 89' lang='lat' dir='ltr'><strong>in</strong></span> <span class='ocrx_word' id='word_1_271' title='bbox 2851 992 3129 1050; x_wconf 82' lang='lat' dir='ltr'><strong>versiculo</strong></span> <span class='ocrx_word' id='word_1_272' title='bbox 3159 993 3321 1048; x_wconf 88' lang='lat' dir='ltr'><strong>aliter</strong></span> <span class='ocrx_word' id='word_1_273' title='bbox 3350 1011 3491 1065; x_wconf 84' lang='lat' dir='ltr'><strong>quo-</strong></span> 
     </span>
    </p>
   </div>
   <div class='ocr_carea' id='block_1_39' title="bbox 1908 1090 2599 1160">
    <p class='ocr_par' dir='ltr' id='par_1_39' title="bbox 1908 1090 2599 1160">
     <span class='ocr_line' id='line_1_39' title="bbox 1908 1090 2599 1160; baseline 0 -15"><span class='ocrx_word' id='word_1_274' title='bbox 1908 1106 2014 1160; x_wconf 89' lang='lat' dir='ltr'><strong>que</strong></span> <span class='ocrx_word' id='word_1_275' title='bbox 2042 1092 2312 1159; x_wconf 86' lang='lat' dir='ltr'><strong>scriptum</strong></span> <span class='ocrx_word' id='word_1_276' title='bbox 2345 1090 2561 1145; x_wconf 87' lang='lat' dir='ltr'><strong>videtur</strong></span> <span class='ocrx_word' id='word_1_277' title='bbox 2587 1110 2599 1145; x_wconf 90' lang='lat'><strong>:</strong></span> 
     </span>
    </p>
   </div>
   <div class='ocr_carea' id='block_1_40' title="bbox 1982 1179 3493 1250">
    <p class='ocr_par' dir='ltr' id='par_1_40' title="bbox 1982 1179 3493 1250">
     <span class='ocr_line' id='line_1_40' title="bbox 1982 1179 3493 1250; baseline -0.003 -15"><span class='ocrx_word' id='word_1_278' title='bbox 1982 1181 2073 1246; x_wconf 90' lang='lat' dir='ltr'><strong>ltl,</strong></span> <span class='ocrx_word' id='word_1_279' title='bbox 2102 1183 2193 1237; x_wconf 75' lang='lat'><strong>52.</strong></span> <span class='ocrx_word' id='word_1_280' title='bbox 2236 1180 2392 1248; x_wconf 85' lang='lat' dir='ltr'><strong>Quod</strong></span> <span class='ocrx_word' id='word_1_281' title='bbox 2423 1181 2563 1235; x_wconf 80' lang='lat' dir='ltr'><strong>enim</strong></span> <span class='ocrx_word' id='word_1_282' title='bbox 2596 1181 2745 1246; x_wconf 80' lang='lat' dir='ltr'><strong>vidit,</strong></span> <span class='ocrx_word' id='word_1_283' title='bbox 2779 1180 2979 1250; x_wconf 83' lang='lat' dir='ltr'><strong>inquit,</strong></span> <span class='ocrx_word' id='word_1_284' title='bbox 3015 1190 3064 1235; x_wconf 78' lang='lat' dir='ltr'><strong>rt</strong></span> <span class='ocrx_word' id='word_1_285' title='bbox 3128 1179 3355 1245; x_wconf 76' lang='lat' dir='ltr'><strong>audivit,</strong></span> <span class='ocrx_word' id='word_1_286' title='bbox 3397 1180 3493 1232; x_wconf 80' lang='lat' dir='ltr'><strong>hoc</strong></span> 
     </span>
    </p>
   </div>
   <div class='ocr_carea' id='block_1_41' title="bbox 1911 1284 2170 1339">
    <p class='ocr_par' dir='ltr' id='par_1_41' title="bbox 1911 1284 2170 1339">
     <span class='ocr_line' id='line_1_41' title="bbox 1911 1284 2170 1339; baseline -0.012 -10"><span class='ocrx_word' id='word_1_287' title='bbox 1911 1284 2135 1329; x_wconf 76' lang='lat' dir='ltr'><strong>testatur</strong></span> <span class='ocrx_word' id='word_1_288' title='bbox 2152 1291 2170 1339; x_wconf 83' lang='lat'><strong>,&#39;</strong></span> 
     </span>
    </p>
   </div>
   <div class='ocr_carea' id='block_1_42' title="bbox 1989 1362 3494 1438">
    <p class='ocr_par' dir='ltr' id='par_1_42' title="bbox 1989 1362 3494 1438">
     <span class='ocr_line' id='line_1_42' title="bbox 1989 1362 3494 1438; baseline -0.004 -17"><span class='ocrx_word' id='word_1_289' title='bbox 1989 1367 2227 1438; x_wconf 72' lang='lat' dir='ltr'><strong>Agedum</strong></span> <span class='ocrx_word' id='word_1_290' title='bbox 2263 1381 2435 1438; x_wconf 90' lang='lat' dir='ltr'><strong>pauca</strong></span> <span class='ocrx_word' id='word_1_291' title='bbox 2450 1368 2700 1437; x_wconf 61' lang='lat' dir='ltr'><strong>quadam</strong></span> <span class='ocrx_word' id='word_1_292' title='bbox 2730 1366 2786 1420; x_wconf 92' lang='lat' dir='ltr'><strong>in</strong></span> <span class='ocrx_word' id='word_1_293' title='bbox 2822 1364 2959 1420; x_wconf 86' lang='lat' dir='ltr'><strong>illud</strong></span> <span class='ocrx_word' id='word_1_294' title='bbox 2980 1364 3346 1421; x_wconf 85' lang='lat' dir='ltr'><strong>disseramus.</strong></span> <span class='ocrx_word' id='word_1_295' title='bbox 3379 1362 3494 1416; x_wconf 91' lang='lat' dir='ltr'><strong>Duo</strong></span> 
     </span>
    </p>
   </div>
   <div class='ocr_carea' id='block_1_43' title="bbox 1912 1456 3493 1528">
    <p class='ocr_par' dir='ltr' id='par_1_43' title="bbox 1912 1456 3493 1528">
     <span class='ocr_line' id='line_1_43' title="bbox 1912 1456 3493 1528; baseline -0.005 -14"><span class='ocrx_word' id='word_1_296' title='bbox 1912 1459 2078 1514; x_wconf 89' lang='lat' dir='ltr'><strong>nobis</strong></span> <span class='ocrx_word' id='word_1_297' title='bbox 2118 1466 2248 1514; x_wconf 88' lang='lat' dir='ltr'><strong>sunt</strong></span> <span class='ocrx_word' id='word_1_298' title='bbox 2298 1474 2522 1524; x_wconf 89' lang='lat' dir='ltr'><strong>sensus,</strong></span> <span class='ocrx_word' id='word_1_299' title='bbox 2584 1459 2789 1528; x_wconf 88' lang='lat' dir='ltr'><strong>quibus</strong></span> <span class='ocrx_word' id='word_1_300' title='bbox 2838 1458 3194 1528; x_wconf 84' lang='lat' dir='ltr'><strong>potissimum</strong></span> <span class='ocrx_word' id='word_1_301' title='bbox 3246 1456 3493 1511; x_wconf 86' lang='lat' dir='ltr'><strong>solemus</strong></span> 
     </span>
    </p>
   </div>
   <div class='ocr_carea' id='block_1_44' title="bbox 1912 1548 3488 1609">
    <p class='ocr_par' dir='ltr' id='par_1_44' title="bbox 1912 1548 3488 1609">
     <span class='ocr_line' id='line_1_44' title="bbox 1912 1548 3488 1609; baseline -0.006 -3"><span class='ocrx_word' id='word_1_302' title='bbox 1912 1552 1979 1606; x_wconf 87' lang='lat' dir='ltr'><strong>de</strong></span> <span class='ocrx_word' id='word_1_303' title='bbox 2006 1565 2189 1606; x_wconf 88' lang='lat' dir='ltr'><strong>rerum</strong></span> <span class='ocrx_word' id='word_1_304' title='bbox 2225 1552 2454 1606; x_wconf 82' lang='lat' dir='ltr'><strong>veritate</strong></span> <span class='ocrx_word' id='word_1_305' title='bbox 2505 1550 2621 1604; x_wconf 83' lang='lat' dir='ltr'><strong>ﬁeri</strong></span> <span class='ocrx_word' id='word_1_306' title='bbox 2674 1549 2943 1604; x_wconf 89' lang='lat' dir='ltr'><strong>certiores</strong></span> <span class='ocrx_word' id='word_1_307' title='bbox 2967 1588 2981 1609; x_wconf 87' lang='lat'><strong>,</strong></span> <span class='ocrx_word' id='word_1_308' title='bbox 3018 1549 3173 1603; x_wconf 92' lang='lat' dir='ltr'><strong>visus</strong></span> <span class='ocrx_word' id='word_1_309' title='bbox 3224 1548 3488 1601; x_wconf 89' lang='lat' dir='ltr'><strong>nimirum</strong></span> 
     </span>
    </p>
   </div>
   <div class='ocr_carea' id='block_1_45' title="bbox 1913 1638 3491 1709">
    <p class='ocr_par' dir='ltr' id='par_1_45' title="bbox 1913 1638 3491 1709">
     <span class='ocr_line' id='line_1_45' title="bbox 1913 1638 3491 1709; baseline -0.004 -13"><span class='ocrx_word' id='word_1_310' title='bbox 1913 1650 1967 1696; x_wconf 91' lang='lat' dir='ltr'><strong>et</strong></span> <span class='ocrx_word' id='word_1_311' title='bbox 1995 1643 2238 1698; x_wconf 90' lang='lat' dir='ltr'><strong>auditus.</strong></span> <span class='ocrx_word' id='word_1_312' title='bbox 2275 1641 2408 1709; x_wconf 83' lang='lat' dir='ltr'><strong>Quae</strong></span> <span class='ocrx_word' id='word_1_313' title='bbox 2437 1642 2585 1698; x_wconf 91' lang='lat' dir='ltr'><strong>enim</strong></span> <span class='ocrx_word' id='word_1_314' title='bbox 2628 1639 2945 1695; x_wconf 79' lang='lat' dir='ltr'><strong>audivimus</strong></span> <span class='ocrx_word' id='word_1_315' title='bbox 2977 1639 3104 1709; x_wconf 89' lang='lat' dir='ltr'><strong>ipsi,</strong></span> <span class='ocrx_word' id='word_1_316' title='bbox 3138 1654 3201 1693; x_wconf 89' lang='lat' dir='ltr'><strong>ac</strong></span> <span class='ocrx_word' id='word_1_317' title='bbox 3234 1638 3491 1701; x_wconf 84' lang='lat' dir='ltr'><strong>vidimus,</strong></span> 
     </span>
    </p>
   </div>
   <div class='ocr_carea' id='block_1_46' title="bbox 1913 1728 3495 1810">
    <p class='ocr_par' dir='ltr' id='par_1_46' title="bbox 1913 1728 3495 1810">
     <span class='ocr_line' id='line_1_46' title="bbox 1913 1728 3495 1810; baseline -0.004 -23"><span class='ocrx_word' id='word_1_318' title='bbox 1913 1733 1982 1788; x_wconf 91' lang='lat' dir='ltr'><strong>de</strong></span> <span class='ocrx_word' id='word_1_319' title='bbox 2032 1733 2103 1789; x_wconf 92' lang='lat' dir='ltr'><strong>iis</strong></span> <span class='ocrx_word' id='word_1_320' title='bbox 2137 1742 2291 1789; x_wconf 91' lang='lat' dir='ltr'><strong>certo</strong></span> <span class='ocrx_word' id='word_1_321' title='bbox 2313 1741 2371 1789; x_wconf 89' lang='lat' dir='ltr'><strong>et</strong></span> <span class='ocrx_word' id='word_1_322' title='bbox 2421 1733 2729 1789; x_wconf 85' lang='lat' dir='ltr'><strong>indubitate</strong></span> <span class='ocrx_word' id='word_1_323' title='bbox 2782 1732 3081 1801; x_wconf 87' lang='lat' dir='ltr'><strong>loquimur.</strong></span> <span class='ocrx_word' id='word_1_324' title='bbox 3140 1728 3274 1784; x_wconf 88' lang='lat' dir='ltr'><strong>Cum</strong></span> <span class='ocrx_word' id='word_1_325' title='bbox 3322 1730 3495 1810; x_wconf 70' lang='lat' dir='ltr'><strong>igitur</strong></span> 
     </span>
    </p>
   </div>
   <div class='ocr_carea' id='block_1_47' title="bbox 1914 1822 3495 1895">
    <p class='ocr_par' dir='ltr' id='par_1_47' title="bbox 1914 1822 3495 1895">
     <span class='ocr_line' id='line_1_47' title="bbox 1914 1822 3495 1895; baseline -0.004 -14"><span class='ocrx_word' id='word_1_326' title='bbox 1914 1840 2010 1881; x_wconf 89' lang='lat' dir='ltr'><strong>eos</strong></span> <span class='ocrx_word' id='word_1_327' title='bbox 2044 1825 2111 1879; x_wconf 83' lang='lat' dir='ltr'><strong>ad</strong></span> <span class='ocrx_word' id='word_1_328' title='bbox 2162 1824 2370 1882; x_wconf 88' lang='lat' dir='ltr'><strong>Christi</strong></span> <span class='ocrx_word' id='word_1_329' title='bbox 2412 1826 2573 1881; x_wconf 85' lang='lat' dir='ltr'><strong>ﬁdem</strong></span> <span class='ocrx_word' id='word_1_330' title='bbox 2614 1824 2986 1895; x_wconf 88' lang='lat' dir='ltr'><strong>arripiendam</strong></span> <span class='ocrx_word' id='word_1_331' title='bbox 3041 1824 3377 1884; x_wconf 88' lang='lat' dir='ltr'><strong>hortaretur,</strong></span> <span class='ocrx_word' id='word_1_332' title='bbox 3417 1822 3495 1874; x_wconf 84' lang='lat' dir='ltr'><strong>lo-</strong></span> 
     </span>
    </p>
   </div>
   <div class='ocr_carea' id='block_1_48' title="bbox 1911 1912 3492 1987">
    <p class='ocr_par' dir='ltr' id='par_1_48' title="bbox 1911 1912 3492 1987">
     <span class='ocr_line' id='line_1_48' title="bbox 1911 1912 3492 1987; baseline -0.004 -16"><span class='ocrx_word' id='word_1_333' title='bbox 1911 1919 2103 1987; x_wconf 88' lang='lat' dir='ltr'><strong>quitur</strong></span> <span class='ocrx_word' id='word_1_334' title='bbox 2140 1918 2312 1979; x_wconf 90' lang='lat' dir='ltr'><strong>enim,</strong></span> <span class='ocrx_word' id='word_1_335' title='bbox 2349 1917 2565 1987; x_wconf 85' lang='lat' dir='ltr'><strong>inquit,</strong></span> <span class='ocrx_word' id='word_1_336' title='bbox 2592 1915 2738 1985; x_wconf 89' lang='lat' dir='ltr'><strong>quod</strong></span> <span class='ocrx_word' id='word_1_337' title='bbox 2772 1915 3020 1984; x_wconf 86' lang='lat' dir='ltr'><strong>apprime</strong></span> <span class='ocrx_word' id='word_1_338' title='bbox 3051 1914 3223 1968; x_wconf 88' lang='lat' dir='ltr'><strong>novit.</strong></span> <span class='ocrx_word' id='word_1_339' title='bbox 3250 1912 3492 1967; x_wconf 84' lang='lat' dir='ltr'><strong>Rursum</strong></span> 
     </span>
    </p>
   </div>
   <div class='ocr_carea' id='block_1_49' title="bbox 1911 2004 3493 2076">
    <p class='ocr_par' dir='ltr' id='par_1_49' title="bbox 1911 2004 3493 2076">
     <span class='ocr_line' id='line_1_49' title="bbox 1911 2004 3493 2076; baseline -0.004 -14"><span class='ocrx_word' id='word_1_340' title='bbox 1911 2026 1941 2062; x_wconf 88' lang='lat' dir='ltr'><strong>a</strong></span> <span class='ocrx_word' id='word_1_341' title='bbox 1976 2010 2139 2064; x_wconf 89' lang='lat' dir='ltr'><strong>nobis</strong></span> <span class='ocrx_word' id='word_1_342' title='bbox 2171 2007 2593 2063; x_wconf 85' lang='lat' dir='ltr'><strong>similitudinem</strong></span> <span class='ocrx_word' id='word_1_343' title='bbox 2628 2006 2801 2072; x_wconf 89' lang='lat' dir='ltr'><strong>ducit,</strong></span> <span class='ocrx_word' id='word_1_344' title='bbox 2841 2013 2899 2060; x_wconf 90' lang='lat' dir='ltr'><strong>ut</strong></span> <span class='ocrx_word' id='word_1_345' title='bbox 2944 2005 3093 2076; x_wconf 89' lang='lat' dir='ltr'><strong>quod</strong></span> <span class='ocrx_word' id='word_1_346' title='bbox 3129 2004 3379 2059; x_wconf 92' lang='lat' dir='ltr'><strong>divinum</strong></span> <span class='ocrx_word' id='word_1_347' title='bbox 3408 2012 3493 2057; x_wconf 88' lang='lat' dir='ltr'><strong>est</strong></span> 
     </span>
    </p>
   </div>
   <div class='ocr_carea' id='block_1_50' title="bbox 1912 2097 3491 2173">
    <p class='ocr_par' dir='ltr' id='par_1_50' title="bbox 1912 2097 3491 2173">
     <span class='ocr_line' id='line_1_50' title="bbox 1912 2097 3491 2173; baseline -0.004 -17"><span class='ocrx_word' id='word_1_348' title='bbox 1912 2102 2302 2173; x_wconf 85' lang='lat' dir='ltr'><strong>intelligamus,</strong></span> <span class='ocrx_word' id='word_1_349' title='bbox 2335 2109 2390 2157; x_wconf 91' lang='lat' dir='ltr'><strong>et</strong></span> <span class='ocrx_word' id='word_1_350' title='bbox 2410 2101 2487 2156; x_wconf 90' lang='lat' dir='ltr'><strong>ait</strong></span> <span class='ocrx_word' id='word_1_351' title='bbox 2527 2121 2538 2155; x_wconf 91' lang='lat'><strong>:</strong></span> <span class='ocrx_word' id='word_1_352' title='bbox 2578 2119 2596 2151; x_wconf 80' lang='grc' dir='ltr'><strong>ι</strong></span> <span class='ocrx_word' id='word_1_353' title='bbox 2644 2100 2799 2166; x_wconf 85' lang='lat' dir='ltr'><strong>Quod</strong></span> <span class='ocrx_word' id='word_1_354' title='bbox 2834 2098 2970 2153; x_wconf 90' lang='lat' dir='ltr'><strong>vidit</strong></span> <span class='ocrx_word' id='word_1_355' title='bbox 3014 2106 3079 2153; x_wconf 76' lang='lat' dir='ltr'><strong>et‘</strong></span> <span class='ocrx_word' id='word_1_356' title='bbox 3107 2098 3353 2161; x_wconf 82' lang='lat' dir='ltr'><strong>audivit,</strong></span> <span class='ocrx_word' id='word_1_357' title='bbox 3386 2097 3491 2150; x_wconf 80' lang='lat' dir='ltr'><strong>hoc</strong></span> 
     </span>
    </p>
   </div>
   <div class='ocr_carea' id='block_1_51' title="bbox 1913 2204 2239 2250">
    <p class='ocr_par' dir='ltr' id='par_1_51' title="bbox 1913 2204 2239 2250">
     <span class='ocr_line' id='line_1_51' title="bbox 1913 2204 2239 2250; baseline -0.006 -1"><span class='ocrx_word' id='word_1_358' title='bbox 1913 2204 2167 2250; x_wconf 70' lang='grc' dir='ltr'>ιρειξιιιιτ.</span> <span class='ocrx_word' id='word_1_359' title='bbox 2221 2215 2239 2247; x_wconf 73' lang='grc' dir='ltr'><strong>ι</strong></span> 
     </span>
    </p>
   </div>
   <div class='ocr_carea' id='block_1_52' title="bbox 1984 2376 3219 2445">
    <p class='ocr_par' dir='ltr' id='par_1_52' title="bbox 1984 2376 3219 2445">
     <span class='ocr_line' id='line_1_52' title="bbox 1984 2376 3219 2445; baseline -0.002 -14"><span class='ocrx_word' id='word_1_360' title='bbox 1984 2377 2072 2440; x_wconf 86' lang='lat' dir='ltr'><strong>lli,</strong></span> <span class='ocrx_word' id='word_1_361' title='bbox 2108 2376 2193 2430; x_wconf 72' lang='lat'><strong>&#39;52.</strong></span> <span class='ocrx_word' id='word_1_362' title='bbox 2239 2376 2304 2429; x_wconf 75' lang='lat' dir='ltr'><strong>Et</strong></span> <span class='ocrx_word' id='word_1_363' title='bbox 2326 2377 2677 2431; x_wconf 80' lang='lat' dir='ltr'><strong>testimonium</strong></span> <span class='ocrx_word' id='word_1_364' title='bbox 2704 2377 2816 2445; x_wconf 84' lang='lat' dir='ltr'><strong>ejus</strong></span> <span class='ocrx_word' id='word_1_365' title='bbox 2836 2392 2982 2429; x_wconf 83' lang='lat' dir='ltr'><strong>nemo</strong></span> <span class='ocrx_word' id='word_1_366' title='bbox 3008 2377 3219 2445; x_wconf 80' lang='lat' dir='ltr'><strong>accipit.</strong></span> 
     </span>
    </p>
   </div>
   <div class='ocr_carea' id='block_1_53' title="bbox 1986 2469 3490 2539">
    <p class='ocr_par' dir='ltr' id='par_1_53' title="bbox 1986 2469 3490 2539">
     <span class='ocr_line' id='line_1_53' title="bbox 1986 2469 3490 2539; baseline -0.001 -15"><span class='ocrx_word' id='word_1_367' title='bbox 1986 2471 2101 2524; x_wconf 86' lang='lat' dir='ltr'><strong>Non</strong></span> <span class='ocrx_word' id='word_1_368' title='bbox 2124 2470 2237 2525; x_wconf 69' lang='lat' dir='ltr'><strong>bare</strong></span> <span class='ocrx_word' id='word_1_369' title='bbox 2268 2471 2344 2523; x_wconf 91' lang='lat' dir='ltr'><strong>ait</strong></span> <span class='ocrx_word' id='word_1_370' title='bbox 2378 2471 2569 2525; x_wconf 86' lang='lat' dir='ltr'><strong>beatus</strong></span> <span class='ocrx_word' id='word_1_371' title='bbox 2608 2469 2854 2539; x_wconf 88' lang='lat' dir='ltr'><strong>Baptista</strong></span> <span class='ocrx_word' id='word_1_372' title='bbox 2882 2511 2894 2534; x_wconf 97' lang='lat'><strong>,</strong></span> <span class='ocrx_word' id='word_1_373' title='bbox 2923 2470 3083 2534; x_wconf 88' lang='lat' dir='ltr'><strong>quasi</strong></span> <span class='ocrx_word' id='word_1_374' title='bbox 3132 2482 3295 2523; x_wconf 90' lang='lat' dir='ltr'><strong>nemo</strong></span> <span class='ocrx_word' id='word_1_375' title='bbox 3339 2470 3490 2523; x_wconf 89' lang='lat' dir='ltr'><strong>testi-</strong></span> 
     </span>
    </p>
   </div>
   <div class='ocr_carea' id='block_1_54' title="bbox 1915 2561 3491 2631">
    <p class='ocr_par' dir='ltr' id='par_1_54' title="bbox 1915 2561 3491 2631">
     <span class='ocr_line' id='line_1_54' title="bbox 1915 2561 3491 2631; baseline -0.001 -16"><span class='ocrx_word' id='word_1_376' title='bbox 1915 2564 2155 2617; x_wconf 88' lang='lat' dir='ltr'><strong>monium</strong></span> <span class='ocrx_word' id='word_1_377' title='bbox 2181 2563 2313 2615; x_wconf 86' lang='lat' dir='ltr'><strong>illud</strong></span> <span class='ocrx_word' id='word_1_378' title='bbox 2348 2562 2606 2631; x_wconf 89' lang='lat' dir='ltr'><strong>accipiat,</strong></span> <span class='ocrx_word' id='word_1_379' title='bbox 2642 2563 2787 2631; x_wconf 88' lang='lat' dir='ltr'><strong>quod</strong></span> <span class='ocrx_word' id='word_1_380' title='bbox 2818 2562 3077 2617; x_wconf 87' lang='lat' dir='ltr'><strong>Christus</strong></span> <span class='ocrx_word' id='word_1_381' title='bbox 3130 2561 3388 2616; x_wconf 92' lang='lat' dir='ltr'><strong>nimirum</strong></span> <span class='ocrx_word' id='word_1_382' title='bbox 3421 2562 3491 2616; x_wconf 85' lang='lat' dir='ltr'><strong>sit</strong></span> 
     </span>
    </p>
   </div>
   <div class='ocr_carea' id='block_1_55' title="bbox 1916 2651 3490 2723">
    <p class='ocr_par' dir='ltr' id='par_1_55' title="bbox 1916 2651 3490 2723">
     <span class='ocr_line' id='line_1_55' title="bbox 1916 2651 3490 2723; baseline -0.001 -17"><span class='ocrx_word' id='word_1_383' title='bbox 1916 2657 2059 2709; x_wconf 86' lang='lat' dir='ltr'><strong>Deus</strong></span> <span class='ocrx_word' id='word_1_384' title='bbox 2089 2655 2393 2710; x_wconf 86' lang='lat' dir='ltr'><strong>secundum</strong></span> <span class='ocrx_word' id='word_1_385' title='bbox 2430 2665 2704 2719; x_wconf 84' lang='lat' dir='ltr'><strong>naturam,</strong></span> <span class='ocrx_word' id='word_1_386' title='bbox 2738 2663 2793 2708; x_wconf 93' lang='lat' dir='ltr'><strong>et</strong></span> <span class='ocrx_word' id='word_1_387' title='bbox 2827 2669 3072 2723; x_wconf 88' lang='lat' dir='ltr'><strong>superne</strong></span> <span class='ocrx_word' id='word_1_388' title='bbox 3105 2660 3273 2723; x_wconf 87' lang='lat' dir='ltr'><strong>atque</strong></span> <span class='ocrx_word' id='word_1_389' title='bbox 3299 2668 3363 2707; x_wconf 79' lang='lat' dir='ltr'><strong>ex</strong></span> <span class='ocrx_word' id='word_1_390' title='bbox 3387 2651 3490 2705; x_wconf 83' lang='lat' dir='ltr'><strong>Pa-</strong></span> 
     </span>
    </p>
   </div>
   <div class='ocr_carea' id='block_1_56' title="bbox 1914 2745 3488 2817">
    <p class='ocr_par' dir='ltr' id='par_1_56' title="bbox 1914 2745 3488 2817">
     <span class='ocr_line' id='line_1_56' title="bbox 1914 2745 3488 2817; baseline -0.004 -16"><span class='ocrx_word' id='word_1_391' title='bbox 1914 2760 1997 2804; x_wconf 91' lang='lat' dir='ltr'><strong>tre</strong></span> <span class='ocrx_word' id='word_1_392' title='bbox 2061 2750 2321 2817; x_wconf 82' lang='lat' dir='ltr'><strong>dclapsus</strong></span> <span class='ocrx_word' id='word_1_393' title='bbox 2358 2762 2527 2816; x_wconf 86' lang='lat' dir='ltr'><strong>super</strong></span> <span class='ocrx_word' id='word_1_394' title='bbox 2560 2746 2742 2799; x_wconf 87' lang='lat' dir='ltr'><strong>omnia</strong></span> <span class='ocrx_word' id='word_1_395' title='bbox 2782 2745 2852 2801; x_wconf 90' lang='lat' dir='ltr'><strong>sit</strong></span> <span class='ocrx_word' id='word_1_396' title='bbox 2879 2745 3221 2800; x_wconf 90' lang='lat' dir='ltr'><strong>constitutus</strong></span> <span class='ocrx_word' id='word_1_397' title='bbox 3258 2763 3271 2798; x_wconf 93' lang='lat'>:</span> <span class='ocrx_word' id='word_1_398' title='bbox 3330 2745 3488 2798; x_wconf 82' lang='lat' dir='ltr'><strong>multi</strong></span> 
     </span>
    </p>
   </div>
   <div class='ocr_carea' id='block_1_57' title="bbox 1913 2836 3491 2908">
    <p class='ocr_par' dir='ltr' id='par_1_57' title="bbox 1913 2836 3491 2908">
     <span class='ocr_line' id='line_1_57' title="bbox 1913 2836 3491 2908; baseline -0.002 -15"><span class='ocrx_word' id='word_1_399' title='bbox 1913 2840 2057 2894; x_wconf 88' lang='lat' dir='ltr'><strong>cnim</strong></span> <span class='ocrx_word' id='word_1_400' title='bbox 2110 2838 2268 2908; x_wconf 79' lang='lat'><strong>166</strong></span> <span class='ocrx_word' id='word_1_401' title='bbox 2304 2847 2697 2908; x_wconf 88' lang='lat' dir='ltr'><strong>susceperunt,</strong></span> <span class='ocrx_word' id='word_1_402' title='bbox 2752 2847 2807 2891; x_wconf 87' lang='lat' dir='ltr'><strong>et</strong></span> <span class='ocrx_word' id='word_1_403' title='bbox 2844 2836 3220 2901; x_wconf 90' lang='lat' dir='ltr'><strong>crediderunt,</strong></span> <span class='ocrx_word' id='word_1_404' title='bbox 3273 2845 3327 2892; x_wconf 89' lang='lat' dir='ltr'><strong>et</strong></span> <span class='ocrx_word' id='word_1_405' title='bbox 3372 2836 3491 2905; x_wconf 90' lang='lat' dir='ltr'><strong>ipse</strong></span> 
     </span>
    </p>
   </div>
   <div class='ocr_carea' id='block_1_58' title="bbox 1914 2928 3490 3000">
    <p class='ocr_par' dir='ltr' id='par_1_58' title="bbox 1914 2928 3490 3000">
     <span class='ocr_line' id='line_1_58' title="bbox 1914 2928 3490 3000; baseline -0.003 -15"><span class='ocrx_word' id='word_1_406' title='bbox 1914 2932 2185 3000; x_wconf 89' lang='lat' dir='ltr'><strong>imprimis</strong></span> <span class='ocrx_word' id='word_1_407' title='bbox 2235 2930 2467 2996; x_wconf 87' lang='lat' dir='ltr'><strong>Petrus,</strong></span> <span class='ocrx_word' id='word_1_408' title='bbox 2524 2944 2646 2984; x_wconf 88' lang='lat' dir='ltr'><strong>cum</strong></span> <span class='ocrx_word' id='word_1_409' title='bbox 2684 2931 2825 2984; x_wconf 78' lang='lat' dir='ltr'><strong>dixit</strong></span> <span class='ocrx_word' id='word_1_410' title='bbox 2863 2949 2875 2983; x_wconf 92' lang='lat'>:</span> <span class='ocrx_word' id='word_1_411' title='bbox 2919 2947 2937 2980; x_wconf 73' lang='grc' dir='ltr'><strong><em>ο</em></strong></span> <span class='ocrx_word' id='word_1_412' title='bbox 2972 2928 3056 2983; x_wconf 90' lang='lat' dir='ltr'><strong>Tu</strong></span> <span class='ocrx_word' id='word_1_413' title='bbox 3105 2945 3165 2985; x_wconf 86' lang='lat' dir='ltr'><strong>es</strong></span> <span class='ocrx_word' id='word_1_414' title='bbox 3230 2928 3490 2985; x_wconf 77' lang='lat' dir='ltr'><strong>Christus</strong></span> 
     </span>
    </p>
   </div>
   <div class='ocr_carea' id='block_1_59' title="bbox 1913 3021 3490 3091">
    <p class='ocr_par' dir='ltr' id='par_1_59' title="bbox 1913 3021 3490 3091">
     <span class='ocr_line' id='line_1_59' title="bbox 1913 3021 3490 3091; baseline -0.002 -15"><span class='ocrx_word' id='word_1_415' title='bbox 1913 3023 2083 3078; x_wconf 85' lang='lat' dir='ltr'><strong>Filius</strong></span> <span class='ocrx_word' id='word_1_416' title='bbox 2118 3023 2209 3079; x_wconf 91' lang='lat' dir='ltr'><strong>Dei</strong></span> <span class='ocrx_word' id='word_1_417' title='bbox 2236 3023 2343 3076; x_wconf 87' lang='lat' dir='ltr'><strong>vivi</strong></span> <span class='ocrx_word' id='word_1_418' title='bbox 2364 3023 2408 3053; x_wconf 85' lang='grc'><strong>³⁸</strong></span> <span class='ocrx_word' id='word_1_419' title='bbox 2437 3042 2447 3076; x_wconf 90' lang='grc'>;</span> <span class='ocrx_word' id='word_1_420' title='bbox 2492 3042 2508 3074; x_wconf 74' lang='grc' dir='ltr'><strong>ι</strong></span> <span class='ocrx_word' id='word_1_421' title='bbox 2552 3021 2647 3077; x_wconf 86' lang='lat' dir='ltr'><strong>sed</strong></span> <span class='ocrx_word' id='word_1_422' title='bbox 2678 3037 2802 3075; x_wconf 92' lang='lat' dir='ltr'><strong>cum</strong></span> <span class='ocrx_word' id='word_1_423' title='bbox 2839 3023 2956 3091; x_wconf 91' lang='lat' dir='ltr'><strong>ipse</strong></span> <span class='ocrx_word' id='word_1_424' title='bbox 2985 3021 3304 3075; x_wconf 88' lang='lat' dir='ltr'><strong>accuratius</strong></span> <span class='ocrx_word' id='word_1_425' title='bbox 3324 3035 3490 3090; x_wconf 83' lang='lat' dir='ltr'><strong>quam</strong></span> 
     </span>
    </p>
   </div>
   <div class='ocr_carea' id='block_1_60' title="bbox 1914 3112 3492 3185">
    <p class='ocr_par' dir='ltr' id='par_1_60' title="bbox 1914 3112 3492 3185">
     <span class='ocr_line' id='line_1_60' title="bbox 1914 3112 3492 3185; baseline -0.002 -16"><span class='ocrx_word' id='word_1_426' title='bbox 1914 3115 2096 3170; x_wconf 77' lang='lat' dir='ltr'><strong>czrteri</strong></span> <span class='ocrx_word' id='word_1_427' title='bbox 2128 3130 2320 3170; x_wconf 88' lang='lat' dir='ltr'><strong>omnes</strong></span> <span class='ocrx_word' id='word_1_428' title='bbox 2350 3128 2601 3185; x_wconf 87' lang='lat' dir='ltr'><strong>magnam</strong></span> <span class='ocrx_word' id='word_1_429' title='bbox 2630 3114 2905 3183; x_wconf 78' lang='lat' dir='ltr'><strong>loquentis</strong></span> <span class='ocrx_word' id='word_1_430' title='bbox 2954 3113 3275 3181; x_wconf 89' lang='lat' dir='ltr'><strong>dignitatem</strong></span> <span class='ocrx_word' id='word_1_431' title='bbox 3308 3112 3492 3166; x_wconf 77' lang='lat' dir='ltr'><strong>animo</strong></span> 
     </span>
    </p>
   </div>
   <div class='ocr_carea' id='block_1_61' title="bbox 217 3202 1807 3278">
    <p class='ocr_par' dir='ltr' id='par_1_61' title="bbox 217 3202 1801 3273">
     <span class='ocr_line' id='line_1_61' title="bbox 217 3202 1801 3273; baseline -0.001 -18"><span class='ocrx_word' id='word_1_432' title='bbox 217 3205 440 3273; x_wconf 72' lang='grc' dir='ltr'>νονουχὶ</span> <span class='ocrx_word' id='word_1_433' title='bbox 470 3204 799 3266; x_wconf 84' lang='grc' dir='ltr'>κατασείσας</span> <span class='ocrx_word' id='word_1_434' title='bbox 840 3205 938 3271; x_wconf 83' lang='grc' dir='ltr'><strong>τὴν</strong></span> <span class='ocrx_word' id='word_1_435' title='bbox 968 3203 1209 3272; x_wconf 81' lang='grc' dir='ltr'>κεφαλὴν</span> <span class='ocrx_word' id='word_1_436' title='bbox 1231 3244 1243 3264; x_wconf 85' lang='grc'><strong>,</strong></span> <span class='ocrx_word' id='word_1_437' title='bbox 1274 3204 1368 3254; x_wconf 75' lang='grc' dir='ltr'><strong>καὶ</strong></span> <span class='ocrx_word' id='word_1_438' title='bbox 1402 3202 1560 3273; x_wconf 84' lang='grc' dir='ltr'>μηρῷ</span> <span class='ocrx_word' id='word_1_439' title='bbox 1588 3202 1684 3271; x_wconf 85' lang='grc' dir='ltr'><strong>τὴν</strong></span> <span class='ocrx_word' id='word_1_440' title='bbox 1716 3203 1801 3254; x_wconf 87' lang='grc' dir='ltr'>δε-</span> 
     </span>
    </p>
   </div>
   <div class='ocr_carea' id='block_1_62' title="bbox 1905 3202 3486 3278">
    <p class='ocr_par' dir='ltr' id='par_1_62' title="bbox 1912 3202 3486 3276">
     <span class='ocr_line' id='line_1_62' title="bbox 1912 3202 3486 3276; baseline -0.002 -15"><span class='ocrx_word' id='word_1_441' title='bbox 1912 3208 2279 3276; x_wconf 88' lang='lat' dir='ltr'><strong>concepisset.</strong></span> <span class='ocrx_word' id='word_1_442' title='bbox 2338 3214 2552 3260; x_wconf 88' lang='lat' dir='ltr'><strong>tantum</strong></span> <span class='ocrx_word' id='word_1_443' title='bbox 2587 3222 2696 3260; x_wconf 89' lang='lat' dir='ltr'><strong>non</strong></span> <span class='ocrx_word' id='word_1_444' title='bbox 2754 3214 2905 3259; x_wconf 92' lang='lat' dir='ltr'><strong>moto</strong></span> <span class='ocrx_word' id='word_1_445' title='bbox 2934 3205 3137 3274; x_wconf 86' lang='lat' dir='ltr'><strong>capite,</strong></span> <span class='ocrx_word' id='word_1_446' title='bbox 3182 3212 3236 3258; x_wconf 90' lang='lat' dir='ltr'><strong>et</strong></span> <span class='ocrx_word' id='word_1_447' title='bbox 3276 3202 3486 3258; x_wconf 76' lang='lat' dir='ltr'><strong>femore</strong></span> 
     </span>
    </p>
   </div>
   <div class='ocr_carea' id='block_1_63' title="bbox 222 3294 1812 3365">
    <p class='ocr_par' dir='ltr' id='par_1_63' title="bbox 222 3294 1812 3365">
     <span class='ocr_line' id='line_1_63' title="bbox 222 3294 1812 3365; baseline 0.001 -18"><span class='ocrx_word' id='word_1_448' title='bbox 222 3295 350 3358; x_wconf 72' lang='grc' dir='ltr'>ξιάν</span> <span class='ocrx_word' id='word_1_449' title='bbox 405 3296 807 3365; x_wconf 75' lang='grc' dir='ltr'>ἐπικροτήσας,</span> <span class='ocrx_word' id='word_1_450' title='bbox 857 3294 1231 3364; x_wconf 69' lang='grc' dir='ltr'>ἀποθαυμάζει</span> <span class='ocrx_word' id='word_1_451' title='bbox 1286 3295 1394 3347; x_wconf 82' lang='grc' dir='ltr'>τῶν</span> <span class='ocrx_word' id='word_1_452' title='bbox 1444 3294 1812 3349; x_wconf 77' lang='grc' dir='ltr'>ἀπειθούντων</span> 
     </span>
    </p>
   </div>
   <div class='ocr_carea' id='block_1_64' title="bbox 221 3390 808 3460">
    <p class='ocr_par' dir='ltr' id='par_1_64' title="bbox 221 3390 808 3460">
     <span class='ocr_line' id='line_1_64' title="bbox 221 3390 808 3460; baseline 0 -17"><span class='ocrx_word' id='word_1_453' title='bbox 221 3390 377 3458; x_wconf 72' lang='grc' dir='ltr'><strong>αὖτῴ</strong></span> <span class='ocrx_word' id='word_1_454' title='bbox 402 3391 499 3460; x_wconf 76' lang='grc' dir='ltr'><strong>τὴν</strong></span> <span class='ocrx_word' id='word_1_455' title='bbox 530 3392 808 3443; x_wconf 75' lang='grc' dir='ltr'>ἀπόνοιαν.</span> 
     </span>
    </p>
   </div>
   <div class='ocr_carea' id='block_1_65' title="bbox 840 3526 1205 3579">
    <p class='ocr_par' dir='ltr' id='par_1_65' title="bbox 840 3526 1205 3579">
     <span class='ocr_line' id='line_1_65' title="bbox 840 3526 1205 3579; baseline 0.008 -3"><span class='ocrx_word' id='word_1_456' title='bbox 840 3526 1069 3578; x_wconf 81' lang='grc' dir='ltr'><strong>ΚΕΦΑΛ</strong></span> <span class='ocrx_word' id='word_1_457' title='bbox 1081 3565 1092 3577; x_wconf 92' lang='grc'><strong>.</strong></span> <span class='ocrx_word' id='word_1_458' title='bbox 1135 3526 1205 3579; x_wconf 81' lang='grc' dir='ltr'><strong>Γ’.</strong></span> 
     </span>
    </p>
   </div>
   <div class='ocr_carea' id='block_1_66' title="bbox 227 3616 1739 3685">
    <p class='ocr_par' dir='ltr' id='par_1_66' title="bbox 227 3616 1739 3685">
     <span class='ocr_line' id='line_1_66' title="bbox 227 3616 1739 3685; baseline 0.005 -21"><span class='ocrx_word' id='word_1_459' title='bbox 227 3619 350 3665; x_wconf 75' lang='grc' dir='ltr'>’Ὁτι</span> <span class='ocrx_word' id='word_1_460' title='bbox 394 3617 558 3679; x_wconf 70' lang='grc' dir='ltr'>θεὸς,</span> <span class='ocrx_word' id='word_1_461' title='bbox 604 3617 697 3668; x_wconf 77' lang='grc' dir='ltr'>καὶ</span> <span class='ocrx_word' id='word_1_462' title='bbox 737 3617 803 3670; x_wconf 74' lang='grc' dir='ltr'><strong>ἐιι</strong></span> <span class='ocrx_word' id='word_1_463' title='bbox 841 3617 991 3671; x_wconf 78' lang='grc' dir='ltr'>Θεοῦ</span> <span class='ocrx_word' id='word_1_464' title='bbox 1015 3616 1164 3670; x_wconf 81' lang='grc' dir='ltr'>κατὰ</span> <span class='ocrx_word' id='word_1_465' title='bbox 1188 3616 1377 3685; x_wconf 69' lang='grc' dir='ltr'>φύσιν</span> <span class='ocrx_word' id='word_1_466' title='bbox 1408 3620 1439 3669; x_wconf 90' lang='lat' dir='ltr'><strong>o&#39;</strong></span> <span class='ocrx_word' id='word_1_467' title='bbox 1467 3619 1739 3684; x_wconf 82' lang='grc' dir='ltr'>Χριστός.</span> 
     </span>
    </p>
   </div>
   <div class='ocr_carea' id='block_1_67' title="bbox 317 3752 1814 3823">
    <p class='ocr_par' dir='ltr' id='par_1_67' title="bbox 317 3752 1814 3823">
     <span class='ocr_line' id='line_1_67' title="bbox 317 3752 1814 3823; baseline 0.006 -25"><span class='ocrx_word' id='word_1_468' title='bbox 317 3752 371 3797; x_wconf 83' lang='lat'><strong>‘0</strong></span> <span class='ocrx_word' id='word_1_469' title='bbox 394 3752 714 3818; x_wconf 63' lang='grc' dir='ltr'>λαμϐάνων</span> <span class='ocrx_word' id='word_1_470' title='bbox 737 3752 924 3805; x_wconf 78' lang='grc' dir='ltr'>αὐτοῦ</span> <span class='ocrx_word' id='word_1_471' title='bbox 949 3752 1062 3819; x_wconf 77' lang='grc' dir='ltr'><strong>τὴν</strong></span> <span class='ocrx_word' id='word_1_472' title='bbox 1080 3753 1430 3820; x_wconf 80' lang='grc' dir='ltr'>μαρτυρίαν,</span> <span class='ocrx_word' id='word_1_473' title='bbox 1449 3753 1814 3823; x_wconf 69' lang='grc' dir='ltr'>ἐσφράγισεν·</span> 
     </span>
    </p>
   </div>
   <div class='ocr_carea' id='block_1_68' title="bbox 222 3842 1044 3908">
    <p class='ocr_par' dir='ltr' id='par_1_68' title="bbox 222 3842 1044 3908">
     <span class='ocr_line' id='line_1_68' title="bbox 222 3842 1044 3908; baseline 0.002 -14"><span class='ocrx_word' id='word_1_474' title='bbox 222 3842 315 3894; x_wconf 69' lang='grc' dir='ltr'>ὕει</span> <span class='ocrx_word' id='word_1_475' title='bbox 359 3845 387 3893; x_wconf 77' lang='grc' dir='ltr'><em>ὁ</em></span> <span class='ocrx_word' id='word_1_476' title='bbox 424 3842 566 3906; x_wconf 71' lang='grc' dir='ltr'>Θε‹¹ς</span> <span class='ocrx_word' id='word_1_477' title='bbox 592 3842 826 3908; x_wconf 75' lang='grc' dir='ltr'>ἀληθής</span> <span class='ocrx_word' id='word_1_478' title='bbox 856 3845 1044 3896; x_wconf 82' lang='grc' dir='ltr'>ἐστιν.</span> 
     </span>
    </p>
   </div>
   <div class='ocr_carea' id='block_1_69' title="bbox 302 3932 1814 4005">
    <p class='ocr_par' dir='ltr' id='par_1_69' title="bbox 302 3932 1814 4005">
     <span class='ocr_line' id='line_1_69' title="bbox 302 3932 1814 4005; baseline 0.007 -22"><span class='ocrx_word' id='word_1_479' title='bbox 302 3934 415 4001; x_wconf 74' lang='grc' dir='ltr'>υύχ</span> <span class='ocrx_word' id='word_1_480' title='bbox 472 3935 672 4001; x_wconf 77' lang='grc' dir='ltr'>ἑτέρως</span> <span class='ocrx_word' id='word_1_481' title='bbox 724 3932 791 4004; x_wconf 80' lang='grc' dir='ltr'>ἦν</span> <span class='ocrx_word' id='word_1_482' title='bbox 832 3936 1095 4000; x_wconf 76' lang='grc' dir='ltr'>ἐπιδεῖξαι</span> <span class='ocrx_word' id='word_1_483' title='bbox 1138 3935 1236 4005; x_wconf 83' lang='grc' dir='ltr'><strong>τὴν</strong></span> <span class='ocrx_word' id='word_1_484' title='bbox 1287 3933 1396 3989; x_wconf 82' lang='grc' dir='ltr'>τῶν</span> <span class='ocrx_word' id='word_1_485' title='bbox 1442 3938 1814 3993; x_wconf 85' lang='grc' dir='ltr'>ἀπειθούντων</span> 
     </span>
    </p>
   </div>
   <div class='ocr_carea' id='block_1_70' title="bbox 226 4025 1816 4102">
    <p class='ocr_par' dir='ltr' id='par_1_70' title="bbox 226 4025 1816 4102">
     <span class='ocr_line' id='line_1_70' title="bbox 226 4025 1816 4102; baseline 0.006 -25"><span class='ocrx_word' id='word_1_486' title='bbox 226 4025 511 4082; x_wconf 64' lang='grc' dir='ltr'>ἀσέϐειαν.</span> <span class='ocrx_word' id='word_1_487' title='bbox 546 4029 593 4078; x_wconf 87' lang='grc' dir='ltr'>εἰ</span> <span class='ocrx_word' id='word_1_488' title='bbox 625 4029 698 4098; x_wconf 84' lang='grc' dir='ltr'>μὴ</span> <span class='ocrx_word' id='word_1_489' title='bbox 736 4029 842 4080; x_wconf 83' lang='grc' dir='ltr'>τῶν</span> <span class='ocrx_word' id='word_1_490' title='bbox 869 4030 1234 4083; x_wconf 77' lang='grc' dir='ltr'>πιστευόντων</span> <span class='ocrx_word' id='word_1_491' title='bbox 1258 4031 1321 4083; x_wconf 86' lang='grc' dir='ltr'><strong>τὸ</strong></span> <span class='ocrx_word' id='word_1_492' title='bbox 1345 4030 1597 4102; x_wconf 86' lang='grc' dir='ltr'>λαμπρὸν</span> <span class='ocrx_word' id='word_1_493' title='bbox 1627 4033 1816 4097; x_wconf 78' lang='grc' dir='ltr'>ἐξεκα-</span> 
     </span>
    </p>
   </div>
   <div class='ocr_carea' id='block_1_71' title="bbox 228 4118 1817 4196">
    <p class='ocr_par' dir='ltr' id='par_1_71' title="bbox 228 4118 1817 4196">
     <span class='ocr_line' id='line_1_71' title="bbox 228 4118 1817 4196; baseline 0.008 -29"><span class='ocrx_word' id='word_1_494' title='bbox 228 4118 411 4186; x_wconf 57' lang='grc' dir='ltr'>λύφθη</span> <span class='ocrx_word' id='word_1_495' title='bbox 454 4118 785 4189; x_wconf 80' lang='grc' dir='ltr'>κατόρθωμα</span> <span class='ocrx_word' id='word_1_496' title='bbox 809 4134 824 4149; x_wconf 74' lang='grc' dir='ltr'><strong>ο</strong></span> <span class='ocrx_word' id='word_1_497' title='bbox 872 4122 939 4189; x_wconf 83' lang='grc' dir='ltr'>τῇ</span> <span class='ocrx_word' id='word_1_498' title='bbox 983 4120 1091 4187; x_wconf 84' lang='grc' dir='ltr'><strong>γὰρ</strong></span> <span class='ocrx_word' id='word_1_499' title='bbox 1122 4120 1231 4172; x_wconf 83' lang='grc' dir='ltr'><strong>τῶν</strong></span> <span class='ocrx_word' id='word_1_500' title='bbox 1265 4122 1485 4189; x_wconf 85' lang='grc' dir='ltr'>ἀγαθῶν</span> <span class='ocrx_word' id='word_1_501' title='bbox 1515 4126 1817 4196; x_wconf 83' lang='grc' dir='ltr'>ἀντιπαρα-</span> 
     </span>
    </p>
   </div>
   <div class='ocr_carea' id='block_1_72' title="bbox 226 4210 1817 4281">
    <p class='ocr_par' dir='ltr' id='par_1_72' title="bbox 226 4210 1817 4281">
     <span class='ocr_line' id='line_1_72' title="bbox 226 4210 1817 4281; baseline 0.007 -22"><span class='ocrx_word' id='word_1_502' title='bbox 226 4210 378 4261; x_wconf 70' lang='grc' dir='ltr'>Οὲςει</span> <span class='ocrx_word' id='word_1_503' title='bbox 423 4210 482 4260; x_wconf 88' lang='grc' dir='ltr'><strong>τὸ</strong></span> <span class='ocrx_word' id='word_1_504' title='bbox 529 4210 732 4277; x_wconf 80' lang='grc' dir='ltr'>φαῦλον</span> <span class='ocrx_word' id='word_1_505' title='bbox 779 4212 1017 4275; x_wconf 81' lang='grc' dir='ltr'>εὐκόλως</span> <span class='ocrx_word' id='word_1_506' title='bbox 1063 4213 1516 4281; x_wconf 84' lang='grc' dir='ltr'>διαγινώσκεται,</span> <span class='ocrx_word' id='word_1_507' title='bbox 1576 4217 1670 4269; x_wconf 76' lang='grc' dir='ltr'><strong>καὶ</strong></span> <span class='ocrx_word' id='word_1_508' title='bbox 1708 4217 1817 4270; x_wconf 85' lang='grc' dir='ltr'><strong>τῶν</strong></span> 
     </span>
    </p>
   </div>
   <div class='ocr_carea' id='block_1_73' title="bbox 220 4300 1812 4378">
    <p class='ocr_par' dir='ltr' id='par_1_73' title="bbox 220 4300 1812 4378">
     <span class='ocr_line' id='line_1_73' title="bbox 220 4300 1812 4378; baseline 0.005 -23"><span class='ocrx_word' id='word_1_509' title='bbox 220 4300 529 4367; x_wconf 63' lang='grc' dir='ltr'>ἀμεινόνων</span> <span class='ocrx_word' id='word_1_510' title='bbox 555 4303 587 4370; x_wconf 79' lang='grc' dir='ltr'>ἡ</span> <span class='ocrx_word' id='word_1_511' title='bbox 620 4303 818 4368; x_wconf 83' lang='grc' dir='ltr'>γνῶσις</span> <span class='ocrx_word' id='word_1_512' title='bbox 840 4303 1051 4374; x_wconf 80' lang='grc' dir='ltr'>ἐλέγχει</span> <span class='ocrx_word' id='word_1_513' title='bbox 1080 4306 1147 4358; x_wconf 78' lang='grc' dir='ltr'>τὰ</span> <span class='ocrx_word' id='word_1_514' title='bbox 1188 4308 1464 4378; x_wconf 79' lang='grc' dir='ltr'>αἰσχίονα.</span> <span class='ocrx_word' id='word_1_515' title='bbox 1518 4308 1665 4372; x_wconf 80' lang='grc' dir='ltr'>Εῖτις</span> <span class='ocrx_word' id='word_1_516' title='bbox 1692 4306 1812 4375; x_wconf 77' lang='grc' dir='ltr'>οὖν,</span> 
     </span>
    </p>
   </div>
   <div class='ocr_carea' id='block_1_74' title="bbox 222 4394 1816 4467">
    <p class='ocr_par' dir='ltr' id='par_1_74' title="bbox 222 4394 1816 4467">
     <span class='ocr_line' id='line_1_74' title="bbox 222 4394 1816 4467; baseline 0.007 -25"><span class='ocrx_word' id='word_1_517' title='bbox 222 4395 383 4459; x_wconf 69' lang='grc' dir='ltr'>φησὶ,</span> <span class='ocrx_word' id='word_1_518' title='bbox 404 4396 512 4455; x_wconf 84' lang='grc' dir='ltr'>τοῖς</span> <span class='ocrx_word' id='word_1_519' title='bbox 528 4394 622 4446; x_wconf 76' lang='grc' dir='ltr'>τοῦ</span> <span class='ocrx_word' id='word_1_520' title='bbox 649 4395 854 4447; x_wconf 79' lang='grc' dir='ltr'>ἄνωθεν</span> <span class='ocrx_word' id='word_1_521' title='bbox 872 4396 1099 4465; x_wconf 81' lang='grc' dir='ltr'>ἥκοντος</span> <span class='ocrx_word' id='word_1_522' title='bbox 1119 4398 1425 4451; x_wconf 82' lang='grc' dir='ltr'>ὲπινεύσειε</span> <span class='ocrx_word' id='word_1_523' title='bbox 1448 4400 1647 4467; x_wconf 84' lang='grc' dir='ltr'>λόγοις,</span> <span class='ocrx_word' id='word_1_524' title='bbox 1682 4419 1816 4453; x_wconf 86' lang='grc' dir='ltr'>κατ-</span> 
     </span>
    </p>
   </div>
   <div class='ocr_carea' id='block_1_75' title="bbox 221 4485 1805 4561">
    <p class='ocr_par' dir='ltr' id='par_1_75' title="bbox 221 4485 1805 4561">
     <span class='ocr_line' id='line_1_75' title="bbox 221 4485 1805 4561; baseline 0.003 -24"><span class='ocrx_word' id='word_1_525' title='bbox 221 4502 247 4536; x_wconf 91' lang='grc' dir='ltr'><strong>ε</strong></span> <span class='ocrx_word' id='word_1_526' title='bbox 263 4485 528 4553; x_wconf 70' lang='grc' dir='ltr'>σφράγισέ</span> <span class='ocrx_word' id='word_1_527' title='bbox 550 4502 608 4537; x_wconf 89' lang='grc' dir='ltr'><strong>τε</strong></span> <span class='ocrx_word' id='word_1_528' title='bbox 632 4487 722 4539; x_wconf 79' lang='grc' dir='ltr'><strong>καὶ</strong></span> <span class='ocrx_word' id='word_1_529' title='bbox 736 4486 1135 4555; x_wconf 75' lang='grc' dir='ltr'>ἐξησφαλίσατο</span> <span class='ocrx_word' id='word_1_530' title='bbox 1148 4488 1235 4541; x_wconf 81' lang='grc' dir='ltr'><strong>διὰ</strong></span> <span class='ocrx_word' id='word_1_531' title='bbox 1252 4490 1352 4561; x_wconf 83' lang='grc' dir='ltr'>τῆς</span> <span class='ocrx_word' id='word_1_532' title='bbox 1373 4489 1805 4561; x_wconf 86' lang='grc' dir='ltr'>συν[αιν]ἐσεως,</span> 
     </span>
    </p>
   </div>
   <div class='ocr_carea' id='block_1_76' title="bbox 1916 3293 3491 3366">
    <p class='ocr_par' dir='ltr' id='par_1_76' title="bbox 1916 3293 3491 3366">
     <span class='ocr_line' id='line_1_76' title="bbox 1916 3293 3491 3366; baseline -0.003 -16"><span class='ocrx_word' id='word_1_533' title='bbox 1916 3297 2107 3350; x_wconf 78' lang='lat' dir='ltr'><strong>dextra</strong></span> <span class='ocrx_word' id='word_1_534' title='bbox 2138 3310 2426 3366; x_wconf 89' lang='lat' dir='ltr'><strong>percusso,</strong></span> <span class='ocrx_word' id='word_1_535' title='bbox 2466 3311 2653 3350; x_wconf 90' lang='lat' dir='ltr'><strong>eorum</strong></span> <span class='ocrx_word' id='word_1_536' title='bbox 2711 3294 3016 3349; x_wconf 74' lang='lat' dir='ltr'><strong>tlcmiratur</strong></span> <span class='ocrx_word' id='word_1_537' title='bbox 3068 3293 3359 3348; x_wconf 87' lang='lat' dir='ltr'><strong>amentiam</strong></span> <span class='ocrx_word' id='word_1_538' title='bbox 3398 3293 3491 3363; x_wconf 89' lang='lat' dir='ltr'><strong>qui</strong></span> 
     </span>
    </p>
   </div>
   <div class='ocr_carea' id='block_1_77' title="bbox 1918 3389 2378 3444">
    <p class='ocr_par' dir='ltr' id='par_1_77' title="bbox 1918 3389 2378 3444">
     <span class='ocr_line' id='line_1_77' title="bbox 1918 3389 2378 3444; baseline -0.009 0"><span class='ocrx_word' id='word_1_539' title='bbox 1918 3389 1964 3444; x_wconf 89' lang='lat' dir='ltr'><strong>ci</strong></span> <span class='ocrx_word' id='word_1_540' title='bbox 1997 3405 2107 3443; x_wconf 92' lang='lat' dir='ltr'><strong>non</strong></span> <span class='ocrx_word' id='word_1_541' title='bbox 2128 3389 2378 3443; x_wconf 85' lang='lat' dir='ltr'><strong>credunt.</strong></span> 
     </span>
    </p>
   </div>
   <div class='ocr_carea' id='block_1_78' title="bbox 2568 3520 2836 3577">
    <p class='ocr_par' dir='ltr' id='par_1_78' title="bbox 2568 3520 2836 3577">
     <span class='ocr_line' id='line_1_78' title="bbox 2568 3520 2836 3577; baseline -0.015 0"><span class='ocrx_word' id='word_1_542' title='bbox 2568 3521 2720 3577; x_wconf 78' lang='lat' dir='ltr'><strong>CAP.</strong></span> <span class='ocrx_word' id='word_1_543' title='bbox 2753 3520 2836 3574; x_wconf 93' lang='lat' dir='ltr'><strong>lll.</strong></span> 
     </span>
    </p>
   </div>
   <div class='ocr_carea' id='block_1_79' title="bbox 1919 3611 3489 3682">
    <p class='ocr_par' dir='ltr' id='par_1_79' title="bbox 1919 3611 3489 3682">
     <span class='ocr_line' id='line_1_79' title="bbox 1919 3611 3489 3682; baseline -0.003 -14"><span class='ocrx_word' id='word_1_544' title='bbox 1919 3616 2069 3682; x_wconf 83' lang='lat' dir='ltr'><strong>Quod</strong></span> <span class='ocrx_word' id='word_1_545' title='bbox 2094 3616 2255 3674; x_wconf 82' lang='lat' dir='ltr'><strong>Deus.</strong></span> <span class='ocrx_word' id='word_1_546' title='bbox 2280 3623 2327 3668; x_wconf 83' lang='lat' dir='ltr'><strong>et</strong></span> <span class='ocrx_word' id='word_1_547' title='bbox 2344 3629 2406 3667; x_wconf 83' lang='lat' dir='ltr'><strong>ea:</strong></span> <span class='ocrx_word' id='word_1_548' title='bbox 2430 3612 2541 3667; x_wconf 85' lang='lat' dir='ltr'><strong>Deo</strong></span> <span class='ocrx_word' id='word_1_549' title='bbox 2560 3611 2843 3666; x_wconf 80' lang='lat' dir='ltr'><strong>secundum</strong></span> <span class='ocrx_word' id='word_1_550' title='bbox 2861 3620 3108 3665; x_wconf 88' lang='lat' dir='ltr'><strong>naturam</strong></span> <span class='ocrx_word' id='word_1_551' title='bbox 3131 3612 3201 3666; x_wconf 81' lang='lat' dir='ltr'><strong>sit</strong></span> <span class='ocrx_word' id='word_1_552' title='bbox 3230 3611 3489 3666; x_wconf 83' lang='lat' dir='ltr'><strong>Christus.</strong></span> 
     </span>
    </p>
   </div>
   <div class='ocr_carea' id='block_1_80' title="bbox 1988 3752 3493 3822">
    <p class='ocr_par' dir='ltr' id='par_1_80' title="bbox 1988 3752 3493 3822">
     <span class='ocr_line' id='line_1_80' title="bbox 1988 3752 3493 3822; baseline -0.005 -12"><span class='ocrx_word' id='word_1_553' title='bbox 1988 3756 2076 3810; x_wconf 89' lang='lat' dir='ltr'><strong>Ill.</strong></span> <span class='ocrx_word' id='word_1_554' title='bbox 2120 3757 2208 3810; x_wconf 75' lang='lat'><strong>53.</strong></span> <span class='ocrx_word' id='word_1_555' title='bbox 2264 3755 2367 3819; x_wconf 80' lang='lat' dir='ltr'><strong>Qui</strong></span> <span class='ocrx_word' id='word_1_556' title='bbox 2424 3755 2613 3822; x_wconf 81' lang='lat' dir='ltr'><strong>accipit</strong></span> <span class='ocrx_word' id='word_1_557' title='bbox 2661 3752 2779 3820; x_wconf 85' lang='lat' dir='ltr'><strong>ejus</strong></span> <span class='ocrx_word' id='word_1_558' title='bbox 2832 3753 3217 3817; x_wconf 77' lang='lat' dir='ltr'><strong>testimonium,</strong></span> <span class='ocrx_word' id='word_1_559' title='bbox 3270 3752 3493 3821; x_wconf 71' lang='lat' dir='ltr'><strong>signavit</strong></span> 
     </span>
    </p>
   </div>
   <div class='ocr_carea' id='block_1_81' title="bbox 1917 3847 2527 3918">
    <p class='ocr_par' dir='ltr' id='par_1_81' title="bbox 1917 3847 2527 3918">
     <span class='ocr_line' id='line_1_81' title="bbox 1917 3847 2527 3918; baseline -0.002 -18"><span class='ocrx_word' id='word_1_560' title='bbox 1917 3850 2043 3918; x_wconf 84' lang='lat' dir='ltr'><strong>quia</strong></span> <span class='ocrx_word' id='word_1_561' title='bbox 2065 3847 2203 3900; x_wconf 86' lang='lat' dir='ltr'><strong>Deus</strong></span> <span class='ocrx_word' id='word_1_562' title='bbox 2244 3862 2403 3900; x_wconf 72' lang='lat' dir='ltr'><strong>verax</strong></span> <span class='ocrx_word' id='word_1_563' title='bbox 2428 3857 2527 3899; x_wconf 85' lang='lat' dir='ltr'><strong>est.</strong></span> 
     </span>
    </p>
   </div>
   <div class='ocr_carea' id='block_1_82' title="bbox 1989 3935 3490 4009">
    <p class='ocr_par' dir='ltr' id='par_1_82' title="bbox 1989 3935 3490 4009">
     <span class='ocr_line' id='line_1_82' title="bbox 1989 3935 3490 4009; baseline -0.001 -18"><span class='ocrx_word' id='word_1_564' title='bbox 1989 3938 2107 3993; x_wconf 88' lang='lat' dir='ltr'><strong>Non</strong></span> <span class='ocrx_word' id='word_1_565' title='bbox 2148 3938 2307 3993; x_wconf 88' lang='lat' dir='ltr'><strong>aliter</strong></span> <span class='ocrx_word' id='word_1_566' title='bbox 2346 3937 2638 3993; x_wconf 87' lang='lat' dir='ltr'><strong>ostendere</strong></span> <span class='ocrx_word' id='word_1_567' title='bbox 2677 3944 2893 4009; x_wconf 89' lang='lat' dir='ltr'><strong>poterat</strong></span> <span class='ocrx_word' id='word_1_568' title='bbox 2938 3937 3356 3991; x_wconf 87' lang='lat' dir='ltr'><strong>incredulorum</strong></span> <span class='ocrx_word' id='word_1_569' title='bbox 3388 3935 3490 3989; x_wconf 56' lang='lat' dir='ltr'><strong>im-</strong></span> 
     </span>
    </p>
   </div>
   <div class='ocr_carea' id='block_1_83' title="bbox 1919 4026 3494 4101">
    <p class='ocr_par' dir='ltr' id='par_1_83' title="bbox 1919 4026 3494 4101">
     <span class='ocr_line' id='line_1_83' title="bbox 1919 4026 3494 4101; baseline -0.002 -17"><span class='ocrx_word' id='word_1_570' title='bbox 1919 4032 2200 4101; x_wconf 84' lang='lat' dir='ltr'><strong>pietatem,</strong></span> <span class='ocrx_word' id='word_1_571' title='bbox 2230 4030 2336 4084; x_wconf 91' lang='lat' dir='ltr'><strong>nisi</strong></span> <span class='ocrx_word' id='word_1_572' title='bbox 2373 4028 2722 4084; x_wconf 90' lang='lat' dir='ltr'><strong>credentium</strong></span> <span class='ocrx_word' id='word_1_573' title='bbox 2761 4029 3080 4098; x_wconf 66' lang='lat' dir='ltr'><strong>praeclaram</strong></span> <span class='ocrx_word' id='word_1_574' title='bbox 3114 4026 3374 4083; x_wconf 82' lang='lat' dir='ltr'><strong>virtutem</strong></span> <span class='ocrx_word' id='word_1_575' title='bbox 3399 4043 3494 4099; x_wconf 80' lang='lat' dir='ltr'><strong>pa-</strong></span> 
     </span>
    </p>
   </div>
   <div class='ocr_carea' id='block_1_84' title="bbox 1918 4119 3493 4176">
    <p class='ocr_par' dir='ltr' id='par_1_84' title="bbox 1918 4119 3493 4176">
     <span class='ocr_line' id='line_1_84' title="bbox 1918 4119 3493 4176; baseline -0.001 -2"><span class='ocrx_word' id='word_1_576' title='bbox 1918 4122 2026 4174; x_wconf 90' lang='lat' dir='ltr'><strong>lam</strong></span> <span class='ocrx_word' id='word_1_577' title='bbox 2075 4122 2299 4176; x_wconf 83' lang='lat' dir='ltr'><strong>facerct.</strong></span> <span class='ocrx_word' id='word_1_578' title='bbox 2362 4119 2638 4174; x_wconf 90' lang='lat' dir='ltr'><strong>Bonorum</strong></span> <span class='ocrx_word' id='word_1_579' title='bbox 2698 4120 2899 4174; x_wconf 91' lang='lat' dir='ltr'><strong>etenim</strong></span> <span class='ocrx_word' id='word_1_580' title='bbox 2955 4119 3249 4175; x_wconf 87' lang='lat' dir='ltr'><strong>collatione</strong></span> <span class='ocrx_word' id='word_1_581' title='bbox 3300 4120 3493 4174; x_wconf 89' lang='lat' dir='ltr'><strong>vitium</strong></span> 
     </span>
    </p>
   </div>
   <div class='ocr_carea' id='block_1_85' title="bbox 1920 4210 3493 4281">
    <p class='ocr_par' dir='ltr' id='par_1_85' title="bbox 1920 4210 3493 4281">
     <span class='ocr_line' id='line_1_85' title="bbox 1920 4210 3493 4281; baseline -0.001 -17"><span class='ocrx_word' id='word_1_582' title='bbox 1920 4210 2079 4267; x_wconf 80' lang='lat' dir='ltr'><strong>facile</strong></span> <span class='ocrx_word' id='word_1_583' title='bbox 2131 4210 2508 4281; x_wconf 82' lang='lat' dir='ltr'><strong>dignoscitur,</strong></span> <span class='ocrx_word' id='word_1_584' title='bbox 2555 4220 2610 4265; x_wconf 88' lang='lat' dir='ltr'><strong>et</strong></span> <span class='ocrx_word' id='word_1_585' title='bbox 2659 4210 2881 4265; x_wconf 82' lang='lat' dir='ltr'><strong>honesti</strong></span> <span class='ocrx_word' id='word_1_586' title='bbox 2937 4211 3253 4280; x_wconf 88' lang='lat' dir='ltr'><strong>cognitione</strong></span> <span class='ocrx_word' id='word_1_587' title='bbox 3316 4213 3493 4281; x_wconf 88' lang='lat' dir='ltr'><strong>turpia</strong></span> 
     </span>
    </p>
   </div>
   <div class='ocr_carea' id='block_1_86' title="bbox 1920 4302 3494 4374">
    <p class='ocr_par' dir='ltr' id='par_1_86' title="bbox 1920 4302 3494 4374">
     <span class='ocr_line' id='line_1_86' title="bbox 1920 4302 3494 4374; baseline 0 -17"><span class='ocrx_word' id='word_1_588' title='bbox 1920 4303 2248 4374; x_wconf 83' lang='lat' dir='ltr'><strong>produntur.</strong></span> <span class='ocrx_word' id='word_1_589' title='bbox 2284 4302 2341 4357; x_wconf 89' lang='lat' dir='ltr'><strong>Si</strong></span> <span class='ocrx_word' id='word_1_590' title='bbox 2377 4304 2506 4372; x_wconf 87' lang='lat' dir='ltr'><strong>quis</strong></span> <span class='ocrx_word' id='word_1_591' title='bbox 2537 4317 2669 4373; x_wconf 81' lang='lat' dir='ltr'><strong>ergo</strong></span> <span class='ocrx_word' id='word_1_592' title='bbox 2691 4342 2705 4368; x_wconf 95' lang='lat'><strong>,</strong></span> <span class='ocrx_word' id='word_1_593' title='bbox 2755 4303 2957 4373; x_wconf 87' lang='lat' dir='ltr'><strong>inquit,</strong></span> <span class='ocrx_word' id='word_1_594' title='bbox 2985 4303 3108 4373; x_wconf 84' lang='lat' dir='ltr'><strong>ejus</strong></span> <span class='ocrx_word' id='word_1_595' title='bbox 3140 4304 3231 4374; x_wconf 87' lang='lat' dir='ltr'><strong>qui</strong></span> <span class='ocrx_word' id='word_1_596' title='bbox 3255 4318 3494 4373; x_wconf 87' lang='lat' dir='ltr'><strong>superne</strong></span> 
     </span>
    </p>
   </div>
   <div class='ocr_carea' id='block_1_87' title="bbox 1920 4395 3495 4466">
    <p class='ocr_par' dir='ltr' id='par_1_87' title="bbox 1920 4395 3495 4466">
     <span class='ocr_line' id='line_1_87' title="bbox 1920 4395 3495 4466; baseline -0.002 -16"><span class='ocrx_word' id='word_1_597' title='bbox 1920 4398 2067 4452; x_wconf 85' lang='lat' dir='ltr'><strong>venit</strong></span> <span class='ocrx_word' id='word_1_598' title='bbox 2082 4411 2389 4451; x_wconf 92' lang='lat' dir='ltr'><strong>sermonem</strong></span> <span class='ocrx_word' id='word_1_599' title='bbox 2410 4397 2734 4466; x_wconf 76' lang='lat' dir='ltr'><strong>susceperit,</strong></span> <span class='ocrx_word' id='word_1_600' title='bbox 2750 4395 3083 4465; x_wconf 84' lang='lat' dir='ltr'><strong>obsignavit,</strong></span> <span class='ocrx_word' id='word_1_601' title='bbox 3109 4402 3163 4451; x_wconf 90' lang='lat' dir='ltr'><strong>et</strong></span> <span class='ocrx_word' id='word_1_602' title='bbox 3180 4395 3495 4465; x_wconf 85' lang='lat' dir='ltr'><strong>cognitione</strong></span> 
     </span>
    </p>
   </div>
   <div class='ocr_carea' id='block_1_88' title="bbox 1921 4487 3494 4560">
    <p class='ocr_par' dir='ltr' id='par_1_88' title="bbox 1921 4487 3494 4560">
     <span class='ocr_line' id='line_1_88' title="bbox 1921 4487 3494 4560; baseline -0.003 -15"><span class='ocrx_word' id='word_1_603' title='bbox 1921 4491 2010 4545; x_wconf 90' lang='lat' dir='ltr'><strong>illa</strong></span> <span class='ocrx_word' id='word_1_604' title='bbox 2056 4491 2472 4560; x_wconf 86' lang='lat' dir='ltr'><strong>comprobavit,</strong></span> <span class='ocrx_word' id='word_1_605' title='bbox 2516 4497 2772 4543; x_wconf 93' lang='lat' dir='ltr'><strong>naturam</strong></span> <span class='ocrx_word' id='word_1_606' title='bbox 2825 4489 3069 4543; x_wconf 87' lang='lat' dir='ltr'><strong>divinam</strong></span> <span class='ocrx_word' id='word_1_607' title='bbox 3122 4504 3151 4541; x_wconf 90' lang='lat' dir='ltr'><strong>a</strong></span> <span class='ocrx_word' id='word_1_608' title='bbox 3204 4487 3494 4542; x_wconf 89' lang='lat' dir='ltr'><strong>mendacio</strong></span> 
     </span>
    </p>
   </div>
   <div class='ocr_carea' id='block_1_89' title="bbox 220 4570 1807 4651">
    <p class='ocr_par' dir='ltr' id='par_1_89' title="bbox 220 4577 1807 4649">
     <span class='ocr_line' id='line_1_89' title="bbox 220 4577 1807 4649; baseline 0.005 -23"><span class='ocrx_word' id='word_1_609' title='bbox 220 4580 306 4627; x_wconf 78' lang='grc' dir='ltr'><strong>ὅτι</strong></span> <span class='ocrx_word' id='word_1_610' title='bbox 341 4578 403 4627; x_wconf 79' lang='grc' dir='ltr'><strong>τὸ</strong></span> <span class='ocrx_word' id='word_1_611' title='bbox 434 4577 684 4645; x_wconf 67' lang='grc' dir='ltr'>ἀψευδεῖν</span> <span class='ocrx_word' id='word_1_612' title='bbox 715 4578 801 4630; x_wconf 74' lang='grc' dir='ltr'><strong>ἀεὶ</strong></span> <span class='ocrx_word' id='word_1_613' title='bbox 835 4580 899 4648; x_wconf 84' lang='grc' dir='ltr'>τῇ</span> <span class='ocrx_word' id='word_1_614' title='bbox 931 4578 1049 4647; x_wconf 78' lang='grc' dir='ltr'>θεία</span> <span class='ocrx_word' id='word_1_615' title='bbox 1078 4579 1310 4649; x_wconf 83' lang='grc' dir='ltr'>σύνηθές</span> <span class='ocrx_word' id='word_1_616' title='bbox 1341 4598 1400 4632; x_wconf 89' lang='grc' dir='ltr'><strong>τε</strong></span> <span class='ocrx_word' id='word_1_617' title='bbox 1431 4582 1525 4633; x_wconf 75' lang='grc' dir='ltr'><strong>καὶ</strong></span> <span class='ocrx_word' id='word_1_618' title='bbox 1558 4582 1807 4649; x_wconf 86' lang='grc' dir='ltr'>φιλαίτα-</span> 
     </span>
    </p>
   </div>
   <div class='ocr_carea' id='block_1_90' title="bbox 1905 4570 3491 4651">
    <p class='ocr_par' dir='ltr' id='par_1_90' title="bbox 1917 4577 3491 4651">
     <span class='ocr_line' id='line_1_90' title="bbox 1917 4577 3491 4651; baseline -0.004 -13"><span class='ocrx_word' id='word_1_619' title='bbox 1917 4583 2237 4638; x_wconf 86' lang='lat' dir='ltr'><strong>abhorrere.</strong></span> <span class='ocrx_word' id='word_1_620' title='bbox 2290 4581 2431 4635; x_wconf 90' lang='lat' dir='ltr'><strong>Hinc</strong></span> <span class='ocrx_word' id='word_1_621' title='bbox 2477 4590 2626 4651; x_wconf 86' lang='lat' dir='ltr'><strong>patet</strong></span> <span class='ocrx_word' id='word_1_622' title='bbox 2674 4581 2895 4636; x_wconf 88' lang='lat' dir='ltr'><strong>demum</strong></span> <span class='ocrx_word' id='word_1_623' title='bbox 2947 4581 3307 4634; x_wconf 86' lang='lat' dir='ltr'><strong>contrarium.</strong></span> <span class='ocrx_word' id='word_1_624' title='bbox 3355 4577 3491 4631; x_wconf 88' lang='lat' dir='ltr'><strong>Nam</strong></span> 
     </span>
    </p>
   </div>
   <div class='ocr_carea' id='block_1_91' title="bbox 219 4666 1807 4747">
    <p class='ocr_par' dir='ltr' id='par_1_91' title="bbox 219 4666 1807 4744">
     <span class='ocr_line' id='line_1_91' title="bbox 219 4666 1807 4744; baseline 0.006 -27"><span class='ocrx_word' id='word_1_625' title='bbox 219 4683 318 4717; x_wconf 84' lang='grc' dir='ltr'><strong>τον</strong></span> <span class='ocrx_word' id='word_1_626' title='bbox 344 4666 414 4733; x_wconf 70' lang='grc' dir='ltr'>φύ</span> <span class='ocrx_word' id='word_1_627' title='bbox 425 4683 524 4719; x_wconf 84' lang='grc' dir='ltr'>σει.</span> <span class='ocrx_word' id='word_1_628' title='bbox 562 4668 693 4719; x_wconf 83' lang='grc' dir='ltr'>Ἀπὸ</span> <span class='ocrx_word' id='word_1_629' title='bbox 719 4668 782 4737; x_wconf 80' lang='grc' dir='ltr'><strong>δὴ</strong></span> <span class='ocrx_word' id='word_1_630' title='bbox 807 4667 995 4721; x_wconf 89' lang='grc' dir='ltr'>τούτου</span> <span class='ocrx_word' id='word_1_631' title='bbox 1014 4669 1280 4739; x_wconf 88' lang='grc' dir='ltr'>πρόδηλον</span> <span class='ocrx_word' id='word_1_632' title='bbox 1306 4670 1491 4724; x_wconf 86' lang='grc' dir='ltr'>λοιπὸν</span> <span class='ocrx_word' id='word_1_633' title='bbox 1510 4674 1623 4735; x_wconf 86' lang='grc' dir='ltr'>τοῖς</span> <span class='ocrx_word' id='word_1_634' title='bbox 1642 4673 1807 4744; x_wconf 83' lang='grc' dir='ltr'>ὁρῶσι</span> 
     </span>
    </p>
   </div>
   <div class='ocr_carea' id='block_1_92' title="bbox 1905 4666 3495 4747">
    <p class='ocr_par' dir='ltr' id='par_1_92' title="bbox 1913 4670 3495 4747">
     <span class='ocr_line' id='line_1_92' title="bbox 1913 4670 3495 4747; baseline -0.005 -18"><span class='ocrx_word' id='word_1_635' title='bbox 1913 4675 2170 4747; x_wconf 87' lang='lat' dir='ltr'><strong>quisquis</strong></span> <span class='ocrx_word' id='word_1_636' title='bbox 2209 4673 2334 4727; x_wconf 83' lang='lat' dir='ltr'><strong>ﬁdei</strong></span> <span class='ocrx_word' id='word_1_637' title='bbox 2399 4674 2661 4727; x_wconf 90' lang='lat' dir='ltr'><strong>nuntium</strong></span> <span class='ocrx_word' id='word_1_638' title='bbox 2721 4672 2965 4736; x_wconf 85' lang='lat' dir='ltr'><strong>remisit,</strong></span> <span class='ocrx_word' id='word_1_639' title='bbox 3025 4678 3260 4726; x_wconf 87' lang='lat' dir='ltr'><strong>testatur</strong></span> <span class='ocrx_word' id='word_1_640' title='bbox 3304 4670 3495 4738; x_wconf 84' lang='lat' dir='ltr'><strong>utique</strong></span> 
     </span>
    </p>
   </div>
   <div class='ocr_carea' id='block_1_93' title="bbox 219 4758 1807 4835">
    <p class='ocr_par' dir='ltr' id='par_1_93' title="bbox 219 4758 1807 4835">
     <span class='ocr_line' id='line_1_93' title="bbox 219 4758 1807 4835; baseline 0.006 -26"><span class='ocrx_word' id='word_1_641' title='bbox 219 4760 284 4810; x_wconf 80' lang='grc' dir='ltr'><strong>τὸ</strong></span> <span class='ocrx_word' id='word_1_642' title='bbox 308 4758 550 4809; x_wconf 74' lang='grc' dir='ltr'>ἐναντίον</span> <span class='ocrx_word' id='word_1_643' title='bbox 578 4776 591 4787; x_wconf 75' lang='grc' dir='ltr'><strong><em>ο</em></strong></span> <span class='ocrx_word' id='word_1_644' title='bbox 628 4761 1115 4831; x_wconf 87' lang='grc' dir='ltr'>καταμαρτυρήσει</span> <span class='ocrx_word' id='word_1_645' title='bbox 1150 4760 1259 4832; x_wconf 78' lang='grc' dir='ltr'>γὰρ</span> <span class='ocrx_word' id='word_1_646' title='bbox 1296 4762 1512 4826; x_wconf 85' lang='grc' dir='ltr'>πάντως</span> <span class='ocrx_word' id='word_1_647' title='bbox 1542 4765 1570 4815; x_wconf 91' lang='grc' dir='ltr'><strong>ό</strong></span> <span class='ocrx_word' id='word_1_648' title='bbox 1597 4766 1696 4835; x_wconf 84' lang='grc' dir='ltr'>τὴν</span> <span class='ocrx_word' id='word_1_649' title='bbox 1725 4767 1807 4819; x_wconf 87' lang='grc' dir='ltr'>πί-</span> 
     </span>
    </p>
   </div>
   <div class='ocr_carea' id='block_1_94' title="bbox 1905 4758 3492 4835">
    <p class='ocr_par' dir='ltr' id='par_1_94' title="bbox 1916 4763 3492 4820">
     <span class='ocr_line' id='line_1_94' title="bbox 1916 4763 3492 4820; baseline -0.004 0"><span class='ocrx_word' id='word_1_650' title='bbox 1916 4766 2087 4820; x_wconf 90' lang='lat' dir='ltr'><strong>Deum</strong></span> <span class='ocrx_word' id='word_1_651' title='bbox 2119 4780 2374 4820; x_wconf 89' lang='lat' dir='ltr'><strong>veracem</strong></span> <span class='ocrx_word' id='word_1_652' title='bbox 2406 4780 2515 4819; x_wconf 90' lang='lat' dir='ltr'><strong>non</strong></span> <span class='ocrx_word' id='word_1_653' title='bbox 2549 4780 2693 4820; x_wconf 89' lang='lat' dir='ltr'><strong>esse.</strong></span> <span class='ocrx_word' id='word_1_654' title='bbox 2730 4763 3149 4819; x_wconf 83' lang='lat' dir='ltr'><strong>Observandum</strong></span> <span class='ocrx_word' id='word_1_655' title='bbox 3200 4769 3383 4817; x_wconf 89' lang='lat' dir='ltr'><strong>autem</strong></span> <span class='ocrx_word' id='word_1_656' title='bbox 3408 4769 3492 4816; x_wconf 91' lang='lat' dir='ltr'><strong>est</strong></span> 
     </span>
    </p>
   </div>
   <div class='ocr_carea' id='block_1_95' title="bbox 220 4849 1809 4928">
    <p class='ocr_par' dir='ltr' id='par_1_95' title="bbox 220 4849 1809 4928">
     <span class='ocr_line' id='line_1_95' title="bbox 220 4849 1809 4928; baseline 0.008 -28"><span class='ocrx_word' id='word_1_657' title='bbox 220 4865 345 4900; x_wconf 83' lang='grc' dir='ltr'>στιν</span> <span class='ocrx_word' id='word_1_658' title='bbox 381 4849 851 4919; x_wconf 83' lang='grc' dir='ltr'>ἀποκρουόμενος,</span> <span class='ocrx_word' id='word_1_659' title='bbox 896 4853 979 4904; x_wconf 83' lang='grc' dir='ltr'><strong>ὅτι</strong></span> <span class='ocrx_word' id='word_1_660' title='bbox 1006 4854 1033 4905; x_wconf 89' lang='grc' dir='ltr'><strong>ό</strong></span> <span class='ocrx_word' id='word_1_661' title='bbox 1062 4852 1191 4914; x_wconf 85' lang='grc' dir='ltr'>Θεὸς</span> <span class='ocrx_word' id='word_1_662' title='bbox 1238 4853 1358 4905; x_wconf 77' lang='grc' dir='ltr'>οὐχ’</span> <span class='ocrx_word' id='word_1_663' title='bbox 1393 4853 1540 4908; x_wconf 76' lang='grc' dir='ltr'>ἔστιν</span> <span class='ocrx_word' id='word_1_664' title='bbox 1582 4856 1809 4928; x_wconf 85' lang='grc' dir='ltr'>ἀληθής.</span> 
     </span>
    </p>
   </div>
   <div class='ocr_carea' id='block_1_96' title="bbox 234 4940 1810 5017">
    <p class='ocr_par' dir='ltr' id='par_1_96' title="bbox 234 4940 1810 5017">
     <span class='ocr_line' id='line_1_96' title="bbox 234 4940 1810 5017; baseline 0.006 -25"><span class='ocrx_word' id='word_1_665' title='bbox 234 4940 630 5008; x_wconf 78' lang='grc' dir='ltr'>Ἐπιτηρητέον</span> <span class='ocrx_word' id='word_1_666' title='bbox 662 4940 719 4993; x_wconf 75' lang='grc' dir='ltr'>δὲ</span> <span class='ocrx_word' id='word_1_667' title='bbox 746 4942 927 5007; x_wconf 79' lang='grc' dir='ltr'>πάλιν,</span> <span class='ocrx_word' id='word_1_668' title='bbox 953 4943 1035 4995; x_wconf 77' lang='grc' dir='ltr'>ὅτι</span> <span class='ocrx_word' id='word_1_669' title='bbox 1067 4944 1167 5013; x_wconf 88' lang='grc' dir='ltr'><strong>τῆς</strong></span> <span class='ocrx_word' id='word_1_670' title='bbox 1195 4945 1328 5014; x_wconf 87' lang='grc' dir='ltr'>πρὸς</span> <span class='ocrx_word' id='word_1_671' title='bbox 1359 4946 1458 5014; x_wconf 83' lang='grc' dir='ltr'><strong>τὴν</strong></span> <span class='ocrx_word' id='word_1_672' title='bbox 1483 4945 1659 5000; x_wconf 91' lang='grc' dir='ltr'>κτίσιν</span> <span class='ocrx_word' id='word_1_673' title='bbox 1678 4950 1810 5017; x_wconf 81' lang='grc' dir='ltr'>ὁμο-</span> 
     </span>
    </p>
   </div>
   <div class='ocr_carea' id='block_1_97' title="bbox 217 5032 1811 5099">
    <p class='ocr_par' dir='ltr' id='par_1_97' title="bbox 217 5032 1811 5099">
     <span class='ocr_line' id='line_1_97' title="bbox 217 5032 1811 5099; baseline 0.006 -16"><span class='ocrx_word' id='word_1_674' title='bbox 217 5032 537 5099; x_wconf 74' lang='grc' dir='ltr'>ουσιότητος</span> <span class='ocrx_word' id='word_1_675' title='bbox 569 5032 775 5097; x_wconf 78' lang='grc' dir='ltr'>ἐξέλκει</span> <span class='ocrx_word' id='word_1_676' title='bbox 818 5034 908 5086; x_wconf 87' lang='grc' dir='ltr'><strong>τὸν</strong></span> <span class='ocrx_word' id='word_1_677' title='bbox 955 5035 1123 5099; x_wconf 84' lang='grc' dir='ltr'>Υἱὸν,</span> <span class='ocrx_word' id='word_1_678' title='bbox 1176 5036 1271 5088; x_wconf 76' lang='grc' dir='ltr'><strong>καὶ</strong></span> <span class='ocrx_word' id='word_1_679' title='bbox 1321 5038 1455 5091; x_wconf 83' lang='grc' dir='ltr'>Θεὸν</span> <span class='ocrx_word' id='word_1_680' title='bbox 1483 5039 1612 5091; x_wconf 81' lang='grc' dir='ltr'>ὄντα</span> <span class='ocrx_word' id='word_1_681' title='bbox 1666 5040 1811 5093; x_wconf 88' lang='grc' dir='ltr'><strong>κατά</strong></span> 
     </span>
    </p>
   </div>
   <div class='ocr_carea' id='block_1_98' title="bbox 219 5123 1809 5201">
    <p class='ocr_par' dir='ltr' id='par_1_98' title="bbox 219 5123 1809 5201">
     <span class='ocr_line' id='line_1_98' title="bbox 219 5123 1809 5201; baseline 0.005 -26"><span class='ocrx_word' id='word_1_682' title='bbox 219 5124 391 5191; x_wconf 69' lang='grc' dir='ltr'>φύσιν</span> <span class='ocrx_word' id='word_1_683' title='bbox 417 5123 504 5176; x_wconf 73' lang='grc' dir='ltr'>διὰ</span> <span class='ocrx_word' id='word_1_684' title='bbox 546 5124 654 5175; x_wconf 83' lang='grc' dir='ltr'><strong>τῶν</strong></span> <span class='ocrx_word' id='word_1_685' title='bbox 686 5126 991 5196; x_wconf 80' lang='grc' dir='ltr'>εἰρημένων</span> <span class='ocrx_word' id='word_1_686' title='bbox 1021 5128 1371 5183; x_wconf 77' lang='grc' dir='ltr'>ἐπιδεικνύει.</span> <span class='ocrx_word' id='word_1_687' title='bbox 1419 5133 1482 5185; x_wconf 77' lang='lat' dir='ltr'><strong>Et</strong></span> <span class='ocrx_word' id='word_1_688' title='bbox 1503 5130 1610 5201; x_wconf 80' lang='grc' dir='ltr'>γὰρ</span> <span class='ocrx_word' id='word_1_689' title='bbox 1640 5134 1667 5185; x_wconf 90' lang='lat'><strong>6</strong></span> <span class='ocrx_word' id='word_1_690' title='bbox 1698 5134 1809 5195; x_wconf 84' lang='grc' dir='ltr'>τοῖς</span> 
     </span>
    </p>
   </div>
   <div class='ocr_carea' id='block_1_99' title="bbox 219 5214 1807 5292">
    <p class='ocr_par' dir='ltr' id='par_1_99' title="bbox 219 5214 1807 5292">
     <span class='ocr_line' id='line_1_99' title="bbox 219 5214 1807 5292; baseline 0.006 -27"><span class='ocrx_word' id='word_1_691' title='bbox 219 5216 359 5284; x_wconf 76' lang='grc' dir='ltr'>παρ’</span> <span class='ocrx_word' id='word_1_692' title='bbox 383 5214 547 5266; x_wconf 78' lang='grc' dir='ltr'>αὐτοῦ</span> <span class='ocrx_word' id='word_1_693' title='bbox 570 5215 924 5284; x_wconf 82' lang='grc' dir='ltr'>λαλουμένοις</span> <span class='ocrx_word' id='word_1_694' title='bbox 948 5218 1288 5289; x_wconf 86' lang='grc' dir='ltr'>πειθόμενος,</span> <span class='ocrx_word' id='word_1_695' title='bbox 1314 5221 1601 5292; x_wconf 86' lang='grc' dir='ltr'>δεχόμενος</span> <span class='ocrx_word' id='word_1_696' title='bbox 1630 5223 1685 5275; x_wconf 85' lang='grc' dir='ltr'>δὲ</span> <span class='ocrx_word' id='word_1_697' title='bbox 1708 5223 1807 5291; x_wconf 83' lang='grc' dir='ltr'>τὴν</span> 
     </span>
    </p>
   </div>
   <div class='ocr_carea' id='block_1_100' title="bbox 220 5296 1803 5383">
    <p class='ocr_par' dir='ltr' id='par_1_100' title="bbox 220 5296 1803 5383">
     <span class='ocr_line' id='line_1_100' title="bbox 220 5296 1803 5383; baseline 0.007 -27"><span class='ocrx_word' id='word_1_698' title='bbox 220 5304 570 5373; x_wconf 78' lang='grc' dir='ltr'>μαρτυρίαν,</span> <span class='ocrx_word' id='word_1_699' title='bbox 634 5307 811 5377; x_wconf 82' lang='grc' dir='ltr'>ἥνπερ</span> <span class='ocrx_word' id='word_1_700' title='bbox 856 5309 923 5361; x_wconf 84' lang='grc' dir='ltr'><strong>ἂν</strong></span> <span class='ocrx_word' id='word_1_701' title='bbox 966 5310 1127 5374; x_wconf 79' lang='grc' dir='ltr'>αὐτὸς</span> <span class='ocrx_word' id='word_1_702' title='bbox 1173 5296 1377 5366; x_wconf 72' lang='grc' dir='ltr'>ποιοῖτο</span> <span class='ocrx_word' id='word_1_703' title='bbox 1420 5316 1546 5383; x_wconf 73' lang='grc' dir='ltr'>περὶ</span> <span class='ocrx_word' id='word_1_704' title='bbox 1589 5314 1803 5379; x_wconf 74' lang='grc' dir='ltr'>ἑαυτοῦ,</span> 
     </span>
    </p>
   </div>
   <div class='ocr_carea' id='block_1_101' title="bbox 217 5398 1806 5479">
    <p class='ocr_par' dir='ltr' id='par_1_101' title="bbox 217 5398 1806 5479">
     <span class='ocr_line' id='line_1_101' title="bbox 217 5398 1806 5479; baseline 0.006 -29"><span class='ocrx_word' id='word_1_705' title='bbox 217 5398 635 5467; x_wconf 72' lang='grc' dir='ltr'>κατεσφραγισὲ</span> <span class='ocrx_word' id='word_1_706' title='bbox 666 5417 726 5451; x_wconf 86' lang='grc' dir='ltr'><strong>τε</strong></span> <span class='ocrx_word' id='word_1_707' title='bbox 759 5402 852 5454; x_wconf 83' lang='grc' dir='ltr'><strong>καὶ</strong></span> <span class='ocrx_word' id='word_1_708' title='bbox 900 5403 1275 5473; x_wconf 58' lang='grc' dir='ltr'>ὲπεψηφέσατο</span> <span class='ocrx_word' id='word_1_709' title='bbox 1308 5407 1515 5470; x_wconf 82' lang='grc' dir='ltr'>καλῶς,</span> <span class='ocrx_word' id='word_1_710' title='bbox 1566 5410 1647 5461; x_wconf 86' lang='grc' dir='ltr'><strong>ὅτι</strong></span> <span class='ocrx_word' id='word_1_711' title='bbox 1686 5408 1748 5479; x_wconf 85' lang='grc' dir='ltr'><strong>δὴ</strong></span> <span class='ocrx_word' id='word_1_712' title='bbox 1778 5409 1806 5459; x_wconf 89' lang='grc' dir='ltr'><strong>ὁ</strong></span> 
     </span>
    </p>
   </div>
   <div class='ocr_carea' id='block_1_102' title="bbox 213 5489 1806 5572">
    <p class='ocr_par' dir='ltr' id='par_1_102' title="bbox 213 5489 1806 5572">
     <span class='ocr_line' id='line_1_102' title="bbox 213 5489 1806 5572; baseline 0.009 -29"><span class='ocrx_word' id='word_1_713' title='bbox 213 5489 359 5550; x_wconf 80' lang='grc' dir='ltr'>Θεὸς</span> <span class='ocrx_word' id='word_1_714' title='bbox 403 5490 611 5560; x_wconf 75' lang='grc' dir='ltr'>ἀληθής</span> <span class='ocrx_word' id='word_1_715' title='bbox 639 5494 791 5546; x_wconf 77' lang='grc' dir='ltr'>ἐστι·</span> <span class='ocrx_word' id='word_1_716' title='bbox 837 5496 954 5559; x_wconf 82' lang='grc' dir='ltr'>πῶς</span> <span class='ocrx_word' id='word_1_717' title='bbox 996 5499 1095 5550; x_wconf 74' lang='grc' dir='ltr'><strong>οὐκ</strong></span> <span class='ocrx_word' id='word_1_718' title='bbox 1142 5500 1209 5553; x_wconf 83' lang='grc' dir='ltr'><strong>ἂν</strong></span> <span class='ocrx_word' id='word_1_719' title='bbox 1243 5504 1411 5555; x_wconf 85' lang='grc' dir='ltr'>νοοῖτο</span> <span class='ocrx_word' id='word_1_720' title='bbox 1458 5503 1600 5555; x_wconf 78' lang='grc' dir='ltr'>κατὰ</span> <span class='ocrx_word' id='word_1_721' title='bbox 1645 5503 1806 5572; x_wconf 80' lang='grc' dir='ltr'>φύσιν</span> 
     </span>
    </p>
   </div>
   <div class='ocr_carea' id='block_1_103' title="bbox 214 5579 1805 5665">
    <p class='ocr_par' dir='ltr' id='par_1_103' title="bbox 214 5579 1805 5665">
     <span class='ocr_line' id='line_1_103' title="bbox 214 5579 1805 5665; baseline 0.013 -36"><span class='ocrx_word' id='word_1_722' title='bbox 214 5579 358 5641; x_wconf 83' lang='grc' dir='ltr'>Θεὸς</span> <span class='ocrx_word' id='word_1_723' title='bbox 382 5580 410 5631; x_wconf 87' lang='grc' dir='ltr'>ὁ</span> <span class='ocrx_word' id='word_1_724' title='bbox 440 5580 671 5649; x_wconf 81' lang='grc' dir='ltr'>Χριστὸς</span> <span class='ocrx_word' id='word_1_725' title='bbox 690 5624 702 5639; x_wconf 86' lang='grc'><strong>.</strong></span> <span class='ocrx_word' id='word_1_726' title='bbox 750 5584 778 5635; x_wconf 87' lang='grc' dir='ltr'>ὁ</span> <span class='ocrx_word' id='word_1_727' title='bbox 807 5587 895 5638; x_wconf 69' lang='grc' dir='ltr'><strong>καὶ</strong></span> <span class='ocrx_word' id='word_1_728' title='bbox 920 5587 1007 5640; x_wconf 72' lang='grc' dir='ltr'><strong>διὰ</strong></span> <span class='ocrx_word' id='word_1_729' title='bbox 1048 5589 1145 5659; x_wconf 84' lang='grc' dir='ltr'>τῆς</span> <span class='ocrx_word' id='word_1_730' title='bbox 1177 5591 1410 5657; x_wconf 85' lang='grc' dir='ltr'>πίστεως</span> <span class='ocrx_word' id='word_1_731' title='bbox 1450 5595 1556 5646; x_wconf 76' lang='grc' dir='ltr'>τῶν</span> <span class='ocrx_word' id='word_1_732' title='bbox 1580 5595 1805 5665; x_wconf 78' lang='grc' dir='ltr'>ἔναγχος</span> 
     </span>
    </p>
   </div>
   <div class='ocr_carea' id='block_1_104' title="bbox 216 5671 1803 5755">
    <p class='ocr_par' dir='ltr' id='par_1_104' title="bbox 216 5671 1803 5755">
     <span class='ocr_line' id='line_1_104' title="bbox 216 5671 1803 5755; baseline 0.011 -33"><span class='ocrx_word' id='word_1_733' title='bbox 216 5671 532 5741; x_wconf 76' lang='grc' dir='ltr'>εἰρημένων</span> <span class='ocrx_word' id='word_1_734' title='bbox 580 5671 783 5747; x_wconf 75' lang='grc' dir='ltr'>ἁλτ-Οὴς</span> <span class='ocrx_word' id='word_1_735' title='bbox 828 5679 1401 5755; x_wconf 77' lang='grc' dir='ltr'>ἐπιμαρτυρούμενος;</span> <span class='ocrx_word' id='word_1_736' title='bbox 1468 5687 1537 5739; x_wconf 85' lang='grc' dir='ltr'><em>Ἢ</em></span> <span class='ocrx_word' id='word_1_737' title='bbox 1601 5687 1803 5754; x_wconf 74' lang='grc' dir='ltr'>λεγέτω</span> 
     </span>
    </p>
   </div>
   <div class='ocr_carea' id='block_1_105' title="bbox 294 5846 831 5915">
    <p class='ocr_par' dir='ltr' id='par_1_105' title="bbox 294 5846 831 5915">
     <span class='ocr_line' id='line_1_105' title="bbox 294 5846 831 5915; baseline -0.004 -16"><span class='ocrx_word' id='word_1_738' title='bbox 294 5848 336 5871; x_wconf 65' lang='grc'>³³</span> <span class='ocrx_word' id='word_1_739' title='bbox 378 5846 562 5903; x_wconf 73' lang='lat' dir='ltr'><strong>Matth.</strong></span> <span class='ocrx_word' id='word_1_740' title='bbox 605 5867 712 5915; x_wconf 65' lang='lat' dir='ltr'><strong>xvi,</strong></span> <span class='ocrx_word' id='word_1_741' title='bbox 749 5852 831 5906; x_wconf 74' lang='grc'>16,</span> 
     </span>
    </p>
   </div>
   <div class='ocr_carea' id='block_1_106' title="bbox 1916 4854 3492 4927">
    <p class='ocr_par' dir='ltr' id='par_1_106' title="bbox 1916 4854 3492 4927">
     <span class='ocr_line' id='line_1_106' title="bbox 1916 4854 3492 4927; baseline -0.004 -15"><span class='ocrx_word' id='word_1_742' title='bbox 1916 4873 2120 4927; x_wconf 88' lang='lat' dir='ltr'><strong>porro,</strong></span> <span class='ocrx_word' id='word_1_743' title='bbox 2151 4858 2238 4913; x_wconf 88' lang='lat' dir='ltr'><strong>his</strong></span> <span class='ocrx_word' id='word_1_744' title='bbox 2296 4857 2482 4912; x_wconf 86' lang='lat' dir='ltr'><strong>verbis</strong></span> <span class='ocrx_word' id='word_1_745' title='bbox 2513 4874 2541 4911; x_wconf 89' lang='lat' dir='ltr'><strong>a</strong></span> <span class='ocrx_word' id='word_1_746' title='bbox 2578 4854 3164 4911; x_wconf 84' lang='lat' dir='ltr'><strong>consubstantiatitate</strong></span> <span class='ocrx_word' id='word_1_747' title='bbox 3221 4860 3492 4908; x_wconf 59' lang='lat' dir='ltr'><strong>creatura:</strong></span> 
     </span>
    </p>
   </div>
   <div class='ocr_carea' id='block_1_107' title="bbox 1919 4946 3493 5013">
    <p class='ocr_par' dir='ltr' id='par_1_107' title="bbox 1919 4946 3493 5013">
     <span class='ocr_line' id='line_1_107' title="bbox 1919 4946 3493 5013; baseline -0.004 -9"><span class='ocrx_word' id='word_1_748' title='bbox 1919 4950 2117 5004; x_wconf 85' lang='lat' dir='ltr'><strong>Filium</strong></span> <span class='ocrx_word' id='word_1_749' title='bbox 2152 4949 2439 5013; x_wconf 89' lang='lat' dir='ltr'><strong>removeri,</strong></span> <span class='ocrx_word' id='word_1_750' title='bbox 2464 4959 2517 5003; x_wconf 88' lang='lat' dir='ltr'><strong>et</strong></span> <span class='ocrx_word' id='word_1_751' title='bbox 2549 4948 2717 5004; x_wconf 91' lang='lat' dir='ltr'><strong>Deum</strong></span> <span class='ocrx_word' id='word_1_752' title='bbox 2754 4946 3057 5002; x_wconf 87' lang='lat' dir='ltr'><strong>secundum</strong></span> <span class='ocrx_word' id='word_1_753' title='bbox 3092 4952 3345 4999; x_wconf 88' lang='lat' dir='ltr'><strong>naturam</strong></span> <span class='ocrx_word' id='word_1_754' title='bbox 3368 4958 3493 4998; x_wconf 86' lang='lat' dir='ltr'><strong>esse</strong></span> 
     </span>
    </p>
   </div>
   <div class='ocr_carea' id='block_1_108' title="bbox 1920 5034 3494 5106">
    <p class='ocr_par' dir='ltr' id='par_1_108' title="bbox 1920 5034 3494 5106">
     <span class='ocr_line' id='line_1_108' title="bbox 1920 5034 3494 5106; baseline -0.007 -9"><span class='ocrx_word' id='word_1_755' title='bbox 1920 5040 2158 5097; x_wconf 91' lang='lat' dir='ltr'><strong>ostendi.</strong></span> <span class='ocrx_word' id='word_1_756' title='bbox 2194 5038 2253 5092; x_wconf 90' lang='lat' dir='ltr'><strong>Si</strong></span> <span class='ocrx_word' id='word_1_757' title='bbox 2303 5038 2449 5093; x_wconf 92' lang='lat' dir='ltr'><strong>enim</strong></span> <span class='ocrx_word' id='word_1_758' title='bbox 2496 5037 2588 5106; x_wconf 88' lang='lat' dir='ltr'><strong>qui</strong></span> <span class='ocrx_word' id='word_1_759' title='bbox 2628 5037 2753 5105; x_wconf 88' lang='lat' dir='ltr'><strong>ejus</strong></span> <span class='ocrx_word' id='word_1_760' title='bbox 2796 5036 3147 5090; x_wconf 88' lang='lat' dir='ltr'><strong>sermonibus</strong></span> <span class='ocrx_word' id='word_1_761' title='bbox 3195 5034 3390 5095; x_wconf 87' lang='lat' dir='ltr'><strong>credit,</strong></span> <span class='ocrx_word' id='word_1_762' title='bbox 3441 5043 3494 5088; x_wconf 90' lang='lat' dir='ltr'><strong>et</strong></span> 
     </span>
    </p>
   </div>
   <div class='ocr_carea' id='block_1_109' title="bbox 1914 5125 3489 5200">
    <p class='ocr_par' dir='ltr' id='par_1_109' title="bbox 1914 5125 3489 5200">
     <span class='ocr_line' id='line_1_109' title="bbox 1914 5125 3489 5200; baseline -0.008 -12"><span class='ocrx_word' id='word_1_763' title='bbox 1914 5133 2288 5188; x_wconf 82' lang='lat' dir='ltr'><strong>testimonium</strong></span> <span class='ocrx_word' id='word_1_764' title='bbox 2317 5130 2465 5200; x_wconf 88' lang='lat' dir='ltr'><strong>quod</strong></span> <span class='ocrx_word' id='word_1_765' title='bbox 2493 5130 2608 5199; x_wconf 84' lang='lat' dir='ltr'><strong>ipse</strong></span> <span class='ocrx_word' id='word_1_766' title='bbox 2655 5129 2723 5182; x_wconf 93' lang='lat' dir='ltr'><strong>de</strong></span> <span class='ocrx_word' id='word_1_767' title='bbox 2756 5128 2941 5197; x_wconf 89' lang='lat' dir='ltr'><strong>seipso</strong></span> <span class='ocrx_word' id='word_1_768' title='bbox 2970 5127 3219 5196; x_wconf 85' lang='lat' dir='ltr'><strong>perhibet</strong></span> <span class='ocrx_word' id='word_1_769' title='bbox 3265 5125 3489 5194; x_wconf 88' lang='lat' dir='ltr'><strong>accipit,</strong></span> 
     </span>
    </p>
   </div>
   <div class='ocr_carea' id='block_1_110' title="bbox 1916 5217 3487 5297">
    <p class='ocr_par' dir='ltr' id='par_1_110' title="bbox 1916 5217 3487 5297">
     <span class='ocr_line' id='line_1_110' title="bbox 1916 5217 3487 5297; baseline -0.008 -17"><span class='ocrx_word' id='word_1_770' title='bbox 1916 5225 2152 5297; x_wconf 86' lang='lat' dir='ltr'><strong>signavit</strong></span> <span class='ocrx_word' id='word_1_771' title='bbox 2198 5238 2262 5277; x_wconf 86' lang='lat' dir='ltr'><strong>ac</strong></span> <span class='ocrx_word' id='word_1_772' title='bbox 2320 5222 2493 5293; x_wconf 85' lang='lat' dir='ltr'><strong>probe</strong></span> <span class='ocrx_word' id='word_1_773' title='bbox 2546 5220 2895 5276; x_wconf 82' lang='lat' dir='ltr'><strong>continuavit</strong></span> <span class='ocrx_word' id='word_1_774' title='bbox 2949 5218 3093 5287; x_wconf 84' lang='lat' dir='ltr'><strong>quod</strong></span> <span class='ocrx_word' id='word_1_775' title='bbox 3132 5217 3274 5271; x_wconf 90' lang='lat' dir='ltr'><strong>Deus</strong></span> <span class='ocrx_word' id='word_1_776' title='bbox 3325 5231 3487 5270; x_wconf 81' lang='lat' dir='ltr'><strong>verax</strong></span> 
     </span>
    </p>
   </div>
   <div class='ocr_carea' id='block_1_111' title="bbox 1913 5306 3488 5388">
    <p class='ocr_par' dir='ltr' id='par_1_111' title="bbox 1913 5306 3488 5388">
     <span class='ocr_line' id='line_1_111' title="bbox 1913 5306 3488 5388; baseline -0.01 -14"><span class='ocrx_word' id='word_1_777' title='bbox 1913 5328 2020 5384; x_wconf 80' lang='lat' dir='ltr'><strong>est,</strong></span> <span class='ocrx_word' id='word_1_778' title='bbox 2052 5316 2331 5388; x_wconf 86' lang='lat' dir='ltr'><strong>quomodo</strong></span> <span class='ocrx_word' id='word_1_779' title='bbox 2364 5314 2621 5369; x_wconf 89' lang='lat' dir='ltr'><strong>Christus</strong></span> <span class='ocrx_word' id='word_1_780' title='bbox 2656 5327 2765 5366; x_wconf 91' lang='lat' dir='ltr'><strong>non</strong></span> <span class='ocrx_word' id='word_1_781' title='bbox 2803 5310 3138 5380; x_wconf 80' lang='lat' dir='ltr'><strong>intelligetur</strong></span> <span class='ocrx_word' id='word_1_782' title='bbox 3187 5306 3488 5362; x_wconf 83' lang='lat' dir='ltr'><strong>secundum</strong></span> 
     </span>
    </p>
   </div>
   <div class='ocr_carea' id='block_1_112' title="bbox 1910 5399 3487 5477">
    <p class='ocr_par' dir='ltr' id='par_1_112' title="bbox 1910 5399 3487 5477">
     <span class='ocr_line' id='line_1_112' title="bbox 1910 5399 3487 5477; baseline -0.009 -13"><span class='ocrx_word' id='word_1_783' title='bbox 1910 5419 2161 5465; x_wconf 82' lang='lat' dir='ltr'><strong>naturam</strong></span> <span class='ocrx_word' id='word_1_784' title='bbox 2196 5408 2375 5467; x_wconf 86' lang='lat' dir='ltr'><strong>Deus,</strong></span> <span class='ocrx_word' id='word_1_785' title='bbox 2410 5406 2503 5477; x_wconf 90' lang='lat' dir='ltr'><strong>qui</strong></span> <span class='ocrx_word' id='word_1_786' title='bbox 2550 5420 2739 5459; x_wconf 88' lang='lat' dir='ltr'><strong>eorum</strong></span> <span class='ocrx_word' id='word_1_787' title='bbox 2788 5418 2909 5473; x_wconf 70' lang='lat' dir='ltr'><strong>qua:</strong></span> <span class='ocrx_word' id='word_1_788' title='bbox 2954 5402 3115 5471; x_wconf 85' lang='lat' dir='ltr'><strong>paulo</strong></span> <span class='ocrx_word' id='word_1_789' title='bbox 3162 5409 3291 5454; x_wconf 88' lang='lat' dir='ltr'><strong>ante</strong></span> <span class='ocrx_word' id='word_1_790' title='bbox 3345 5399 3487 5455; x_wconf 85' lang='lat' dir='ltr'><strong>dicta</strong></span> 
     </span>
    </p>
   </div>
   <div class='ocr_carea' id='block_1_113' title="bbox 1908 5492 3485 5564">
    <p class='ocr_par' dir='ltr' id='par_1_113' title="bbox 1908 5492 3485 5564">
     <span class='ocr_line' id='line_1_113' title="bbox 1908 5492 3485 5564; baseline -0.01 -6"><span class='ocrx_word' id='word_1_791' title='bbox 1908 5512 2036 5558; x_wconf 88' lang='lat' dir='ltr'><strong>sunt</strong></span> <span class='ocrx_word' id='word_1_792' title='bbox 2078 5501 2407 5556; x_wconf 79' lang='lat' dir='ltr'><strong>auctoritate</strong></span> <span class='ocrx_word' id='word_1_793' title='bbox 2455 5515 2618 5554; x_wconf 84' lang='lat' dir='ltr'><strong>verax</strong></span> <span class='ocrx_word' id='word_1_794' title='bbox 2653 5512 2777 5552; x_wconf 87' lang='lat' dir='ltr'><strong>esse</strong></span> <span class='ocrx_word' id='word_1_795' title='bbox 2808 5493 3237 5564; x_wconf 85' lang='lat' dir='ltr'><strong>comprobatur?</strong></span> <span class='ocrx_word' id='word_1_796' title='bbox 3267 5492 3485 5560; x_wconf 81' lang='lat' dir='ltr'><strong>Alioqui</strong></span> 
     </span>
    </p>
   </div>
   <div class='ocr_carea' id='block_1_114' title="bbox 1912 5584 3488 5656">
    <p class='ocr_par' dir='ltr' id='par_1_114' title="bbox 1912 5584 3488 5656">
     <span class='ocr_line' id='line_1_114' title="bbox 1912 5584 3488 5656; baseline -0.01 -5"><span class='ocrx_word' id='word_1_797' title='bbox 1912 5598 2059 5651; x_wconf 80' lang='lat' dir='ltr'><strong>dicat</strong></span> <span class='ocrx_word' id='word_1_798' title='bbox 2104 5610 2324 5648; x_wconf 86' lang='lat' dir='ltr'><strong>rursum</strong></span> <span class='ocrx_word' id='word_1_799' title='bbox 2354 5592 2516 5647; x_wconf 88' lang='lat' dir='ltr'><strong>nobis</strong></span> <span class='ocrx_word' id='word_1_800' title='bbox 2568 5589 2922 5645; x_wconf 84' lang='lat' dir='ltr'><strong>adversarius</strong></span> <span class='ocrx_word' id='word_1_801' title='bbox 2976 5584 3253 5656; x_wconf 81' lang='lat' dir='ltr'><strong>quomodo</strong></span> <span class='ocrx_word' id='word_1_802' title='bbox 3296 5589 3488 5636; x_wconf 72' lang='lat' dir='ltr'><strong>natura</strong></span> 
     </span>
    </p>
   </div>
   <div class='ocr_carea' id='block_1_115' title="bbox 1914 5674 3487 5747">
    <p class='ocr_par' dir='ltr' id='par_1_115' title="bbox 1914 5674 3487 5747">
     <span class='ocr_line' id='line_1_115' title="bbox 1914 5674 3487 5747; baseline -0.008 -7"><span class='ocrx_word' id='word_1_803' title='bbox 1914 5687 2096 5741; x_wconf 79' lang='lat' dir='ltr'><strong>tli\iuu</strong></span> <span class='ocrx_word' id='word_1_804' title='bbox 2154 5686 2454 5740; x_wconf 70' lang='lat' dir='ltr'><strong>honoratur</strong></span> <span class='ocrx_word' id='word_1_805' title='bbox 2524 5690 2580 5735; x_wconf 88' lang='lat' dir='ltr'><strong>ut.</strong></span> <span class='ocrx_word' id='word_1_806' title='bbox 2638 5695 2802 5736; x_wconf 80' lang='lat' dir='ltr'><strong>verax</strong></span> <span class='ocrx_word' id='word_1_807' title='bbox 2864 5685 3126 5747; x_wconf 77' lang='lat' dir='ltr'><strong>suscepto</strong></span> <span class='ocrx_word' id='word_1_808' title='bbox 3183 5674 3487 5729; x_wconf 85' lang='lat' dir='ltr'><strong>Salvatoris</strong></span> 
     </span>
    </p>
   </div>
  </div>
