4222 6510
728 421 834 476 2‘75

1721 415 1778 469 S.
1821 414 2098 469 CYRILLI
2139 413 2606 469 ALEXAXDRINI
2645 411 2964 468 ARCIIIEP.

3887 429 3992 482 9.76

723 536 900 588 nostri
931 530 1267 586 testimonio.
1313 531 1370 584 Si
1403 531 1550 584 enim
1591 529 1747 600 plane
1779 530 2084 585 securulum
2136 540 2298 585 natu-

2418 533 2564 585 πάλιν
2593 533 2724 600 ἡμῖν
2753 531 2862 584 ὀδι’
2891 533 3158 594 ἐναντίας,
3192 534 3309 596 πῶς
3339 535 3371 594 ἡ
3395 535 3514 589 θεία
3547 542 3774 610 τιμᾶται
3807 543 3990 610 φύσις,

719 637 842 678 ram
872 637 980 675 non
1013 634 1096 676 est
1129 620 1294 682 Deus,
1327 621 1627 690 religiosus
1657 636 1766 673 non
1809 622 1916 675 erit
1961 635 2091 690 erga
2136 629 2300 673 natu-

725 729 841 768 ram
871 714 1108 767 divinam
1157 713 1204 766 is
1232 712 1323 781 qui
1365 714 1560 770 credit.
1615 719 1675 767 ut
1705 713 1910 776 veraci,
1971 712 2066 765 sed
2118 713 2299 780 potius

723 821 851 874 erga
879 812 1188 858 creaturam
1223 818 1409 865 unam,
1436 812 1494 857 ιιι
1536 804 1611 857 illi
1648 804 1860 868 volunt,
1899 804 2296 873 prmstantissi-

727 908 890 946 mam.
922 891 1058 946 Cum
1095 900 1276 948 autem
1331 893 1673 948 asseveratio
1717 893 1809 946 illa
1865 893 2182 948 veracitatis
2233 892 2299 946 ad

727 985 895 1040 Deum
951 986 1248 1054 pertineat,
1289 987 1510 1056 quando
1549 987 1684 1044 ﬁdes
1732 987 1954 1041 Christo
1989 995 2302 1056 przcstatur,

729 1079 915 1147 utique
957 1077 1308 1133 manifestum
1343 1090 1426 1133 est
1475 1079 1621 1148 quod
1673 1094 1840 1134 verus
1882 1078 2161 1134 exsistens
2197 1094 2305 1132 non

729 1167 852 1223 falsi
885 1170 1124 1224 nominis
1161 1169 1306 1223 Deus
1357 1169 1473 1237 ipse
1523 1169 1626 1224 sibi
1677 1171 1941 1225 honorem
1989 1170 2138 1223 illum
2189 1187 2308 1222 erc-

726 1263 976 1315 dentium
1013 1271 1255 1329 arrogat.
1321 1258 1427 1315 Sed
1482 1277 1593 1315 non
1650 1261 2066 1332 astipulabitur,
2100 1270 2158 1315 ut
2212 1276 2302 1329 ap-

727 1361 911 1422 paret,
953 1352 1080 1404 huic
1159 1359 1362 1405 nostrm
1431 1351 1724 1405 sententia:
1802 1352 2056 1406 veritatis
2119 1349 2303 1402 inimi-

726 1458 861 1508 cus;
927 1442 1175 1512 quiuimo
1246 1442 1416 1495 Deum
1483 1441 1788 1495 secundum
1853 1451 2106 1494 naturam
2177 1457 2299 1494 esse

729 1535 886 1590 fateri
933 1538 1150 1598 nolens,
1191 1550 1355 1601 supra
1401 1535 1622 1588 modum
1668 1550 1867 1603 procax
1918 1550 2020 1588 nos
2080 1549 2297 1587 rursum

728 1630 814 1684 his
841 1630 1023 1682 verbis
1052 1629 1398 1697 aggredictur
1422 1647 1433 1680 :
1460 1626 1822 1691 Cavillaris,o
1854 1629 2014 1691 boue,
2034 1635 2088 1680 et
2113 1643 2303 1680 versu.

727 1725 904 1771 larunt
985 1720 1258 1772 rationum
1336 1720 1591 1785 strophas
1652 1718 2108 1777 comminisceris,
2151 1717 2303 1786 167

727 1807 1038 1877 simplicem
1101 1807 1512 1876 qumlammodo
1582 1818 1634 1859 et
1692 1816 1902 1860 rectam
1974 1807 2308 1860 sententiam

2407 624 2482 685 ὡς
2517 622 2888 692 ἀληθεύουσα,
2936 624 3037 693 τῆς
3078 625 3173 677 τοῦ
3205 627 3455 699 Σωτῆρος
3498 631 3656 700 ήμῶν
3689 637 3996 705 μαρτυρίας

2411 715 2910 784 παραδεδεγμένης.
2950 716 3012 767 Εἰ
3059 716 3168 786 γάρ
3199 718 3334 778 ὅλως
3375 720 3516 773 κατὰ
3551 721 3713 789 φύσιν
3751 726 3852 778 οὐκ
3885 727 3996 781 ἐστι

2407 805 2568 869 Θεὸς,
2605 807 2705 858 οὐκ
2729 807 2810 869 εἰς
2831 806 2930 876 τὴν
2965 807 3118 860 θείαν
3150 809 3441 880 εὐσεϐήσει
3463 811 3622 879 φύσιν
3647 816 3676 867 6
3703 817 3993 880 πιστεύων,

2406 901 2479 961 ὡς
2509 898 2848 968 ἀληθεύοντι,
2881 900 3082 968 μᾶλλον
3112 901 3168 954 δὲ
3202 903 3282 966 εἰς
3312 903 3370 954 ἓν
3393 904 3501 956 τῶν
3535 907 3855 974 κτισμάτων
3878 909 3994 961 κατ’

2408 985 2650 1047 ἐκείνους
2683 985 2745 1037 τὸ
2791 985 3101 1041 κάλλιστον.
3155 990 3373 1059 Ἐπειδὴ
3417 990 3474 1044 δὲ
3505 993 3601 1046 τοῦ
3642 994 3934 1063 ἀληθεύειν
3959 1000 3992 1067 ἡ

2407 1075 2587 1144 ψῆφος
2625 1077 2704 1138 εἰς
2745 1074 2880 1127 Θεὸν
2918 1076 3260 1132 ἀνατείνεται
3290 1080 3682 1151 πιστευομένου
3733 1085 3995 1155 Χριστοῦ,

2411 1167 2676 1238 πρῦδηλον
2711 1170 2885 1241 δήπου
2927 1171 3146 1235 πάντως
3170 1173 3317 1225 ἐστὶν
3338 1213 3353 1238 ,
3404 1173 3488 1226 ὅτι
3525 1173 3661 1238 Θεὸς
3695 1176 3994 1248 ὑπάρχων,

2409 1259 2471 1310 οὐ
2512 1259 2862 1330 ψευδώνυμος
2898 1261 3058 1324 αὐτὸς
3100 1263 3184 1330 ἐφ’
3217 1263 3395 1330 ἐαυτῷ
3433 1263 3532 1334 τὴν
3561 1265 3670 1318 ἀπὸ
3721 1266 3832 1319 τῶν
3874 1283 3997 1320 συνο

2412 1349 2706 1401 αινούντων
2744 1350 2982 1421 ἁρπάζει
3028 1354 3215 1423 τιμήν.
3263 1354 3402 1405 Ἀλλ’
3426 1356 3487 1408 οὐ
3514 1357 3842 1422 συνθήσεται
3876 1359 3995 1428 μὲν,

2418 1440 2555 1491 κατὰ
2581 1441 2642 1491 τὸ
2664 1443 2831 1506 εἰκὸς,
2849 1443 3062 1506 τούτοις
3085 1446 3216 1514 ἡμῖν
3239 1450 3354 1509 τοῖς
3373 1447 3550 1515 λόγοις
3574 1449 3603 1500 6
3623 1449 3720 1519 τῆς
3739 1448 3998 1519 ἀληθείας

2418 1529 2628 1599 ἐχθρός·
2664 1534 3054 1603 ἀνασκιρτήσει
3072 1535 3128 1588 δὲ
3161 1535 3326 1604 μέγα,
3350 1536 3482 1590 Θεὸν
3498 1533 3641 1590 εἶναι
3667 1540 3809 1592 κατὰ
3835 1540 3999 1606 φύσιν

2417 1623 2476 1672 οὐ
2505 1622 2941 1691 παραδεχόμενος
2966 1624 3057 1677 τὸν
3082 1625 3227 1678 Υἱόν.
3247 1627 3393 1696 Ἐρεῖ
3409 1627 3465 1680 δὲ
3495 1627 3558 1698 δὴ
3592 1629 3753 1681 πάλιν
3772 1647 3784 1658 ·
3815 1630 3997 1681 Κατα-

2417 1713 2611 1785 σοφίζῃ
2644 1715 2735 1766 τὸν
2775 1715 2962 1782 λόγον,
3006 1711 3050 1770 ὦ
3095 1710 3286 1782 οὗτος,
3341 1720 3436 1771 καὶ
3486 1720 3726 1790 στροφὰς
3763 1722 3998 1782 ἐπινοεῖς

2413 1804 2770 1857 πολυπλόκων
2805 1804 3208 1876 θεωρημάτων,
3262 1808 3362 1879 τὴν
3408 1809 3590 1879 ἁπλῆν
3639 1809 3842 1879 τρόπον
3876 1811 4000 1861 τινὰ

729 1901 1015 1955 amolieus.
1050 1902 1184 1954 Cum
1223 1899 1368 1954 enim
1403 1900 1622 1952 cmlitus
1666 1899 1754 1953 Dei
1795 1898 2033 1954 Verbum
2068 1899 2298 1952 descen-

2418 1895 2504 1948 καὶ
2537 1895 2748 1948 εὐθεῖαν
2771 1898 2858 1949 ἀεὶ
2881 1898 3120 1952 διάνοιαν
3143 1900 3596 1970 παραιτούμενος.
3646 1903 3863 1972 Ἐπειδὴ
3893 1901 4002 1971 γαρ

727 1991 892 2054 derit,
941 2001 1128 2059 aperte
1171 1991 1456 2045 clamans:
1491 2011 1508 2041 ι
1542 1991 1616 2044 Ex
1666 1992 1883 2059 meipso
1935 2007 2045 2044 non
2086 1991 2303 2057 loquor,

726 2083 821 2137 sed
859 2084 952 2150 qui
993 2083 1145 2137 misit
1183 2098 1267 2136 me
1298 2082 1483 2143 Pater,
1513 2084 1634 2151 ipse
1677 2082 1808 2134 mihi
1856 2082 2179 2135 mandatum
2213 2081 2307 2133 dc-

733 2178 814 2230 dit
870 2177 1002 2246 quid
1049 2177 1226 2228 dicam
1282 2183 1336 2228 et
1387 2174 1522 2245 quid
1577 2175 1770 2241 loquar
1795 2173 1874 2238 39-;
1905 2194 1922 2224 ι
1965 2183 2021 2227 et
2071 2187 2303 2226 rursus:

733 2287 753 2319 ι
789 2266 987 2319 Omnia
1028 2281 1380 2334 quotcunque
1417 2265 1603 2318 audivi
1647 2279 1674 2315 a
1714 2263 1876 2316 Patre
1903 2271 2030 2315 nota
2073 2262 2174 2316 feri
2211 2278 2305 2314 vo-

730 2359 880 2413 his“o
913 2377 923 2407 :
957 2378 974 2408 ›
1010 2358 1252 2419 tametsi,
1299 2365 1359 2410 ut
1395 2357 1515 2424 ipse
1560 2357 1612 2407 in
1661 2354 2025 2422 sequentibus
2081 2360 2308 2408 sanctus

729 2449 975 2517 Baptista
1013 2454 1287 2500 testatur:
1319 2463 1336 2495 ι
1379 2447 1554 2510 Quem
1578 2445 1724 2498 enim
1758 2445 1910 2498 misit
1947 2441 2115 2506 Deus,
2142 2443 2306 2496 verba

732 2540 822 2593 Dei
855 2539 1128 2608 loquitur;
1156 2538 1196 2567 “
1229 2559 1245 2587 ι
1271 2537 1482 2588 idcirco
1514 2536 1580 2590 de
1612 2551 1681 2590 eo
1709 2535 1842 2588 dicit
1880 2552 1892 2586 :
1921 2552 1936 2584 ι
1971 2533 2074 2598 Qui
2106 2533 2309 2602 accipit

728 2633 850 2694 eius
884 2628 1292 2687 testimonium,
1327 2627 1568 2696 signavit
1603 2628 1732 2695 quia
1769 2626 1911 2679 Deus
1937 2640 2099 2680 verax
2135 2633 2218 2680 εει
2237 2625 2305 2677 δ’.

732 2721 909 2774 Verax
945 2722 1092 2773 cnim
1129 2729 1214 2773 est
1239 2717 1382 2771 Deus
1412 2733 1474 2770 ac
1505 2717 1666 2770 Pater
1706 2735 1718 2770 :
1755 2724 1812 2769 tu
1853 2732 1984 2770 vero
2022 2717 2075 2770 in
2112 2715 2308 2770 Filium

728 2812 1024 2865 deﬂecti-re
1057 2811 1276 2862 conaris
1316 2807 1462 2875 quod
1503 2808 1667 2861 alteri
1717 2809 1968 2861 debetur.
2016 2807 2154 2873 Quid
2209 2807 2311 2876 igi-

730 2914 821 2955 tur
853 2903 918 2955 ad
963 2903 1077 2954 lucc
1115 2916 1216 2954 uos
1249 2915 1468 2968 quoque
1524 2899 2018 2967 respondebimus?
2051 2898 2133 2950 An
2180 2912 2311 2966 ergo

731 2998 874 3049 inter
899 2993 1198 3062 prophetas
1221 2991 1582 3060 Unigenitunt
1617 2990 1990 3058 ministerium
2024 2988 2310 3058 prophetis

730 3085 1064 3138 conveniens
1122 3083 1384 3151 implere,
1445 3081 1692 3146 nihilque
1751 3089 1948 3149 preter
2001 3079 2108 3133 hoc
2163 3079 2312 3132 aliud

733 3178 913 3229 facere
961 3174 1252 3228 dicemus?
1301 3173 1438 3238 Quis
1491 3173 1634 3225 enim
1681 3187 1790 3226 non
1853 3173 2012 3241 plane
2074 3170 2313 3225 fateatur

2416 1984 2474 2048 ἐξ
2501 1986 2731 2055 οὐρανοῦ
2757 1988 3127 2057 καταϐέϐηκεν
3161 1989 3190 2042 ὁ
3213 1990 3305 2042 τοῦ
3331 1990 3467 2043 Θεοῦ
3491 1992 3684 2058 Λόγος,
3704 1992 4002 2062 διαρρήδην

2414 2079 2659 2130 ἀναϐοῶν
2678 2118 2693 2142 ,
2732 2097 2750 2129 ι
2789 2081 2906 2132 Ἀπ’
2940 2082 3178 2150 ἐμαυτοῦ
3204 2083 3266 2135 ού
3296 2082 3460 2147 λαλῶ,
3491 2083 3606 2137 ἀλλ’
3637 2087 3665 2135 6
3689 2084 3912 2152 πέμψας
3932 2102 3999 2152 με

2417 2170 2625 2240 Πατὴρ,
2680 2171 2842 2234 αὑτός
2889 2190 2979 2242 μοι
3010 2175 3228 2244 ἐντολὴν
3269 2175 3468 2228 δέδωκε
3518 2176 3569 2227 τί
3599 2177 3770 2240 εἴπω,
3816 2178 3910 2228 καὶ
3951 2176 4002 2228 τί

2415 2260 2632 2331 λαλήσω
2659 2280 2670 2292 ·
2707 2283 2724 2314 ι
2760 2263 2853 2316 καλ⁸
2887 2262 3047 2317 πάλιν
3072 2305 3084 2328 ,
3127 2284 3145 2316 ι
3174 2266 3360 2318 Πάντα
3394 2265 3427 2318 ἃ
3460 2267 3671 2336 ἥκουσα
3721 2265 3868 2332 παρᾶ
3904 2264 3998 2317 τοῦ

2417 2353 2650 2422 Πατρὸς,
2685 2353 2988 2420 ἀπαγγελῶ
3016 2353 3191 2425 Italy.
3230 2354 3538 2426 ἐγνώρισα]
3577 2357 3722 2425 ὑμῖν,
3755 2380 3770 2405 ρ
3807 2359 3856 2408 εἰ
3881 2357 3976 2409 καὶ

2415 2443 2492 2505 ὡς
2519 2443 2679 2506 αὐτὸς
2706 2445 2764 2496 ἐν
2792 2447 2903 2507 τοῖς
2924 2444 3122 2514 ἐφεξῆς
3143 2447 3170 2497 6
3191 2444 3345 2513 ἅγιος
3369 2446 3771 2516 διεμαρτύρατο
3797 2445 3998 2498 8:11:71-

2419 2537 2551 2605 στής
2577 2551 2592 2564 ⁸
2633 2553 2651 2585 ι
2690 2538 2785 2589 Ὃν
2814 2536 2922 2606 γὰρ
2959 2536 3282 2590 ἀπέστειλεν
3315 2540 3343 2589 6
3373 2536 3525 2600 Θεὸς,
3555 2537 3622 2588 τὰ
3651 2537 3872 2607 ῥήματα
3903 2535 3996 2588 το]

2417 2625 2555 2679 Θεοῦ
2589 2628 2772 2682 λαλεῖ’
2799 2648 2818 2680 ι
2853 2629 2941 2683 διὰ
2962 2627 3122 2682 τοῦτο
3153 2628 3299 2695 λέγει
3321 2628 3448 2698 περὶ
3471 2629 3662 2682 αὐτοῦ’
3701 2649 3717 2678 ι
3763 2629 3823 2680 ’0
3857 2628 3996 2696 λαμ-

2419 2719 2596 2773 ϐάνων
2629 2718 2796 2772 αὐτοῦ
2830 2719 2930 2790 τὴν
2965 2721 3291 2792 μαρτυρίαν,
3324 2720 3674 2791 ἐσφράγισεν,
3707 2721 3787 2772 ὅτι
3818 2721 3845 2770 6
3868 2719 3995 2780 Θεὸς

2417 2814 2625 2884 ἀληθής
2651 2816 2798 2868 ἐστιν
2821 2831 2833 2844 ·
2865 2833 2883 2865 ι
2915 2815 3122 2886 ἀληθὴς
3136 2815 3245 2885 γάρ
3277 2817 3423 2867 ἐστιν
3451 2817 3478 2866 6
3498 2813 3628 2876 Θεὸς
3655 2813 3749 2866 καὶ
3775 2814 3994 2882 Πατήρ·

2422 2907 2485 2959 σὺ
2512 2907 2568 2959 δέ
2596 2909 2729 2976 ἡμῖν
2760 2907 2840 2970 εἰς
2871 2907 2962 2959 τὸν
2991 2907 3117 2961 Υἱὸν
3161 2908 3512 2978 περιτρέπειν
3542 2909 3704 2976 πειρᾷ
3740 2906 3798 2958 τὸ
3827 2905 3998 2973 ἑτέρῳ

2420 2999 2886 3069 χρεωστούμενον.
2951 2999 3016 3052 Τί
3055 2995 3147 3053 οῦν
3191 3001 3328 3069 πρὸς
3358 3001 3530 3052 ταῦτα
3563 3001 3653 3052 καὶ
3683 2999 3813 3068 παρ’
3843 2997 3997 3067 ἡμῶν

2420 3091 2698 3160 εἰρήσεται
2726 3105 2741 3154 ὅ
2775 3084 2900 3158 Ἆρ’
2925 3083 3017 3141 οὖν
3046 3090 3103 3141 ἐν
3129 3091 3432 3160 προφήταις
3470 3091 3598 3157 ἡμῖν
3629 3090 3658 3140 6
3690 3089 3996 3153 Μονογενὴς

2419 3182 2721 3247 τετάξεται,
2747 3183 2846 3252 τὴν
2873 3183 3178 3252 προφήταις
3212 3181 3528 3250 πρέπουσαν
3556 3179 3829 3232 διακονίαν
3865 3180 3998 3230 ἀπο-

737 3268 828 3319 υυί
887 3266 952 3318 ad
1015 3281 1114 3318 nos
1146 3279 1312 3318 voces
1367 3263 1665 3332 prophetas
1707 3262 2020 3316 detulisse?
2067 3262 2136 3314 At
2185 3261 2313 3330 quid

2421 3274 2664 3346 πληρῶν,
2693 3275 2788 3328 καὶ
2817 3275 3004 3344 ἓτερον
3041 3275 3133 3326 ἐπὶ
3163 3272 3336 3342 τούτῳ
3366 3273 3621 3342 πράττων
3656 3271 3809 3322 οὐδέν
3836 3287 3850 3332 ;
3883 3269 4002 3320 Τίνι

731 3361 917 3411 eximii
956 3359 1120 3411 habet
1171 3357 1369 3418 Filius,
1411 3357 1456 3409 'si
1510 3358 1614 3408 hoc
1674 3355 1853 3424 ipsum
1891 3353 2163 3407 duntaxat
2211 3353 2316 3406 iui-

735 3453 920 3520 pleat?
956 3450 1247 3516 Quomodo
1274 3464 1403 3503 vero
1435 3463 1605 3516 supra
1645 3463 1837 3500 omnes
1867 3456 1975 3508 cst,
2009 3447 2055 3500 si
2082 3445 2317 3514 prophe—

731 3556 913 3596 tarum
954 3546 1006 3595 in
1035 3543 1230 3595 ordine
1257 3548 1542 3600 censetur,
1578 3548 1633 3592 et
1669 3539 1859 3593 servili
1880 3536 2203 3591 conditione
2232 3545 2316 3590 est

735 3636 1038 3703 pt‘mdiltts?
1083 3631 1362 3701 quomodo
1394 3646 1494 3685 eeu
1534 3630 1643 3684 illis
1671 3629 1848 3700 gloria
1881 3629 2234 3698 praestantior
2261 3629 2314 3680 in

735 3729 1047 3796 Evangeliis
1080 3729 1154 3778 ait
1185 3743 1197 3776 :
1237 3743 1254 3774 ‹
1292 3723 1350 3776 Si
1386 3723 1514 3776 illos
1561 3721 1698 3774 dixit
1727 3720 1881 3785 deos,
1912 3718 1978 3772 ad
2009 3733 2147 3787 quos
2197 3733 2314 3772 ser-

737 3838 824 3873 mo
861 3820 951 3873 Dei
993 3820 1171 3872 iactus
1199 3828 1306 3875 est.
1347 3823 1536 3868 etnon
1588 3820 1770 3881 potest
1812 3811 1950 3867 solvi
1991 3811 2314 3880 Scriptura;

735 3930 896 3980 quem
941 3913 1103 3965 Pater
1125 3909 1516 3971 sanetiﬁcavit,
1553 3917 1606 3960 ct
1641 3906 1789 3960 misit
1815 3906 1871 3959 in
1903 3904 2194 3967 mundum,
2220 3917 2318 3957 vos

735 4004 926 4058 dicitis
972 4003 1099 4071 quia
1157 3999 1511 4070 blasphemas
1569 4015 1581 4048 ι
1637 3999 1767 4066 quia
1810 3997 1948 4060 dixi,
1994 3995 2167 4050 Filius
2224 3993 2316 4048 Dei

737 4114 856 4150 sum
883 4097 963 4148 u?
990 4116 1005 4146 ι
1030 4094 1127 4149 llis
1161 4094 1307 4148 enim
1350 4093 1534 4146 verbis
1569 4098 1761 4159 aperte
1793 4089 2036 4158 seipsum
2067 4087 2254 4141 eximit
2289 4099 2318 4139 a

739 4190 1133 4255 propin-tarum
1184 4197 1367 4252 grege,
1406 4197 1614 4251 eosque
1659 4180 1792 4233 deos
1816 4186 2043 4232 vocatos
2076 4175 2315 4230 esse.di-

739 4279 835 4338 rit,
870 4285 1157 4343 propterea
1187 4273 1331 4340 quod
1367 4271 1548 4325 factus
1567 4277 1648 4323 est
1684 4269 1749 4321 ad
1783 4269 1934 4336 ipsos
1963 4266 2055 4322 Dei
2091 4280 2275 4321 Sermo
2304 4283 2316 4318 :

738 4372 985 4439 scipsum
1021 4382 1150 4419 vero
1173 4365 1264 4418 Dei
1297 4365 1495 4417 Filium
1540 4365 1760 4418 asserit.
1789 4362 1923 4415 Nam
1955 4361 2170 4416 sanctis
2197 4375 2322 4428 pro-

737 4463 921 4534 phetis
976 4460 1339 4531 particularis
1373 4458 1620 4526 quaedam
1677 4472 1774 4526 per
1810 4454 2080 4524 Spiritum
2121 4453 2319 4509 collata

2417 3364 2524 3436 γὰρ
2554 3364 2662 3417 τῶν
2705 3366 2872 3416 ὄντων
2923 3366 3021 3416 οὐκ
3067 3365 3454 3425 άνενδοιάετως
3504 3361 3876 3434 παραδεκτὸν,
3921 3361 4003 3410 En

2415 3454 2515 3516 τὰς
2556 3453 2739 3504 θεόθεν
2773 3453 2848 3515 ὡς
2888 3453 3033 3521 ἡμᾶς
3056 3452 3362 3522 διεκόμιζον
3393 3454 3440 3503 οἱ
3472 3450 3745 3518 προφῆται
3779 3449 4000 3516 φωνάςς

2417 3542 2551 3598 Εἶτα
2579 3546 2630 3597 τί
2681 3546 2742 3598 τὸ
2784 3545 3058 3614 ἐξαίρετον
3090 3544 3146 3593 ἐν
3177 3541 3309 3610 Υἱῷ,
3350 3541 3506 3594 τοῦτο
3548 3542 3677 3594 αὑτὸ
3703 3540 4000 3608 πληροῦντι

2421 3640 2616 3708 μόνον;
2671 3637 2793 3700 Πῶς
2823 3637 2877 3689 δὲ
2926 3636 3111 3688 ἐπάνω
3147 3636 3362 3688 πάντων
3386 3635 3561 3696 ἐστὶν,
3617 3635 3664 3686 εἰ
3695 3633 4003 3702 προφήταις

2420 3730 2500 3783 ἐτι
2536 3730 2890 3782 συντάττεται
2911 3770 2923 3790 ,
2956 3730 3048 3780 καὶ
3090 3727 3450 3797 δουλοπρεπεῖ
3479 3725 3872 3795 περιϐέϐληται
3905 3723 4002 3792 μὲ-

2418 3839 2572 3892 τρῳ;
2625 3819 2743 3884 πῶς
2786 3820 2842 3872 δέ
2890 3821 2964 3881 ὡς
3016 3819 3254 3881 ἐκείνους
3299 3820 3354 3869 ἐν
3400 3817 3525 3881 δόξη
3556 3815 3918 3878 πλεονεκτῶν,
3949 3817 4004 3866 ἐν

2420 3912 2774 3980 Εὑαγγελίοις
2803 3911 2968 3979 φησὶν
2993 3950 3006 3972 ,
3057 3928 3073 3958 ι
3111 3910 3171 3961 ΕΞ
3202 3908 3440 3969 ἐκείνους
3481 3903 3598 3957 εἷπε
3633 3904 3818 3966 θεοις,
3870 3903 4003 3972 πρὶς

2420 4005 2513 4068 οὓς
2537 4006 2566 4058 6
2588 4004 2743 4071 λόγος
2773 4003 2865 4054 τοῦ
2893 4001 3029 4054 Θεοῦ
3059 4003 3293 4067 ἐγένετο,
3326 4001 3415 4051 καὶ
3439 3999 3500 4050 οὗ
3527 3998 3748 4050 δύναται
3776 3996 4005 4063 λυθῆναι

2423 4101 2455 4167 ὴ
2489 4095 2699 4168 Γραφὴ,
2734 4095 2792 4146 ὂν
2832 4097 2857 4146 ό
2880 4095 3068 4162 Πατὴρ
3093 4093 3308 4161 ἡγίασε,
3339 4091 3430 4143 καὶ
3463 4087 3780 4141 ἀπέστειλεν
3807 4088 3885 4148 εἰς
3918 4087 4007 4137 τὸν

2421 4190 2646 4258 κόσμον,
2666 4189 2822 4256 ὑμεῖς
2837 4186 3044 4253 λέγετε,
3066 4186 3145 4237 ότι
3173 4184 3542 4251 Βλασφημεῖς,
3564 4183 3644 4234 ὅτι
3665 4176 3819 4232 εἷπον
3840 4197 3851 4208 ·
3880 4179 4007 4238 Υἱός

2423 4281 2536 4351 εἰμι
2563 4279 2657 4332 τοῦ
2681 4277 2813 4332 Θεοῦ
2845 4295 2858 4342 ;
2899 4298 2916 4330 ι
2955 4277 3177 4331 Ἑαυτὸν
3213 4277 3319 4344 γὰρ
3352 4277 3407 4326 ἐν
3430 4273 3639 4334 τούτοις
3670 4271 4007 4340 ἁποδιορίζει

2426 4372 2614 4440 σαφῶς
2656 4372 2755 4440 τῆς
2792 4369 2901 4422 τῶν
2948 4367 3241 4437 προφητῶν
3285 4367 3522 4435 ἀγέλης,
3556 4365 3649 4416 καὶ
3695 4362 3853 4425 θεοὺς
3911 4362 4011 4430 μὲν

3872 4452 4012 4514 ποὸς

2425 4464 2622 4524 αὐτους
2652 4459 3072 4528 κατωνομάσθαι
3123 4457 3290 4526 φησι,
3337 4456 3421 4508 διὰ
3457 4455 3518 4507 τὸ
3563 4453 3816 4520 γενέσθαι

737 4565 822 4612 est
849 4557 1022 4625 gratia
1053 4570 1065 4603 :
1099 4553 1150 4606 in
1183 4552 1408 4605 Christo
1441 4565 1570 4604 vero
1606 4549 1912 4612 Salvatore,
1949 4547 2158 4617 placuit
2192 4562 2311 4600 om-

2426 4551 2624 4612 αὐτοὺς
2651 4549 2742 4602 τὸν
2761 4549 2854 4601 τοῦ
2869 4546 3002 4600 Θεοῦ
3026 4547 3178 4614 λόγον
3199 4587 3210 4606 ,
3235 4547 3423 4598 ἑαυτὸν
3443 4545 3498 4597 δέ
3519 4545 3644 4596 Υἰὸν
3664 4543 3805 4596 Θεοῦ
3838 4544 3957 4610 λέγε
3972 4562 4008 4597 ι.

739 4664 864 4702 nem
914 4645 1314 4716 plenitudinem
1352 4643 1581 4697 deitatis
1629 4642 1881 4696 habitare
1925 4640 2314 4709 corporaliter,

741 4751 798 4793 nt
825 4738 1025 4792 Paulus
1053 4738 1127 4789 ait
1152 4739 1215 4791 θ’.
1246 4735 1486 4803 Ideoque
1505 4733 1572 4788 de
1603 4733 1947 4803 plenitudine
1975 4732 2099 4803 ejus
2125 4748 2319 4788 omnes

741 4831 1079 4898 aecepimus.
1106 4838 1163 4882 ut
1186 4827 1427 4881 Joannes
1459 4826 1802 4881 asseruit‘“.
1829 4825 2118 4892 Quomodo
2153 4825 2322 4896 igitur

738 4923 970 4993 aequalis
1009 4922 1118 4977 erit
1171 4921 1575 4989 accipientibus
1617 4919 1871 4988 largitor,
1905 4927 2000 4972 aut
2043 4917 2318 4988 quomodo

738 5016 794 5071 in
833 5015 1029 5068 ordine
1084 5012 1327 5067 ministri
1375 5011 1482 5066 erit
1525 5010 1752 5066 deitatis
1810 5009 2135 5080 plenitudo?
2182 5006 2320 5062 Hinc

739 5123 869 5175 ergo
901 5104 1345 5159 animmivertant
1367 5111 1572 5173 quarta
1601 5117 1660 5156 se
1688 5102 2043 5173 obstringunt
2062 5100 2317 5169 blasphe-

743 5196 850 5247 mia
891 5196 1210 5264 quicunque
1240 5195 1344 5248 ista
1379 5195 1702 5260 loquuntur.
1736 5191 1858 5257 Quo
1901 5200 2065 5261 pacto
2089 5206 2219 5246 vero
2249 5190 2319 5244 sit

741 5288 1160 5357 intelligendum
1197 5285 1331 5339 illud
1365 5302 1376 5336 :
1406 5303 1424 5334 ι
1467 5285 1542 5339 Ex
1576 5285 1784 5353 meipso
1815 5300 1923 5338 non
1963 5286 2183 5354 loquor,
2224 5287 2318 5340 sed

742 5379 831 5447 ιιιιὶ
875 5379 1028 5432 misit
1074 5395 1159 5433 me
1201 5377 1383 5438 Pater,
1426 5378 1546 5446 ipse
1599 5377 1732 5430 mihi
1792 5376 2114 5430 mandatum
2170 5379 2323 5432 dedit

741 5471 870 5540 quid
923 5472 1123 5535 dicam,
1159 5481 1253 5524 aut
1299 5469 1430 5540 quid
1468 5471 1659 5538 loquar
1684 5470 1750 5528 ".
1779 5489 1797 5521 ι
1841 5484 1945 5524 suo
1979 5479 2225 5539 tempore
2261 5486 2324 5525 ac

746 5561 870 5614 loco
928 5561 1110 5615 fusius
1139 5562 1557 5629 explicabitur?
1605 5559 2084 5629 Iupraesentiarum
2139 5572 2322 5616 autem

746 5651 984 5706 arbitror
1041 5653 1489 5707 adversariorum
1542 5652 1885 5720 objectiones
1939 5651 2003 5703 ad
2063 5653 2320 5721 pietatem

821 5770 863 5799 ”
896 5768 1052 5825 Joan.
1098 5770 1301 5832 stu-if).
1384 5771 1426 5801 ⁸ο
1455 5769 1611 5823 Joau.
1658 5785 1758 5824 vv.
1803 5770 1881 5820 ιῗέ.

837 5837 994 5896 Joau.
1033 5859 1072 5905 ι,
1108 5842 1192 5898 16.
1270 5843 1312 5873 ³⁵
1349 5840 1506 5895 Joan.
1547 5857 1656 5903 an,
1705 5840 1780 5893 ιιι.

1975 5772 2006 5797 ’⁸
2042 5767 2198 5824 κισηιιι.
2239 5786 2292 5821 ill
2324 5811 2335 5829 ,
2369 5769 2454 5822 3i.
2535 5768 2577 5797 ⁵⁵⁵
2610 5768 2745 5822 ibid.
2807 5769 2892 5823 '53.

2427 4643 2551 4704 Τοῖς
2583 4641 2682 4711 μὲν
2713 4640 2820 4709 γὰρ
2847 4638 3019 4706 ἁγίοις
3055 4639 3362 4708 προφήταις
3387 4635 3584 4707 μερικὴ
3611 4636 3696 4689 διὰ
3723 4635 3816 4688 τοῦ
3845 4635 4017 4688 Πνεῦ-

2431 4750 2601 4804 ματος
2651 4731 2945 4801 διενεμήθη
2980 4731 3137 4800 χάρις
3164 4745 3181 4761 ο
3231 4731 3288 4780 ἐν
3328 4728 3383 4780 δὲ
3433 4728 3510 4796 τῷ
3545 4729 3755 4798 Σωτῆρι
3789 4727 4014 4798 Χριστῷ

2427 4827 2535 4879 πᾶν
2567 4824 2628 4877 τὸ
2667 4823 2939 4893 πλήρωμα
2977 4824 3075 4891 τῆς
3113 4821 3364 4892 Θεότητος
3395 4821 3652 4890 εὐδόκησε
3687 4819 4016 4887 κατοικῆσαι

2429 4916 2754 4987 σωματικῶς
2773 4953 2788 4979 ,
2825 4915 2900 4977 ὡς
2929 4916 2957 4967 6
2983 4912 3193 4976 Παῦλός
3228 4931 3360 4983 φησι
3385 4930 3397 4943 ο
3430 4912 3509 4965 διὸ
3541 4913 3634 4964 καὶ
3662 4914 3724 4964 ἐκ
3745 4911 3840 4963 τοῦ
3873 4911 4015 4978 πλη-

2427 5007 2680 5080 ρώματος
2725 5004 2889 5059 αὐτοῦ
2937 5005 3138 5067 πάντες
3179 5003 3475 5074 ἐλάϐομεν,
3521 5003 3596 5065 ὡς
3635 5003 3892 5072 Ἰωάννης
3935 5004 4020 5056 δι-

2428 5101 2762 5171 ισχυρίσάτο.
2814 5099 2939 5162 Πῶς
2968 5095 3062 5152 οὖν
3104 5100 3161 5150 ἐν
3201 5097 3470 5167 ξτομέτρῳ
3500 5098 3610 5160 τοῖς
3639 5096 4019 5166 λαμεάνουτιν

2421 5195 2668 5258 ὁδιδούςς
2700 5194 2732 5263 ἢ
2758 5193 2872 5256 πῶς
2901 5195 2958 5245 ἐν
2982 5196 3045 5263 τῇ
3075 5191 3168 5245 τοῦ
3196 5191 3569 5253 διακονοῦντος
3587 5191 4019 5256 κατατετάξεται

2427 5284 2589 5355 μοίρᾳ
2629 5283 2833 5351 τὸετῆς
2877 5282 3130 5350 θεότητος
3173 5281 3482 5349 πληρωμα;
3531 5279 4022 5349 Περιαθρείτιιιταν

2422 5376 2601 5428 τοίνυν
2629 5374 2896 5438 ἐντεῦθεν,
2934 5377 3012 5436 εἰς
3036 5373 3167 5442 ὅσην
3194 5372 3378 5434 αὐτοῖς
3411 5371 3858 5424 ἁποκινδυνεῦεει
3892 5371 4025 5423 δυσ-

2427 5466 2686 5535 φημίανό
2711 5464 2869 5531 λόγος
2890 5505 2903 5528 ,
2942 5464 3032 5516 καὶ
3065 5463 3183 5514 τίνα
3216 5463 3314 5531 μὲν
3343 5461 3544 5530 τρόπον
3581 5461 3850 5529 προσήκει
3881 5463 4026 5513 νοεῖ-

2428 5559 2660 5614 σθαιτὸ.
2702 5580 2714 5607 .-

2431 5651 2640 5721 Πατὴρ,
2675 5651 2835 5712 αὑτός
2871 5667 2957 5718 μοι

2767 5559 2884 5610 Ἀπ’
2916 5555 3154 5626 ἐμαυτοῦ
3185 5556 3244 5608 οῦ
3272 5555 3438 5617 λαλῶ,
3473 5553 3587 5606 ἀλλ’
3628 5555 3652 5603 ο
3689 5553 3913 5621 πέμέες
3956 5574 4026 5622 με

2989 5649 3205 5719 ἐντολὴν
3229 5647 3423 5700 δέδωκε
3456 5647 3506 5698 τί
3535 5647 3670 5698 εἴπω
3690 5688 3702 5704 ,
3730 5644 3824 5697 καῖ
3850 5645 3903 5696 τί
3931 5646 4024 5698 λα-

3050 5766 3206 5820 Joan.
3243 5782 3269 5819 tt
3297 5806 3308 5826 ,
3347 5765 3435 5825 ὖῖὶ,
3467 5762 3554 5817 36.
3709 5761 3823 5815 (τοι.
3867 5777 3926 5822 ιι,
3967 5768 4026 5813 τι.
