4222 6510
192 450 295 502 277

1269 444 1332 497 IN
1373 442 1659 498 JQANNIS
1689 439 2139 499 EVAKGELIUM
2178 444 2305 499 LIB.
2341 445 2403 499 ll.

3355 451 3460 506 9.78

192 571 362 639 λήσω,
397 589 413 618 ι
451 566 787 637 πλατύτερον
818 566 876 617 ὲν
904 562 1019 633 ίδίῳ
1048 561 1224 633 καιρῷ
1260 564 1353 615 καὶ
1383 564 1533 631 τόπῳ
1566 563 1785 631 διῖρμη-

1890 577 2011 617 esse
2058 549 2503 628 transferendas,
2546 573 2599 619 et
2642 580 2706 619 ex
2747 564 2909 636 168
2939 564 3008 621 iis
3059 582 3179 635 qua:
3231 565 3310 621 illi
3355 576 3469 622 sta-

191 660 535 729 νευθήσεται.
565 658 781 726 Χρῆναι
806 657 863 709 δὲ
886 654 1037 726 οἶμαι
1067 654 1206 725 πρὸς
1227 655 1285 706 τὸ
1308 652 1504 723 παρὸν,
1528 652 1783 704 ὑπόθεσιν

190 752 475 813 εὐσεϐείας
510 750 580 803 τά
624 750 733 802 τῶν
774 748 1033 802 ἐναντίων
1072 746 1344 800 ποιεῖσθαι
1390 744 1781 815 προϐλήματα,

191 841 289 892 καὶ
322 840 383 905 ἐξ
410 834 489 894 ὧν
516 841 713 893 ἐκεῖνοι
737 838 1131 910 πρεσϐεύουσι,
1171 839 1285 900 τοῖς
1308 837 1409 906 τῆς
1452 836 1783 905 Ἐκκλησίας

190 932 643 998 ἐπαγωνίσασθαι
666 932 952 1001 δόγμασιν.
1002 927 1212 983 Οὐκοῦν
1247 928 1469 992 ἐντολὰς
1499 928 1599 998 μὲν
1634 927 1783 995 εἱλη-

191 1023 353 1090 φέναι
380 1024 530 1094 παρά
552 1023 644 1075 τοῦ
663 1022 897 1093 Πατρδς,
930 1020 1027 1074 καὶ
1056 1020 1238 1073 λαλεῖν
1259 1020 1349 1087 ἀφ’
1377 1026 1396 1071 ι
1428 1017 1573 1071 ιυτοῦ
1597 1018 1783 1089 μηδὲν,

188 1112 620 1183 διισχυρίζονται
656 1112 749 1166 τὸν
784 1113 911 1165 Υίόν
932 1127 946 1143 ’
991 1112 1091 1165 ὅσα
1120 1111 1175 1164 δὲ
1206 1111 1439 1181 ἤκουσεν
1463 1150 1479 1177 ,
1517 1109 1593 1172 ὡς
1625 1110 1785 1173 αὐτός

193 1205 299 1258 πού
326 1224 481 1277 φησι,
513 1207 686 1260 ταῦτα
707 1208 802 1260 καὶ
827 1207 966 1277 ἡμῖν
987 1204 1302 1271 ἐπείγεσθαι
1332 1203 1531 1270 λέγειν.
1568 1201 1785 1265 Καλῶς,

191 1297 370 1366 ὲχέτω
398 1297 493 1349 καὶ
521 1298 651 1368 τῇδε
679 1315 691 1327 ·
725 1293 1103 1364 συνθησόμεθα
1123 1293 1252 1364 γὰρ,
1277 1294 1431 1347 οὐδὲν
1453 1292 1785 1354 ἀδικοῦντος,

192 1388 339 1441 κατά
368 1405 429 1455 γε
461 1388 553 1440 τὸν
574 1388 668 1441 τοῦ
700 1387 819 1450 πῶς
850 1383 987 1439 εἶναι
1006 1386 1184 1452 λόγον,
1217 1384 1310 1438 τοῦ
1346 1386 1669 1455 πράγματος
1698 1384 1788 1435 τὸν

192 1479 351 1543 Υίὸν,
395 1479 689 1550 καλλίστην
718 1480 773 1532 δὲ
802 1479 1001 1551 μᾶλλον
1028 1478 1122 1530 ἐπὶ
1142 1476 1237 1531 τοῦ
1261 1478 1532 1548 παρόντος
1558 1476 1792 1545 μάλιστα

194 1571 293 1639 τὴν
325 1572 637 1641 οἰκονομίαν
684 1572 1013 1638 εἰσάγοντος.
1070 1571 1315 1634 Οὐκοῦν,
1366 1571 1495 1623 ὅταν
1542 1570 1790 1637 λέγοντος

193 1660 503 1713 ἀκούσωσιν
533 1662 698 1714 αὐτοῦ
718 1680 729 1691 °
764 1682 780 1713 ι
824 1662 964 1731 Ἐγὼ
996 1664 1091 1717 καὶ
1116 1665 1144 1715 6
1177 1660 1365 1732 Πατὴρ
1390 1660 1448 1714 ἓν
1476 1663 1643 1730 ἐσμεν
1674 1678 1685 1689 ·
1731 1662 1790 1713 Ὀ

193 1749 460 1819 ειιιρακὼς
510 1750 643 1821 ἐμὲ,
686 1751 897 1822 ἑώρακε
956 1754 1045 1805 τὸν
1092 1751 1343 1822 Πατέρα·
1413 1751 1552 1819 Ἐγὼ
1604 1753 1661 1803 ὲν
1712 1751 1787 1820 τῷ

192 1840 402 1904 Πατρὶ,
451 1840 545 1891 καὶ
581 1843 610 1892 ὁ
646 1841 835 1910 Πατὴρ
867 1843 924 1893 ὲν
956 1843 1078 1910 ἐμοί
1106 1860 1118 1871 ·
1153 1862 1170 1892 ι
1212 1841 1638 1910 λαμϐανέτωσαν
1688 1840 1786 1910 τὴν

1892 662 2075 721 tuunt,
2112 654 2577 725 patrocinandum
2610 654 2871 711 Ecclesiae
2897 657 3266 728 dogmatibus.
3301 658 3472 730 Igitur

1890 743 2151 798 mandata
2206 744 2430 815 quidem
2481 746 2764 816 accepisse
2813 762 2839 799 a
2894 747 3078 812 Patre,
3114 758 3170 804 et
3212 765 3241 803 a
3291 754 3471 823 seipso

1890 834 2038 903 loqui
2078 836 2215 890 nihil
2249 835 2449 890 Filium
2484 846 2746 893 asserunt
2784 855 3170 910 :qumcunque
3203 856 3333 896 vero
3368 858 3470 897 au-

1888 927 2010 991 diit,
2044 938 2103 982 ut
2139 930 2256 998 ipse
2291 930 2495 985 alicubi
2541 930 2641 996 ait,
2695 930 2813 985 haec
2851 933 3013 987 nobis
3044 936 3207 989 etiam
3259 936 3469 1006 eloqui.

1891 1018 2035 1075 Bene
2068 1020 2231 1076 habet
2266 1038 2277 1072 :
2312 1022 2687 1078 assentiemur
2719 1022 2892 1090 enim,
2929 1038 3052 1077 cum
3100 1025 3243 1081 istud
3287 1033 3471 1097 quoad

1891 1112 2218 1167 substantiae
2253 1113 2473 1168 modum
2520 1114 2661 1169 Filio
2697 1113 2836 1168 nihil
2859 1113 3083 1179 oliiciat,
3119 1116 3213 1170 sed
3244 1122 3474 1187 praecla-

1890 1218 2004 1257 ram
2056 1204 2239 1272 potius
2275 1205 2435 1259 nobis
2463 1205 2636 1260 divini
2697 1206 2921 1262 consilii
2965 1208 3234 1262 rationem
3276 1210 3482 1278 inprae-

1892 1297 2197 1351 sentiarum
2252 1297 2548 1367 signiﬁcet.
2604 1300 2796 1371 Igitur,
2831 1314 2960 1356 cum
3010 1300 3239 1355 audiant
3293 1302 3473 1370 ipsum

1891 1387 2167 1441 dicentem
2203 1403 2215 1438 :
2256 1405 2274 1437 ι
2319 1386 2431 1458 Ego
2478 1396 2534 1442 et
2588 1388 2751 1445 Pater
2788 1406 2961 1445 unum
3006 1406 3201 1447 sumus
3243 1390 3330 1443 “z
3369 1390 3473 1457 Qui

1892 1476 2029 1530 vidit
2060 1491 2171 1541 me,
2209 1477 2349 1531 vidit
2383 1487 2437 1532 et
2459 1478 2676 1532 Patrem
2702 1480 2745 1510 ⁸⁷
2783 1498 2797 1534 :
2826 1482 2943 1551 Ego
2974 1482 3026 1536 in
3060 1481 3242 1547 Patre,
3276 1490 3332 1537 et
3367 1480 3474 1535 Pa-

1894 1575 1975 1619 ter
2011 1566 2063 1619 in
2093 1581 2180 1621 me
2199 1568 2275 1633 Μ¹;
2310 1588 2327 1619 ι
2358 1569 2640 1639 accipiant
2670 1568 2792 1640 ejus
2815 1571 3220 1638 testimonium,
3254 1571 3475 1642 signent

1888 1656 2063 1711 'Detnn
2099 1665 2153 1711 et
2194 1658 2410 1715 Patrem
2440 1675 2566 1715 esse
2591 1676 2872 1726 veracem,
2905 1670 2958 1716 et
2998 1662 3144 1731 quod
3180 1678 3310 1719 vere
3342 1662 3471 1724 scit.

1895 1749 1947 1803 id
1985 1749 2123 1803 velle
2155 1750 2305 1819 loqui
2348 1749 2572 1817 Filium,
2618 1768 2685 1807 ne
2713 1752 2961 1807 dillidant
3003 1754 3189 1809 verbis
3226 1754 3476 1808 Salvato-

1896 1840 1995 1903 ris,
2033 1840 2130 1908 qui
2164 1855 2287 1908 qua:
2318 1847 2449 1894 sunt
2486 1855 2517 1893 a
2549 1840 2713 1895 Patre
2748 1842 2909 1899 nobis
2946 1844 3192 1912 exponit.

196 1928 507 1994 μαρτυρίαν
551 1928 737 1993 αὑτοῦ,
784 1932 1270 1999 σφραγιζέτωσαν,
1307 1931 1390 1982 ὅτι
1430 1932 1459 1982 6
1503 1930 1637 1992 Θεὸς
1688 1930 1784 1981 καὶ
1821 1930 2009 1999 Πατὴρ
2038 1929 2246 1999 ἀληθής
2275 1931 2455 1995 ἐστιν,
2496 1932 2631 2001 ὅπερ
2655 1929 2795 1984 οἶδεν
2860 1932 3106 2003 ἀκριϐῶς
3168 1932 3476 1986 ἀναπείθων
3544 1974 3549 1979 .

192 2016 377 2070 λαλεῖν
402 2019 493 2072 τὸν
525 2020 653 2072 Υἱόν
682 2038 695 2050 ·
732 2020 806 2091 μὴ
838 2022 1236 2075 ἀπιστείτωσαν
1265 2025 1377 2084 τοῖς
1410 2022 1504 2073 τοῦ
1538 2022 1785 2091 Σωτῆρος
1827 2024 2069 2093 ῥήμασι,
2103 2021 2171 2074 τὰ
2199 2022 2350 2092 ποιρά
2383 2022 2476 2076 τοῦ
2513 2024 2723 2095 [ἰατρὸς
2753 2026 2885 2094 ἡμῖν
2917 2024 3329 2095 ὲρμηνεύοντος.

266 2116 370 2165 ’⁵ον
390 2116 497 2183 γὰρ
523 2116 884 2169 ἀπέστειλεν
904 2120 937 2172 ὁ
954 2118 1099 2185 Θεὸς
1118 2158 1132 2183 ,
1161 2120 1231 2173 τὰ
1243 2117 1482 2185 ῥήματα
1511 2119 1617 2172 τοῦ
1638 2119 1787 2173 Θεοῦ

1963 2117 2052 2179 Ill,
2084 2118 2173 2171 54.
2224 2116 2392 2184 Quem
2430 2120 2569 2173 enim
2614 2120 2760 2174 misit
2809 2117 2977 2183 Deus,
3035 2117 3192 2171 verba
3246 2118 3345 2171 Dei
3394 2119 3475 2173 lo-

188 2202 390 2255 λαλεῖ.

268 2293 423 2349 Οἶδεν
455 2292 546 2350 οῦν
579 2298 685 2368 ἄρα
711 2302 852 2353 κατὰ
879 2301 1039 2369 φύσιν
1071 2302 1199 2355 ὅντα
1245 2304 1407 2358 αὑτὸν
1436 2306 1464 2355 6
1510 2301 1701 2371 Πατὴρ
1728 2302 1786 2353 ἐν

192 2389 377 2457 ἑαυτῷ
393 2389 483 2441 τὸν
509 2390 639 2443 ἴδιον
655 2392 799 2444 Υίόν·
819 2393 976 2446 τοῦτο
994 2394 1101 2466 γὰρ
1122 2391 1275 2465 οἶμαι
1298 2396 1380 2457 τὸ,
1404 2416 1418 2445 ε
1434 2394 1534 2448 ’Ἐν
1551 2396 1737 2463 ἐσμεν,
1763 2414 1781 2445 ι

195 2484 294 2535 καὶ
324 2484 423 2553 οὐχ
462 2483 649 2554 ἕτερον
676 2502 728 2536 τι
776 2487 1235 2556 κατασημαίνειν,
1264 2488 1393 2539 Υἱὸν
1428 2489 1576 2549 ὄντα,
1610 2487 1700 2539 καὶ
1725 2487 1785 2538 οὐ

194 2574 412 2642 ποίημα
448 2574 741 2643 γινώσκει·
788 2576 910 2629 Υἱὸν
944 2576 1001 2631 δέ
1032 2595 1209 2646 φημι,
1254 2577 1347 2631 τόν
1377 2580 1440 2630 ἐκ
1471 2579 1570 2647 τῆς
1603 2577 1789 2640 οὐσίας

194 2667 362 2719 αὑτοῦ
387 2710 400 2731 ,
446 2668 540 2719 καὶ
570 2668 630 2719 ού
667 2667 808 2738 ψιλῷ
852 2670 951 2739 τῆς
988 2670 1234 2740 υίότητος
1278 2670 1639 2738 τετιμημένον
1669 2669 1788 2721 ὀνό-

196 2776 365 2829 ματι·
414 2752 555 2811 οἶδεν
584 2759 712 2812 ὅντα
753 2762 853 2831 τῆς
898 2760 1034 2824 ίδίας
1079 2762 1339 2830 ἰδιότητος
1368 2760 1787 2828 ἀπαράλλακτον

195 2850 386 2902 εἰκόνα
406 2866 419 2881 ·
453 2851 526 2913 ὡς
556 2851 786 2921 ὁρᾶσθαι
812 2852 910 2917 μὲν
942 2852 1161 2914 τελείως
1190 2854 1248 2904 ὲν
1281 2851 1451 2920 αὐτῷ,
1476 2850 1788 2919 ζωγραφεῖν

192 2942 253 2993 δὲ
284 2943 343 2992 ὲν
374 2940 552 3011 ἐαυτῷ
590 2942 684 2994 τὸν
730 2943 788 3007 ἐξ
823 2943 990 2996 αὑτοῦ
1042 2944 1183 2997 κατὰ
1217 2943 1377 3011 φύσιν
1414 2943 1668 3013 ἀρρήτως
1692 2943 1788 2994 ὲκ-

194 3032 491 3101 λέιμψαντα
514 3049 526 3062 ’
580 3033 673 3085 καὶ
706 3033 853 3101 ἔχειν
895 3035 993 3104 μὲν
1033 3037 1091 3087 ὲν
1126 3034 1302 3104 ἑαυτῷ
1322 3034 1414 3086 τὸν
1444 3034 1599 3096 Υίὸν,
1650 3028 1789 3085 εῖναι

193 3125 256 3176 δὲ
280 3120 348 3176 αὖ
377 3124 537 3176 πάλιν
571 3126 627 3175 ὲν
659 3123 803 3193 Υἱῷ,
854 3126 943 3177 διὰ
984 3126 1082 3194 τὴν
1111 3126 1211 3195 τῆς
1245 3126 1431 3188 οὐσίας
1460 3124 1785 3192 ταυτότητά.

196 3214 391 3267 Ταῦτα
424 3217 730 3285 φρονήσας,
770 3217 1047 3287 αἱρετικὲ,
1087 3216 1286 3287 πικροῦ
1325 3218 1422 3285 μὲν
1451 3215 1648 3268 σαυτὸν
1684 3215 1791 3268 ἀπ-

196 3304 457 3368 αλλάξεις
500 3306 807 3375 νοσήματος
828 3346 841 3367 ,
876 3304 1072 3376 τριϐῆς
1096 3306 1153 3358 δὲ
1201 3308 1347 3375 ἡμᾶς
1381 3308 1479 3375 τῆς
1524 3308 1581 3357 ὲν
1611 3306 1788 3373 λόγοις

199 3397 299 3449 καὶ
328 3397 657 3465 ζητήμασιν.
698 3416 715 3448 ι
748 3396 844 3449 Ὃν
873 3396 982 3466 γάρ
1008 3396 1325 3449 ἀπέστειλεν
1357 3400 1386 3449 6
1414 3398 1565 3459 Θεὸς,
1592 3396 1663 3448 τά
1693 3397 1791 3467 ρή-

200 3504 355 3557 ματα
383 3463 484 3540 τοῦ.
504 3488 638 3540 Θεοῦ
674 3487 842 3540 λαλεῖ.
870 3506 886 3538 ι
918 3463 1089 3539 ’Ὅταν
1120 3489 1185 3540 ὲκ
1213 3488 1307 3540 τοῦ
1341 3489 1631 3559 προχείρου
1654 3463 1780 3560 νοῆέ
1818 3463 1860 3522 C

194 3597 291 3630 ται
340 3578 403 3631 τὸ
444 3579 844 3649 προκείμενον,
884 3579 937 3631 τί
974 3579 1135 3632 πάλιν
1185 3580 1336 3633 ἔσται
1378 3580 1689 3649 θαυμαστὸν
1732 3582 1790 3633 ὲν

198 3671 321 3740 Υἱῷ
349 3688 363 3734 ;
412 3672 481 3723 Ἦ
521 3670 630 3743 γὰρ
668 3671 793 3739 οὐχὶ
826 3672 919 3724 καὶ
971 3669 1081 3723 τῶν
1116 3671 1285 3738 ἁγίων
1312 3671 1541 3735 ἕκαστος
1572 3688 1787 3743 προφη·

195 3764 344 3827 τῶν,
399 3764 492 3815 καὶ
532 3762 895 3816 ἀπεστέλλετο
944 3764 1098 3833 παρὰ
1130 3762 1265 3815 Θεοῦ
1289 3804 1303 3828 ,
1357 3764 1450 3815 καὶ
1493 3764 1620 3825 τοὺς
1658 3765 1789 3833 παρ’

194 3853 369 3905 αὑτοῦ
388 3853 716 3924 διήγγε).[>.]ε
735 3854 924 3922 λόγους
941 3870 955 3915 ;
982 3855 1089 3907 Καὶ
1108 3853 1238 3921 γοῦν
1259 3854 1394 3925 πρὸς
1420 3854 1519 3924 μὲν
1533 3853 1623 3906 τὸν
1650 3856 1793 3925 ἱερο-

203 3946 419 4014 φάντην
462 3948 665 3998 Mensa
708 3945 923 4016 εἴρηταί
957 3963 1082 4000 ποι·
1120 3966 1138 3998 1
1182 3947 1293 4000 Kal.
1322 3947 1415 3998 νῦν
1457 3945 1616 4016 δεῦρο
1659 3948 1793 3999 ἀποσ

198 4037 399 4089 στείλω
420 4054 474 4088 σε
511 4039 587 4099 εἰς
616 4037 911 4105 Αἴγυπτον,
930 4039 1024 4092 καὶ
1050 4041 1193 4108 ὲρείς
1218 4039 1357 4108 πρὸς
1381 4038 1580 4110 Φαραώ
1602 4056 1615 4068 '
1649 4038 1791 4092 Τάδε

195 4128 348 4194 λέγει
377 4127 599 4198 Κύριοςο
624 4147 642 4179 ι
688 4131 823 4199 πρὸς
854 4131 1124 4202 Ἰερεμίαν
1158 4131 1214 4183 δέ
1248 4148 1309 4198 γε
1338 4131 1426 4183 τὸν
1460 4130 1754 4200 ἱερώτατον
1774 4148 1790 4163 ο

200 4239 222 4269 τ
252 4220 346 4289 Μὴ
374 4219 520 4285 λέγε,
556 4220 645 4273 ὅτι.
671 4220 953 4293 Νεώτερος
976 4222 1086 4291 ἐγώ
1119 4224 1254 4292 εἰμι’
1277 4224 1359 4275 ὅτι
1394 4222 1527 4292 πρὸς
1558 4223 1789 4288 πάντας,

192 4310 294 4373 οὓς
327 4311 422 4362 ἐὰν
447 4312 812 4373 ὲξαποστείλω
838 4330 927 4376 σε,
971 4315 1211 4385 πορεύσῃ
1231 4355 1243 4377 ,
1282 4316 1375 4367 καὶ
1415 4318 1554 4367 κατὰ
1585 4315 1785 4378 πάντα,

192 4404 302 4456 ὅσα
339 4402 434 4453 ἐὰν
473 4403 796 4472 ἐντείλωμαί
832 4421 947 4471 σοι,
996 4405 1272 4474 λαλήσεις.
1304 4424 1323 4457 ι
1359 4407 1423 4457 Τί
1461 4402 1553 4457 οὖν
1588 4407 1694 4475 ἄρα
1727 4406 1788 4458 τὸ

194 4492 391 4543 πλεῖον
426 4493 483 4545 ὲν
504 4494 578 4563 τῷ
606 4493 748 4547 κατά
781 4495 944 4562 φύσιν
977 4494 1120 4566 Υίῷ,
1146 4495 1392 4548 λαλοῦντι
1418 4498 1485 4548 τά
1517 4497 1611 4549 τοῦ
1651 4496 1785 4550 Θεοῦ

192 4586 426 4654 ῥήματα
447 4626 459 4647 ,
502 4585 590 4636 διὰ
616 4585 675 4638 τὸ
699 4587 1035 4639 ἀπεστάλθαι
1070 4588 1199 4657 παρ’
1235 4586 1400 4640 αὑτοῦ
1428 4605 1440 4651 ;
1495 4589 1787 4658 ﬂpopﬁtqg

189 4678 355 4745 ἡμῖν,
393 4677 467 4737 ὼς
494 4677 667 4729 ἔοικεν
690 4721 703 4740 ,
755 4678 1207 4748 ἀναδειχθήσεται
1234 4679 1395 4733 πάλιν
1417 4720 1430 4743 ,
1475 4682 1569 4732 καὶ
1601 4680 1784 4748 ἕτερον

188 4768 375 4829 οὐδὲν,
408 4769 529 4820 ὅσον
560 4763 692 4837 ἧκεν
708 4770 882 4821 εἰπεῖν
908 4772 988 4833 εἰς
1015 4771 1105 4823 τὸν
1130 4773 1227 4839 τῆς
1265 4771 1541 4835 διακονίας
1561 4772 1782 4840 τρόπον.
1811 4806 1863 4866 D

189 4856 415 4910 Οὐκοῦν
444 4856 503 4907 τ’)
541 4875 558 4907 ι
595 4858 880 4910 ἀπέστειλε
916 4878 934 4909 ι
972 4862 1186 4929 νοήσεις
1216 4862 1272 4914 ἐν
1296 4861 1533 4925 τούτοις,
1574 4860 1607 4930 ἢ
1640 4860 1781 4914 κατά

186 4949 289 4999 τον
324 4947 422 5015 τῆς
456 4946 921 5017 ὲνανθρωπήσεως
947 4950 1140 5017 λόγον,
1189 4952 1283 5004 καὶ
1308 4953 1406 5022 τὴν
1443 4952 1501 5004 ὲν
1527 4951 1661 5021 τῷδε
1704 4952 1780 5021 τῷ

190 5033 392 5101 κόσμῳ
438 5035 577 5101 μετά
622 5038 825 5105 σαρκὸς
864 5039 1236 5108 ὲπιφοίτησιψ
1296 5042 1330 5111 ἢ
1364 5042 1525 5095 πάλιν
1567 5041 1781 5112 ἐκλήψῃ

187 5126 667 5195 θεοπρεπέστερον
713 5130 807 5181 καὶ
846 5127 1283 5202 ἀξιολογώτερον.
1337 5134 1413 5184 Οὐ
1460 5132 1568 5202 γὰρ
1608 5132 1777 5201 ἔκρυ-

185 5218 298 5281 ψεν
338 5217 395 5269 ἐν
435 5217 613 5287 ἑαυτῷ
657 5219 750 5271 τὸν
778 5220 907 5272 Υἱὺν
945 5224 973 5273 6
1007 5222 1229 5294 Πατὴρ,
1270 5223 1383 5277 ἀλλ’
1410 5226 1474 5277 ὲκ
1512 5227 1613 5294 τῆς
1648 5225 1782 5289 ἰδίας

188 5310 476 5379 ἐξέλαμψε
508 5311 752 5379 φύσεως,
803 5314 882 5374 ὡς
922 5316 986 5368 ὲκ
1018 5316 1196 5384 φωτὸς
1233 5316 1608 5388 ἀπαύγασμα,
1643 5319 1785 5370 κατὰ

183 5406 288 5456 τὸν
315 5404 594 5472 ἄφραστόν
618 5424 677 5458 τε
708 5409 800 5461 καὶ
822 5407 1156 5479 ἀνεξήγητον
1182 5409 1281 5479 τῆς
1310 5409 1459 5473 θείας
1481 5410 1785 5478 γεννήσεως

182 5498 399 5565 τρόπον
427 5513 440 5525 ·
495 5497 522 5549 ὃ
569 5498 633 5567 δὴ
680 5500 775 5553 καὶ
821 5500 986 5564 αὐτὸς
1034 5502 1168 5572 ἡμῖν
1223 5502 1469 5571 διεσάφει
1528 5503 1703 5569 λέγων
1754 5502 1783 5554 6

185 5589 549 5657 Μονογενής·
606 5608 625 5640 ‹
675 5591 815 5658 Ἐγὼ
866 5594 930 5644 ὲκ
972 5594 1066 5646 τοῦ
1118 5593 1329 5663 lla-:96;
1377 5593 1630 5662 ἐξῆλθον.
1690 5594 1783 5645 καὶ

185 5683 333 5748 ἥκω.
382 5698 401 5730 ι
458 5680 771 5751 Ἐξελήλυθε
820 5686 924 5754 γάρ
978 5687 1039 5738 ὲκ
1094 5686 1187 5739 τοῦ
1248 5687 1458 5756 Πατρός
1507 5688 1581 5747 εἰς
1647 5686 1781 5739 ἰδίαν

261 5856 306 5882 ’⁸
354 5854 511 5911 Joan.
543 5875 594 5914 ν.
624 5859 711 5913 Ξῖυ.
790 5860 831 5887 '°"
861 5858 1015 5917 .loan.
1056 5878 1143 5918 xw
1172 5906 1184 5925 .
1220 5865 1269 5915 ει.
1354 5863 1392 5893 ’³
1431 5862 1586 5927 Ibid,
1634 5863 1686 5916 il

1802 5862 1839 5892 ⁴³
1869 5859 2039 5913 Lami.
2086 5877 2162 5925 ιιι,
2207 5860 2287 5915 ιο.

1888 2217 2089 2275 quitur.

1960 2295 2124 2351 Novit
2168 2297 2361 2368 itaque
2388 2297 2552 2353 Pater
2586 2299 2645 2353 in
2672 2299 2858 2369 seipso
2885 2298 3192 2354 secundum
3219 2307 3476 2354 naturam

1890 2389 2157 2444 exsistere
2207 2389 2409 2444 Filium
2453 2406 2648 2456 suum;
2677 2391 2782 2446 hoc
2827 2392 3007 2459 enim,
3041 2393 3261 2463 opinor,
3310 2392 3473 2456 illud,

1896 2499 1912 2530 ι
1950 2478 2125 2535 Unum
2155 2496 2372 2547 sumus,
2406 2501 2423 2532 ι
2456 2481 2778 2552 signiﬁcare
2807 2481 3009 2538 Filium
3045 2498 3192 2550 esse,
3226 2498 3338 2539 non
3378 2499 3477 2537 au-

1891 2580 1998 2625 tem
2028 2568 2367 2639 creatui‘am,
2404 2573 2684 2643 agnoscit.
2729 2572 2928 2629 Filium
2965 2583 3149 2630 autem
3186 2574 3331 2639 dico,
3378 2576 3475 2645 qui

1890 2679 1956 2717 ex
1996 2663 2118 2731 ejus
2149 2673 2233 2718 est
2262 2665 2599 2731 substantia,
2621 2680 2731 2719 non
2764 2665 2915 2719 nudo
2941 2664 3224 2719 ﬁliationis
3256 2666 3477 2719 nomine

1890 2760 2140 2807 ornatus.
2183 2751 2302 2806 Scit
2346 2768 2473 2808 esse
2504 2768 2619 2809 suae
2655 2754 3018 2825 proprietatis
3055 2754 3347 2823 imaginem
3381 2769 3477 2824 per

1890 2845 2075 2899 omnia
2110 2846 2369 2910 similem,
2406 2846 2482 2899 ita
2513 2852 2573 2899 ut
2604 2846 2849 2915 perfecte
2878 2845 3101 2916 quidem
3136 2847 3474 2901 cernaturin

1890 2936 2031 3004 ipso,
2074 2937 2192 3005 ipse
2242 2952 2373 2992 vero
2414 2937 2469 2990 in
2521 2938 2707 3005 seipso
2758 2938 3019 3007 depingat
3070 2952 3196 2992 eum
3254 2938 3347 3008 qui
3405 2954 3473 2992 ex

1892 3026 2012 3093 ipso
2051 3026 2361 3081 secundum
2422 3037 2677 3081 naturam
2731 3028 3084 3082 ineﬂabiliter
3134 3028 3364 3091 eﬂ'ulsit,
3420 3038 3474 3086 et

1894 3118 2093 3172 habeat
2143 3120 2367 3189 quidem
2400 3119 2453 3171 in
2499 3120 2687 3187 seipso
2735 3118 2957 3182 Filium,
3003 3119 3188 3189 sitque
3229 3120 3473 3176 vicissim

1892 3208 1946 3260 in
1986 3206 2147 3273 Filio,
2186 3218 2415 3278 propter
2456 3209 2806 3265 identitatem
2853 3210 3203 3266 substantiae.
3253 3210 3376 3266 Haec
3427 3214 3474 3268 si

1892 3300 2125 3362 sentias,
2167 3301 2460 3367 hteretice,
2514 3310 2571 3356 et
2610 3302 2849 3372 teipsum
2881 3303 3074 3357 morbo
3114 3306 3471 3375 gravissimo,

1892 3398 1946 3444 et
2005 3407 2107 3447 nos
2163 3392 2485 3461 disputandi
2538 3393 2787 3447 molestia
2845 3394 3189 3450 liberaveris.
3233 3413 3252 3446 ι
3298 3396 3472 3460 Quem

1894 3482 2041 3534 enim
2076 3482 2229 3537 misit
2262 3481 2431 3548 Deus,
2465 3483 2632 3537 verba
2659 3482 2755 3539 Dei
2787 3484 3053 3553 loquitur.
3091 3504 3110 3536 ι
3143 3485 3197 3538 Si
3239 3492 3298 3538 ut
3322 3486 3474 3554 jacet

1896 3570 2105 3626 dictum
2144 3573 2278 3627 illud
2331 3574 2656 3643 accipiatur,
2712 3574 2847 3644 quid
2904 3576 3088 3643 magni
3147 3576 3365 3630 demum
3420 3586 3473 3631 et

1893 3663 2237 3718 admirabilis
2271 3673 2375 3719 erit
2414 3664 2469 3717 in
2512 3664 2691 3718 Filio?
2722 3666 2803 3718 An
2833 3679 2941 3719 non
2969 3666 3115 3720 enim
3148 3675 3473 3721 sanctorum

1892 3755 2284 3823 prophetarum
2308 3758 2543 3826 quilibet
2570 3758 2737 3811 etiam
2771 3758 2978 3815 missus
3005 3764 3094 3813 est
3118 3772 3149 3811 a
3171 3757 3303 3824 Deo,
3328 3759 3476 3827 ejus-

1893 3862 2001 3917 que
2038 3848 2205 3902 verba
2243 3850 2539 3905 manifesta
2590 3850 2757 3904 fecit?
2812 3849 2878 3904 Et
2931 3858 3081 3907 certe
3129 3852 3330 3906 alicubi
3386 3852 3474 3907 di-

1894 3948 2046 3994 ctum
2089 3951 2175 3995 est
2213 3942 2280 3995 ad
2322 3941 2547 4012 Moysen
2584 3958 2873 3997 sacrorum
2924 3944 3277 4013 interpretem
3315 3958 3328 3995 :
3363 3964 3379 3994 ι
3414 3944 3475 3997 Et

1897 4048 2043 4087 nunc
2078 4035 2287 4087 mittam
2317 4043 2368 4087 te
2397 4035 2453 4089 in
2488 4034 2816 4106 Egyptum,
2854 4043 2909 4089 et
2934 4035 3084 4089 dices
3126 4035 3188 4088 ad
3227 4034 3472 4088 Pharao-

1894 4139 2017 4180 nem
2046 4141 2060 4177 :
2092 4125 2215 4179 Haec
2245 4126 2377 4180 dicit
2403 4126 2667 4181 Dominus
2695 4126 2763 4179 ".
2801 4146 2820 4178 ι
2855 4127 2935 4181 Ad
2969 4125 3264 4181 Jeremiam
3290 4134 3474 4179 autem

1892 4216 2305 4272 sanctissimum
2334 4232 2345 4266 :
2374 4236 2392 4268 ι
2429 4216 2548 4271 Νοιί
2580 4218 2761 4275 dicere
2805 4218 2945 4285 Quia
2978 4219 3167 4288 junior
3192 4234 3293 4287 ego
3326 4234 3469 4281 sum,

1893 4309 2023 4378 quia
2051 4309 2119 4363 ad
2154 4324 2346 4365 omnes
2395 4310 2463 4364 ad
2516 4326 2657 4381 quos
2702 4311 2913 4366 misero
2952 4318 3025 4376 te,
3058 4311 3185 4374 ibis,
3214 4319 3271 4365 et
3314 4310 3473 4380 juxta

1890 4402 2077 4456 omnia
2116 4416 2469 4473 quaecunque
2525 4404 2861 4458 mandavero
2905 4402 3043 4466 tibi,
3084 4401 3329 4471 loqueris
3346 4400 3415 4455 '°.
3450 4421 3468 4452 ι

1890 4493 2034 4557 Quid
2065 4508 2197 4563 ergo
2226 4494 2348 4561 plus
2386 4503 2469 4549 est
2503 4495 2557 4547 in
2590 4494 2734 4549 Filio
2760 4494 3004 4550 naturali
3050 4494 3145 4564 qui
3174 4492 3269 4549 Dei
3302 4494 3471 4549 verba

1893 4585 2157 4653 loquitur,
2178 4600 2242 4638 ex
2263 4585 2486 4653 eoquod
2514 4589 2720 4643 missus
2759 4596 2844 4642 est
2862 4588 2931 4641 ab
2956 4586 3121 4656 ipso?
3143 4584 3291 4639 Nihil
3322 4585 3471 4639 aliud

1891 4691 2110 4739 rursus,
2142 4682 2203 4729 ut
2231 4676 2469 4741 videtur,
2502 4691 2668 4747 quam
2692 4676 2959 4747 propheta
2983 4692 3109 4733 esse
3137 4678 3296 4733 nobis
3319 4685 3468 4746 pate-

1891 4768 1990 4829 bit,
2018 4767 2064 4822 si
2098 4766 2167 4820 dc
2194 4766 2492 4822 ministerii
2527 4768 2740 4823 ratione
2768 4769 3082 4837 loquamur.
3112 4768 3276 4839 169
3304 4767 3474 4840 Igitur

1891 4858 1981 4913 hic
2016 4876 2035 4910 ι
2068 4857 2242 4924 misit,
2272 4877 2291 4909 ι
2312 4868 2411 4913 aut
2441 4859 2656 4914 ratione
2678 4859 3084 4915 incarnationis
3113 4867 3170 4915 et
3198 4860 3471 4916 adventus

1888 4952 1945 5005 in
1982 4951 2127 5005 hunc
2167 4950 2432 5004 mundum
2469 4964 2596 5004 cum
2646 4965 2834 5015 carne,
2876 4958 2971 5004 aut
3002 4950 3263 5006 diviniori
3291 4962 3345 5007 et
3374 4968 3472 5007 su-

1888 5040 2130 5095 blimiori
2162 5040 2398 5110 quadam
2434 5041 2650 5095 ratione
2702 5039 2967 5109 accipies.
3019 5038 3142 5095 Non
3204 5040 3350 5096 enim
3413 5043 3469 5097 in

1889 5134 2074 5201 seipso
2106 5132 2304 5185 Filium
2347 5130 2511 5185 Pater
2532 5131 2855 5197 occultavit,
2889 5131 2987 5187 sed
3021 5146 3090 5187 ex
3132 5147 3234 5187 sua
3267 5142 3465 5188 natura

1889 5224 2098 5289 eluxit,
2134 5232 2192 5276 ut
2234 5239 2300 5278 ex
2358 5223 2481 5278 luce
2520 5223 2786 5293 splendor
2843 5223 3049 5279 emicat
3110 5224 3371 5281 ineli‘abili
3417 5233 3471 5280 et

1895 5315 2251 5371 inenarrabili
2282 5315 2482 5371 divinae
2523 5318 2899 5386 generationis
2928 5316 3115 5372 modo.
3158 5316 3316 5382 Quod
3350 5317 3471 5387 ipse

1891 5423 2113 5479 quoque
2152 5408 2317 5464 nobis
2347 5409 2607 5480 exposuit
2639 5408 2993 5481 Unigenitus,
3028 5409 3222 5466 dicens
3250 5427 3264 5465 :
3300 5430 3321 5463 ι
3354 5409 3469 5480 Ego

1890 5517 1958 5557 ex
1986 5500 2147 5555 Patre
2181 5501 2350 5567 exivi,
2378 5508 2434 5557 et
2462 5502 2622 5558 venio
2646 5502 2715 5559 ".
2746 5520 2766 5553 ι
2806 5502 2989 5558 Exivit
3036 5503 3182 5559 enim
3212 5519 3277 5558 ex
3310 5502 3468 5558 l’atre

1892 5595 1947 5647 in
1978 5594 2257 5662 propriam
2284 5594 2625 5665 hypostasim
2651 5591 2844 5659 Filius,
2869 5594 2998 5651 licet
3029 5597 3083 5651 in
3120 5597 3237 5665 ipso
3273 5597 3345 5649 sit
3378 5610 3468 5650 sc-

1890 5683 2131 5737 cundum
2170 5695 2461 5738 naturam:
2496 5692 2550 5737 et
2596 5682 2745 5753 quod
2785 5683 2857 5738 ibi
2888 5701 2907 5734 ι
2938 5684 3111 5745 exire,
3154 5703 3171 5735 ι
3205 5684 3464 5752 idipsuin,

2371 5861 2410 5891 δι’
2444 5856 2641 5914 Ji-rcm.
2680 5876 2716 5923 ι,
2756 5858 2805 5909 7,
2888 5858 2926 5887 ⁵*
2966 5855 3121 5911 Joan.
3159 5874 3267 5921 xvi,
3308 5859 3389 5914 28.
