4222 6510
231 372 328 427 ΞΞΙ

1301 381 1368 435 ΙΝ
1412 380 1695 441 ,ΙΟᾹΝΝΙΞ
1720 387 2174 447 EVANGELIUM
2210 392 2337 450 LIB.
2383 396 2446 452 11.

3409 404 3517 460 282

226 487 355 557 εὔξῃ
390 488 482 540 τὸν
525 490 635 542 τῶν
671 489 765 543 τοῦ
814 489 1026 561 Πατρδς
1067 491 1289 560 ἀγαθῶν
1339 498 1615 562 οὑσιωδῶς
1644 502 1822 571 κληρο·

1936 518 2022 562 εει
2042 508 2427 575 htcres,diviua
2444 511 2999 588 glorta‘coronemu‘s:
3022 534 3039 564 ι
3058 514 3517 588 .Diligitenimlj‘i-

227 582 416 649 νόμον
454 601 472 631 (
526 584 738 653 Ἄγαπᾷ
768 584 875 652 γὰρ
915 582 1004 637 τὸν
1040 584 1185 640 Υἰόν.
1221 606 1237 634 ι
1274 588 1483 642 Οὐκοῦν
1527 593 1831 664 ἐφησθησε-

225 689 319 724 ται
349 673 448 742 μὲν
472 672 815 745 δοξαζομένῳ
855 677 961 747 πρὸ
1003 676 1115 749 [γορ.
1150 679 1308 753 πρὸς]
1347 682 1526 753 ἡμῶν,
1560 684 1830 757 βαρυνθη-

228 779 387 815 σεται
414 762 470 816 δὲ
506 764 643 833 πρὸς
666 764 727 816 τὸ
761 766 1004 818 ἐναντίον
1026 784 1039 797 '
1080 768 1174 821 καὶ
1204 772 1365 839 μήτις
1393 772 1608 833 οἰέσθω.
1641 776 1860 849 9939b);-
1896 786 1902 792 '

226 857 306 919 ὡς
333 857 453 920 ἐνὸς
481 858 545 929 δὴ
572 858 764 912 τούτου
814 861 911 914 καὶ
950 860 1112 931 μόνου
1152 864 1488 935 θεοπρεποῦς
1514 853 1827 939 ἀξιώματος

228 948 568 1018 κληρονόμον
610 950 723 1021 ἔχει
768 951 860 1005 τὸν
910 952 1037 1006 ἴδιον
1074 954 1219 1009 Υἱὸν.
1249 977 1266 1008 t
1303 958 1489 1012 Πάντα
1535 959 1644 1032 γὰρ
1671 961 1830 1016 δέδω-

230 1058 329 1093 κεν
372 1044 429 1095 ἐν
469 1046 535 1114 τῇ
586 1046 730 1115 χειρὶ
772 1046 963 1106 αὐτοῦ·
1005 1068 1023 1100 ι
1058 1049 1203 1103 τοῦτ’
1242 1050 1355 1105 ἔστι
1402 1053 1660 1125 σύμπαν,
1706 1057 1829 1110 ὅσον

228 1134 386 1188 ἐστὶν
444 1136 718 1201 ούσιωδῶς
773 1139 975 1207 ἀγαθὸν
1030 1142 1089 1194 ἐν
1142 1146 1355 1215 Πατρὶ,
1397 1146 1554 1201 τοῦτο
1611 1149 1828 1213 πάντως

230 1227 385 1278 ἐστὶν
425 1228 484 1280 ἐν
534 1228 759 1299 δυνάμει
820 1232 913 1285 τοῦ
964 1233 1115 1289 Υἰοῦ.
1169 1236 1342 1308 Χεῖρα
1382 1239 1491 1310 γὰρ
1524 1242 1583 1293 ἐν
1620 1241 1830 1305 τούτοις

230 1319 499 1389 ὀνομάζει
532 1321 632 1393 τὴν
665 1323 918 1395 δύναμιν,
949 1326 1135 1399 ὥσπερ
1163 1329 1291 1383 ὅταν
1318 1330 1386 1383 δι’
1419 1332 1537 1395 ἐνός
1563 1350 1668 1386 που
1695 1352 1829 1405 προ-

231 1411 408 1479 φήτου
440 1411 601 1485 λέγῃ·
634 1435 650 1466 t
690 1418 753 1469 Ἡ
784 1420 904 1489 χείρ
942 1438 1043 1491 μου
1068 1424 1367 1494 ὲστερέωσε
1402 1425 1492 1478 τὸν
1520 1426 1767 1497 οὐρανὸν,
1804 1452 1821 1476 ι

227 1502 354 1554 ἀντὶ
380 1502 473 1556 τοῦ
506 1506 539 1575 ἡ
571 1505 821 1578 δύναμις.
859 1512 1015 1581 Ἔχει
1041 1513 1095 1566 δὲ
1121 1514 1344 1583 σύμπαν
1366 1517 1423 1570 ἐν
1452 1518 1631 1588 ἐαυτῷ
1649 1518 1707 1571 τὸ
1733 1519 1826 1572 τοῦ

229 1591 448 1662 [ἰατρὸς
500 1594 649 1659 ἴδιον,
675 1598 734 1649 ού
774 1600 1156 1671 μεταληπτῶς,
1196 1605 1245 1656 εἰ
1289 1605 1385 1658 καὶ
1418 1604 1704 1660 δεδωκέναι
1735 1608 1822 1661 λέ-

228 1699 389 1749 γεται
429 1686 457 1737 6
504 1686 693 1758 Πατὴρ
746 1690 799 1760 (ἢ
846 1693 955 1764 γὰρ
1007 1694 1073 1747 ἂν
1116 1696 1410 1767 ἐπίκτητον
1454 1698 1587 1770 ἔχοι,
1625 1702 1719 1754 καὶ
1762 1702 1823 1754 οὐ

226 1776 468 1847 φυσικὴν
492 1781 592 1850 τὴν
626 1780 877 1853 θεότητα)
903 1800 915 1812 ·
956 1784 1140 1839 δίδωσι
1170 1788 1226 1841 δὲ
1264 1789 1438 1855 οὓτως
1473 1790 1501 1842 ὁ
1527 1792 1717 1864 Πατὴρ
1746 1794 1824 1864 τῷ

229 1866 346 1937 Υἰῷ
381 1869 559 1922 πάντα
587 1871 655 1923 τὰ
702 1873 918 1939 ἑαυτοῦ,
954 1876 1264 1949 ὡσπερανεὶ
1307 1882 1401 1934 καί⁵
1433 1881 1718 1954 ἄνθρωπος
1746 1884 1826 1955 τῷ

224 1960 290 2025 ἐξ
316 1961 481 2015 αὑτοῦ
510 1964 667 2033 φῦντι
697 1966 847 2022 παιδὶ
888 1968 1087 2024 διδόναι
1124 1974 1295 2025 νοοῖτο
1327 1974 1395 2028 τὰ
1423 1976 1523 2045 τῆς
1544 1975 1824 2046 ἀνθρωπό-

222 2069 388 2122 τητος
438 2054 546 2109 [δια
601 2056 632 2126 ἦ
681 2057 994 2129 ὡσπερανεὶ
1042 2064 1135 2117 καὶ
1185 2066 1245 2117 τὸ
1292 2066 1403 2138 πῦρ
1440 2070 1506 2139 τῇ
1546 2068 1605 2133 ἐξ
1657 2070 1821 2124 αὐτοῦ

221 2145 350 2196 κατ’
378 2145 657 2216 ἐνέργειαν
705 2150 972 2225 προϊούσῃ
1023 2152 1317 2227 θερμότητι
1368 2158 1565 2213 διδόναι
1612 2160 1823 2229 λέγοιτο

217 2234 325 2303 τῆς
359 2236 492 2301 ἰδίας
533 2239 745 2307 φύσεως
794 2243 854 2296 τὸ
898 2244 1114 2317 ἰδίωμα.
1153 2249 1240 2302 Ἐν
1289 2250 1345 2303 δὲ
1382 2253 1494 2316 τοῖς
1539 2254 1820 2319 τοιούτοις,

220 2329 319 2381 καὶ
348 2329 407 2382 τὸ
443 2336 743 2403 παρασχεῖν
789 2338 903 2398 τοῖς
948 2340 1279 2411 παρέχουσιν
1307 2343 1539 2414 ἀζήμιον
1566 2362 1577 2373 ’
1603 2346 1666 2399 οὐ
1712 2347 1821 2417 γαρ

223 2420 369 2472 κατὰ
409 2424 676 2493 μερισμὸν
726 2426 758 2495 ἢ
802 2428 1089 2500 ἀποκοπὴν
1135 2432 1246 2486 τῶν
1295 2435 1630 2506 παρέχεσθαι
1675 2455 1819 2492 νοου-

222 2513 465 2584 μένωνή
501 2515 652 2580 ὁδός·
710 2521 801 2573 καὶ
852 2522 985 2575 αὐτὸ
1031 2523 1089 2577 δὲ
1143 2526 1206 2579 τὸ
1246 2526 1396 2593 δόξαι
1442 2527 1659 2596 λαϐεῖν,
1707 2534 1821 2593 τοῖς

220 2604 487 2660 λαϐοῦσιν
522 2610 961 2683 ἀκατηγόρητον.
991 2616 1090 2669 Διὰ
1130 2617 1238 2688 γὰρ
1270 2618 1431 2687 μόνον
1457 2621 1518 2674 τὸ
1547 2621 1618 2686 ἐξ
1650 2618 1722 2679 οὗ
1752 2624 1821 2677 τὰ

217 2696 453 2752 τοιαῦτα
496 2699 732 2769 λέγεται,
774 2704 869 2756 καὶ
923 2709 1125 2778 φυσική
1168 2726 1274 2776 τις,
1326 2712 1391 2763 ἵν’
1443 2712 1617 2775 οὔτως
1657 2714 1817 2778 εἴπω,

220 2790 448 2860 ποιότης
494 2791 600 2846 τῶν
641 2794 954 2861 γεννώντων
998 2802 1199 2853 νοεῖται
1250 2802 1318 2855 τὰ
1371 2803 1710 2875 γεννώμενα,
1759 2808 1821 2860 τὸ

219 2882 275 2933 τί
305 2883 422 2934 ἐστι
453 2887 574 2937 κατ’
602 2887 790 2941 ουσίαν
825 2890 887 2942 τὸ
912 2891 1115 2958 γεννῶν
1144 2894 1492 2963 ἐκφαίνοντα,
1522 2899 1616 2952 καὶ
1649 2917 1818 2953 κατα-

221 2971 615 3042 λαμπρύνοντα
635 2978 737 3048 τῆς
767 2980 973 3044 οἰκείας
1000 2982 1184 3053 πηγῆς
1222 2983 1321 3054 τὴν
1368 2986 1509 3040 κατὰ
1549 2989 1713 3056 φύσιν
1738 2992 1819 3043 ἐν-

221 3066 468 3135 έργειαν.
498 3069 608 3122 Καὶ
638 3072 807 3125 ταῦτα
835 3074 934 3142 μὲν
972 3075 1156 3138 πάλιν,
1188 3076 1265 3140 ὡς
1307 3079 1399 3131 ἐπὶ
1447 3082 1819 3152 παραδειγμά-

1936 600 2093 656 lium.
2109 621 2126 651 ι
2155 588 2709 669 lgituroblectabitur
2724 620 2849 661 cum
2870 621 2900 661 a
2919 588 3195 670 nobis‘ille
3212 588 3518 678 gloriam'et

1917 693 2148 778 laudem
2175 694 2445 765 accipiet;
2477 710 2639 751 secus
2671 711 2822 763 vero,
2849 697 3176 753 otfendetur.
3203 697 3270 754 Et
3297 714 3365 755 ne
3389 700 3516 771 quis

1930 786 2255 852 arbitretur,
2287 788 2486 857 inquit,
2530 786 2729 843 Filium
2764 787 2914 842 Patri
2957 804 3082 845 esse
3131 790 3291 860 quasi
3349 790 3517 845 unius

1932 879 2103 951 hujus
2131 896 2195 936 ac
2227 880 2404 938 solius
2440 880 2640 937 divina:
2669 881 2959 952 dignitatis
2991 882 3281 938 luere-dem.
3324 903 3342 935 ι
3379 881 3515 938 Om-

1931 973 2022 1027 nia
2047 974 2191 1028 enim
2221 973 2373 1029 dedit
2416 973 2471 1027 in
2503 988 2667 1028 manu
2701 974 2846 1044 ejus,
2900 992 2918 1025 ι
2959 973 3063 1028 hoc
3094 982 3199 1040 est,
3247 974 3517 1045 quidquid

1933 1065 2068 1122 boni
2100 1074 2184 1121 est
2216 1067 2270 1121 in
2301 1065 2465 1121 Patre
2494 1066 2959 1128 substantialiter,
2989 1065 3093 1121 hoc
3126 1066 3317 1136 utique
3343 1073 3429 1123 est
3460 1066 3517 1120 in

1933 1166 2205 1228 potestate
2236 1155 2383 1212 Filii.
2403 1156 2623 1213 Manum
2642 1157 2845 1212 etenim
2869 1156 2961 1213 hic
2983 1165 3310 1228 potestatem
3332 1166 3515 1225 vocat,

1934 1262 1991 1306 ut
2019 1266 2143 1307 cum
2171 1266 2270 1322 per
2303 1266 2473 1306 unum
2516 1250 2837 1322 prophetam
2869 1249 2947 1302 ait
2985 1249 3225 1305 alicubi:
3264 1270 3284 1301 ‹
3321 1249 3516 1305 Manus

1931 1358 2050 1397 mea
2082 1342 2324 1397 ﬁrmavit
2349 1342 2550 1398 caelum
2575 1342 2644 1407 ⁸⁵,
2684 1360 2700 1393 ι
2731 1341 2785 1397 id
2822 1350 2926 1405 est,
2960 1341 3137 1397 virtus
3166 1355 3309 1396 mea.
3344 1340 3518 1397 Habet

1933 1443 2116 1489 autem
2151 1433 2327 1491 Filius
2362 1435 2417 1489 in
2470 1435 2652 1505 seipso
2702 1433 2969 1504 quidquid
3017 1441 3104 1489 est
3161 1431 3344 1489 Patris
3383 1447 3514 1503 pro-

1930 1528 2133 1595 prium,
2188 1540 2297 1580 non
2348 1540 2445 1595 per
2488 1524 2988 1595 participationem,
3051 1525 3269 1579 tametsi
3337 1523 3504 1579 Pater

1928 1616 2151 1671 dedisse
2194 1631 2413 1686 quoque
2456 1616 2660 1669 dicitur
2711 1614 2959 1684 (alioqui
3015 1614 3161 1669 enim
3216 1613 3513 1668 ascititiam

1928 1707 2177 1772 haberet,
2209 1722 2318 1762 non
2338 1714 2532 1761 autem
2570 1706 2876 1760 naturalem
2923 1705 3267 1774 deitatem);
3307 1706 3401 1762 sed
3440 1705 3514 1759 ita

1929 1795 2115 1850 ontnia
2155 1810 2255 1850 sua
2294 1794 2388 1850 dat
2427 1794 2567 1849 Filio
2614 1793 2799 1860 Pater,
2848 1792 3314 1864 quemadmodum
3345 1792 3512 1847 etiam

1855 1854 1899 1910 Β
1929 1889 2095 1944 homo
2124 1889 2313 1958 genito
2334 1903 2402 1944 ex
2433 1904 2491 1944 se
2526 1888 2640 1943 ﬁlio
2674 1887 2916 1943 tribuere
2944 1894 3202 1942 censetur
3240 1884 3511 1957 quidquid

1929 1980 2214 2052 proprium
2239 1987 2324 2034 est
2354 1988 2567 2033 naturae
2602 1978 2885 2043 humana,
2915 1984 3011 2030 aut
3063 1978 3211 2032 sicut
3250 1976 3394 2046 ignis
3418 1990 3511 2030 co-

1926 2072 2028 2126 lori
2060 2086 2125 2127 ex
2154 2084 2215 2126 se
2250 2078 2378 2125 actu
2410 2068 2732 2140 procedenti
2767 2082 2829 2123 ea
2855 2083 2979 2139 qua:
3008 2075 3220 2143 natura:
3242 2082 3355 2122 suae
3384 2081 3510 2136 pro-

1924 2165 2044 2235 pria
2074 2171 2204 2219 sunt
2238 2163 2481 2219 tribuere
2501 2162 2726 2218 dicitur.
2752 2162 2812 2217 ln
2842 2161 2933 2217 his
2955 2169 3160 2227 autem,
3196 2159 3333 2213 dare
3356 2159 3510 2213 danti

1925 2258 2060 2312 nihil
2090 2258 2282 2313 obest:
2321 2271 2426 2311 nec
2465 2257 2612 2311 enim
2659 2254 2990 2310 divisionem
3051 2261 3145 2308 aut
3195 2254 3500 2308 sectionem

1925 2351 2016 2406 hic
2050 2354 2339 2422 patiuntur
2365 2366 2431 2407 ea
2466 2366 2592 2421 qua:
2627 2350 2942 2414 traduntur,
2981 2357 3037 2403 et
3073 2346 3221 2417 quod
3259 2347 3510 2415 accipere

1923 2445 2166 2509 videtur,
2200 2444 2602 2514 accipientibus
2636 2440 2893 2498 dedecori
2947 2440 3085 2495 verti
3124 2437 3335 2507 nequit.
3383 2435 3509 2491 Haec

1922 2538 2068 2594 enim
2101 2537 2242 2592 nihil
2269 2536 2419 2590 aliud
2452 2549 2618 2605 quam
2649 2549 2715 2589 ex
2746 2533 2902 2603 171
2939 2547 3050 2602 quo
3096 2529 3426 2601 signiﬁcant,
3455 2538 3509 2583 et

1922 2627 2218 2690 naturalis,
2255 2633 2315 2681 ut
2348 2625 2425 2680 ita
2456 2625 2659 2685 dicam.
2693 2622 3076 2693 generantium
3109 2620 3350 2690 qualitas
3374 2633 3507 2673 ccu-

1921 2728 2116 2777 sentur
2145 2731 2273 2772 esse
2306 2730 2372 2770 ea
2401 2730 2523 2786 quae
2546 2714 2873 2785 gignuntur,
2905 2725 3030 2765 cum
3065 2709 3347 2780 explicent
3374 2705 3506 2779 quid

1923 2813 2224 2869 secundum
2249 2812 2621 2869 substantiam
2647 2811 2718 2865 sit
2743 2809 2797 2864 id
2821 2809 2970 2879 quod
3020 2806 3291 2878 gignitur,
3330 2814 3388 2859 et
3418 2803 3505 2859 sui

1924 2905 2091 2960 fontis
2116 2906 2424 2960 naturalem
2450 2902 2829 2974 operationem
2860 2901 3156 2953 illustrent.
3184 2898 3363 2967 Atque
3390 2896 3505 2950 haec

1922 2997 2086 3051 ducta
2119 2996 2339 3067 quidem
2389 2996 2459 3050 ab
2505 2994 2773 3065 exemplis
2825 2990 3230 3049 similitudine:
3286 2987 3380 3044 sed
3416 2986 3505 3043 his

1921 3087 2104 3158 major
2126 3096 2215 3145 est
2258 3087 2408 3143 Deus
2439 3088 2672 3142 scilicet.
2707 3084 2819 3140 Nec
2877 3083 3081 3139 idcirco
3134 3079 3363 3136 rationis
3400 3080 3506 3132 hu-

218 3174 356 3220 των,
383 3158 638 3229 ἀνωτέρω
667 3162 721 3213 δὲ
755 3164 959 3217 τούτων
990 3165 1229 3236 δηλονότι
1261 3167 1413 3233 Θεός.
1435 3171 1535 3225 Διά
1556 3190 1636 3226 τοι
1660 3173 1817 3228 τοῦτο

1921 3194 2099 3234 mana:
2148 3178 2463 3235 accusanda
2522 3188 2608 3234 est
2642 3177 3037 3232 imbecillitas:
3077 3194 3096 3226 ί
3135 3173 3325 3229 Gloria
3358 3172 3502 3227 enim

216 3250 284 3301 τὸ
330 3249 691 3320 ἀνθρώπινον,
732 3255 1061 3309 ἀσθενοῦντα
1102 3259 1258 3327 λόγον
1289 3262 1390 3314 οὐκ
1430 3264 1809 3334 αἰτιασόμεθα,

225 3357 246 3388 ι
289 3339 429 3404 Δόξα
474 3341 583 3414 γὰρ
625 3344 826 3414 Κυρίου
879 3348 1111 3417 κρύπτει
1166 3350 1344 3420 λόγον,
1380 3372 1399 3404 ι
1440 3355 1582 3408 καθὰ
1618 3358 1815 3429 γέγρα-

219 3448 380 3484 πται.
409 3433 518 3485 Καὶ
547 3436 593 3487 εξ
637 3434 907 3506 βλέπομεν
928 3439 994 3492 δι’
1023 3442 1291 3513 ἐσόπτρου
1340 3446 1435 3498 καὶ
1465 3446 1810 3517 αἰνίγματος,

220 3524 318 3576 καὶ
352 3524 576 3594 νοοῦμεν
607 3527 670 3579 ἐκ
702 3529 917 3598 μέρους,
956 3532 1071 3596 πῶς
1098 3534 1163 3587 ἂν
1208 3536 1328 3607 οὐχὶ
1377 3538 1557 3608 πολλῷ
1593 3539 1657 3611 δὴ
1693 3558 1811 3609 μει-

221 3616 397 3679 ζόνως
432 3621 543 3680 τοῖς
567 3617 652 3671 διὰ
674 3620 920 3690 γλώττης
956 3624 1322 3695 ἀτονήσαιμεν
1358 3630 1632 3698 ρήμασιν;
1668 3632 1810 3702 Νοή-

220 3724 340 3768 σεις
366 3708 650 3778 τοιγαροῦν
686 3710 944 3775 εὐσεϐῶς,
997 3715 1029 3783 ἢ
1081 3719 1220 3770 κατὰ
1257 3718 1447 3773 τοῦτον
1492 3723 1583 3775 τὸν
1611 3724 1812 3794 τρόπον

218 3802 281 3851 τ’»
319 3800 495 3853 πάντα
524 3801 767 3857 δεδόσθαι
820 3810 970 3875 παρὰ
1015 3809 1227 3882 Πατρὸς
1277 3813 1354 3884 τῷ
1396 3814 1596 3886 Υἰῴοῆ
1645 3833 1813 3887 παρα·

218 3891 372 3961 λήψῃ
406 3892 565 3945 πάλιν
594 3895 691 3963 τῆς
727 3898 866 3964 μετὰ
914 3901 1110 3970 σαρκὸς
1156 3905 1470 3977 οἰκονομίας
1498 3908 1589 3960 τὸν
1635 3908 1811 3977 λόγον,

218 3984 409 4037 οὐκέτι
466 3986 527 4038 τὸ
574 3986 756 4040 δοῦναι
787 4031 799 4047 ,
845 3995 938 4043 καὶ
991 3994 1207 4059 λαϐεῖν,
1260 3998 1352 4050 ἐπὶ
1402 3998 1511 4051 τῶν
1566 4001 1813 4070 φυσικῶν

1921 3271 2142 3327 Domini
2174 3272 2317 3327 celat
2351 3271 2603 3335 verbum,
2665 3288 2683 3321 ι
2731 3278 2790 3323 ut
2846 3268 3111 3338 scriptum
3143 3266 3314 3321 est“.
3346 3262 3503 3329 Quod

1921 3364 1972 3419 si
2009 3378 2106 3432 per
2151 3362 2433 3433 speculmn
2456 3360 2721 3416 videmus
2753 3368 2808 3414 et
2834 3358 3087 3428 aenigma,
3124 3363 3180 3411 et
3215 3350 3503 3424 cognosci-

1921 3470 2045 3509 mus
2076 3469 2140 3509 ει
2168 3462 2344 3523 parte,
2372 3446 2652 3523 quomod'o
2682 3466 2788 3505 non
2819 3448 2992 3503 multo
3014 3446 3189 3517 magis
3220 3458 3321 3500 nos
3339 3441 3505 3497 verba

1920 3546 2219 3601 deﬁcient?
2252 3547 2360 3600 Aut
2389 3545 2557 3617 igitur
2596 3543 2683 3613 pie
2706 3541 2977 3611 intelliges
3008 3540 3111 3594 hac
3136 3539 3351 3593 ratione
3377 3536 3504 3589 data

1918 3652 2043 3693 esse
2077 3653 2107 3691 a
2141 3636 2304 3692 Patre
2333 3643 2535 3691 cuncta
2575 3631 2716 3687 Filio
2762 3650 2776 3686 :
2819 3638 2915 3685 aut
2945 3630 3011 3684 ad
3066 3626 3502 3684 incarnationem

1922 3730 2069 3785 istud
2097 3728 2324 3793 referes,
2357 3729 2432 3781 ita
2466 3733 2526 3779 ut
2556 3738 2666 3778 non
2716 3721 2831 3791 jatn
2866 3720 3017 3783 dare,
3063 3728 3113 3771 et
3147 3715 3400 3782 accipere,
3437 3711 3507 3765 de

1922 3822 2272 3877 naturalibus
2339 3817 2773 3890 proprietatibus
2837 3812 3219 3881 intelligatur,
3273 3805 3368 3861 sed
3434 3802 3504 3859 de

1921 3931 2137 3971 summa
2174 3915 2266 3969 illa
2305 3912 2431 3967 Filii
2457 3925 2626 3981 supra
2657 3918 2944 3964 creaturas
2967 3918 3161 3959 omnes
3178 3897 3500 3963 eminentia,

1924 4014 1982 4058 ut
2014 4018 2233 4058 rursum
2265 4001 2476 4071 aliquid
2504 3996 2817 4056 istiusmodi
2846 4004 3027 4051 mente
3056 3991 3264 4061 capias.

223 4080 533 4147 ἰδιωμάτων
560 4080 899 4152 εἰσφέροντα,
925 4086 1039 4139 ἀλλ’
1062 4089 1153 4141 ἐπὶ
1183 4092 1245 4160 τῇ
1280 4090 1421 4144 κατὰ
1456 4092 1674 4149 πάντων
1699 4095 1807 4148 τῶν
1844 4095 2087 4167 γενητῶν
2115 4095 2333 4165 ἐξουσίᾳ
2360 4093 2580 4148 τιθέντα
2603 4092 2694 4144 τὸν
2719 4089 2867 4154 Υἱὸν,
2905 4088 2991 4140 ἵνα
3033 4083 3195 4139 πάλιν
3257 4080 3384 4149 νοῇς
3443 4080 3506 4131 τὸ

218 4170 484 4223 τοιοῦτον.

309 4264 363 4315 '0
392 4266 594 4333 Πατίιρ
630 4266 830 4336 ἀγαπᾷ
869 4270 972 4324 τὸν
1011 4273 1165 4338 Υἱέν,
1199 4276 1297 4329 καὶ
1330 4276 1523 4331 πάντα
1552 4278 1812 4333 δέδωκεν

220 4356 293 4408 ἐν
332 4353 404 4421 τῇ
433 4357 578 4423 χειρὶ
609 4358 815 4414 abut".
1756 4356 1759 4359 6

296 4448 388 4517 Μὴ
420 4448 890 4513 ἁπαυθαδιζέσθω,
918 4455 1102 4523 φησιν,
1136 4456 1163 4506 ὀ
1206 4455 1483 4530 δυσήκοος,
1527 4460 1814 4532 ἄνθρωπον

224 4538 371 4609 ὁρῶν
408 4539 495 4590 τὸν
524 4540 777 4593 ἁπάντων
820 4543 1037 4613 κύριον,
1071 4546 1207 4616 μηδέ
1232 4549 1500 4617 νομιζέτω
1522 4550 1814 4620 ψεύδεσθαι

221 4634 327 4702 τὴν
356 4632 636 4700 ἀλήθειαν,
681 4634 740 4686 το
789 4639 985 4706 χρῆναι
1019 4638 1293 4703 πιστεύειν
1334 4642 1409 4705 ὠς
1443 4642 1562 4713 Θεῷ
1594 4644 1682 4697 διὰ
1715 4646 1815 4715 τὴν

226 4724 411 4791 σάρκα
430 4725 877 4793 παραιτούμενος.
906 4728 1154 4797 Δεχέσθω
1178 4732 1276 4801 τὴν
1307 4735 1610 4804 μαρτυρίαν
1628 4736 1814 4800 αὐτοῦ,

226 4815 724 4884 κατασιρραγιζέτω
775 4816 832 4870 δὲ
886 4819 1201 4890 προθύμως,
1233 4824 1315 4876 ὅτι
1361 4826 1391 4877 6
1437 4825 1573 4890 Θεὸς
1611 4827 1819 4898 ἀληθής

223 4908 399 4967 ἐστιν,
437 4906 524 4957 ἴνα
567 4908 640 4977 μὴ
698 4907 839 4979 λυπῇ
883 4909 973 4961 τὸν
1019 4912 1075 4962 ἐν
1121 4915 1233 4976 τοῖς
1279 4915 1528 4984 οὐρανοῖς
1578 4917 1814 4987 Πατέρα.

239 4999 461 5067 Ἀγαπᾷ
502 4998 613 5068 γὰρ
652 4999 743 5051 τὸν
793 5001 919 5055 ἰδιον
964 5003 1121 5057 Υἱόνο
1176 5006 1449 5071 ἀπόδειξις
1494 5009 1551 5062 δὲ
1602 5010 1698 5081 τῆς
1740 5012 1820 5074 εἰς

226 5091 396 5145 αὐτὸν
435 5092 674 5163 ἀγάπης,
716 5094 777 5146 τὸ
822 5097 1037 5151 πάντων
1078 5099 1227 5170 αὐτῷ
1272 5100 1503 5155 δίδοσθαι
1536 5103 1634 5173 τὴν
1676 5104 1821 5169 ἐξου-

230 5186 378 5236 σίαν.
416 5186 479 5236 Ὃ
512 5184 574 5253 δὴ
627 5187 720 5239 καὶ
768 5188 930 5251 αὐτὸς
973 5190 1211 5258 ἔφασκεν
1252 5194 1281 5246 ὁ
1318 5193 1541 5265 Σωτήρ⁸
1578 5212 1596 5245 ι
1638 5195 1821 5248 Πάντα

230 5292 328 5346 μοι
386 5276 656 5347 παρεδόθη
700 5278 804 5331 ὑπὸ
855 5280 947 5331 τοῦ
1000 5282 1211 5352 Πατρός
1258 5301 1379 5353 μου.
1422 5305 1440 5337 ι
1473 5288 1579 5339 Καὶ
1627 5288 1817 5340 ’πάλιν⁸

233 5388 253 5419 ι
311 5367 498 5437 Ἐδόθη
550 5386 637 5438 μοι
674 5373 821 5425 πᾶσα
865 5371 1101 5437 ἐξουσία,
1138 5375 1195 5430 ἕν
1241 5394 1301 5429 τε
1343 5378 1576 5449 οὐρανῷ,
1610 5381 1701 5432 καὶ
1732 5381 1826 5435 ἐπὶ

224 5461 337 5523 τῆς
369 5459 494 5529 γῆς.
541 5480 558 5511 ι
586 5463 691 5515 Καὶ
721 5464 780 5516 οὐ
806 5464 978 5535 δήπου
1010 5466 1100 5520 δια
1127 5468 1186 5520 τὸ
1219 5469 1366 5536 δόξαι
1402 5470 1584 5523 λαϐεῖν
1621 5472 1649 5523 6
1675 5472 1822 5537 Υἱὸς,

229 5551 478 5619 είὶότως
513 5552 578 5605 ἂν
620 5555 693 5617 ὡς
744 5556 982 5610 ἐλάττων
1020 5559 1126 5612 ὑπό
1172 5577 1265 5613 του
1314 5565 1699 5633 κατηγοροῖτο·
1734 5565 1828 5617 καὶ

229 5645 423 5701 διατίς
476 5646 748 5715 ,λαμϐάνει
805 5649 931 5716 γὸρ.
987 5651 1073 5703 ὅτε
1131 5653 1350 5721 γέγονεν
1404 5653 1703 5724 ἄνθρωπος,
1738 5654 1823 5707 ὅτε

276 5554 285 5569 ,
305 5553 319 5562 ς

266 5574 293 5603 ⁴,
306 5575 331 5599 1,

316 5843 355 5863 Μ
397 5840 427 5874 ﬂ

395 5878 407 5893 Ι

438 5844 533 5896 ul.
581 5857 746 5897 \r.;-.-.
789 5846 810 5895 Γ
912 5843 951 5874 "-
988 5843 1142 5897 Pam.
1191 5861 1313 5906 .\.\v,
1343 5846 1391 5898 2.

1481 5849 1493 5867 "
1560 5846 1749 5899 )iMlzt,
1790 5861 1863 5899 λε.
1903 5843 1985 5897 ἶῗ.

1997 4274 2159 4330 Pater
2212 4272 2389 4342 diligit
2436 4267 2661 4335 Filium,
2710 4274 2760 4320 et
2806 4264 2987 4320 omnia
3031 4259 3174 4315 dedit
3222 4259 3278 4313 in
3336 4273 3499 4311 manu

1918 4371 2055 4441 ejus.

1990 4460 2070 4516 Nc
2127 4469 2419 4515 contumax
2469 4456 2541 4511 sit
2597 4450 2943 4512 incredulus,
2998 4444 3201 4516 inquit,
3258 4442 3501 4497 universi

1921 4554 2203 4611 dominum
2235 4551 2517 4606 hominem
2554 4544 2784 4610 videns,
2816 4556 2993 4611 neque
3036 4538 3139 4594 sibi
3176 4532 3505 4607 persuadeat

1924 4647 2149 4703 mentiri
2173 4644 2484 4707 veritatem,
2507 4640 2705 4695 nolens
2730 4637 2781 4692 ei
2817 4644 2876 4689 ut
2901 4635 3010 4688 Deo
3036 4629 3259 4687 credere
3281 4634 3505 4698 [περιει-

1924 4753 2173 4794 carnem.
2234 4736 2486 4806 Accipiat
2536 4734 2660 4803 ejus
2725 4726 3141 4791 testimonium,
3193 4728 3248 4777 et
3295 4719 3503 4775 lubenti

1926 4830 2111 4884 animo
2156 4828 2410 4898 obsignet
2450 4825 2618 4879 Deum
2676 4836 2803 4877 esse
2859 4831 3131 4878 veracem,
3179 4829 3250 4869 ne
3288 4812 3503 4865 Patrem

1925 4921 2167 4977 oﬁ‘endat
2222 4921 2314 4990 qui
2372 4921 2425 4973 in
2481 4916 2638 4971 caelis
2707 4922 2813 4969 est.
2869 4909 3058 4980 Diligit
3115 4908 3261 4964 enim
3306 4903 3505 4958 Filium

1927 5029 2108 5070 suum.
2170 5013 2340 5081 Cujus
2389 5008 2706 5064 dilectionis
2762 5011 3144 5075 argumentum
3205 5009 3311 5063 est,
3362 4994 3507 5066 quod

1929 5119 2110 5158 rerum
2139 5103 2384 5157 omnium
2421 5109 2669 5170 potestas
2702 5097 2751 5151 ei
2784 5097 2909 5150 data
2939 5102 3062 5159 est;
3095 5090 3243 5163 quod
3286 5088 3506 5160 quidem

1934 5194 2188 5249 Salvator
2224 5195 2338 5264 ipse
2363 5192 2622 5247 diccbat:
2665 5209 2683 5241 ι
2729 5188 2927 5245 Omnia
2962 5186 3095 5241 mihi
3144 5183 3347 5239 tradita
3381 5186 3508 5236 sunt

1931 5302 1962 5341 a
1992 5285 2151 5340 Patre
2186 5285 2391 5339 meo“.
2435 5302 2453 5334 ι
2514 5282 2645 5338 Item
2681 5301 2693 5336 :
2772 5300 2792 5333 ι
2835 5280 2971 5335 Data
3028 5286 3117 5334 est
3158 5276 3295 5330 mihi
3325 5273 3508 5329 omnis

1930 5388 2180 5451 potestas
2207 5418 2222 5443 ,
2253 5377 2309 5432 in
2342 5376 2482 5432 coelo
2522 5384 2578 5430 et
2609 5374 2664 5429 in
2699 5383 2846 5429 terra
2871 5372 2939 5424 ⁵⁸.
2994 5390 3014 5422 ι
3053 5369 3242 5439 Neque
3274 5380 3409 5421 vero
3441 5380 3505 5420 ex

1929 5488 1995 5530 eo
2031 5471 2175 5544 quod
2226 5472 2477 5542 accipere
2516 5470 2690 5525 Filius
2735 5466 2973 5533 videtur,
3021 5464 3145 5534 jure
3194 5462 3403 5517 idcirco
3451 5464 3507 5511 ut

1931 5563 2201 5618 minorem
2259 5561 2409 5615 illum
2444 5575 2663 5630 arguas.
2683 5556 2829 5625 Quid
2888 5556 2998 5611 ita?
3047 5552 3278 5622 Accepit
3331 5549 3501 5611 enim,

1935 5670 2061 5709 eum
2116 5653 2295 5709 factus
2329 5661 2414 5708 est
2458 5652 2641 5715 homo,
2686 5666 2812 5705 cum
2851 5649 3087 5720 seipsum
3129 5650 3352 5725 propter
3409 5651 3509 5695 nes

2152 5840 2319 5895 Mittit
2382 5854 2547 5892 \UIH
2609 5837 2688 5889 13.
