4222 6510
192 419 299 479 285

1250 423 1317 479 IN
1352 426 1639 480 JOANNIS
1674 422 2123 480 EVANGELIUM
2174 423 2301 479 LIB.
2337 423 2397 479 ll.

3350 423 3458 479 286

191 538 340 608 αρχὴ
371 536 479 589 τῶν
500 538 596 606 τῆς
619 538 1032 609 ἁνθρωπότητος
1051 540 1290 608 ἀγαθῶν,
1310 547 1374 595 ἐκ
1396 542 1625 595 θανάτου
1649 542 1778 611 πρὸς

1888 540 2073 609 ptione
2108 537 2175 591 ad
2208 537 2698 607 incorruptionem,
2733 537 2802 591 ab
2843 535 3217 591 imbecillitate
3252 533 3321 590 ad
3350 534 3463 589 vir-

190 629 361 699 ζωὴν,
385 630 447 680 ἐκ
466 628 669 700 φθδράς
692 632 773 694 είς
796 631 1123 702 ἀφθαρσίαν,
1144 632 1202 696 ἐξ
1220 633 1501 697 ἀσθενείας
1531 637 1609 696 εἰς
1628 633 1779 686 δύνα-

194 740 309 791 μιν,
336 725 398 775 ἐκ
421 723 662 785 δουλείας
687 725 766 786 εἰς
798 724 1088 787 υίοθεσίαν,
1113 723 1172 788 ἐξ
1196 725 1417 792 ἀτιμίας
1450 727 1542 779 καὶ
1566 725 1780 790 ἀδοξίας

191 815 276 877 εἰς
301 816 466 885 τιμὴν
498 815 768 880 καὶδόξαν
800 815 897 884 τὴν
924 815 1228 886 βασιλικήν.
1258 817 1468 869 Οὐκοῦν
1500 818 1626 870 ὅταν
1657 818 1779 886 φαί-

191 923 355 976 νηται
394 907 686 976 λαμϐάνων
728 908 803 969 ὼς
823 908 1107 980 ἄνθρωπος
1137 912 1166 961 6
1193 910 1339 975 Υἱὸς,
1368 912 1504 981 ὅπερ
1535 906 1676 981 εἶχεν
1704 911 1779 975 ὡς

190 998 360 1061 θεὸς,
417 999 897 1070 σκανδαλιζώμεθα
946 1002 1044 1069 μὲν
1099 1003 1383 1072 μηδαμῶς,
1420 1002 1688 1072 ἐννοῶμεν
1724 1002 1780 1054 δὲ

194 1092 401 1158 μᾶλλον
430 1092 527 1160 τῆς
547 1091 613 1144 δι’
641 1093 788 1160 ἡμᾶς
836 1094 929 1146 καὶ
975 1094 1116 1162 ὑπὲρ
1162 1095 1318 1163 ἡμῶν
1346 1095 1657 1164 οἰκονομίας
1689 1092 1781 1146 τὸν

190 1184 416 1252 τρόπον.
450 1183 604 1236 Οὕτω
634 1185 741 1255 γὰρ
777 1186 1015 1253 ἄτρωτόν
1043 1204 1098 1239 τε
1129 1188 1223 1239 καὶ
1250 1188 1479 1258 ἀζήμιον
1522 1188 1612 1239 τὸν
1653 1188 1783 1241 ἑαυ-

189 1275 301 1326 τῶν
331 1276 733 1347 διατηρήσομεν
758 1278 903 1333 νοῦν.

278 1366 343 1417 '0
377 1370 679 1421 πιστεύων
712 1372 799 1434 εις
842 1372 947 1423 τὸν
1004 1371 1158 1437 Υἰὸν,
1188 1373 1313 1440 ἔχει
1338 1370 1492 1437 (tuin-
1518 1371 1778 1424 αἰώνιον.

266 1459 381 1525 οὐχ
411 1458 616 1522 ἁπλῶς.
648 1461 771 1513 οὐδὲ
824 1460 1111 1530 άζητήτως
1159 1465 1273 1525 τοῖς
1319 1460 1664 1516 πιστεύουσιν
1703 1462 1781 1522 είς

191 1552 431 1617 Χριστζν
491 1550 635 1620 ζωὴν
685 1551 1009 1621 προκεῖσθαι
1062 1553 1122 1604 τὸ
1173 1554 1341 1622 γέρας
1391 1555 1419 1605 6
1474 1551 1781 1620 σοφώτατος

190 1642 563 1710 ἐπιμαρτυρεῖ
630 1641 960 1711 Βαπτιστὴς,
1016 1643 1132 1694 ἀλλ’
1192 1642 1252 1706 ἐξ
1307 1643 1475 1710 αὐτῆς
1518 1642 1669 1709 ἡμῖν,
1715 1640 1782 1690 ἶν’

188 1730 367 1793 οὕτως
394 1733 550 1794 εἴπω,
577 1733 673 1801 τῆς
701 1732 811 1783 τῶν
830 1733 1165 1802 πραγμάτων
1189 1733 1468 1801 ποιότητος
1481 1730 1782 1799 εἰσκομίζει

188 1821 290 1889 τὴν
344 1821 645 1884 ἀπόδειξιν·
687 1822 799 1891 ζωὴ
841 1823 941 1890 μὲν
994 1823 1101 1893 γάρ
1164 1824 1304 1876 κατὰ
1346 1822 1509 1891 φύσιν
1557 1824 1703 1874 ἐστὶν
1754 1824 1782 1874 6

1882 639 2077 694 tutem,
2105 644 2135 683 a
2158 629 2421 683 servitute
2453 629 2508 682 in
2540 628 2887 696 adoptionem
2938 628 3173 682 filiorum
3209 625 3304 681 Dei
3324 627 3393 691 ”,
3425 640 3459 680 ι

1881 722 2148 776 dedecore
2183 728 2237 775 et
2268 720 2569 790 ignominia
2598 719 2664 771 ad
2699 720 2962 775 honorem
2995 728 3048 774 et
3097 718 3326 789 gloriam
3374 733 3459 772 re-

1880 815 2079 885 galem.
2112 813 2297 882 Itaque
2324 827 2447 865 cum
2480 811 2709 866 videtur
2728 813 2981 881 accipere
3005 817 3064 865 ut
3094 810 3258 864 homo
3287 808 3458 863 Filius

1882 920 1944 960 ea
1973 922 2095 976 qua:
2128 903 2365 959 habebat
2392 913 2451 957 ut
2480 902 2643 967 Dcus,
2677 918 2786 957 non
2830 902 3195 967 oﬂ‘endamur,
3233 902 3328 957 sed
3366 916 3461 955 ra—

1884 1000 2085 1053 tionem
2124 995 2562 1067 dispensationis
2593 1012 2716 1066 que
2745 995 2919 1051 nostri
2949 986 3116 1049 causa
3151 1002 3205 1049 et
3231 1009 3330 1063 pro
3360 1006 3463 1048 no-

1883 1092 1968 1146 bis
2006 1091 2148 1145 facta
2177 1100 2263 1146 est
2291 1090 2477 1145 animo
2518 1091 2704 1159 potius
2738 1088 3166 1160 perpendamus.
3199 1084 3290 1140 Sic
3313 1079 3461 1139 enim

1884 1184 2342 1239 invulnerabilem
2370 1193 2426 1239 et
2458 1183 2727 1237 illibatam
2758 1191 2995 1238 mentem
3041 1189 3294 1237 nostram
3344 1193 3465 1236 ser-

1882 1275 2157 1330 vabimus.

1882 1367 1950 1422 ΙΙΙ
1975 1408 1988 1429 ,
2031 1368 2120 1423 56.
2163 1366 2268 1433 Qui
2289 1366 2452 1420 credit
2480 1367 2535 1420 in
2564 1365 2765 1419 Filium
2784 1407 2799 1432 ,
2822 1364 2975 1418 habet
2998 1365 3159 1418 vitam
3182 1372 3457 1416 internum.

1955 1456 2075 1510 Non
2116 1457 2449 1525 simpliciter
2484 1470 2591 1509 nec
2644 1455 2961 1510 indiscusse
3010 1451 3365 1508 credentibus
3406 1450 3461 1503 in

1883 1545 2167 1600 Christum
2208 1546 2376 1598 vitam
2412 1544 2756 1614 propositam
2792 1560 2916 1599 esse
2952 1545 3007 1598 in
3046 1543 3333 1614 praemium
3371 1556 3464 1596 sa-

1884 1637 2268 1707 pientissimus
2300 1635 2547 1706 Baptista
2578 1644 2840 1701 testatur,
2876 1636 2972 1692 sed
3002 1651 3069 1691 ex
3103 1636 3220 1705 ipsa
3242 1677 3257 1699 ,
3294 1642 3353 1687 ut
3388 1632 3460 1687 ita

1885 1725 2105 1793 dicam,
2165 1740 2348 1781 rerum
2390 1726 2659 1795 qualitate
2696 1725 3227 1782 demonstrationem
3270 1723 3460 1784 infert.

1892 1817 2007 1871 Vita
2038 1820 2183 1874 enim
2222 1820 2528 1874 secundum
2562 1829 2815 1873 naturam
2844 1827 2929 1874 est
2964 1817 3323 1887 Unigenitus.
3357 1832 3375 1865 ι
3405 1813 3462 1867 In

189 1915 507 1982 Μονογενης
530 1931 541 1942 ·
582 1932 599 1962 ι
638 1912 729 1966 Ἑν
758 1914 906 1982 αὐτῷ
935 1915 1043 1985 γάρ
1076 1916 1278 1984 ζῶμεν,
1326 1916 1419 1967 καὶ
1464 1914 1778 1984 κινούμεθα,

1885 1912 2007 1981 ipso
2045 1912 2249 1981 quippe
2280 1913 2553 1974 vivimus,
2595 1927 2904 1975 movemur,
2939 1918 2993 1965 et
3028 1924 3224 1965 sumus
3259 1907 3325 1960 “.
3354 1925 3372 1958 ι
3404 1906 3463 1961 1η

190 2005 288 2056 καὶ
318 2004 505 2072 ἐσμέν.
545 2024 562 2053 ι
600 2005 966 2067 Εἱσοικίζεται
1018 2005 1074 2057 δὲ
1132 2006 1348 2067 πάντως
1389 2007 1518 2075 ἡμῖν
1561 2004 1649 2057 διὰ
1682 2006 1783 2072 τῆς

188 2095 451 2156 πίστεως,
478 2094 571 2146 καὶ
603 2097 851 2147 κατοικεῖ
877 2093 966 2147 διὰ
990 2094 1083 2147 τοῦ
1118 2096 1275 2162 άγίου
1308 2095 1625 2164 Πνεύματος
1649 2111 1660 2122 ·
1692 2095 1787 2145 καὶ

190 2187 538 2255 μαρτυρήσει
582 2187 753 2253 λέγων
806 2188 834 2239 6
873 2186 1266 2257 εὐαγγελιστὴς
1326 2186 1577 2255 Ἰωάννης
1618 2188 1674 2237 ἐν
1715 2187 1785 2236 οἱ·

186 2280 371 2341 κείαις
418 2279 759 2341 Ἐπιστολαῖς
785 2296 797 2307 ο
837 2299 854 2329 ι
906 2280 995 2332 Ἐν
1016 2279 1190 2348 τούτῳ
1214 2278 1575 2348 γινώσκομεν,
1607 2280 1687 2331 ὅτι
1728 2279 1784 2329 ἑν

185 2373 322 2439 ἡμίι
349 2372 519 2435 ἐστιν,
548 2372 628 2423 ὅτι
652 2373 715 2423 ὲκ
739 2372 833 2423 τοῦ
862 2371 998 2423 Πνεύ
1009 2388 1176 2441 ματος
1188 2369 1356 2424 αὑτοῦ
1380 2370 1577 2424 ἔδωκεν
1597 2372 1777 2441 ἡμῖν.»

184 2463 523 2527 Ζωοττοιήσει
565 2461 854 2533 τοιγαροῦν
908 2465 935 2515 6
984 2462 1218 2532 Χριστὸς
1259 2462 1386 2525 τοὺς
1430 2463 1782 2525 πιστεύοντας

183 2555 271 2615 εἰς
294 2556 478 2616 αὑτὸν,
514 2557 587 2617 ὡς
624 2556 784 2618 αὐτὸς
838 2557 1100 2625 ὑπάρχων
1144 2556 1285 2608 κατὰ
1337 2555 1498 2625 φύσιν
1526 2556 1658 2626 ζωὴ,
1692 2556 1783 2608 καὶ

183 2647 378 2698 λοιπὸν
419 2648 688 2700 κατοικῶν
720 2651 776 2698 ἐν
809 2650 1011 2710 αὐτοῖς.
1048 2650 1171 2701 Ὅτι
1214 2648 1271 2701 δὲ
1300 2648 1389 2701 διά
1416 2651 1515 2719 τῆς
1547 2650 1782 2710 πίστεως

182 2741 215 2790 ὁ
252 2738 376 2799 m;
416 2738 713 2801 αὐλίζεται,
777 2738 1183 2809 πληροφορήσει
1242 2738 1415 2805 λέγων
1466 2741 1494 2791 6
1537 2738 1778 2799 Παῦλος·

192 2851 213 2882 ι
248 2831 448 2881 Τούτου
510 2831 668 2898 χάριν
732 2830 967 2898 κάμπτω
1004 2831 1071 2881 τὰ
1121 2831 1325 2898 γόνατά
1372 2847 1472 2899 μου
1515 2830 1653 2899 πρὸς
1692 2829 1783 2882 τὸν

186 2922 437 2991 Πατέρα,
476 2921 535 2986 ἐξ
578 2918 639 2976 οὗ
691 2924 837 2975 πάσα
876 2923 1081 2992 πατριὰ
1117 2922 1173 2974 ἐν
1202 2940 1260 2975 τε
1291 2922 1507 2992 οὐρανῷ
1560 2923 1654 2974 καὶ
1689 2920 1782 2972 ἐπὶ

186 3015 291 3083 τῆς
322 3018 421 3084 γῆς
447 3016 799 3084 ὀνομάζεταιο
834 3017 918 3068 ἵνα
966 3016 1040 3085 δῷ
1086 3017 1219 3085 ὑμῖν
1242 3016 1382 3068 κατὰ
1420 3015 1509 3068 τὸν
1552 3013 1783 3066 πλοῦτον

183 3107 289 3171 τῆς
320 3107 683 3175 χρηστότητος
732 3107 918 3167 αὑτοῦ,
973 3107 1196 3176 δυνάμει
1252 3106 1666 3176 κραταιωθῆναι
1696 3105 1783 3158 διὰ

185 3198 284 3251 τοῦ
318 3198 630 3266 Ιῐνευματος
676 3199 837 3267 αὐτοῦ
883 3197 1042 3269 [rulg.
1081 3199 1251 3252 addit.
1307 3201 1386 3261 εἰς
1428 3199 1518 3251 τὸν
1549 3198 1657 3251 ἔσω
1691 3198 1780 3250 ἄν-

186 3290 436 3361 θρωπον]
478 3291 799 3360 κατοικῆσαι
838 3291 927 3343 τὸν
971 3292 1204 3361 Χριστὸν
1256 3293 1314 3344 ὲν
1363 3293 1481 3353 ταῖς
1528 3291 1777 3359 καρδίαις

186 3382 348 3445 ὑμῶν
372 3381 459 3431 διὰ
490 3380 587 3446 τῆς
608 3381 859 3441 πίστεως.
889 3398 908 3431 ι
941 3382 1066 3433 Ὅτε
1093 3382 1271 3432 τοίνυν
1309 3381 1396 3433 διὰ
1422 3381 1519 3450 τῆς
1544 3381 1776 3444 πίστεως

186 3469 224 3535 ἡ
262 3472 403 3523 κατά
435 3472 591 3537 φύσιν
620 3474 751 3541 ἡμῖν
777 3473 1180 3540 ἐπεισκρίνεται
1211 3473 1345 3542 ζωὴ,
1384 3472 1499 3535 πῶς
1521 3474 1619 3524 οὐκ
1647 3473 1781 3543 ἀλη-

1892 2004 2050 2057 nobis
2078 2012 2261 2058 autem
2295 2004 2673 2058 introducitur
2696 2019 2792 2073 per
2817 2003 2975 2058 fidem
2998 2042 3013 2065 ,
3042 2009 3098 2057 et
3131 2002 3340 2055 habitat
3367 2012 3464 2069 per

1889 2103 2141 2150 sanctum
2176 2094 2462 2165 Spiritum.
2486 2096 2655 2166 quue
2684 2094 2928 2150 Joannes
2959 2095 3012 2149 in
3046 2094 3166 2149 suis
3199 2093 3466 2163 Epistolis

1888 2195 2124 2242 testatur
2163 2186 2354 2243 dicens
2382 2207 2395 2243 :
2424 2206 2442 2239 ι
2468 2188 2526 2242 1η
2555 2188 2660 2242 hoc
2699 2188 3090 2258 cognoscimus
3118 2187 3246 2257 quia
3282 2186 3336 2239 in
3368 2201 3468 2240 no-

1887 2278 1971 2333 his
2005 2288 2123 2341 est,
2164 2280 2425 2348 quoniam
2463 2280 2533 2333 de
2567 2279 2768 2348 spiritu
2806 2294 2911 2334 suo
2950 2278 3102 2333 dedit
3141 2278 3301 2332 nobis
3336 2277 3400 2330 ⁸⁷.
3441 2295 3460 2328 ι

1887 2369 2141 2424 Vivificat
2175 2371 2343 2441 igitur
2372 2369 2630 2425 Christus
2662 2370 2952 2426 credentes
2984 2370 3038 2423 in
3067 2384 3148 2434 se,
3180 2376 3312 2438 puta
3340 2382 3467 2421 cum

1886 2464 1958 2520 sit
1986 2462 2102 2532 ipse
2130 2464 2434 2517 secundum
2464 2474 2719 2518 naturam
2749 2465 2880 2527 vita,
2908 2477 2973 2516 ac
3003 2462 3227 2517 demum
3258 2460 3470 2514 habitet

1887 2554 1939 2608 in
1974 2555 2130 2623 ipsis.
2169 2554 2327 2619 Quod
2371 2566 2554 2610 autern
2595 2570 2693 2625 per
2735 2555 2895 2609 (idem
2938 2554 3114 2609 Filius
3157 2552 3466 2615 inhabitet,

1885 2645 2093 2701 Paulus
2124 2657 2283 2700 certo
2321 2647 2484 2702 nobis
2516 2648 2957 2710 demonstrabit,
2992 2646 3183 2700 dicens
3210 2663 3221 2696 :
3246 2663 3263 2695 ι
3290 2642 3469 2713 Hujus

1885 2739 1961 2793 rei
1994 2739 2170 2808 gratia
2201 2738 2361 2793 ﬂecto
2392 2753 2569 2807 genua
2601 2753 2721 2793 mea
2753 2738 2819 2791 ad
2846 2737 3066 2791 Patrem
3090 2774 3105 2799 ,
3126 2750 3192 2790 ex
3218 2749 3330 2804 quo
3357 2748 3471 2787 om-

1886 2832 1971 2885 nis
2014 2830 2325 2900 paternitas
2367 2831 2421 2883 in
2464 2830 2609 2884 cmlo
2647 2840 2702 2883 et
2741 2830 2793 2881 in
2829 2837 2976 2883 terra
3011 2825 3371 2880 nominatur:
3410 2829 3470 2878 ut

1885 2924 1978 2978 det
2024 2924 2183 2977 vobis
2226 2923 2534 2977 secundum
2576 2922 2802 2976 divitias
2841 2922 3032 2991 gloria)
3071 2932 3217 2980 suae,
3262 2918 3471 2970 virtute

1884 3016 2239 3069 corroborari
2285 3030 2379 3084 per
2422 3013 2691 3083 Spiritum
2732 3016 2854 3081 ejus
2891 3010 3172 3065 Christum
3216 3008 3471 3063 habitare

1884 3124 1981 3177 per
2016 3108 2177 3163 fidem
2222 3110 2275 3162 in
2322 3106 2588 3162 cordibus
2618 3108 2818 3162 vestris
2849 3106 2915 3163 “.
2946 3124 2964 3155 ι
2993 3105 3131 3157 Cum
3184 3115 3315 3173 ergo
3370 3114 3469 3170 per

1886 3199 2048 3253 fidem
2081 3201 2191 3253 vita
2238 3200 2332 3252 illa
2367 3198 2676 3253 secundum
2714 3206 2967 3251 naturam
3008 3196 3062 3248 in
3105 3209 3206 3249 nos
3239 3192 3467 3254 subeat,

1882 3290 2161 3360 quomodo
2204 3305 2369 3345 verax
2404 3305 2514 3343 non
2545 3301 2628 3345 est
2671 3290 2763 3359 qui
2812 3288 2985 3342 dicit:
3017 3307 3035 3338 ι
3069 3286 3175 3353 Qui
3205 3283 3381 3341 credit
3412 3283 3467 3337 in

1886 3379 2120 3445 Filium,
2167 3380 2327 3435 habet
2374 3381 2540 3433 vitam
2584 3388 2844 3433 aeternam
2893 3398 2955 3432 ιι
2987 3378 3163 3449 ipsum
3211 3376 3469 3430 videlicet

1891 3473 2090 3537 Filium
2115 3512 2130 3536 ,
2166 3487 2275 3526 non
2317 3482 2499 3525 autem
2534 3473 2696 3524 aliam
2735 3472 2803 3524 ab
2836 3472 2957 3540 ipso
2994 3474 3183 3523 vitam.

186 3566 290 3635 θὴς
321 3570 347 3618 ὀ
382 3568 574 3632 λέγων,
615 3587 631 3618 ι
686 3567 742 3619 '0
770 3567 1037 3619 πιστεύων
1080 3568 1159 3629 είς
1181 3567 1270 3619 τὸν
1298 3567 1445 3630 Υίὺν,
1488 3567 1599 3636 ἔχει
1641 3569 1786 3638 ζωὴν
1826 3566 2077 3633 αἰώνιονς
2112 3586 2130 3618 ι
2178 3567 2340 3619 αὐτὸν
2401 3564 2641 3636 δηλονότι
2672 3564 2763 3616 τὸν
2799 3564 2944 3627 Υἱὸν,
2992 3564 3085 3616 καὶ
3122 3561 3222 3632 οὑχ
3274 3559 3468 3628 ἑτέραν

177 3660 313 3711 τινα
345 3661 471 3726 παρ’
498 3660 658 3711 αὑτὸν
684 3659 977 3728 νοουμένην
1010 3657 1177 3726 ζωήν.

268 3756 338 3807 ‘U
378 3754 445 3806 δὲ
488 3752 744 3806 ἀπειθῶν
783 3752 861 3814 τῷ
897 3750 1025 3814 Υἱῷ,
1053 3753 1162 3803 οὐκ
1210 3752 1419 3819 ὄψεται
1453 3752 1566 3817 τὴν
1597 3751 1766 3815 ζωήν.

255 3938 391 4007 Ἆρ’
421 3931 533 3996 οὖν,
579 3936 692 4004 ἐρεῖ
732 3952 814 3995 τις
854 3933 1033 4002 τυχὸν,
1071 3932 1264 4003 ἑτέραν
1304 3935 1436 4002 ἡμῖν
1481 3933 1773 4002 πρεσϐεύει

182 4032 354 4095 ὂζξαν
385 4031 413 4080 6
462 4028 791 4093 Βατττιστὴς,
842 4026 932 4077 καὶ
961 4025 1050 4078 τὸν
1083 4025 1182 4094 τῆς
1218 4026 1564 4087 ἀναστάσεως
1599 4042 1775 4095 παρα-

186 4120 407 4187 ᾳῦεἱρει
435 4119 608 4184 λόγον,
638 4118 1140 4186 ζωοποιηθήσεσθαι
1194 4118 1292 4187 μὲν
1328 4119 1417 4169 τὸν
1457 4118 1777 4170 πιστεύοντα

184 4211 390 4277 λέγων,
419 4209 508 4262 τὸν
541 4210 701 4279 δὲμὴ
754 4208 995 4279 τοιοῦτον
1043 4210 1144 4262 οὐκ
1196 4210 1419 4278 ὄψεσθαι
1459 4209 1603 4276 ζωὴν
1642 4210 1777 4273 ὅλως

186 4300 670 4368 διαϐεϐαιούμενος
696 4317 709 4361 ;
753 4300 1193 4371 Ἑγερθησόμεθα
1226 4301 1306 4366 δὲ,
1337 4301 1478 4353 κατὰ
1508 4302 1566 4352 τὸ
1608 4300 1773 4362 εἰκὸς,

185 4393 250 4443 οὗ
294 4391 517 4453 πάντες,
560 4389 762 4457 ταύτην
814 4392 943 4458 ἡμῖν
989 4391 1431 4460 εἰσκεκομικότος
1478 4389 1571 4443 τοῦ
1619 4390 1774 4458 λόγου

186 4484 289 4552 τὴν
321 4480 610 4549 διαφοράν·
655 4474 771 4531 εἶτα
814 4482 906 4531 ττοῖ
945 4498 1071 4532 ποτε
1106 4482 1346 4552 χωρήσει
1386 4481 1444 4533 τὸ
1491 4482 1772 4544 άπολύτως

188 4575 287 4626 καὶ
322 4574 397 4635 ὡς
423 4573 508 4641 ἐφ’
536 4573 738 4625 ἅπασιν
768 4573 1074 4642 εἰρημένον,
1109 4591 1126 4623 ι
1151 4574 1572 4643 Ἀναστήσονται
1602 4576 1651 4627 οἱ
1684 4592 1771 4627 νε-

1952 3748 2050 3813 111,
2082 3749 2169 3803 56.
2205 3748 2308 3815 Qui
2334 3757 2506 3800 autent
2548 3746 2851 3800 incredulus
2891 3756 2969 3800 est
3015 3746 3196 3812 Filio,
3244 3763 3347 3800 non
3388 3748 3464 3801 vi-

1882 3832 2023 3894 debit
2056 3842 2241 3894 vitam.

1955 3934 2035 3985 An
2070 3933 2259 4001 igitur,
2301 3932 2513 4001 inquiet
2548 3930 2735 3986 forsan
2771 3932 2971 4001 aliquis
2997 3972 3011 3997 ,
3048 3931 3326 3987 diversam
3366 3946 3467 3985 no—

1886 4024 1970 4079 bis
2008 4023 2251 4093 Baptista
2292 4025 2523 4094 gloriam
2567 4025 2890 4087 constituit,
2933 4030 2985 4078 et
3037 4022 3465 4077 resurrectionis

1883 4116 2152 4170 rationem
2194 4116 2542 4183 corrumpit,
2584 4114 2823 4169 dicendo
2861 4113 3201 4167 vivilicatum
3243 4111 3462 4181 quidem

1878 4208 1943 4261 iri
1982 4206 2305 4272 credentes,
2349 4206 2670 4259 incredulos
2701 4220 2832 4259 vero
2860 4219 3209 4274 nequaquam
3244 4202 3465 4257 visuros

1882 4300 2049 4355 vitam
2092 4299 2439 4353 asserendo?
2477 4298 2857 4353 Exeitabimur
2897 4314 3063 4361 vero,
3112 4306 3171 4351 ut
3225 4297 3462 4360 videtur,

1880 4410 1988 4448 non
2039 4408 2269 4459 omnes,
2326 4393 2469 4447 inter
2525 4407 2625 4446 nos
2670 4392 2817 4447 istud
2878 4389 3219 4446 intercedere
3269 4390 3467 4445 discri-

1882 4486 2048 4540 minis
2090 4484 2297 4538 tlietum
2335 4484 2470 4538 illud
2504 4484 2797 4553 signiﬁcet.
2839 4485 2909 4537 At
2960 4498 3200 4553 quonam
3245 4482 3465 4537 demum

1882 4576 2051 4630 abibit
2084 4575 2214 4627 illud
2253 4575 2511 4629 absolute
2551 4581 2605 4628 et
2654 4581 2915 4643 tanquam
2958 4574 3027 4627 dc
3075 4572 3333 4627 omnibus
3382 4572 3471 4625 di-

186 4666 319 4734 κροί
346 4682 359 4727 ;
408 4683 422 4710 ι
449 4664 514 4715 ΤΞ
546 4664 589 4717 δ’
637 4665 701 4717 ἂν
732 4666 824 4715 καὶ
871 4664 1017 4735 δρῴη
1054 4664 1228 4734 λέγων
1261 4668 1288 4718 ὁ
1325 4666 1556 4730 Παῦλος,
1589 4685 1606 4716 ι
1640 4668 1777 4729 Τοὺς

1881 4676 2029 4721 ctum
2054 4707 2068 4730 ,
2102 4688 2121 4717 ‹
2155 4666 2467 4735 Resurgcnt
2519 4666 2720 4719 mortui
2750 4666 2838 4717 “’1'
2868 4685 2886 4717 ι
2916 4665 3056 4730 Quid
3125 4678 3255 4717 vero
3305 4663 3468 4717 faciat

188 4759 303 4828 γάρ
337 4758 542 4819 πάντας
590 4757 733 4823 ἡμᾶς
791 4755 869 4807 δεῖ
924 4756 1302 4826 φανερωθῆναι
1341 4757 1651 4826 ἔμπροσθεν
1678 4756 1769 4811 τοῦ

188 4849 441 4916 βήματος
472 4843 565 4896 τοῦ
599 4843 853 4915 Χριστοῦ,
880 4844 963 4897 ἵνα
1002 4845 1295 4915 κομίσηται
1328 4846 1553 4909 ἕκαστος
1583 4849 1646 4900 τά
1684 4847 1770 4899 διὰ

184 4940 285 4992 τοῦ
337 4937 586 5007 σώματος
622 4938 756 5008 πρὸς
794 4938 829 4990 ἂ
873 4936 1137 5007 ἔπραξεν,
1199 4939 1310 4990 εἴτε
1371 4939 1608 5005 ἀγαθὸν,
1662 4940 1770 4991 εἴτε

187 5028 440 5098 ᾳαῦ).ον;
483 5047 499 5076 ι
549 5028 919 5081 Ἐπαινεῖσθαι
960 5029 1057 5097 μὲν
1092 5025 1185 5082 οὖν
1237 5031 1494 5100 οίήοομαι
1536 5031 1645 5083 δεῖν
1681 5030 1771 5082 τὸν

190 5117 489 5186 ςιτομαθῆ,
523 5117 716 5185 χρῆναι
749 5118 804 5169 δὲ
859 5120 1010 5186 ὅμως
1047 5119 1446 5190 ἀκριϐεστάτην
1474 5123 1530 5173 ἐν
1553 5123 1664 5183 τοῖς
1700 5121 1772 5172 ἱε-

190 5213 309 5281 ροῖς
356 5209 651 5276 Γράμμασι
704 5210 973 5262 ποιεῖσθαι
1021 5209 1118 5280 τὴν
1174 5209 1426 5279 βάσανον.
1475 5212 1616 5281 Ὅρα
1663 5213 1772 5282 γάρ

190 5320 284 5371 μοι
324 5301 506 5366 augt-3;
535 5301 631 5370 τὴν
678 5302 784 5353 τῶν
827 5303 1132 5372 εἰρημένων
1174 5303 1475 5374 διαστολὴν.
1506 5304 1638 5374 Περὶ
1674 5305 1772 5373 μὲν

187 5396 302 5462 γάρ
336 5390 431 5443 τοῦ
466 5393 811 5457 πιστεύοντός
845 5412 1029 5464 φησιν,
1070 5397 1153 5449 ὅτι
1188 5396 1332 5466 ζωὴν
1357 5396 1468 5461 ἕξει
1504 5399 1602 5467 τὴν
1649 5396 1773 5449 αἱὼ-

185 5502 324 5537 νιον.
358 5484 494 5553 Περὶ
517 5483 574 5536 δὲ
611 5484 704 5537 τοῦ
732 5486 1150 5557 ἁπειθήσαντος,
1182 5488 1379 5558 ἑτέραν.
1408 5491 1435 5543 ὁ
1470 5488 1629 5556 λόγος
1660 5487 1772 5557 ἔχει

185 5577 287 5642 τὴν
344 5574 600 5643 ἔμφασιν.
663 5578 738 5629 Οὐ
792 5580 899 5646 γάρ
952 5578 1053 5651 ἔφη
1090 5579 1237 5653 ζωὴν
1274 5582 1373 5652 οὐχ
1404 5581 1548 5646 ἕξειν
1578 5581 1770 5634 αὐτόν·

187 5668 547 5735 ἐγερθήσεται
594 5672 697 5738 γὰρ
767 5672 834 5739 τιξι
883 5673 1043 5743 κοινῷ
1073 5674 1168 5741 τῆς
1201 5674 1544 5736 άιαστάσειιις
1579 5674 1724 5743 νόμῳ
1774 5676 1780 5683 ’

262 5781 498 5833 "Hom.
553 5800 681 5841 VIII.
731 5789 805 5837 l3.
886 5793 927 5815 "'
981 5796 1094 5842 Art.

190 5855 235 5882 ’³
260 5850 303 5905 11
337 5857 463 5906 Lor.
504 5870 553 5912 ν,
602 5855 680 5908 10.

1161 5809 1305 5848 “tt.
1374 5794 1457 5845 ΞΒ.

1557 5796 1593 5821 ‘7
1634 5790 1833 5849 lJonn.
1878 5811 1962 5858 ιν,
2032 5796 2109 5849 l5.

1880 4755 2084 4810 Paulus
2137 4756 2326 4811 dicens
2361 4775 2373 4809 :
2405 4775 2422 4805 ι
2450 4756 2655 4810 Omnes
2698 4756 2847 4808 enim
2893 4771 2996 4809 nos
3040 4753 3203 4824 174
3237 4752 3469 4807 manife-

1880 4850 2015 4904 stari
2076 4856 2293 4918 Oportet
2349 4860 2478 4905 ante
2541 4850 2787 4904 tribunal
2845 4849 3089 4912 Christi,
3151 4856 3210 4902 ut
3263 4846 3468 4902 referat

1882 4942 2263 5011 unusquisque
2318 4941 2539 5010 propria
2571 4941 2847 5010 corporis,
2884 4950 3048 5011 prout
3096 4938 3304 5010 gessit,
3351 4937 3469 4991 sive

1884 5035 2084 5088 bonum
2108 5074 2121 5096 ,
2156 5033 2270 5087 sive
2306 5034 2505 5086 malum
2538 5034 2627 5085 ὀἳ
2659 5054 2676 5084 ι
2707 5033 3068 5087 Laudandum
3098 5033 3268 5100 igitur
3312 5031 3465 5085 arbio

1885 5133 1999 5179 ll‘Ol'
2062 5125 2253 5187 illum,
2310 5125 2569 5195 quisquis
2620 5134 2737 5189 est,
2800 5125 3049 5179 discendi
3109 5124 3460 5186 studiosum,

1882 5226 2130 5271 attamen
2162 5216 2583 5271 accuratissime
2613 5217 2659 5271 ei
2690 5233 2879 5272 sacras
2911 5215 3147 5271 Litteras
3180 5214 3462 5269 rimandas

1880 5328 2003 5367 esse
2046 5325 2192 5365 reor.
2241 5308 2379 5364 Vide
2429 5310 2615 5374 enim,
2670 5325 2892 5377 quaso,
2954 5308 3106 5362 clare
3167 5307 3460 5361 verborum

1876 5403 2097 5457 illorum
2132 5401 2560 5457 distinctionem.
2606 5400 2677 5455 De
2712 5417 2777 5455 eo
2808 5401 2952 5455 cnim
2994 5400 3089 5470 qui
3124 5398 3460 5461 crediderit,

1874 5494 1952 5547 ait
2017 5494 2179 5547 vitam
2249 5493 2563 5547 habiturum
2631 5502 2891 5547 mternam
2953 5512 2965 5547 :
3027 5493 3095 5547 de
3158 5506 3223 5545 co
3277 5498 3459 5545 autem

1873 5587 1970 5657 qui
2007 5602 2113 5642 non
2150 5585 2480 5650 crediderit,
2532 5587 2701 5640 alium
2753 5586 3093 5642 intellectum
3134 5583 3297 5638 habet
3334 5597 3460 5636 ora-

1876 5682 1974 5734 tio.
2009 5679 2127 5733 Non
2170 5680 2318 5735 cnim
2366 5678 2505 5732 dixit
2563 5680 2742 5750 ipsum
2800 5679 2965 5731 vitam
2992 5692 3100 5731 non
3144 5675 3459 5730 habiturum

2206 5790 2473 5863 ⁸’1εἷν1ιςς.
2509 5809 2565 5846 ll'.’
2592 5834 2605 5859 ,
2673 5793 2728 5845 li
2774 5793 2851 5845 l7.
2936 5793 2977 5823 ε’
3010 5790 3031 5843 ι
3060 5791 3184 5845 (lor.
3236 5806 3333 5853 xv,
3365 5789 3461 5845 52.
