4222 6510
200 317 308 372 289
1247 323 1310 378 ΙΝ
1339 322 1627 381 JOANNIS
1653 324 2105 383 EVANGELIUM
2144 327 2269 383 LIB.
2318 329 2383 386 ll.
3355 339 3463 396 290

195 424 289 485 οὖν
324 428 466 498 ἔγνω
492 432 519 483 6
550 430 773 501 Κύριος,
807 449 832 481 ι
864 432 1041 500 λέγειν
1075 432 1166 484 τὸν
1187 434 1341 501 ἅγιον
1367 436 1774 507 εὐαγγελιστὴν,
1816 450 1854 502 Α

1816 450 1854 502 Α
1891 456 1907 487 ι
1947 437 2015 492 Ut
2058 454 2187 509 ergo
2218 442 2470 509 cognovit
2507 441 2791 505 Dominus,
2828 465 2844 496 ι
2899 450 3227 518 ριτεῑθιίιτιιιι
3266 468 3461 523 quam-

193 522 430 592 ἔμφασίν
463 540 585 576 τινα
639 527 1108 594 προῦποκειμένου
1148 527 1468 596 πράγματος
1502 529 1780 582 ἀνατίκτει

1881 529 2003 582 dam
2033 546 2143 584 rem
2174 532 2464 589 manifeste
2482 535 2747 591 declarat.
2780 538 3052 595 Universa
3079 522 3297 612 quippe
3316 547 3461 598 nullo

194 612 385 682 σαφῶς
412 632 425 643 ·
467 614 643 666 πάντα
680 613 777 683 μὲν
826 614 954 685 γάρ,
983 614 1193 679 οὐδενός
1231 634 1281 669 τι
1318 618 1778 687 καταμηνύοντος,

1882 630 2223 675 monstrante
2274 622 2388 691 ipse
2425 640 2520 694 per
2557 642 2618 681 se
2664 631 2834 694 novit,
2878 641 2935 684 ιιι
2980 631 3146 696 Deus,
3196 649 3301 688 non
3337 649 3461 688 cum

190 703 517 773 αὐτομάτως
564 702 725 767 οἶδεν,
781 705 857 768 ὡς
917 705 1071 772 Θεὸς,
1132 707 1226 760 καὶ
1280 708 1379 778 οὐχ
1407 710 1495 762 ὅτε
1531 711 1778 779 γίγνεται

1880 712 2112 779 primum
2141 714 2297 777 titmt,
2332 717 2426 770 sed
2454 718 2616 772 etiam
2641 730 2927 791 antequam
2961 723 3112 789 ﬁant,
3148 734 3207 779 ut
3231 734 3463 782 testatus

190 794 448 862 πρώτως,
481 795 618 849 ἀλλὰ
651 797 745 849 καὶ
777 800 907 868 πρὶν
945 799 1212 866 γενέσεως
1244 801 1442 867 αὐτῶν,
1474 804 1549 868 ὡς
1578 808 1607 858 6
1643 822 1777 875 προ-

1876 811 1961 857 cst
2016 809 2281 875 propheta
2306 809 2393 864 ⁷³⁸.
2433 810 2726 882 Exspectat
2774 824 2956 871 autem
3020 821 3460 891 uniuscujusque

190 887 371 956 φήτης
398 886 819 959 διεμαρτύρατο.
866 889 1160 960 Περιμένει
1197 892 1255 945 δὲ
1283 894 1407 947 τοὺς
1435 895 1522 963 ἐφ’
1561 896 1777 966 ἑκάστῳ

1877 900 2143 965 tempora,
2170 908 2223 950 et
2257 914 2437 954 rerum
2474 905 2869 960 consecutione
2901 908 3085 976 potius
3120 886 3285 977 quam
3311 926 3448 980 prte-

188 978 438 1047 καιροὺς,
470 981 562 1031 καὶ
591 982 710 1043 ταῖς
742 980 850 1032 τῶν
878 984 1219 1053 πραγμάτων
1253 984 1614 1053 ἀκολουθίαις,
1642 986 1675 1056 ἦ
1708 990 1772 1060 τῇ

1878 986 2097 1041 notione
2122 988 2311 1042 definit
2342 1009 2353 1043 :
2388 1001 2472 1045 est
2495 993 2639 1046 enim
2675 996 2805 1051 illud
2839 1013 3061 1067 quoque
3093 999 3276 1053 divina
3304 978 3458 1055 certe

186 1068 521 1138 προγνώσει,
554 1071 754 1142 μᾶλλον
792 1074 1100 1127 ἐνδίδωσιν·
1137 1072 1205 1145 ἦν
1228 1076 1335 1148 γὰρ
1364 1076 1427 1147 δὴ
1480 1078 1573 1131 καὶ
1618 1078 1776 1133 τοῦτο

1876 1072 2288 1144 dispensatione
2319 1080 2565 1151 dignum.
2601 1081 2915 1148 Qua-stione
2949 1089 3115 1159 igitur
3160 1106 3190 1144 a
3223 1089 3459 1151 Joannis

185 1159 529 1230 θεοπρεποῦς
582 1164 895 1234 οἰκονομίας
942 1166 1110 1232 ἄξιον.
1149 1169 1436 1239 Ζητήσεως
1488 1171 1774 1241 τοιγαροῦν

1874 1164 2161 1235 discipulis
2187 1180 2305 1223 orta
2338 1186 2461 1224 cum
2490 1170 2677 1227 Judaao
2710 1175 2776 1229 de
2825 1178 3225 1245 puriﬁcatione,
3256 1196 3453 1252 magno

186 1254 487 1325 γενομένης
518 1256 582 1308 ἐκ
624 1256 731 1309 τῶν
767 1257 1024 1329 μαθητῶν
1066 1260 1309 1314 Ἰωάννου
1349 1262 1487 1331 μετά
1522 1263 1771 1317 Ἰουδαίου

1874 1261 2099 1329 utrique
2136 1262 2319 1315 studio
2368 1278 2523 1317 suam
2561 1266 2875 1334 opinionem
2930 1268 3313 1326 defendebant.
3369 1272 3450 1325 Illi

187 1347 322 1417 περὶ
356 1347 719 1419 καθαρισμοῦ,
782 1351 948 1414 πολὺς
982 1352 1115 1421 παρ’
1174 1353 1378 1423 ἀμφοῖν
1410 1349 1477 1423 ἦν
1519 1356 1547 1406 6
1576 1354 1730 1424 λόγος
1757 1374 1768 1385 ·

1873 1350 2018 1406 enim
2062 1366 2221 1405 suum
2280 1354 2607 1423 magistrum
2661 1363 2902 1421 tuentes,
2936 1355 3058 1425 ejus
3119 1358 3449 1427 baptismum

181 1436 235 1487 οἱ
260 1437 360 1505 μὲν
387 1436 494 1508 γὰρ
527 1437 604 1506 τῷ
636 1438 821 1509 οίκείῳ
848 1439 1150 1510 διδασκάλῳ
1177 1444 1646 1513 συναγορεύοντες,
1667 1445 1773 1500 τῶν

1872 1441 2137 1511 legalibus
2168 1442 2584 1511 aspersionibus
2622 1454 2676 1498 et
2718 1448 2918 1514 typicis
2969 1447 3450 1516 purificationibus

185 1529 428 1596 νομικῶν
460 1531 954 1603 περιρραντηρίων,
982 1534 1074 1586 καὶ
1101 1533 1208 1588 τῶν
1256 1537 1387 1605 παρ’
1421 1538 1650 1601 ἐκείνοις
1675 1557 1770 1592 τυο

1872 1540 2134 1599 ιιταξειίινθ
2169 1533 2598 1586 contendebant.
2633 1535 2711 1586 Ad
2759 1536 2901 1604 quod
2947 1539 3286 1606 probandum
3316 1538 3448 1593 επο-

185 1621 364 1672 πικῶν
397 1622 783 1698 καθαρισμῶν,
806 1626 861 1678 ἐν
909 1626 1187 1695 ἀμείνοσιν
1227 1627 1325 1698 ἤδη
1369 1628 1585 1699 μέτροις
1612 1630 1673 1683 τὸ
1701 1631 1769 1683 δι’

1870 1625 2082 1687 rebaut,
2121 1625 2324 1677 multos
2350 1624 2550 1694 priscis
2582 1624 2779 1680 ritibus
2822 1628 3027 1682 relictis
3058 1630 3123 1682 ad
3150 1645 3273 1683 eum
3304 1630 3448 1683 ultro

180 1712 350 1764 etB-:05
374 1713 624 1779 γενέσθαι
661 1714 981 1769 διετείνοντο
1028 1717 1329 1788 βάπτισμα.
1377 1722 1484 1774 Καὶ
1507 1722 1592 1791 δὴ,
1625 1723 1767 1778 κατὰ

1869 1727 1928 1768 se
1958 1713 2232 1769 conferre.
2268 1713 2332 1767 Hi
2362 1723 2567 1779 autem,
2599 1731 2723 1770 eum
2762 1717 3202 1772 adversariorum
3230 1734 3444 1773 sermo-

182 1804 246 1856 τῖ)
278 1805 446 1867 εἰκὸς,
478 1807 557 1868 εἰς
604 1807 877 1871 ἀπόδειξιν
904 1808 1182 1863 ἐποιοῦντο
1205 1811 1297 1863 τοῦ
1326 1812 1669 1884 πράγματος,
1703 1818 1764 1871 τὸ
1796 1800 1838 1859 Β

1796 1800 1838 1859 Β
1869 1803 2032 1857 nibus
2066 1804 2119 1858 in
2167 1820 2411 1874 praeceps
2460 1816 2807 1876 raperentur,
2856 1816 2910 1861 et
2955 1809 3206 1863 veritatis
3238 1811 3289 1862 vi
3342 1825 3446 1865 ceu

182 1895 415 1957 πλλλοὺς
441 1897 540 1964 μὲν
566 1897 702 1950 ἰέναι
739 1900 875 1970 πρὸς
920 1901 1101 1963 αὑτὸν,
1142 1903 1250 1954 τῶν
1286 1904 1343 1956 δὲ
1396 1906 1764 1979 ἀρχαιοτέρων

1864 1896 2099 1967 quodam
2133 1912 2397 1965 aquarum
2432 1898 2799 1953 obruerentur
2832 1899 3056 1967 impetu.
3093 1907 3294 1968 praeter
3321 1916 3444 1955 sen.

180 1988 278 2039 xxi.
302 1989 506 2042 ἄνωθεν
551 1989 689 2043 ἐθῶν
734 1991 928 2060 ἥδιστα
994 1992 1110 2047 λίαν
1138 1995 1455 2067 ἀποφοιτᾷν.
1491 2000 1552 2052 Οἱ
1598 2000 1654 2054 δὲ
1695 1998 1761 2055 αὖ

1864 1989 2092 2043 tentiam
2152 1996 2316 2058 atque
2371 1989 2526 2043 inviti
2585 1989 2740 2044 fateri
2792 1998 3065 2060 coguntur
3115 1992 3272 2061 longe
3309 2006 3444 2062 pm

181 2074 369 2139 πὶλιν,
435 2076 666 2148 ἐπείπερ
716 2081 829 2142 τοῖς
885 2080 953 2133 δι’
990 2082 1238 2147 ἐναντίας
1278 2087 1307 2138 6
1336 2085 1491 2154 λόγος
1539 2090 1765 2162 ἐφέρετο

1865 2079 2101 2134 stantius
2137 2094 2263 2134 esse
2296 2079 2504 2136 Christi
2551 2081 2849 2150 baptisma,
2885 2080 3316 2151 obtinebantque
3344 2082 3442 2138 de-

180 2164 328 2217 xzta't
357 2166 621 2235 πρανοῦς,
653 2167 745 2222 καὶ
778 2169 985 2222 ὑδάτων
1016 2171 1171 2242 δίκην
1205 2177 1637 2247 καταρῤοίζουσα
1664 2181 1763 2250 τῆς

1864 2186 2011 2224 mum
2051 2171 2243 2225 iisdem
2276 2179 2488 2225 utentes
2520 2172 2585 2225 ad
2614 2173 2666 2226 id
2695 2173 3185 2227 demonstrandum
3217 2175 3443 2230 rationi-

178 2254 499 2327 ἀληθείαςή
543 2257 791 2328 δύναμις,
839 2260 929 2313 τὸν
956 2260 1159 2333 ἀδρανῆ
1209 2264 1316 2318 τῶν
1356 2266 1763 2337 ἀνθεστηκότων

1864 2262 1987 2327 bus,
2022 2271 2075 2317 et
2120 2262 2395 2317 similibus
2428 2265 2769 2333 argumentis
2801 2265 2853 2317 in
2887 2265 3120 2320 victores
3156 2267 3317 2338 176
3358 2268 3442 2322 in-

179 2346 445 2411 ὲὸάπτιζε
497 2350 639 2413 νοῦν,
682 2352 776 2404 ἐπὶ
834 2354 895 2405 τὸ
935 2355 1086 2424 παρά
1130 2356 1354 2427 γνώμην
1381 2361 1639 2430 χωροῦσι,
1670 2363 1764 2416 καὶ

1865 2353 2177 2423 surgebant;
2206 2353 2379 2405 multo
2402 2353 2587 2422 plures
2617 2353 2760 2406 enim
2788 2354 2852 2407 ad
2877 2353 3154 2407 Christum
3182 2370 3346 2424 quam
3373 2355 3441 2409 ad

178 2438 426 2503 ἄκοντες,
445 2439 579 2493 πολὺ
602 2441 665 2511 δὴ
684 2442 900 2496 κάλλιον
920 2443 1057 2497 εἶναι
1080 2446 1326 2514 λέγοντες
1337 2448 1397 2502 τὸ
1417 2450 1505 2504 διὰ
1526 2453 1761 2523 Χριστοῦ

1862 2443 2123 2499 Joannem
2155 2444 2438 2507 accedere,
2470 2444 2577 2498 imo
2598 2461 2725 2499 vero
2754 2454 2983 2501 cunctos
3008 2461 3297 2503 accurrere
3324 2448 3439 2502 aie-

178 2526 474 2599 λεγόμενον
499 2530 802 2603 βάπτισμα·
829 2537 923 2588 καὶ
960 2540 1330 2608 κατεκράτουν
1347 2543 1468 2614 ἤδη,
1494 2548 1606 2609 τοῖς
1630 2547 1762 2612 ἴσοις

1862 2536 2009 2590 bant.
2047 2534 2181 2590 llinc
2211 2537 2406 2605 opinor
2443 2536 2699 2592 incensos
2750 2535 2982 2592 Joannis
3020 2539 3322 2609 discipulos
3372 2540 3440 2594 ad

176 2620 260 2682 εἰς
286 2622 557 2686 ἀπόδειξιν
585 2624 1029 2696 ἀποχρησάμενοι
1068 2629 1364 2701 λογισμοῖς,
1403 2636 1496 2689 καὶ
1540 2636 1628 2691 διά
1653 2639 1761 2691 τῶν

1862 2626 2179 2695 magistrum
2231 2642 2390 2681 suum
2446 2626 2686 2692 venisse,
2718 2627 2959 2683 dicentes
3004 2646 3017 2681 :
3061 2647 3079 2679 ι
3115 2627 3309 2695 Rabbi,
3343 2629 3439 2699 qui

176 2711 364 2763 αὐτῶν
379 2712 777 2783 ἐνθυμημάτων
797 2720 906 2780 τοῖς
926 2722 1270 2788 νενικηκόσιν
1289 2724 1724 2799 άντεγειρόμενοι
1742 2748 1755 2761 ο

1862 2728 1975 2772 erat
1996 2725 2174 2771 tecum
2204 2725 2357 2772 trans
2378 2716 2692 2781 Jordanem,
2717 2719 2803 2771 cui
2831 2726 2887 2771 ιιι
2917 2720 3289 2775 trstimonium
3317 2735 3440 2790 per-

178 2800 363 2870 πολλῴ
386 2802 493 2873 γὰρ
520 2805 750 2871 ὁρᾶσθαι
780 2806 994 2872 πλείους
1017 2809 1411 2883 διισχυρίζοντο
1434 2820 1560 2881 τοὺς
1588 2837 1759 2891 προσ-

1861 2808 2107 2875 hibuisti,
2142 2824 2289 2873 ecce,
2332 2809 2421 2862 hic
2470 2809 2736 2878 baptizat,
2795 2819 2849 2864 et
2892 2825 3082 2866 omnes
3115 2813 3339 2867 veniunt
3370 2813 3438 2866 ad

178 2895 364 2955 ιον-ξας
416 2893 654 2964 Χριστῷ,
712 2898 806 2949 καὶ
853 2898 1058 2963 πάντας
1107 2903 1299 2973 ἐκείνῳ
1350 2908 1573 2975 μᾶλλον,
1617 2914 1758 2985 ἥπερ

1859 2916 1980 2954 eum
2012 2902 2077 2953 ⁷⁵.
2122 2920 2139 2951 ι
2180 2899 2491 2955 Judaeorum
2529 2902 2731 2971 quippe
2766 2903 3140 2959 contentiosas
3187 2904 3439 2974 proposi-

189 2980 414 3052 Ἰωάννῃ
467 2986 859 3055 προστρέχειν·
914 2988 1035 3043 ὅθεν
1091 2987 1241 3060 οἶμαι
1301 2997 1394 3047 καὶ
1441 2999 1522 3060 είς
1584 2980 1758 3072 λύπην

1861 2993 2035 3046 tiones
2088 2993 2203 3047 sive
2258 2994 2496 3047 rationes
2545 2992 3009 3047 demonstrativas
3065 2992 3436 3062 interrogandi

174 3072 590 3136 ἀνακαυθέντας
622 3076 747 3139 τοὺς
786 3078 1031 3131 Ἰωάννου
1061 3082 1337 3151 μαθητάς,
1361 3086 1438 3156 τῷ
1465 3090 1647 3160 οἰκείῳ
1675 3092 1757 3145 δι·
1784 3138 1823 3160 ρ

1784 3138 1823 3160 μ
1859 3081 2023 3135 modo
2071 3081 2376 3151 proferunt.
2412 3079 2552 3136 Hinc
2600 3097 2730 3152 ergo
2768 3082 3107 3152 evangelista
3149 3082 3435 3136 Dominum

171 3161 430 3231 δασκάλῳ
461 3165 777 3234 προσελθεῖν
803 3138 1092 3235 λέγοντας.’
1129 3190 1146 3221 ι
1195 3138 1756 3251 ζΡιξιυείϐὶ,δ
1783 3138 1825 3193 C

1783 3138 1825 3193 ϐ
1858 3171 1936 3223 ait
1965 3138 2311 3241 cogitovisse,
2373 3170 2521 3240 quod
2564 3138 2849 3225 audierant
2906 3138 3190 3235 ﬁliarisazi,
3248 3169 3434 3226 Jesum

174 3254 273 3306 σλῦ
304 3254 474 3324 πέραν
533 3256 626 3309 τοῦ
670 3258 955 3328 Ἰορδάνου,
1000 3254 1043 3329 ᾧ
1081 3264 1144 3317 σὺ
1192 3268 1645 3340 μεμαρτύρηκας,
1680 3275 1757 3327 ίδε

1858 3296 2054 3351 nempe
2093 3282 2279 3350 plures
2335 3282 2639 3353 discipulos
2697 3282 2878 3337 facere
2930 3298 3092 3352 quam
3142 3281 3430 3337 Joannem.

165 3336 332 3405 οὗτος
357 3343 627 3412 βαπτίζει,
653 3350 745 3402 καὶ
770 3349 969 3414 πάντες
992 3351 1239 3422 ἔρχονται
1268 3358 1402 3425 πρὸς
1438 3359 1619 3415 αὐτόν.
1646 3366 1757 3428 Τὰς

1858 3371 1979 3426 llox
2015 3387 2204 3427 eorum
2247 3375 2521 3444 ingentem
2547 3375 2727 3428 vitans
2764 3374 3052 3438 invidiam,
3086 3382 3139 3428 et
3173 3388 3273 3430 suo
3299 3381 3434 3427 tem-

172 3434 284 3501 γὰρ
312 3436 369 3501 ἐξ
396 3436 569 3506 ἔριδος
596 3439 706 3490 τῶν
745 3441 1009 3497 Ἰουδαίων
1049 3447 1358 3514 προτάσεις,
1396 3450 1515 3520 ἦτοι
1566 3454 1757 3523 λόγους

1860 3464 1979 3533 pori
2017 3464 2327 3533 passionem
2368 3480 2685 3527 reservans,
2734 3481 2801 3520 ex
2843 3465 3157 3521 Judaeorum
3210 3466 3433 3536 regione

171 3526 611 3593 ἀποδεικτικοὺς,
628 3530 703 3594 ὡς
722 3533 779 3585 ἐν
796 3533 1060 3604 ἐρωτήσει
1088 3538 1458 3609 προΐσχονται.
1479 3545 1756 3601 Ἐντεῦθεν

1692 3562 1756 3600 νεν
1860 3569 1918 3608 se
1953 3555 2229 3623 subducit,
2272 3572 2606 3627 rursumque
2634 3558 2928 3612 revertitur
2972 3558 3026 3611 in
3059 3556 3359 3612 Galilagam.

169 3618 463 3688 τοιγαροῦν
491 3621 788 3686 ἐγνωκέναι
836 3624 997 3693 φησὶν
1032 3626 1060 3676 6
1090 3626 1480 3703 εύαγγελιστὴς
1508 3634 1599 3687 τὸν
1632 3636 1856 3708 Κύριον,
1888 3642 1969 3694 ὄτι
1996 3644 2231 3713 ἥκουσαν
2303 3647 2350 3698 οἱ
2418 3646 2719 3715 Φαρισαῖοι,
2755 3647 2836 3699 ὅτι
2914 3646 3117 3713 Ἰησοῦς
3182 3646 3433 3709 πλείονας

173 3714 426 3812 μα’)ητάς
455 3716 679 3785 ποιεῖ,ῆ
723 3717 996 3787 Ἰωάννης.
1029 3715 1159 3772 Εἶτα
1186 3721 1276 3775 τὸν
1301 3723 1535 3790 ἐξαίσιον
1602 3732 1780 3787 αὐτῶν
1854 3739 2285 3809 παραιτούμενος
2339 3714 2563 3808 φθόνον,
2611 3742 2705 3793 καὶ
2748 3741 2924 3812 καιρῷ
2976 3741 3258 3810 φυλάττων
3319 3744 3434 3807 ἰδίῳ

167 3810 234 3863 τὸ
281 3809 493 3872 παθεῖν.
549 3812 648 3881 τῆς
678 3812 775 3881 μὲν
806 3812 913 3865 τῶν
962 3815 1227 3870 Ἰουδαίων
1266 3820 1514 3885 ὑπέξεισι
1544 3824 1748 3897 χώρας,
1788 3831 2060 3904 ἀναχωρεῖ
2086 3834 2140 3886 δὲ
2164 3834 2325 3887 πάλιν
2346 3836 2426 3897 εἰς
2463 3835 2561 3905 τὴν
2591 3834 2899 3889 Γαλιλαίαν.

246 3901 402 3953 Ἔδει
439 3900 508 3953 δὲ
546 3903 733 3955 αὑτὸν
762 3903 1101 3971 διέρχεσθαι
1136 3908 1237 3962 διὰ
1258 3910 1367 3979 τῆς
1390 3917 1751 3984 Σαμαρείας·
1895 3900 1903 3902 7

1895 3900 2020 3990 “IV,
2057 3925 2112 3989 4,
2145 3926 2198 3979 5.
2246 3900 2533 3993 Oportebat
2574 3938 2749 3981 autem
2777 3944 2894 3981 eum
2926 3928 3152 3983 transire
3196 3946 3288 3998 per
3321 3928 3433 3985 Sa-

170 3993 409 4059 ἔςχεται
449 3989 665 4058 οὗνείς
699 3995 879 4046 πόλιν
910 3996 1019 4063 τῆς
1043 4001 1375 4069 Σαμαρείας
1420 4008 1754 4077 λεγομένην

1861 4017 2107 4069 muriam.
2148 4015 2293 4069 Venit
2326 4034 2446 4085 ergo
2476 4018 2529 4070 in
2560 4020 2823 4072 civitatem
2858 4017 3123 4073 Samaria:
3151 4036 3266 4089 qua:
3303 4022 3428 4075 dici-

167 4084 411 4149 Συλὰρ,
473 4084 741 4150 πλησίον
791 4086 897 4139 τοῦ
945 4090 1182 4155 χωρίου,
1222 4093 1252 4145 6
1292 4093 1514 4151 ἔδωκεν
1555 4100 1755 4156 Ἰακὼϐ

1857 4113 1942 4156 tur
1970 4103 2185 4169 Sichar,
2215 4103 2366 4167 iuxta
2387 4084 2651 4172 iprwdium
2690 4104 2826 4173 quod
2863 4104 3007 4158 dedit
3033 4084 3200 4158 Jacob
3232 4103 3461 4174 Joseph‘

184 4170 399 4239 Ἰωσὴφ
434 4171 511 4236 τῷ
533 4171 641 4237 υἱῷ
676 4175 884 4229 αὐτοῦ.
1853 4196 1967 4264 ﬁlio
2004 4210 2120 4249 suo.

247 4263 312 4313 ’Ὡ
342 4263 543 4357 πολλῆς
575 4264 873 4357 ἀγχινοίας,
907 4270 999 4322 καὶ
1023 4272 1263 4342 ἀκράτου
1290 4277 1500 4348 νήψεως
1522 4283 1533 4334 !
1557 4283 1746 4351 φθάνει

1925 4285 1969 4339 Ο
1999 4286 2190 4340 miram
2220 4288 2423 4357 ingenii
2456 4288 2839 4351 acrimoniam,
2872 4301 2937 4341 ac
2973 4285 3292 4341 defaecatam
3333 4303 3427 4343 so-

167 4354 292 4411 ταῖς
320 4350 635 4418 ἀπολογίαις
668 4352 732 4405 τὰ
779 4352 1109 4425 ζητήσεσθαι
1144 4350 1600 4438 προσδοκώμενα”
1626 4368 1746 4427 εἷπε

1783 4445 1812 4450 _
1854 4378 2067 4433 lertiant
2101 4380 2113 4431 ί
2143 4379 2519 4447 respondendo
2553 4379 2812 4450 praevenit
2833 4394 2954 4449 quae
2984 4394 3110 4435 mox
3135 4381 3425 4450 qumrenda

170 4445 281 4510 γὰρ
308 4441 372 4494 ἄν
401 4459 483 4505 τις
506 4444 746 4516 eseam,
786 4448 958 4518 ἑτέρῳ
1005 4451 1341 4521 προσλαλῶν,
1379 4459 1411 4527 ἢ
1452 4459 1749 4530 λεληθότως
1782 4445 1825 4501 ι)

1782 4445 1825 4501 D
1855 4472 2166 4526 veniebant.
2220 4458 2453 4527 Dixisset
2487 4475 2629 4528 enim
2674 4473 2861 4527 statim
2908 4474 3130 4542 aliquis,
3176 4481 3272 4527 aut
3301 4489 3422 4529 cum

167 4531 648 4635 fiS‘IOU‘pOtJlLEVOf
678 4537 784 4589 Τοῦ
816 4537 879 4606 δὴ
908 4540 1066 4610 χάριν
1089 4545 1116 4595 ὁ
1140 4545 1341 4615 Κύριος
1365 4550 1518 4617 ἡμῶν
1542 4554 1749 4623 Ἰησοῦς

1854 4563 1963 4617 alio
1995 4563 2331 4632 colloquens,
2371 4574 2464 4619 aut
2500 4565 2639 4618 clam
2669 4564 2811 4633 apud
2846 4580 2902 4620 se
2925 4567 3214 4635 cogitans:
3251 4567 3424 4633 Quam

168 4622 429 4691 Χριστὸς,
461 4626 559 4678 οὐκ
583 4629 641 4681 ἐν
654 4628 827 4699 καιρῷ
846 4629 924 4701 τῷ
948 4635 1238 4704 καθήκοντι
1263 4639 1370 4693 τῶν
1395 4622 1747 4714 Σαμαρειτῶν

1853 4654 2070 4708 demum
2111 4656 2179 4708 ob
2210 4669 2430 4709 causam
2472 4654 2737 4710 Dominus
2771 4666 2957 4710 noster
2990 4655 3148 4712 Jesus
3177 4658 3427 4713 Christus

169 4715 472 4783 ἐποιήσατο
501 4723 779 4788 φωτισμόν
804 4739 817 4785 ;
853 4724 1130 4793 Προσῆλθε
1163 4728 1262 4796 μὲν
1292 4732 1399 4803 γάρ
1427 4734 1458 4804 ἡ
1493 4736 1749 4805 Συροφοι-

1854 4760 1964 4798 non
2016 4759 2260 4815 congruo
2324 4753 2567 4814 tempore
2620 4747 2997 4801 Samaritanos
3057 4747 3427 4801 illuminavit?

168 4804 393 4857 νίκισσά
418 4821 567 4869 ποτε,
596 4808 685 4859 τὸν
709 4811 800 4861 ἐπὶ
850 4814 914 4880 τῇ
964 4814 1294 4887 ταλαιπώρῳ
1347 4804 1582 4893 θυγατρί
1610 4826 1745 4895 μετά

1848 4834 2095 4889 Accessit
2120 4836 2264 4888 enim
2299 4834 2594 4903 aliquando
2622 4835 3043 4906 Syrophmnissa
3067 4837 3279 4891 misera:
3302 4836 3425 4891 [ilhc

167 4894 426 4964 δακρύων
456 4897 601 4951 ἔλεον
631 4900 937 4968 ἐξαιτοῦσα,
959 4907 1051 4958 καὶ
1074 4908 1124 4959 τί
1162 4911 1296 4979 προς
1325 4913 1491 4984 αὐτὴν
1525 4918 1551 4968 6
1572 4918 1745 4984 φιλοι-

1852 4923 2282 4978 misericordiam
2342 4925 2571 4992 supplex
2609 4936 2798 4993 petens
2859 4940 2984 4978 cum
3027 4926 3304 4995 lacrymis.
3360 4926 3424 4979 Et

169 4984 463 5053 κτίρμων;
494 5004 511 5035 ι
556 4990 627 5039 Οὐ
674 4990 852 5054 καλὸν,
900 4995 1054 5063 φησὶ,
1086 4995 1266 5051 λαϐεῖν
1299 5000 1387 5053 τὸν
1438 5004 1599 5072 ἄρτον
1640 5005 1747 5057 τῶν

1849 5016 1975 5085 quid
2014 5016 2078 5068 ad
2128 5030 2245 5069 eam
2297 5015 2385 5069 ille
2436 5016 2784 5070 misericors?
2819 5034 2837 5066 ι
2874 5016 2990 5070 Νοιι
3041 5026 3124 5071 est
3179 5018 3418 5080 bonum,

168 5072 404 5135 τέκνων,
435 5078 528 5127 καὶ
556 5076 737 5144 βαλεῖν
780 5083 893 5144 τοῖς
937 5086 1244 5155 κυναρίοις’
1279 5107 1295 5138 ³
1324 5090 1383 5142 οὗ
1418 5092 1543 5161 γάρ,
1569 5088 1746 5161 diu"

1854 5108 2046 5175 inquit,
2095 5107 2343 5174 accipere
2388 5120 2579 5175 panem
2616 5106 2873 5170 ﬁliorum,
2929 5115 2982 5160 et
3015 5108 3232 5161 mittere
3267 5110 3420 5162 cani-

168 5164 283 5215 δεῖν
305 5164 617 5235 ἐδοκίμαζε,
654 5169 902 5240 πρόωρον
957 5176 1067 5237 τοῖς
1116 5174 1174 5239 ἐξ
1226 5178 1393 5231 ἐθνῶν
1421 5182 1518 5249 τὴν
1547 5185 1657 5244 τοῖς
1688 5183 1748 5248 ἐξ

1853 5164 1954 5246 bus
1989 5164 2053 5246 7°.
2094 5211 2111 5243 ι
2147 5164 2262 5246 Non
2308 5164 2454 5247 enim
2484 5193 2752 5262 placebat,
2792 5202 2848 5247 ut
2881 5210 3027 5259 reor,
3074 5197 3307 5265 gratiam
3344 5197 3418 5249 ls-

182 5255 404 5326 Ἰσραὴλ
464 5260 900 5329 ἀπονεμηθεῖσαν
956 5265 1427 5337 ἐπιδαψιλεύεσθαι
1474 5274 1632 5343 χάριν
1660 5291 1671 5304 ·
1719 5276 1747 5327 ὂ

1745 5304 1747 5318 ι
1854 5283 2058 5338 raelitis
2106 5284 2441 5354 assignatam
2478 5294 2804 5353 praemature
2848 5286 3139 5355 gentilibus
3174 5286 3412 5355 elargiri.

167 5346 235 5416 δὴ
260 5347 353 5399 καὶ
380 5350 710 5421 σαφέστερον
726 5355 885 5417 αὐτὸς
907 5357 1078 5410 ἐποίει
1102 5359 1271 5429 λέγων
1288 5378 1300 5391 ⁸
1331 5379 1349 5413 ι
1378 5365 1489 5417 Ούκ
1512 5366 1748 5420 ἀπεστά-

1747 5401 1748 5407 η
1855 5375 2007 5443 Quod
2062 5376 2177 5445 ipse
2222 5346 2693 5447 quidem-palam
2756 5346 2990 5431 faciebat
3045 5378 3129 5431 his
3183 5346 3414 5431 verbis:

168 5439 293 5508 λην,
357 5441 405 5491 εἰ
462 5442 536 5511 μὴ
579 5445 657 5506 είς
705 5446 772 5497 τὰ
819 5447 1060 5514 πρόόατα
1106 5453 1171 5505 τά
1213 5454 1526 5511 ἀπολωλότα
1597 5462 1744 5514 οἴκου

1860 5488 1877 5520 ι
1921 5468 2036 5524 Νοιι
2097 5484 2216 5522 sum
2261 5470 2463 5525 missus
2514 5469 2619 5524 nisi
2677 5468 2742 5523 ad
2796 5482 2924 5523 oves
2973 5483 3092 5538 quae
3141 5468 3416 5538 perierunt

181 5532 423 5602 Ἰσραήλ.
461 5552 478 5583 ι
515 5535 636 5599 Πῶς
673 5534 763 5591 οὖν
806 5539 933 5609 ἄρα,
962 5544 1183 5613 φήσειε]
1209 5547 1272 5602 ἄν
1307 5566 1408 5615 τις,
1436 5553 1464 5603 6
1489 5552 1621 5623 πρὸς
1653 5556 1745 5624 μό-

1855 5558 2049 5612 domus
2081 5558 2239 5613 Israel
2269 5559 2366 5612 ⁷⁷.»
2406 5558 2691 5624 Quomodo
2725 5560 2910 5632 igitur,
2948 5561 3159 5632 inquiet
3184 5559 3412 5629 aliquis,

246 5706 313 5737 ’δ’
350 5705 480 5763 Dan.
518 5725 634 5775 xm,
663 5712 755 5769 2i.
800 5716 844 5747 ⁷³
879 5715 1036 5772 Joan.
1078 5737 1155 5785 ιιι,
1194 5722 1282 5778 9.6.
1366 5726 1409 5758 τῦ
1444 5724 1633 5781 Matth.
1668 5746 1752 5793 vv,
1782 5730 1872 5787 ‘26.

622 5712 755 5775 ,ξ’-ί.
800 5716 844 5747 ⁷⁵
879 5715 1036 5772 Joan.
1078 5737 1155 5785 ιιι,
1194 5722 1282 5778 9.6.
1366 5726 1409 5758 7°
1444 5724 1633 5781 Matth.
1668 5746 1752 5793 vv,
1782 5730 1872 5787 ‘26.
1949 5736 1991 5762 ⁷τ
2026 5734 2156 5788 ibid.
2190 5735 2278 5788 24.
