4222 6510
177 390 284 446 295

172 596 368 665 ὁρᾶται
416 592 476 645 τὸ
518 590 736 661 θράσος,
784 591 849 642 Τί
892 589 947 641 δὲ
993 588 1100 657 ἄρα
1146 588 1379 656 φήσουσι
1430 585 1565 654 πρὸς
1610 585 1766 637 τοῦτο

174 686 342 742 πάλιν
390 686 543 754 ἡμῖν,
578 684 674 735 καὶ
707 683 756 735 οἱ
790 682 898 752 τῆς
947 681 1171 733 ἐκείνων
1225 676 1481 739 ἀπονοίας
1528 676 1767 743 γείτονες

187 777 478 848 Ἄρειανοὶ,
521 775 721 846 μᾶλλον
767 774 825 828 δὲ
859 772 995 843 πρὸς
1047 771 1141 834 οὓς
1170 768 1235 823 ἂν
1265 768 1476 836 λέγοιτο
1508 766 1761 827 δικαίως,

187 867 512 937 Ἐδικαιώθη
538 866 749 937 Σόδομα
777 868 841 919 ὲκ
865 864 958 918 σοῦ
985 882 998 930 ;
1033 867 1097 918 Ol
1140 863 1238 934 μὲν
1262 863 1369 933 γὰρ
1407 860 1550 913 κατά
1586 860 1764 930 σάρκα

176 962 472 1033 σταυροῦσι
502 960 755 1032 Χριστὸν,
772 960 820 1011 οἱ
843 958 900 1011 δὲ
943 960 1021 1020 εἰς
1044 957 1213 1027 αὐτὴν
1244 958 1372 1026 ἐμπι
1408 952 1635 1006 ποινοῦσι
1665 952 1765 1022 τὴν

174 1054 413 1124 ἄρρητον
454 1051 547 1106 τοῦ
583 1051 756 1119 Λόγου
803 1049 985 1120 φύσιν.
1020 1048 1150 1101 Ἰδοὺ
1201 1046 1528 1100 κεκοπίακεν
1573 1047 1636 1097 ὲκ
1666 1043 1766 1113 τῆς

174 1144 506 1214 ὁδοιπορίας,
552 1143 635 1205 τίς
686 1140 716 1193 ὁ
759 1139 921 1193 τοῦτο
966 1138 1180 1202 παθών;
1234 1131 1381 1205 Ἀρα
1439 1135 1531 1187 καὶ
1581 1131 1765 1201 ἰσχύος

176 1238 309 1305 ἡμῖν
336 1234 527 1288 ἐπιδεᾶ
553 1234 643 1287 τὸν
668 1232 775 1287 τῶν
803 1231 1087 1301 δυνάμεων
1115 1228 1379 1281 εἰσοίσετε
1410 1225 1641 1296 Κύριον,
1670 1223 1765 1278 καὶ

174 1326 330 1397 αύτῷ
351 1326 429 1396 τῷ
461 1327 526 1379 ἐκ
552 1324 764 1395 Πατρὸς
790 1324 1085 1390 Μονογενεῖ
1111 1320 1203 1372 τὸν
1236 1322 1299 1373 ὲκ
1325 1317 1423 1387 τῆς
1455 1316 1763 1387 ὁδοιπορίας

176 1419 480 1489 ἀναθήσετε
516 1418 677 1470 πόνον
701 1457 714 1480 ,
748 1415 836 1468 ἵνα
886 1414 980 1466 καὶ
1014 1411 1257 1483 παθητὸς
1297 1409 1487 1479 νοῆται
1526 1407 1711 1461 λοιπὸν
1737 1409 1765 1460 ὁ

178 1510 374 1563 παθεῖν
412 1510 513 1563 οὐκ
542 1508 730 1573 είδώς;
767 1508 836 1560 Ἤ
879 1506 1094 1577 φρονεῖν
1134 1503 1232 1573 μὲν
1256 1502 1400 1556 οὕτω
1427 1501 1766 1572 παραιτήσε-

180 1602 273 1655 σθε
314 1601 597 1663 ποιοῦντες
625 1598 820 1669 ὀρθῶς,
853 1597 989 1667 μόνῃ
1024 1594 1082 1647 δὲ
1110 1596 1175 1664 τῇ
1199 1592 1292 1646 τοῦ
1324 1590 1575 1662 σώματος
1606 1590 1762 1659 φύσει

176 1693 506 1763 περιθήσετε
544 1690 613 1745 τὰ
642 1691 734 1744 ἐπὶ
764 1689 974 1752 τούτοις
1003 1686 1343 1756 ἐγκλήματα,
1382 1683 1582 1753 μᾶλλον
1614 1682 1670 1735 δὲ
1696 1684 1761 1751 τῇ

176 1786 275 1839 ἀνθ
284 1784 561 1855 ρωπότητι
582 1782 816 1853 πρέπειν
840 1782 1015 1852 ἐρεῖτε
1040 1777 1131 1831 τὸν
1157 1776 1337 1842 πόνον,
1354 1776 1500 1846 ἥπερ
1521 1775 1633 1827 ὄντι
1668 1774 1764 1826 καὶ

1239 379 1303 433 IN
1345 378 1634 432 JOANNIS
1659 377 2113 434 EVANGELIUM
2151 378 2279 434 LIB.
2310 379 2351 434 ll

175 499 390 572 πονηρὰ
424 499 535 553 ἀντ’
564 498 805 566 ἀγαθῶν.
842 517 859 549 ι
901 496 1168 549 Ἰουδαίων
1208 495 1305 564 μὲν
1339 490 1431 545 οὖν
1466 494 1524 544 ὲν
1556 491 1766 555 τούτοις
1791 508 1833 566 Α
1872 493 2214 547 Psalmorum
2260 511 2274 548 :

3335 384 3440 438 294

2346 512 2362 545 ι
2413 492 2478 546 ΕΙ.
2542 492 2916 547 retribuehant
2957 493 3090 548 mihi
3144 494 3284 548 mala
3344 512 3442 564 pro

1873 584 2030 638 bonis
2072 582 2137 638 ⁷⁸.
2189 604 2205 634 ι
2251 584 2308 638 ln
2364 586 2449 639 his
2501 600 2633 655 ergo
2696 584 3007 641 Judaeornm
3060 586 3443 642 manifestatur

1870 676 2122 731 audacia.
2176 676 2314 742 Quid
2348 692 2476 731 vero
2506 676 2705 731 dicturi
2758 689 2886 732 sunt
2938 678 3001 731 ad
3056 679 3170 733 haac
3220 695 3443 734 rursum

1868 768 2027 823 nobis
2062 769 2276 823 illorum
2311 769 2597 824 dementia:
2626 770 2792 824 vicini
2820 771 3028 833 Ariani,
3062 773 3115 826 in
3140 787 3280 842 quos
3310 773 3444 827 illud

1862 857 1987 926 jure
2036 860 2146 915 dici
2190 860 2363 930 possit
2390 879 2402 915 :
2433 859 2742 915 Justilicata
2789 870 2874 916 est
2916 860 3149 918 Sodoma
3183 880 3249 918 ex
3283 874 3336 920 te
3359 865 3451 919 ὀἳ

1867 947 1951 1006 llli
1976 952 2119 1007 enim
2154 950 2437 1008 Christum
2470 952 2773 1007 secundum
2812 968 3038 1009 carnem
3067 955 3395 1027 crucifigunt
3428 977 3442 1012 :

1868 1043 1922 1097 hi
1954 1054 2143 1101 contra
2175 1044 2508 1101 ineﬂ‘ahilem
2536 1043 2698 1099 Verbi
2731 1054 2982 1101 naturam
3010 1047 3442 1109 debacchantur.

1867 1136 2008 1194 Ecce
2046 1138 2229 1195 lassus
2268 1146 2352 1193 est
2396 1138 2463 1193 de
2498 1139 2606 1192 via.
2663 1138 2799 1206 Quis
2847 1140 2936 1194 ille
2972 1142 3067 1210 qui
3114 1142 3218 1198 hoc
3249 1158 3446 1214 passus

1865 1229 1987 1284 est?
2015 1229 2097 1283 An
2149 1230 2409 1283 virtutum
2443 1229 2732 1286 Dominum
2766 1231 2976 1287 viribus
3013 1232 3282 1289 defectum
3332 1244 3448 1291 stac

1866 1320 2059 1386 tueris,
2089 1329 2143 1377 et
2174 1321 2277 1392 ipsi
2319 1336 2383 1377 ex
2428 1321 2588 1375 Patre
2622 1323 2918 1394 Unigenito
2962 1324 3200 1380 laborem
3230 1326 3443 1383 itineris

1866 1409 2156 1483 aliingetis,
2197 1422 2259 1467 ut
2298 1423 2352 1468 et
2407 1413 2652 1483 patibilis
2684 1423 2980 1470 censeatur
3029 1430 3153 1471 esse
3199 1416 3442 1485 demum,

1864 1505 1957 1573 qui
1992 1506 2101 1574 pati
2142 1507 2358 1560 nescit?
2417 1507 2500 1559 An
2537 1506 2776 1576 rejecta,
2815 1516 2873 1561 ut
2911 1523 3011 1579 par
3038 1517 3157 1575 est,
3199 1526 3264 1566 ea
3315 1526 3445 1565 sen-

1866 1594 2071 1659 tentia,
2144 1594 2246 1648 soli
2320 1595 2568 1666 corporis
2638 1606 2853 1651 natura:
2926 1600 3024 1653 has
3096 1600 3444 1658 inﬁrmitates

1868 1685 2141 1749 tribuetis,
2174 1695 2230 1740 et
2263 1686 2592 1741 humanitati
2641 1687 2886 1743 laborem
2938 1692 3114 1759 magis
3150 1695 3447 1748 convenire

1868 1773 2062 1831 dicetis
2105 1792 2267 1846 quam
2317 1776 2466 1831 nudo
2495 1786 2549 1833 et
2588 1778 2640 1833 in
2681 1794 2741 1834 se
2771 1779 3059 1836 exsistenti
3091 1783 3192 1837 soli
3232 1775 3447 1838 Verbo?

178 1873 458 1943 νοουμένῳ
490 1871 681 1943 γυμνῷ
711 1871 805 1924 καὶ
847 1868 970 1922 καθ’
1002 1864 1192 1919 ἑαυτὸν
1226 1863 1303 1933 τῷ
1334 1864 1493 1933 Λόγῳ
1520 1881 1534 1931 ;
1563 1863 1767 1933 Ὂνπερ

1873 1862 2344 1929 Quemadmodum
2373 1881 2503 1936 ergo
2531 1883 2654 1922 cum
2687 1877 2885 1923 natura
2916 1886 3015 1926 sua
3038 1873 3219 1927 omnia
3250 1876 3446 1942 possit,

175 1960 270 2017 οὖν
305 1964 501 2036 τρόπον
531 1965 588 2015 έν
622 1962 728 2032 ἰδίᾳ
771 1959 931 2030 φύσει
961 1958 1022 2011 τὸ
1051 1956 1230 2010 πάντα
1268 1952 1525 2007 δύνασθαι
1569 1969 1769 2021 κεκτη-

181 2056 364 2126 μένος,
398 2056 493 2108 καὶ
524 2054 686 2117 αὐτὸς
719 2052 977 2122 ὑπάρχων
1009 2051 1042 2119 ἡ
1076 2048 1292 2101 πάντων
1327 2045 1480 2115 ἰσχὺς
1506 2061 1768 2097 κεκοπια-

175 2153 337 2205 κέναι
380 2148 598 2215 λέγεται
651 2144 750 2216 (μὴ
790 2144 907 2212 γάρ
960 2157 1050 2211 μοι
1080 2138 1259 2211 διέλῃς
1302 2137 1382 2200 είς
1424 2135 1553 2190 υίῶν
1602 2133 1770 2188 δυάδα

175 2245 271 2296 τὸν
309 2240 405 2293 ’ἐνα
435 2236 717 2311 Χριστόν),
751 2234 847 2288 καὶ
870 2233 936 2286 τὰ
968 2232 1066 2302 τῆς
1089 2229 1505 2302 ἀνθρωπότητος
1535 2228 1613 2289 εἰς
1647 2227 1771 2277 ἑαυ-

174 2334 270 2386 τὸν
306 2329 600 2384 οἰκειοῦται
654 2324 803 2395 πάθη
824 2365 838 2389 ,
866 2322 1045 2376 καίτοι
1076 2321 1251 2392 μένων
1277 2318 1516 2387 ἀπαθὴς,
1540 2314 1770 2386 ἐπείπερ

175 2423 465 2492 ἄνθρωπος
490 2420 737 2488 γέγονεν,
766 2416 796 2468 ὁ
824 2414 1021 2483 κοπιᾷν
1070 2412 1144 2482 μὴ
1176 2408 1455 2478 πεφυκώς.
1506 2407 1691 2469 υῦτως
1720 2405 1774 2458 εἴ

174 2532 230 2566 τι
267 2514 362 2565 καὶ
394 2511 542 2576 λέγοι
588 2508 699 2562 τῶν
735 2508 835 2560 ὅσα
873 2504 938 2575 δὴ
978 2505 1209 2575 πρέπειν
1262 2499 1535 2573 ἀνθρώπῳ
1571 2498 1769 2569 μᾶλλον

175 2603 482 2674 οἰησόμεθα
525 2602 655 2666 δεῖν,
687 2600 784 2653 καὶ
833 2599 932 2652 οὐκ
976 2597 1083 2667 ἄρα
1116 2594 1198 2665 τῷ
1229 2593 1347 2664 Θεῷ
1368 2633 1380 2655 ,
1417 2592 1491 2663 μὴ
1524 2589 1771 2660 λεξειθη-

180 2699 370 2767 ρῶμεν
412 2690 525 2767 [αἱ.
571 2687 970 2761 λεξιθηρῶμεν]
1003 2686 1197 2750 εὐθὺς,
1229 2682 1363 2755 μηδὲ
1402 2683 1488 2735 ὅτε
1538 2681 1770 2750 μάλιστα

174 2788 376 2857 τέχνης
410 2787 539 2856 ἡμῖν
572 2783 674 2853 τῆς
711 2783 790 2845 εἰς
842 2778 1124 2833 εὐσέϐειαν
1157 2777 1270 2840 δεῖ,
1306 2774 1427 2827 τίκτε
1470 2772 1533 2843 δὴ
1582 2772 1768 2840 διαφε-

180 2881 391 2950 ρόντως
422 2876 821 2947 ἀμαθαίνοντες
858 2868 1230 2941 ἀλισκώμεθα,
1252 2867 1342 2921 τὸν
1376 2867 1474 2937 μὲν
1500 2866 1598 2936 τῆς
1631 2864 1771 2935 μετά

180 2970 387 3040 σαρκὸς
416 2966 726 3036 οἰκονομίας
753 2966 827 3029 ὠς
867 2962 1206 3035 πορρωτάτω
1235 2957 1548 3029 ποιούμενοι
1588 2956 1768 3024 λόγον,

178 3069 270 3120 ἐπ’
300 3066 471 3135 αὐτὴν
524 3062 581 3116 δὲ
617 3062 833 3132 θερμῶς
882 3058 1266 3120 ὰναῦαίνοντες
1320 3056 1418 3126 τὴν
1463 3054 1557 3107 τοῦ
1592 3053 1770 3120 Λόγου

178 3157 437 3224 θεότητα,
465 3155 558 3207 καὶ
586 3152 693 3205 τῶν
727 3152 868 3220 ὑπὲρ
914 3150 1063 3220 ἡμᾶς
1093 3147 1433 3219 πραγμάτων
1465 3149 1528 3200 ὲκ
1568 3147 1769 3217 πολλῆς

176 3247 282 3315 τῆς
317 3245 556 3316 ἀμαθίας
590 3245 904 3313 ἁπτόμενοι.
941 3243 1003 3295 Εἰ
1033 3239 1132 3311 μὲν
1165 3240 1274 3309 γὰρ
1307 3239 1442 3303 ὅλως
1471 3240 1531 3292 οὑ
1565 3255 1768 3309 κεχρη-

182 3340 417 3408 μάτικεν
464 3336 772 3407 ἄνθρωπος,
816 3336 863 3387 εἰ
917 3333 991 3405 μὴ
1034 3332 1257 3401 γέγονεν
1278 3330 1336 3383 ἐν
1369 3332 1434 3400 τῇ
1463 3330 1557 3382 τοῦ
1584 3328 1773 3382 δούλου

183 3432 395 3501 μορςςῇ,
428 3427 770 3501 θορυϐεῖσθαι
808 3426 1032 3489 δίκαιον,
1068 3423 1196 3477 ὅταν
1226 3440 1277 3476 τι
1314 3420 1448 3491 λέγῃ
1476 3419 1770 3491 δουλοπρε-

181 3523 280 3585 πές
306 3538 317 3550 ·
345 3520 678 3574 άπαιτείσθω
702 3519 757 3572 δὲ
782 3517 980 3589 μᾶλλον
1006 3514 1184 3568 πάντα
1212 3512 1353 3566 κατὰ
1380 3512 1471 3565 τὸν
1494 3511 1771 3582 πρέποντα

178 3613 260 3682 τῷ
286 3610 406 3680 Θεῷ
430 3610 605 3677 λόγον.
643 3610 705 3662 Ei
733 3608 789 3660 δὲ
821 3604 1126 3675 σωζόμενον
1160 3606 1217 3657 ὲν
1240 3601 1421 3654 πίστει
1448 3600 1659 3671 βεϐαίᾳ,
1679 3600 1771 3653 καὶ

181 3701 573 3761 ἀνενὸοιάστως
604 3699 1045 3769 τεθαρσήκαμεν,
1084 3695 1165 3748 ὅτι
1201 3692 1344 3747 κατὰ
1376 3694 1478 3763 τὴν
1526 3690 1769 3744 Ἰωάννου

182 3795 394 3866 φωνὴν,
432 3810 449 3842 ι
492 3792 549 3844 '0
582 3791 736 3859 λόγος
769 3788 904 3859 σὰρξ
952 3786 1196 3855 ἐγένετο,
1223 3784 1317 3838 καὶ
1358 3784 1668 3853 ἐσκήνωσεν
1712 3782 1770 3835 έν

182 3889 340 3957 ἡμῖν,
377 3904 393 3935 ι
426 3885 552 3937 ὅταν
590 3881 722 3954 ἴδῃς,
770 3881 845 3943 ὼς
880 3879 1058 3949 σάρκα
1087 3876 1352 3931 λαλοῦντα
1377 3915 1395 3947 ,
1419 3873 1566 3926 τοῦτ’
1601 3873 1769 3936 ἔστιν,

179 3979 259 4040 ὡς
309 3976 617 4045 ἄνθρωπον,
648 3973 804 4040 δέχου
854 3971 988 4041 πρὸς
1017 3966 1317 4037 ἀσφάλειαν
1350 3965 1444 4018 τοῦ
1484 3965 1773 4035 κηρύγμα-

182 4087 275 4131 τος
305 4069 393 4119 τὸν
422 4066 691 4136 ἀνθρώπῳ
720 4064 998 4134 πρέποντα
1030 4061 1209 4128 λόγον.
1243 4058 1317 4112 Ού
1340 4053 1536 4128 γὰρῆν
1571 4057 1772 4128 ἑτέρως

183 4159 487 4225 ἐπιγνῶναι
538 4156 745 4223 σαφῶς,
783 4155 864 4207 ὅτι
911 4151 1043 4214 Θεὸς
1085 4150 1160 4202 ὣν
1187 4148 1281 4202 καὶ
1314 4150 1506 4216 Λόγος,
1550 4149 1773 4215 γέγονεν

182 4251 491 4319 ἄνθρωπος,
526 4251 571 4299 εἱ
601 4248 673 4317 μή
705 4263 755 4298 τι
793 4245 885 4297 καὶ
930 4241 1120 4296 παθεῖν
1156 4240 1182 4290 ὁ
1211 4237 1448 4309 ἀπαθὴς,
1490 4240 1582 4291 καὶ
1611 4237 1773 4306 λαλῆ-

185 4336 275 4388 σαί
316 4352 366 4386 τι
392 4334 643 4386 ταπεινὸν
666 4336 693 4385 ὁ
725 4331 925 4400 ὑψηλὸς
951 4329 1346 4399 ἀνεγέγραπτο.

259 4472 348 4537 Ὠ]
369 4487 404 4524 α
432 4467 506 4540 ἦν
526 4470 669 4522 ὡσεὶ
689 4469 850 4535 ἕκτη.

255 4606 602 4676 Εὖαφόρμως
649 4605 739 4657 Eri
765 4606 830 4675 τῇ
859 4605 1005 4673 πηγῇ
1058 4601 1393 4655 καταλύοντα
1422 4599 1651 4653 δεικνύει
1673 4599 1764 4653 τὸν

181 4698 419 4767 Ἰησοῦν.
465 4698 647 4749 Ἠλίου
674 4697 783 4766 γὰρ
804 4694 1179 4765 ἀκμαιοτάτην
1205 4692 1312 4747 ἀπὸ
1351 4692 1532 4763 μέσων
1563 4692 1764 4761 ἀψίδων

177 4795 291 4854 τοῖς
329 4790 420 4841 ἐπὶ
460 4790 556 4855 τῆς
588 4788 690 4856 γῆς
729 4788 827 4855 τὴν
848 4787 1041 4838 ἀκτῖνα
1063 4783 1442 4853 καταχέοντος,
1481 4783 1573 4835 καὶ
1596 4783 1765 4853 ἀκρά-

176 4900 293 4945 τοις
348 4880 414 4932 τὰ
442 4881 667 4947 σώματα
711 4875 1145 4943 καταφλέγοντος
1191 4874 1389 4943 βολαῖς,
1424 4874 1484 4926 τὺ
1538 4875 1634 4943 μὲν
1685 4874 1763 4926 ἔτι

176 4975 372 5044 πῴσω
396 4971 627 5042 βαδίζειν
650 4971 748 5022 οὐκ
775 4969 1029 5037 ἀζήμιον,
1047 4966 1108 5018 τὸ
1135 4967 1191 5019 δὲ
1212 4963 1547 5018 ἀναπνεῦσαι
1567 4965 1761 5034 βραχὺ,

180 5067 389 5135 μᾶλλον
439 5059 505 5135 ἦν
536 5060 986 5128 ἀκολουθότερον,
1029 5060 1117 5111 ὅτε
1165 5058 1229 5126 δὴ
1279 5057 1509 5128 μάλιστα
1540 5057 1634 5108 καὶ
1668 5055 1763 5123 τὴν

175 5160 270 5211 ἐπὶ
304 5156 541 5225 τρυφαῖς
566 5153 742 5207 αἰτίαν
781 5150 977 5223 ῥαδίως
1019 5148 1084 5201 ἂν
1115 5146 1515 5216 ἀπεκρούσατο,
1569 5144 1762 5215 καιροῦ

174 5252 271 5302 τοῦ
310 5248 615 5319 πρέποντος
645 5241 1071 5311 συνηγοροῦντος
1092 5238 1168 5309 τῷ
1204 5239 1511 5309 πράγματι.
1557 5235 1761 5303 "Er.th

174 5342 219 5394 δ’
260 5340 365 5392 οὐκ
400 5334 662 5406 ἀκριϐῶς,
699 5332 811 5385 ἀλλ’
847 5332 920 5392 ὡς
950 5330 1116 5399 ἒγτην
1156 5325 1292 5380 εἶναι
1329 5326 1426 5396 τὴν
1463 5325 1611 5395 ὥραν
1660 5343 1762 5395 φη-

178 5436 284 5494 σὶν,
317 5432 407 5483 ἵνα
443 5428 539 5481 καὶ
561 5429 720 5497 ἡμεῖς
766 5422 1121 5494 μανθάνωμεν
1162 5420 1293 5490 μηδὲ
1321 5421 1378 5470 ὲν
1420 5420 1533 5479 τοῖς
1584 5415 1763 5485 ἐλαχί-

179 5538 329 5583 στοις
363 5519 699 5587 ἀδιαεξορεῖν,
751 5512 1042 5584 πειρᾶσθαι
1091 5512 1144 5563 δὲ
1194 5510 1392 5581 μᾶλλον
1430 5508 1522 5561 καὶ
1564 5508 1659 5578 τὴν
1706 5510 1761 5560 ὲν

174 5616 288 5673 τοῖς
323 5608 575 5679 τυχοῦσιν
607 5606 941 5675 ἐπιτηδεύειν
971 5602 1247 5672 ἀλήθειαν.

250 5793 302 5826 ’⁸
336 5790 482 5845 Psal.
527 5802 733 5851 xxxvii,
760 5786 851 5839 c2|.
931 5785 975 5817 ⁷³
1005 5783 1193 5837 Matth.
1228 5798 1302 5848 xx,
1331 5783 1427 5836 ‘24.

1870 1965 1924 2006 et
1952 1953 2067 2023 ipse
2105 1956 2348 2009 omnium
2388 1958 2460 2011 sit
2492 1959 2689 2024 virtus,
2725 1958 3058 2031 defatigatus
3084 1978 3212 2019 esse
3241 1964 3441 2020 dicitur

1871 2046 2038 2117 (cave
2052 2048 2197 2100 enim
2217 2048 2281 2101 'in
2305 2049 2441 2104 duos
2465 2049 2606 2105 ﬁlios
2632 2067 2799 2106 unum
2826 2051 3107 2109 Christum
3132 2054 3443 2127 dividere),

1869 2144 1923 2191 et
1952 2136 2237 2205 passiones
2280 2137 2641 2195 humanitatis
2686 2141 2741 2195 in
2793 2157 2853 2198 se
2904 2143 3163 2213 suscipit,
3194 2148 3448 2214 quamvis

1869 2240 2151 2282 remaneat
2214 2229 2567 2299 impatibilis,
2623 2234 3067 2303 quandoquidem
3128 2236 3308 2294 factus
3363 2249 3451 2294 est
3520 2220 3521 2223 η

1870 2318 2038 2373 homo
2066 2320 2158 2389 qui
2198 2321 2448 2377 laborare
2497 2328 2674 2379 nescit
2703 2343 2716 2379 :
2748 2325 2824 2378 ita
2854 2326 2984 2382 licet
3020 2327 3227 2399 aliquid
3276 2329 3446 2396 dicat,

1872 2411 2016 2479 quod
2050 2411 2259 2466 homini
2284 2415 2573 2471 convenire
2592 2416 2775 2486 potius
2795 2431 2958 2487 quam
2986 2417 3097 2474 Deo
3113 2421 3447 2489 putabimus,

1870 2522 1942 2561 ne
1971 2507 2234 2563 continuo
2261 2524 2326 2562 ex
2349 2510 2576 2564 vocibus
2609 2512 2749 2566 male
2772 2512 3069 2569 intellectis
3102 2515 3449 2572 occasionem

1871 2606 2158 2666 captemus
2220 2598 2363 2652 male
2421 2600 2729 2663 sentiendi,
2780 2618 2961 2672 neque
3028 2619 3153 2658 cum
3214 2606 3451 2662 maxime

1871 2684 2166 2757 disciplina
2198 2688 2421 2758 pietatis
2450 2689 2781 2761 indigemus,
2813 2702 2945 2748 tunc
2976 2692 3452 2763 deprehendamur

1873 2779 2167 2851 insigniter
2190 2780 2453 2851 imperiti,
2479 2784 2574 2853 qui
2606 2784 3004 2842 incarnationis
3027 2788 3237 2843 ratione
3261 2788 3452 2857 procul

1873 2872 2186 2936 amandata,
2207 2872 2274 2927 ad
2299 2874 2475 2943 ipsam
2500 2876 2764 2931 continuo
2784 2872 2949 2932 Verbi
2979 2878 3232 2933 deitatem
3264 2893 3453 2934 ascen-

1873 2960 2090 3027 damus,
2133 2970 2187 3017 et
2220 2977 2319 3032 per
2366 2978 2637 3018 summam
2690 2964 2962 3020 inscitiam
3010 2981 3100 3022 res
3144 2980 3312 3037 supra
3349 2982 3453 3024 nos

1874 3055 2082 3124 positas
2105 3057 2457 3126 attingamus.
2483 3054 2539 3109 Si
2559 3058 2708 3110 enim
2733 3056 2900 3110 homo
2923 3066 3273 3127 nuncupatus
3293 3058 3455 3128 plane

1874 3160 1985 3201 non
2011 3155 2131 3211 est,
2159 3148 2206 3203 si
2239 3163 2347 3202 non
2393 3146 2574 3203 factus
2602 3157 2685 3203 cst
2714 3148 2770 3202 in
2798 3148 2975 3203 forma
3016 3150 3202 3215 servi,
3235 3157 3320 3207 est
3353 3166 3457 3206 cur

1871 3237 1995 3308 jure
2022 3240 2324 3303 turbentur,
2352 3254 2475 3293 cum
2509 3238 2644 3293 dicit
2677 3238 2883 3309 aliquid
2911 3255 3070 3295 servo
3096 3242 3453 3306 conveniens,

1873 3330 2167 3401 omniaque
2195 3331 2525 3401 requirenda
2558 3340 2687 3386 sunt
2711 3330 2820 3387 Deo
2848 3348 3113 3403 congrua.
3149 3331 3242 3387 Sin
3269 3342 3452 3390 autem

1872 3421 2028 3475 ﬁrma
2058 3429 2113 3477 et
2144 3421 2451 3477 indubitata
2478 3421 2581 3477 fide
2605 3423 2883 3477 credimus
2903 3423 3075 3493 quod,
3104 3424 3260 3494 juxta
3286 3424 3454 3480 Joan-

1873 3514 1961 3570 nis
2004 3529 2215 3579 vocem,
2249 3514 2518 3570 «Verbum
2551 3529 2680 3568 caro
2716 3514 2917 3570 factum
2951 3524 3058 3578 est,
3098 3524 3154 3571 et
3191 3517 3455 3571 habitavit

1876 3606 1929 3660 in
1973 3607 2133 3663 nobis
2156 3606 2228 3674 ⁸ο,
2268 3627 2285 3659 ι
2316 3622 2441 3661 cum
2477 3604 2686 3661 videris
2720 3607 2898 3676 ipsum
2930 3608 3079 3678 loqui
3114 3618 3176 3662 ut
3205 3624 3452 3672 carnem,

1873 3701 1927 3755 id
1954 3708 2063 3764 est,
2099 3709 2161 3754 ut
2196 3699 2498 3762 hominem,
2529 3714 2839 3754 sermonem
2885 3698 3092 3753 homini
3124 3700 3455 3754 convenien-

1872 3800 1982 3848 tem
2010 3793 2077 3847 ad
2100 3790 2451 3847 asserendam
2477 3788 2922 3859 praedicationem
2955 3789 3155 3844 factum
3188 3791 3449 3861 intellige.

1873 3882 1992 3938 Non
2021 3885 2162 3939 enim
2199 3884 2358 3937 aliter
2387 3883 2535 3936 clare
2564 3890 2745 3952 potest
2768 3880 2997 3952 intelligi
3030 3879 3299 3947 Verbum,
3328 3898 3453 3936 cum

1874 3973 2021 4028 Deus
2073 3975 2145 4028 sit
2194 3972 2421 4035 factum,
2456 3987 2581 4027 esse
2640 3972 2939 4036 hominem,
2983 3970 3085 4026 nisi
3130 3981 3185 4025 et
3230 3986 3452 4040 passum

1876 4064 2081 4133 aliquid
2122 4079 2246 4119 eum
2286 4063 2380 4132 qui
2416 4070 2498 4117 est
2533 4061 2881 4132 impatibilis,
2912 4070 2968 4116 et
3009 4061 3219 4130 aliquid
3251 4061 3456 4116 humile

1875 4157 2081 4211 dixisse
2116 4156 2208 4224 qui
2241 4155 2495 4211 sublimis
2530 4163 2634 4217 est,
2670 4154 2935 4223 scriptum
2967 4161 3136 4208 esset.

1950 4470 2110 4542 179
2144 4471 2287 4523 Hora
2315 4477 2429 4522 erat
2455 4466 2607 4537 quasi
2638 4473 2808 4518 sexta.

1941 4605 2259 4674 Opportune
2307 4601 2494 4656 Jesnm
2544 4599 2611 4654 ad
2667 4596 2866 4651 fontem
2902 4592 3147 4649 residere
3187 4591 3449 4646 ostendit.

1873 4695 1999 4751 Sole
2028 4695 2172 4750 enim
2210 4693 2433 4747 meridie
2465 4688 2865 4745 intensissimos
2898 4684 3081 4739 radios
3126 4682 3450 4738 mortalibus

1871 4786 2219 4846 immittente,
2266 4791 2319 4837 ct
2360 4780 2653 4836 immodico
2690 4786 2827 4831 aestu
2880 4776 3141 4829 adurente
3192 4786 3448 4840 corpora,

1871 4879 1990 4933 sine
2020 4876 2221 4929 damno
2263 4873 2511 4943 progredi
2555 4885 2662 4924 non
2697 4875 2911 4938 poterat
2941 4864 3190 4927 ulterius,
3226 4864 3319 4917 sed
3360 4878 3447 4915 sa-

1870 4971 1979 5024 tius
2009 4974 2127 5022 erat
2165 4966 2438 5033 respirare
2472 4962 2755 5029 tantisper,
2784 4972 2905 5013 cum
2939 4954 3238 5025 praesertim
3288 4954 3440 5006 volu-

1870 5059 2037 5130 ptatis
2080 5070 2301 5109 causam
2341 5068 2369 5105 a
2403 5067 2461 5106 se
2495 5051 2652 5103 facile
2687 5046 2999 5109 removerit,
3031 5056 3277 5113 congruo
3309 5049 3443 5094 tem-

1870 5165 1999 5220 pore
2041 5148 2118 5200 rei
2156 5144 2508 5211 sum'agante.
2545 5138 2768 5193 Sextam
2802 5151 2931 5189 vero
2962 5150 3069 5189 non
3103 5132 3449 5201 simpliciter,

1871 5240 1967 5293 sed
2012 5236 2171 5307 quasi
2215 5241 2420 5288 sextam
2460 5231 2672 5293 horam,
2701 5243 2821 5283 esse
2854 5226 3010 5289 dicit,
3040 5232 3097 5278 ut
3136 5233 3190 5278 et
3226 5237 3324 5276 nos
3364 5222 3447 5275 di-

1870 5342 2089 5384 scamus
2127 5340 2192 5379 ne
2246 5339 2334 5379 res
2372 5322 2626 5376 nnnimas
2666 5317 2883 5389 quidem
2933 5315 3086 5369 nullo
3127 5311 3449 5367 discrimine

1873 5421 2090 5481 habere,
2115 5417 2207 5474 sed
2235 5417 2288 5471 in
2320 5414 2606 5486 quibusvis
2636 5412 2796 5467 rebus
2825 5409 3107 5464 veritatem
3136 5405 3337 5461 colere.

1504 5780 1548 5811 ⁸ο
1579 5776 1739 5833 Joan.
1778 5791 1816 5840 ι,
1854 5772 1942 5829 14.
