4222 6510
812 443 917 498 295

883 555 972 621 IV,
1005 556 1058 619 Ἰ,
1081 554 1133 609 8.
1163 551 1313 607 Venit
1337 550 1528 604 mulier
1552 547 1616 602 ile
1646 542 1900 600 Samaria
1925 540 2140 593 haurire
2171 553 2388 607 aquam.
2425 545 2466 601 Α

815 649 956 704 Dicit
1009 647 1056 700 ei
1101 643 1260 698 Jesus
1297 657 1315 694 :
1351 639 1437 693 Da
1500 639 1631 692 mihi
1687 634 1882 688 bibere.
1929 630 2219 700 (Discipuli
2255 629 2396 681 enim

815 742 1056 794 abierant
1094 738 1148 789 in
1188 734 1480 794 civitatem,
1530 739 1586 782 ut
1633 727 1778 781 cibos
1832 723 2107 792 emerent.)
2149 719 2290 774 Dicit
2350 720 2397 772 ei

816 832 1006 884 mulier
1035 828 1129 881 illa
1161 823 1534 881 Samaritana.

888 1007 1008 1062 Non
1054 1004 1346 1078 ignorabat
1391 999 1732 1056 mulierculae
1779 997 2076 1052 adventum
2127 993 2402 1058 Salvator.

818 1094 989 1153 Recte
1018 1097 1246 1166 quippe,
1280 1090 1492 1148 sciebat
1531 1104 1656 1144 cum
1701 1087 1845 1142 Deus
1881 1099 2048 1140 verus
2077 1093 2250 1148 esset,
2293 1092 2406 1140 sta-

821 1191 921 1244 tim
951 1205 1070 1244 eam
1112 1186 1323 1252 adfore,
1358 1193 1418 1237 ttt
1455 1197 1486 1236 e
1520 1182 1669 1234 fonte
1712 1179 1964 1249 frigidam
2000 1179 2270 1230 hauriret.
2302 1176 2406 1231 Ubi

823 1299 952 1337 vero
989 1281 1182 1346 adluit,
1208 1294 1326 1333 eam
1366 1277 1549 1329 statim
1585 1274 1797 1328 retibus
1830 1273 2111 1342 implicare
2146 1272 2247 1323 sibi
2283 1283 2406 1338 pro-

825 1377 1029 1447 posuit,
1052 1385 1104 1428 et
1139 1372 1402 1427 doctrinae
1426 1384 1736 1425 sermonem
1769 1368 2124 1437 protendens,
2144 1382 2254 1420 ere
2283 1373 2409 1417 nata

825 1465 1174 1534 colloquendi
1222 1479 1412 1518 ansam
1451 1461 1703 1532 arripuit.
1738 1459 1957 1513 .Iudmos
1998 1458 2165 1527 igitur
2211 1457 2293 1510 lex
2327 1455 2411 1508 in-

826 1559 1043 1628 quinari
1071 1557 1268 1626 quovis
1311 1556 1475 1610 modo
1523 1553 1765 1613 vetabat,
1803 1551 2038 1619 ideoque
2067 1549 2136 1603 ab
2170 1549 2317 1601 onmi
2357 1562 2413 1601 re

831 1652 1042 1718 impura
1085 1648 1315 1716 jubebat
1351 1645 1629 1709 recedere,
1670 1657 1848 1712 neque
1891 1656 2015 1694 cum
2070 1638 2412 1707 alienigenis,

831 1753 922 1796 aut
963 1739 1363 1794 ineircumcisis
1394 1738 1641 1792 misceri.
1673 1735 1736 1789 Hi
1769 1750 1898 1788 vero
1927 1732 2086 1801 quasi
2117 1733 2238 1801 plus
2267 1730 2414 1784 face-

833 1840 956 1885 rent
982 1845 1142 1901 quam
1195 1829 1308 1897 lege
1353 1828 1673 1890 cavebatur,
1702 1833 1757 1880 et
1804 1839 1974 1878 vanas
2003 1823 2419 1878 observationes

1798 424 1855 478 S.
1899 418 2168 478 CYIlILLl
2208 412 2684 472 ALEXANDRINI
2728 407 3056 467 ARCIIIEP.

3969 397 4072 452 9.96

2569 534 2846 602 Ἔρχεται
2904 528 3059 598 γυνὴ
3118 526 3187 579 ἐκ
3242 525 3353 593 τῆς
3402 521 3722 590 Σαμαρείας
3778 515 4072 583 ἀντλῆσαι

2502 625 2679 694 ὕδωρ.
2702 625 2873 693 Λέγει
2893 618 3050 686 αὑτῇ
3073 621 3107 672 ὁ
3139 615 3372 684 Ἰησοῦς
3394 632 3407 645 ·
3429 615 3538 677 Δός
3563 629 3662 680 μοι
3683 608 3838 663 πιεῖν
3862 607 3937 676 (Ol
3967 607 4076 675 τὺρ

2496 715 2751 786 μαθηταὶ
2778 710 2964 765 αὐτοῦ
2990 708 3480 775 ἀπεληλύθεισαν
3508 706 3592 768 εις
3617 703 3730 770 τὴν
3753 703 3954 761 πόλιν,
3977 697 4079 748 Ira

2503 808 2728 879 τροφὰς
2764 800 3155 875 ἀγοράσωσι).
3203 799 3374 870 Λέγει
3419 796 3578 862 αὑτῷ
3616 797 3656 865 ή
3685 793 3835 867 γυνὴ
3879 792 3919 860 η
3963 791 4076 844 Σα-

2501 900 2788 972 μαρεῖτις.

2578 995 2694 1046 Οὐκ
2727 991 2911 1062 ἠγνόει
2941 988 3034 1043 τοῦ
3066 986 3290 1056 γυναίου
3332 985 3432 1056 τὴν
3481 984 3663 1055 ἄφιξιν
3696 984 3724 1036 ὁ
3752 981 3960 1052 Σωτήρ.
4005 975 4076 1034 E5

2505 1086 2616 1156 γάρ
2637 1085 2701 1154 δὴ
2745 1086 2841 1138 καὶ
2874 1082 2994 1135 λίαν
3025 1080 3298 1152 ἠπίστατο
3325 1077 3459 1142 Θεὸς
3507 1077 3761 1149 ὑπάρχων
3809 1073 4077 1142 ἀληθινὸς,

2507 1180 2584 1243 ὡς
2614 1177 2812 1231 αὐτίκα
2858 1175 3127 1246 παρέσται
3165 1171 3374 1242 ψυχρὸν
3420 1169 3528 1222 ἀπὸ
3564 1170 3765 1240 κρήνης
3808 1166 4077 1236 ἀρυομένη

2508 1273 2570 1326 τὸ
2597 1275 2746 1341 νᾶμα
2780 1287 2794 1301 ο
2831 1267 3106 1337 ἐπειδὴδὲ
3165 1265 3374 1334 παρῆν.
3431 1263 3560 1315 εἴσω
3596 1261 3799 1332 βρόχων
3849 1261 4082 1310 ἐποιεῖτο

2511 1367 2573 1418 τὸ
2593 1365 2838 1434 θήραμα,
2865 1361 2960 1413 καὶ
2987 1359 3079 1410 τδν
3105 1358 3202 1426 τῆς
3230 1355 3580 1415 διδασκαλίας
3607 1352 3731 1404 εὐθὺ
3758 1349 4082 1403 κατατείνων
4135 1401 4138 1403 λ

2513 1459 2690 1526 λόγον,
2744 1454 2852 1507 ἀπὸ
2906 1451 3016 1504 τῶν
3065 1451 3122 1503 ὲν
3157 1448 3315 1518 χερσλ⁸
3362 1446 3701 1517 πραγμάτων
3733 1443 3963 1494 ἐποιεῖτο
3990 1441 4084 1506 τὴν

2513 1547 2767 1612 διάλεξιν.
2806 1545 2880 1597 Τὸ
2909 1543 3008 1614 μὲν
3032 1537 3124 1595 οὖν
3151 1537 3464 1611 μηδαμόθεν
3495 1536 3691 1607 χρῆναι
3725 1530 4085 1601 καταμολὺνε-

2519 1640 2666 1705 σθαι,
2690 1642 2804 1702 τοῖς
2843 1635 3117 1696 Ἰουδαίοις
3140 1635 3169 1684 ό
3205 1633 3368 1702 νόμος
3397 1624 3840 1700 ἐπραγματεύετο
3867 1639 3880 1652 '
3916 1619 4004 1673 διά
4030 1635 4084 1668 τε

2515 1731 2676 1784 τοῦτο
2711 1727 2915 1791 παντὸς
2956 1727 3262 1796 ἀναχωρεῖν
3293 1721 3604 1792 ἀκαθάρτου
3637 1715 3882 1770 διετύπου
3916 1714 4083 1780 1:9":-

2522 1840 2724 1893 ματος,
2756 1821 2852 1874 καὶ
2881 1821 3019 1890 μήτε
3059 1817 3423 1885 άλλογενέσιν,
3463 1814 3496 1886 ἢ
3539 1810 3927 1881 άπεριτμήτοις
3957 1806 4086 1886 ἀνα-

833 1923 1013 1993 potins
1044 1935 1208 1990 quam
1249 1920 1384 1988 legis
1419 1919 1686 1972 rationem
1735 1917 1929 1980 secuti,
1969 1925 2095 1970 c‘um
2151 1916 2414 1986 alienige-

2525 1912 2834 1985 μίσγεσθαι.
2884 1911 2948 1963 Οἱ
2980 1910 3059 1973 δὲ,
3095 1907 3170 1971 ὼς
3203 1906 3364 1958 πλέον
3391 1922 3447 1956 τι
3473 1900 3851 1964 πλεονάζοντες
3878 1896 3977 1964 τῆς
4008 1897 4089 1944 ev-

835 2029 1028 2069 narum
1056 2027 1275 2066 carnem
1307 2011 1700 2080 propemodum
1729 2021 1951 2080 tangere
1980 2023 2088 2062 non
2125 2008 2412 2071 auderent,

834 2109 888 2161 in
923 2121 1138 2160 onmem
1176 2120 1231 2158 se.
1263 2103 1638 2172 impuritatcm
1669 2100 1922 2171 delapsos
1951 2100 2298 2169 putabant,si
2333 2101 2414 2154 vel

834 2197 1119 2250 minimum
1156 2193 1372 2264 quidem
1408 2193 1721 2247 consentire
1764 2207 1890 2246 cum
1935 2192 2302 2247 Samaritanis
2333 2191 2415 2244 vi-

838 2291 1113 2342 derentur.
1143 2286 1376 2340 Tantum
1414 2294 1595 2340 autem
1642 2283 2041 2339 dissentiebant
2069 2285 2212 2339 inter
2241 2299 2321 2348 se,
2357 2291 2417 2336 ut

839 2395 1033 2449 aquam
1080 2388 1132 2432 et
1185 2379 1369 2432 cibum
1421 2386 1645 2447 gustare
1686 2377 1918 2441 nollent,
1954 2377 2048 2446 qui
2096 2377 2416 2446 alienigenae

839 2487 1003 2524 manu
1050 2479 1197 2524 esset
1228 2470 1467 2524 oblatus.
1513 2467 1581 2523 Ut
1631 2485 1761 2539 ergo
1809 2470 2129 2524 muliercula
2176 2471 2416 2525 novitate

841 2563 916 2615 rei
944 2568 1212 2613 commota
1246 2559 1592 2628 peregrinum
1641 2559 1978 2628 alloquatur,
2007 2573 2071 2611 ac
2103 2558 2417 2613 sciscitetur

841 2655 967 2722 quis
1016 2664 1067 2706 et
1131 2652 1277 2707 unde
1341 2652 1434 2717 sit,
1480 2659 1574 2704 aut
1615 2651 1777 2704 etiam
1835 2651 2111 2719 quomodo
2152 2648 2416 2705 Judaicos

845 2759 1026 2798 mores
1059 2753 1397 2807 contemnat,
1448 2750 1613 2812 atque
1667 2743 1742 2795 ita
1793 2741 2012 2797 demum
2068 2743 2136 2796 ad
2189 2756 2415 2811 scopum

845 2852 1006 2890 suum
1061 2835 1359 2904 perveniat,
1395 2835 1549 2888 sitire
1600 2849 1659 2888 se
1718 2834 1963 2896 simulat,
1994 2834 2186 2888 dicens
2222 2851 2234 2886 :
2282 2853 2300 2885 ι
2342 2833 2416 2888 Da

846 2928 978 2980 mihi
1009 2928 1209 2980 bibere.
1254 2945 1271 2976 ι
1310 2925 1403 2978 Illa
1438 2940 1566 2979 vero
1600 2927 1878 2996 respondit
1909 2943 1922 2978 :

2521 2006 2683 2077 τολῆς
2715 2004 2814 2075 τὴν
2861 2003 3113 2072 δύναμιν,
3149 1999 3245 2051 καὶ
3281 1995 3644 2055 εἰκαιοτάταις
3683 1990 3876 2061 μᾶλλον
3907 1990 4090 2053 ἐπιτη-

2527 2098 2767 2170 ρήσεσιν,
2803 2096 2838 2164 ἢ
2867 2096 2986 2157 ταῖς
3011 2090 3317 2162 ἀκριϐείαις
3348 2087 3455 2140 τῶν
3483 2085 3784 2154 λεγομένων
3805 2077 4086 2144 ἀκολουθήα

2523 2206 2738 2252 σαντες,
2797 2186 2907 2239 οὐδ’
2959 2187 3084 2238 ὅσον
3139 2181 3420 2249 άποθίγειν
3470 2179 3566 2251 τῆς
3619 2175 3725 2228 τῶν
3785 2169 4092 2239 ἁλλοεξὺὶων

2527 2281 2730 2350 σαρκὸς
2761 2277 3198 2348 ἀποτολμῶντες,
3229 2264 3446 2342 ἁπάσηξ
3467 2271 3596 2323 εἴσω
3640 2271 3822 2320 πεσεῖν
3856 2261 4088 2329 ἀκαθαρ-

2526 2375 2647 2437 σίας
2686 2372 2959 2443 ἐνόμιζον,
2987 2372 3036 2423 εἰ
3071 2369 3213 2424 κατά
3237 2385 3290 2420 τι
3328 2365 3458 2435 γοῦν
3486 2362 3697 2432 ὀφθεῖεν
3733 2361 3864 2419 ὅλως
3915 2356 4090 2423 Σαμα-

2526 2467 2730 2540 ρείταις
2755 2464 3164 2535 συμϐαίνοντες.
3189 2462 3284 2524 Εἰς
3311 2457 3564 2512 τοσοῦτον
3591 2455 3646 2508 δὲ
3670 2453 3845 2512 αὐτοῖς
3888 2449 3952 2501 τὰ
3995 2445 4089 2510 τῆς

2523 2559 2856 2620 διαστάσεως
2879 2555 3078 2627 ἐχώρει
3116 2554 3325 2616 λοιπὸν,
3379 2551 3453 2614 ὡς
3490 2550 3582 2603 καὶ
3628 2547 3811 2608 ὓδατος
3846 2542 3936 2596 καὶ
3976 2555 4091 2608 τρο-

2525 2653 2631 2722 φῆς
2662 2648 3028 2717 ἀπογεύεσθαι
3062 2647 3293 2718 ναρκᾷν,
3323 2645 3423 2714 τῆς
3452 2641 3540 2695 διὰ
3576 2639 3754 2711 χειρὸς
3783 2631 4088 2701 ditio-editum

2525 2743 3058 2816 προσκομιζομὲνης.
3078 2743 3196 2794 Ἵνα
3217 2741 3394 2793 τοίνυν
3414 2735 3754 2804 ξενοφωνήσῃ
3775 2733 3835 2782 τδ
3852 2729 4088 2796 γύναιον,

2526 2837 2620 2888 καὶ
2649 2837 2710 2888 τὸ
2740 2833 3009 2904 ἀσύνηθες
3026 2832 3176 2902 αὑτῷ
3201 2831 3407 2901 καλέσῃ
3441 2827 3574 2898 πρὸς
3611 2825 3853 2895 ζήτησιν,
3892 2821 3970 2881 τίς
3996 2816 4092 2886 μὲν

2531 2927 2662 2998 sim.
2687 2929 2781 2981 καὶ
2815 2926 3000 2992 πόθεν,
3049 2925 3084 2995 ἢ
3139 2925 3233 2977 καὶ
3275 2925 3421 2983 ὅπως
3454 2919 3559 2972 τῶν
3598 2911 3897 2970 Ἰουδαϊκῶν
3963 2925 4090 2961 κατ-

845 3017 1143 3088 εφρόνησεν
1168 3015 1328 3080 ἐθῶν,
1391 3016 1532 3068 οὑτω
1555 3033 1614 3068 τε
1648 3014 1832 3068 λοιπὸν
1855 3015 1884 3068 ό
1921 3014 2078 3083 λόγος
2106 3014 2199 3067 ἐπὶ
2235 3014 2325 3069 τὸν
2370 3017 2568 3070 οἰκεῖον
2600 3019 2794 3089 βαδίζῃ
2833 3018 3055 3082 σκοπὸν,
3123 3018 3217 3070 καὶ
3281 3015 3344 3069 τὸ
3409 3015 3564 3085 διψῇν
3606 3010 3965 3080 ὑποκρίνεται,
4011 3001 4090 3054 λέ·

848 3128 978 3179 γων’
1027 3131 1045 3161 ι
1084 3110 1180 3172 Δὸς
1211 3126 1299 3179 μοι
1327 3111 1490 3160 πιεῖν.
1529 3127 1547 3158 ι
1591 3109 1655 3160 Ἠ
1679 3107 1735 3161 δὲ
1759 3107 1883 3177 ἔφη’

920 3205 1010 3269 ιγ,
1041 3205 1094 3260 9.
1127 3203 1398 3269 Quomodo
1437 3215 1514 3269 tu,
1543 3201 1765 3258 Judazus
1799 3218 1918 3256 cum
1947 3204 2044 3267 sis,
2075 3203 2246 3258 bibere
2271 3223 2302 3258 a
2335 3222 2414 3260 me

2593 3207 2727 3274 Πῶς
2751 3207 2833 3261 σὺ
2865 3205 3154 3271 Ἰουδαῖος
3199 3203 3305 3268 ὢν,
3351 3199 3488 3271 παρ’
3532 3198 3676 3270 ἐμοῦ
3728 3193 3884 3249 πιεῖν
3917 3191 4090 3254 σιτεῖς

847 3300 1043 3367 poscis,
1096 3315 1214 3368 quis
1272 3313 1388 3350 sum
1443 3297 1633 3350 mulier
1677 3295 2064 3352 Samaritana?
2118 3296 2236 3352 Non
2282 3299 2422 3352 enim

2528 3288 2816 3372 γυναικόῤ
2847 3297 3269 3368 Σαμαρείτιδος
3297 3295 3486 3364 οὔσης
3508 3312 3526 3358 ;
3556 3295 3636 3346 Ob
3657 3290 3766 3361 τὰρ
3787 3283 4086 3356 συγχρῶν-

853 3391 1014 3462 180
1029 3387 1506 3443 coutnnturluda'i
1528 3386 1910 3442 Samaritanis.
1935 3386 2218 3458 Respondit
2244 3388 2423 3454 Jcsus,

848 3497 897 3539 et
931 3487 1064 3538 dixit
1094 3485 1161 3540 ei.

923 3576 1215 3646 Inquisitio
1254 3575 1472 3629 initium
1513 3583 1597 3629 est
1653 3575 1924 3637 discendi,
1973 3583 2029 3630 et
2087 3576 2430 3632 addubitatio

856 3672 1009 3723 radix
1077 3668 1416 3738 intelligendi
1479 3683 1602 3737 qua:
1660 3668 1998 3737 ignoramus.
2049 3668 2161 3723 lloc
2213 3671 2430 3725 initium

854 3779 1037 3818 sermo
1088 3763 1327 3832 capessit
1386 3780 1398 3814 :
1457 3759 1794 3830 proindeque
1847 3761 2099 3815 Salvator
2157 3764 2433 3832 sapienter

856 3871 1076 3926 quoque
1119 3854 1356 3924 tingebat
1386 3868 1445 3907 se
1477 3850 1790 3906 Iudaeorum
1815 3869 1998 3908 mores
2019 3854 2176 3908 nihili
2204 3855 2425 3910 ducere.

929 4026 1016 4090 IV,
1053 4028 1140 4081 ll).
1188 4025 1247 4081 Si
1276 4029 1434 4080 scires
1466 4027 1662 4079 donum
1701 4025 1817 4090 Dei,
1846 4038 1896 4080 et
1922 4030 2039 4098 quis
2069 4040 2146 4084 est
2177 4033 2268 4101 qui
2294 4034 2424 4086 dicit

859 4121 993 4172 tibi:
1025 4118 1105 4171 Da
1134 4118 1262 4171 milii
1292 4119 1465 4171 bibere
1490 4135 1508 4171 :
1544 4130 1600 4170 tu
1635 4119 1862 4186 (bi-sitan
1900 4121 2138 4188 petiisses
2166 4123 2230 4175 ab
2269 4140 2351 4186 eo,
2385 4135 2434 4177 et

858 4209 1086 4262 dedisset
1119 4209 1213 4260 tibi
1247 4225 1437 4277 aquam
1467 4209 1653 4261 vivant.
1687 4207 1826 4262 Dicit
1855 4211 1902 4262 ei
1932 4213 2148 4266 mulier.

924 4407 1445 4476 Supramundanam
1512 4415 1566 4460 et
1627 4409 2092 4478 supercaalestem.
2158 4410 2436 4481 Unigeniti

863 4499 1227 4559 substantiam
1275 4513 1400 4551 cum
1458 4514 1566 4553 non
1618 4511 1826 4563 nosset,
1861 4501 1969 4554 imo
2000 4517 2127 4556 vero
2172 4517 2296 4556 cum
2355 4504 2438 4557 in-

861 4599 1148 4644 carnatum
1215 4587 1448 4644 Verbum
1519 4593 1739 4660 penitus
1815 4591 2117 4662 ignoraret,
2185 4592 2434 4648 Judaeum
2473 4631 2517 4687 ι)

865 4686 1041 4752 ipsum
1088 4682 1286 4736 mulier
1320 4683 1660 4738 nominabat.
1696 4685 1761 4738 Et
1794 4683 1863 4738 ad
1918 4685 2022 4739 hoc
2049 4687 2270 4755 quidem
2310 4702 2434 4740 cum

865 4773 1048 4826 fructu
1081 4771 1225 4834 silet,
1251 4781 1308 4825 ut
1358 4774 1615 4842 colloquii
1678 4776 1819 4828 ratio
1861 4789 2081 4829 sursum
2133 4784 2434 4829 constaret.

864 4865 1253 4920 Verumtamen
1287 4864 1354 4918 ad
1385 4865 1766 4920 sublimiorem
1796 4866 1864 4920 de
1900 4867 2019 4934 ipso
2048 4867 2436 4936 cogitationem

863 4973 982 5012 eam
1012 4947 1211 5020 evehit,
1241 4969 1364 5008 cum
1395 4957 1607 5011 nescire
1636 4957 1810 5025 ipsam
1844 4957 1921 5009 ait
1966 4957 2092 5026 quis
2123 4958 2213 5011 ille
2242 4959 2314 5011 sit
2341 4958 2436 5026 qui

866 5055 1059 5116 potum
1082 5047 1241 5116 petit,
1267 5056 1363 5099 aut.
1385 5059 1592 5116 quanta
1622 5047 1796 5117 gratia
1827 5049 2053 5116 praedita
2079 5049 2189 5102 sint
2225 5063 2288 5102 ea
2317 5064 2438 5117 quae

865 5139 1125 5194 divinitus
1181 5139 1566 5194 conceduntur
1603 5156 1617 5192 :
1653 5155 1775 5209 quae
1822 5141 1868 5194 si
1924 5141 2182 5194 nimirum
2234 5155 2439 5209 cogno-

866 5240 1066 5292 sceret,
1101 5233 1166 5286 iis
1188 5245 1379 5286 carere
1421 5247 1480 5288 se
1523 5246 1634 5284 non
1677 5241 1978 5301 pateretur,
2010 5231 2104 5286 sed
2143 5231 2438 5288 Dominum

866 5323 1014 5390 prior
1045 5322 1136 5375 illa
1167 5331 1432 5391 rogasset.
1463 5319 1558 5376 l‘l-is
1593 5322 1777 5389 itaque
1810 5322 1994 5375 verbis
2027 5339 2146 5376 eam
2185 5323 2436 5394 instigat,

867 5427 925 5468 ut
948 5430 1009 5469 ea
1041 5414 1252 5468 discere
1279 5414 1624 5482 summepere
1655 5414 1804 5467 velit.
1836 5410 2079 5467 Observa
2112 5422 2293 5469 autem
2327 5431 2438 5484 quo

867 5515 1025 5575 pacto
1064 5507 1358 5574 genuinum
1393 5513 1446 5559 et
1474 5505 1660 5573 procul
1694 5505 1761 5558 ab
1781 5505 1930 5558 omni
1957 5503 2097 5558 fastu
2132 5522 2437 5560 ser-nionem

869 5597 1184 5660 instituens,
1209 5596 1450 5664 seipsum
1487 5595 1651 5648 Deum
1687 5609 1811 5649 esse
1841 5594 1993 5658 dicit,
2029 5595 2151 5649 licet
2179 5597 2336 5649 lardo
2373 5598 2443 5650 sit

869 5688 1088 5757 ingenio
1120 5687 1335 5741 mulier.
1365 5684 1500 5738 Nam
1544 5684 1926 5755 persuadendo
1959 5684 2051 5740 Dei
2104 5685 2306 5740 donum
2343 5689 2440 5740 mi-

870 5779 1003 5838 rari,
1041 5777 1206 5846 hujus
1247 5777 1488 5846 seipsmn
1521 5776 1842 5846 largitorem
1875 5775 2142 5831 insinuat.
2189 5775 2245 5829 Si
2293 5777 2441 5830 enim

873 5871 1018 5927 clare
1049 5871 1219 5925 scires
1259 5869 1462 5924 donum
1496 5867 1613 5937 Dei,
1649 5877 1700 5924 ct
1731 5867 1856 5937 quis
1902 5869 1975 5923 sit
2015 5869 2106 5936 qui
2157 5867 2292 5923 dicit
2323 5867 2441 5930 tibi,

2530 3411 2626 3448 ται
2675 3391 2946 3447 Ἰουδαῖοι
2996 3391 3406 3460 Σαμαρείταις.
3482 3385 3790 3452 Ἀπεκρίθη
3845 3377 4089 3446 Ἰησοῦς.

2531 3485 2627 3538 καὶ
2665 3478 2837 3536 εἶπεν
2864 3478 3042 3548 αὐτῇ.
3077 3519 3081 3530 ,

2613 3575 2780 3648 Ἀρχὴ
2813 3573 3100 3644 μαθήσεως
3133 3569 3378 3640 ζήτησις,
3408 3565 3505 3620 καὶ
3540 3565 3662 3636 ῥίζα
3699 3565 3794 3633 τῆς
3838 3561 3930 3614 ἐπί
3961 3577 4092 3612 τισιν

2531 3666 2917 3736 ἀγνοουμένοις
2967 3661 3254 3724 συνέσεως,
3303 3662 3335 3729 ἡ
3374 3659 3500 3725 περὶ
3531 3654 3705 3708 αὑτῶν
3738 3651 4088 3719 ἐπαπόρησις.

2533 3759 2748 3829 Ταύτην
2773 3760 2800 3811 ό
2827 3757 2984 3825 λόγος
3025 3756 3166 3808 ἑλεῖν
3208 3751 3464 3820 ἐπιθυμεῖ
3507 3749 3604 3819 τὴν
3644 3747 3813 3814 ἀρχὴν
3840 3762 3852 3774 ·
3901 3743 3986 3794 διά
4019 3760 4092 3792 τοι

2533 3849 2692 3903 τοῦτο
2720 3851 2815 3902 καὶ
2845 3847 2906 3901 τὸ
2933 3847 3109 3900 δοκεῖν
3133 3841 3382 3914 ἡγεῖσθαι
3412 3839 3576 3910 μηδὲν
3607 3839 3672 3891 τά
3693 3836 3801 3890 τῶν
3837 3832 4094 3888 Ἰουδαίων

2535 3941 2653 4010 ἔθη,
2687 3940 2866 4008 σοφῶς
2898 3942 2926 3993 ὁ
2956 3939 3148 4008 Σωτὴρ
3181 3933 3579 3988 ὑπεπλάττετο.

2607 4040 2674 4091 El
2704 4035 2870 4105 ᾕδεις
2906 4033 3023 4103 τὴν
3053 4031 3280 4099 δωρεὰν
3319 4027 3424 4082 τοῦ
3453 4024 3619 4090 Θεοῦ,
3656 4021 3754 4075 καὶ
3806 4021 3898 4084 τίς
3937 4018 4097 4069 ἐστιν

2537 4134 2570 4186 ό
2599 4129 2792 4198 λέγων
2821 4144 2919 4181 σοι
2939 4165 2954 4190 ,
3004 4127 3116 4189 Δός
3145 4141 3245 4193 μοι
3282 4120 3459 4182 πιεῖν,
3492 4119 3572 4172 σὺ
3604 4117 3678 4170 ἂν
3718 4115 3948 4182 ᾔτησας
3986 4108 4094 4198 ιη’·-

2537 4197 2688 4283 τὸν,
2733 4219 2830 4272 καὶ
2880 4215 3064 4272 ἔδωκέ
3116 4231 3216 4269 σοι
3257 4212 3411 4279 ὕδωρ
3459 4209 3588 4269 ζῶν.
3629 4206 3798 4274 Λέγει
3852 4197 4011 4263 αὐτῷ
4067 4207 4093 4271 ἡ

2539 4312 2716 4382 γυνή.

2611 4404 2722 4473 Τὴν
2749 4399 3116 4471 ὑπερκόσμιόν
3147 4413 3206 4450 τε
3236 4397 3329 4450 καὶ
3371 4390 3758 4462 ὑπερουράνιον
3796 4385 3902 4438 οὑκ
3935 4380 4097 4433 εἰδυῖα

2539 4496 2635 4548 τοῦ
2653 4471 2989 4562 Μονογενοῦς
3010 4489 3219 4552 οὐσίαν,
3250 4487 3449 4558 μᾶλλον
3467 4485 3520 4537 δὲ
3537 4480 3802 4548 ἀγνοοῦσα
3831 4471 4096 4531 παντελῶς

2542 4588 2634 4641 τὸν
2670 4585 3174 4656 ὲνανθρωπήσαντα
3209 4581 3401 4646 Λόγον,
3438 4575 3682 4629 Ἰουδαῖον
3707 4569 3866 4624 αὑτὸν
3896 4568 4096 4635 ὠνόμα-

2543 4681 2636 4744 ζεν
2691 4681 2725 4749 ή
2765 4678 2925 4746 γυνή.
2957 4676 3066 4728 Καὶ
3088 4673 3270 4741 σιωπᾷ
3295 4670 3391 4739 μὲν
3435 4667 3568 4736 πρὸς
3603 4663 3774 4749 τοῦτο
3802 4659 4095 4749 χρησίμως.

2543 4771 2631 4824 ἵνα
2664 4766 2904 4836 σώζηται
2920 4763 3080 4817 πάλιν
3099 4764 3131 4830 ἡ
3161 4759 3254 4812 τοῦ
3291 4757 3422 4826 πρὸς
3457 4752 3621 4820 αίσὴν
3652 4748 3904 4808 ὑπόθεσις
3932 4745 4093 4810 λόγου.

2543 4863 2828 4932 Ἀναφέρει
2855 4860 2899 4912 δ’
2922 4853 3014 4910 οὖν
3041 4857 3188 4925 ὅμως
3214 4854 3292 4914 εἰς
3337 4847 3670 4919 ὑψηλοτέραν
3700 4845 3797 4911 τὴν
3832 4841 3962 4910 περὶ
3989 4838 4097 4932 μαι·

2542 4954 2637 5008 τοῦ
2656 4953 2926 5021 διάληψιν,
2960 4950 3060 5001 οὑκ
3092 4946 3286 4998 εἰδέναι
3308 4942 3504 5011 λέγων,
3539 4938 3619 4999 τίς
3644 4938 3670 4988 ὁ
3701 4933 3859 4985 ποτὸν
3883 4929 4095 4996 αἰτήσας

2545 5048 2714 5112 ἐστὶν,
2747 5045 2781 5114 ἢ
2802 5019 2904 5096 καὶ
2933 5043 3064 5109 ὅσην
3095 5040 3204 5108 ἔχει
3238 5037 3336 5106 τὴν
3367 5034 3526 5104 χάριν
3551 5030 3618 5081 τά
3641 5025 3825 5078 θεόθεν
3847 5019 4098 5114 χορηγούο

2550 5153 2706 5207 μενοι,
2727 5136 2801 5196 ὡς
2825 5135 2981 5202 εἴπερ
3016 5131 3128 5199 ἔχοι
3153 5129 3250 5196 τὴν
3283 5123 3502 5192 γνῶσιν,
3557 5119 3655 5170 οὑκ
3709 5115 3774 5168 ἂν
3814 5110 4097 5180 ὑστερίζειν

2545 5202 2836 5298 ἠνέσχετο·
2874 5224 3042 5294 ᾔτησε
3090 5221 3198 5289 γάρ
3253 5218 3316 5270 ἂν
3371 5207 3711 5284 προλαϐοῦσα
3757 5205 3848 5258 τὸν
3885 5202 4095 5270 Κύριον.

2545 5296 2812 5390 Ἐρεθίζει
2840 5317 2940 5385 μὲν
2967 5311 3058 5366 οὖν
3083 5311 3170 5364 διὰ
3202 5308 3424 5368 τούτων,
3452 5305 3527 5372 είς
3563 5301 3622 5353 τὸ
3652 5299 3745 5352 καὶ
3775 5297 3892 5348 λίαν
3918 5296 4099 5346 ἐσπου-

2544 5410 2823 5479 δασμένως
2876 5405 3127 5474 ἐθελῆσαι
3177 5401 3384 5472 μαθεῖν.
3405 5397 3682 5465 Ἐπιτήρει
3719 5389 3776 5442 δὲ
3823 5389 3986 5447 ὅπως,
4018 5383 4096 5434 ei"

2548 5503 2660 5569 φυᾶ.
2693 5500 2757 5567 δὴ
2796 5499 2888 5551 καὶ
2922 5495 3016 5549 νῦν
3051 5495 3143 5547 καὶ
3185 5494 3397 5561 κόμπου
3438 5487 3639 5556 γυμνὸν
3670 5478 3995 5549 ἐπιτηδείων
4019 5479 4100 5527 45-

2548 5609 2666 5660 γον,
2720 5590 2852 5641 Θεὸν
2895 5587 3082 5640 ἑαυτὸν
3122 5580 3261 5636 εἷναί
3293 5598 3474 5651 φησιν,
3510 5579 3557 5629 εἰ
3603 5576 3692 5628 καὶ
3728 5571 3943 5642 βραδεῖα
3977 5567 4097 5632 τιδέ

2547 5686 2606 5736 τὸ
2645 5683 2901 5736 δύνασθαι
2930 5682 3068 5731 νοεῖν
3101 5680 3132 5747 ἡ
3166 5677 3319 5744 γυνή.
3374 5666 3799 5738 Ἀποθαυςιάζειν
3845 5663 3946 5730 γὰρ
3985 5660 4098 5708 ά.;ο

2553 5777 2755 5829 πείθων
2775 5774 2873 5842 τὴν
2901 5773 2993 5825 τοῦ
3020 5770 3152 5824 Θεοῦ
3178 5766 3405 5839 δωρεάν.
3437 5763 3635 5830 ταύτης
3654 5757 3838 5811 ἑαυτὸν
3877 5755 4097 5817 sinapi

2551 5863 2787 5933 χορηγόν
2824 5879 2834 5890 °
2863 5863 2910 5914 εἰ
2935 5861 3039 5931 γάρ
3082 5860 3224 5929 ᾔδεις
3255 5855 3437 5925 casti);
3462 5853 3557 5921 τὴν
3591 5851 3724 5920 imp:
3738 5849 3796 5900 ἂν
3827 5843 3913 5897 τοῦ
3950 5841 4036 5894 Θεε
4056 5863 4094 5896 λ.
