4222 6510
267 418 369 472 297

1262 412 1324 463 IN
1362 410 1653 467 JOANNIS
1684 408 2145 465 EVANGELIUM
2187 409 2312 464 LIB.
2358 412 2421 466 Il.

3414 417 3522 474 298

262 533 356 586 καὶ
393 530 476 591 τίς
511 528 656 578 ἐστιν
684 526 711 578 δ
740 525 912 592 λέγων
949 540 1050 589 σοι,
1077 523 1140 576 σὺ
1172 523 1236 575 ἂν
1270 523 1479 594 ᾔτησας
1506 524 1668 576 αὐτόν
1699 540 1710 551 ο
1743 524 1844 576 τίνι

1952 530 2008 575 ιιι
2042 523 2277 592 petisses
2304 523 2473 581 abeo.
2502 522 2599 579 Cui
2621 524 2767 577 enim
2799 524 3057 579 convenit
3084 540 3146 580 ea
3178 525 3361 598 largiri
3400 548 3521 600 qua:

260 623 304 675 δ’
342 622 407 675 ἀν
455 620 548 671 καὶ
600 616 799 687 πρέποι
841 615 901 667 ab
949 612 1269 684 χαρίζεσθαι
1320 613 1388 666 τὰ
1418 612 1511 665 τοῦ
1549 612 1719 677 Θεοῠ;
1750 611 1842 681 Μὴ

261 716 381 783 οὐχὶ
406 712 546 765 κατὰ
585 710 746 778 φύσιν
778 706 1028 776 δντιΘεῷ
1057 724 1071 771 ;
1110 706 1295 775 ’Ύδωρ
1341 706 1397 758 δὲ
1424 704 1531 768 ζῶν
1577 705 1845 758 ἀποκαλεῖ

261 802 362 870 τὴν
390 797 652 863 ζωοποιὸν
679 794 773 848 τοῦ
798 795 1112 864 Πνεύματος
1138 794 1309 859 δόσιν,
1335 794 1407 846 δι’
1451 790 1519 864 ἦς
1548 795 1641 846 καὶ
1678 794 1845 863 μόνης

264 896 293 964 ἕ)
326 888 704 960 ἀνθρωπὸτης,
741 886 921 941 καίτοι
942 887 1054 948 τοῖς
1076 886 1132 937 ἐν
1158 885 1310 956 ὄρεσι
1344 884 1610 954 πρέμνοις
1637 886 1846 938 ἀναινο-

264 985 400 1055 μένη
436 978 856 1051 παραπλησίως,
884 977 1026 1048 ξηρά
1050 994 1109 1029 τε
1135 977 1259 1048 ἤδη,
1293 978 1387 1030 καὶ
1429 977 1609 1045 πάσης
1653 977 1846 1043 ἄγονος

261 1076 460 1147 ἀρετῆς
533 1074 653 1134 ταῖς
716 1069 809 1122 τοῦ
858 1068 1101 1122 διαϐόλου
1138 1069 1494 1138 κακουργίαις
1551 1068 1848 1136 ἀναδεδειγ-

264 1168 428 1237 μένη,
457 1165 595 1235 πρὸς
629 1163 687 1216 τὸ
717 1162 943 1232 ἀρχαῖον
977 1160 1263 1230 ἀνατρέχει
1315 1159 1410 1229 τῆς
1456 1158 1671 1227 φύσεως
1720 1158 1847 1212 κάλ-

263 1256 373 1318 λος,
405 1256 499 1307 καὶ
548 1253 645 1321 τὴν
695 1248 959 1314 ζωοποιὸν
1008 1249 1307 1302 ἐκτείνουσα
1363 1248 1543 1319 χάριν,
1581 1247 1847 1318 πολυτρό-

264 1364 388 1409 ποις
442 1345 661 1413 ἀγαθῶν
725 1343 889 1405 ἰδέαις
941 1340 1385 1410 περιανθίζεται,
1453 1340 1547 1393 καὶ
1611 1344 1690 1402 εἰς
1736 1337 1848 1402 ἕξιν

264 1438 661 1493 ἀναθλαστῶσα
685 1437 783 1506 τὴν
815 1436 1125 1506 φιλάρετον,
1150 1435 1618 1504 εὐτραφεστάτους
1643 1433 1741 1502 τῆς
1771 1434 1849 1497 είς

264 1530 399 1583 Θεὸν
439 1529 661 1598 ἀγάπης
677 1528 859 1597 ἀνίησι
890 1526 1121 1588 κλῶνας.
1160 1524 1411 1577 Τοιοῦτον
1445 1525 1500 1577 δέ
1535 1543 1607 1591 τι,
1642 1528 1736 1578 καὶ
1762 1524 1849 1577 διά

264 1620 359 1672 τοῦ
423 1621 703 1689 προφήτου
762 1619 925 1687 φησιν
973 1617 1191 1670 Ἡσαΐου
1244 1616 1381 1687 πρὸς
1432 1617 1580 1685 ἡμᾶς
1624 1618 1651 1667 ό
1695 1616 1846 1679 Θοεός⁸

271 1731 292 1762 ι
329 1710 626 1780 Εὐλογήσει
663 1726 730 1778 με
758 1708 824 1760 τά
853 1707 1017 1777 θηρία
1054 1707 1148 1759 τοῦ
1187 1706 1382 1775 ἀγροῦ,
1437 1708 1711 1777 σειρῆνες,
1754 1706 1851 1759 καὶ

267 1802 571 1870 θυγατέρες
607 1798 904 1868 στρουθῶν,
934 1799 1015 1851 ὅτι
1055 1797 1233 1850 ἔδωκα
1272 1800 1330 1850 ἐν
1366 1801 1432 1868 τῇ
1466 1799 1657 1868 ἐρήμῳ
1682 1796 1847 1867 ὕδωρ,

1950 612 2045 667 Dei
2081 614 2248 667 sunt?
2277 614 2359 668 An
2395 629 2503 668 non
2534 616 2583 669 ci
2616 616 2711 682 qui
2752 616 3051 670 secundum
3084 628 3335 672 naturam
3376 618 3521 674 Deus

1948 706 2071 759 est?
2099 705 2311 774 Aquam
2357 713 2537 759 autem
2569 707 2745 760 vivam
2778 709 3013 776 appellat
3064 700 3342 764 viviﬁcum
3387 711 3521 765 illud

1952 798 2193 865 Spiritus
2217 797 2442 862 donum,
2470 814 2566 867 per
2597 798 2743 868 quod
2773 800 2951 855 solum
2982 802 3296 858 humanitas
3328 819 3524 874 quam-

1948 890 2033 943 vis
2074 888 2301 959 perinde
2352 904 2415 944 ac
2466 893 2710 945 montani
2745 892 2965 961 stipites
3002 909 3232 963 prorsus
3280 896 3525 952 arefacta

1949 987 2003 1032 et
2025 980 2203 1033 omnis
2235 979 2448 1035 fructus
2497 996 2692 1049 expers
2735 982 2939 1037 diaboli
2972 983 3170 1041 fraude
3212 987 3425 1041 reddita
3454 989 3524 1042 ad

1949 1079 2191 1127 veterem
2224 1081 2435 1127 natura:
2467 1074 2933 1144 pulchritudinem
2968 1085 3280 1145 revocatur,
3307 1090 3359 1135 et
3388 1081 3526 1134 vivi-

1952 1161 2109 1215 ﬁcam
2160 1165 2393 1231 gratiam
2436 1166 2663 1220 ehibens
2707 1166 2878 1221 variis
2921 1167 3185 1223 bonorum
3229 1173 3526 1241 generibus

1951 1254 2264 1321 redimitur,
2288 1265 2343 1309 et
2376 1255 2444 1309 ad
2470 1258 2687 1313 virtutis
2719 1259 2963 1313 studiqu
2992 1263 3330 1329 repullulans
3364 1266 3527 1321 uber-

1952 1346 2125 1401 rimos
2156 1347 2467 1401 dilectionis
2500 1346 2593 1402 Dei
2644 1364 2829 1405 ramos
2858 1350 2989 1403 edit.
3024 1350 3155 1406 Tale
3205 1369 3334 1407 vero
3366 1355 3527 1423 quid-

1952 1436 2075 1489 dam
2130 1437 2290 1491 nobis
2339 1453 2560 1507 quoque
2613 1437 2759 1493 Deus
2806 1455 2901 1508 per
2954 1440 3152 1495 Isaiam
3207 1442 3525 1512 prophetam

1953 1525 2030 1578 ait
2068 1544 2080 1578 :
2124 1544 2142 1576 ι
2185 1524 2585 1581 Gloriticabunt
2641 1543 2728 1583 me
2766 1529 2957 1583 bestiae
3005 1531 3139 1600 agri,
3193 1533 3429 1597 Sirenes,
3475 1545 3531 1588 ct

1952 1617 2075 1669 ﬁliae
2108 1618 2508 1681 struthionum,
2542 1618 2670 1688 quia
2733 1619 2857 1674 dedi
2908 1621 2962 1674 in
3011 1622 3228 1677 deserto
3276 1639 3449 1695 aquas
3475 1635 3533 1679 et

1951 1707 2178 1760 ﬂumina
2211 1709 2265 1761 in
2296 1708 2667 1779 inaquoso,ut
2694 1710 2885 1767 bibere
2916 1712 3114 1767 faciam
3144 1730 3317 1784 genus
3343 1732 3530 1771 meum

1952 1800 2222 1870 electum;
2267 1803 2528 1871 populum
2566 1817 2747 1858 meum
2788 1819 2950 1875 quem
2999 1807 3291 1875 acquisivi,
3318 1816 3375 1861 ut
3413 1807 3530 1861 vir-

266 1895 362 1946 καὶ
397 1892 672 1961 ποταμοὺς
703 1892 761 1943 ἐν
790 1892 856 1960 τῇ
902 1889 1137 1959 ἀνύδρῳ,
1172 1890 1391 1942 ποτίσαι
1440 1889 1501 1941 τὸ
1542 1888 1697 1957 γένος
1748 1906 1847 1957 μου

1952 1900 2097 1947 tutes
2134 1908 2284 1947 meas
2334 1902 2524 1948 narret
2557 1894 2622 1949 ⁸³.
2666 1913 2683 1945 ι
2720 1893 2861 1950 Justi
2903 1912 3069 1966 porro
3122 1900 3361 1953 animam
3412 1899 3532 1955 fore

265 1985 329 2038 τὸ
344 1984 616 2044 ἐκλεκτὸν,
643 1982 768 2036 λαὸν
797 1999 897 2052 μου
932 1981 989 2033 ὃν
1014 1981 1491 2052 περιεποιησάμην
1516 1981 1617 2041 τὰς
1647 1980 1851 2050 ἀρετάς

269 2093 372 2147 μου
402 2075 726 2146 διηγεῖσθαι.
765 2093 782 2124 ι
824 2072 1163 2127 Ἔσεσθαιδέ
1214 2074 1308 2126 καὶ
1347 2074 1446 2143 τὴν
1497 2073 1592 2126 τοῦ
1635 2072 1847 2126 δικαίου

265 2168 467 2238 ψυχὴν,
501 2167 576 2229 ὠς
612 2165 767 2231 ξύλον
796 2164 1095 2236 ἔγκαρπον,
1124 2165 1309 2235 ἕτερός
1336 2181 1469 2234 φησι
1514 2166 1625 2217 τῶν
1655 2164 1848 2232 ἁγίων⁹

266 2261 363 2313 καὶ
408 2258 686 2311 ἀνατελεῖν
738 2259 854 2327 μὲν,
906 2257 1037 2309 ὡσεὶ
1074 2258 1267 2328 χόρτον
1314 2257 1590 2326 άναμέσον
1636 2256 1847 2321 ὓδατος,

267 2350 605 2421 ὀφθήσεσθαι
646 2350 701 2403 δέ
729 2350 802 2412 ὡς
841 2349 987 2402 ἰτέαν
1023 2351 1115 2402 ἐπὶ
1144 2348 1459 2421 παραρρέον
1482 2346 1649 2419 ὕδωρ.
1684 2350 1852 2402 Δυνα-

266 2445 362 2498 τὸν
395 2446 494 2514 μὲν
520 2439 612 2496 οὖν
654 2444 767 2506 τοῖς
802 2442 1115 2513 εἰρημένοις
1171 2443 1264 2494 καὶ
1306 2441 1498 2514 ἐτέρας
1543 2442 1691 2512 ἡμᾶς
1730 2443 1849 2494 ἐπι-

271 2536 534 2606 σωρεύειν
561 2535 661 2597 τάς
682 2534 789 2587 ἀπὸ
810 2534 912 2603 τῆς
958 2534 1109 2597 θείας
1150 2535 1373 2606 Γραφῆς
1415 2532 1747 2604 μαρτυρίας,
1786 2533 1852 2586 δι’

268 2621 349 2681 ὧν
391 2624 457 2697 ἦν
508 2627 601 2680 καὶ
643 2627 790 2695 μάλα
810 2626 1003 2699 ῥᾳδίως
1051 2626 1432 2689 ἐπιδεικνύειν,
1465 2624 1539 2687 ὡς
1573 2625 1633 2677 ἐν
1662 2623 1855 2689 ὕδατος

270 2718 613 2790 προσηγορία
641 2719 703 2769 τὸ
728 2718 869 2771 θεῖον
913 2717 1172 2779 πολλάκις
1223 2716 1647 2787 κατωνόμασται
1688 2716 1855 2771 πνεῦ-

1926 1991 2213 2053 -tanquam
2276 1984 2483 2053 lignum
2548 1983 2896 2040 fruetiferum
2953 1988 3092 2043 alter
3156 1989 3318 2044 nobis
3368 1991 3526 2059 181

1952 2082 2180 2129 sanctus
2217 2075 2385 2137 canit,
2429 2083 2483 2129 et
2516 2077 2780 2131 orituram
2829 2078 2974 2133 sicut
3026 2079 3210 2133 fenum
3260 2081 3316 2133 in
3350 2082 3532 2136 medio

1953 2182 2144 2237 aqua,
2192 2175 2248 2221 et
2319 2168 2467 2221 sicut
2543 2170 2765 2224 salicem
2828 2187 2995 2241 super
3072 2170 3533 2243 praeterﬂuentem

1954 2273 2151 2329 aquam
2170 2258 2236 2314 δ’.
2253 2258 2478 2314 Possem
2499 2261 2584 2315 his
2611 2262 2711 2315 alia
2737 2264 3020 2332 complura
3046 2264 3358 2320 testimonia
3383 2263 3533 2319 Scri-

1956 2360 2132 2422 ptura:
2153 2352 2473 2424 adjungere,
2499 2356 2702 2424 quibus
2726 2355 3044 2411 facillimum
3077 2366 3223 2413 esset
3242 2358 3535 2414 ostendere

1950 2455 2105 2512 aqua:
2140 2443 2406 2498 vocabulo
2434 2444 2756 2514 plerumque
2804 2443 3051 2499 divinum
3087 2429 3360 2514 ‘spiritum
3392 2460 3535 2499 nun-

1949 2535 2157 2603 cupari.
2203 2534 2306 2590 Sed
2359 2546 2576 2607 tempus
2626 2551 2735 2591 non
2784 2544 2868 2593 est
2923 2537 2977 2591 in
3020 2538 3105 2592 his
3146 2536 3530 2591 immorandi:

1951 2628 2183 2697 proinde
2228 2644 2448 2684 rursum
2498 2630 2554 2683 in
2601 2637 2818 2684 vastum
2847 2628 2982 2683 illud
3029 2639 3083 2683 et
3109 2630 3353 2699 amplum
3394 2629 3535 2683 divi-

1953 2735 2148 2773 narum
2180 2722 2706 2790 contemplationum
2739 2721 2962 2792 pelagus
2989 2721 3357 2777 enatabimus.

272 2831 373 2884 μα.
398 2812 501 2867 Τοῦ
530 2811 839 2874 δὲ.τούτοις
881 2812 1031 2882 ἡμᾶς
1074 2810 1467 2881 ἐμφιλοχωρείν
1512 2812 1571 2863 οὐ
1611 2812 1801 2881 καιρός
1826 2826 1840 2841 ο
1882 2811 1960 2864 διὸ
2008 2814 2070 2883 δὴ
2120 2814 2279 2869 πάλιν
2336 2816 2540 2886 ἑτέροις
2568 2815 2933 2886 ἐπινηξόμεθα
2971 2815 3106 2885 πρὸς
3143 2815 3204 2866 τὸ
3250 2814 3394 2886 μέγα
3441 2816 3537 2871 καὶ

267 2911 447 2965 πλατὺ
474 2909 582 2962 τῶν
618 2908 777 2962 θείων
810 2907 1179 2977 θεωρημάτων
1221 2907 1563 2977 ἐπειγόμενοι
1592 2907 1845 2974 πέλαγος.

347 3004 540 3069 Κύριε,
574 3000 711 3052 οὔτε
745 2999 1020 3066 ἄντλημα
1056 2996 1237 3064 ἔχεις,
1278 2997 1467 3049 καὶτὸ
1493 2995 1679 3065 φρέαρ
1715 2996 1847 3049 ἐστὶ

270 3095 433 3159 βαθύ
465 3108 478 3123 ·
509 3094 692 3145 πόθεν
714 3086 829 3144 οὖν
860 3090 1020 3157 ἔχεις
1039 3087 1107 3141 τὸ
1129 3088 1288 3156 ὕδωρ
1317 3088 1381 3141 τὸ
1400 3087 1546 3149 (For;

2029 2993 2120 3057 IV,
2166 2995 2253 3047 II.
2297 2992 2542 3055 Domine,
2582 3008 2743 3062 neque
2773 2994 2828 3046 in
2863 3009 2964 3062 quo
3001 2994 3222 3047 haurias
3268 2994 3450 3057 habes,
3486 3005 3537 3049 ct

1955 3096 2141 3152 puteus
2168 3085 2308 3139 altus
2334 3094 2411 3137 est
2444 3101 2461 3137 .'
2490 3084 2626 3137 unde
2652 3100 2773 3153 ergo
2799 3084 2957 3139 habes
2990 3102 3183 3154 aquam
3222 3086 3434 3140 vivam?

348 3184 514 3237 Οὐδὲν
542 3183 649 3235 τῶν
684 3186 741 3235 ὲν
769 3180 1026 3252 συνηθείᾳ
1063 3179 1221 3232 πλέον
1262 3181 1294 3249 ἡ
1327 3180 1462 3251 γυνὴ
1499 3178 1848 3248 φαντάζεται,

2028 3178 2173 3232 Nihil
2222 3177 2328 3231 nisi
2379 3178 2603 3247 vulgare
2645 3178 2840 3231 mulier
2880 3177 2983 3231 sibi
3028 3178 3308 3247 proponit,
3362 3194 3540 3249 neque

274 3277 373 3330 καὶ
411 3275 621 3343 συνίησι
661 3272 757 3343 μέν
785 3271 1034 3341 οὐδαμῶς
1067 3270 1175 3322 τῶν
1196 3271 1503 3339 εἰρημένων
1547 3268 1643 3338 τὴν
1692 3268 1852 3321 δύνα-

278 3384 397 3437 μιν,
430 3366 599 3418 οἴεται
638 3364 695 3417 δὲ
722 3364 804 3415 ὅτι
829 3361 973 3415 κατά
1013 3376 1165 3423 τινας
1203 3359 1311 3413 τῶν
1353 3359 1414 3424 ἐξ
1471 3359 1707 3429 ἐπῳδῆς,
1761 3357 1856 3411 καὶ

274 3455 663 3527 δαιμονιώδους
693 3454 910 3522 ἀπάτης
938 3452 1376 3522 θαυματουργεῖν
1405 3450 1693 3512 εἰωθότων,
1714 3468 1857 3520 σχοι-

275 3548 395 3602 νίου
424 3564 482 3600 τε
506 3547 645 3616 δίχα,
702 3546 792 3598 καί
815 3544 955 3606 τινος
996 3543 1186 3614 ἐτέρας
1230 3543 1499 3613 μηχανῆς,
1556 3543 1857 3612 αὐτόματον

277 3642 421 3711 αὐτῇ
448 3640 507 3691 τὸ
530 3638 674 3708 ὕδωρ
707 3640 771 3690 ἐκ
802 3636 912 3689 τῶν
947 3636 1249 3707 φρεατείων
1292 3636 1495 3688 ἀνοίσει
1528 3634 1819 3703 πυθμένων
1842 3649 1853 3660 ·

279 3731 429 3800 ὕδωρ
451 3730 507 3781 δὲ
540 3729 668 3793 ζῶν,
694 3729 768 3790 ὼς
796 3728 930 3798 πρὸς
962 3728 1052 3779 τὸν
1078 3728 1278 3779 οἰκεῖον
1321 3725 1574 3797 ὀνομάζει
1635 3726 1855 3791 σκοπὸν,

276 3824 343 3876 τὸ
365 3822 561 3874 νεωστὶ
594 3820 699 3872 τῶν
765 3819 1017 3889 πηγαίων
1044 3818 1397 3889 ἀνομὸρῆσαν
1440 3816 1678 3886 μαστῶν.

353 3913 451 3979 Μὴ
488 3912 567 3964 σὺ
585 3910 797 3979 μείζων
829 3906 885 3962 εἷ
904 3909 1008 3962 τοῦ
1056 3909 1283 3975 πατρὸς
1324 3908 1491 3976 ἡμῶν
1527 3909 1753 3970 Ἰακὼϐ,
1794 3909 1860 3973 ὃς

278 4003 508 4059 ἔδωκεν
539 4002 681 4071 ἡμῖν
708 4002 772 4053 τὸ
802 4001 987 4068 φρέαρ
1009 4002 1204 4064 τοῦτο,
1236 4000 1332 4055 καὶ
1361 4001 1543 4066 αὐτὸς
1581 4002 1648 4064 ἐξ
1676 4002 1860 4055 αὑτοῦ

278 4096 435 4157 ἔπιε,
469 4093 567 4145 καὶ.
600 4096 651 4145 οἱ
675 4091 790 4144 υἱοὶ
832 4090 1037 4155 αὑτοῦ,
1067 4090 1166 4143 καὶ
1198 4090 1269 4143 τὰ
1294 4089 1591 4159 θρέμματα
1628 4092 1815 4145 αὐτοῦ
1842 4107 1859 4152 ;

281 4186 598 4253 Ἀπεκρίθη
640 4182 887 4247 Ἰησοῦς,
913 4181 1010 4233 καὶ
1036 4177 1203 4233 εἶπεν
1227 4180 1401 4247 αὐτῇ.

363 4276 595 4345 Ἐαυτῆς
618 4273 1064 4343 ἐπιλαμϐάνεται,
1096 4272 1190 4324 καὶ
1241 4270 1445 4339 σφωρα
1470 4272 1565 4340 τὴν
1600 4272 1863 4342 ταχίστην

283 4370 320 4439 ἡ
354 4367 514 4435 γυνὴ,
556 4366 753 4435 συνορᾷ
787 4363 844 4416 δὲ
873 4365 971 4433 οὐχ
998 4363 1181 4426 ὁσίως,
1220 4363 1339 4414 οὐδὲ
1381 4363 1595 4425 πάντως
1645 4364 1864 4432 ἀληθεῖς

280 4458 525 4511 λαϐοῦσα
570 4456 669 4518 τὰς
727 4454 979 4518 ὑπονοίας
1028 4455 1155 4523 περὶ
1192 4452 1357 4505 αὑτοῦ
1384 4468 1397 4483 ·
1448 4456 1507 4505 οὐ
1555 4456 1662 4523 γὰρ
1694 4451 1861 4524 ἦνμὴ

1958 3273 2230 3326 dictorum
2260 3272 2365 3323 vim
2395 3272 2564 3338 capit,
2600 3270 2694 3324 sed
2730 3269 3011 3325 existimat
3043 3278 3268 3340 repente
3301 3272 3481 3340 ipsum
3507 3288 3540 3327 θ

1959 3363 2107 3433 putei
2131 3361 2303 3415 fundo
2323 3376 2518 3429 aquam
2552 3360 2941 3426 deducturum,
2964 3375 3073 3414 non
3110 3377 3268 3417 secus
3293 3377 3355 3416 ac
3376 3363 3412 3417 ii
3443 3363 3540 3432 qui

1961 3455 2190 3524 magicis
2218 3453 2559 3507 carminibus
2589 3467 2653 3506 ac
2693 3453 3004 3507 daemonum
3040 3452 3231 3508 fraude
3262 3455 3540 3509 mirabilia

1961 3556 2180 3617 patrare
2224 3546 2427 3599 solent.
2460 3545 2671 3613 Aquam
2712 3544 2913 3610 vivam,
2947 3561 3012 3598 ex
3056 3561 3156 3600 sua
3207 3553 3393 3601 mente
3434 3561 3539 3601 no-

1961 3638 2156 3703 minat,
2206 3652 2401 3706 nempe
2432 3652 2554 3706 qua:
2604 3652 2669 3690 ex
2702 3635 2869 3691 fontis
2909 3636 3178 3692 uberibus
3215 3650 3412 3693 recens
3454 3637 3538 3693 ef-

1958 3728 2133 3781 ﬂuxit.

2034 3906 2123 3968 IV,
2152 3906 2235 3959 1‘2.
2284 3905 2557 3975 Numquid
2591 3915 2646 3958 tu
2680 3905 2851 3973 major
2881 3923 2931 3958 es
2956 3915 3105 3973 patre
3136 3915 3316 3960 nostro
3346 3906 3538 3973 Jacob,

1964 3999 2217 4069 quidedit
2254 4001 2402 4051 nobis
2435 4009 2646 4067 puteum
2701 3999 2858 4063 hunc,
2882 4010 2931 4051 et
2960 4000 3067 4066 ipse
3101 4014 3165 4052 ea:
3195 4015 3253 4053 eo
3290 3998 3442 4065 bibit,
3488 4008 3539 4068 et

1965 4086 2067 4155 ﬁlii
2117 4087 2263 4153 ejus,
2310 4095 2359 4139 et
2421 4104 2611 4155 pecora
2678 4087 2831 4155 ejus?
2890 4086 3174 4155 Respondit
3240 4087 3433 4155 Jesus,
3489 4099 3538 4143 et

1964 4179 2099 4230 dixit
2130 4179 2198 4231 ei.

2034 4270 2230 4325 Mulier
2266 4272 2378 4325 cito
2420 4272 2659 4340 seipsam
2690 4271 2948 4340 castigat,
2980 4273 3254 4343 simulque
3290 4274 3541 4329 animad-

1966 4366 2129 4419 vertit
2167 4380 2224 4420 se
2246 4380 2362 4424 non
2395 4364 2480 4433 pie
2520 4371 2573 4417 et
2602 4380 2728 4419 vere
2762 4363 2828 4418 de
2874 4365 2966 4418 illo
2998 4366 3221 4419 sentire.
3249 4364 3359 4420 Nec
3392 4366 3540 4420 enim

1966 4450 2015 4503 ei
2050 4451 2209 4519 plane
2239 4450 2432 4505 deesse
2462 4460 2675 4520 poterat
2708 4453 2971 4506 auxilium
3008 4452 3075 4506 ad
3102 4454 3537 4524 intelligendum,

284 4550 507 4609 πάντως
535 4545 861 4615 ὠφελεῖσθαι
888 4544 1021 4612 πρὸς
1056 4544 1238 4610 νῆψιν,
1268 4543 1367 4612 τὴν
1406 4544 1541 4605 ὅλως
1561 4544 1669 4595 τῶν
1702 4544 1850 4595 θείωκ.

1968 4542 2168 4610 quippe
2214 4557 2333 4610 quae
2376 4543 2580 4597 divinis
2633 4543 2980 4598 sermonibus
3038 4543 3335 4599 frueretur.
3369 4544 3543 4610 Quasi

282 4638 661 4694 ἀπολαύουσαν
688 4636 881 4703 λόγων.
921 4635 1007 4696 Ὠς
1025 4634 1371 4702 ἐνδεχομένου
1390 4634 1675 4703 τοιγαροῦν
1711 4638 1857 4705 ἐπῳ-

280 4734 373 4785 δὸν
409 4731 506 4801 μέν
539 4729 638 4782 οὐκ
658 4723 795 4779 εἶναι
824 4726 912 4777 τὸν
940 4725 1198 4791 λέγοντα,
1230 4726 1513 4793 προφήτην
1544 4725 1599 4776 δὲ
1661 4726 1857 4794 μᾶλλον

282 4825 381 4878 καὶ
420 4822 525 4874 τῶν
565 4822 622 4871 ἐν
655 4816 911 4887 ἁγιασμῷ
936 4816 1250 4887 διαπρέπων
1275 4816 1382 4887 llo.
1403 4818 1857 4889 διαπρεπόντων],

281 4916 375 4969 διά
420 4930 476 4966 τε
531 4912 687 4964 τοῦτο
742 4903 1006 4979 παρέξειν
1042 4908 1177 4977 αὐτῇ
1208 4912 1267 4958 τὸ
1318 4906 1457 4978 ὕδωρ
1484 4910 1542 4960 τὸ
1586 4909 1692 4971 ζῶν
1726 4928 1859 4962 κατ-

284 5001 740 5073 ιπαγγέλλεσοαι,
777 5000 869 5052 καὶ
897 4999 1016 5069 δίχα
1052 4998 1159 5049 τῶν
1186 5000 1324 5050 κατά
1357 4999 1639 5067 συνήθειαν
1670 5002 1863 5071 ἀντληο

288 5099 497 5169 μάτων,
537 5094 569 5163 ἢ
620 5094 751 5144 πολὺ
802 5093 936 5162 πρὸς
989 5090 1186 5160 χρῆσιν
1232 5090 1289 5142 τὸ
1330 5093 1547 5159 ἄμεινον
1580 5093 1637 5156 ἐξ
1671 5094 1862 5164 ἐτέρας

282 5187 678 5256 ἀνευρίσκοντα
747 5184 952 5251 πηγῆς,
1012 5182 1331 5251 μετατίθησι
1378 5183 1468 5236 τὸν
1510 5184 1665 5251 λόγον
1701 5187 1862 5249 εὐθὺς

281 5280 378 5332 ἐπὶ
412 5278 470 5329 τὸ
502 5275 957 5346 σωφρονέστερον,
998 5274 1092 5326 καὶ
1115 5274 1188 5337 ὡς
1218 5273 1370 5341 ἀγιον
1409 5276 1549 5347 ἁγίῳ
1581 5278 1860 5347 συγκρίνει

281 5370 537 5438 λέγουσα,
574 5387 589 5418 ι
627 5368 717 5435 Μὴ
739 5368 802 5418 σὺ
831 5365 1028 5435 μείζων
1051 5362 1207 5418 εἴτοῦ
1241 5368 1442 5438 πατρὸς
1462 5369 1615 5439 ἡμῶν
1648 5370 1861 5435 Ἰακὼ6,

279 5462 341 5524 ὃς
374 5460 572 5511 ἔδωκεν
601 5460 732 5527 ἡμῖν
762 5458 822 5509 τὸ
856 5456 1034 5527 φρέαρ
1064 5457 1255 5522 τοῦτος
1285 5477 1303 5510 ι
1332 5462 1500 5528 Δέχου
1534 5462 1625 5513 τοῦ
1660 5465 1865 5532 νοήμα-

281 5568 377 5614 τος
402 5550 498 5620 τὴν
525 5548 821 5619 περίνοιαν,
857 5550 921 5600 ἐκ
963 5548 1055 5600 τοῦ
1103 5549 1299 5618 μηκέτι
1332 5549 1631 5620 θαυμάζειν
1672 5555 1862 5625 αὐτὴν,

282 5642 334 5695 εί
371 5640 601 5709 σχοινίον
630 5638 726 5689 οὐκ
756 5636 895 5704 ἔχων
922 5636 981 5688 τὸ
1014 5635 1157 5706 ὕδωρ
1206 5637 1620 5706 ἐπαγγέλλεται,
1665 5641 1765 5711 τῆς
1808 5643 1864 5696 δὲ

359 5803 400 5831 ⁸³
442 5813 543 5868 Isa.
580 5826 732 5870 thtt,
766 5809 855 5873 ΞΟ,
882 5809 969 5862 2|.
1050 5809 1093 5839 "
1126 5808 1227 5863 lsa.
1268 5828 1410 5876 xuv,
1446 5814 1497 5867 ί.

618 5907 888 5965 ΡΑΤςΑη.
930 5904 1044 5964 (in.
1078 5905 1351 5966 LXXI”.
1427 5917 1435 5927 '

1968 4647 2096 4699 ergo
2132 4632 2246 4685 ﬁeri
2280 4648 2390 4685 non
2436 4641 2621 4701 posset
2665 4641 2724 4686 ut
2768 4633 2815 4688 is
2846 4634 2941 4702 qui
2992 4634 3320 4704 loquebatur
3350 4636 3543 4689 incan—

1970 4733 2114 4777 tator
2140 4732 2306 4789 esset,
2338 4726 2433 4779 sed
2480 4726 2747 4794 propheta
2778 4727 2981 4795 potius,
3014 4736 3066 4780 et
3112 4742 3177 4781 ex
3218 4742 3408 4781 eorum
3436 4744 3540 4781 nu-

1972 4830 2121 4869 mero
2171 4817 2266 4885 qui
2315 4818 2604 4872 sanctitate
2661 4819 2946 4886 conspicui
3005 4827 3156 4883 sunt,
3204 4826 3258 4872 et
3312 4819 3540 4887 proinde

1970 4905 2327 4974 praabiturum
2361 4922 2417 4960 se
2448 4908 2496 4961 ei
2521 4923 2715 4976 aquam
2753 4908 2927 4961 vivam
2962 4908 3336 4977 polliceretur,
3376 4908 3540 4977 idque

1969 4996 2087 5050 sine
2125 4998 2441 5065 vulgaribus
2492 4998 2751 5060 hausti-is,
2782 5008 2874 5051 aut
2924 4998 2991 5051 ad
3021 5014 3181 5053 usum
3234 4998 3392 5067 longe
3423 5013 3539 5049 mc-

1971 5090 2185 5153 liorem,
2217 5104 2279 5141 ex
2319 5090 2427 5142 alio
2468 5090 2727 5142 nimirum
2763 5088 2910 5144 fonte
2953 5099 3248 5159 repertam,
3281 5089 3539 5143 emendat

1969 5182 2152 5234 statim
2186 5181 2328 5248 quod
2363 5179 2596 5243 dixerat,
2627 5189 2679 5233 et
2710 5182 2864 5248 quasi
2909 5188 3161 5235 sanctum
3192 5195 3313 5233 eum
3344 5187 3536 5233 sancto

1968 5284 2262 5342 comparat,
2304 5272 2539 5327 dicens:
2574 5292 2590 5323 ι
2630 5273 2898 5342 Numquid
2945 5280 3001 5326 tu
3051 5272 3225 5342 major
3268 5286 3327 5326 es
3386 5279 3539 5339 patre

1966 5371 2155 5418 nostro
2192 5362 2382 5429 Jacob,
2408 5366 2501 5434 qui
2536 5366 2684 5421 dedit
2712 5364 2875 5420 nobis
2906 5372 3125 5433 puteum
3159 5361 3336 5415 hunc?
3366 5380 3385 5411 ι
3419 5360 3537 5415 Vim

1966 5457 2130 5526 hujus
2167 5458 2297 5510 dicti
2345 5460 2534 5528 accipe
2584 5474 2651 5512 ex
2704 5473 2769 5511 eo
2798 5458 2944 5526 quod
2999 5458 3115 5524 ipsa
3153 5468 3260 5508 non
3297 5453 3535 5522 amplius

1965 5548 2191 5600 miratur
2222 5547 2366 5615 quod
2403 5547 2531 5602 fune
2581 5548 2876 5601 destitutus
2928 5558 3125 5614 aquam
3180 5538 3537 5596 nihilominus

1964 5638 2305 5707 Polliceatur,
2343 5639 2438 5695 sed
2499 5639 2566 5694 de
2614 5638 2733 5709 ejus
2787 5638 3053 5709 qualitate
3101 5632 3355 5707 gustabili
3395 5631 3539 5687 du.“

3145 5894 3212 5955 10
