4222 6510
219 422 312 478 301

292 531 552 598 ’Υπαγε,
597 524 886 596 cuin-new
935 520 1040 575 τὸν
1087 523 1277 592 ἄνδρα
1329 539 1479 588 σου,
1528 524 1622 576 καὶ
1663 520 1802 575 ἐλθὲ
1836 525 1875 581 Α

217 623 451 678 ἐνθάδε.

286 710 397 768 Ἦν
422 714 531 784 ἄρα
559 709 736 773 καλῶς
773 727 832 762 τε
864 709 958 763 καὶ
985 709 1083 763 οὐκ
1116 709 1462 779 ἐψευσμένως
1495 710 1692 772 εἰπεῖν,
1723 707 1805 759 ὅτι

220 808 430 881 θήλειαί
477 805 594 868 πώς
640 807 746 857 είσι
793 802 1026 869 θηλειῶν
1060 805 1114 856 αί
1163 801 1378 874 φρένες,
1427 802 1522 856 καὶ
1567 801 1806 873 μαλακὸς

221 899 508 970 ὲνῴκισται
539 896 661 959 νοῦς
691 895 958 964 γυναιξὶν,
983 894 1278 964 οὐδαμόθεν
1304 895 1443 966 ἔχων
1465 895 1525 948 τὸ
1549 891 1808 947 δύνασθαί

221 1009 271 1045 τι
307 991 540 1044 συνιέναι
582 990 819 1060 γοργῶς.
854 987 1245 1058 Εύμαθεστέρα
1291 988 1347 1040 δέ
1400 1004 1502 1049 .;ως
1531 987 1564 1056 ἡ
1599 985 1808 1056 ἀνδρῶν

220 1087 338 1138 ἐστι
369 1083 548 1153 φύσις,
582 1084 675 1136 καὶ
705 1082 839 1134 πολὺ
887 1080 1022 1149 πρὸς
1070 1080 1261 1147 λόγους
1317 1079 1678 1149 ἑτοιμοτέρα,
1731 1077 1811 1128 δι-

222 1179 598 1247 εγηγερμένον
627 1176 707 1237 εἰς
738 1175 924 1245 νῆψιν,
952 1176 1068 1238 καὶ,
1113 1173 1179 1225 ἵν’
1210 1173 1384 1235 οὓτως
1415 1172 1575 1232 εἴπω,
1609 1169 1810 1239 θερμόν

221 1288 283 1323 τε
309 1270 403 1323 καὶ
432 1267 894 1338 ἀπηρσενωμένον
924 1265 1126 1334 ἔχουσα
1152 1265 1245 1318 τὸν
1268 1265 1413 1318 νοῦν.
1446 1263 1543 1316 Διά
1583 1261 1808 1329 ταύτην,

222 1358 412 1432 οἶμαι,
460 1360 558 1430 τὴν
609 1359 830 1422 αἰτίαν,
882 1359 972 1411 τὸν
1034 1357 1202 1428 ἄνδρα
1251 1356 1438 1409 καλεῖν
1487 1355 1562 1424 τῷ
1608 1352 1814 1421 γυναίῳ

224 1451 622 1522 παρεκελεύετο
664 1450 968 1519 λεληθότως
1014 1449 1274 1517 ἐλέγχων,
1309 1447 1383 1510 ὡς
1429 1445 1813 1517 ἀμαθεστάτην

225 1543 327 1614 μὲν
380 1545 488 1612 ἔχοι
532 1542 632 1614 τὴν
669 1541 930 1611 καρδίαν,
989 1542 1102 1602 τοῖς
1151 1540 1208 1593 δὲ
1264 1541 1344 1604 είς
1395 1538 1585 1608 σοφίαν
1637 1537 1814 1604 λόγοις

223 1635 697 1704 ἀμεταχείριστον,
751 1631 885 1701 ὁμοῦ
931 1631 989 1685 δέ
1039 1648 1093 1683 τι
1141 1631 1236 1684 καὶ
1279 1631 1464 1699 ἕτερον
1513 1628 1606 1680 ἐπὶ
1643 1626 1815 1696 τούτῳ

223 1727 512 1790 κάλλιστον
538 1725 857 1790 οἰκονομῶν.

296 1798 468 1867 Λέγει
508 1795 669 1860 αὐτῷ
706 1790 743 1860 ’ἡ
785 1793 937 1864 γυνή
964 1811 976 1825 ⁸
1030 1791 1252 1860 Ἀνδρα
1299 1794 1411 1846 οὐκ
1447 1792 1584 1860 ἔχω.
1642 1790 1812 1858 Λέγει

1211 413 1272 467 IN
1320 412 1604 470 JOANNIS
1635 409 2084 468 EVANGELIUM
2125 409 2250 463 ΜΒ.
2291 407 2353 460 11.

3377 401 3482 457 50‘2

1977 517 2068 583 IV,
2105 518 2191 573 16.
2228 516 2395 581 l'ade,
2433 528 2558 569 voca
2595 513 2945 579 virumluum,
2970 521 3018 568 et
3055 514 3168 567 veni
3197 512 3316 586 huc.

1977 694 2122 752 Bene
2155 695 2343 765 utique
2381 709 2480 749 nec
2511 691 2652 748 falso
2695 689 2804 745 dici
2842 697 3039 760 potest,
3076 689 3484 758 quodammodo

1911 785 2174 843 femineos
2213 802 2338 842 esse
2371 784 2699 840 feminarum
2732 781 2966 846 animos,
3003 782 3338 851 mollemque
3365 796 3485 835 mu-

1909 882 2140 936 lieribus
2193 881 2377 935 inesse
2435 885 2694 940 mentem,
2746 892 2868 947 quze
2902 876 3053 930 nullo
3104 875 3265 930 modo
3311 874 3486 945 possit

1911 975 2118 1044 aliquid
2189 981 2351 1027 acute
2408 970 2790 1040 sagaciterque
2857 968 3172 1038 concipere.
3244 966 3486 1021 Docilior

1913 1073 2093 1119 autem
2123 1072 2206 1118 est
2237 1065 2480 1117 virorqu
2510 1075 2728 1125 natura,
2755 1071 2810 1115 et
2846 1059 2912 1113 ad
2960 1074 3181 1114 omnem
3214 1059 3485 1112 rationem

1914 1156 2193 1218 solertior,
2231 1156 2469 1210 excitata
2509 1155 2576 1207 ad
2617 1153 3055 1222 intelligendum,
3093 1161 3168 1216 et,
3206 1159 3267 1206 ut
3291 1151 3373 1205 ’ita
3407 1150 3489 1205 di-

1913 1266 2056 1315 cam,
2107 1249 2350 1304 mascula
2411 1255 2594 1302 mente
2645 1247 2892 1317 praedita.
2933 1243 3109 1308 lianc,
3159 1245 3374 1314 opinor,
3422 1245 3490 1298 ob

1914 1359 2161 1408 causam,
2193 1343 2369 1395 virum
2408 1356 2567 1396 suum
2632 1353 2916 1393 arcessere
2967 1337 3135 1406 jussit
3180 1337 3488 1400 mulierem,

1913 1437 2150 1491 obscure
2183 1433 2587 1506 quodammodo
2617 1447 2738 1487 eam
2769 1438 2828 1486 ut
2859 1430 3049 1487 rudem
3086 1430 3404 1499 increpans,
3437 1436 3492 1484 et

1916 1533 1982 1587 ad
2049 1533 2445 1603 capessendam
2503 1531 2790 1601 sapientia:
2847 1529 3155 1584 doctrinam
3219 1527 3490 1591 hebetem,

1916 1625 2192 1695 simulque
2223 1626 2368 1680 aliud
2399 1624 2658 1694 quiddam
2700 1621 3134 1692 pulcherrimum
3169 1619 3488 1676 instituens.

1989 1802 2079 1864 IV,
2120 1803 2206 1866 l7,
2247 1802 2332 1857 l8.
2375 1800 2514 1853 Dicit
2540 1801 2586 1853 ei
2624 1799 2855 1853 mulier:
2894 1798 3082 1851 Virum
3141 1813 3244 1850 non
3301 1796 3492 1851 habeo.
3551 1857 3554 1862 η

223 1888 383 1955 αὐτῇ
429 1891 461 1940 ὁ
524 1885 784 1954 Ἰησοῦς·
816 1884 1029 1952 Καλῶς
1081 1882 1278 1949 εἶπες,
1334 1885 1422 1937 ὅτι
1475 1882 1665 1951 ἄνδρα
1698 1883 1810 1934 οὐκ
1841 1871 1886 1926 Β

1841 1871 1886 1926 Β
1923 1895 2060 1948 Dicit
2095 1898 2142 1948 ei
2175 1893 2331 1949 Jesus
2355 1912 2371 1947 :
2401 1895 2536 1949 Bene
2557 1892 2768 1954 dixisti,
2804 1893 2926 1963 quia
2961 1907 3064 1945 non
3097 1890 3262 1944 habeo
3289 1892 3487 1945 virum:

223 1981 345 2050 ἕχω
371 1997 385 2010 ·
443 1979 624 2033 πέντε
664 1978 775 2048 γὰρ
824 1979 1027 2047 ἔσχες,
1072 1978 1167 2031 καὶ
1212 1977 1329 2030 νῦν
1370 1975 1443 2028 ὃν
1483 1973 1664 2042 ἔχεις,
1702 1973 1815 2024 οὐκ

223 2075 357 2128 ἐστι
409 2088 525 2126 σου
578 2072 753 2140 ἀνήρ.
818 2071 998 2126 Τοῦτο
1052 2069 1274 2138 ἀληθὲς
1334 2067 1601 2136 εἴρηκας,
1654 2062 1817 2133 λέγει

223 2164 390 2230 αὐτῷ
426 2167 463 2232 ἡ
502 2162 678 2232 γυνή.

302 2260 412 2313 Καὶ
447 2258 553 2310 τίνι
600 2256 785 2309 λοιπὸν
837 2256 937 2309 οὐκ
988 2255 1053 2310 ἂν
1099 2255 1183 2324 εἴη
1227 2249 1558 2320 καταφανὲς,
1611 2247 1686 2311 ὡς
1717 2247 1820 2300 οὐκ

222 2352 413 2421 ἠγνόει
468 2350 568 2420 μὲν
617 2351 645 2403 ό
674 2347 861 2419 Σωτὴρ
901 2347 997 2402 τοῦ
1033 2347 1175 2402 κατὰ
1223 2346 1385 2415 νόμον
1435 2339 1820 2411 κατῳκηκότος

224 2445 438 2516 ἔρημον
465 2443 731 2514 ὑπάρχειν
751 2441 942 2511 αὐτὴν,
974 2439 1249 2508 πρόφασιν
1272 2437 1328 2489 δὲ
1358 2435 1454 2488 τοῦ
1479 2430 1822 2502 ἀνακαλύψαι

223 2539 300 2589 τά
347 2535 716 2606 κεκρυμμένα
755 2533 854 2604 τὴν
883 2531 976 2585 τοῦ
1013 2533 1203 2603 ἀνδρος
1230 2529 1524 2600 ἐποιήσατο
1555 2526 1780 2598 ζήτησιν
1806 2540 1820 2590 ;

225 2627 342 2683 Ἦν
373 2630 484 2700 γὰρ
513 2628 658 2682 οὕτω
701 2627 856 2698 μόλις
906 2625 1187 2695 ὠφελῆσαι
1223 2622 1608 2693 θαυμάζουσαν
1642 2618 1822 2674 οὐκέτι

227 2723 420 2776 λοιπὸν
468 2723 542 2784 ὼς
593 2721 688 2774 ’ἐνα
737 2719 848 2772 τῶν
905 2717 1027 2773 καθ’
1061 2719 1228 2788 ἡμᾶς,
1273 2715 1386 2769 ἀλλ’
1418 2715 1519 2778 Δὼς
1563 2712 1702 2783 ὑπὲρ
1733 2711 1826 2766 ἄν-

230 2815 455 2886 Θρωπον
487 2813 588 2882 ’ήδη
620 2809 707 2864 διὰ
735 2810 828 2864 τοῦ
875 2808 1193 2879 παραδόξως
1221 2807 1421 2860 εἰδέναι
1464 2804 1532 2858 τά
1572 2807 1630 2858 ὲν
1663 2804 1822 2874 αὐτῇ,

228 2905 568 2974 ἀποδέχεται
597 2902 654 2955 δὲ
701 2901 988 2973 χρησίμως
1024 2899 1190 2970 ἄνδρα
1236 2898 1498 2966 λέγουσαν
1530 2899 1631 2950 οὐκ
1660 2896 1823 2966 ἔχειν,

231 2997 418 3050 καίτοι
448 2994 725 3056 τοσούτοις
761 2992 1234 3063 συνεφθαρμένην.
1274 2991 1347 3043 Ού
1378 2991 1484 3060 γάρ
1518 2988 1734 3052 σύνοδος
1762 2989 1826 3041 ὲκ

231 3087 569 3159 φιληδονίας,
619 3086 731 3139 ἀλλ’
765 3086 965 3156 ήκατὰ
999 3084 1162 3154 νόμον
1214 3083 1539 3145 συναίνεσις,
1577 3081 1672 3134 καὶ
1704 3079 1826 3134 σύν-

1919 1989 2144 2059 quinque
2189 1989 2328 2041 enim
2374 1989 2512 2042 viros
2564 1988 2818 2052 habuisti,
2855 1995 2903 2041 et
2941 2003 3078 2040 nunc
3115 2003 3268 2056 quem
3310 1985 3492 2049 habes,

1920 2096 2022 2133 non
2047 2089 2123 2134 est
2149 2089 2270 2134 tuus
2300 2080 2398 2136 vir.
2441 2079 2556 2135 Hoc
2586 2097 2699 2136 vere
2719 2079 2929 2144 dixisti,
2959 2079 3090 2132 dicit
3118 2079 3165 2132 ei
3194 2078 3401 2132 mulier.

1991 2253 2090 2309 Cui
2122 2271 2252 2310 vero
2281 2270 2390 2310 non
2425 2254 2782 2311 manifestum
2817 2256 2888 2311 sit
2914 2255 3132 2311 demum
3158 2253 3496 2311 Salvatorem

1923 2361 2034 2400 non
2085 2347 2368 2416 ignorasse
2430 2347 2675 2417 legitimo
2728 2361 2848 2401 eam
2883 2346 3084 2401 marito
3135 2361 3346 2412 carere,
3402 2347 3497 2404 sed

1924 2439 2301 2509 percontando
2337 2439 2404 2494 de
2437 2440 2578 2504 viro,
2623 2441 2978 2496 occasionem
3017 2441 3233 2512 cepisse
3280 2441 3498 2498 occulta

1925 2532 2247 2588 revelandi?
2279 2531 2406 2588 Haec
2440 2535 2586 2588 cnim
2613 2548 2723 2587 una
2769 2535 2914 2588 ratio
2943 2534 3343 2605 propemodum
3382 2543 3501 2590 erat

1926 2627 2074 2683 illius
2106 2628 2384 2698 iuvandae,
2411 2629 2458 2683 si
2493 2644 2605 2683 non
2632 2629 2744 2700 jam
2802 2631 3012 2684 eumut
3067 2646 3276 2686 merum
3323 2632 3499 2687 bomi-

1927 2733 2073 2784 nem,
2105 2716 2202 2773 sed
2237 2729 2293 2772 ut
2327 2718 2548 2774 homine
2565 2720 2904 2790 superiorem
2951 2720 3340 2786 admiraretur,
3374 2733 3500 2792 puta

1927 2810 2015 2864 cui
2049 2808 2298 2864 inaudito
2339 2810 2504 2865 modo
2563 2826 2661 2867 sua
2719 2827 2922 2866 arcana
2975 2821 3248 2883 paterent;
3298 2815 3502 2870 utiliter

1929 2911 2112 2958 autem
2144 2919 2474 2974 responsum
2508 2905 2631 2975 ejus
2661 2905 2858 2975 probat
2920 2921 3031 2976 quo
3070 2906 3208 2961 dixit
3235 2907 3412 2963 virum
3446 2922 3503 2963 se

1929 3011 2039 3050 non
2073 2997 2296 3062 habere,
2327 2998 2541 3053 tametsi
2575 3013 2604 3052 a
2636 3006 2744 3052 tam
2781 3000 2967 3054 multis
3000 2999 3176 3054 fuerat
3225 3008 3503 3072 corrupta;

1929 3103 2037 3142 non
2055 3090 2199 3142 enim
2218 3089 2312 3157 qui
2330 3103 2389 3141 ex
2415 3089 2693 3158 voluptate
2707 3089 2975 3156 fitcoilus,
2989 3091 3080 3144 sed
3097 3090 3188 3158 qui
3205 3091 3504 3146 secundum

227 3181 434 3250 δεσμος
462 3180 521 3243 ἐξ
552 3179 773 3249 ἀγάπης
799 3178 1045 3248 καθαρᾶς
1070 3177 1159 3230 τὸν
1188 3176 1601 3247 ἀκατηγόρητον
1629 3176 1828 3228 ἀποτε·
1852 3221 1894 3280 c

1852 3221 1896 3280 ο
1933 3180 2102 3251 legem
2133 3189 2217 3235 est
2249 3196 2580 3244 consensus,
2609 3188 2662 3234 et
2689 3195 2810 3250 qua:
2857 3197 2925 3236 ex
2954 3191 3111 3236 casto
3155 3196 3348 3240 amore
3377 3199 3503 3241 con-

230 3270 393 3323 λοδσι
421 3271 616 3340 γάμον.

309 3365 507 3430 Κύριε,
541 3361 734 3429 θεωρῶ
762 3360 851 3414 ὅτι
884 3358 1198 3428 προφήτης
1227 3355 1282 3412 εἷ
1320 3359 1422 3411 σύ.

307 3455 482 3518 Μόλις
532 3455 842 3523 ἀναλάμπει
895 3452 1031 3523 πρὸς
1081 3453 1275 3520 νῆψιν,
1326 3450 1420 3503 καὶ
1470 3447 1630 3502 πάλιν
1676 3444 1829 3497 οῠπω

228 3549 473 3604 τελείαν.
539 3549 832 3618 Προφήτην
882 3546 992 3615 γὰρ
1041 3543 1119 3596 ἔτι
1182 3542 1337 3596 καλεῖ
1389 3541 1480 3594 τὸν
1536 3535 1828 3610 προφητῶν

231 3640 519 3710 Δεσπότην
545 3657 556 3667 ·
590 3639 726 3707 πλὴν
751 3638 989 3708 ἀμείνων
1025 3636 1057 3706 ἢ
1096 3636 1360 3704 πρότερον
1385 3631 1666 3700 ἀνεδείχθη
1692 3627 1831 3680 κατὰ

234 3734 441 3804 βραχὺ,
478 3733 594 3784 κατ’
625 3730 815 3782 οὐδένα
854 3729 952 3799 μὲν
981 3729 1178 3797 τρόπον
1232 3728 1367 3796 πρὸς
1408 3725 1534 3788 τοὺς
1579 3721 1829 3790 ἐλέγχους

235 3825 609 3896 ἀσχάλλουσα,
656 3824 754 3891 τὴν
804 3821 860 3874 δὲ
910 3821 1018 3874 ἀπὸ
1067 3820 1158 3873 τοῦ
1218 3817 1442 3888 σημείου
1484 3815 1716 3884 δύναμιν
1753 3815 1833 3875 είς

231 3919 510 3986 ὠφέλειαν
548 3915 894 3986 ἁρπάζουσα,
927 3915 1022 3966 καὶ
1079 3912 1326 3982 μαλακῆς
1380 3909 1479 3979 μὲν
1522 3906 1695 3969 οὕτως
1738 3907 1832 3956 ὲκ-

234 4010 507 4062 εαίνουσα
542 4005 758 4075 φρενὸς,
796 4003 1032 4074 μετρίως
1066 4019 1126 4070 γε
1167 4001 1271 4070 μὴν
1307 4002 1384 4062 εἰς
1423 3997 1671 4051 νεανικὸν
1699 3997 1831 4048 ἀνα·-

234 4099 505 4152 εαίνουσα
554 4097 698 4159 νοῦν,
747 4095 840 4147 καὶ
875 4095 974 4163 τῆς
1025 4091 1254 4162 καρδίας
1300 4089 1388 4142 τὸν
1437 4086 1713 4156 ὀφθαλμὸν
1754 4085 1834 4146 εἰς

234 4190 388 4261 ἀήθη
445 4189 786 4260 πραγμάτων
841 4185 1072 4254 θεωρίαν
1128 4182 1460 4234 ἐκτείνουσα.
1523 4179 1638 4245 Ἐφ’
1681 4171 1725 4245 ᾧ
1769 4177 1833 4244 δὴ

238 4285 484 4354 μάλιστα
546 4281 847 4349 θαυμάζειν
905 4276 1196 4331 ἀκόλουθον
1259 4262 1357 4344 τὴν
1418 4272 1514 4325 τοῦ
1583 4270 1832 4340 Σωτῆρος

235 4374 406 4443 ἡμῶν
455 4370 808 4434 ἀνεξικακίαν
856 4385 916 4420 τε
959 4365 1120 4438 ὁμοῦ,
1170 4366 1265 4418 καὶ
1307 4364 1556 4434 δύναμιν,
1607 4361 1834 4422 καὶτὰς

233 4466 608 4527 ἀπαιδεύτους
651 4462 887 4525 διανοίας
937 4462 1015 4522 είς
1065 4459 1393 4527 ἀξιάγαστον
1435 4455 1550 4522 ἕξιν
1595 4454 1833 4516 εὐκόλως

237 4555 492 4628 μεταρυθ
502 4557 765 4626 μίζοντος.

319 4653 388 4702 Ol
417 4646 669 4714 πατέρες
692 4645 860 4714 ἡμῶν
881 4647 950 4698 ἐν
977 4645 1057 4710 τῷ
1087 4645 1208 4711 ὄρει
1237 4642 1426 4707 τούτῳ
1455 4638 1823 4707 προσεκύνη-

231 4757 399 4797 σαν-⁸
435 4740 532 4793 καὶ
564 4739 731 4807 ὑμεῖς
755 4738 961 4808 λέγετε
986 4737 1072 4789 ὅτι
1097 4737 1166 4788 ὲν
1202 4732 1639 4801 Ἰεροσολύμοις
1663 4728 1836 4781 ἐστὶν

234 4838 272 4886 d
329 4833 552 4896 τόπος,
606 4830 758 4884 ὅπου
811 4828 1179 4898 προσκυνεῖν
1229 4826 1336 4879 δεῖ.
1386 4825 1552 4893 Λέγει
1599 4820 1751 4889 αὐτῇ
1803 4823 1835 4872 (5

249 4921 516 4990 Ἰησοῦς.

317 5015 617 5084 Προφήτην
643 5011 810 5073 ὅντως
841 5011 1130 5080 ὑπάρχειν,
1169 5007 1262 5060 uati.
1305 5007 1556 5060 Ἰουδαῖον
1591 5003 1834 5073 οίηθεῖσα

227 5111 337 5160 τὸν
397 5105 630 5175 Κύριον,
679 5107 790 5168 τοῖς
840 5103 1155 5172 ἐπιχωρίοις
1205 5099 1350 5153 ἔθεσι
1414 5098 1547 5152 πολὺ
1598 5095 1664 5166 δὴ
1714 5095 1834 5147 λίαν

229 5190 645 5268 ἐναϐρύνεται,
701 5196 793 5249 καὶ
843 5196 940 5266 τῆς
995 5192 1264 5246 Ἰουδαίων
1323 5190 1579 5252 ὑπονοίας
1642 5187 1833 5257 βεϐου-

225 5289 476 5343 λεῦσθαι
515 5288 584 5339 τὰ
619 5287 848 5357 κρείττω
879 5287 1003 5348 τοὺς
1039 5283 1385 5355 Σαμαρείτας
1419 5278 1830 5350 διῖσχυρίζεται.

234 5375 508 5437 Ἰουδαῖοι
540 5381 639 5450 μὲν
665 5381 771 5450 γὰρ
799 5379 1114 5449 παχυτέρας
1140 5378 1218 5429 ἔτι
1251 5377 1350 5439 τὰς
1385 5375 1512 5447 περὶ
1548 5374 1647 5444 τῆς
1683 5372 1834 5435 θείας

224 5496 297 5532 τε
349 5477 445 5530 καὶ
480 5474 770 5544 ἀσωμάτου
818 5473 1032 5541 φύσεως
1083 5470 1366 5540 διαλήψεις
1409 5467 1726 5539 δεχόμενοι,
1773 5469 1831 5520 ἐν

227 5570 437 5642 μόνοις
485 5569 596 5628 τοῖς
636 5565 1060 5636 Ἰεροσολύμοις,
1115 5565 1238 5634 ήτοι
1294 5561 1431 5614 Σιὼν
1488 5563 1554 5630 τῇ
1609 5561 1832 5628 γείτονι,

222 5659 451 5732 χρῆναι
502 5657 916 5725 προσκυνεῖσθαι
960 5657 1051 5708 τὸν
1095 5657 1184 5706 ἐπὶ
1229 5655 1431 5716 πάντας
1475 5651 1606 5704 Θεὸν
1630 5646 1833 5704 διετεί-

729 5748 868 5812 Ξτταξ
904 5748 1000 5816 τῆς
1035 5747 1268 5816 segem
1321 5745 1413 5795 καὶ
1446 5742 1831 5810 ἀκαταλήπτου

223 5764 424 5806 νοητο,
456 5748 530 5809 ὡς
565 5746 689 5816 ἱλης

223 5843 466 5915 ιρύσεως
498 5839 872 5907 uani-473373;
912 5840 1109 5898 ἐκεῖσε,
1146 5837 1235 5889 καὶ
1296 5836 1690 5906 χειροποιήτοις
1743 5836 1832 5886 ὲν-

1927 3274 2144 3345 junctio
2174 3275 2412 3334 exsistit,
2450 3273 2764 3344 inculpatas
2798 3275 3022 3344 nuptias
3051 3273 3314 3332 efﬁciunt.

2001 3365 2092 3429 IV,
2126 3366 2211 3420 l9.
2257 3365 2500 3431 Domine,
2537 3365 2684 3420 video
2712 3367 2836 3436 quia
2859 3367 3108 3435 propheta
3127 3383 3181 3422 es
3205 3377 3280 3424 tu.

2002 3458 2244 3514 Tandem
2281 3460 2348 3514 ad
2381 3459 2751 3529 cognitionem
2809 3461 3031 3525 emicat,
3069 3461 3165 3515 sed
3197 3476 3318 3516 eam
3373 3475 3500 3517 ηοης

1931 3553 2060 3607 dum
2099 3551 2414 3622 perfectam.
2451 3550 2784 3622 PrOphetam
2816 3551 3019 3606 etenim
3062 3550 3246 3609 adhuc
3276 3555 3507 3623 appellat

1932 3645 2327 3714 prophetarum
2358 3641 2682 3696 Dominum:
2711 3643 2904 3698 melior
2927 3653 3110 3697 tamen
3141 3644 3345 3699 sensim
3370 3643 3508 3699 facta

1932 3743 2015 3788 est
2051 3749 2214 3803 quam
2246 3734 2422 3802 prius,
2449 3731 2603 3785 nullo
2623 3731 2840 3800 quidem
2867 3731 3030 3786 modo
3053 3732 3508 3800 reprehensiones

1932 3842 2074 3896 aegre
2105 3824 2309 3888 ferens,
2344 3824 2438 3878 sed
2470 3823 2720 3891 miraculi
2755 3825 2864 3877 vim
2895 3823 3103 3877 utiliter
3131 3824 3428 3893 arripiens,
3458 3833 3509 3879 et

1934 3931 2059 3972 cum
2099 3915 2201 3969 hac
2231 3916 2446 3968 ratione
2492 3913 2710 3967 mollem
2746 3913 2990 3966 animum
3039 3914 3307 3978 excutiat,
3359 3914 3515 3970 tarde

1934 4007 2297 4062 nihilominus
2331 4005 2492 4077 185
2519 4005 2585 4059 ad
2633 4007 2890 4059 virtutem
2932 4006 3204 4073 ascendit,
3235 4019 3290 4063 et
3327 4007 3513 4065 cordis

1933 4103 2152 4157 oculum
2187 4101 2251 4155 ad
2279 4101 2605 4154 inusitatum
2640 4114 2822 4154 rerum
2847 4102 3226 4170 spectaculum
3252 4102 3510 4158 intendit.

1935 4193 1991 4247 In
2032 4186 2140 4262 quo
2178 4191 2368 4244 mirari
2408 4190 2598 4260 utique
2642 4189 2803 4245 decet
2840 4189 3143 4248 Salvatoris
3175 4194 3351 4249 nostri
3399 4193 3511 4250 cle-

1934 4285 2191 4338 mentiam
2225 4282 2388 4336 simul
2433 4290 2486 4336 et
2519 4283 2799 4344 virtutem,
2835 4281 2928 4351 qui
2991 4282 3160 4338 rudes
3189 4288 3406 4342 anlmos
3455 4290 3512 4340 in

1935 4377 2309 4433 admirabilem
2353 4383 2556 4431 statum
2587 4373 2748 4430 facile
2772 4373 3149 4431 transformat.

2009 4641 2100 4705 IV,
2125 4641 2215 4696 20.
2249 4639 2440 4694 Patres
2479 4639 2650 4692 nostri
2689 4639 2743 4692 in
2777 4648 2952 4692 monte
2999 4639 3096 4692 hoc
3132 4641 3509 4711 adoravcruttt,

1938 4745 1986 4789 et
2036 4750 2123 4787 ros
2168 4732 2385 4794 dicitis,
2441 4732 2568 4801 quia
2617 4729 3005 4800 Hierosolymis
3069 4741 3147 4786 est
3198 4731 3379 4802 locus,
3426 4740 3513 4791 ubi

1939 4829 2164 4883 adorare
2189 4836 2410 4894 oportet.
2438 4824 2580 4876 Dicit
2613 4824 2661 4877 ei
2698 4821 2876 4879 Iesus.

2009 5004 2144 5058 Cum
2187 5000 2476 5054 Dominum
2520 5013 2710 5052 revera
2741 5001 3068 5068 prophetam
3103 5016 3245 5065 esse,
3276 5017 3515 5074 eumque

1937 5089 2190 5145 Judaeum
2230 5085 2528 5152 existimet,
2559 5085 2756 5155 patriis
2789 5088 2988 5145 ritibus
3016 5089 3216 5144 mirum
3248 5101 3513 5162 quantum

1939 5183 2226 5255 gloriatur,
2276 5189 2331 5234 et
2396 5177 2776 5237 Samaritanos
2827 5183 3030 5238 asserit
3083 5184 3248 5258 longe
3301 5188 3514 5257 potiora

1943 5276 2203 5332 statuisse
2229 5288 2392 5343 quam
2433 5270 2677 5328 Iudaeos.
2711 5273 2886 5330 Judaei
2917 5276 3121 5346 quippe
3149 5278 3514 5336 crassioribus

1941 5366 2009 5422 de
2034 5365 2216 5420 divina
2251 5364 2610 5434 corporisque
2663 5374 2884 5434 experte
2937 5377 3132 5422 natura
3164 5369 3515 5435 opinionibus

1939 5459 2136 5516 imbuti
2171 5456 2566 5528 Hierosolymis
2597 5456 2885 5519 duntaxat,
2923 5467 3017 5512 aut
3077 5459 3133 5514 in
3168 5461 3346 5516 vicina
3380 5463 3512 5520 Sion

1940 5552 2281 5609 adorandum
2328 5566 2452 5606 esse
2509 5565 2830 5620 supremum
2875 5553 3116 5608 universi
3158 5553 3326 5609 Deum
3379 5569 3517 5612 οοιι-

1940 5647 2254 5708 tendebant,
2280 5645 2442 5714 quasi
2477 5651 2587 5698 tota
2625 5658 2853 5712 prorsus
2883 5644 2955 5698 ibi
2989 5647 3284 5701 ineffabilis
3331 5654 3386 5701 et
3433 5649 3517 5704 in-

1941 5739 2454 5809 comprehensibilis
2489 5745 2685 5790 natura
2733 5722 3027 5801 habitaret,
3063 5747 3117 5794 et
3179 5739 3516 5796 manufactis

1943 5834 2160 5902 templis
2220 5831 2428 5887 inclusa
2472 5828 2630 5886 foret.
2697 5831 3066 5894 Quamobrem
3131 5850 3262 5891 voce
3297 5849 3516 5906 quoque
