4244 6500
742 436 844 490 3υῦ

1730 426 1785 481 S.
1811 424 2087 481 CYRILLI
2126 424 2594 481 ALEXANDRINI
2623 424 2942 484 ARCHIEP.

3889 419 3996 474 5οι

743 548 1129 619 prophetarum
1154 544 1363 615 supinat
1384 542 1484 611 hac
1511 542 1565 596 in
1590 555 1646 594 re
1672 540 1904 595 inscitiae
1924 540 2313 609 arguebantur,
2348 550 2389 605 Α

2348 550 2389 605 Α
2420 540 2873 611 αποκλεισθείσης
2908 539 3073 601 ναοῖς.
3110 536 3200 589 Διὸ
3229 536 3313 608 δὴ,
3344 535 3437 590 καὶ
3462 534 3583 588 λίαν
3608 533 3997 596 ἀσυνετοῦντες

740 644 955 697 dicente
985 640 1130 694 Deo:
1165 656 1182 688 ι
1220 636 1435 690 leum
1471 634 1703 688 thronus
1734 647 1909 697 meus,
1950 642 2091 686 terra
2133 639 2312 683 autem

739 734 1041 790 scabelluni
1073 730 1266 800 pedum
1326 742 1593 782 meorum.
1632 724 1857 790 Qualem
1891 722 2110 777 domum
2145 721 2313 774 mdiﬁ-

739 825 936 879 cabitis
972 821 1125 883 mihi,
1155 820 1289 874 dicit
1314 816 1620 873 Dominus?
1653 816 1736 871 vel
1760 814 1887 884 quis
1917 814 2071 868 locus
2103 814 2314 884 requie-

738 916 811 970 tis
842 928 973 967 mese
993 912 1081 965 l""1
1136 931 1154 963 ι
1199 902 1529 964 Samaritani
1558 921 1689 962 vero
1731 921 1945 969 rursus,
1971 905 2049 959 uti
2085 907 2208 960 loco
2261 915 2315 961 et

737 1006 985 1075 regione,
1019 1003 1100 1059 sic
1125 1003 1291 1057 etiam
1324 1000 1545 1054 inscitia
1574 1006 1628 1053 et
1657 997 1933 1067 imperitia
1955 995 2159 1052 Judaeis
2195 996 2313 1051 lini-

734 1097 878 1162 timi,
921 1096 977 1150 in
1020 1101 1226 1155 monte,
1291 1092 1386 1162 qui
1448 1089 1672 1145 Garizin
1709 1088 2019 1151 dicebatur,
2075 1104 2200 1142 cum
2261 1096 2316 1143 et

734 1188 1002 1242 orandum
1051 1194 1106 1240 et
1162 1182 1500 1238 adorandum
1559 1188 1837 1250 putarent,
1890 1180 2089 1235 merito
2136 1180 2308 1235 risum

734 1295 843 1333 non
870 1276 1163 1347 effugiunt.
1196 1274 1258 1327 Ei
1291 1280 1472 1327 autem
1507 1272 1759 1327 stultitiae
1792 1270 2139 1325 occasionem
2178 1286 2314 1340 pra:-

732 1371 852 1426 buit
885 1372 973 1424 illa
1005 1369 1336 1430 benedictio,
1369 1380 1531 1436 quam
1558 1366 1612 1417 in
1646 1371 1831 1428 monte
1862 1361 2087 1416 Garizin
2111 1362 2311 1417 factam

731 1467 786 1518 in
825 1461 1251 1519 Deuteronomio
1297 1461 1552 1530 legimus.
1604 1456 1754 1511 llanc
1799 1458 1997 1511 mulier
2037 1457 2313 1511 Salvatori

731 1555 1088 1627 quaestionem
1128 1568 1229 1608 ceu
1266 1564 1515 1620 magnam
1546 1548 1838 1619 quamdam
1862 1557 1915 1603 et
1943 1548 2311 1603 difﬁcillimam

731 1648 1101 1717 ohjactionem
1141 1643 1424 1715 pr0ponit,
1459 1642 1684 1696 dicens:
1727 1660 1744 1692 ι
1803 1639 1997 1695 Patres
2026 1640 2199 1697 nostri
2258 1640 2312 1693 in

733 1749 918 1796 monte
961 1740 1062 1795 hoc
1094 1738 1487 1801 adoraverunt,
1529 1753 1547 1785 ι
1585 1742 1691 1789 etc.

802 2024 889 2090 IV,
917 2024 1005 2077 ﬁl.
1038 2022 1203 2077 Crede
1230 2022 1377 2087 mihi,
1412 2021 1621 2081 mulier,
1654 2018 1779 2086 quia
1806 2017 1940 2071 venit
1969 2016 2121 2080 liora,
2145 2033 2309 2086 quan-

728 2123 794 2171 do
830 2133 990 2187 neque
1029 2117 1081 2169 in
1113 2114 1499 2183 Hierosolymis
1522 2153 1536 2177 ,
1570 2127 1731 2181 neque
1764 2111 1818 2163 in
1849 2119 2023 2164 monte
2058 2110 2151 2163 hoc
2176 2110 2309 2164 ado-

731 2210 924 2264 rnbitis
962 2208 1200 2261 Patrem.

798 2295 1053 2352 Omnium
1084 2294 1360 2351 inscitiam
1389 2293 1555 2349 simul
1601 2294 1955 2359 condemnat,
1991 2307 2118 2347 cum
2176 2291 2307 2347 ado-

730 2387 899 2442 randi‘
933 2387 1179 2450 modum,
1217 2386 1310 2455 qui
1342 2384 1486 2453 apud
1534 2392 1801 2454 utrosque
1838 2384 2179 2447 obtinuerat,
2244 2383 2308 2437 ad

730 2480 1000 2535 veriorem
1039 2479 1366 2533 translatum
1402 2479 1471 2531 iri
1523 2478 1622 2531 ait.
1683 2475 1805 2531 Non
1860 2478 2005 2531 enim
2038 2487 2311 2546 quaeretur

730 2573 969 2643 amplius
996 2572 1171 2636 locus,
1216 2571 1416 2641 inquit,
1456 2570 1509 2624 in
1543 2585 1653 2640 quo
1698 2570 1921 2639 proprie
1951 2569 2122 2625 Deum
2153 2570 2311 2626 habi-

729 2676 847 2717 tare
900 2661 1238 2723 existiment,
1273 2660 1368 2714 sed
1420 2670 1480 2714 ut
1518 2660 1613 2731 qui
1669 2660 1925 2716 universa
1978 2660 2201 2730 impleat
2257 2669 2311 2716 et

728 2754 1017 2809 continuere
1046 2753 1224 2807 valeat
1261 2751 1576 2817 Dominum,
1618 2750 1777 2821 185
1804 2751 2113 2806 adorabunt
2139 2768 2311 2808 unus-

730 2847 964 2916 quisque
1014 2845 1081 2899 de
1140 2843 1260 2899 loco
1312 2859 1435 2906 suo,
1496 2843 1641 2899 sicut
1702 2842 1923 2913 quidam
1990 2852 2309 2899 sanctorum

730 2938 1123 3007 prophetarum
1160 2935 1258 2988 ait.
1296 2933 1497 2988 Horam
1540 2943 1724 2988 autem
1760 2943 1813 2987 et
1840 2942 2061 3003 tempus
2098 2934 2312 3004 ejusce-

731 3026 880 3081 modi
915 3026 1117 3081 rituum
1176 3024 1619 3095 abrogandorum
1686 3039 1845 3080 suum
1883 3024 1939 3077 in
1976 3024 2123 3078 hunc
2156 3040 2315 3078 mun-

729 3119 859 3173 dum
889 3135 1014 3172 cum
1050 3132 1281 3186 corpore
1343 3114 1637 3170 adventum
1698 3116 1792 3171 ait.
1826 3115 2069 3171 Observa
2132 3126 2311 3171 autem

730 3226 841 3279 quo
888 3217 1051 3280 pacto
1108 3207 1345 3277 eleganti
1407 3221 1639 3277 prorsus
1697 3206 1912 3262 ratione
1973 3205 2312 3261 muliercula:

730 3308 969 3355 mentem
1016 3299 1084 3353 ad
1141 3298 1566 3368 intelligentiam
1620 3296 1740 3351 Filii
1795 3297 2054 3361 deducat,
2091 3296 2305 3352 Patrem

733 3389 899 3443 Deum
939 3386 1515 3455 vocando:quomodo
1548 3386 1715 3449 enim,
1750 3401 1955 3456 quaeso,
1981 3386 2315 3457 intelligere-

731 3489 823 3534 tur
856 3479 1037 3544 Pater,
1070 3494 1180 3532 non
1206 3478 1503 3533 exsistente
1527 3475 1668 3531 Filio
1692 3476 1715 3528 ?

1386 3589 1542 3644 CAP.
1581 3588 1645 3641 ν.

733 3684 887 3752 Quod
922 3684 1101 3737 Filius
1133 3700 1235 3736 non
1262 3683 1331 3736 sit
1361 3683 1499 3736 inter
1522 3682 1806 3736 adorantes
1841 3692 2110 3752 quatenus,
2181 3680 2310 3736 Ver-

804 3755 925 3808 bum
950 3765 1028 3809 est
1065 3769 1126 3807 ac
1166 3752 1327 3817 Deus,
1360 3753 1450 3806 sed
1484 3769 1603 3805 cum
1633 3752 1795 3806 Patre
1826 3751 2000 3822 potius
2044 3751 2312 3807 adoretur.

805 3930 896 3995 IV,
928 3930 1018 3984 29.
1067 3930 1167 3983 Vos
1202 3929 1442 3982 adoratis
1462 3930 1599 3998 quod
1630 3929 1875 3983 nescitis:
1906 3946 1998 3985 nos
2033 3930 2316 3986 adoramus

734 4026 871 4099 quod
904 4026 1121 4087 scimus,
1156 4023 1278 4091 quia
1302 4022 1449 4075 salus
1474 4036 1538 4075 ex
1560 4019 1767 4074 luditis
1795 4030 1892 4076 est.

808 4201 1076 4271 Loquitur
1104 4198 1284 4253 denuo
1309 4204 1367 4250 ut
1394 4195 1619 4249 Judmus
1666 4203 1721 4250 et
1772 4196 1956 4260 homo,
2010 4197 2086 4251 rei
2125 4197 2317 4251 ordine

737 4297 882 4347 hunc
908 4293 1070 4348 etiam
1103 4290 1357 4360 loquendi
1394 4289 1615 4342 modum
1653 4288 1989 4357 postulante;
2044 4303 2145 4343 nec
2172 4290 2315 4343 enim

737 4387 990 4441 Christus
1052 4400 1081 4437 a
1137 4384 1340 4437 decoro
1400 4389 1453 4435 et
1514 4381 1923 4449 opportunitate
1962 4382 2316 4436 aberraverit.

737 4479 955 4534 Tribuit
1000 4486 1181 4531 autem
1232 4476 1354 4546 plus
1390 4474 1593 4543 aliquid
1636 4472 1971 4543 cognitionis
2002 4472 2316 4528 Judaeorum

738 4574 930 4628 cultui.
958 4568 1287 4626 Samaritani
1323 4539 1591 4637 siquidem
1627 4539 1865 4635 simplici
1904 4573 1957 4619 et
2008 4566 2316 4621 inconsulta
2350 4603 2393 4656 Β

1551 4581 1591 4619 m
1627 4565 1865 4635 simplici
1904 4573 1957 4619 et
2008 4566 2316 4621 inconsulta
2350 4603 2393 4656 Β
2423 4554 2636 4606 σύνεσιν
2676 4550 2797 4609 ταῖς
2850 4540 3117 4597 Ἰουδαίων
3161 4539 3227 4590 λα

2471 4644 2481 4656 “
2579 4642 2592 4656 '
2674 4643 2685 4656 ¹¹
2771 4636 2858 4656 lg‘
2877 4634 2911 4656 3"-
2936 4651 2991 4656 --
3027 4632 3111 4656 --.Α
3149 4630 3227 4656 λιν.

739 4666 950 4719 ratione
977 4661 1144 4715 Deum
1195 4659 1445 4723 adorant;
1500 4655 1670 4710 Judaei
1703 4630 1832 4710 vero
1865 4665 1982 4725 per
2038 4658 2206 4727 legem
2266 4665 2319 4712 et
2351 4630 2393 4656 υ

1572 4656 1670 4710 diei
1703 4630 1832 4710 vero
1865 4665 1982 4725 per
2038 4658 2206 4727 legem
2266 4665 2319 4712 ει
2351 4630 2393 4656 υ
2422 4642 2641 4715 γὰρ,ὼς
2671 4643 2728 4693 ὲν
2760 4634 2917 4704 ἁπλῷ
2934 4651 2993 4686 τε
3018 4630 3248 4727 ualidi-£1;

2417 632 2509 686 ἐπὶ
2537 632 2708 702 τούτῳ
2742 632 2829 684 διὰ
2873 632 2969 701 τῆς
2998 630 3103 682 τῶν
3133 626 3428 699 προφητῶν
3467 624 3758 696 ἠλέγχοντο
3786 623 3997 692 φωνῆς,

2415 725 2509 776 τοῦ
2538 723 2671 776 Θεοῦ
2698 724 2945 792 λέγοντος
2970 738 2985 754 ’
3041 741 3059 774 ι
3082 722 3139 775 '0
3162 720 3388 792 οὐρανός
3418 736 3506 788 μοι
3539 717 3747 786 θρόνος,
3777 716 3810 784 ἡ
3836 714 3894 768 δὲ
3921 714 3997 781 γῆ

2417 816 2513 866 uxr.
2528 814 2702 867 ττύδιον
2732 815 2837 867 τῶν
2872 813 3050 866 ποδῶν
3094 830 3216 883 μου.
3247 812 3405 863 Ποῖον
3438 804 3584 862 οἶκον
3610 803 3999 875 οἰκοδομήσετέ

2418 924 2528 976 μοι,
2582 906 2728 974 λέγει
2773 906 2996 978 Κύριος,
3037 905 3070 975 ἢ
3111 904 3196 967 τίς
3232 903 3397 966 τόπος
3438 900 3538 971 τῆς
3590 894 3997 957 καταπαύσεώς

2418 1016 2520 1069 μου
2548 1016 2564 1066 ;
2595 1017 2611 1049 ι
2635 1000 2968 1069 Σαμαρεῖται
2992 997 3049 1049 δὲ
3076 994 3258 1059 πάλιν,
3291 993 3352 1045 ού
3389 992 3579 1061 πόρρω
3606 990 3704 1058 τῆς
3727 985 3999 1039 Ἰουδαίων

2415 1090 2655 1162 ἀμαθίας
2688 1092 2954 1157 κείμενοι,
2990 1089 3172 1160 χώραν
3217 1103 3276 1140 τε
3320 1083 3453 1155 ὁμοῦ
3499 1082 3595 1137 καὶ
3636 1076 3999 1134 ἀπαιδευσίαν

2414 1184 2613 1254 ὅμορον
2658 1183 2905 1253 ἔχοντες,
2955 1182 3013 1234 ὲν
3061 1180 3178 1251 ὄρει
3225 1176 3302 1247 τῷ
3336 1174 3589 1245 Γαρίζειν
3621 1169 3763 1223 οὕτω
3795 1167 3995 1219 καλου-

2418 1275 2584 1345 μένῳ,
2618 1275 2710 1328 καὶ
2752 1271 3146 1343 προσεύχεσθαι
3193 1268 3325 1332 δεῖν,
3377 1267 3472 1319 καῖ¹
3517 1265 3843 1335 προσκυνεῖν
3883 1260 3997 1313 οίό-

2418 1385 2589 1438 μενοι,
2612 1366 2675 1419 τὸ
2695 1365 2954 1434 γελᾶσθαι
2980 1362 3202 1423 δικαίως
3236 1360 3296 1412 ού
3321 1356 3694 1425 διαφεύγουσι.
3719 1354 3911 1421 Γέγονε
3938 1351 3998 1403 δὲ

2416 1458 2508 1509 καὶ
2537 1455 2706 1525 αὐτῆς
2737 1455 2837 1524 τῆς
2878 1452 3063 1513 ἀνοίας
3099 1453 3132 1521 ὴ
3164 1449 3460 1520 πρόφασις,
3505 1445 3568 1497 τὸ
3613 1442 3857 1497 δεδόσθαι
3895 1441 3999 1510 τὴν

2415 1547 2663 1616 εὐλογίαν
2684 1547 2741 1600 ὲν
2764 1544 2880 1616 ὄρει
2899 1543 3171 1614 Γαρίςειν,
3188 1538 3369 1602 καθὼς
3402 1540 3459 1590 ὲν
3484 1536 3563 1607 τῷ
3591 1531 4000 1603 Δευτερονομίῳ

2414 1636 2799 1709 γεγραμμένον
2830 1635 3175 1705 εὑρίσκομεν.
3209 1629 3425 1699 Ταύτην
3453 1629 3487 1698 ἡ
3520 1626 3657 1696 γυνὴ
3682 1623 3760 1693 τῷ
3779 1621 3997 1689 Σωτῆρι

2413 1732 2510 1801 τὴν
2544 1730 2789 1799 ζήτησιν,
2840 1726 2916 1790 ῶς
2947 1744 2999 1779 τι
3042 1724 3183 1796 μέγα
3248 1722 3341 1775 καὶ
3374 1717 3823 1785 δυσκατάληπτον
3861 1713 3999 1784 πρό-

2416 1822 2602 1893 ϐλημα
2624 1822 2942 1891 προΐσχεται
2964 1818 3197 1886 λέγουσα
3221 1830 3235 1847 ·
3273 1832 3291 1867 ι
3311 1814 3374 1867 Οἱ
3396 1811 3631 1882 πατέρες
3656 1808 3812 1879 ἡμῶν
3833 1807 3892 1858 ὲν
3916 1805 3997 1873 τῷ

2342 1898 2385 1957 Β
2415 1913 2529 1985 ὄρει
2558 1912 2733 1982 τούτῳ
2765 1908 3199 1981 προσεκύνησαν,
3234 1924 3252 1957 ι
3290 1904 3383 1957 καὶ
3411 1903 3480 1956 τά
3508 1903 3656 1971 ἑξῆς.

2484 2004 2739 2061 Πίστευέ
2769 2022 2891 2073 μοι,
2923 2002 3119 2072 γύναι,
3153 1999 3239 2052 ὅτι
3271 1998 3503 2066 ἔρχεται
3538 1995 3678 2063 ὥρα,
3723 1993 3822 2046 ὅτε
3854 1993 3998 2046 οὔτε

2410 2099 2479 2151 ἐν
2522 2096 2950 2166 Ἱεροσολύμοις
2974 2133 2988 2158 ,
3035 2093 3171 2146 οὔτε
3220 2090 3289 2142 ἐν
3314 2087 3394 2153 τῷ
3438 2087 3559 2155 ὄρει
3598 2084 3786 2151 τούτῳ
3811 2098 3997 2152 προσ-

2412 2191 2714 2259 κυνήσετε
2743 2188 2823 2255 τῷ
2848 2187 3053 2255 Πατρί.

2508 2285 2675 2356 Ὁμοῦ
2735 2285 2834 2354 τῆς
2896 2282 3152 2337 ἁπάντων
3212 2274 3452 2345 ἀμαθίας
3525 2270 3993 2341 καταψηφίζεται,

2415 2372 2881 2450 μετατεθήσεσθαι
2918 2370 3091 2438 λέγων
3122 2366 3215 2420 ἐπὶ
3239 2366 3299 2419 τὸ
3332 2363 3699 2435 ἀληθέστερον
3731 2360 3830 2430 τῆς
3862 2360 3998 2429 παρ’

2412 2471 2613 2540 ἀμφοῖν
2638 2465 2890 2536 λατρείας
2924 2462 2984 2514 τὸ
3008 2460 3213 2530 σχῆμα.
3259 2457 3334 2511 Οὐ
3366 2456 3475 2526 γὰρ
3502 2454 3600 2515 ἔτι,
3632 2453 3788 2522 φησὶ,
3824 2450 3996 2520 ζητη-

2413 2564 2637 2634 θήσεται
2684 2560 2866 2622 τόπος,
2903 2559 2959 2610 ἐν
2986 2548 3029 2623 ᾧ
3070 2554 3135 2623 δὴ
3177 2551 3384 2622 κυρίως
3414 2549 3689 2617 οἰήσονται
3720 2546 3996 2598 κατοικεῖν

2412 2655 2502 2707 τὸν
2528 2653 2679 2712 Θεὸν,
2732 2649 2845 2703 ἁλλ’
2871 2647 2944 2711 ὡς
2969 2644 3038 2699 τὰ
3071 2644 3247 2697 πάντα
3289 2637 3585 2710 πληροῦντι
3623 2637 3718 2690 καὶ
3751 2634 4004 2704 συνέχειν

2417 2744 2653 2817 ἰσχύοντι
2685 2739 3124 2812 προσκυνήσουσι
3174 2733 3252 2804 τῷ
3294 2731 3505 2802 Κυρίῳ,
3554 2729 3781 2789 ἕκαστος
3808 2728 3870 2778 ἐκ
3899 2724 3996 2778 τοῦ

2414 2838 2577 2891 τόπου
2612 2831 2795 2896 αὐτοῦ,
2843 2829 3096 2899 καθάπερ
3123 2829 3209 2889 τίς
3254 2840 3387 2893 φησι
3420 2822 3528 2874 τῶν
3563 2820 3733 2888 ἁγίων
3778 2834 3995 2888 προφη-

2413 2929 2539 2982 τῶν.
2576 2927 2745 2995 Ὥραν
2793 2924 2850 2976 δὲ
2899 2922 2994 2975 καὶ
3043 2918 3234 2989 καιρὸν
3277 2916 3377 2986 τῆς
3418 2914 3527 2966 τῶν
3559 2911 3814 2964 τοιούτων
3857 2909 3999 2962 ἐθῶν

2418 3018 2824 3092 μεταστάσεως,
2874 3013 2972 3083 τὴν
3004 3008 3195 3064 ἑαυτοῦ
3235 3006 3370 3078 μετὰ
3410 3004 3660 3075 σώματος
3703 3000 3998 3069 ἐπιδημίαν

2414 3114 2471 3164 ὲν
2497 3111 2685 3180 κόσμῳ
2716 3106 2900 3177 φησίν.
2959 3104 3238 3171 Ἐπιτήρει
3271 3099 3326 3152 δὲ
3368 3099 3517 3159 ὅπως
3550 3091 3874 3164 ἀστειοτὰτῃ
3900 3091 3997 3145 τοῦ

2414 3201 2571 3271 λόγου
2622 3200 2969 3270 χρησάμενος
3022 3195 3209 3263 ἀγωγῇ
3269 3191 3406 3261 πρὸς
3459 3188 3667 3251 ἐννοίας
3712 3186 3809 3249 τὰς
3866 3184 3998 3255 περὶ

2414 3294 2545 3347 Υἱοῦ
2593 3293 2818 3362 ποδηγεῖ
2862 3288 2955 3343 τοῦ
2990 3285 3210 3356 γυναίου
3253 3283 3344 3335 τὸν
3387 3280 3533 3342 νοῦν,
3566 3279 3786 3349 Πατέρα
3816 3276 3998 3330 καλῶν

2414 3387 2504 3440 τὸν
2530 3385 2662 3438 Θεόν
2691 3400 2704 3413 ο
2750 3381 2868 3445 πῶς
2898 3379 3008 3449 γὰρ
3034 3378 3100 3431 ἂν
3133 3375 3267 3437 ὅλως
3297 3375 3468 3427 νοοῖτο
3496 3372 3685 3441 Πατὴρ
3710 3370 3810 3423 οὐκ
3844 3368 3998 3433 ὄντος

2416 3477 2545 3532 Υίοῦ
2564 3493 2580 3541 ;

3009 3580 3264 3635 ΚΕΦΑΛ.
3307 3578 3381 3631 E'.

2420 3684 2548 3734 "Ott
2577 3680 2688 3733 οὐκ
2718 3676 2787 3729 ἐν
2836 3672 2956 3739 τοῖς
2990 3668 3453 3738 προσκυνοῦσιν
3496 3666 3739 3739 ἐστιν-ο
3786 3664 3921 3739 ηὐς
3956 3658 4000 3735 ᾖ

2490 3750 2678 3818 Λόγος
2706 3745 2837 3799 ἐστὶ
2859 3733 2979 3818 ,κάι
3009 3733 3173 3805 Θεὸς,
3216 3736 3641 3807 προσκυνεῖται
3669 3735 3737 3789 δὲ
3753 3733 3999 3804 umor-

2485 3816 2634 3889 μετά
2672 3816 2921 3883 Πατρός.

2502 3909 2697 3979 Ὑμεῖς
2737 3902 3129 3977 προσκυνεῖτε
3151 3899 3182 3954 ὃ
3203 3901 3314 3953 οὐκ
3349 3897 3567 3964 οἴδατε,
3605 3895 3774 3967 ἡμεῖς
3805 3913 3999 3966 προσ-

2421 4000 2755 4069 κυνοῦμεν,
2802 3997 2834 4050 ὃ
2888 3994 3153 4063 οἴδαμεν,
3227 3992 3314 4043 ὅτι
3366 3990 3402 4056 ’ὴ
3455 3990 3716 4057 σωτηρία
3760 3989 3831 4043 ἐκ
3880 3987 4000 4043 τῶι·

2434 4094 2736 4150 Ἰουδαίων
2756 4089 2949 4144 ἐστίν.

2435 4202 2457 4210 '
2491 4188 2656 4243 Λαλεῖ
2682 4185 2778 4256 μὲν
2803 4181 2963 4235 πάλιν
2986 4181 3059 4240 ὡς
3092 4175 3339 4237 Ἰουδαῖος
3362 4173 3455 4226 καὶ
3480 4171 3785 4242 ἄνθρωπος,
3810 4170 4000 4225 τοῦτον

2421 4279 2514 4332 καὶ
2543 4277 2639 4330 νῦν
2669 4270 3005 4338 ἀπαιτούσης
3046 4266 3136 4319 τὸν
3167 4264 3364 4335 τρόπον
3408 4262 3504 4331 τῆς
3551 4260 3643 4313 τοῦ
3674 4261 4000 4331 πράγματος

2408 4366 2731 4437 Δοἰκονομίας
2759 4381 2772 4395 ·
2825 4361 2947 4414 οὐδὲ
2987 4358 3095 4428 γὰρ
3134 4355 3199 4409 ἂν
3230 4353 3422 4423 καιροῦ
3466 4368 3523 4403 τε
3558 4349 3653 4404 καὶ
3692 4350 3999 4419 πρέποντος

2421 4458 2708 4527 ἀπεσφάλη
2757 4452 3007 4525 Χριστός.
3064 4446 3349 4514 Ἀπονέμει
3387 4443 3443 4496 δέ
3476 4460 3526 4495 τι
3573 4441 3666 4494 καὶ
3711 4442 3874 4493 πλέον
3921 4443 4001 4504 εἰς

3235 4537 3462 4608 τρείαις.
3515 4534 3848 4602 Σαμαρεῖται
3902 4534 4001 4601 μὲν

3255 4628 3401 4697 τήτῳ
3434 4625 3596 4694 λόγῳ,
3632 4624 4000 4693 προσκυνοῦσι

738 4757 1033 4827 prOphetas
1082 4751 1193 4806 veri
1234 4751 1327 4805 Dei
1370 4749 1688 4818 cognitione
1730 4756 1997 4817 quantum
2033 4748 2086 4800 in
2132 4762 2190 4801 se
2240 4754 2322 4801 est

2420 4736 2510 4788 τὸν
2538 4733 2670 4786 Θεόν
2691 4748 2707 4764 ο
2738 4728 2980 4783 Ἰουδαῖοι
3012 4723 3090 4785 δὲ,
3123 4722 3212 4775 διὰ
3238 4720 3404 4789 νόμου
3436 4718 3529 4770 καὶ
3555 4715 3871 4786 προφητῶν,
3902 4716 4000 4785 τὴν

2796 4820 2821 4827 _
3452 4808 3989 4827 -._,_h_,..

738 4855 977 4917 accepta.
1002 4845 1235 4913 Ideoque
1258 4840 1471 4896 nescire
1487 4839 1862 4893 Samaritanos
1876 4838 1968 4901 ait,
1995 4837 2086 4892 sed
2104 4835 2321 4891 Iudaeos

2418 4827 2511 4880 τοῦ
2540 4827 2688 4886 ὄντος
2720 4820 2919 4890 γνῶσιν
2967 4817 3106 4871 κατὰ
3147 4814 3207 4867 τὸ
3237 4809 3509 4881 ἐγχωροῦν
3551 4808 3847 4877 δεχόμενοι.
3902 4810 4002 4862 Διά

2646 4916 2653 4917 κ
2854 4911 2863 4917 .
3062 4908 3072 4917 .
3200 4904 3212 4917 .
3308 4902 3408 4917 ρ...
3652 4901 3682 4917 ,.
3718 4916 3721 4917 ν
3816 4899 3872 4917 ,ρ
3960 4903 3968 4912 .

740 4939 880 4993 scire
918 4931 1341 5007 quodammodo,
1376 4947 1440 4986 ex
1486 4930 1689 4999 quibus
1729 4932 1891 4985 etiam
1930 4930 2194 4982 orituram
2232 4942 2318 4983 sa-

740 5031 905 5083 lutem
934 5026 1184 5087 aﬂirmat,
1217 5033 1462 5077 nostram
1523 5021 1795 5075 videlicet.
1856 5019 2115 5074 Christus
2170 5018 2316 5073 cnim

738 5128 917 5177 estex
970 5119 1175 5174 semine
1206 5114 1450 5177 Davidis,
1486 5112 1635 5184 quod
1673 5113 1741 5166 ad
1806 5126 2028 5165 carnem
2084 5111 2316 5164 attinet:

739 5211 907 5265 David
926 5218 1106 5264 autem
1136 5224 1203 5263 ex
1240 5207 1385 5261 tribu
1429 5205 1571 5260 Juda
1606 5204 1873 5259 oriundus
1926 5214 2028 5258 est.
2066 5199 2317 5271 Seipsum

737 5319 901 5373 porro
939 5304 1081 5356 inter
1130 5300 1449 5355 adoratores
1508 5298 1779 5360 collocat,
1813 5304 1873 5349 ut
1899 5294 2083 5357 homo,
2130 5295 2177 5349 is
2225 5294 2317 5363 qui

735 5410 859 5448 cum
894 5392 1004 5447 Deo
1038 5399 1089 5446 et
1122 5389 1304 5455 Patre,
1339 5402 1463 5441 cum
1488 5400 1517 5440 a
1547 5386 1730 5451 nobis,
1764 5395 1879 5438 tum
1910 5399 1939 5436 a
1970 5382 2179 5437 sanctis
2216 5397 2315 5435 an-

736 5486 872 5555 gelis
902 5483 1185 5537 adoratur.
1216 5479 1450 5546 Quando
1478 5478 1625 5533 enim
1665 5476 1917 5532 servilem
1960 5473 2191 5528 formam
2229 5486 2317 5524 as-

738 5578 988 5647 sumpsit,
1057 5574 1389 5629 conveniens
1457 5585 1676 5643 quoque
1732 5583 1893 5625 servo
1947 5565 2313 5621 ministerium

736 5666 936 5733 explet,
960 5677 1306 5734 nequaquam
1329 5662 1584 5716 desinens
1609 5675 1733 5715 esse
1758 5658 1920 5722 Deus,
1946 5672 2009 5711 ac
2032 5656 2313 5719 Dominus,

736 5766 791 5811 et
825 5756 1155 5811 adorandus.
1200 5754 1382 5809 Manet
1415 5752 1558 5807 enim
1611 5751 1777 5817 idem,
1835 5749 1961 5805 licet
2013 5748 2191 5803 factus
2245 5746 2315 5803 sit

810 5937 853 5965 "
889 5934 992 5987 lsa.
1026 5947 1176 5997 vai,
1212 5932 1263 5985 l.‘

2420 4919 2578 4972 τοῦτο
2624 4911 2966 4981 Σαμαρείτας
3019 4908 3116 4978 μὲν
3161 4904 3260 4957 ούκ
3308 4902 3504 4955 εἰδέναι
3563 4901 3759 4969 φησιν,
3813 4899 4001 4963 ἐξεπί-

2423 5008 2652 5063 στασθαι
2681 5005 2738 5058 δέ
2772 5020 2890 5065 πως
2922 5002 3047 5062 τοὺς
3094 4996 3396 5057 Ἰουδαίους,
3427 4992 3486 5056 ἐξ
3513 4986 3588 5045 ὧν
3629 4992 3722 5044 καὶ
3748 4992 4003 5059 ἀναδειχ-

2425 5097 2682 5170 θήσεσθαι
2724 5093 2823 5163 τὴν
2876 5089 3171 5159 σωτηρίαν,
3221 5083 3430 5138 ἑαυτῶν
3471 5082 3711 5151 δηλονότι
3741 5080 4002 5152 διῖσχυρὶ-

2424 5192 2593 5257 ζεται.
2658 5185 2790 5239 Ἀπὸ
2836 5184 2945 5252 γὰρ
2996 5180 3306 5248 σπέρματος
3348 5174 3509 5229 nam
3550 5174 3611 5225 τὸ
3645 5172 3783 5225 κατὰ
3825 5172 4005 5244 σάρκα

2424 5280 2678 5353 Χριστὸς,
2711 5275 2880 5345 φυλῆς
2908 5273 2965 5326 δὲ
2994 5271 3089 5341 τῆς
3140 5268 3308 5321 Ἰούδα
3352 5266 3577 5335 γέγονεν
3614 5267 3642 5317 ὁ
3686 5264 3871 5318 Δαϐίδ.
3917 5265 4006 5316 Ἐν

2423 5376 2480 5428 δὲ
2512 5375 2624 5435 τοῖς
2674 5364 3072 5439 προσκυνοῦσιν
3114 5360 3303 5414 ἑαυτὸν
3352 5357 3676 5411 κατατάττει
3722 5356 3883 5408 πάλιν
3930 5356 4007 5416 ῶς

2425 5466 2729 5536 ἄνθρωπος,
2778 5461 2806 5511 ὁ
2843 5456 2981 5529 μετὰ
3007 5454 3141 5508 Θεοῦ
3175 5454 3269 5507 καὶ
3310 5451 3544 5521 Πατρὸς,
3582 5448 3719 5518 πρός
3758 5464 3816 5499 τε
3847 5447 4007 5517 ἡμῶν

2424 5561 2518 5612 καὶ
2558 5554 2665 5609 τῶν
2716 5552 2885 5620 ἁγίων
2932 5548 3178 5617 ἀγγέλων
3228 5541 3716 5615 προσκυνούμενος.
3784 5539 4007 5610 Ἐπειδὴ

2425 5650 2533 5718 γὰρ
2582 5645 2643 5697 τὸ
2684 5640 2953 5696 οἰκετικὸν
3014 5635 3399 5708 περιεϐάλλετο
3443 5633 3626 5701 σχῆμα
3663 5632 3765 5699 τὴν
3817 5632 4009 5701 οἰκέτῃ

2425 5733 3093 5812 πρέπουσανὰποπληροῖ
3141 5730 3506 5798 λειτουργίαν,
3584 5724 3684 5777 οὐκ
3734 5722 4012 5787 ἀπολέσας
