4222 6510
233 428 337 483 305

1274 428 1339 482 IN
1372 426 1656 483 JOANNIS
1696 425 2145 483 EVANCELIUM
2193 426 2319 481 LIB.
2354 427 2415 481 11.

3382 422 3487 478 506

230 552 290 603 τὸ
328 540 465 603 εἷναι
500 550 651 612 Θεὸς,
697 550 787 603 καὶ
826 548 1048 622 Κύριος,
1088 550 1182 605 καὶ
1215 551 1608 621 προσκυνητός.
1645 551 1812 604 Μένει

1915 551 2099 615 homo,
2127 557 2182 606 et
2213 549 2417 619 ubique
2441 548 2871 619 dispensationis
2905 562 3029 604 cum
3062 562 3225 602 carne
3262 562 3486 603 servans

230 641 338 713 γάρ
367 642 395 694 6
420 640 581 704 αὐτὸς
614 642 663 693 εί
692 642 785 694 καὶ
816 641 1039 711 γέγονεν
1084 640 1390 714 ἄνθρωπος,
1425 641 1724 705 ἀποσώζων
1754 641 1810 694 δὲ

231 730 480 800 πανταχῆ
505 731 606 800 τῆς
632 731 768 801 μετά
794 731 995 802 σαρκὸς
1020 732 1333 802 οἰκονομίας
1358 732 1449 784 τὸν
1481 732 1637 800 λόγον
1658 750 1669 761 ·
1710 731 1811 785 κᾶν

234 820 476 891 μεγάλην
512 821 647 894 ἴδῃς,
684 822 779 875 καὶ
807 822 1062 893 ὑπερφυᾶ
1093 823 1191 893 τὴν
1221 823 1568 889 ταπείνωσιν,
1597 824 1810 895 θαυμα-

233 914 362 982 στὴς
409 912 690 984 είσέρχου,
754 916 829 985 μὴ
885 917 1218 990 κατήγορος,
1275 918 1349 987 μὴ
1400 916 1808 988 φιλεγκλήμων,

235 1006 434 1075 μᾶλλον
493 1006 550 1058 δὲ
612 1006 872 1076 μιμητής.
955 1005 1243 1069 Τοιούτους
1310 1009 1337 1059 6
1392 1006 1604 1069 ιιαῦλος
1666 1008 1811 1076 ἡμᾶς

232 1097 461 1167 ὁρᾶσθαι
507 1096 754 1167 βούλεται
793 1097 967 1166 λέγων
1011 1113 1025 1126 ⁶
1096 1117 1114 1149 ι
1151 1098 1337 1169 Τούτῳ
1387 1099 1650 1168 φρονείτω
1694 1098 1809 1171 [αἱ.

230 1186 388 1239 τοῦτο
412 1187 680 1258 φρονεῖτε]
729 1187 957 1252 ἕκαστος
1005 1190 1062 1242 ἐν
1108 1192 1234 1260 ὑμῖν
1290 1192 1493 1256 αὐτοῖς,
1539 1192 1567 1244 ὂ
1612 1194 1705 1244 καὶ
1753 1193 1810 1244 ἐν

232 1277 453 1347 Χριστῷ
516 1276 725 1347 Ἰησοῦ,
775 1278 832 1343 ὃς
881 1281 938 1333 ἐν
986 1283 1166 1350 μορφῇ
1215 1280 1350 1334 Θεοῦ
1412 1282 1673 1353 ὑπάρχων
1714 1284 1811 1354 οὑχ

231 1366 525 1436 ἁρπαγμὸν
566 1368 812 1437 ἡγήσατο
851 1368 913 1422 τὸ
957 1367 1097 1423 εἶναι
1141 1370 1231 1426 ῐσα
1270 1371 1420 1442 Θεῷ,
1467 1372 1585 1426 ἀλλ’
1622 1374 1811 1427 ἑαυτὸν

231 1455 467 1509 ἐκένωσε
514 1457 727 1529 μορφὴν
759 1458 948 1513 δούλου
991 1460 1198 1527 λαὸὼν,
1256 1465 1313 1516 ὲν
1356 1463 1668 1532 ὁμοιώματι
1715 1465 1810 1518 ἀν-

231 1545 466 1615 θρώπων
493 1549 801 1618 γενόμενος,
836 1551 927 1604 καὶ
955 1552 1192 1622 σχήματι
1222 1554 1467 1623 εὑρεθεὶς
1492 1554 1567 1618 ὼς
1600 1553 1814 1627 ἀνθρώ-ν

232 1655 368 1701 πος,
417 1641 781 1696 ἐταπείνωσεν
822 1644 1034 1700 ἑαυτόν.
1077 1664 1094 1698 ι
1173 1646 1334 1716 Ὁρᾷς
1374 1646 1524 1709 ὅπως
1564 1664 1809 1700 ταπεινο-

230 1731 503 1802 φροσύνης
531 1733 834 1805 ὑπόδειγμα
862 1736 1084 1806 γέγονεν
1123 1739 1257 1807 ἡμῖν
1285 1739 1312 1791 ὁ
1346 1738 1472 1801 Υἱὸς
1512 1739 1570 1791 ὲν
1605 1738 1825 1809 ἰσότητι·

231 1823 334 1889 μιν
374 1824 632 1895 ὑπάρχων
666 1826 757 1877 τοῦ
795 1828 1029 1896 Πατρός,
1078 1828 1173 1881 καὶ
1214 1830 1272 1880 ἐν
1306 1831 1486 1900 μορφῇ
1534 1829 1677 1883 καθά
1719 1829 1810 1897 γέ-

226 1932 508 1983 γραπται,
563 1916 958 1987 καταϐεϐηκὼς
1006 1918 1062 1971 δὲ
1106 1918 1172 1971 δι’
1231 1921 1379 1991 ἡμᾶς
1432 1923 1511 1984 είς
1563 1921 1808 1975 ἑκούσιον

227 2005 509 2076 ὑπακοὴν,
557 2009 648 2060 καὶ
690 2009 1062 2075 ταπείνωσιν;
1128 2009 1255 2074 Πῶς
1309 2005 1401 2065 οῦν
1454 2012 1558 2084 ἄρα
1605 2011 1666 2065 τὸ
1710 2012 1810 2082 τῆς

227 2097 499 2167 ὑπακοῆς,
521 2098 638 2163 πῶς
670 2100 725 2153 δὲ
756 2100 817 2153 τὸ
843 2102 945 2170 τῆς
972 2101 1354 2166 ταπεινώσεως
1386 2102 1492 2155 ἔδει
1526 2101 1811 2172 φαίνεσθαι

228 2189 438 2259 σχῆμα.
473 2190 506 2259 ἢ
540 2191 780 2262 δηλονότι
804 2194 833 2245 ό
860 2193 949 2246 διὰ
972 2192 1081 2246 τῶν
1114 2194 1477 2264 πραγμάτων,
1515 2196 1608 2249 καὶ
1639 2195 1813 2263 λόγων

226 2281 328 2351 τῆς
357 2282 691 2354 θεοπρεποῦς
725 2285 880 2352 ἀξίας
923 2286 1373 2357 ὑποϐεϐηκότων,
1423 2286 1517 2341 καὶ
1567 2286 1702 2339 πολὺ
1752 2285 1815 2339 τὸ

226 2374 452 2428 ἔλαττον
482 2377 736 2445 ἐχόντων,
778 2378 810 2449 ἢ
846 2380 903 2431 ἐν
946 2376 1142 2450 οἷσπερ
1187 2374 1255 2449 ἦν
1286 2379 1491 2450 γυμνὸς
1536 2379 1618 2431 ἐτι
1658 2379 1812 2449 παρὰ

230 2467 408 2537 Πατρὶ
441 2467 631 2536 Λόγος,
659 2470 752 2523 καὶ
782 2470 1133 2539 ἀσύμπλοκος
1170 2470 1270 2539 τῆς
1310 2468 1405 2523 τοῦ
1447 2469 1637 2523 δούλου
1679 2486 1812 2542 μορ-

229 2560 376 2628 φῆς;
426 2559 536 2612 Ποῦ
566 2561 676 2631 γάρ
701 2561 839 2625 ὅλως
871 2560 1035 2615 αὑτὸν
1078 2559 1514 2632 καταδεδηκέναι
1545 2562 1811 2631 φήσομεν,

230 2653 280 2703 εί
311 2652 385 2721 μή
435 2669 487 2704 τι
522 2652 619 2705 καὶ
668 2652 778 2709 τῶν
821 2656 949 2724 παρ’
982 2652 1139 2718 ἀξίαν
1194 2653 1481 2723 ὑπομεῖναι
1529 2651 1814 2724 δώσομεν;

234 2745 432 2812 Γέγονε
478 2743 595 2808 πῶς
627 2746 685 2798 ἐν
719 2745 1021 2816 ἀνθρώπων
1063 2746 1370 2817 ὁμοιώματι
1416 2746 1560 2800 κατά
1591 2746 1689 2817 τὴν
1720 2747 1815 2800 τοῦ

234 2837 453 2889 Παύλου
481 2836 684 2908 φωνὴν,
720 2839 769 2891 εί
805 2838 879 2909 μὴ
926 2838 987 2891 τὸ
1023 2837 1330 2908 ἀνθρώποις
1356 2839 1568 2909 πρέπον
1608 2840 1817 2909 ἐμιμή-

234 2944 408 2993 caro;
472 2928 710 2999 Πρᾶγμα
778 2929 842 2984 δὲ
902 2930 1211 3002 ἀνθρώποις
1269 2931 1720 3002 πρεπωδέστατον
1780 2933 1813 3003 ἡ

234 3018 624 3092 προσκύνησις,
655 3019 731 3084 ὡς
761 3021 819 3075 ἐν
846 3021 1159 3093 ὀφλήματος
1177 3021 1329 3089 τάξει
1363 3022 1725 3095 κατατιομὲνη
1756 3040 1816 3076 τε

232 3111 331 3163 καὶ
388 3113 778 3183 προσαγομένη
842 3113 978 3184 παρ’
1029 3113 1186 3184 ἡμῶν
1250 3113 1331 3185 τῷ
1392 3113 1532 3185 Θεῷ.
1604 3113 1815 3167 Οὐκοῦν

1914 646 2181 698 rationem
2218 662 2231 696 :
2268 651 2355 710 at,
2417 643 2462 699 si
2532 650 2590 697 tu
2631 643 2887 697 eximiam
2933 650 2987 695 et
3017 637 3486 709 supernaturalem

1914 735 2278 790 humilitatem
2330 734 2551 797 videris,
2596 732 3031 789 admirabundus
3070 732 3218 792 subi.
3252 746 3361 784 non
3395 744 3490 783 ac-

1912 835 2155 890 cusator,
2183 840 2290 879 non
2313 826 2701 889 calumniator,
2739 825 2837 880 sed
2880 826 3146 879 imitator.
3190 823 3352 877 Tales
3388 835 3489 875 nos

1913 917 2085 973 videri
2133 918 2249 971 vult
2289 916 2513 981 Paulus,
2552 917 2781 971 dicens:
2834 935 2854 969 ι
2921 915 3037 970 Hoc
3083 915 3228 970 enim
3292 914 3491 970 sentite

1916 1010 2292 1078 unusquisque
2327 1008 2382 1061 in
2410 1006 2593 1071 vobis,
2619 1007 2765 1075 quod
2784 1016 2835 1060 et
2856 1007 2910 1060 in
2937 1005 3161 1078 Christo
3194 1004 3321 1060 Jesu
3346 1023 3359 1059 :
3394 1005 3491 1072 qui

1913 1117 2035 1158 cum
2070 1102 2245 1155 forma
2278 1099 2368 1154 Dei
2411 1106 2579 1163 esset,
2623 1112 2732 1151 non
2764 1097 3012 1166 rapinam
3060 1095 3364 1150 arbitratus
3407 1102 3492 1149 est

1913 1210 2037 1251 esse
2066 1208 2124 1249 se
2145 1193 2409 1262 aequalem
2454 1190 2586 1255 Deo,
2640 1190 2736 1246 sed
2770 1191 3124 1258 semetipsum
3164 1187 3490 1249 exinanivit,

1915 1288 2146 1343 formam
2180 1286 2322 1342 servi
2348 1284 2650 1355 accipiens.
2671 1283 2726 1337 in
2758 1281 3175 1337 similitudinem
3206 1280 3491 1336 hominum

1914 1378 2115 1443 factus,
2155 1386 2208 1433 et
2248 1378 2470 1432 habitus
2498 1376 2751 1431 inventus
2815 1382 2873 1428 ut
2924 1373 3120 1439 homo,
3180 1372 3496 1426 humiliavit

1914 1469 2272 1539 semetipsum
2294 1470 2362 1523 ⁸⁸.
2401 1486 2420 1519 ι
2460 1468 2623 1537 186
2656 1465 2815 1521 Vides
2842 1472 2901 1520 ut
2943 1465 3274 1519 humilitatis
3304 1479 3491 1519 exem-
3588 1474 3591 1477 ‘

1912 1561 2061 1630 plum
2086 1559 2247 1615 nobis
2269 1558 2451 1613 factus
2480 1559 2549 1613 sit
2583 1556 2779 1621 Filius,
2813 1558 3062 1629 quamvis
3090 1555 3147 1611 in
3180 1556 3493 1626 aequalitate

1914 1651 1985 1705 sit
2019 1649 2221 1711 Patris,
2256 1659 2309 1705 et
2342 1648 2536 1712 forma,
2588 1657 2648 1703 ut
2682 1649 2950 1717 scriptum
2983 1654 3089 1712 est,
3140 1647 3235 1701 sed
3270 1656 3493 1716 propter

1914 1757 2015 1797 nos
2068 1741 2121 1794 in
2178 1740 2547 1794 voluntariam
2600 1738 2969 1794 obedientiam
3018 1747 3073 1793 et
3129 1736 3493 1791 humilitatem

1911 1831 2297 1887 descenderit?
2319 1830 2608 1895 Quomodo
2639 1830 2807 1899 igitur
2830 1828 3158 1884 obedientia:
3192 1833 3286 1881 aut
3316 1826 3496 1881 humi~

1915 1923 2086 1978 litatis
2116 1921 2337 1977 habitus
2371 1920 2529 1974 aliter
2560 1931 2879 1990 appareret,
2916 1934 3080 1990 quam
3109 1935 3175 1975 ex
3218 1918 3387 1975 rebus
3430 1933 3495 1971 ac

1914 2015 2261 2072 sermonibus
2292 2013 2476 2068 divina
2505 2013 2773 2085 dignitate
2804 2012 3181 2075 inferioribus,
3226 2012 3495 2081 longeque

1914 2106 2223 2161 minoribus
2255 2119 2422 2175 quam
2456 2102 2637 2160 Verbo
2665 2104 2811 2159 nudo
2848 2104 3029 2158 adhuc
3081 2102 3315 2158 necdum
3350 2105 3496 2158 servi

1915 2199 2104 2253 forma:
2155 2197 2454 2267 conjuncto
2485 2196 2857 2253 conveniant?
2895 2195 3182 2263 Quomodo
3217 2195 3364 2251 enim
3402 2195 3496 2251 de-

1915 2288 2199 2346 scendisse
2225 2303 2350 2344 eum
2380 2288 2650 2353 dicemus,
2686 2288 2795 2343 nisi
2846 2287 3106 2358 quiddam
3159 2303 3284 2342 eum
3312 2303 3344 2342 a
3395 2303 3493 2344 sua

1915 2378 2179 2450 dignitate
2236 2378 2478 2433 alienum
2533 2378 2645 2447 pati
2698 2378 3036 2433 fatebimur?
3092 2376 3383 2444 Quomodo
3441 2380 3494 2432 in

1915 2471 2336 2527 similitudinem
2390 2470 2673 2525 hominum
2734 2470 2917 2527 factus
2956 2480 3064 2538 est,
3121 2472 3281 2542 juxta
3338 2471 3496 2526 Pauli

1916 2565 2265 2628 sententiam,
2319 2562 2365 2619 si
2399 2563 2547 2633 quod
2597 2561 2915 2619 hominibus
2958 2564 3217 2633 congruit
3256 2578 3365 2619 non
3422 2564 3496 2618 sit

1917 2654 2211 2708 imitatus?
2256 2653 2797 2710 Convenientissima
2832 2668 2962 2709 vero
2998 2669 3088 2709 res
3119 2664 3206 2711 est
3256 2655 3497 2709 homini-

1918 2746 2042 2810 bus,
2086 2745 2355 2811 adoratio,
2414 2760 2576 2816 quam
2616 2760 2718 2801 nos
2774 2744 2886 2801 Deo
2938 2754 3197 2817 tanquam
3253 2746 3495 2802 debitam

1917 2836 2216 2893 deferimus
2242 2848 2405 2909 atque
2432 2837 2810 2908 rependimus.
2835 2836 3022 2908 itaque
3050 2838 3247 2894 adorat
3276 2839 3496 2909 quidem

1917 2936 1977 2984 ut
2009 2929 2191 2995 homo,
2220 2930 2661 3000 quandoquidem
2697 2930 2873 2986 factus
2891 2940 2976 2987 est
3004 2931 3204 2996 homo;
3230 2932 3495 2986 adoratnr

1916 3034 2049 3074 vero
2103 3035 2322 3091 semper
2359 3035 2482 3075 cum
2518 3019 2704 3087 Patre,
2766 3021 2895 3091 quia
2952 3020 3096 3077 Deus
3136 3029 3218 3078 est
3278 3023 3499 3091 eritque

1918 3113 2222 3168 secundum
2282 3120 2562 3178 naturam,
2596 3127 2660 3167 ac
2693 3127 2879 3168 verus.
2934 3111 3043 3168 Sed
3108 3128 3217 3167 non
3274 3115 3326 3168 id
3360 3114 3499 3169 feret

234 3206 535 3273 προσκυνεῖ
562 3205 661 3275 μὲν
686 3205 762 3269 ὠς
802 3205 1105 3276 ἄνθρωπος,
1140 3206 1230 3259 ὅτε
1254 3207 1476 3275 γέγονεν
1508 3206 1814 3277 ἄνθρωπος,

1921 3203 2101 3260 denuo
2136 3202 2505 3264 adversarius,
2532 3217 2723 3257 verum
2756 3202 2812 3256 in
2843 3216 2945 3257 nos
2978 3202 3062 3256 his
3094 3201 3280 3257 verbis
3312 3203 3499 3257 insur-

232 3297 622 3365 προσκυνεῖται
655 3294 713 3349 δὲ
733 3296 820 3361 ἀεὶ
850 3296 988 3365 μετά
1020 3296 1251 3367 Πατρδς,
1286 3298 1408 3349 ἐπεὶ
1437 3296 1568 3359 Θεός
1602 3297 1720 3351 ἐστί
1754 3314 1814 3349 τε

232 3387 329 3438 καὶ
388 3384 541 3440 ἔσται
594 3388 736 3441 κατὰ
795 3389 990 3457 φύσιν,
1037 3389 1133 3442 καὶ
1179 3388 1451 3459 ἀληθινός.
1530 3390 1670 3442 Ἀλλ’
1717 3390 1818 3443 οὐκ

231 3476 484 3541 ἀνέξεται
522 3479 684 3532 πάλιν
714 3481 742 3533 6
773 3480 838 3532 δι’
872 3480 1139 3545 ἐναντίας,
1183 3482 1357 3534 ἐκεῖνο
1383 3481 1439 3534 δὲ
1468 3480 1642 3550 λέγων
1682 3482 1816 3535 ἀνα-

236 3572 497 3639 στήσεται
525 3586 538 3601 ·
591 3572 682 3643 Μὴ
732 3571 938 3638 ξενίξου
987 3575 1311 3644 προσκυνεῖν
1359 3574 1448 3627 ὅτε
1496 3574 1680 3644 φαμὲν
1726 3574 1817 3628 τὸν

237 3662 388 3716 Υἰόν.
432 3665 507 3718 Οὐ
540 3664 649 3736 γάρ
674 3664 846 3730 οὑτως
875 3666 1099 3736 οἰόμεθα
1128 3667 1324 3737 χρῆναι
1357 3669 1683 3738 προσκυνεῖν
1716 3668 1811 3720 αὑ-

231 3754 326 3807 τὸν
370 3753 450 3825 τῷ
498 3757 694 3826 Πατρὶ,
739 3755 928 3829 ὥσπερ
964 3754 1056 3811 οὖν
1088 3757 1280 3828 ἀμέλει
1323 3757 1418 3811 καὶ
1447 3759 1615 3828 ἡμᾶς,
1651 3757 1686 3827 ἢ
1727 3758 1821 3811 καὶ

234 3842 503 3909 ἀγγέλους
522 3843 700 3912 τυχὸν,
726 3843 841 3897 ἀλλ’
863 3842 1135 3916 ἐξαίρετός
1159 3843 1243 3908 τίς
1270 3844 1417 3898 ἐστιν
1442 3847 1475 3915 ή
1510 3846 1820 3916 προσκύνη-

237 3947 344 3993 σις,
394 3930 487 3983 καὶ
535 3931 668 3985 πολὺ
699 3931 801 4001 τῆς
835 3934 967 4003 παρ’
1008 3933 1166 4004 ἡμῶν
1207 3934 1265 3986 ὲν
1295 3933 1564 4003 ἀμείνοσι.
1617 3934 1682 3987 Τί
1727 3929 1821 3988 οὖν

234 4018 373 4087 πρὸς
396 4016 567 4070 ταῦτα
590 4018 751 4073 πάλιν
772 4020 1004 4091 ἐροῦμεν
1024 4022 1182 4092 ἡμεῖς
1202 4037 1216 4086 ;
1254 4023 1343 4085 Ὠς
1364 4021 1819 4094 ἀξιολογωτάτην,

234 4104 514 4176 ἄνθρωπε,
552 4106 850 4177 περιτιθεὶς
882 4106 959 4177 τῷ
985 4109 1285 4176 Μονογενεῖ
1312 4110 1411 4181 τὴν
1440 4109 1702 4176 δουλείαν,
1726 4113 1821 4165 καὶ

234 4195 509 4248 οίκετικὸν
538 4195 756 4266 ἀξίωμα
787 4198 898 4260 τοῖς
924 4197 985 4261 ἐξ
1018 4198 1234 4269 ἀπάτης
1267 4198 1697 4271 καταχρυσώσας
1730 4200 1823 4253 λό-

236 4300 356 4349 γοις
387 4284 549 4349 τισὶν,
582 4284 682 4337 οἴει
714 4285 1211 4356 παρακρουόμενος.
1254 4287 1467 4341 Παῦσαι
1496 4285 1733 4352 δοξάζων
1762 4289 1821 4341 ἐν

236 4372 434 4441 ἀτιμίᾳ
490 4373 580 4425 τὸν
628 4373 789 4435 Υίδν,
842 4374 928 4427 ἵνα
981 4375 1170 4446 μείνῃς
1214 4375 1391 4444 τιμῶν
1434 4375 1524 4428 τὸν
1564 4375 1804 4446 Πατέρα.

242 4478 259 4509 ι
285 4460 346 4510 '0
370 4458 480 4529 γάρ
506 4458 785 4530 μὴ·τιμῶν
813 4460 903 4513 τὸν
931 4460 1079 4523 Υίὸν,
1108 4461 1231 4515 οὐδὲ
1254 4463 1346 4515 τὸν
1377 4462 1595 4533 Πατέρα
1617 4466 1773 4536 τιμᾷ,
1796 4483 1813 4515 ι

237 4546 423 4611 καθὼς
447 4548 775 4617 γέγραπται.
803 4550 867 4602 Τί
893 4549 1023 4621 γάρ,
1055 4551 1175 4603 εἰπέ
1207 4568 1314 4621 μοι,
1350 4551 1485 4621 πρὸς
1512 4552 1820 4624 ἐλευθερίαν

236 4636 425 4704 ὀνήσει
471 4636 561 4688 τὸν
614 4636 909 4708 Μονογενῆ,
959 4638 1020 4691 τὸ
1060 4637 1336 4710 ἐξαίρετον
1369 4640 1638 4693 ποιεῖσθαι
1683 4641 1815 4711 παρ’

238 4724 391 4791 ἡμᾶς
452 4724 552 4792 τὴν
621 4724 1027 4795 προσκύνησιν;
1098 4726 1244 4788 Ἕως
1305 4726 1413 4798 γὰρ
1478 4725 1543 4780 ἂν
1598 4728 1656 4780 ἐν
1707 4730 1818 4792 τοῖς

240 4810 637 4879 προσκυνοῦσιν
720 4812 1075 4882 εὑρίσκηται,
1134 4813 1318 4876 δοῦλος
1378 4814 1530 4868 ἔσται
1578 4814 1815 4881 πάντως,

240 4897 337 4949 καὶ
379 4898 427 4949 εί
458 4901 625 4950 νοοῖτο
648 4900 1026 4969 προσκυνητὴς
1052 4899 1344 4970 ἐξαίρετος,
1391 4902 1578 4955 διοίσει
1617 4903 1673 4956 δὲ
1709 4901 1817 4957 τῶν

240 4985 558 5055 κτισμάτων
616 4986 756 5039 κατά
820 4985 920 5056 μὲν
973 4986 1034 5038 τὸ
1072 4981 1207 5040 εἶναι
1270 4988 1495 5057 γενητὸς
1548 4989 1817 5058 οὐδαμῶς.

242 5077 539 5144 ὑπεροχαῖς
566 5074 620 5126 δὲ
665 5074 823 5143 μόνον
847 5077 965 5138 ταῖς
997 5075 1203 5138 ἄλλαις,
1239 5077 1427 5148 ὥσπερ
1458 5077 1761 5148 ἀνθρώπων
1792 5080 1820 5131 6

242 5162 488 5231 Μιχαὴλ,
536 5161 569 5230 ἢ
617 5163 710 5214 καὶ
756 5163 917 5233 ἑτέρα
960 5180 1043 5227 τις
1094 5164 1202 5216 τῶν
1250 5164 1443 5233 ἁγίων,
1487 5166 1581 5218 καὶ
1629 5165 1819 5236 λογικὴ

240 5252 497 5319 δύναμις,
522 5243 636 5323 ᾖτὸ
660 5250 757 5319 μὲν
780 5249 1037 5320 προῦχειν
1059 5253 1166 5304 τῶν
1187 5254 1278 5306 ἐπὶ
1303 5252 1401 5322 τῆς
1424 5253 1526 5323 γῆς
1549 5252 1821 5316 οὑσιωδῶς

243 5340 441 5409 ὁρᾶται
469 5340 873 5408 προσπεφυκός,
897 5340 928 5410 ἢ
954 5341 1095 5393 κατά
1115 5341 1206 5393 τὸν
1227 5340 1325 5409 τῆς
1346 5340 1628 5408 ἁγιότητος
1648 5339 1805 5407 λόγον
1822 5376 1837 5401 ,

241 5428 278 5496 ἦ
332 5426 427 5479 καί
475 5443 581 5479 τινι
618 5425 773 5497 δόξης
815 5426 1157 5497 πλεονασμῷ,
1204 5426 1360 5491 δόξαν
1389 5427 1532 5481 οὕτω
1577 5427 1655 5498 τῷ
1692 5425 1830 5481 πάν-

244 5533 357 5569 των
405 5515 795 5588 ἀριστοτέχνῃ,
842 5516 963 5568 τότε
1020 5516 1127 5585 μὴν
1187 5519 1298 5577 τοῖς
1344 5518 1591 5585 γενητοῖς
1644 5533 1823 5569 συντε-

245 5602 469 5671 τάχθαι,
496 5602 635 5655 κατὰ
654 5603 743 5655 τὸν
766 5602 856 5655 τοῦ
885 5602 1211 5671 πεποιῆσθαι
1242 5604 1417 5670 λόγον,
1448 5605 1581 5675 πρὸς
1603 5604 1671 5656 τά
1693 5603 1827 5657 ἄλλα

246 5694 452 5749 κοινόν.
479 5693 684 5747 Οὐκοῦν
710 5694 1005 5765 οὐδαμόθεν
1037 5694 1095 5748 τὸ
1127 5691 1267 5750 εἶναι
1290 5697 1513 5767 γενητὸς
1552 5699 1607 5752 ἐν
1634 5698 1827 5768 Πατρῖ,

311 5876 356 5907 ⁸⁸
395 5872 631 5942 Philipp.
665 5889 724 5939 ll,
762 5872 812 5939 7,
839 5876 889 5929 8.

970 5876 1009 5899 ετ
1039 5872 1197 5930 Juan.
1226 5891 1276 5939 ι,
1311 5874 1392 5929 25.

1920 3306 2041 3368 get:
2065 3296 2214 3351 «Noli
2233 3295 2569 3353 commoveri
2582 3310 2707 3349 cum
2726 3294 2926 3349 Filium
2943 3295 3175 3350 adorare
3190 3294 3448 3352 dicimus.
3473 3316 3494 3348 ι

1920 3387 2032 3441 Νεε
2075 3386 2223 3441 enim
2270 3384 2607 3439 arbitramur
2637 3383 2816 3454 ipsum
2864 3383 3100 3438 adorare
3142 3380 3360 3438 Patrem
3397 3385 3498 3439 de-

1921 3480 2053 3534 bere
2081 3477 2275 3534 eodem
2308 3475 2472 3531 modo
2506 3490 2614 3545 quo
2644 3483 2739 3530 aut
2764 3475 2930 3530 etiam
2960 3474 3138 3543 angeli
3172 3474 3330 3530 verbi
3372 3490 3499 3544 gra-

1919 3572 2036 3637 tia;
2070 3570 2162 3625 sed
2212 3567 2471 3625 eximiam
2511 3565 2804 3637 quamdam
2852 3565 3231 3621 adorationem
3264 3581 3408 3629 esse,
3443 3575 3503 3622 et

1919 3673 2109 3720 nostra
2144 3663 2302 3733 longe
2334 3661 2789 3731 praestantiorem.
2822 3658 2964 3725 Quid
3026 3658 3195 3727 igitur
3252 3657 3319 3711 ad
3379 3659 3495 3714 haec

1920 3770 2140 3811 rursum
2163 3751 2456 3808 dicemus?
2486 3749 2711 3819 Nempe,
2744 3764 2778 3804 0
2818 3747 3074 3818 quisquis
3101 3762 3184 3813 es,
3240 3747 3498 3818 imposita

1920 3844 2214 3916 Unigenito
2248 3843 2531 3907 servitute,
2571 3848 2627 3896 et
2657 3840 2900 3896 versutis
2928 3838 3283 3894 sermonibus
3317 3838 3500 3910 digni-

1922 3946 2036 3995 tate
2071 3937 2261 3993 famuli
2290 3936 2554 3991 deaurata
2598 3948 2795 4004 speras
2825 3940 2880 3988 te
2932 3946 3034 3987 nos
3064 3930 3495 3985 ludiﬁcaturum.

1924 4031 2121 4088 Desine
2149 4030 2348 4085 Filium
2379 4027 2682 4102 ignominia
2723 4026 3011 4087 decorare,
3054 4029 3114 4076 ut
3145 4020 3368 4076 Patrem
3400 4021 3501 4076 bo-

1923 4139 2119 4180 norare
2148 4136 2381 4194 pergas:
2422 4140 2441 4174 ι
2476 4120 2580 4187 Qui
2608 4119 2753 4174 enim
2778 4132 2891 4172 non
2914 4115 3243 4171 honoriﬁcat
3272 4114 3498 4179 Filium,

1922 4232 2099 4286 neque
2115 4216 2329 4270 Patrem
2353 4212 2702 4277 honoriﬂeat,
2737 4228 2757 4263 ι
2785 4219 2844 4265 ut
2865 4209 3130 4278 scriptum
3152 4217 3238 4263 est
3258 4208 3327 4264 ⁸⁷.
3358 4206 3502 4273 Quid

1922 4309 2093 4377 enim,
2122 4322 2329 4379 qumso,
2372 4306 2439 4361 ad
2490 4306 2800 4361 libertatem
2858 4300 3105 4373 proderit
3157 4297 3321 4364 Filio,
3355 4300 3503 4370 quod

1923 4416 2047 4457 eum
2082 4398 2281 4456 eximia
2323 4397 2560 4468 quadam
2596 4396 2815 4449 ratione
2864 4391 3209 4451 adoramus?
3247 4389 3503 4457 Quandiu

1924 4490 2070 4547 enim
2104 4490 2246 4545 inter
2306 4488 2628 4544 adoratores
2680 4485 3008 4555 reperietur,
3062 4483 3254 4553 utique
3308 4497 3505 4539 servus

1851 4594 1899 4653 υ
1924 4583 2048 4648 erit,
2090 4582 2217 4636 licet
2249 4579 2491 4636 eximius
2550 4577 2810 4633 adorator
2866 4590 2991 4632 esse
3023 4582 3351 4629 censeatur:
3406 4588 3509 4628 ne-

1926 4687 2199 4745 quaquam
2229 4680 2414 4727 autem
2454 4670 2727 4726 creaturis
2774 4668 3058 4739 praestabit
3115 4680 3226 4735 qua
3282 4673 3505 4721 creatus

1924 4774 2025 4830 est,
2068 4766 2163 4821 sed
2194 4765 2299 4819 alia
2342 4764 2612 4819 duntaxat
2664 4761 3012 4825 excellentia,
3042 4756 3502 4829 quemadmodum

1928 4857 2249 4913 hominibus
2278 4854 2528 4917 Michael,
2562 4862 2658 4917 aut
2687 4852 2796 4905 alia
2825 4850 3072 4921 quaedam
3111 4857 3302 4902 sancta
3329 4855 3385 4901 et
3415 4846 3501 4900 in-

1928 4948 2253 5005 tellectualis
2277 4948 2475 5011 virtus,
2506 4960 2629 5014 quae
2679 4952 2877 4999 natura
2910 4956 3009 4998 sua
3044 4940 3370 4995 mortalibus
3399 4953 3501 4993 an-

1931 5042 2155 5105 tecellit,
2188 5049 2282 5094 aut
2313 5039 2530 5093 ratione
2554 5036 2892 5100 sanctitatis,
2933 5042 3030 5089 aut
3054 5032 3293 5102 quadam
3323 5031 3502 5086 abun-

1927 5135 2111 5189 dantia
2164 5133 2373 5204 glorize,
2428 5132 2505 5185 ita
2557 5130 2774 5184 volente
2833 5125 3214 5181 universitatis
3257 5122 3498 5193 opiﬁcc:

1928 5234 2303 5282 verumtamen
2336 5231 2613 5295 quatenus
2669 5228 2851 5275 creata
2892 5227 3007 5282 est,
3057 5217 3110 5271 id
3168 5216 3331 5270 habet
3377 5228 3503 5267 cum

1928 5319 2147 5377 caeteris
2182 5332 2497 5383 commune,
2531 5324 2591 5369 ut
2619 5315 2673 5368 in
2707 5321 3085 5367 creaturarum
3126 5308 3319 5362 ordine
3350 5320 3511 5374 repo-

1931 5409 2300 5479 naturJgitur
2323 5409 2436 5464 ﬂeri
2460 5424 2568 5462 non
2589 5413 2768 5478 potest
2790 5410 2849 5457 ut
2866 5402 3104 5456 Verbum
3129 5413 3237 5454 non
3261 5398 3333 5453 sit
3353 5412 3507 5451 crea-

1932 5517 2046 5561 tum
2072 5507 2124 5559 in
2142 5504 2304 5557 Patre
2327 5513 2380 5557 et
2398 5517 2462 5558 ex
2486 5500 2648 5554 Patre
2669 5494 2999 5551 naturaliter
3026 5489 3352 5561 procedens,
3381 5488 3507 5543 licet

1933 5598 2208 5670 praecipuo
2254 5595 2404 5665 [87
2448 5591 2685 5664 quodam
2744 5586 2907 5641 modo
2973 5584 3203 5639 adorare
3265 5579 3506 5634 dicatur.

1939 5695 2005 5750 At
2022 5688 2299 5763 quomodo
2330 5703 2419 5745 res
2448 5684 2715 5758 producta
2735 5680 2906 5738 Filius
2934 5692 3053 5734 esse
3072 5680 3269 5747 potest,
3293 5678 3512 5741 autquo
