4244 6500
768 394 870 448 307

1742 386 1797 441 S.
1829 382 2109 441 CYlilLLl
2140 378 2609 437 ALEXANDRINI
2645 380 2964 438 ARCIIIEP.

3941 392 4052 445 3:)3

772 520 934 581 pacto
968 510 1231 566 Dominus
1267 508 1371 564 erit
1396 548 1408 571 ,
1458 506 1553 577 qui
1591 519 1789 561 servus
1835 516 1889 559 ct
1925 504 2188 558 adorator
2219 501 2350 556 est?
2384 507 2427 561 Α

2458 500 2549 551 καὶ
2586 499 2649 552 ἐκ
2693 500 2907 572 Πατρδς
2949 506 3195 572 φυσικῶς
3232 507 3575 577 διαφεύξεται
3617 513 3644 564 ὁ
3698 512 3891 580 Λόγος,
3943 513 4051 567 κᾶν

771 604 904 658 Nam
938 620 1058 661 mea
1104 603 1327 674 quidem
1374 600 1650 655 sententia
1699 599 1846 669 regis
1897 614 1959 651 ac
2004 596 2215 651 domini
2269 593 2353 647 di-

771 700 950 769 gnitas
997 700 1050 753 iu
1084 713 1148 752 eo
1182 697 1383 759 elucet,
1434 695 1582 765 quod
1632 694 1757 764 quis
1800 694 2101 755 adoratur;
2161 688 2352 742 famuli

773 807 902 847 \CI'O
933 806 995 845 ac
1024 790 1168 845 servi
1208 789 1487 853 conditio,
1526 790 1579 841 in
1618 802 1682 841 eo
1714 785 1862 855 quod
1901 787 2029 856 quis
2068 782 2349 837 adoratio-

772 901 893 939 nem
928 893 981 938 et
1014 883 1226 937 cultum
1261 883 1423 936 alicui
1456 880 1652 934 defert.
1685 877 2123 933 Existimandum
2152 875 2354 944 quippe

774 978 935 1031 nobis
977 985 1061 1030 est
1111 990 1382 1029 summam
1435 975 1582 1027 illam
1630 982 1683 1028 et
1739 986 2051 1041 supremam
2109 969 2353 1022 omnium

774 1079 1028 1125 naturam
1067 1068 1290 1123 subdito
1328 1068 1563 1122 similem
1603 1067 1739 1119 fore.
1765 1066 2033 1130 Quocirca
2056 1060 2256 1132 Moysis
2293 1058 2354 1111 il-

777 1164 880 1217 lius
909 1161 1305 1231 sapientissimi
1337 1176 1429 1213 ore
1462 1160 1671 1212 dictum
1702 1167 1787 1213 est
1824 1167 2097 1211 creaturae
2132 1154 2354 1208 univer-

775 1270 889 1309 δῖοι
925 1273 942 1305 ι
980 1253 1274 1307 Dominum
1309 1252 1477 1306 Deum
1510 1260 1664 1305 tuum
1698 1250 1958 1304 adorabis
1982 1290 1994 1311 ,
2027 1257 2078 1301 et
2113 1246 2215 1315 ipsi
2251 1243 2353 1299 soli

776 1349 985 1403 servies
1033 1347 1099 1400 ⁸⁸.
1132 1364 1151 1397 ι
1184 1345 1419 1414 Ideoque
1455 1345 1823 1415 quodcunque
1870 1356 2089 1396 servum
2140 1346 2221 1391 est
2260 1351 2355 1389 na-

776 1454 896 1496 tura
940 1450 995 1495 et
1039 1440 1265 1494 deitatis
1311 1440 1440 1507 jugo
1484 1437 1762 1498 subditur,
1797 1435 1923 1487 huic
1960 1430 2228 1486 adorandi
2263 1427 2353 1479 Dt'i

776 1535 1084 1588 necessitas
1117 1532 1421 1592 incumbit,
1460 1536 1511 1581 ct
1542 1527 1857 1581 adoratoris
1889 1540 2177 1596 personam
2213 1523 2264 1574 in
2299 1537 2355 1575 se

776 1626 1134 1695 suscipiendi.
1156 1623 1288 1677 Nam
1322 1640 1446 1676 cum
1483 1622 1693 1693 Moyses
1728 1617 2170 1675 Domiuumdicit
2195 1656 2208 1678 ,
2237 1630 2354 1668 ser-

775 1734 900 1771 vum
937 1716 1240 1780 discernit,
1276 1725 1329 1769 et
1371 1725 1715 1777 creaturam,
1761 1728 1884 1765 cum
1932 1710 2123 1763 Deum.
2181 1707 2355 1759 Simul

772 1810 918 1864 enim
973 1807 1386 1879 quodammodo
1442 1806 1849 1874 intelliguntur,
1895 1801 2129 1856 invicem
2182 1814 2352 1867 oppo-

775 1908 980 1954 nuntur
1034 1897 1269 1951 naturali
1324 1896 1560 1950 Domino
1609 1895 1832 1966 quidem
1889 1908 2126 1955 servus,
2179 1900 2233 1945 et
2274 1891 2353 1942 in-

774 1998 973 2045 creatte
1009 1988 1237 2047 deitati,
1275 2004 1362 2041 res
1414 1995 1619 2041 creata.
1660 1984 1837 2038 Filius
1873 1993 2091 2045 autem,
2128 1996 2253 2035 eum
2289 1980 2356 2032 ah

774 2091 980 2135 aeterno
1006 2081 1081 2134 sit
1108 2080 1160 2132 in
1189 2078 1370 2141 Patre,
1410 2090 1465 2132 et
1493 2079 1753 2131 Dominus
1785 2078 2041 2142 exsistat,
2079 2084 2137 2127 ut
2178 2074 2321 2126 Deus
2341 2112 2353 2132 ,

778 2176 1053 2228 undenam
1090 2172 1323 2226 adorare
1366 2171 1595 2233 debeat,
1644 2186 1749 2241 ego
1794 2170 2012 2239 quidem
2062 2167 2357 2221 ostendere

777 2284 887 2321 non
925 2281 1171 2336 possum.
1205 2262 1309 2317 Sed
1343 2265 1524 2317 denuo
1559 2278 1737 2331 nugas
1776 2277 1907 2316 suas
1945 2260 2024 2314 illi
2052 2258 2354 2331 proferant.

776 2356 1043 2411 Ador‘abit
1068 2396 1082 2417 ,
1114 2354 1409 2422 inquiunt.
1442 2353 1657 2408 Patrem
1688 2352 2059 2423 Unigcnitus.
2093 2368 2269 2420 neque
2301 2358 2358 2403 ut

776 2465 1004 2511 servus,
1042 2462 1220 2516 neque
1254 2454 1315 2498 ut
1348 2452 1605 2499 creatura
1638 2463 1650 2496 :
1690 2443 1784 2497 sed
1838 2452 1898 2496 ut
1947 2444 2090 2495 ﬁlius
2147 2442 2359 2511 genito-

773 2556 889 2597 rem
930 2556 1115 2595 suum.
1148 2538 1333 2593 Posita
1367 2546 1453 2592 est
1488 2538 1657 2606 igitur
1684 2536 1737 2588 in
1773 2536 2036 2589 iiliatione
2072 2532 2359 2587 adorautis

782 2635 923 2687 ratio
954 2650 969 2699 ;
1013 2632 1355 2699 omninoque
1399 2631 1647 2683 dicemus
1683 2628 2020 2682 adorandum
2052 2642 2177 2681 esse
2218 2625 2359 2678 Filio

781 2724 999 2779 Patrem
1025 2764 1038 2786 ,
1074 2730 1131 2775 ut
1165 2722 1257 2791 qui
1303 2722 1355 2775 in
1399 2721 1505 2773 hoc
1540 2735 1665 2774 esse
1707 2730 1901 2773 nactus
1933 2719 2037 2779 sit,
2072 2717 2235 2771 sicuti
2270 2732 2364 2770 n0-

779 2817 866 2871 his
899 2831 1120 2886 quoque
1152 2814 1498 2868 adorandum
1540 2812 1812 2867 incumbit
1849 2827 1913 2865 ex
1952 2825 2015 2864 eo
2050 2810 2197 2879 quod
2242 2809 2361 2861 ani.

781 2909 941 2961 Inalia
978 2923 1172 2961 sumus
1207 2909 1423 2960 ratione
1458 2904 1715 2974 praedicta
1739 2945 1752 2967 ,
1792 2911 1845 2957 et
1882 2902 2132 2955 mortalia
2158 2942 2171 2964 ,
2206 2916 2358 2954 men-

782 3001 853 3055 tis
883 3007 937 3053 et
968 2998 1280 3069 disciplinae
1330 2998 1592 3066 capacia,
1644 2996 1829 3067 potius
1873 3011 2037 3064 quam
2087 2995 2253 3048 animi
2299 3008 2362 3047 ac

784 3090 1086 3145 voluntatis
1132 3098 1307 3143 motu.
1359 3087 1495 3141 Nam
1553 3088 1598 3143 si
1661 3096 1858 3141 natura
1911 3088 2241 3156 Unigenitus
2298 3101 2361 3139 ac

2458 589 2752 661 ἐξαιρέτως
2799 592 3024 665 λέγηται
3075 604 3420 668 προσκυνεῖν.
3475 598 3606 654 Εἶτα
3660 603 3778 665 πῶς
3808 603 3934 666 Υἱὸς
3963 603 4051 656 ἔτι

2456 683 2515 735 τὸ
2542 685 2786 755 ποιηθὲν,
2819 687 2851 759 ἢ
2885 690 3001 753 πῶς
3029 690 3109 743 ἔτι
3147 691 3351 765 Κύριος
3382 699 3409 749 ὁ
3433 695 3637 759 δοῦλος,
3670 698 3765 749 καὶ
3794 696 4001 768 λάτρης
4032 715 4047 761 ;

2459 772 2625 845 Ηῖζιεπιι
2655 778 2763 851 γὰρ
2790 780 2965 849 ἔγωγε
2988 784 3048 836 τὸ
3081 785 3180 855 μὲν
3205 786 3485 857 βασιλικόν
3508 806 3567 841 τε
3607 790 3700 842 καὶ
3723 789 4051 841 δεσποτικὸν

2458 871 2514 920 ἐν
2559 872 2634 941 τῷ
2688 878 3117 944 προσκυνεῖσθαι
3178 879 3507 949 διαλάμπειν
3571 882 3820 953 ἀξίωμαο
3873 884 3935 934 τὸ
3990 883 4049 936 δὲ

2456 962 2725 1015 οἰκετικόν
2779 982 2837 1017 τε
2894 968 2986 1020 καὶ
3036 968 3437 1040 δουλοπρεπὲς.
3498 974 3555 1024 ὲν
3588 973 3664 1041 τῷ
3718 976 4049 1043 προσκυνεῖν

2457 1056 2737 1125 ὁρίζεσθαι
2763 1060 2981 1131 μέτρον.
3014 1062 3104 1131 Τῷ
3130 1062 3239 1134 γὰρ
3268 1065 3627 1117 ὑποπίπτοντι
3661 1066 3808 1135 ἡμᾶς
3836 1064 4049 1117 οἴεσθαι

2457 1149 2537 1201 δεῖ
2569 1151 2667 1220 τὴν
2708 1152 3114 1225 ὑπερκειμένην
3148 1157 3242 1209 καὶ
3276 1159 3461 1211 ἐπάνω
3498 1158 3717 1211 πάντων
3750 1159 4051 1226 ὁμο)⁰’ίο’δ’

2462 1243 2629 1314 μένην
2678 1245 2854 1313 φύσιν.
2898 1247 3187 1319 Τοιγάρτοι
3220 1252 3314 1302 καὶ
3344 1252 3491 1321 πάσῃ
3519 1255 3582 1321 τῇ
3614 1252 3787 1303 κτίσει
3827 1250 3915 1302 διὰ
3950 1249 4047 1303 τοῦ

2460 1338 2738 1404 πανσόξου
2771 1344 3172 1407 προσεφωνεῖτο
3194 1344 3454 1407 Μωσέως,
3494 1364 3510 1394 ι
3547 1344 3752 1413 Κύριον
3784 1343 3876 1394 τὸν
3909 1342 4046 1394 Θεόν

2460 1446 2553 1481 σου
2587 1432 3021 1501 προσκυνήσεις,
3075 1436 3168 1486 καὶ
3213 1436 3362 1505 αὑτῴ
3413 1437 3559 1506 μόνῳ
3618 1436 3936 1506 λατρεύσεις
3964 1454 3979 1466 ο
4021 1456 4040 1487 ι

2459 1522 2597 1576 ὥστε
2632 1526 2738 1595 ὅτῳ
2774 1526 2914 1577 κατά
2950 1526 3108 1593 φύσιν
3143 1530 3290 1580 ἐστὶν
3341 1531 3372 1599 ή
3418 1530 3647 1591 δουλεία,
3685 1530 3778 1581 καὶ
3817 1531 3921 1581 ὑπὸ
3952 1530 4047 1581 τὸν

2458 1620 2555 1684 τῆς
2588 1616 2838 1687 θεότητος
2879 1619 3066 1671 πίπτει
3100 1620 3297 1686 ζυγὸν,
3341 1621 3501 1674 τοῦτο
3549 1622 3611 1692 δὴ
3665 1623 3915 1683 πάντως,
3952 1624 4048 1673 καὶ

2460 1711 2671 1779 ἀνάγκη
2704 1715 3050 1780 προσκυνεῖν,
3082 1715 3174 1765 καὶ
3200 1714 3274 1782 τῷ
3304 1714 3403 1782 τῆς
3443 1713 3695 1782 λατρείας
3722 1714 4044 1767 ὑποκεῖσθαι

2462 1803 2723 1870 σχήματι.
2774 1803 2861 1855 Ἐν
2891 1804 2989 1873 μὲν
3024 1804 3132 1875 γὰρ
3165 1806 3242 1874 τῷ
3274 1809 3446 1857 εἰπεῖν
3478 1806 3699 1877 Κύριον,
3734 1807 3961 1877 διορίζει
3987 1808 4049 1859 τί)

2457 1892 2662 1955 δοῦλον,
2697 1894 2753 1945 ἐν
2791 1893 2847 1945 δὲ
2878 1893 2955 1962 τῷ
2992 1893 3142 1958 Θεὸν,
3185 1895 3245 1946 τὸ
3284 1896 3668 1965 πεποιημένον.
3706 1898 4048 1948 Συνεπινοεῖ-

2457 2004 2545 2038 ται
2586 1988 2694 2056 γάρ
2744 2004 2860 2049 πως
2904 1987 3000 2039 καὶ⁹
3057 1987 3585 2051 ἀντιδιαστέλλεται,
3624 1988 3702 2057 τῷ
3748 1988 3847 2058 μὲν
3904 1990 4048 2041 κατά

2459 2073 2621 2140 φύσιν
2656 2074 2847 2144 Κυρίῳ
2889 2074 2951 2126 τὸ
2992 2074 3206 2140 δοῦλον,
3256 2078 3321 2146 τῇ
3356 2076 3412 2128 δὲ
3455 2078 3704 2148 ἀγενήτῳ
3740 2077 3957 2149 θεότητι
3987 2079 4048 2130 τὸ

2460 2165 2741 2236 παραχθὲν
2811 2169 2891 2230 εἰς
2949 2167 3182 2236 γένεσιν.
3238 2167 3294 2221 Ὀ
3339 2169 3396 2222 δὲ
3443 2170 3570 2235 Υἱὸς
3626 2172 3809 2235 ἀϊδίως
3864 2171 3940 2223 ὢν
3990 2174 4047 2225 ὲν

2461 2260 2652 2329 Πατρῖ,
2695 2261 2788 2312 καὶ
2823 2260 3026 2331 Κύριός
3077 2279 3136 2313 τε
3196 2263 3459 2336 ὑπάρχων
3501 2264 3575 2327 ὡς
3607 2264 3769 2325 Θεὸς,
3826 2264 3951 2317 ὅθεν
3984 2266 4045 2317 ἂν

2460 2346 2702 2415 φαίνοιτο
2739 2348 2798 2400 τὸ
2833 2353 3163 2418 προσκυνεῖν
3191 2352 3513 2420 ὲποφείλων,
3550 2354 3743 2425 ἁπορῶ
3788 2355 3886 2423 μὲν
3925 2357 4044 2407 ἐπι-

2459 2436 2723 2490 δεικνύειν
2751 2438 2881 2505 ὲγώ’
2918 2440 3303 2511 φλυαρούντων
3340 2442 3396 2494 δὲ
3424 2443 3585 2495 πάλιν
3619 2444 3835 2495 ἐκεῖνοι.
3865 2445 4043 2513 Προσ-

2461 2531 2685 2599 κυνήσει
2709 2572 2723 2595 ,
2774 2533 2972 2601 φησιν,
3013 2534 3040 2584 ό
3087 2535 3397 2604 Μονογενὴς
3435 2535 3511 2604 τῷ
3550 2536 3762 2605 Ila-.91,
3810 2535 3936 2587 οὒτε
3973 2534 4044 2598 ὡς

2459 2621 2680 2686 δοῦλος,
2726 2623 2851 2675 οὕτε
2882 2624 2956 2688 ὼς
3000 2627 3244 2695 ποίημα.
3296 2626 3412 2679 ἀλλ’
3449 2628 3523 2690 ὡς
3571 2628 3695 2689 Υἱὸς
3738 2626 3816 2697 τῷ
3852 2630 4044 2696 γεννή-

2463 2732 2636 2769 σαντι.
2665 2716 3062 2787 Παραληπτέον
3087 2716 3178 2772 οὖν
3211 2721 3319 2790 ἄρα
3347 2720 3445 2790 τὴν
3475 2720 3847 2791 προσκύνησιν
3887 2722 3943 2772 ἐν
3969 2720 4043 2789 ei?

2459 2808 2559 2877 τῆς
2592 2809 2839 2879 υἱότητος
2872 2812 3015 2881 ὅρῳ,
3063 2812 3157 2864 καὶ
3204 2813 3397 2882 χρῆναι
3428 2813 3648 2875 πάντως
3676 2812 3913 2884 ἐροῦμεν
3956 2814 4044 2866 τον

2462 2901 2592 2953 Υἱὺν
2625 2905 2951 2972 προσκυνεῖν
2984 2903 3061 2972 τῷ
3094 2905 3270 2973 Πατρὶ
3296 2947 3307 2968 ,
3358 2904 3433 2965 ὡς
3485 2906 3541 2957 ὲν
3592 2905 3765 2975 τούτῳ
3814 2906 3875 2957 τὸ
3912 2902 4045 2958 εἶναι

2462 2993 2716 3063 λαχόντα,
2748 2996 2997 3065 καθάπερ
3024 2990 3116 3046 οὖν
3147 2998 3240 3047 καὶ
3270 2998 3428 3065 ἡμεῖς
3464 2996 3521 3049 ὲν
3542 2996 3620 3065 τῷ
3643 2993 3784 3049 εἶναι
3818 2996 3935 3060 ζῶα
3964 2997 4047 3050 λο-

2463 3088 2616 3155 γικά,
2652 3088 2747 3140 καὶ
2779 3088 2969 3156 θνητὰ,
3000 3087 3093 3140 νοῦ
3130 3089 3221 3139 καὶ
3255 3090 3566 3159 ἐπιστήμης
3596 3090 3837 3152 δεκτικὰ,
3873 3092 3908 3161 ἢ
3938 3094 4048 3153 τοῖς

782 3184 929 3238 velut
966 3198 1032 3238 ex
1066 3183 1399 3237 necessitate
1448 3180 1681 3251 quadam
1733 3182 1965 3236 adorare
2016 3181 2212 3242 debet,
2260 3180 2360 3233 ita-
2390 3201 2430 3257 ρ

2464 3181 2661 3247 ἔξωθεν
2688 3182 2829 3234 κατά
2858 3181 2980 3234 νοῦν
3014 3183 3295 3251 κινήμασι,
3344 3182 3438 3233 καὶ
3482 3185 3598 3244 ταῖς
3630 3186 3692 3235 ὲκ
3723 3183 4048 3252 θελημάτων

783 3288 891 3343 que
954 3273 1032 3326 illi
1102 3272 1349 3328 sentiunt
1410 3284 1474 3325 ac
1532 3271 1875 3339 pradicant:
1922 3268 2200 3339 quomodo
2250 3284 2360 3321 non

786 3375 973 3435 aperte
1030 3365 1083 3417 in
1153 3365 1334 3433 ipsum
1396 3362 1614 3416 Patrem
1670 3376 1902 3431 peccare
1952 3359 2364 3431 deprehenden-

786 3455 918 3509 tur?
950 3452 1188 3509 Omnino
1220 3453 1366 3507 enim
1402 3465 1628 3505 necesse
1670 3460 1755 3505 est
1799 3451 1975 3519 ipsum
2023 3465 2245 3519 quoque
2282 3458 2363 3501 ta—

786 3548 890 3601 lem
921 3544 1138 3599 eenseri
1163 3584 1179 3607 ,
1216 3541 1663 3612 quandoquidem
1707 3539 1830 3607 ejus
1874 3540 2055 3606 imago
2084 3548 2138 3591 et
2167 3540 2364 3591 chara-

788 3646 904 3694 cter
933 3648 1017 3692 est
1048 3634 1224 3690 Filius
1267 3634 1333 3699 ",
1388 3640 1440 3686 et
1470 3645 1814 3701 quaecunque
1864 3631 2114 3683 eamdem
2166 3637 2220 3684 et
2266 3645 2365 3699 per

788 3727 974 3782 omnia
1035 3726 1303 3797 azqualem
1362 3722 1776 3777 similitudinem
1846 3722 2085 3786 habent,
2135 3736 2199 3776 ea
2262 3722 2368 3776 uti-

788 3838 893 3892 que
929 3822 1079 3875 nullo
1107 3820 1268 3874 modo
1297 3817 1579 3871 diﬂerunt.
1628 3815 1783 3881 Quod
1829 3815 1875 3869 si
1918 3816 1971 3868 in
2021 3815 2137 3870 sola
2170 3815 2363 3869 volun-

792 3926 899 3968 tate
932 3912 1049 3967 Filii
1084 3914 1323 3983 positum
1360 3926 1486 3965 esse
1530 3910 1757 3971 dicunt,
1802 3906 1949 3976 quod
2010 3906 2225 3960 Patrem
2268 3906 2366 3959 ad-

790 4014 944 4068 oret,
982 4002 1318 4073 coojecturis
1354 4011 1639 4055 moventur
1667 3998 2025 4067 potiusquam
2055 3997 2366 4051 rationibus

794 4100 959 4153 veris.
988 4096 1057 4149 At
1088 4095 1220 4166 quid
1255 4094 1490 4148 vetuerit
1522 4094 1821 4162 quominus
1857 4090 1951 4142 alii
1988 4089 2366 4144 inconsidera-

792 4205 901 4247 tam
936 4206 1046 4261 pree
1099 4204 1157 4243 se
1191 4186 1428 4241 ferentes
1460 4186 1716 4255 pietatem
1761 4184 1980 4247 dicant,
2018 4180 2233 4237 Patrem
2274 4182 2370 4235 ad-

793 4298 953 4338 orare
1003 4282 1141 4335 velle
1173 4278 1402 4338 Filium,
1434 4276 1685 4346 quamvis
1744 4276 2049 4330 secundum
2111 4287 2365 4329 naturam

794 4390 949 4431 suam
989 4389 1098 4428 non
1134 4373 1207 4426 sit
1258 4368 1567 4424 adorator?
1617 4366 1723 4423 Sed
1769 4376 2201 4423 consentaneum
2251 4378 2365 4432 est,

796 4468 1011 4537 inquit,
1051 4473 1112 4518 ut
1145 4476 1386 4533 persona
1420 4460 1601 4514 Patris
1625 4460 1694 4515 ab
1726 4459 2047 4514 adoratione
2068 4461 2364 4525 eximatur,

796 4559 965 4613 Filius
1016 4564 1201 4610 autem
1234 4555 1283 4608 ei
1316 4553 1624 4605 adorationi
1661 4552 1733 4606 sit
1767 4552 2037 4608 obnoxius
2067 4553 2227 4623 eique
2260 4569 2365 4607 non
2403 4536 2445 4591 ί)

793 4650 953 4717 juvit.
989 4646 1129 4713 Quid
1163 4646 1244 4699 ais
1266 4684 1280 4706 ,
1311 4658 1343 4696 ο
1371 4642 1510 4697 bone
1532 4643 1553 4694 ?
1579 4642 1732 4696 Tune
1764 4658 1982 4697 rursum
2013 4646 2173 4699 nobis
2208 4646 2369 4715 188

798 4749 1057 4806 tanquam
1088 4753 1152 4791 ex
1188 4736 1366 4805 adytis
1412 4744 1504 4788 aut
1539 4733 1854 4787 Graecorum
1897 4736 2108 4805 tripode
2152 4738 2370 4805 profers

798 4830 1057 4890 oracula,
1109 4835 1203 4881 aut
1244 4828 1499 4896 exemplo
1541 4824 1751 4879 Samea:
1805 4827 1955 4882 illius
2007 4826 2251 4883 Elamitze
2304 4830 2371 4884 de

800 4920 963 4975 corde
998 4930 1094 4973 tuo
1125 4928 1371 4982 eructas,
1412 4933 1518 4971 non
1552 4932 1615 4971 ex
1649 4933 1743 4971 ore
1781 4916 2032 4972 Domini?
2066 4919 2129 4972 Et
2162 4921 2251 4974 hic
2283 4937 2373 4976 no-

803 5013 887 5066 bis
917 5020 1348 5065 consentaneum
1398 5010 1531 5062 illud
1586 5023 1862 5077 opponere
1905 5010 2053 5063 velut
2106 5012 2369 5066 invictum

803 5102 1062 5173 quiddam
1091 5116 1200 5155 non
1226 5102 1510 5156 erubescis
1530 5101 1552 5153 ἲ
1576 5100 1849 5170 Numquid
1893 5103 2037 5155 enim
2076 5113 2372 5158 consenta-

805 5208 966 5247 neum
1022 5206 1144 5246 esse
1196 5190 1455 5259 putabis,
1509 5197 1570 5243 ut
1618 5190 1710 5258 qui
1762 5189 2062 5243 secundum
2115 5201 2374 5246 naturam

808 5286 945 5339 Deus
976 5290 1095 5350 est,
1129 5281 1298 5337 Deum
1334 5282 1530 5335 habeat
1560 5281 1795 5336 Verbum
1826 5297 1890 5336 ex
1923 5298 1980 5337 se
2010 5284 2287 5352 genitum.
2324 5292 2380 5340 et

807 5380 852 5431 is
905 5390 1066 5445 quem
1113 5374 1306 5428 adorat
1350 5374 1533 5427 omnis
1589 5384 1842 5427 creatura
1898 5374 2197 5429 adorabilis
2255 5374 2378 5429 Filii

808 5482 915 5520 non
947 5463 1224 5517 adorantis
1263 5463 1421 5517 Pater
1452 5470 1681 5516 vocetur
1713 5471 1766 5516 et
1811 5464 1881 5517 sit
1924 5465 2164 5516 natura?
2210 5464 2375 5534 Atqui

809 5566 861 5610 te
902 5556 1035 5609 nihil
1076 5555 1423 5624 sapientibus
1457 5555 1872 5609 dissentaneum
1906 5554 2181 5609 dicturum
2220 5568 2371 5626 puto.

810 5646 1090 5713 Quomodo
1121 5660 1287 5715 porro
1314 5654 1623 5702 statuemus
1656 5654 2086 5701 consentaneum
2120 5664 2244 5704 esse
2264 5689 2277 5714 ,
2318 5661 2377 5704 ut

884 5837 925 5865 "
959 5834 1117 5889 Deut.
1153 5848 1227 5897 vi,
1263 5834 1360 5898 15;
1392 5832 1581 5885 Matth.
1618 5846 1689 5893 tv,
1736 5829 1823 5888 10,
1894 5832 1936 5861 ⁸⁹
1973 5831 2087 5885 Col.
2126 5845 2163 5896 ι,
2205 5830 2290 5885 l5.

2466 3276 2659 3343 ῥοπαῖς
2688 3274 3074 3343 ἐπιτρέψομεν.
3121 3276 3183 3326 Εἰ
3222 3274 3319 3343 μὲν
3363 3274 3473 3342 γὰρ
3529 3274 3859 3347 ὲνὲσπαρται
3908 3278 4049 3330 κατά

2466 3366 2625 3434 φύσιν
2654 3366 2731 3435 τῷ
2761 3368 3059 3433 Μονογενεῖ
3098 3365 3160 3418 τὸ
3205 3366 3399 3436 χρῆναι
3451 3368 3693 3431 πάντως,
3746 3373 3840 3421 καὶ
3870 3370 3948 3432 ὠς
3992 3370 4049 3435 ἐξ

2466 3455 2710 3525 ἀνάγκης
2742 3457 3065 3524 προσκυνεῖν
3090 3495 3104 3520 ,
3145 3455 3287 3507 οὔτω
3316 3474 3373 3508 τε
3411 3458 3591 3510 νοοῦσι
3653 3460 3746 3511 καὶ
3802 3460 4046 3527 λέγουσι,

2466 3545 2582 3608 πῶς
2623 3547 2683 3599 οὐ
2732 3546 2955 3615 γυμνῶς
2992 3548 3072 3608 είς
3119 3545 3279 3598 αὑτὸν
3319 3546 3702 3609 δυσσεϐοὖντες
3749 3549 4049 3604 ἁλώσονται

2464 3637 2554 3689 τὸν
2591 3637 2846 3708 Πατέρα;
2892 3640 3047 3691 Πᾶσα
3077 3638 3185 3708 γάρ
3220 3638 3314 3690 καὶ
3358 3639 3518 3690 αὑτὸν
3568 3640 3779 3710 ἀνάγκη
3808 3644 4056 3697 νοεῖσθαι

2465 3729 2735 3793 τοιοῦτον,
2782 3731 3014 3802 ἐπείπερ
3044 3732 3137 3784 καὶ
3183 3729 3346 3783 εἰκὼν
3384 3731 3581 3795 αὑτοῦ,
3616 3733 3710 3785 καὶ
3758 3738 4052 3808 χαρακτήρ

2468 3822 2613 3874 ἐστιν
2645 3823 2673 3874 ό
2707 3822 2857 3884 Υἱὸς,
2886 3823 2981 3875 καὶ
3010 3822 3220 3892 ὅσαπερ
3255 3823 3320 3875 ἂν
3354 3825 3411 3876 ἐν
3449 3824 3892 3893 ἀπαραλλάκτως
3943 3828 4051 3880 ὑπ⁹

2469 3914 2623 3985 άρχοι
2655 3917 2763 3977 τοῖς
2792 3914 3119 3985 όμοιὼμασι,
3169 3916 3340 3969 ταῦτα
3398 3917 3461 3989 δὴ
3495 3920 3705 3979 πάντως
3738 3920 3857 3970 κατ’
3898 3920 4054 3973 οὐδὲν

2467 4004 2676 4059 διοίσει.
2709 4006 2771 4057 Εἰ
2806 4006 2861 4057 δὲ
2892 4007 2947 4059 ὲν
2978 4008 3123 4077 μόνῳ
3169 4008 3381 4060 κεῖσθαί
3412 4026 3542 4077 φασι
3588 4010 3663 4079 τῷ
3707 4010 3931 4078 θελῆσαι
3963 4012 4054 4064 τόν

2470 4095 2598 4147 Υἱὸν
2636 4095 2930 4165 προσάγειν
2958 4096 3034 4167 τῷ
3070 4098 3243 4167 Πατρὶ
3277 4099 3376 4162 τὴν
3421 4099 3807 4169 προσκύνησιν,
3854 4119 4048 4171 στοχα-

2471 4186 2592 4238 σταὶ
2620 4186 2817 4255 μᾶλλόν
2846 4187 3013 4251 εἰσιν,
3048 4187 3080 4255 ἢ
3125 4188 3225 4256 τῆς
3268 4188 3521 4257 ἀληθείας
3566 4193 3944 4259 ἐπιστήμονες.
3983 4192 4049 4243 Τί

2468 4276 2512 4329 δ’
2541 4277 2604 4329 ἀν
2635 4279 2728 4329 καὶ
2770 4278 2987 4349 ἐτέρους
3018 4278 3258 4332 κωλύσαι
3289 4283 3481 4344 εἰπεῖν,
3527 4282 3898 4351 ῥιψοκίνδύνόν
3926 4302 4048 4336 τινα

2472 4368 2872 4439 πλαττομένους
2900 4370 3203 4435 εὐλάϐειαν,
3234 4373 3314 4424 ὅτι
3333 4373 3553 4439 Θελητὸν
3581 4374 3654 4443 τῷ
3676 4375 3849 4445 Πατρ“ι
3882 4393 4052 4446 προσ-

2472 4466 2653 4514 κυνεῖν
2692 4462 2769 4532 τῷ
2806 4463 2949 4533 me),
2994 4464 3169 4516 καίτοι
3213 4465 3352 4517 κατά
3392 4465 3551 4532 φύσιν
3592 4468 3688 4519 οὐκ
3732 4468 3844 4519 Evt:
3886 4486 4055 4537 προσ-

2475 4554 2723 4621 κυνητῇ;
2782 4553 2920 4604 Ἀλλ’
2965 4552 3115 4616 αὑτὸ,
3168 4555 3321 4621 φησὶ,
3348 4555 3409 4606 τὸ
3450 4556 3677 4625 πρέπον,
3724 4557 3784 4609 τὸ
3822 4560 3921 4626 μὲν
3962 4561 4056 4613 τοι)

2477 4645 2690 4714 Πατρός
2752 4642 3093 4715 ὑπεξελεῖται
3156 4645 3484 4711 πρόσωπον,
3541 4648 3803 4717 ὑποθήσει
3863 4650 3918 4702 δὲ
3978 4653 4055 4721 τῷ

2478 4736 2765 4806 πράγματι
2806 4735 2895 4787 τὸν
2920 4735 3068 4800 Υίὺν,
3096 4737 3195 4788 οὑκ
3230 4736 3525 4804 ἀϐούλητον
3564 4737 3754 4805 ἔχοντα
3785 4739 3845 4791 τὸ
3880 4758 4053 4811 προσ-

2477 4829 2659 4879 κυνεῖν
2706 4826 2784 4895 τῷ
2833 4827 3026 4897 Πατρί.
3074 4828 3135 4879 Τί
3191 4827 3328 4897 φῄς,
3378 4821 3422 4881 ὦ
3469 4824 3647 4890 οὖτοςς
3700 4830 3868 4883 Πάλιν
3924 4835 4055 4901 ἡμῖν

2477 4920 2551 4982 ὡς
2584 4919 2643 4983 ἐξ
2673 4919 2900 4986 ἀδύτων,
2941 4921 3059 4989 ἦτοι
3092 4923 3360 4990 τριπόδων
3400 4921 3727 4990 Ἑλληνικῶν
3760 4925 4055 4992 ἀναᾳέρεις

2479 5012 2578 5074 τὰς
2620 5011 2978 5081 μαντείας,ἢ
3024 5014 3144 5065 κατ’
3187 5013 3391 5066 ἐκεῖνον
3438 5014 3569 5084 ἔρχῃ
3618 5014 3707 5066 τὸν
3757 5015 4054 5085 Ἐλαμίτην

2478 5104 2699 5172 Σημέαν
2726 5103 2793 5155 τὰ
2838 5103 2944 5155 ἀπὸ
2988 5104 3208 5172 καρδίας
3237 5105 3622 5174 ὲρευγόμενος,
3664 5108 3756 5159 καὶ
3796 5108 3896 5158 οὑκ
3948 5109 4055 5160 ἀπὸ

2479 5193 2743 5262 στόματος
2764 5193 3000 5263 Κυρίου;
3044 5193 3114 5244 Τὸ
3140 5194 3194 5245 δὲ
3236 5195 3441 5264 πρέπον
3466 5197 3614 5265 ἡμῖν,
3646 5198 3719 5259 ὡς
3761 5199 4052 5265 ἀκαταγω-

2478 5302 2655 5339 νιστον
2682 5287 2739 5337 ἐν
2778 5285 2984 5349 τούτοις
3014 5286 3327 5354 ἀντεξάγων
3359 5287 3458 5340 οὑκ
3504 5288 3792 5359 ἐρυθριᾷς;
3831 5291 3901 5342 Ἢ
3947 5291 4054 5360 γὰρ

2480 5381 2579 5433 οὑκ
2616 5383 2773 5451 οἰήσῃ
2805 5381 3035 5451 πρέπειν
3079 5382 3170 5433 τὸν
3210 5382 3339 5435 ὂντα
3370 5382 3511 5434 κατὰ
3554 5382 3716 5450 φύσιν
3740 5381 3893 5446 Θεὸν,
3924 5383 4054 5435 Θεὸν

2482 5471 2625 5541 ἔχειν
2666 5473 2757 5524 τὸν
2803 5473 2860 5537 ἐξ
2907 5471 3071 5526 αὑτοῦ
3118 5473 3446 5545 γεννηθέντα
3475 5476 3683 5541 Λόγον,
3740 5476 3836 5527 καὶ
3884 5474 3975 5527 τὸν
4013 5469 4055 5541 ᾧ

2483 5566 2774 5633 προσκυνεῖ
2822 5566 2970 5617 πᾶσα
3022 5566 3052 5633 ἡ
3087 5566 3284 5629 κτίσις,
3320 5565 3805 5635 προσκυνούμενον.
3832 5566 4052 5635 μᾶλλον,

2483 5654 2979 5723 ἢπροσκυνούντος
3029 5658 3248 5729 Πατέρα
3294 5658 3609 5720 καλεῖσθαι,
3669 5656 3761 5710 καὶ
3805 5652 3947 5711 εἶναι
3995 5660 4057 5725 τῇ
