  <div class='ocr_page' id='page_1' title='image "/cluster/home/n/w/nwhite01/storage/ocr_20150623/73/nnc1.0046980245/164.png"; bbox 0 0 4244 6500; ppageno 0'>
   <div class='ocr_carea' id='block_1_1' title="bbox 199 433 302 490">
    <p class='ocr_par' dir='ltr' id='par_1_1' title="bbox 199 433 302 490">
     <span class='ocr_line' id='line_1_1' title="bbox 199 433 302 490; baseline -0.019 0"><span class='ocrx_word' id='word_1_1' title='bbox 199 433 302 490; x_wconf 70' lang='grc'><strong>309</strong></span> 
     </span>
    </p>
   </div>
   <div class='ocr_carea' id='block_1_2' title="bbox 1269 415 2434 474">
    <p class='ocr_par' dir='ltr' id='par_1_2' title="bbox 1269 415 2434 474">
     <span class='ocr_line' id='line_1_2' title="bbox 1269 415 2434 474; baseline -0.003 -1"><span class='ocrx_word' id='word_1_2' title='bbox 1269 419 1334 473; x_wconf 79' lang='lat' dir='ltr'><strong>IN</strong></span> <span class='ocrx_word' id='word_1_3' title='bbox 1369 416 1661 474; x_wconf 74' lang='lat' dir='ltr'><strong>JOANNIS</strong></span> <span class='ocrx_word' id='word_1_4' title='bbox 1685 415 2137 473; x_wconf 75' lang='lat' dir='ltr'><strong>EVANGELIUM</strong></span> <span class='ocrx_word' id='word_1_5' title='bbox 2177 418 2304 473; x_wconf 86' lang='lat' dir='ltr'><strong>LIB.</strong></span> <span class='ocrx_word' id='word_1_6' title='bbox 2371 417 2434 472; x_wconf 92' lang='grc'><strong>11.</strong></span> 
     </span>
    </p>
   </div>
   <div class='ocr_carea' id='block_1_3' title="bbox 3362 420 3468 475">
    <p class='ocr_par' dir='ltr' id='par_1_3' title="bbox 3362 420 3468 475">
     <span class='ocr_line' id='line_1_3' title="bbox 3362 420 3468 475; baseline -0.009 0"><span class='ocrx_word' id='word_1_7' title='bbox 3362 420 3468 475; x_wconf 74' lang='grc'><strong>510</strong></span> 
     </span>
    </p>
   </div>
   <div class='ocr_carea' id='block_1_4' title="bbox 202 529 1878 615">
    <p class='ocr_par' dir='ltr' id='par_1_4' title="bbox 202 532 1861 615">
     <span class='ocr_line' id='line_1_4' title="bbox 202 532 1861 615; baseline -0.009 -16"><span class='ocrx_word' id='word_1_8' title='bbox 202 548 400 615; x_wconf 59' lang='lat' dir='ltr'><strong>qua“;</strong></span> <span class='ocrx_word' id='word_1_9' title='bbox 449 541 588 595; x_wconf 79' lang='grc' dir='ltr'>Ἀλλ’</span> <span class='ocrx_word' id='word_1_10' title='bbox 626 533 778 609; x_wconf 78' lang='grc' dir='ltr'>οἶμαι</span> <span class='ocrx_word' id='word_1_11' title='bbox 816 540 927 600; x_wconf 88' lang='grc' dir='ltr'>τοῖς</span> <span class='ocrx_word' id='word_1_12' title='bbox 965 535 1132 598; x_wconf 72' lang='grc' dir='ltr'>ὅντως</span> <span class='ocrx_word' id='word_1_13' title='bbox 1157 536 1343 602; x_wconf 75' lang='grc' dir='ltr'>σοφοῖς</span> <span class='ocrx_word' id='word_1_14' title='bbox 1376 535 1475 586; x_wconf 87' lang='grc' dir='ltr'><strong>ούκ</strong></span> <span class='ocrx_word' id='word_1_15' title='bbox 1517 532 1789 603; x_wconf 70' lang='grc' dir='ltr'>ἀπᾴδοντα</span> <span class='ocrx_word' id='word_1_16' title='bbox 1822 546 1861 599; x_wconf 66' lang='grc' dir='ltr'><strong>Α</strong></span> 
     </span>
    </p>
   </div>
   <div class='ocr_carea' id='block_1_5' title="bbox 1793 529 3469 615">
    <p class='ocr_par' dir='ltr' id='par_1_5' title="bbox 1822 529 3469 602">
     <span class='ocr_line' id='line_1_5' title="bbox 1822 529 3469 602; baseline 0.002 -17"><span class='ocrx_word' id='word_1_17' title='bbox 1822 546 1861 599; x_wconf 66' lang='grc' dir='ltr'><strong>Α</strong></span> <span class='ocrx_word' id='word_1_18' title='bbox 1896 549 1922 585; x_wconf 85' lang='lat' dir='ltr'><strong>a</strong></span> <span class='ocrx_word' id='word_1_19' title='bbox 1967 546 2070 587; x_wconf 92' lang='lat' dir='ltr'><strong>suo</strong></span> <span class='ocrx_word' id='word_1_20' title='bbox 2113 533 2387 602; x_wconf 84' lang='lat' dir='ltr'><strong>genimine</strong></span> <span class='ocrx_word' id='word_1_21' title='bbox 2427 530 2587 586; x_wconf 85' lang='lat' dir='ltr'><strong>Pater</strong></span> <span class='ocrx_word' id='word_1_22' title='bbox 2619 529 2902 596; x_wconf 74' lang='lat' dir='ltr'><strong>adoretur,</strong></span> <span class='ocrx_word' id='word_1_23' title='bbox 2933 545 3057 587; x_wconf 90' lang='lat' dir='ltr'><strong>cum</strong></span> <span class='ocrx_word' id='word_1_24' title='bbox 3095 530 3188 586; x_wconf 85' lang='lat' dir='ltr'><strong>illa</strong></span> <span class='ocrx_word' id='word_1_25' title='bbox 3218 532 3286 588; x_wconf 86' lang='lat' dir='ltr'><strong>de</strong></span> <span class='ocrx_word' id='word_1_26' title='bbox 3315 542 3469 589; x_wconf 82' lang='lat' dir='ltr'><strong>utra-</strong></span> 
     </span>
    </p>
   </div>
   <div class='ocr_carea' id='block_1_6' title="bbox 203 624 1789 706">
    <p class='ocr_par' dir='ltr' id='par_1_6' title="bbox 203 624 1789 706">
     <span class='ocr_line' id='line_1_6' title="bbox 203 624 1789 706; baseline -0.011 -15"><span class='ocrx_word' id='word_1_27' title='bbox 203 641 406 706; x_wconf 79' lang='grc' dir='ltr'>λέγειν.</span> <span class='ocrx_word' id='word_1_28' title='bbox 445 635 568 696; x_wconf 86' lang='grc' dir='ltr'><strong>Πῶς</strong></span> <span class='ocrx_word' id='word_1_29' title='bbox 598 633 655 684; x_wconf 82' lang='grc' dir='ltr'>δὲ</span> <span class='ocrx_word' id='word_1_30' title='bbox 709 631 803 684; x_wconf 76' lang='grc' dir='ltr'>καὶ</span> <span class='ocrx_word' id='word_1_31' title='bbox 853 627 1086 700; x_wconf 80' lang='grc' dir='ltr'><strong>πρέπειν</strong></span> <span class='ocrx_word' id='word_1_32' title='bbox 1119 624 1418 698; x_wconf 80' lang='grc' dir='ltr'><strong>ὁριούμεθα</strong></span> <span class='ocrx_word' id='word_1_33' title='bbox 1466 626 1789 694; x_wconf 85' lang='grc' dir='ltr'>προσκυνεῖ-</span> 
     </span>
    </p>
   </div>
   <div class='ocr_carea' id='block_1_7' title="bbox 205 715 1792 796">
    <p class='ocr_par' dir='ltr' id='par_1_7' title="bbox 205 715 1792 796">
     <span class='ocr_line' id='line_1_7' title="bbox 205 715 1792 796; baseline -0.01 -14"><span class='ocrx_word' id='word_1_34' title='bbox 205 729 328 782; x_wconf 80' lang='grc' dir='ltr'>σθαι</span> <span class='ocrx_word' id='word_1_35' title='bbox 369 725 524 796; x_wconf 74' lang='grc' dir='ltr'>παρὰ</span> <span class='ocrx_word' id='word_1_36' title='bbox 553 722 648 776; x_wconf 71' lang='grc' dir='ltr'>τοῦ</span> <span class='ocrx_word' id='word_1_37' title='bbox 700 721 829 776; x_wconf 85' lang='grc' dir='ltr'>ίδίου</span> <span class='ocrx_word' id='word_1_38' title='bbox 858 721 1196 791; x_wconf 82' lang='grc' dir='ltr'><strong>γεννήματος</strong></span> <span class='ocrx_word' id='word_1_39' title='bbox 1224 717 1313 771; x_wconf 81' lang='grc' dir='ltr'><strong>τὸν</strong></span> <span class='ocrx_word' id='word_1_40' title='bbox 1335 715 1574 785; x_wconf 81' lang='grc' dir='ltr'><strong>Πατέρα,</strong></span> <span class='ocrx_word' id='word_1_41' title='bbox 1605 715 1792 768; x_wconf 84' lang='grc' dir='ltr'>τοσαύ-</span> 
     </span>
    </p>
   </div>
   <div class='ocr_carea' id='block_1_8' title="bbox 204 808 1787 888">
    <p class='ocr_par' dir='ltr' id='par_1_8' title="bbox 204 808 1787 888">
     <span class='ocr_line' id='line_1_8' title="bbox 204 808 1787 888; baseline -0.009 -17"><span class='ocrx_word' id='word_1_42' title='bbox 204 837 301 888; x_wconf 91' lang='grc' dir='ltr'><strong>την</strong></span> <span class='ocrx_word' id='word_1_43' title='bbox 326 817 712 886; x_wconf 82' lang='grc' dir='ltr'>ὑπομενούσης</span> <span class='ocrx_word' id='word_1_44' title='bbox 740 813 941 884; x_wconf 80' lang='grc' dir='ltr'>ζημίαν</span> <span class='ocrx_word' id='word_1_45' title='bbox 966 812 1062 880; x_wconf 80' lang='grc' dir='ltr'><strong>τῆς</strong></span> <span class='ocrx_word' id='word_1_46' title='bbox 1097 812 1183 862; x_wconf 77' lang='grc' dir='ltr'>ἐπ’</span> <span class='ocrx_word' id='word_1_47' title='bbox 1207 810 1409 879; x_wconf 84' lang='grc' dir='ltr'>ἀμφοῖν</span> <span class='ocrx_word' id='word_1_48' title='bbox 1435 808 1787 876; x_wconf 47' lang='grc' dir='ltr'>ὑπολήψεως</span> 
     </span>
    </p>
   </div>
   <div class='ocr_carea' id='block_1_9' title="bbox 210 898 1792 979">
    <p class='ocr_par' dir='ltr' id='par_1_9' title="bbox 210 898 1792 979">
     <span class='ocr_line' id='line_1_9' title="bbox 210 898 1792 979; baseline -0.009 -15"><span class='ocrx_word' id='word_1_49' title='bbox 210 911 434 979; x_wconf 83' lang='grc' dir='ltr'>Πρῶτον</span> <span class='ocrx_word' id='word_1_50' title='bbox 472 909 574 979; x_wconf 83' lang='grc' dir='ltr'><strong>μὲν</strong></span> <span class='ocrx_word' id='word_1_51' title='bbox 602 908 710 976; x_wconf 73' lang='grc' dir='ltr'>γὰρ</span> <span class='ocrx_word' id='word_1_52' title='bbox 743 905 866 958; x_wconf 78' lang='grc' dir='ltr'>οὔτε</span> <span class='ocrx_word' id='word_1_53' title='bbox 901 907 958 957; x_wconf 93' lang='grc' dir='ltr'><strong>ἐν</strong></span> <span class='ocrx_word' id='word_1_54' title='bbox 995 903 1201 971; x_wconf 68' lang='grc' dir='ltr'>ἰσότητι</span> <span class='ocrx_word' id='word_1_55' title='bbox 1238 901 1340 970; x_wconf 80' lang='grc' dir='ltr'>τῆς</span> <span class='ocrx_word' id='word_1_56' title='bbox 1370 899 1548 964; x_wconf 83' lang='grc' dir='ltr'>ἀξίας,</span> <span class='ocrx_word' id='word_1_57' title='bbox 1582 898 1705 951; x_wconf 77' lang='grc' dir='ltr'>ούτε</span> <span class='ocrx_word' id='word_1_58' title='bbox 1735 901 1792 950; x_wconf 87' lang='grc' dir='ltr'><strong>ἐν</strong></span> 
     </span>
    </p>
   </div>
   <div class='ocr_carea' id='block_1_10' title="bbox 209 992 1790 1073">
    <p class='ocr_par' dir='ltr' id='par_1_10' title="bbox 209 992 1790 1073">
     <span class='ocr_line' id='line_1_10' title="bbox 209 992 1790 1073; baseline -0.008 -17"><span class='ocrx_word' id='word_1_59' title='bbox 209 1001 622 1073; x_wconf 83' lang='grc' dir='ltr'>ἀπαραλλάκτῳ</span> <span class='ocrx_word' id='word_1_60' title='bbox 638 1001 735 1069; x_wconf 84' lang='grc' dir='ltr'>τῆς</span> <span class='ocrx_word' id='word_1_61' title='bbox 767 999 980 1067; x_wconf 86' lang='grc' dir='ltr'>φύσεως</span> <span class='ocrx_word' id='word_1_62' title='bbox 1008 996 1175 1048; x_wconf 72' lang='grc' dir='ltr'>εἰκόνι</span> <span class='ocrx_word' id='word_1_63' title='bbox 1191 993 1269 1064; x_wconf 80' lang='grc' dir='ltr'>τῷ</span> <span class='ocrx_word' id='word_1_64' title='bbox 1293 995 1368 1065; x_wconf 82' lang='grc' dir='ltr'>μὴ</span> <span class='ocrx_word' id='word_1_65' title='bbox 1407 992 1790 1064; x_wconf 77' lang='grc' dir='ltr'>,εροσκυνοῦντι</span> 
     </span>
    </p>
   </div>
   <div class='ocr_carea' id='block_1_11' title="bbox 211 1083 1793 1162">
    <p class='ocr_par' dir='ltr' id='par_1_11' title="bbox 211 1083 1793 1162">
     <span class='ocr_line' id='line_1_11' title="bbox 211 1083 1793 1162; baseline -0.007 -16"><span class='ocrx_word' id='word_1_66' title='bbox 211 1095 475 1146; x_wconf 73' lang='grc' dir='ltr'>κείσεται.</span> <span class='ocrx_word' id='word_1_67' title='bbox 512 1092 817 1162; x_wconf 87' lang='grc' dir='ltr'>Προσκυνεῖ</span> <span class='ocrx_word' id='word_1_68' title='bbox 864 1089 972 1158; x_wconf 81' lang='grc' dir='ltr'><strong>γὰρ</strong></span> <span class='ocrx_word' id='word_1_69' title='bbox 1010 1086 1084 1149; x_wconf 84' lang='grc' dir='ltr'>ὠς</span> <span class='ocrx_word' id='word_1_70' title='bbox 1111 1086 1369 1150; x_wconf 86' lang='grc' dir='ltr'>ἐλάττων,</span> <span class='ocrx_word' id='word_1_71' title='bbox 1403 1084 1498 1138; x_wconf 74' lang='grc' dir='ltr'><strong>καὶ</strong></span> <span class='ocrx_word' id='word_1_72' title='bbox 1541 1085 1601 1136; x_wconf 84' lang='grc' dir='ltr'>οὺ</span> <span class='ocrx_word' id='word_1_73' title='bbox 1633 1083 1793 1136; x_wconf 68' lang='grc' dir='ltr'>ποσό-</span> 
     </span>
    </p>
   </div>
   <div class='ocr_carea' id='block_1_12' title="bbox 210 1174 1792 1253">
    <p class='ocr_par' dir='ltr' id='par_1_12' title="bbox 210 1174 1792 1253">
     <span class='ocr_line' id='line_1_12' title="bbox 210 1174 1792 1253; baseline -0.006 -18"><span class='ocrx_word' id='word_1_74' title='bbox 210 1201 329 1253; x_wconf 69' lang='grc' dir='ltr'>τητι</span> <span class='ocrx_word' id='word_1_75' title='bbox 356 1183 648 1252; x_wconf 74' lang='grc' dir='ltr'>μετρητὸς,</span> <span class='ocrx_word' id='word_1_76' title='bbox 679 1183 746 1251; x_wconf 81' lang='grc' dir='ltr'>τῇ</span> <span class='ocrx_word' id='word_1_77' title='bbox 793 1179 936 1232; x_wconf 87' lang='grc' dir='ltr'><strong>κατὰ</strong></span> <span class='ocrx_word' id='word_1_78' title='bbox 965 1195 1016 1230; x_wconf 90' lang='grc' dir='ltr'><strong>τι</strong></span> <span class='ocrx_word' id='word_1_79' title='bbox 1051 1177 1158 1229; x_wconf 89' lang='grc' dir='ltr'><strong>τῶν</strong></span> <span class='ocrx_word' id='word_1_80' title='bbox 1201 1174 1666 1246; x_wconf 77' lang='grc' dir='ltr'><strong>προσπεφυκότων</strong></span> <span class='ocrx_word' id='word_1_81' title='bbox 1688 1192 1700 1204; x_wconf 87' lang='grc'><strong>·</strong></span> <span class='ocrx_word' id='word_1_82' title='bbox 1731 1175 1792 1226; x_wconf 82' lang='grc' dir='ltr'><strong>ού</strong></span> 
     </span>
    </p>
   </div>
   <div class='ocr_carea' id='block_1_13' title="bbox 212 1268 1795 1350">
    <p class='ocr_par' dir='ltr' id='par_1_13' title="bbox 212 1268 1795 1350">
     <span class='ocr_line' id='line_1_13' title="bbox 212 1268 1795 1350; baseline -0.007 -20"><span class='ocrx_word' id='word_1_83' title='bbox 212 1280 314 1350; x_wconf 75' lang='grc' dir='ltr'>γὰρ</span> <span class='ocrx_word' id='word_1_84' title='bbox 371 1278 616 1331; x_wconf 85' lang='grc' dir='ltr'>ἐλάττων</span> <span class='ocrx_word' id='word_1_85' title='bbox 650 1276 803 1329; x_wconf 77' lang='grc' dir='ltr'>ἔσται</span> <span class='ocrx_word' id='word_1_86' title='bbox 840 1274 971 1336; x_wconf 84' lang='grc' dir='ltr'>Θεὸς</span> <span class='ocrx_word' id='word_1_87' title='bbox 997 1314 1010 1338; x_wconf 90' lang='grc'><strong>,</strong></span> <span class='ocrx_word' id='word_1_88' title='bbox 1065 1271 1097 1342; x_wconf 76' lang='grc' dir='ltr'><strong>ἢ</strong></span> <span class='ocrx_word' id='word_1_89' title='bbox 1131 1270 1333 1341; x_wconf 85' lang='grc' dir='ltr'>Κύριος</span> <span class='ocrx_word' id='word_1_90' title='bbox 1359 1287 1372 1298; x_wconf 94' lang='grc'><strong>·</strong></span> <span class='ocrx_word' id='word_1_91' title='bbox 1418 1268 1532 1322; x_wconf 84' lang='grc' dir='ltr'>ἀλλ’</span> <span class='ocrx_word' id='word_1_92' title='bbox 1568 1269 1642 1331; x_wconf 85' lang='grc' dir='ltr'>ὼς</span> <span class='ocrx_word' id='word_1_93' title='bbox 1685 1269 1795 1337; x_wconf 82' lang='grc' dir='ltr'><strong>ὅρῳ</strong></span> 
     </span>
    </p>
   </div>
   <div class='ocr_carea' id='block_1_14' title="bbox 213 1355 1796 1440">
    <p class='ocr_par' dir='ltr' id='par_1_14' title="bbox 213 1355 1796 1440">
     <span class='ocr_line' id='line_1_14' title="bbox 213 1355 1796 1440; baseline -0.008 -18"><span class='ocrx_word' id='word_1_94' title='bbox 213 1370 488 1440; x_wconf 65' lang='grc' dir='ltr'>διαφέρων</span> <span class='ocrx_word' id='word_1_95' title='bbox 527 1367 604 1438; x_wconf 80' lang='grc' dir='ltr'><strong>τῷ</strong></span> <span class='ocrx_word' id='word_1_96' title='bbox 653 1365 794 1420; x_wconf 81' lang='grc' dir='ltr'><strong>κατά</strong></span> <span class='ocrx_word' id='word_1_97' title='bbox 835 1365 926 1417; x_wconf 81' lang='grc' dir='ltr'><strong>τὸν</strong></span> <span class='ocrx_word' id='word_1_98' title='bbox 960 1364 1053 1416; x_wconf 71' lang='grc' dir='ltr'><strong>τοῦ</strong></span> <span class='ocrx_word' id='word_1_99' title='bbox 1095 1361 1213 1424; x_wconf 89' lang='grc' dir='ltr'><strong>πῶς</strong></span> <span class='ocrx_word' id='word_1_100' title='bbox 1258 1358 1396 1414; x_wconf 80' lang='grc' dir='ltr'>εἶναι</span> <span class='ocrx_word' id='word_1_101' title='bbox 1441 1358 1617 1426; x_wconf 75' lang='grc' dir='ltr'>λόγον.</span> <span class='ocrx_word' id='word_1_102' title='bbox 1664 1355 1796 1411; x_wconf 76' lang='grc' dir='ltr'>Εἶτα</span> 
     </span>
    </p>
   </div>
   <div class='ocr_carea' id='block_1_15' title="bbox 217 1449 1793 1530">
    <p class='ocr_par' dir='ltr' id='par_1_15' title="bbox 217 1449 1793 1530">
     <span class='ocr_line' id='line_1_15' title="bbox 217 1449 1793 1530; baseline -0.008 -18"><span class='ocrx_word' id='word_1_103' title='bbox 217 1461 326 1523; x_wconf 79' lang='grc' dir='ltr'><strong>πῶς</strong></span> <span class='ocrx_word' id='word_1_104' title='bbox 356 1459 568 1530; x_wconf 80' lang='grc' dir='ltr'>ἀληθὴς</span> <span class='ocrx_word' id='word_1_105' title='bbox 597 1459 952 1526; x_wconf 72' lang='grc' dir='ltr'>ἀναφανεῖται</span> <span class='ocrx_word' id='word_1_106' title='bbox 983 1455 1187 1523; x_wconf 76' lang='grc' dir='ltr'>λέγων,</span> <span class='ocrx_word' id='word_1_107' title='bbox 1223 1471 1240 1504; x_wconf 79' lang='grc' dir='ltr'><strong>ι</strong></span> <span class='ocrx_word' id='word_1_108' title='bbox 1287 1454 1344 1506; x_wconf 86' lang='lat' dir='ltr'><strong>&#39;t)</strong></span> <span class='ocrx_word' id='word_1_109' title='bbox 1378 1449 1638 1520; x_wconf 84' lang='grc' dir='ltr'>ἑωρακὼς</span> <span class='ocrx_word' id='word_1_110' title='bbox 1672 1450 1793 1518; x_wconf 81' lang='grc' dir='ltr'>ἐμὲ,</span> 
     </span>
    </p>
   </div>
   <div class='ocr_carea' id='block_1_16' title="bbox 215 1544 1796 1620">
    <p class='ocr_par' dir='ltr' id='par_1_16' title="bbox 215 1544 1796 1620">
     <span class='ocr_line' id='line_1_16' title="bbox 215 1544 1796 1620; baseline -0.005 -18"><span class='ocrx_word' id='word_1_111' title='bbox 215 1550 425 1620; x_wconf 76' lang='grc' dir='ltr'>ἑώρακε</span> <span class='ocrx_word' id='word_1_112' title='bbox 486 1551 579 1602; x_wconf 85' lang='grc' dir='ltr'><strong>τὸν</strong></span> <span class='ocrx_word' id='word_1_113' title='bbox 633 1548 868 1619; x_wconf 85' lang='grc' dir='ltr'>Πατέρα.</span> <span class='ocrx_word' id='word_1_114' title='bbox 914 1565 932 1598; x_wconf 72' lang='grc' dir='ltr'><strong>ι</strong></span> <span class='ocrx_word' id='word_1_115' title='bbox 973 1545 1096 1608; x_wconf 84' lang='grc' dir='ltr'><strong>Πῶς</strong></span> <span class='ocrx_word' id='word_1_116' title='bbox 1157 1545 1213 1596; x_wconf 82' lang='grc' dir='ltr'>δὲ</span> <span class='ocrx_word' id='word_1_117' title='bbox 1275 1547 1470 1614; x_wconf 79' lang='grc' dir='ltr'>χρῆναι</span> <span class='ocrx_word' id='word_1_118' title='bbox 1534 1544 1796 1614; x_wconf 82' lang='grc' dir='ltr'>τιμᾶσθαί</span> 
     </span>
    </p>
   </div>
   <div class='ocr_carea' id='block_1_17' title="bbox 214 1635 1798 1711">
    <p class='ocr_par' dir='ltr' id='par_1_17' title="bbox 214 1635 1798 1711">
     <span class='ocr_line' id='line_1_17' title="bbox 214 1635 1798 1711; baseline -0.005 -16"><span class='ocrx_word' id='word_1_119' title='bbox 214 1659 376 1711; x_wconf 80' lang='grc' dir='ltr'>φησιν</span> <span class='ocrx_word' id='word_1_120' title='bbox 412 1643 608 1695; x_wconf 81' lang='grc' dir='ltr'>ἑαυτὸν</span> <span class='ocrx_word' id='word_1_121' title='bbox 640 1642 741 1692; x_wconf 85' lang='grc' dir='ltr'><strong>ούκ</strong></span> <span class='ocrx_word' id='word_1_122' title='bbox 780 1642 836 1691; x_wconf 87' lang='grc' dir='ltr'><strong>ἐν</strong></span> <span class='ocrx_word' id='word_1_123' title='bbox 875 1638 1116 1692; x_wconf 76' lang='grc' dir='ltr'>ἐλάττονι</span> <span class='ocrx_word' id='word_1_124' title='bbox 1150 1637 1312 1708; x_wconf 62' lang='grc' dir='ltr'>μοίρᾳ</span> <span class='ocrx_word' id='word_1_125' title='bbox 1355 1635 1449 1688; x_wconf 82' lang='grc' dir='ltr'>τοῦ</span> <span class='ocrx_word' id='word_1_126' title='bbox 1487 1635 1699 1707; x_wconf 80' lang='grc' dir='ltr'>[ἰατρὸς</span> <span class='ocrx_word' id='word_1_127' title='bbox 1736 1637 1798 1688; x_wconf 81' lang='grc' dir='ltr'>τὸ</span> 
     </span>
    </p>
   </div>
   <div class='ocr_carea' id='block_1_18' title="bbox 214 1727 1796 1801">
    <p class='ocr_par' dir='ltr' id='par_1_18' title="bbox 214 1727 1796 1801">
     <span class='ocr_line' id='line_1_18' title="bbox 214 1727 1796 1801; baseline -0.004 -16"><span class='ocrx_word' id='word_1_128' title='bbox 214 1730 326 1785; x_wconf 76' lang='grc' dir='ltr'>ἴσον</span> <span class='ocrx_word' id='word_1_129' title='bbox 375 1734 481 1786; x_wconf 87' lang='grc' dir='ltr'><strong>ούκ</strong></span> <span class='ocrx_word' id='word_1_130' title='bbox 534 1732 673 1801; x_wconf 79' lang='grc' dir='ltr'>ἔχων</span> <span class='ocrx_word' id='word_1_131' title='bbox 723 1732 780 1785; x_wconf 85' lang='grc' dir='ltr'><strong>ἐν</strong></span> <span class='ocrx_word' id='word_1_132' title='bbox 811 1730 935 1801; x_wconf 81' lang='grc' dir='ltr'>δόξῃ</span> <span class='ocrx_word' id='word_1_133' title='bbox 984 1731 1127 1784; x_wconf 79' lang='grc' dir='ltr'>κατά</span> <span class='ocrx_word' id='word_1_134' title='bbox 1165 1746 1225 1796; x_wconf 86' lang='grc' dir='ltr'>γε</span> <span class='ocrx_word' id='word_1_135' title='bbox 1275 1729 1363 1782; x_wconf 73' lang='grc' dir='ltr'><strong>τὸν</strong></span> <span class='ocrx_word' id='word_1_136' title='bbox 1411 1727 1501 1780; x_wconf 81' lang='grc' dir='ltr'>τοῦ</span> <span class='ocrx_word' id='word_1_137' title='bbox 1556 1744 1796 1798; x_wconf 81' lang='grc' dir='ltr'>προσκυ-</span> 
     </span>
    </p>
   </div>
   <div class='ocr_carea' id='block_1_19' title="bbox 216 1819 1797 1893">
    <p class='ocr_par' dir='ltr' id='par_1_19' title="bbox 216 1819 1797 1893">
     <span class='ocr_line' id='line_1_19' title="bbox 216 1819 1797 1893; baseline -0.003 -19"><span class='ocrx_word' id='word_1_138' title='bbox 216 1825 431 1887; x_wconf 80' lang='grc' dir='ltr'>νούντος</span> <span class='ocrx_word' id='word_1_139' title='bbox 465 1825 623 1892; x_wconf 84' lang='grc' dir='ltr'>λόγον</span> <span class='ocrx_word' id='word_1_140' title='bbox 651 1842 665 1890; x_wconf 85' lang='grc'>;</span> <span class='ocrx_word' id='word_1_141' title='bbox 703 1820 835 1876; x_wconf 77' lang='grc' dir='ltr'>Εἶτα</span> <span class='ocrx_word' id='word_1_142' title='bbox 871 1824 1008 1893; x_wconf 82' lang='grc' dir='ltr'>πρὸς</span> <span class='ocrx_word' id='word_1_143' title='bbox 1035 1821 1229 1892; x_wconf 85' lang='grc' dir='ltr'>τούτῳ,</span> <span class='ocrx_word' id='word_1_144' title='bbox 1279 1820 1372 1874; x_wconf 73' lang='grc' dir='ltr'><strong>καὶ</strong></span> <span class='ocrx_word' id='word_1_145' title='bbox 1405 1819 1564 1881; x_wconf 71' lang='grc' dir='ltr'>αὐτὸς</span> <span class='ocrx_word' id='word_1_146' title='bbox 1603 1821 1735 1889; x_wconf 79' lang='grc' dir='ltr'>ἡμῖν</span> <span class='ocrx_word' id='word_1_147' title='bbox 1770 1821 1797 1871; x_wconf 83' lang='grc' dir='ltr'><em>ὀ</em></span> 
     </span>
    </p>
   </div>
   <div class='ocr_carea' id='block_1_20' title="bbox 1892 623 3466 696">
    <p class='ocr_par' dir='ltr' id='par_1_20' title="bbox 1892 623 3466 696">
     <span class='ocr_line' id='line_1_20' title="bbox 1892 623 3466 696; baseline 0.005 -22"><span class='ocrx_word' id='word_1_148' title='bbox 1892 639 2000 692; x_wconf 89' lang='lat' dir='ltr'><strong>que</strong></span> <span class='ocrx_word' id='word_1_149' title='bbox 2051 623 2240 694; x_wconf 89' lang='lat' dir='ltr'><strong>opinio</strong></span> <span class='ocrx_word' id='word_1_150' title='bbox 2289 631 2500 678; x_wconf 89' lang='lat' dir='ltr'><strong>tantum</strong></span> <span class='ocrx_word' id='word_1_151' title='bbox 2543 623 2859 679; x_wconf 88' lang='lat' dir='ltr'><strong>detrimenti</strong></span> <span class='ocrx_word' id='word_1_152' title='bbox 2895 625 3182 696; x_wconf 83' lang='lat' dir='ltr'><strong>patiatur?</strong></span> <span class='ocrx_word' id='word_1_153' title='bbox 3218 623 3466 684; x_wconf 88' lang='lat' dir='ltr'><strong>Primum</strong></span> 
     </span>
    </p>
   </div>
   <div class='ocr_carea' id='block_1_21' title="bbox 1893 711 3468 790">
    <p class='ocr_par' dir='ltr' id='par_1_21' title="bbox 1893 711 3468 790">
     <span class='ocr_line' id='line_1_21' title="bbox 1893 711 3468 790; baseline 0.003 -20"><span class='ocrx_word' id='word_1_154' title='bbox 1893 716 2072 778; x_wconf 90' lang='lat' dir='ltr'><strong>enim,</strong></span> <span class='ocrx_word' id='word_1_155' title='bbox 2104 730 2204 769; x_wconf 91' lang='lat' dir='ltr'><strong>nec</strong></span> <span class='ocrx_word' id='word_1_156' title='bbox 2233 715 2502 786; x_wconf 73' lang='lat' dir='ltr'><strong>dignitate</strong></span> <span class='ocrx_word' id='word_1_157' title='bbox 2528 717 2753 786; x_wconf 83' lang='lat' dir='ltr'><strong>aequalis</strong></span> <span class='ocrx_word' id='word_1_158' title='bbox 2772 757 2786 780; x_wconf 91' lang='lat'><strong>,</strong></span> <span class='ocrx_word' id='word_1_159' title='bbox 2817 731 2918 771; x_wconf 91' lang='lat' dir='ltr'><strong>nec</strong></span> <span class='ocrx_word' id='word_1_160' title='bbox 2948 719 3128 790; x_wconf 90' lang='lat' dir='ltr'><strong>imago</strong></span> <span class='ocrx_word' id='word_1_161' title='bbox 3155 733 3255 788; x_wconf 90' lang='lat' dir='ltr'><strong>per</strong></span> <span class='ocrx_word' id='word_1_162' title='bbox 3281 711 3468 788; x_wconf 82' lang='lat' dir='ltr'><strong>omnia</strong></span> 
     </span>
    </p>
   </div>
   <div class='ocr_carea' id='block_1_22' title="bbox 1895 804 3466 874">
    <p class='ocr_par' dir='ltr' id='par_1_22' title="bbox 1895 804 3466 874">
     <span class='ocr_line' id='line_1_22' title="bbox 1895 804 3466 874; baseline 0.006 -17"><span class='ocrx_word' id='word_1_163' title='bbox 1895 804 2093 858; x_wconf 89' lang='lat' dir='ltr'><strong>similis</strong></span> <span class='ocrx_word' id='word_1_164' title='bbox 2120 805 2224 859; x_wconf 88' lang='lat' dir='ltr'><strong>erit</strong></span> <span class='ocrx_word' id='word_1_165' title='bbox 2254 820 2361 859; x_wconf 89' lang='lat' dir='ltr'><strong>non</strong></span> <span class='ocrx_word' id='word_1_166' title='bbox 2393 809 2666 861; x_wconf 82' lang='lat' dir='ltr'><strong>adoranti.</strong></span> <span class='ocrx_word' id='word_1_167' title='bbox 2692 808 2902 863; x_wconf 86' lang='lat' dir='ltr'><strong>Adorat</strong></span> <span class='ocrx_word' id='word_1_168' title='bbox 2928 809 3076 863; x_wconf 91' lang='lat' dir='ltr'><strong>enim</strong></span> <span class='ocrx_word' id='word_1_169' title='bbox 3101 849 3115 874; x_wconf 94' lang='lat'><strong>,</strong></span> <span class='ocrx_word' id='word_1_170' title='bbox 3148 820 3206 864; x_wconf 94' lang='lat' dir='ltr'><strong>ut</strong></span> <span class='ocrx_word' id='word_1_171' title='bbox 3243 813 3424 867; x_wconf 90' lang='lat' dir='ltr'><strong>minor</strong></span> <span class='ocrx_word' id='word_1_172' title='bbox 3453 831 3466 866; x_wconf 91' lang='lat'><strong>:</strong></span> 
     </span>
    </p>
   </div>
   <div class='ocr_carea' id='block_1_23' title="bbox 1895 894 3471 974">
    <p class='ocr_par' dir='ltr' id='par_1_23' title="bbox 1895 894 3471 974">
     <span class='ocr_line' id='line_1_23' title="bbox 1895 894 3471 974; baseline 0.008 -27"><span class='ocrx_word' id='word_1_173' title='bbox 1895 894 2058 964; x_wconf 85' lang='lat' dir='ltr'><strong>idque</strong></span> <span class='ocrx_word' id='word_1_174' title='bbox 2091 912 2198 949; x_wconf 89' lang='lat' dir='ltr'><strong>non</strong></span> <span class='ocrx_word' id='word_1_175' title='bbox 2239 899 2568 966; x_wconf 81' lang='lat' dir='ltr'><strong>quantitatis</strong></span> <span class='ocrx_word' id='word_1_176' title='bbox 2606 900 2990 956; x_wconf 69' lang='lat' dir='ltr'><strong>accidentarize</strong></span> <span class='ocrx_word' id='word_1_177' title='bbox 3025 917 3285 956; x_wconf 85' lang='lat' dir='ltr'><strong>mensura</strong></span> <span class='ocrx_word' id='word_1_178' title='bbox 3325 907 3471 974; x_wconf 85' lang='lat' dir='ltr'><strong>(nec</strong></span> 
     </span>
    </p>
   </div>
   <div class='ocr_carea' id='block_1_24' title="bbox 1893 989 3471 1062">
    <p class='ocr_par' dir='ltr' id='par_1_24' title="bbox 1893 989 3471 1062">
     <span class='ocr_line' id='line_1_24' title="bbox 1893 989 3471 1062; baseline 0.008 -23"><span class='ocrx_word' id='word_1_179' title='bbox 1893 990 2040 1040; x_wconf 88' lang='lat' dir='ltr'><strong>enim</strong></span> <span class='ocrx_word' id='word_1_180' title='bbox 2075 989 2257 1042; x_wconf 91' lang='lat' dir='ltr'><strong>minor</strong></span> <span class='ocrx_word' id='word_1_181' title='bbox 2287 1005 2410 1045; x_wconf 87' lang='lat' dir='ltr'><strong>esse</strong></span> <span class='ocrx_word' id='word_1_182' title='bbox 2443 1000 2622 1060; x_wconf 84' lang='lat' dir='ltr'><strong>potest</strong></span> <span class='ocrx_word' id='word_1_183' title='bbox 2672 1007 2917 1062; x_wconf 86' lang='lat' dir='ltr'><strong>unquam</strong></span> <span class='ocrx_word' id='word_1_184' title='bbox 2954 992 3100 1048; x_wconf 86' lang='lat' dir='ltr'><strong>Deus</strong></span> <span class='ocrx_word' id='word_1_185' title='bbox 3147 1005 3244 1050; x_wconf 90' lang='lat' dir='ltr'><strong>aut</strong></span> <span class='ocrx_word' id='word_1_186' title='bbox 3285 995 3471 1052; x_wconf 89' lang='lat' dir='ltr'><strong>Domi-</strong></span> 
     </span>
    </p>
   </div>
   <div class='ocr_carea' id='block_1_25' title="bbox 1897 1084 3470 1158">
    <p class='ocr_par' dir='ltr' id='par_1_25' title="bbox 1897 1084 3470 1158">
     <span class='ocr_line' id='line_1_25' title="bbox 1897 1084 3470 1158; baseline 0.006 -22"><span class='ocrx_word' id='word_1_187' title='bbox 1897 1085 2044 1152; x_wconf 86' lang='lat' dir='ltr'><strong>nus),</strong></span> <span class='ocrx_word' id='word_1_188' title='bbox 2083 1084 2177 1137; x_wconf 88' lang='lat' dir='ltr'><strong>sed</strong></span> <span class='ocrx_word' id='word_1_189' title='bbox 2211 1086 2495 1140; x_wconf 86' lang='lat' dir='ltr'><strong>essentiali</strong></span> <span class='ocrx_word' id='word_1_190' title='bbox 2530 1085 2859 1141; x_wconf 82' lang='lat' dir='ltr'><strong>diiIerenlia.</strong></span> <span class='ocrx_word' id='word_1_191' title='bbox 2897 1088 2965 1140; x_wconf 83' lang='lat' dir='ltr'><strong>At</strong></span> <span class='ocrx_word' id='word_1_192' title='bbox 2993 1089 3272 1158; x_wconf 90' lang='lat' dir='ltr'><strong>quomodo</strong></span> <span class='ocrx_word' id='word_1_193' title='bbox 3301 1105 3470 1145; x_wconf 83' lang='lat' dir='ltr'><strong>verax</strong></span> 
     </span>
    </p>
   </div>
   <div class='ocr_carea' id='block_1_26' title="bbox 1895 1174 3465 1244">
    <p class='ocr_par' dir='ltr' id='par_1_26' title="bbox 1895 1174 3465 1244">
     <span class='ocr_line' id='line_1_26' title="bbox 1895 1174 3465 1244; baseline 0.004 -16"><span class='ocrx_word' id='word_1_194' title='bbox 1895 1174 2000 1228; x_wconf 89' lang='lat' dir='ltr'><strong>crit</strong></span> <span class='ocrx_word' id='word_1_195' title='bbox 2029 1175 2220 1230; x_wconf 90' lang='lat' dir='ltr'><strong>dicens</strong></span> <span class='ocrx_word' id='word_1_196' title='bbox 2246 1195 2260 1231; x_wconf 87' lang='lat'><strong>:</strong></span> <span class='ocrx_word' id='word_1_197' title='bbox 2288 1195 2304 1226; x_wconf 77' lang='grc' dir='ltr'><strong>ι</strong></span> <span class='ocrx_word' id='word_1_198' title='bbox 2335 1176 2438 1242; x_wconf 85' lang='lat' dir='ltr'><strong>Qui</strong></span> <span class='ocrx_word' id='word_1_199' title='bbox 2459 1178 2596 1232; x_wconf 86' lang='lat' dir='ltr'><strong>vidit</strong></span> <span class='ocrx_word' id='word_1_200' title='bbox 2631 1195 2734 1244; x_wconf 89' lang='lat' dir='ltr'><strong>me,</strong></span> <span class='ocrx_word' id='word_1_201' title='bbox 2769 1179 2906 1233; x_wconf 90' lang='lat' dir='ltr'><strong>vidit</strong></span> <span class='ocrx_word' id='word_1_202' title='bbox 2940 1191 2994 1235; x_wconf 86' lang='lat' dir='ltr'><strong>et</strong></span> <span class='ocrx_word' id='word_1_203' title='bbox 3023 1180 3240 1236; x_wconf 83' lang='lat' dir='ltr'><strong>Patrem</strong></span> <span class='ocrx_word' id='word_1_204' title='bbox 3271 1181 3413 1239; x_wconf 77' lang='lat'><strong>’°&#39;“.</strong></span> <span class='ocrx_word' id='word_1_205' title='bbox 3447 1202 3465 1234; x_wconf 72' lang='grc' dir='ltr'><strong>ι</strong></span> 
     </span>
    </p>
   </div>
   <div class='ocr_carea' id='block_1_27' title="bbox 1899 1267 3470 1340">
    <p class='ocr_par' dir='ltr' id='par_1_27' title="bbox 1899 1267 3470 1340">
     <span class='ocr_line' id='line_1_27' title="bbox 1899 1267 3470 1340; baseline 0.006 -20"><span class='ocrx_word' id='word_1_206' title='bbox 1899 1267 1962 1320; x_wconf 83' lang='lat' dir='ltr'><strong>Et</strong></span> <span class='ocrx_word' id='word_1_207' title='bbox 2013 1269 2288 1337; x_wconf 88' lang='lat' dir='ltr'><strong>quomodo</strong></span> <span class='ocrx_word' id='word_1_208' title='bbox 2333 1270 2574 1340; x_wconf 90' lang='lat' dir='ltr'><strong>seipsum</strong></span> <span class='ocrx_word' id='word_1_209' title='bbox 2629 1271 3014 1327; x_wconf 88' lang='lat' dir='ltr'><strong>honorandum</strong></span> <span class='ocrx_word' id='word_1_210' title='bbox 3064 1289 3186 1329; x_wconf 89' lang='lat' dir='ltr'><strong>esse</strong></span> <span class='ocrx_word' id='word_1_211' title='bbox 3216 1275 3327 1340; x_wconf 90' lang='lat' dir='ltr'><strong>ait,</strong></span> <span class='ocrx_word' id='word_1_212' title='bbox 3358 1290 3470 1332; x_wconf 90' lang='lat' dir='ltr'><strong>non</strong></span> 
     </span>
    </p>
   </div>
   <div class='ocr_carea' id='block_1_28' title="bbox 1900 1360 3471 1434">
    <p class='ocr_par' dir='ltr' id='par_1_28' title="bbox 1900 1360 3471 1434">
     <span class='ocr_line' id='line_1_28' title="bbox 1900 1360 3471 1434; baseline 0.006 -22"><span class='ocrx_word' id='word_1_213' title='bbox 1900 1360 2078 1414; x_wconf 91' lang='lat' dir='ltr'><strong>minus</strong></span> <span class='ocrx_word' id='word_1_214' title='bbox 2109 1376 2272 1428; x_wconf 89' lang='lat' dir='ltr'><strong>quam</strong></span> <span class='ocrx_word' id='word_1_215' title='bbox 2307 1360 2527 1416; x_wconf 84' lang='lat' dir='ltr'><strong>Patrem</strong></span> <span class='ocrx_word' id='word_1_216' title='bbox 2552 1406 2565 1428; x_wconf 90' lang='lat'><strong>,</strong></span> <span class='ocrx_word' id='word_1_217' title='bbox 2599 1363 2694 1433; x_wconf 89' lang='lat' dir='ltr'><strong>qui</strong></span> <span class='ocrx_word' id='word_1_218' title='bbox 2727 1364 2916 1434; x_wconf 76' lang='lat' dir='ltr'><strong>gloria:</strong></span> <span class='ocrx_word' id='word_1_219' title='bbox 2954 1365 3315 1433; x_wconf 65' lang='lat' dir='ltr'><strong>aequalitatem</strong></span> <span class='ocrx_word' id='word_1_220' title='bbox 3361 1382 3471 1421; x_wconf 85' lang='lat' dir='ltr'><strong>non</strong></span> 
     </span>
    </p>
   </div>
   <div class='ocr_carea' id='block_1_29' title="bbox 1901 1451 3478 1521">
    <p class='ocr_par' dir='ltr' id='par_1_29' title="bbox 1901 1451 3478 1521">
     <span class='ocr_line' id='line_1_29' title="bbox 1901 1451 3478 1521; baseline 0.006 -18"><span class='ocrx_word' id='word_1_221' title='bbox 1901 1451 2061 1505; x_wconf 87' lang='lat' dir='ltr'><strong>habet</strong></span> <span class='ocrx_word' id='word_1_222' title='bbox 2083 1491 2096 1512; x_wconf 85' lang='lat'><strong>,</strong></span> <span class='ocrx_word' id='word_1_223' title='bbox 2127 1452 2272 1521; x_wconf 90' lang='lat' dir='ltr'><strong>quod</strong></span> <span class='ocrx_word' id='word_1_224' title='bbox 2306 1452 2374 1506; x_wconf 91' lang='lat' dir='ltr'><strong>ad</strong></span> <span class='ocrx_word' id='word_1_225' title='bbox 2411 1454 2680 1509; x_wconf 89' lang='lat' dir='ltr'><strong>rationem</strong></span> <span class='ocrx_word' id='word_1_226' title='bbox 2727 1455 3014 1512; x_wconf 87' lang='lat' dir='ltr'><strong>adorantis</strong></span> <span class='ocrx_word' id='word_1_227' title='bbox 3059 1455 3297 1512; x_wconf 79' lang='lat' dir='ltr'><strong>attinet?</strong></span> <span class='ocrx_word' id='word_1_228' title='bbox 3327 1456 3478 1513; x_wconf 68' lang='lat' dir='ltr'><strong>Prae—</strong></span> 
     </span>
    </p>
   </div>
   <div class='ocr_carea' id='block_1_30' title="bbox 1899 1544 3474 1612">
    <p class='ocr_par' dir='ltr' id='par_1_30' title="bbox 1899 1544 3474 1612">
     <span class='ocr_line' id='line_1_30' title="bbox 1899 1544 3474 1612; baseline 0.007 -18"><span class='ocrx_word' id='word_1_229' title='bbox 1899 1550 2049 1596; x_wconf 84' lang='lat' dir='ltr'><strong>terea</strong></span> <span class='ocrx_word' id='word_1_230' title='bbox 2072 1585 2085 1609; x_wconf 88' lang='lat'><strong>,</strong></span> <span class='ocrx_word' id='word_1_231' title='bbox 2122 1544 2242 1612; x_wconf 90' lang='lat' dir='ltr'><strong>ipse</strong></span> <span class='ocrx_word' id='word_1_232' title='bbox 2287 1544 2450 1599; x_wconf 90' lang='lat' dir='ltr'><strong>Pater</strong></span> <span class='ocrx_word' id='word_1_233' title='bbox 2495 1562 2603 1601; x_wconf 88' lang='lat' dir='ltr'><strong>non</strong></span> <span class='ocrx_word' id='word_1_234' title='bbox 2652 1549 2766 1603; x_wconf 90' lang='lat' dir='ltr'><strong>leve</strong></span> <span class='ocrx_word' id='word_1_235' title='bbox 2800 1547 3041 1604; x_wconf 88' lang='lat' dir='ltr'><strong>dedecus</strong></span> <span class='ocrx_word' id='word_1_236' title='bbox 3072 1551 3358 1606; x_wconf 82' lang='lat' dir='ltr'><strong>incurrere</strong></span> <span class='ocrx_word' id='word_1_237' title='bbox 3390 1551 3474 1605; x_wconf 87' lang='lat' dir='ltr'><strong>vi-</strong></span> 
     </span>
    </p>
   </div>
   <div class='ocr_carea' id='block_1_31' title="bbox 1898 1630 3473 1709">
    <p class='ocr_par' dir='ltr' id='par_1_31' title="bbox 1898 1630 3473 1709">
     <span class='ocr_line' id='line_1_31' title="bbox 1898 1630 3473 1709; baseline 0.008 -27"><span class='ocrx_word' id='word_1_238' title='bbox 1898 1630 2133 1684; x_wconf 86' lang='lat' dir='ltr'><strong>debitur.</strong></span> <span class='ocrx_word' id='word_1_239' title='bbox 2159 1631 2345 1686; x_wconf 87' lang='lat' dir='ltr'><strong>Gloria</strong></span> <span class='ocrx_word' id='word_1_240' title='bbox 2371 1634 2570 1703; x_wconf 87' lang='lat' dir='ltr'><strong>quippe</strong></span> <span class='ocrx_word' id='word_1_241' title='bbox 2597 1636 2645 1689; x_wconf 91' lang='lat' dir='ltr'><strong>ei</strong></span> <span class='ocrx_word' id='word_1_242' title='bbox 2672 1647 2754 1690; x_wconf 91' lang='lat' dir='ltr'><strong>est</strong></span> <span class='ocrx_word' id='word_1_243' title='bbox 2783 1637 2943 1691; x_wconf 90' lang='lat' dir='ltr'><strong>talem</strong></span> <span class='ocrx_word' id='word_1_244' title='bbox 2973 1642 3228 1708; x_wconf 76' lang='lat' dir='ltr'><strong>genuisse</strong></span> <span class='ocrx_word' id='word_1_245' title='bbox 3247 1681 3261 1702; x_wconf 95' lang='lat'><strong>,</strong></span> <span class='ocrx_word' id='word_1_246' title='bbox 3287 1639 3473 1709; x_wconf 86' lang='lat' dir='ltr'><strong>qualis</strong></span> 
     </span>
    </p>
   </div>
   <div class='ocr_carea' id='block_1_32' title="bbox 1899 1720 3471 1799">
    <p class='ocr_par' dir='ltr' id='par_1_32' title="bbox 1899 1720 3471 1799">
     <span class='ocr_line' id='line_1_32' title="bbox 1899 1720 3471 1799; baseline 0.005 -24"><span class='ocrx_word' id='word_1_247' title='bbox 1899 1721 1968 1775; x_wconf 87' lang='lat' dir='ltr'><strong>sit</strong></span> <span class='ocrx_word' id='word_1_248' title='bbox 2001 1720 2116 1790; x_wconf 92' lang='lat' dir='ltr'><strong>ipse</strong></span> <span class='ocrx_word' id='word_1_249' title='bbox 2144 1732 2340 1776; x_wconf 90' lang='lat' dir='ltr'><strong>natura</strong></span> <span class='ocrx_word' id='word_1_250' title='bbox 2371 1745 2382 1776; x_wconf 90' lang='lat'><strong>:</strong></span> <span class='ocrx_word' id='word_1_251' title='bbox 2418 1731 2612 1778; x_wconf 91' lang='lat' dir='ltr'><strong>contra</strong></span> <span class='ocrx_word' id='word_1_252' title='bbox 2648 1741 2779 1781; x_wconf 88' lang='lat' dir='ltr'><strong>vero</strong></span> <span class='ocrx_word' id='word_1_253' title='bbox 2810 1727 3046 1782; x_wconf 84' lang='lat' dir='ltr'><strong>dedecus</strong></span> <span class='ocrx_word' id='word_1_254' title='bbox 3069 1744 3176 1784; x_wconf 92' lang='lat' dir='ltr'><strong>non</strong></span> <span class='ocrx_word' id='word_1_255' title='bbox 3208 1744 3437 1799; x_wconf 89' lang='lat' dir='ltr'><strong>parvum</strong></span> <span class='ocrx_word' id='word_1_256' title='bbox 3457 1771 3471 1792; x_wconf 92' lang='lat'><strong>,</strong></span> 
     </span>
    </p>
   </div>
   <div class='ocr_carea' id='block_1_33' title="bbox 1900 1814 3472 1892">
    <p class='ocr_par' dir='ltr' id='par_1_33' title="bbox 1900 1814 3472 1892">
     <span class='ocr_line' id='line_1_33' title="bbox 1900 1814 3472 1892; baseline 0.008 -28"><span class='ocrx_word' id='word_1_257' title='bbox 1900 1814 2132 1870; x_wconf 86' lang='lat' dir='ltr'><strong>alterius</strong></span> <span class='ocrx_word' id='word_1_258' title='bbox 2184 1824 2395 1869; x_wconf 70' lang='lat' dir='ltr'><strong>natura:</strong></span> <span class='ocrx_word' id='word_1_259' title='bbox 2451 1815 2649 1871; x_wconf 87' lang='lat' dir='ltr'><strong>Filium</strong></span> <span class='ocrx_word' id='word_1_260' title='bbox 2709 1819 2945 1885; x_wconf 85' lang='lat' dir='ltr'><strong>habere,</strong></span> <span class='ocrx_word' id='word_1_261' title='bbox 2995 1827 3050 1876; x_wconf 92' lang='lat' dir='ltr'><strong>et</strong></span> <span class='ocrx_word' id='word_1_262' title='bbox 3102 1823 3210 1877; x_wconf 87' lang='lat' dir='ltr'><strong>tale</strong></span> <span class='ocrx_word' id='word_1_263' title='bbox 3264 1822 3472 1892; x_wconf 87' lang='lat' dir='ltr'><strong>aliquid</strong></span> 
     </span>
    </p>
   </div>
   <div class='ocr_carea' id='block_1_34' title="bbox 217 1900 1893 1983">
    <p class='ocr_par' dir='ltr' id='par_1_34' title="bbox 217 1900 1870 1983">
     <span class='ocr_line' id='line_1_34' title="bbox 217 1900 1870 1983; baseline -0.007 -18"><span class='ocrx_word' id='word_1_264' title='bbox 217 1913 403 1983; x_wconf 83' lang='grc' dir='ltr'>Πατὴρ</span> <span class='ocrx_word' id='word_1_265' title='bbox 426 1912 488 1966; x_wconf 81' lang='grc' dir='ltr'><strong>ού</strong></span> <span class='ocrx_word' id='word_1_266' title='bbox 518 1911 618 1980; x_wconf 82' lang='grc' dir='ltr'>τῆς</span> <span class='ocrx_word' id='word_1_267' title='bbox 640 1912 908 1982; x_wconf 73' lang='grc' dir='ltr'><strong>τυχούσης</strong></span> <span class='ocrx_word' id='word_1_268' title='bbox 931 1909 1200 1980; x_wconf 79' lang='grc' dir='ltr'>ἀκοσμίας</span> <span class='ocrx_word' id='word_1_269' title='bbox 1224 1908 1355 1961; x_wconf 75' lang='grc' dir='ltr'>εἴσω</span> <span class='ocrx_word' id='word_1_270' title='bbox 1380 1904 1616 1973; x_wconf 83' lang='grc' dir='ltr'>γεγονὼς</span> <span class='ocrx_word' id='word_1_271' title='bbox 1637 1905 1799 1973; x_wconf 79' lang='grc' dir='ltr'>ὀφθή-</span> <span class='ocrx_word' id='word_1_272' title='bbox 1830 1900 1870 1954; x_wconf 82' lang='grc' dir='ltr'><strong>Β</strong></span> 
     </span>
    </p>
   </div>
   <div class='ocr_carea' id='block_1_35' title="bbox 1798 1900 3474 1983">
    <p class='ocr_par' dir='ltr' id='par_1_35' title="bbox 1830 1900 3474 1979">
     <span class='ocr_line' id='line_1_35' title="bbox 1830 1900 3474 1979; baseline 0.009 -23"><span class='ocrx_word' id='word_1_273' title='bbox 1830 1900 1870 1954; x_wconf 82' lang='grc' dir='ltr'><strong>Β</strong></span> <span class='ocrx_word' id='word_1_274' title='bbox 1901 1907 2041 1975; x_wconf 86' lang='lat' dir='ltr'><strong>pati,</strong></span> <span class='ocrx_word' id='word_1_275' title='bbox 2077 1907 2240 1975; x_wconf 85' lang='lat' dir='ltr'><strong>quale</strong></span> <span class='ocrx_word' id='word_1_276' title='bbox 2292 1923 2359 1961; x_wconf 90' lang='lat' dir='ltr'><strong>ne</strong></span> <span class='ocrx_word' id='word_1_277' title='bbox 2403 1908 2523 1978; x_wconf 90' lang='lat' dir='ltr'><strong>ipsa</strong></span> <span class='ocrx_word' id='word_1_278' title='bbox 2568 1909 2789 1979; x_wconf 88' lang='lat' dir='ltr'><strong>quidem</strong></span> <span class='ocrx_word' id='word_1_279' title='bbox 2839 1920 3224 1969; x_wconf 89' lang='lat' dir='ltr'><strong>creaturarum</strong></span> <span class='ocrx_word' id='word_1_280' title='bbox 3275 1921 3474 1969; x_wconf 82' lang='lat' dir='ltr'><strong>natura</strong></span> 
     </span>
    </p>
   </div>
   <div class='ocr_carea' id='block_1_36' title="bbox 216 1997 1794 2072">
    <p class='ocr_par' dir='ltr' id='par_1_36' title="bbox 216 1997 1794 2072">
     <span class='ocr_line' id='line_1_36' title="bbox 216 1997 1794 2072; baseline -0.004 -18"><span class='ocrx_word' id='word_1_281' title='bbox 216 2019 387 2056; x_wconf 88' lang='grc' dir='ltr'>σεται.</span> <span class='ocrx_word' id='word_1_282' title='bbox 439 2003 578 2067; x_wconf 80' lang='grc' dir='ltr'><strong>Δόξα</strong></span> <span class='ocrx_word' id='word_1_283' title='bbox 634 2002 732 2072; x_wconf 83' lang='grc' dir='ltr'><strong>μὲν</strong></span> <span class='ocrx_word' id='word_1_284' title='bbox 768 2003 876 2072; x_wconf 73' lang='grc' dir='ltr'><strong>γὰρ</strong></span> <span class='ocrx_word' id='word_1_285' title='bbox 925 2001 1074 2071; x_wconf 85' lang='grc' dir='ltr'>αὑτῷ</span> <span class='ocrx_word' id='word_1_286' title='bbox 1119 2001 1180 2052; x_wconf 85' lang='grc' dir='ltr'><strong>τὸ</strong></span> <span class='ocrx_word' id='word_1_287' title='bbox 1230 1998 1486 2069; x_wconf 77' lang='grc' dir='ltr'>γεννῆσαι</span> <span class='ocrx_word' id='word_1_288' title='bbox 1535 1997 1794 2057; x_wconf 79' lang='grc' dir='ltr'>τοιοῦτον,</span> 
     </span>
    </p>
   </div>
   <div class='ocr_carea' id='block_1_37' title="bbox 214 2087 1798 2164">
    <p class='ocr_par' dir='ltr' id='par_1_37' title="bbox 214 2087 1798 2164">
     <span class='ocr_line' id='line_1_37' title="bbox 214 2087 1798 2164; baseline -0.005 -17"><span class='ocrx_word' id='word_1_289' title='bbox 214 2096 394 2157; x_wconf 80' lang='grc' dir='ltr'>ὁποῖός</span> <span class='ocrx_word' id='word_1_290' title='bbox 431 2111 542 2164; x_wconf 88' lang='grc' dir='ltr'><strong>περ</strong></span> <span class='ocrx_word' id='word_1_291' title='bbox 596 2095 661 2147; x_wconf 76' lang='grc' dir='ltr'><strong>ἂν</strong></span> <span class='ocrx_word' id='word_1_292' title='bbox 722 2094 956 2163; x_wconf 83' lang='grc' dir='ltr'>ὑπάρχοι</span> <span class='ocrx_word' id='word_1_293' title='bbox 1002 2091 1144 2146; x_wconf 76' lang='grc' dir='ltr'>κατὰ</span> <span class='ocrx_word' id='word_1_294' title='bbox 1203 2092 1364 2160; x_wconf 85' lang='grc' dir='ltr'>φύσιν</span> <span class='ocrx_word' id='word_1_295' title='bbox 1409 2089 1603 2152; x_wconf 79' lang='grc' dir='ltr'>αὑτός·</span> <span class='ocrx_word' id='word_1_296' title='bbox 1637 2092 1700 2140; x_wconf 83' lang='grc' dir='ltr'><strong>ἐκ</strong></span> <span class='ocrx_word' id='word_1_297' title='bbox 1741 2087 1798 2140; x_wconf 82' lang='grc' dir='ltr'>δὲ</span> 
     </span>
    </p>
   </div>
   <div class='ocr_carea' id='block_1_38' title="bbox 215 2179 1798 2253">
    <p class='ocr_par' dir='ltr' id='par_1_38' title="bbox 215 2179 1798 2253">
     <span class='ocr_line' id='line_1_38' title="bbox 215 2179 1798 2253; baseline -0.002 -19"><span class='ocrx_word' id='word_1_298' title='bbox 215 2183 319 2236; x_wconf 88' lang='grc' dir='ltr'><strong>τῶν</strong></span> <span class='ocrx_word' id='word_1_299' title='bbox 360 2184 622 2237; x_wconf 77' lang='grc' dir='ltr'>ἐναντίων</span> <span class='ocrx_word' id='word_1_300' title='bbox 677 2181 863 2253; x_wconf 73' lang='grc' dir='ltr'>αἶσχος</span> <span class='ocrx_word' id='word_1_301' title='bbox 903 2183 963 2235; x_wconf 85' lang='grc' dir='ltr'><strong>ού</strong></span> <span class='ocrx_word' id='word_1_302' title='bbox 1009 2181 1202 2253; x_wconf 77' lang='grc' dir='ltr'>μικρὸν</span> <span class='ocrx_word' id='word_1_303' title='bbox 1251 2179 1538 2252; x_wconf 73' lang='grc' dir='ltr'>ἑτερογενῆ</span> <span class='ocrx_word' id='word_1_304' title='bbox 1583 2195 1642 2230; x_wconf 88' lang='grc' dir='ltr'><strong>τε</strong></span> <span class='ocrx_word' id='word_1_305' title='bbox 1706 2179 1798 2231; x_wconf 70' lang='grc' dir='ltr'><strong>καὶ</strong></span> 
     </span>
    </p>
   </div>
   <div class='ocr_carea' id='block_1_39' title="bbox 219 2269 1794 2345">
    <p class='ocr_par' dir='ltr' id='par_1_39' title="bbox 219 2269 1794 2345">
     <span class='ocr_line' id='line_1_39' title="bbox 219 2269 1794 2345; baseline -0.006 -16"><span class='ocrx_word' id='word_1_306' title='bbox 219 2272 450 2344; x_wconf 74' lang='grc' dir='ltr'>ἔκφυλον</span> <span class='ocrx_word' id='word_1_307' title='bbox 479 2275 625 2345; x_wconf 77' lang='grc' dir='ltr'>ἔχειν</span> <span class='ocrx_word' id='word_1_308' title='bbox 658 2276 750 2328; x_wconf 73' lang='grc' dir='ltr'><strong>τὸν</strong></span> <span class='ocrx_word' id='word_1_309' title='bbox 780 2275 839 2339; x_wconf 73' lang='grc' dir='ltr'>ἐξ</span> <span class='ocrx_word' id='word_1_310' title='bbox 868 2272 1058 2337; x_wconf 76' lang='grc' dir='ltr'>αὐτοῦ,</span> <span class='ocrx_word' id='word_1_311' title='bbox 1097 2273 1188 2325; x_wconf 76' lang='grc' dir='ltr'><strong>καὶ</strong></span> <span class='ocrx_word' id='word_1_312' title='bbox 1222 2271 1416 2324; x_wconf 83' lang='grc' dir='ltr'>παθεῖν</span> <span class='ocrx_word' id='word_1_313' title='bbox 1451 2288 1502 2322; x_wconf 90' lang='grc' dir='ltr'><strong>τι</strong></span> <span class='ocrx_word' id='word_1_314' title='bbox 1535 2269 1794 2334; x_wconf 77' lang='grc' dir='ltr'>τοιοῦτον,</span> 
     </span>
    </p>
   </div>
   <div class='ocr_carea' id='block_1_40' title="bbox 217 2360 1795 2435">
    <p class='ocr_par' dir='ltr' id='par_1_40' title="bbox 217 2360 1795 2435">
     <span class='ocr_line' id='line_1_40' title="bbox 217 2360 1795 2435; baseline -0.002 -18"><span class='ocrx_word' id='word_1_315' title='bbox 217 2365 243 2417; x_wconf 78' lang='grc' dir='ltr'><strong>δ</strong></span> <span class='ocrx_word' id='word_1_316' title='bbox 285 2368 380 2418; x_wconf 70' lang='grc' dir='ltr'><strong>καὶ</strong></span> <span class='ocrx_word' id='word_1_317' title='bbox 430 2366 572 2435; x_wconf 76' lang='grc' dir='ltr'>αὑτὴ</span> <span class='ocrx_word' id='word_1_318' title='bbox 623 2365 732 2418; x_wconf 86' lang='grc' dir='ltr'><strong>τῶν</strong></span> <span class='ocrx_word' id='word_1_319' title='bbox 782 2363 1024 2435; x_wconf 85' lang='grc' dir='ltr'>γενητῶν</span> <span class='ocrx_word' id='word_1_320' title='bbox 1083 2364 1464 2434; x_wconf 86' lang='grc' dir='ltr'>ἀπενάρκησεν</span> <span class='ocrx_word' id='word_1_321' title='bbox 1519 2361 1551 2429; x_wconf 86' lang='grc' dir='ltr'>ὴ</span> <span class='ocrx_word' id='word_1_322' title='bbox 1615 2360 1795 2428; x_wconf 78' lang='grc' dir='ltr'>φύσις.</span> 
     </span>
    </p>
   </div>
   <div class='ocr_carea' id='block_1_41' title="bbox 218 2453 1797 2528">
    <p class='ocr_par' dir='ltr' id='par_1_41' title="bbox 218 2453 1797 2528">
     <span class='ocr_line' id='line_1_41' title="bbox 218 2453 1797 2528; baseline -0.003 -19"><span class='ocrx_word' id='word_1_323' title='bbox 218 2459 401 2511; x_wconf 84' lang='grc' dir='ltr'>Τίκτει</span> <span class='ocrx_word' id='word_1_324' title='bbox 455 2459 568 2528; x_wconf 75' lang='grc' dir='ltr'><strong>γάρ</strong></span> <span class='ocrx_word' id='word_1_325' title='bbox 615 2460 823 2512; x_wconf 76' lang='grc' dir='ltr'>ἑαυτῶν</span> <span class='ocrx_word' id='word_1_326' title='bbox 872 2459 972 2511; x_wconf 86' lang='grc' dir='ltr'><strong>ούκ</strong></span> <span class='ocrx_word' id='word_1_327' title='bbox 1038 2457 1285 2526; x_wconf 82' lang='grc' dir='ltr'>αἰσχίονα</span> <span class='ocrx_word' id='word_1_328' title='bbox 1333 2454 1402 2509; x_wconf 75' lang='grc' dir='ltr'><strong>τά</strong></span> <span class='ocrx_word' id='word_1_329' title='bbox 1440 2453 1536 2507; x_wconf 77' lang='grc' dir='ltr'>τοῦ</span> <span class='ocrx_word' id='word_1_330' title='bbox 1594 2455 1797 2507; x_wconf 83' lang='grc' dir='ltr'>τίκτειν</span> 
     </span>
    </p>
   </div>
   <div class='ocr_carea' id='block_1_42' title="bbox 217 2543 1798 2617">
    <p class='ocr_par' dir='ltr' id='par_1_42' title="bbox 217 2543 1798 2617">
     <span class='ocr_line' id='line_1_42' title="bbox 217 2543 1798 2617; baseline 0.004 -20"><span class='ocrx_word' id='word_1_331' title='bbox 217 2547 446 2616; x_wconf 80' lang='grc' dir='ltr'>λαχόντα</span> <span class='ocrx_word' id='word_1_332' title='bbox 477 2546 577 2617; x_wconf 78' lang='grc' dir='ltr'>τὴν</span> <span class='ocrx_word' id='word_1_333' title='bbox 607 2546 856 2616; x_wconf 80' lang='grc' dir='ltr'>δύναμιν,</span> <span class='ocrx_word' id='word_1_334' title='bbox 891 2546 1003 2616; x_wconf 83' lang='grc' dir='ltr'><strong>ὅρῳ</strong></span> <span class='ocrx_word' id='word_1_335' title='bbox 1033 2545 1127 2599; x_wconf 73' lang='grc' dir='ltr'><strong>καὶ</strong></span> <span class='ocrx_word' id='word_1_336' title='bbox 1169 2543 1419 2614; x_wconf 79' lang='grc' dir='ltr'>βουλήσει</span> <span class='ocrx_word' id='word_1_337' title='bbox 1457 2543 1552 2596; x_wconf 76' lang='grc' dir='ltr'>τοῦ</span> <span class='ocrx_word' id='word_1_338' title='bbox 1583 2544 1798 2598; x_wconf 78' lang='grc' dir='ltr'>πάντων</span> 
     </span>
    </p>
   </div>
   <div class='ocr_carea' id='block_1_43' title="bbox 218 2637 1797 2708">
    <p class='ocr_par' dir='ltr' id='par_1_43' title="bbox 218 2637 1797 2708">
     <span class='ocr_line' id='line_1_43' title="bbox 218 2637 1797 2708; baseline 0.001 -18"><span class='ocrx_word' id='word_1_339' title='bbox 218 2639 587 2708; x_wconf 80' lang='grc' dir='ltr'>Δημιουργοῦ.</span> <span class='ocrx_word' id='word_1_340' title='bbox 628 2659 645 2690; x_wconf 80' lang='grc' dir='ltr'><strong>ι</strong></span> <span class='ocrx_word' id='word_1_341' title='bbox 695 2639 1064 2707; x_wconf 75' lang='grc' dir='ltr'>Ἐξενεγκάτω</span> <span class='ocrx_word' id='word_1_342' title='bbox 1094 2638 1201 2707; x_wconf 81' lang='grc' dir='ltr'>γὰρ</span> <span class='ocrx_word' id='word_1_343' title='bbox 1225 2677 1240 2700; x_wconf 94' lang='grc'><strong>,</strong></span> <span class='ocrx_word' id='word_1_344' title='bbox 1296 2655 1315 2688; x_wconf 71' lang='grc' dir='ltr'><strong><em>ι</em></strong></span> <span class='ocrx_word' id='word_1_345' title='bbox 1357 2637 1556 2708; x_wconf 72' lang='grc' dir='ltr'>φησὶν,</span> <span class='ocrx_word' id='word_1_346' title='bbox 1609 2656 1626 2689; x_wconf 81' lang='grc' dir='ltr'><strong>ι</strong></span> <span class='ocrx_word' id='word_1_347' title='bbox 1663 2638 1693 2706; x_wconf 80' lang='grc' dir='ltr'>ἡ</span> <span class='ocrx_word' id='word_1_348' title='bbox 1727 2638 1797 2708; x_wconf 84' lang='grc' dir='ltr'><strong>γῆ</strong></span> 
     </span>
    </p>
   </div>
   <div class='ocr_carea' id='block_1_44' title="bbox 219 2728 1798 2800">
    <p class='ocr_par' dir='ltr' id='par_1_44' title="bbox 219 2728 1798 2800">
     <span class='ocr_line' id='line_1_44' title="bbox 219 2728 1798 2800; baseline -0.001 -19"><span class='ocrx_word' id='word_1_349' title='bbox 219 2730 448 2799; x_wconf 79' lang='grc' dir='ltr'>βοτάνην</span> <span class='ocrx_word' id='word_1_350' title='bbox 499 2730 732 2800; x_wconf 81' lang='grc' dir='ltr'>χόρτου,</span> <span class='ocrx_word' id='word_1_351' title='bbox 787 2731 882 2784; x_wconf 71' lang='grc' dir='ltr'><strong>καὶ</strong></span> <span class='ocrx_word' id='word_1_352' title='bbox 933 2730 1043 2782; x_wconf 75' lang='grc' dir='ltr'><strong>πᾶν</strong></span> <span class='ocrx_word' id='word_1_353' title='bbox 1095 2728 1250 2794; x_wconf 79' lang='grc' dir='ltr'>ξύλον</span> <span class='ocrx_word' id='word_1_354' title='bbox 1303 2728 1582 2798; x_wconf 82' lang='grc' dir='ltr'>κάρπιμον</span> <span class='ocrx_word' id='word_1_355' title='bbox 1635 2729 1798 2798; x_wconf 81' lang='grc' dir='ltr'>φέρον</span> 
     </span>
    </p>
   </div>
   <div class='ocr_carea' id='block_1_45' title="bbox 221 2820 1799 2891">
    <p class='ocr_par' dir='ltr' id='par_1_45' title="bbox 221 2820 1799 2891">
     <span class='ocr_line' id='line_1_45' title="bbox 221 2820 1799 2891; baseline 0.001 -19"><span class='ocrx_word' id='word_1_356' title='bbox 221 2822 442 2891; x_wconf 86' lang='grc' dir='ltr'>σπέρμα</span> <span class='ocrx_word' id='word_1_357' title='bbox 471 2821 615 2873; x_wconf 84' lang='grc' dir='ltr'><strong>κατά</strong></span> <span class='ocrx_word' id='word_1_358' title='bbox 639 2822 816 2889; x_wconf 84' lang='grc' dir='ltr'>γένος,</span> <span class='ocrx_word' id='word_1_359' title='bbox 847 2822 940 2874; x_wconf 78' lang='grc' dir='ltr'><strong>καὶ</strong></span> <span class='ocrx_word' id='word_1_360' title='bbox 971 2820 1092 2874; x_wconf 79' lang='grc' dir='ltr'>καθ’</span> <span class='ocrx_word' id='word_1_361' title='bbox 1139 2821 1417 2889; x_wconf 85' lang='grc' dir='ltr'>ὁμοίωσιν.</span> <span class='ocrx_word' id='word_1_362' title='bbox 1457 2841 1476 2872; x_wconf 69' lang='grc' dir='ltr'><strong>ι</strong></span> <span class='ocrx_word' id='word_1_363' title='bbox 1513 2821 1719 2873; x_wconf 64' lang='grc' dir='ltr'>(ιύκοῦν</span> <span class='ocrx_word' id='word_1_364' title='bbox 1743 2824 1799 2874; x_wconf 83' lang='grc' dir='ltr'><strong>ἐν</strong></span> 
     </span>
    </p>
   </div>
   <div class='ocr_carea' id='block_1_46' title="bbox 219 2911 1799 2984">
    <p class='ocr_par' dir='ltr' id='par_1_46' title="bbox 219 2911 1799 2984">
     <span class='ocr_line' id='line_1_46' title="bbox 219 2911 1799 2984; baseline 0.001 -21"><span class='ocrx_word' id='word_1_365' title='bbox 219 2911 495 2982; x_wconf 82' lang='grc' dir='ltr'>δευτέροις</span> <span class='ocrx_word' id='word_1_366' title='bbox 543 2913 639 2982; x_wconf 80' lang='grc' dir='ltr'><strong>μὲν</strong></span> <span class='ocrx_word' id='word_1_367' title='bbox 677 2912 788 2965; x_wconf 88' lang='grc' dir='ltr'><strong>τῶν</strong></span> <span class='ocrx_word' id='word_1_368' title='bbox 833 2913 1074 2982; x_wconf 78' lang='grc' dir='ltr'>γενητῶν</span> <span class='ocrx_word' id='word_1_369' title='bbox 1122 2912 1273 2964; x_wconf 80' lang='grc' dir='ltr'>ἔσται</span> <span class='ocrx_word' id='word_1_370' title='bbox 1312 2914 1373 2964; x_wconf 88' lang='grc' dir='ltr'><strong>τὸ</strong></span> <span class='ocrx_word' id='word_1_371' title='bbox 1409 2912 1585 2977; x_wconf 89' lang='grc' dir='ltr'>θεῖον,</span> <span class='ocrx_word' id='word_1_372' title='bbox 1642 2913 1799 2984; x_wconf 76' lang='grc' dir='ltr'>εἴπερ</span> 
     </span>
    </p>
   </div>
   <div class='ocr_carea' id='block_1_47' title="bbox 1900 1997 3477 2077">
    <p class='ocr_par' dir='ltr' id='par_1_47' title="bbox 1900 1997 3477 2077">
     <span class='ocr_line' id='line_1_47' title="bbox 1900 1997 3477 2077; baseline 0.008 -27"><span class='ocrx_word' id='word_1_373' title='bbox 1900 1997 2058 2052; x_wconf 80' lang='lat' dir='ltr'><strong>ferat.</strong></span> <span class='ocrx_word' id='word_1_374' title='bbox 2092 1997 2206 2052; x_wconf 83' lang='lat' dir='ltr'><strong>Nec</strong></span> <span class='ocrx_word' id='word_1_375' title='bbox 2237 2001 2382 2053; x_wconf 88' lang='lat' dir='ltr'><strong>enim</strong></span> <span class='ocrx_word' id='word_1_376' title='bbox 2419 2001 2698 2056; x_wconf 88' lang='lat' dir='ltr'><strong>deteriora</strong></span> <span class='ocrx_word' id='word_1_377' title='bbox 2743 2016 2804 2058; x_wconf 91' lang='lat' dir='ltr'><strong>se</strong></span> <span class='ocrx_word' id='word_1_378' title='bbox 2845 2005 3104 2073; x_wconf 87' lang='lat' dir='ltr'><strong>pariunt,</strong></span> <span class='ocrx_word' id='word_1_379' title='bbox 3137 2023 3260 2077; x_wconf 66' lang='lat' dir='ltr'><strong>quae</strong></span> <span class='ocrx_word' id='word_1_380' title='bbox 3295 2008 3477 2063; x_wconf 85' lang='lat' dir='ltr'><strong>facul-</strong></span> 
     </span>
    </p>
   </div>
   <div class='ocr_carea' id='block_1_48' title="bbox 1900 2092 3479 2162">
    <p class='ocr_par' dir='ltr' id='par_1_48' title="bbox 1900 2092 3479 2162">
     <span class='ocr_line' id='line_1_48' title="bbox 1900 2092 3479 2162; baseline 0.009 -20"><span class='ocrx_word' id='word_1_381' title='bbox 1900 2098 2010 2144; x_wconf 87' lang='lat' dir='ltr'><strong>tate</strong></span> <span class='ocrx_word' id='word_1_382' title='bbox 2037 2092 2286 2159; x_wconf 87' lang='lat' dir='ltr'><strong>pariendi</strong></span> <span class='ocrx_word' id='word_1_383' title='bbox 2315 2102 2446 2147; x_wconf 91' lang='lat' dir='ltr'><strong>sunt</strong></span> <span class='ocrx_word' id='word_1_384' title='bbox 2474 2095 2700 2162; x_wconf 72' lang='lat' dir='ltr'><strong>prazdita</strong></span> <span class='ocrx_word' id='word_1_385' title='bbox 2721 2135 2736 2161; x_wconf 93' lang='lat'><strong>,</strong></span> <span class='ocrx_word' id='word_1_386' title='bbox 2764 2097 2846 2150; x_wconf 90' lang='lat' dir='ltr'><strong>sic</strong></span> <span class='ocrx_word' id='word_1_387' title='bbox 2871 2097 3086 2153; x_wconf 87' lang='lat' dir='ltr'><strong>volente</strong></span> <span class='ocrx_word' id='word_1_388' title='bbox 3111 2113 3175 2153; x_wconf 88' lang='lat' dir='ltr'><strong>ac</strong></span> <span class='ocrx_word' id='word_1_389' title='bbox 3199 2108 3479 2156; x_wconf 82' lang='lat' dir='ltr'><strong>statuente</strong></span> 
     </span>
    </p>
   </div>
   <div class='ocr_carea' id='block_1_49' title="bbox 1901 2183 3471 2263">
    <p class='ocr_par' dir='ltr' id='par_1_49' title="bbox 1901 2183 3471 2263">
     <span class='ocr_line' id='line_1_49' title="bbox 1901 2183 3471 2263; baseline 0.01 -30"><span class='ocrx_word' id='word_1_390' title='bbox 1901 2183 2143 2238; x_wconf 88' lang='lat' dir='ltr'><strong>universi</strong></span> <span class='ocrx_word' id='word_1_391' title='bbox 2175 2184 2404 2254; x_wconf 81' lang='lat' dir='ltr'><strong>Opiﬁce.</strong></span> <span class='ocrx_word' id='word_1_392' title='bbox 2437 2204 2455 2237; x_wconf 78' lang='grc' dir='ltr'><strong>ι</strong></span> <span class='ocrx_word' id='word_1_393' title='bbox 2488 2185 2773 2242; x_wconf 86' lang='lat' dir='ltr'><strong>Germinet</strong></span> <span class='ocrx_word' id='word_1_394' title='bbox 2817 2190 2964 2243; x_wconf 89' lang='lat' dir='ltr'><strong>enim</strong></span> <span class='ocrx_word' id='word_1_395' title='bbox 3019 2198 3200 2257; x_wconf 91' lang='lat' dir='ltr'><strong>terra,</strong></span> <span class='ocrx_word' id='word_1_396' title='bbox 3255 2191 3471 2263; x_wconf 83' lang='lat' dir='ltr'><strong>inquit,</strong></span> 
     </span>
    </p>
   </div>
   <div class='ocr_carea' id='block_1_50' title="bbox 1902 2275 3477 2349">
    <p class='ocr_par' dir='ltr' id='par_1_50' title="bbox 1902 2275 3477 2349">
     <span class='ocr_line' id='line_1_50' title="bbox 1902 2275 3477 2349; baseline 0.009 -22"><span class='ocrx_word' id='word_1_397' title='bbox 1902 2275 2125 2329; x_wconf 86' lang='lat' dir='ltr'><strong>herbam</strong></span> <span class='ocrx_word' id='word_1_398' title='bbox 2158 2277 2378 2344; x_wconf 88' lang='lat' dir='ltr'><strong>pabuli,</strong></span> <span class='ocrx_word' id='word_1_399' title='bbox 2407 2288 2461 2334; x_wconf 89' lang='lat' dir='ltr'><strong>et</strong></span> <span class='ocrx_word' id='word_1_400' title='bbox 2496 2280 2702 2349; x_wconf 79' lang='lat' dir='ltr'><strong>lignum</strong></span> <span class='ocrx_word' id='word_1_401' title='bbox 2737 2281 3079 2336; x_wconf 80' lang='lat' dir='ltr'><strong>fructil&#39;erum</strong></span> <span class='ocrx_word' id='word_1_402' title='bbox 3111 2299 3234 2338; x_wconf 90' lang='lat' dir='ltr'><strong>cum</strong></span> <span class='ocrx_word' id='word_1_403' title='bbox 3264 2284 3477 2342; x_wconf 83' lang='lat' dir='ltr'><strong>habens</strong></span> 
     </span>
    </p>
   </div>
   <div class='ocr_carea' id='block_1_51' title="bbox 1901 2369 3478 2448">
    <p class='ocr_par' dir='ltr' id='par_1_51' title="bbox 1901 2369 3478 2448">
     <span class='ocr_line' id='line_1_51' title="bbox 1901 2369 3478 2448; baseline 0.009 -28"><span class='ocrx_word' id='word_1_404' title='bbox 1901 2383 2086 2422; x_wconf 82' lang='lat' dir='ltr'><strong>semen</strong></span> <span class='ocrx_word' id='word_1_405' title='bbox 2118 2369 2239 2438; x_wconf 82' lang='lat' dir='ltr'><strong>ejus</strong></span> <span class='ocrx_word' id='word_1_406' title='bbox 2271 2373 2341 2425; x_wconf 89' lang='lat' dir='ltr'><strong>sit</strong></span> <span class='ocrx_word' id='word_1_407' title='bbox 2377 2373 2437 2426; x_wconf 85' lang='lat' dir='ltr'><strong>in</strong></span> <span class='ocrx_word' id='word_1_408' title='bbox 2473 2389 2540 2428; x_wconf 89' lang='lat' dir='ltr'><strong>eo</strong></span> <span class='ocrx_word' id='word_1_409' title='bbox 2575 2375 2881 2430; x_wconf 89' lang='lat' dir='ltr'><strong>secundum</strong></span> <span class='ocrx_word' id='word_1_410' title='bbox 2915 2392 3092 2448; x_wconf 86' lang='lat' dir='ltr'><strong>genus</strong></span> <span class='ocrx_word' id='word_1_411' title='bbox 3124 2386 3177 2431; x_wconf 90' lang='lat' dir='ltr'><strong>et</strong></span> <span class='ocrx_word' id='word_1_412' title='bbox 3213 2376 3478 2434; x_wconf 90' lang='lat' dir='ltr'><strong>similitu-</strong></span> 
     </span>
    </p>
   </div>
   <div class='ocr_carea' id='block_1_52' title="bbox 1899 2459 3478 2536">
    <p class='ocr_par' dir='ltr' id='par_1_52' title="bbox 1899 2459 3478 2536">
     <span class='ocr_line' id='line_1_52' title="bbox 1899 2459 3478 2536; baseline 0.008 -22"><span class='ocrx_word' id='word_1_413' title='bbox 1899 2459 2083 2514; x_wconf 86' lang='lat' dir='ltr'><strong>dinem</strong></span> <span class='ocrx_word' id='word_1_414' title='bbox 2113 2461 2182 2516; x_wconf 84' lang='lat'><strong>&quot;.</strong></span> <span class='ocrx_word' id='word_1_415' title='bbox 2223 2481 2240 2513; x_wconf 76' lang='grc' dir='ltr'><strong>ι</strong></span> <span class='ocrx_word' id='word_1_416' title='bbox 2270 2462 2441 2534; x_wconf 82' lang='lat' dir='ltr'><strong>Igitur</strong></span> <span class='ocrx_word' id='word_1_417' title='bbox 2469 2469 2745 2522; x_wconf 87' lang='lat' dir='ltr'><strong>creaturis</strong></span> <span class='ocrx_word' id='word_1_418' title='bbox 2785 2469 2930 2524; x_wconf 88' lang='lat' dir='ltr'><strong>Deus</strong></span> <span class='ocrx_word' id='word_1_419' title='bbox 2963 2469 3067 2524; x_wconf 90' lang='lat' dir='ltr'><strong>erit</strong></span> <span class='ocrx_word' id='word_1_420' title='bbox 3118 2467 3370 2536; x_wconf 76' lang='lat' dir='ltr'><strong>inferior,</strong></span> <span class='ocrx_word' id='word_1_421' title='bbox 3403 2473 3478 2527; x_wconf 87' lang='lat' dir='ltr'><strong>si-</strong></span> 
     </span>
    </p>
   </div>
   <div class='ocr_carea' id='block_1_53' title="bbox 1899 2553 3478 2625">
    <p class='ocr_par' dir='ltr' id='par_1_53' title="bbox 1899 2553 3478 2625">
     <span class='ocr_line' id='line_1_53' title="bbox 1899 2553 3478 2625; baseline 0.009 -20"><span class='ocrx_word' id='word_1_422' title='bbox 1899 2553 2121 2621; x_wconf 87' lang='lat' dir='ltr'><strong>quidem</strong></span> <span class='ocrx_word' id='word_1_423' title='bbox 2164 2554 2272 2609; x_wconf 75' lang='lat' dir='ltr'><strong>illae</strong></span> <span class='ocrx_word' id='word_1_424' title='bbox 2301 2567 2431 2611; x_wconf 88' lang='lat' dir='ltr'><strong>sunt</strong></span> <span class='ocrx_word' id='word_1_425' title='bbox 2475 2557 2827 2625; x_wconf 87' lang='lat' dir='ltr'><strong>istiusmodi,</strong></span> <span class='ocrx_word' id='word_1_426' title='bbox 2858 2561 2950 2616; x_wconf 92' lang='lat' dir='ltr'><strong>hic</strong></span> <span class='ocrx_word' id='word_1_427' title='bbox 2994 2577 3104 2617; x_wconf 93' lang='lat' dir='ltr'><strong>non</strong></span> <span class='ocrx_word' id='word_1_428' title='bbox 3155 2562 3334 2619; x_wconf 89' lang='lat' dir='ltr'><strong>item:</strong></span> <span class='ocrx_word' id='word_1_429' title='bbox 3379 2563 3478 2620; x_wconf 83' lang='lat' dir='ltr'><strong>sed</strong></span> 
     </span>
    </p>
   </div>
   <div class='ocr_carea' id='block_1_54' title="bbox 1899 2645 3477 2714">
    <p class='ocr_par' dir='ltr' id='par_1_54' title="bbox 1899 2645 3477 2714">
     <span class='ocr_line' id='line_1_54' title="bbox 1899 2645 3477 2714; baseline 0.01 -18"><span class='ocrx_word' id='word_1_430' title='bbox 1899 2645 2046 2714; x_wconf 87' lang='lat' dir='ltr'><strong>quod</strong></span> <span class='ocrx_word' id='word_1_431' title='bbox 2091 2647 2158 2700; x_wconf 88' lang='lat' dir='ltr'><strong>ad</strong></span> <span class='ocrx_word' id='word_1_432' title='bbox 2203 2661 2387 2700; x_wconf 90' lang='lat' dir='ltr'><strong>rerum</strong></span> <span class='ocrx_word' id='word_1_433' title='bbox 2424 2650 2838 2708; x_wconf 86' lang='lat' dir='ltr'><strong>vicissitudines</strong></span> <span class='ocrx_word' id='word_1_434' title='bbox 2871 2662 3019 2709; x_wconf 88' lang='lat' dir='ltr'><strong>recte</strong></span> <span class='ocrx_word' id='word_1_435' title='bbox 3051 2655 3477 2711; x_wconf 81' lang='lat' dir='ltr'><strong>convenienter-</strong></span> 
     </span>
    </p>
   </div>
   <div class='ocr_carea' id='block_1_55' title="bbox 1899 2738 3479 2814">
    <p class='ocr_par' dir='ltr' id='par_1_55' title="bbox 1899 2738 3479 2814">
     <span class='ocr_line' id='line_1_55' title="bbox 1899 2738 3479 2814; baseline 0.011 -28"><span class='ocrx_word' id='word_1_436' title='bbox 1899 2750 2010 2804; x_wconf 91' lang='lat' dir='ltr'><strong>que</strong></span> <span class='ocrx_word' id='word_1_437' title='bbox 2053 2738 2282 2803; x_wconf 87' lang='lat' dir='ltr'><strong>statuit,</strong></span> <span class='ocrx_word' id='word_1_438' title='bbox 2318 2751 2383 2794; x_wconf 92' lang='lat' dir='ltr'><strong>eo</strong></span> <span class='ocrx_word' id='word_1_439' title='bbox 2429 2749 2578 2796; x_wconf 86' lang='lat' dir='ltr'><strong>certe</strong></span> <span class='ocrx_word' id='word_1_440' title='bbox 2608 2743 2761 2799; x_wconf 85' lang='lat' dir='ltr'><strong>solus</strong></span> <span class='ocrx_word' id='word_1_441' title='bbox 2797 2743 2917 2814; x_wconf 90' lang='lat' dir='ltr'><strong>ipse</strong></span> <span class='ocrx_word' id='word_1_442' title='bbox 2946 2745 3176 2800; x_wconf 82' lang='lat' dir='ltr'><strong>carebit.</strong></span> <span class='ocrx_word' id='word_1_443' title='bbox 3210 2744 3347 2812; x_wconf 87' lang='lat' dir='ltr'><strong>Quis</strong></span> <span class='ocrx_word' id='word_1_444' title='bbox 3381 2760 3479 2804; x_wconf 76' lang='lat' dir='ltr'><strong>vos</strong></span> 
     </span>
    </p>
   </div>
   <div class='ocr_carea' id='block_1_56' title="bbox 1900 2827 3480 2902">
    <p class='ocr_par' dir='ltr' id='par_1_56' title="bbox 1900 2827 3480 2902">
     <span class='ocr_line' id='line_1_56' title="bbox 1900 2827 3480 2902; baseline 0.006 -22"><span class='ocrx_word' id='word_1_445' title='bbox 1900 2829 2071 2898; x_wconf 79' lang='lat' dir='ltr'><strong>igitur</strong></span> <span class='ocrx_word' id='word_1_446' title='bbox 2097 2827 2236 2882; x_wconf 79' lang='lat' dir='ltr'><strong>ferat</strong></span> <span class='ocrx_word' id='word_1_447' title='bbox 2265 2829 2550 2897; x_wconf 88' lang='lat' dir='ltr'><strong>dicentes,</strong></span> <span class='ocrx_word' id='word_1_448' title='bbox 2598 2849 2630 2887; x_wconf 91' lang='grc' dir='ltr'><strong>ο</strong></span> <span class='ocrx_word' id='word_1_449' title='bbox 2675 2835 2837 2902; x_wconf 88' lang='lat' dir='ltr'><strong>boni,</strong></span> <span class='ocrx_word' id='word_1_450' title='bbox 2884 2837 3184 2891; x_wconf 89' lang='lat' dir='ltr'><strong>convenire</strong></span> <span class='ocrx_word' id='word_1_451' title='bbox 3228 2836 3371 2892; x_wconf 88' lang='lat' dir='ltr'><strong>Filio</strong></span> <span class='ocrx_word' id='word_1_452' title='bbox 3417 2844 3480 2892; x_wconf 91' lang='lat' dir='ltr'><strong>ut</strong></span> 
     </span>
    </p>
   </div>
   <div class='ocr_carea' id='block_1_57' title="bbox 1899 2919 3481 2996">
    <p class='ocr_par' dir='ltr' id='par_1_57' title="bbox 1899 2919 3481 2996">
     <span class='ocr_line' id='line_1_57' title="bbox 1899 2919 3481 2996; baseline 0.006 -24"><span class='ocrx_word' id='word_1_453' title='bbox 1899 2919 2089 2974; x_wconf 88' lang='lat' dir='ltr'><strong>adoret</strong></span> <span class='ocrx_word' id='word_1_454' title='bbox 2115 2919 2429 2978; x_wconf 88' lang='lat' dir='ltr'><strong>Genitorem</strong></span> <span class='ocrx_word' id='word_1_455' title='bbox 2455 2924 2480 2978; x_wconf 67' lang='grc' dir='ltr'>ἲ</span> <span class='ocrx_word' id='word_1_456' title='bbox 2508 2923 2643 2979; x_wconf 90' lang='lat' dir='ltr'><strong>Cum</strong></span> <span class='ocrx_word' id='word_1_457' title='bbox 2671 2934 2853 2981; x_wconf 87' lang='lat' dir='ltr'><strong>autem</strong></span> <span class='ocrx_word' id='word_1_458' title='bbox 2881 2927 3204 2983; x_wconf 86' lang='lat' dir='ltr'><strong>addideritis</strong></span> <span class='ocrx_word' id='word_1_459' title='bbox 3223 2969 3240 2996; x_wconf 90' lang='lat'><strong>,</strong></span> <span class='ocrx_word' id='word_1_460' title='bbox 3269 2928 3321 2983; x_wconf 90' lang='lat' dir='ltr'><strong>id</strong></span> <span class='ocrx_word' id='word_1_461' title='bbox 3352 2927 3481 2985; x_wconf 87' lang='lat' dir='ltr'><strong>Uni-</strong></span> 
     </span>
    </p>
   </div>
   <div class='ocr_carea' id='block_1_58' title="bbox 221 3003 1897 3091">
    <p class='ocr_par' dir='ltr' id='par_1_58' title="bbox 221 3003 1798 3075">
     <span class='ocr_line' id='line_1_58' title="bbox 221 3003 1798 3075; baseline 0.003 -22"><span class='ocrx_word' id='word_1_462' title='bbox 221 3003 398 3056; x_wconf 78' lang='grc' dir='ltr'>ἐκεῖνα</span> <span class='ocrx_word' id='word_1_463' title='bbox 433 3004 535 3074; x_wconf 82' lang='grc' dir='ltr'>μὲν</span> <span class='ocrx_word' id='word_1_464' title='bbox 561 3007 620 3058; x_wconf 87' lang='grc' dir='ltr'><strong>ἐν</strong></span> <span class='ocrx_word' id='word_1_465' title='bbox 656 3004 886 3070; x_wconf 78' lang='grc' dir='ltr'>τούτοις,</span> <span class='ocrx_word' id='word_1_466' title='bbox 917 3004 979 3057; x_wconf 84' lang='grc' dir='ltr'><strong>τὸ</strong></span> <span class='ocrx_word' id='word_1_467' title='bbox 1017 3004 1072 3057; x_wconf 81' lang='grc' dir='ltr'>δὲ</span> <span class='ocrx_word' id='word_1_468' title='bbox 1113 3003 1366 3073; x_wconf 84' lang='grc' dir='ltr'>οὐδαμῶς</span> <span class='ocrx_word' id='word_1_469' title='bbox 1395 3023 1406 3035; x_wconf 79' lang='grc'><em>’</em></span> <span class='ocrx_word' id='word_1_470' title='bbox 1438 3003 1466 3055; x_wconf 83' lang='grc' dir='ltr'><strong>ὃ</strong></span> <span class='ocrx_word' id='word_1_471' title='bbox 1489 3004 1545 3057; x_wconf 84' lang='grc' dir='ltr'><strong>δέ</strong></span> <span class='ocrx_word' id='word_1_472' title='bbox 1569 3005 1798 3075; x_wconf 77' lang='grc' dir='ltr'>πρέπειν</span> 
     </span>
    </p>
   </div>
   <div class='ocr_carea' id='block_1_59' title="bbox 1802 3003 3478 3091">
    <p class='ocr_par' dir='ltr' id='par_1_59' title="bbox 1899 3011 3478 3091">
     <span class='ocr_line' id='line_1_59' title="bbox 1899 3011 3478 3091; baseline 0.006 -25"><span class='ocrx_word' id='word_1_473' title='bbox 1899 3011 2088 3080; x_wconf 81' lang='lat' dir='ltr'><strong>genito</strong></span> <span class='ocrx_word' id='word_1_474' title='bbox 2120 3024 2320 3082; x_wconf 68' lang='lat' dir='ltr'><strong>praeter</strong></span> <span class='ocrx_word' id='word_1_475' title='bbox 2351 3016 2687 3072; x_wconf 88' lang='lat' dir='ltr'><strong>voluntatem</strong></span> <span class='ocrx_word' id='word_1_476' title='bbox 2732 3035 2839 3074; x_wconf 91' lang='lat' dir='ltr'><strong>non</strong></span> <span class='ocrx_word' id='word_1_477' title='bbox 2872 3021 3229 3091; x_wconf 88' lang='lat' dir='ltr'><strong>contingere,</strong></span> <span class='ocrx_word' id='word_1_478' title='bbox 3277 3028 3332 3076; x_wconf 89' lang='lat' dir='ltr'><strong>et</strong></span> <span class='ocrx_word' id='word_1_479' title='bbox 3372 3020 3478 3075; x_wconf 84' lang='lat' dir='ltr'><strong>hoc</strong></span> 
     </span>
    </p>
   </div>
   <div class='ocr_carea' id='block_1_60' title="bbox 221 3095 1897 3182">
    <p class='ocr_par' dir='ltr' id='par_1_60' title="bbox 221 3095 1798 3166">
     <span class='ocr_line' id='line_1_60' title="bbox 221 3095 1798 3166; baseline 0.002 -20"><span class='ocrx_word' id='word_1_480' title='bbox 221 3111 275 3147; x_wconf 87' lang='grc' dir='ltr'><strong>τε</strong></span> <span class='ocrx_word' id='word_1_481' title='bbox 311 3095 474 3165; x_wconf 79' lang='grc' dir='ltr'>ὁμοῦ,</span> <span class='ocrx_word' id='word_1_482' title='bbox 503 3097 597 3150; x_wconf 77' lang='grc' dir='ltr'><strong>καὶ</strong></span> <span class='ocrx_word' id='word_1_483' title='bbox 621 3095 901 3166; x_wconf 86' lang='grc' dir='ltr'>διωρίσθαι</span> <span class='ocrx_word' id='word_1_484' title='bbox 930 3095 1109 3158; x_wconf 86' lang='grc' dir='ltr'>καλῶς</span> <span class='ocrx_word' id='word_1_485' title='bbox 1141 3095 1234 3148; x_wconf 68' lang='grc' dir='ltr'><strong>ἐπὶ</strong></span> <span class='ocrx_word' id='word_1_486' title='bbox 1261 3098 1380 3157; x_wconf 83' lang='grc' dir='ltr'>ταῖς</span> <span class='ocrx_word' id='word_1_487' title='bbox 1409 3097 1474 3148; x_wconf 90' lang='grc' dir='ltr'><strong>ἐκ</strong></span> <span class='ocrx_word' id='word_1_488' title='bbox 1498 3095 1606 3150; x_wconf 87' lang='grc' dir='ltr'><strong>τῶν</strong></span> <span class='ocrx_word' id='word_1_489' title='bbox 1631 3096 1798 3149; x_wconf 74' lang='grc' dir='ltr'>ὄντων</span> 
     </span>
    </p>
   </div>
   <div class='ocr_carea' id='block_1_61' title="bbox 1802 3095 3478 3182">
    <p class='ocr_par' dir='ltr' id='par_1_61' title="bbox 1901 3102 3478 3182">
     <span class='ocr_line' id='line_1_61' title="bbox 1901 3102 3478 3182; baseline 0.007 -27"><span class='ocrx_word' id='word_1_490' title='bbox 1901 3102 2060 3158; x_wconf 90' lang='lat' dir='ltr'><strong>nobis</strong></span> <span class='ocrx_word' id='word_1_491' title='bbox 2085 3112 2347 3174; x_wconf 90' lang='lat' dir='ltr'><strong>tanquam</strong></span> <span class='ocrx_word' id='word_1_492' title='bbox 2371 3106 2860 3166; x_wconf 88' lang='lat' dir='ltr'><strong>indemonslrabile</strong></span> <span class='ocrx_word' id='word_1_493' title='bbox 2878 3119 3264 3182; x_wconf 72' lang='lat' dir='ltr'><strong>argumentum</strong></span> <span class='ocrx_word' id='word_1_494' title='bbox 3297 3127 3326 3165; x_wconf 87' lang='lat' dir='ltr'><strong>a</strong></span> <span class='ocrx_word' id='word_1_495' title='bbox 3355 3111 3478 3167; x_wconf 83' lang='lat' dir='ltr'><strong>solo</strong></span> 
     </span>
    </p>
   </div>
   <div class='ocr_carea' id='block_1_62' title="bbox 221 3181 1897 3272">
    <p class='ocr_par' dir='ltr' id='par_1_62' title="bbox 221 3181 1863 3272">
     <span class='ocr_line' id='line_1_62' title="bbox 221 3181 1863 3272; baseline -0.002 -34"><span class='ocrx_word' id='word_1_496' title='bbox 221 3184 494 3255; x_wconf 80' lang='grc' dir='ltr'>διαδοχαῖς</span> <span class='ocrx_word' id='word_1_497' title='bbox 524 3185 924 3254; x_wconf 74' lang='grc' dir='ltr'>ἐπεψηφίζετο,</span> <span class='ocrx_word' id='word_1_498' title='bbox 971 3184 1160 3272; x_wconf 66' lang='grc' dir='ltr'>τούτου</span> <span class='ocrx_word' id='word_1_499' title='bbox 1201 3183 1298 3252; x_wconf 82' lang='grc' dir='ltr'><strong>δὴ,</strong></span> <span class='ocrx_word' id='word_1_500' title='bbox 1331 3185 1425 3236; x_wconf 78' lang='grc' dir='ltr'>καὶ</span> <span class='ocrx_word' id='word_1_501' title='bbox 1461 3183 1618 3253; x_wconf 87' lang='grc' dir='ltr'>μόνος</span> <span class='ocrx_word' id='word_1_502' title='bbox 1654 3181 1794 3236; x_wconf 84' lang='grc' dir='ltr'>ἀλώ-</span> <span class='ocrx_word' id='word_1_503' title='bbox 1823 3245 1863 3272; x_wconf 49' lang='grc' dir='ltr'><strong><em>ρ</em></strong></span> 
     </span>
    </p>
   </div>
   <div class='ocr_carea' id='block_1_63' title="bbox 1803 3181 3479 3272">
    <p class='ocr_par' dir='ltr' id='par_1_63' title="bbox 1823 3181 3479 3272">
     <span class='ocr_line' id='line_1_63' title="bbox 1823 3181 3479 3272; baseline 0.009 -28"><span class='ocrx_word' id='word_1_504' title='bbox 1823 3245 1863 3272; x_wconf 50' lang='grc' dir='ltr'><strong><em>ρ</em></strong></span> <span class='ocrx_word' id='word_1_505' title='bbox 1899 3191 2100 3247; x_wconf 87' lang='lat' dir='ltr'><strong>decoro</strong></span> <span class='ocrx_word' id='word_1_506' title='bbox 2149 3193 2502 3266; x_wconf 87' lang='lat' dir='ltr'><strong>desumptum</strong></span> <span class='ocrx_word' id='word_1_507' title='bbox 2563 3201 2883 3267; x_wconf 87' lang='lat' dir='ltr'><strong>opponatis,</strong></span> <span class='ocrx_word' id='word_1_508' title='bbox 2934 3181 3166 3272; x_wconf 80' lang='lat' dir='ltr'><strong>agedum</strong></span> <span class='ocrx_word' id='word_1_509' title='bbox 3219 3217 3250 3258; x_wconf 87' lang='lat' dir='ltr'><strong>e</strong></span> <span class='ocrx_word' id='word_1_510' title='bbox 3305 3202 3479 3259; x_wconf 74' lang='lat' dir='ltr'><strong>sacris</strong></span> 
     </span>
    </p>
   </div>
   <div class='ocr_carea' id='block_1_64' title="bbox 226 3245 1902 3362">
    <p class='ocr_par' dir='ltr' id='par_1_64' title="bbox 226 3245 1902 3346">
     <span class='ocr_line' id='line_1_64' title="bbox 226 3245 1902 3346; baseline -0.001 -17"><span class='ocrx_word' id='word_1_511' title='bbox 226 3294 367 3330; x_wconf 85' lang='grc' dir='ltr'>σεται</span> <span class='ocrx_word' id='word_1_512' title='bbox 393 3275 735 3346; x_wconf 81' lang='grc' dir='ltr'>διαμαρτών.</span> <span class='ocrx_word' id='word_1_513' title='bbox 763 3276 860 3337; x_wconf 83' lang='grc' dir='ltr'>Τίς</span> <span class='ocrx_word' id='word_1_514' title='bbox 893 3275 956 3329; x_wconf 84' lang='grc' dir='ltr'><strong>ἂν</strong></span> <span class='ocrx_word' id='word_1_515' title='bbox 983 3270 1098 3338; x_wconf 72' lang='grc' dir='ltr'>οὖν,</span> <span class='ocrx_word' id='word_1_516' title='bbox 1127 3268 1170 3327; x_wconf 79' lang='grc' dir='ltr'>ὦ</span> <span class='ocrx_word' id='word_1_517' title='bbox 1211 3273 1496 3343; x_wconf 87' lang='grc' dir='ltr'>βέλτιστοι,</span> <span class='ocrx_word' id='word_1_518' title='bbox 1531 3273 1797 3341; x_wconf 85' lang='grc' dir='ltr'>λεγόντων</span> <span class='ocrx_word' id='word_1_519' title='bbox 1823 3245 1865 3302; x_wconf 78' lang='lat' dir='ltr'><strong>C</strong></span> <span class='ocrx_word' id='word_1_520' title='bbox 1899 3308 1902 3328; x_wconf 75' lang='grc'><strong><em>4</em></strong></span> 
     </span>
    </p>
   </div>
   <div class='ocr_carea' id='block_1_65' title="bbox 1803 3245 3479 3362">
    <p class='ocr_par' dir='ltr' id='par_1_65' title="bbox 1823 3245 3479 3362">
     <span class='ocr_line' id='line_1_65' title="bbox 1823 3245 3479 3362; baseline 0.009 -28"><span class='ocrx_word' id='word_1_521' title='bbox 1823 3245 1865 3302; x_wconf 76' lang='lat' dir='ltr'><strong>C</strong></span> <span class='ocrx_word' id='word_1_522' title='bbox 1899 3297 2118 3352; x_wconf 89' lang='lat' dir='ltr'><strong>quoque</strong></span> <span class='ocrx_word' id='word_1_523' title='bbox 2164 3245 2389 3340; x_wconf 54' lang='lat' dir='ltr'><strong>Litterirs</strong></span> <span class='ocrx_word' id='word_1_524' title='bbox 2436 3245 2827 3346; x_wconf 60' lang='lat' dir='ltr'><strong>istudrrursus</strong></span> <span class='ocrx_word' id='word_1_525' title='bbox 2869 3245 3279 3362; x_wconf 55' lang='lat' dir='ltr'><strong>explendamus,</strong></span> <span class='ocrx_word' id='word_1_526' title='bbox 3333 3294 3479 3349; x_wconf 77' lang='lat' dir='ltr'><strong>unde</strong></span> 
     </span>
    </p>
   </div>
   <div class='ocr_carea' id='block_1_66' title="bbox 224 3367 1900 3449">
    <p class='ocr_par' dir='ltr' id='par_1_66' title="bbox 224 3367 1900 3439">
     <span class='ocr_line' id='line_1_66' title="bbox 224 3367 1900 3439; baseline -0.001 -20"><span class='ocrx_word' id='word_1_527' title='bbox 224 3369 544 3438; x_wconf 80' lang='grc' dir='ltr'>ἀνάσχοιτο,</span> <span class='ocrx_word' id='word_1_528' title='bbox 586 3371 819 3439; x_wconf 82' lang='grc' dir='ltr'>πρέπειν</span> <span class='ocrx_word' id='word_1_529' title='bbox 863 3367 940 3438; x_wconf 79' lang='grc' dir='ltr'>τῷ</span> <span class='ocrx_word' id='word_1_530' title='bbox 982 3367 1096 3438; x_wconf 75' lang='grc' dir='ltr'>ἰδίῳ</span> <span class='ocrx_word' id='word_1_531' title='bbox 1137 3367 1422 3438; x_wconf 85' lang='grc' dir='ltr'>γεννήτορι</span> <span class='ocrx_word' id='word_1_532' title='bbox 1476 3369 1799 3436; x_wconf 84' lang='grc' dir='ltr'>προσκυνεῖν</span> <span class='ocrx_word' id='word_1_533' title='bbox 1899 3414 1900 3417; x_wconf 45' lang='grc' dir='ltr'><strong>η</strong></span> 
     </span>
    </p>
   </div>
   <div class='ocr_carea' id='block_1_67' title="bbox 1801 3367 3477 3449">
    <p class='ocr_par' dir='ltr' id='par_1_67' title="bbox 1899 3372 3477 3449">
     <span class='ocr_line' id='line_1_67' title="bbox 1899 3372 3477 3449; baseline 0.009 -24"><span class='ocrx_word' id='word_1_534' title='bbox 1899 3372 2243 3440; x_wconf 88' lang='lat' dir='ltr'><strong>singularum</strong></span> <span class='ocrx_word' id='word_1_535' title='bbox 2276 3389 2461 3430; x_wconf 84' lang='lat' dir='ltr'><strong>rerum</strong></span> <span class='ocrx_word' id='word_1_536' title='bbox 2487 3394 2608 3446; x_wconf 84' lang='lat' dir='ltr'><strong>quae</strong></span> <span class='ocrx_word' id='word_1_537' title='bbox 2634 3379 2690 3433; x_wconf 89' lang='lat' dir='ltr'><strong>in</strong></span> <span class='ocrx_word' id='word_1_538' title='bbox 2728 3383 3088 3449; x_wconf 76' lang='lat' dir='ltr'><strong>quaestionem</strong></span> <span class='ocrx_word' id='word_1_539' title='bbox 3116 3386 3344 3439; x_wconf 86' lang='lat' dir='ltr'><strong>veniunt</strong></span> <span class='ocrx_word' id='word_1_540' title='bbox 3381 3383 3477 3438; x_wconf 87' lang='lat' dir='ltr'><strong>de-</strong></span> 
     </span>
    </p>
   </div>
   <div class='ocr_carea' id='block_1_68' title="bbox 222 3457 1898 3540">
    <p class='ocr_par' dir='ltr' id='par_1_68' title="bbox 222 3457 1799 3531">
     <span class='ocr_line' id='line_1_68' title="bbox 222 3457 1799 3531; baseline 0 -20"><span class='ocrx_word' id='word_1_541' title='bbox 222 3461 308 3513; x_wconf 76' lang='grc' dir='ltr'><strong>τὸν</strong></span> <span class='ocrx_word' id='word_1_542' title='bbox 337 3461 496 3528; x_wconf 73' lang='grc' dir='ltr'>Υίόνς</span> <span class='ocrx_word' id='word_1_543' title='bbox 545 3462 762 3531; x_wconf 78' lang='grc' dir='ltr'>Ἐπειδὴ</span> <span class='ocrx_word' id='word_1_544' title='bbox 800 3461 856 3513; x_wconf 87' lang='grc' dir='ltr'><strong>δέ</strong></span> <span class='ocrx_word' id='word_1_545' title='bbox 901 3463 1014 3522; x_wconf 87' lang='grc' dir='ltr'>τοῖς</span> <span class='ocrx_word' id='word_1_546' title='bbox 1055 3459 1184 3529; x_wconf 86' lang='grc' dir='ltr'>παρ’</span> <span class='ocrx_word' id='word_1_547' title='bbox 1214 3457 1368 3528; x_wconf 85' lang='grc' dir='ltr'>ὑμῶν</span> <span class='ocrx_word' id='word_1_548' title='bbox 1419 3458 1799 3528; x_wconf 82' lang='grc' dir='ltr'>προστέθειται</span> 
     </span>
    </p>
   </div>
   <div class='ocr_carea' id='block_1_69' title="bbox 1603 3457 3279 3540">
    <p class='ocr_par' dir='ltr' id='par_1_69' title="bbox 1603 3458 3279 3540">
     <span class='ocr_line' id='line_1_69' title="bbox 1603 3458 3279 3540; baseline 0.013 -30"><span class='ocrx_word' id='word_1_549' title='bbox 1603 3458 1799 3511; x_wconf 63' lang='lat' dir='ltr'><strong>test-ta:</strong></span> <span class='ocrx_word' id='word_1_550' title='bbox 1905 3466 2360 3522; x_wconf 89' lang='lat' dir='ltr'><strong>monstrationem</strong></span> <span class='ocrx_word' id='word_1_551' title='bbox 2393 3470 2579 3523; x_wconf 84' lang='lat' dir='ltr'><strong>venari</strong></span> <span class='ocrx_word' id='word_1_552' title='bbox 2612 3472 2962 3540; x_wconf 86' lang='lat' dir='ltr'><strong>potissimum</strong></span> <span class='ocrx_word' id='word_1_553' title='bbox 2993 3475 3279 3531; x_wconf 89' lang='lat' dir='ltr'><strong>debemus.</strong></span> 
     </span>
    </p>
   </div>
   <div class='ocr_carea' id='block_1_70' title="bbox 222 3550 3482 3637">
    <p class='ocr_par' dir='ltr' id='par_1_70' title="bbox 222 3550 3482 3637">
     <span class='ocr_line' id='line_1_70' title="bbox 222 3550 3482 3637; baseline 0.005 -34"><span class='ocrx_word' id='word_1_554' title='bbox 222 3553 418 3619; x_wconf 76' lang='grc' dir='ltr'>λόγοις,</span> <span class='ocrx_word' id='word_1_555' title='bbox 452 3554 528 3618; x_wconf 80' lang='grc' dir='ltr'>ὡς</span> <span class='ocrx_word' id='word_1_556' title='bbox 549 3554 669 3606; x_wconf 74' lang='grc' dir='ltr'>οὐδὲ</span> <span class='ocrx_word' id='word_1_557' title='bbox 691 3553 1009 3622; x_wconf 80' lang='grc' dir='ltr'>ἀνεθέλητον</span> <span class='ocrx_word' id='word_1_558' title='bbox 1037 3551 1114 3621; x_wconf 81' lang='grc' dir='ltr'>τῷ</span> <span class='ocrx_word' id='word_1_559' title='bbox 1151 3552 1447 3620; x_wconf 82' lang='grc' dir='ltr'>Μονογενεί</span> <span class='ocrx_word' id='word_1_560' title='bbox 1509 3550 1570 3603; x_wconf 85' lang='grc' dir='ltr'><strong>τὸ</strong></span> <span class='ocrx_word' id='word_1_561' title='bbox 1639 3554 1869 3622; x_wconf 77' lang='grc' dir='ltr'>πρᾶγμά</span> <span class='ocrx_word' id='word_1_562' title='bbox 1905 3557 2044 3620; x_wconf 80' lang='grc' dir='ltr'>ἐστι,</span> <span class='ocrx_word' id='word_1_563' title='bbox 2079 3557 2174 3610; x_wconf 75' lang='grc' dir='ltr'>καὶ</span> <span class='ocrx_word' id='word_1_564' title='bbox 2197 3557 2401 3629; x_wconf 90' lang='grc' dir='ltr'>ταύτην</span> <span class='ocrx_word' id='word_1_565' title='bbox 2424 3561 2556 3631; x_wconf 76' lang='grc' dir='ltr'>ἡμῖν</span> <span class='ocrx_word' id='word_1_566' title='bbox 2587 3563 2947 3634; x_wconf 80' lang='grc' dir='ltr'>ἐπιτειχίζετε</span> <span class='ocrx_word' id='word_1_567' title='bbox 2977 3567 3076 3637; x_wconf 73' lang='grc' dir='ltr'><strong>τὴν</strong></span> <span class='ocrx_word' id='word_1_568' title='bbox 3097 3567 3482 3622; x_wconf 79' lang='grc' dir='ltr'>ἀναπόδεικτον</span> 
     </span>
    </p>
   </div>
   <div class='ocr_carea' id='block_1_71' title="bbox 222 3639 3479 3726">
    <p class='ocr_par' dir='ltr' id='par_1_71' title="bbox 222 3639 3479 3726">
     <span class='ocr_line' id='line_1_71' title="bbox 222 3639 3479 3726; baseline 0.008 -33"><span class='ocrx_word' id='word_1_569' title='bbox 222 3642 506 3714; x_wconf 73' lang='grc' dir='ltr'>ἀφορμὴν,</span> <span class='ocrx_word' id='word_1_570' title='bbox 540 3643 645 3695; x_wconf 88' lang='grc' dir='ltr'>ἀπὸ</span> <span class='ocrx_word' id='word_1_571' title='bbox 677 3643 839 3713; x_wconf 83' lang='grc' dir='ltr'>μόνου</span> <span class='ocrx_word' id='word_1_572' title='bbox 871 3641 1125 3704; x_wconf 71' lang='grc' dir='ltr'>λαϐόντες</span> <span class='ocrx_word' id='word_1_573' title='bbox 1194 3639 1288 3693; x_wconf 80' lang='grc' dir='ltr'>τοῦ</span> <span class='ocrx_word' id='word_1_574' title='bbox 1352 3640 1690 3712; x_wconf 80' lang='grc' dir='ltr'>πρέποντος,</span> <span class='ocrx_word' id='word_1_575' title='bbox 1731 3643 1862 3712; x_wconf 81' lang='grc' dir='ltr'>φέρε</span> <span class='ocrx_word' id='word_1_576' title='bbox 1903 3646 2063 3699; x_wconf 76' lang='grc' dir='ltr'>πάλιν</span> <span class='ocrx_word' id='word_1_577' title='bbox 2104 3649 2169 3700; x_wconf 89' lang='grc' dir='ltr'><strong>ἐκ</strong></span> <span class='ocrx_word' id='word_1_578' title='bbox 2211 3648 2319 3702; x_wconf 86' lang='grc' dir='ltr'><strong>τῶν</strong></span> <span class='ocrx_word' id='word_1_579' title='bbox 2374 3651 2538 3722; x_wconf 75' lang='grc' dir='ltr'>ιερῶν</span> <span class='ocrx_word' id='word_1_580' title='bbox 2587 3653 2960 3726; x_wconf 83' lang='grc' dir='ltr'>Γραμμάτων,</span> <span class='ocrx_word' id='word_1_581' title='bbox 3009 3659 3106 3711; x_wconf 76' lang='grc' dir='ltr'><strong>καὶ</strong></span> <span class='ocrx_word' id='word_1_582' title='bbox 3149 3659 3308 3714; x_wconf 72' lang='grc' dir='ltr'>τοῦτο</span> <span class='ocrx_word' id='word_1_583' title='bbox 3375 3681 3479 3717; x_wconf 82' lang='grc' dir='ltr'>κα-</span> 
     </span>
    </p>
   </div>
   <div class='ocr_carea' id='block_1_72' title="bbox 223 3730 3482 3822">
    <p class='ocr_par' dir='ltr' id='par_1_72' title="bbox 223 3730 3482 3822">
     <span class='ocr_line' id='line_1_72' title="bbox 223 3730 3482 3822; baseline 0.006 -34"><span class='ocrx_word' id='word_1_584' title='bbox 223 3735 638 3806; x_wconf 68' lang='grc' dir='ltr'>τασκεψώμεθα.</span> <span class='ocrx_word' id='word_1_585' title='bbox 699 3734 874 3788; x_wconf 88' lang='grc' dir='ltr'>Ὅθεν·</span> <span class='ocrx_word' id='word_1_586' title='bbox 903 3730 1056 3804; x_wconf 81' lang='grc' dir='ltr'>οἶμαι</span> <span class='ocrx_word' id='word_1_587' title='bbox 1127 3731 1363 3802; x_wconf 86' lang='grc' dir='ltr'>μάλιστα</span> <span class='ocrx_word' id='word_1_588' title='bbox 1429 3733 1725 3802; x_wconf 85' lang='grc' dir='ltr'>προσήκειν</span> <span class='ocrx_word' id='word_1_589' title='bbox 1765 3734 2032 3805; x_wconf 76' lang='grc' dir='ltr'>θηρᾶσθαι</span> <span class='ocrx_word' id='word_1_590' title='bbox 2074 3740 2396 3803; x_wconf 80' lang='grc' dir='ltr'>σπουδάζειν</span> <span class='ocrx_word' id='word_1_591' title='bbox 2428 3742 2527 3815; x_wconf 79' lang='grc' dir='ltr'>τὴν</span> <span class='ocrx_word' id='word_1_592' title='bbox 2571 3746 2657 3816; x_wconf 79' lang='grc' dir='ltr'><strong>ἐφ’</strong></span> <span class='ocrx_word' id='word_1_593' title='bbox 2705 3747 2923 3820; x_wconf 79' lang='grc' dir='ltr'>ἑκάστῳ</span> <span class='ocrx_word' id='word_1_594' title='bbox 2968 3749 3078 3804; x_wconf 88' lang='grc' dir='ltr'><strong>τῶν</strong></span> <span class='ocrx_word' id='word_1_595' title='bbox 3132 3749 3482 3822; x_wconf 81' lang='grc' dir='ltr'>ζητουμένων</span> 
     </span>
    </p>
   </div>
   <div class='ocr_carea' id='block_1_73' title="bbox 225 3829 521 3894">
    <p class='ocr_par' dir='ltr' id='par_1_73' title="bbox 225 3829 521 3894">
     <span class='ocr_line' id='line_1_73' title="bbox 225 3829 521 3894; baseline 0.007 -12"><span class='ocrx_word' id='word_1_596' title='bbox 225 3829 521 3894; x_wconf 79' lang='grc' dir='ltr'>ἀπόδειξιν.</span> 
     </span>
    </p>
   </div>
   <div class='ocr_carea' id='block_1_74' title="bbox 292 3920 1799 3991">
    <p class='ocr_par' dir='ltr' id='par_1_74' title="bbox 292 3920 1799 3991">
     <span class='ocr_line' id='line_1_74' title="bbox 292 3920 1799 3991; baseline 0 -17"><span class='ocrx_word' id='word_1_597' title='bbox 292 3921 504 3975; x_wconf 83' lang='grc' dir='ltr'>Ούκοῦν</span> <span class='ocrx_word' id='word_1_598' title='bbox 532 3921 561 3972; x_wconf 83' lang='grc' dir='ltr'>ὁ</span> <span class='ocrx_word' id='word_1_599' title='bbox 606 3921 706 3990; x_wconf 78' lang='grc' dir='ltr'><strong>μὲν</strong></span> <span class='ocrx_word' id='word_1_600' title='bbox 745 3920 906 3991; x_wconf 86' lang='grc' dir='ltr'>νόμος</span> <span class='ocrx_word' id='word_1_601' title='bbox 963 3921 1331 3975; x_wconf 81' lang='grc' dir='ltr'>συντελεῖσθαι</span> <span class='ocrx_word' id='word_1_602' title='bbox 1391 3921 1521 3990; x_wconf 84' lang='grc' dir='ltr'>παρ’</span> <span class='ocrx_word' id='word_1_603' title='bbox 1569 3922 1799 3976; x_wconf 79' lang='grc' dir='ltr'>ἑκάστου</span> 
     </span>
    </p>
   </div>
   <div class='ocr_carea' id='block_1_75' title="bbox 225 4011 1800 4082">
    <p class='ocr_par' dir='ltr' id='par_1_75' title="bbox 225 4011 1800 4082">
     <span class='ocr_line' id='line_1_75' title="bbox 225 4011 1800 4082; baseline -0.001 -17"><span class='ocrx_word' id='word_1_604' title='bbox 225 4012 331 4066; x_wconf 87' lang='grc' dir='ltr'><strong>τῶν</strong></span> <span class='ocrx_word' id='word_1_605' title='bbox 374 4013 649 4065; x_wconf 86' lang='grc' dir='ltr'>Ἰουδαίων</span> <span class='ocrx_word' id='word_1_606' title='bbox 699 4011 778 4082; x_wconf 83' lang='grc' dir='ltr'>τῷ</span> <span class='ocrx_word' id='word_1_607' title='bbox 832 4011 924 4064; x_wconf 75' lang='grc' dir='ltr'><strong>ἐπὶ</strong></span> <span class='ocrx_word' id='word_1_608' title='bbox 959 4012 1164 4076; x_wconf 80' lang='grc' dir='ltr'>πάντας</span> <span class='ocrx_word' id='word_1_609' title='bbox 1209 4011 1325 4066; x_wconf 78' lang='grc' dir='ltr'>δντι</span> <span class='ocrx_word' id='word_1_610' title='bbox 1357 4011 1476 4082; x_wconf 85' lang='grc' dir='ltr'><strong>Θεῷ</strong></span> <span class='ocrx_word' id='word_1_611' title='bbox 1525 4013 1585 4065; x_wconf 81' lang='grc' dir='ltr'>τὸ</span> <span class='ocrx_word' id='word_1_612' title='bbox 1627 4013 1800 4082; x_wconf 80' lang='grc' dir='ltr'>ἥμισυ</span> 
     </span>
    </p>
   </div>
   <div class='ocr_carea' id='block_1_76' title="bbox 227 4102 1803 4174">
    <p class='ocr_par' dir='ltr' id='par_1_76' title="bbox 227 4102 1803 4174">
     <span class='ocr_line' id='line_1_76' title="bbox 227 4102 1803 4174; baseline -0.001 -19"><span class='ocrx_word' id='word_1_613' title='bbox 227 4103 317 4156; x_wconf 82' lang='grc' dir='ltr'><strong>τού</strong></span> <span class='ocrx_word' id='word_1_614' title='bbox 362 4102 666 4173; x_wconf 83' lang='grc' dir='ltr'>διδράχμου</span> <span class='ocrx_word' id='word_1_615' title='bbox 706 4102 1090 4172; x_wconf 78' lang='grc' dir='ltr'>προσέταττεν,</span> <span class='ocrx_word' id='word_1_616' title='bbox 1125 4103 1225 4156; x_wconf 87' lang='grc' dir='ltr'><strong>ούκ</strong></span> <span class='ocrx_word' id='word_1_617' title='bbox 1251 4102 1651 4174; x_wconf 85' lang='grc' dir='ltr'>ἀργυρολογίας</span> <span class='ocrx_word' id='word_1_618' title='bbox 1684 4105 1803 4155; x_wconf 88' lang='grc' dir='ltr'>ἐπι-</span> 
     </span>
    </p>
   </div>
   <div class='ocr_carea' id='block_1_77' title="bbox 227 4193 1798 4265">
    <p class='ocr_par' dir='ltr' id='par_1_77' title="bbox 227 4193 1798 4265">
     <span class='ocr_line' id='line_1_77' title="bbox 227 4193 1798 4265; baseline -0.001 -17"><span class='ocrx_word' id='word_1_619' title='bbox 227 4197 424 4265; x_wconf 82' lang='grc' dir='ltr'>νοήσας</span> <span class='ocrx_word' id='word_1_620' title='bbox 458 4194 697 4265; x_wconf 82' lang='grc' dir='ltr'>εὖρεσιν,</span> <span class='ocrx_word' id='word_1_621' title='bbox 739 4193 859 4247; x_wconf 78' lang='grc' dir='ltr'>οὐδὲ</span> <span class='ocrx_word' id='word_1_622' title='bbox 892 4194 1192 4264; x_wconf 85' lang='grc' dir='ltr'>χρημάτων</span> <span class='ocrx_word' id='word_1_623' title='bbox 1237 4197 1440 4247; x_wconf 79' lang='grc' dir='ltr'>εἰκαῖον</span> <span class='ocrx_word' id='word_1_624' title='bbox 1483 4195 1798 4265; x_wconf 78' lang='grc' dir='ltr'>ἐρανισμδν,</span> 
     </span>
    </p>
   </div>
   <div class='ocr_carea' id='block_1_78' title="bbox 225 4285 1802 4358">
    <p class='ocr_par' dir='ltr' id='par_1_78' title="bbox 225 4285 1802 4358">
     <span class='ocr_line' id='line_1_78' title="bbox 225 4285 1802 4358; baseline -0.001 -17"><span class='ocrx_word' id='word_1_625' title='bbox 225 4289 358 4342; x_wconf 80' lang='grc' dir='ltr'><strong>ἀλλά</strong></span> <span class='ocrx_word' id='word_1_626' title='bbox 380 4285 661 4340; x_wconf 88' lang='grc' dir='ltr'>παίδευσίν</span> <span class='ocrx_word' id='word_1_627' title='bbox 681 4303 803 4338; x_wconf 91' lang='grc' dir='ltr'>τινα</span> <span class='ocrx_word' id='word_1_628' title='bbox 831 4286 896 4340; x_wconf 83' lang='grc' dir='ltr'>δι’</span> <span class='ocrx_word' id='word_1_629' title='bbox 914 4287 1327 4358; x_wconf 83' lang='grc' dir='ltr'>ἐναργεστάτων</span> <span class='ocrx_word' id='word_1_630' title='bbox 1355 4287 1802 4356; x_wconf 74' lang='grc' dir='ltr'>ύπεμφαίνουσαν</span> 
     </span>
    </p>
   </div>
   <div class='ocr_carea' id='block_1_79' title="bbox 226 4377 1802 4449">
    <p class='ocr_par' dir='ltr' id='par_1_79' title="bbox 226 4377 1802 4449">
     <span class='ocr_line' id='line_1_79' title="bbox 226 4377 1802 4449; baseline -0.001 -17"><span class='ocrx_word' id='word_1_631' title='bbox 226 4381 449 4432; x_wconf 84' lang='grc' dir='ltr'>τύπων·</span> <span class='ocrx_word' id='word_1_632' title='bbox 486 4377 706 4449; x_wconf 74' lang='grc' dir='ltr'>πρῶτον</span> <span class='ocrx_word' id='word_1_633' title='bbox 741 4378 876 4446; x_wconf 83' lang='grc' dir='ltr'>μὲν,</span> <span class='ocrx_word' id='word_1_634' title='bbox 927 4378 1009 4431; x_wconf 86' lang='grc' dir='ltr'>ὅτι</span> <span class='ocrx_word' id='word_1_635' title='bbox 1066 4379 1252 4449; x_wconf 86' lang='grc' dir='ltr'>κύριος</span> <span class='ocrx_word' id='word_1_636' title='bbox 1297 4378 1471 4441; x_wconf 73' lang='grc' dir='ltr'>οὐδεὶς</span> <span class='ocrx_word' id='word_1_637' title='bbox 1519 4381 1617 4449; x_wconf 77' lang='grc' dir='ltr'><strong>τῆς</strong></span> <span class='ocrx_word' id='word_1_638' title='bbox 1667 4378 1802 4442; x_wconf 79' lang='grc' dir='ltr'>ιδίας</span> 
     </span>
    </p>
   </div>
   <div class='ocr_carea' id='block_1_80' title="bbox 227 4470 1800 4542">
    <p class='ocr_par' dir='ltr' id='par_1_80' title="bbox 227 4470 1800 4542">
     <span class='ocr_line' id='line_1_80' title="bbox 227 4470 1800 4542; baseline -0.003 -15"><span class='ocrx_word' id='word_1_639' title='bbox 227 4475 339 4528; x_wconf 79' lang='grc' dir='ltr'>ἐστὶ</span> <span class='ocrx_word' id='word_1_640' title='bbox 377 4471 649 4542; x_wconf 81' lang='grc' dir='ltr'>κεφαλῆς,</span> <span class='ocrx_word' id='word_1_641' title='bbox 687 4471 782 4524; x_wconf 76' lang='grc' dir='ltr'><strong>ἕνα</strong></span> <span class='ocrx_word' id='word_1_642' title='bbox 819 4471 874 4524; x_wconf 82' lang='grc' dir='ltr'>δὲ</span> <span class='ocrx_word' id='word_1_643' title='bbox 907 4471 957 4524; x_wconf 86' lang='grc' dir='ltr'>οἱ</span> <span class='ocrx_word' id='word_1_644' title='bbox 996 4471 1196 4533; x_wconf 85' lang='grc' dir='ltr'>πάντες</span> <span class='ocrx_word' id='word_1_645' title='bbox 1232 4471 1548 4540; x_wconf 80' lang='grc' dir='ltr'>κεκτήμεθα</span> <span class='ocrx_word' id='word_1_646' title='bbox 1586 4473 1652 4541; x_wconf 84' lang='grc' dir='ltr'>τῇ</span> <span class='ocrx_word' id='word_1_647' title='bbox 1691 4470 1800 4523; x_wconf 88' lang='grc' dir='ltr'><strong>τῶν</strong></span> 
     </span>
    </p>
   </div>
   <div class='ocr_carea' id='block_1_81' title="bbox 225 4561 1798 4635">
    <p class='ocr_par' dir='ltr' id='par_1_81' title="bbox 225 4561 1798 4635">
     <span class='ocr_line' id='line_1_81' title="bbox 225 4561 1798 4635; baseline -0.001 -17"><span class='ocrx_word' id='word_1_648' title='bbox 225 4564 577 4634; x_wconf 83' lang='grc' dir='ltr'>τελεσμάτων</span> <span class='ocrx_word' id='word_1_649' title='bbox 633 4562 920 4635; x_wconf 79' lang='grc' dir='ltr'>καταθήκῃ</span> <span class='ocrx_word' id='word_1_650' title='bbox 977 4563 1113 4630; x_wconf 82' lang='grc' dir='ltr'>πρὸς</span> <span class='ocrx_word' id='word_1_651' title='bbox 1162 4561 1405 4616; x_wconf 86' lang='grc' dir='ltr'>δουλείαν</span> <span class='ocrx_word' id='word_1_652' title='bbox 1450 4565 1798 4635; x_wconf 80' lang='grc' dir='ltr'>καταγραφό-</span> 
     </span>
    </p>
   </div>
   <div class='ocr_carea' id='block_1_82' title="bbox 1977 3921 3482 4000">
    <p class='ocr_par' dir='ltr' id='par_1_82' title="bbox 1977 3921 3482 4000">
     <span class='ocr_line' id='line_1_82' title="bbox 1977 3921 3482 4000; baseline 0.015 -27"><span class='ocrx_word' id='word_1_653' title='bbox 1977 3921 2322 3994; x_wconf 73' lang='lat' dir='ltr'><strong>1391gitur</strong></span> <span class='ocrx_word' id='word_1_654' title='bbox 2354 3924 2434 3980; x_wconf 77' lang='lat' dir='ltr'><strong>lex</strong></span> <span class='ocrx_word' id='word_1_655' title='bbox 2452 3927 2498 3959; x_wconf 81' lang='lat'><strong>“</strong></span> <span class='ocrx_word' id='word_1_656' title='bbox 2520 3927 2587 3983; x_wconf 79' lang='lat' dir='ltr'><strong>ab</strong></span> <span class='ocrx_word' id='word_1_657' title='bbox 2613 3936 2847 4000; x_wconf 87' lang='lat' dir='ltr'><strong>utroque</strong></span> <span class='ocrx_word' id='word_1_658' title='bbox 2864 3929 3055 3989; x_wconf 69' lang='lat' dir='ltr'><strong>Iudaeo</strong></span> <span class='ocrx_word' id='word_1_659' title='bbox 3075 3934 3364 3993; x_wconf 89' lang='lat' dir='ltr'><strong>dimidium</strong></span> <span class='ocrx_word' id='word_1_660' title='bbox 3393 3939 3482 3995; x_wconf 83' lang='lat' dir='ltr'><strong>di-</strong></span> 
     </span>
    </p>
   </div>
   <div class='ocr_carea' id='block_1_83' title="bbox 1902 4011 3481 4098">
    <p class='ocr_par' dir='ltr' id='par_1_83' title="bbox 1902 4011 3481 4098">
     <span class='ocr_line' id='line_1_83' title="bbox 1902 4011 3481 4098; baseline 0.013 -32"><span class='ocrx_word' id='word_1_661' title='bbox 1902 4011 2146 4068; x_wconf 87' lang='lat' dir='ltr'><strong>drachmi</strong></span> <span class='ocrx_word' id='word_1_662' title='bbox 2164 4031 2421 4084; x_wconf 89' lang='lat' dir='ltr'><strong>supremo</strong></span> <span class='ocrx_word' id='word_1_663' title='bbox 2433 4019 2544 4074; x_wconf 81' lang='lat' dir='ltr'><strong>Deo</strong></span> <span class='ocrx_word' id='word_1_664' title='bbox 2558 4022 3057 4093; x_wconf 83' lang='lat' dir='ltr'><strong>persolvijubebat,</strong></span> <span class='ocrx_word' id='word_1_665' title='bbox 3077 4041 3185 4081; x_wconf 91' lang='lat' dir='ltr'><strong>non</strong></span> <span class='ocrx_word' id='word_1_666' title='bbox 3199 4029 3344 4098; x_wconf 90' lang='lat' dir='ltr'><strong>quod</strong></span> <span class='ocrx_word' id='word_1_667' title='bbox 3361 4031 3481 4086; x_wconf 83' lang='lat' dir='ltr'><strong>exi-</strong></span> 
     </span>
    </p>
   </div>
   <div class='ocr_carea' id='block_1_84' title="bbox 1900 4105 3482 4190">
    <p class='ocr_par' dir='ltr' id='par_1_84' title="bbox 1900 4105 3482 4190">
     <span class='ocr_line' id='line_1_84' title="bbox 1900 4105 3482 4190; baseline 0.013 -33"><span class='ocrx_word' id='word_1_668' title='bbox 1900 4105 2086 4172; x_wconf 83' lang='lat' dir='ltr'><strong>gendae</strong></span> <span class='ocrx_word' id='word_1_669' title='bbox 2109 4114 2204 4158; x_wconf 91' lang='lat' dir='ltr'><strong>aut</strong></span> <span class='ocrx_word' id='word_1_670' title='bbox 2234 4111 2588 4180; x_wconf 71' lang='lat' dir='ltr'><strong>corrogandae</strong></span> <span class='ocrx_word' id='word_1_671' title='bbox 2610 4115 2858 4182; x_wconf 60' lang='lat' dir='ltr'><strong>pecunias</strong></span> <span class='ocrx_word' id='word_1_672' title='bbox 2889 4117 3156 4172; x_wconf 90' lang='lat' dir='ltr'><strong>rationem</strong></span> <span class='ocrx_word' id='word_1_673' title='bbox 3185 4122 3482 4190; x_wconf 89' lang='lat' dir='ltr'><strong>quamdam</strong></span> 
     </span>
    </p>
   </div>
   <div class='ocr_carea' id='block_1_85' title="bbox 1908 4193 3484 4278">
    <p class='ocr_par' dir='ltr' id='par_1_85' title="bbox 1908 4193 3484 4278">
     <span class='ocr_line' id='line_1_85' title="bbox 1908 4193 3484 4278; baseline 0.013 -31"><span class='ocrx_word' id='word_1_674' title='bbox 1908 4193 2228 4260; x_wconf 86' lang='lat' dir='ltr'><strong>invenisset,</strong></span> <span class='ocrx_word' id='word_1_675' title='bbox 2245 4196 2340 4251; x_wconf 90' lang='lat' dir='ltr'><strong>sed</strong></span> <span class='ocrx_word' id='word_1_676' title='bbox 2359 4200 2505 4268; x_wconf 89' lang='lat' dir='ltr'><strong>quod</strong></span> <span class='ocrx_word' id='word_1_677' title='bbox 2528 4201 2995 4260; x_wconf 77' lang='lat' dir='ltr'><strong>manifestissimis</strong></span> <span class='ocrx_word' id='word_1_678' title='bbox 3014 4208 3204 4278; x_wconf 84' lang='lat' dir='ltr'><strong>iiguris</strong></span> <span class='ocrx_word' id='word_1_679' title='bbox 3226 4225 3327 4266; x_wconf 88' lang='lat' dir='ltr'><strong>nos</strong></span> <span class='ocrx_word' id='word_1_680' title='bbox 3354 4212 3484 4267; x_wconf 85' lang='lat' dir='ltr'><strong>edo-</strong></span> 
     </span>
    </p>
   </div>
   <div class='ocr_carea' id='block_1_86' title="bbox 1909 4290 3484 4369">
    <p class='ocr_par' dir='ltr' id='par_1_86' title="bbox 1909 4290 3484 4369">
     <span class='ocr_line' id='line_1_86' title="bbox 1909 4290 3484 4369; baseline 0.013 -29"><span class='ocrx_word' id='word_1_681' title='bbox 1909 4293 2076 4350; x_wconf 88' lang='lat' dir='ltr'><strong>ceret,</strong></span> <span class='ocrx_word' id='word_1_682' title='bbox 2121 4290 2356 4357; x_wconf 90' lang='lat' dir='ltr'><strong>primum</strong></span> <span class='ocrx_word' id='word_1_683' title='bbox 2411 4292 2629 4359; x_wconf 89' lang='lat' dir='ltr'><strong>quidem</strong></span> <span class='ocrx_word' id='word_1_684' title='bbox 2671 4295 2948 4351; x_wconf 89' lang='lat' dir='ltr'><strong>neminem</strong></span> <span class='ocrx_word' id='word_1_685' title='bbox 2981 4298 3070 4352; x_wconf 91' lang='lat' dir='ltr'><strong>sui</strong></span> <span class='ocrx_word' id='word_1_686' title='bbox 3119 4300 3316 4369; x_wconf 84' lang='lat' dir='ltr'><strong>capitis</strong></span> <span class='ocrx_word' id='word_1_687' title='bbox 3358 4317 3484 4360; x_wconf 73' lang='lat' dir='ltr'><strong>esse</strong></span> 
     </span>
    </p>
   </div>
   <div class='ocr_carea' id='block_1_87' title="bbox 1909 4375 3485 4460">
    <p class='ocr_par' dir='ltr' id='par_1_87' title="bbox 1909 4375 3485 4460">
     <span class='ocr_line' id='line_1_87' title="bbox 1909 4375 3485 4460; baseline 0.013 -32"><span class='ocrx_word' id='word_1_688' title='bbox 1909 4375 2214 4439; x_wconf 86' lang='lat' dir='ltr'><strong>dominum,</strong></span> <span class='ocrx_word' id='word_1_689' title='bbox 2246 4378 2340 4434; x_wconf 90' lang='lat' dir='ltr'><strong>sed</strong></span> <span class='ocrx_word' id='word_1_690' title='bbox 2369 4382 2527 4437; x_wconf 91' lang='lat' dir='ltr'><strong>nobis</strong></span> <span class='ocrx_word' id='word_1_691' title='bbox 2568 4385 2824 4441; x_wconf 89' lang='lat' dir='ltr'><strong>omnibus</strong></span> <span class='ocrx_word' id='word_1_692' title='bbox 2866 4401 3036 4441; x_wconf 89' lang='lat' dir='ltr'><strong>unum</strong></span> <span class='ocrx_word' id='word_1_693' title='bbox 3083 4402 3226 4454; x_wconf 88' lang='lat' dir='ltr'><strong>esse,</strong></span> <span class='ocrx_word' id='word_1_694' title='bbox 3253 4391 3347 4460; x_wconf 91' lang='lat' dir='ltr'><strong>qui</strong></span> <span class='ocrx_word' id='word_1_695' title='bbox 3385 4394 3485 4450; x_wconf 88' lang='lat' dir='ltr'><strong>tri-</strong></span> 
     </span>
    </p>
   </div>
   <div class='ocr_carea' id='block_1_88' title="bbox 1910 4463 3483 4555">
    <p class='ocr_par' dir='ltr' id='par_1_88' title="bbox 1910 4463 3483 4555">
     <span class='ocr_line' id='line_1_88' title="bbox 1910 4463 3483 4555; baseline 0.013 -34"><span class='ocrx_word' id='word_1_696' title='bbox 1910 4463 2492 4527; x_wconf 35' lang='lat' dir='ltr'><strong>butorum&#39;collatione</strong></span> <span class='ocrx_word' id='word_1_697' title='bbox 2519 4473 2573 4528; x_wconf 92' lang='lat' dir='ltr'><strong>in</strong></span> <span class='ocrx_word' id='word_1_698' title='bbox 2612 4476 2931 4532; x_wconf 87' lang='lat' dir='ltr'><strong>servitutem</strong></span> <span class='ocrx_word' id='word_1_699' title='bbox 2981 4481 3206 4550; x_wconf 85' lang='lat' dir='ltr'><strong>ascripti</strong></span> <span class='ocrx_word' id='word_1_700' title='bbox 3249 4496 3483 4555; x_wconf 77' lang='lat' dir='ltr'><strong>sumus;</strong></span> 
     </span>
    </p>
   </div>
   <div class='ocr_carea' id='block_1_89' title="bbox 1906 4560 3484 4644">
    <p class='ocr_par' dir='ltr' id='par_1_89' title="bbox 1906 4560 3484 4644">
     <span class='ocr_line' id='line_1_89' title="bbox 1906 4560 3484 4644; baseline 0.011 -31"><span class='ocrx_word' id='word_1_701' title='bbox 1906 4560 2102 4617; x_wconf 86' lang='lat' dir='ltr'><strong>deinde</strong></span> <span class='ocrx_word' id='word_1_702' title='bbox 2129 4564 2277 4632; x_wconf 90' lang='lat' dir='ltr'><strong>quod</strong></span> <span class='ocrx_word' id='word_1_703' title='bbox 2321 4563 2714 4620; x_wconf 79' lang='lat' dir='ltr'><strong>fecunditatem</strong></span> <span class='ocrx_word' id='word_1_704' title='bbox 2757 4568 3181 4625; x_wconf 88' lang='lat' dir='ltr'><strong>intellectualem</strong></span> <span class='ocrx_word' id='word_1_705' title='bbox 3209 4587 3275 4628; x_wconf 87' lang='lat' dir='ltr'><strong>ac</strong></span> <span class='ocrx_word' id='word_1_706' title='bbox 3321 4575 3484 4644; x_wconf 83' lang='lat' dir='ltr'><strong>spiri-</strong></span> 
     </span>
    </p>
   </div>
   <div class='ocr_carea' id='block_1_90' title="bbox 231 4631 1907 4733">
    <p class='ocr_par' dir='ltr' id='par_1_90' title="bbox 231 4631 1874 4726">
     <span class='ocr_line' id='line_1_90' title="bbox 231 4631 1874 4726; baseline 0.001 -18"><span class='ocrx_word' id='word_1_707' title='bbox 231 4673 379 4726; x_wconf 84' lang='grc' dir='ltr'>μενοι</span> <span class='ocrx_word' id='word_1_708' title='bbox 402 4672 415 4684; x_wconf 92' lang='grc'><strong>·</strong></span> <span class='ocrx_word' id='word_1_709' title='bbox 452 4651 572 4707; x_wconf 79' lang='grc' dir='ltr'>εἶτα</span> <span class='ocrx_word' id='word_1_710' title='bbox 603 4653 741 4724; x_wconf 84' lang='grc' dir='ltr'>πρὸς</span> <span class='ocrx_word' id='word_1_711' title='bbox 769 4653 978 4716; x_wconf 82' lang='grc' dir='ltr'>τούτοις</span> <span class='ocrx_word' id='word_1_712' title='bbox 1007 4656 1102 4717; x_wconf 75' lang='grc' dir='ltr'>τὰς</span> <span class='ocrx_word' id='word_1_713' title='bbox 1131 4656 1194 4707; x_wconf 87' lang='grc' dir='ltr'><strong>ἐκ</strong></span> <span class='ocrx_word' id='word_1_714' title='bbox 1216 4653 1308 4708; x_wconf 77' lang='grc' dir='ltr'><strong>νοῦ</strong></span> <span class='ocrx_word' id='word_1_715' title='bbox 1335 4672 1394 4708; x_wconf 88' lang='grc' dir='ltr'><strong>τε</strong></span> <span class='ocrx_word' id='word_1_716' title='bbox 1429 4655 1523 4708; x_wconf 79' lang='grc' dir='ltr'>καὶ</span> <span class='ocrx_word' id='word_1_717' title='bbox 1556 4674 1801 4726; x_wconf 87' lang='grc' dir='ltr'>πνευμα-</span> <span class='ocrx_word' id='word_1_718' title='bbox 1835 4631 1874 4687; x_wconf 78' lang='lat' dir='ltr'>D</span> 
     </span>
    </p>
   </div>
   <div class='ocr_carea' id='block_1_91' title="bbox 1802 4631 3478 4733">
    <p class='ocr_par' dir='ltr' id='par_1_91' title="bbox 1835 4631 3478 4733">
     <span class='ocr_line' id='line_1_91' title="bbox 1835 4631 3478 4733; baseline 0.01 -29"><span class='ocrx_word' id='word_1_719' title='bbox 1835 4631 1874 4687; x_wconf 74' lang='grc' dir='ltr'><strong>ί)</strong></span> <span class='ocrx_word' id='word_1_720' title='bbox 1907 4653 2068 4707; x_wconf 88' lang='lat' dir='ltr'><strong>talem</strong></span> <span class='ocrx_word' id='word_1_721' title='bbox 2090 4631 2236 4709; x_wconf 83' lang='lat' dir='ltr'><strong>velut</strong></span> <span class='ocrx_word' id='word_1_722' title='bbox 2267 4658 2321 4709; x_wconf 93' lang='lat' dir='ltr'><strong>in</strong></span> <span class='ocrx_word' id='word_1_723' title='bbox 2350 4657 2554 4712; x_wconf 91' lang='lat' dir='ltr'><strong>rudiori</strong></span> <span class='ocrx_word' id='word_1_724' title='bbox 2579 4659 2762 4712; x_wconf 86' lang='lat' dir='ltr'><strong>tabula</strong></span> <span class='ocrx_word' id='word_1_725' title='bbox 2781 4660 3114 4731; x_wconf 85' lang='lat' dir='ltr'><strong>depingeret.</strong></span> <span class='ocrx_word' id='word_1_726' title='bbox 3146 4683 3166 4716; x_wconf 89' lang='grc'><em>‹</em></span> <span class='ocrx_word' id='word_1_727' title='bbox 3190 4631 3427 4733; x_wconf 71' lang='lat' dir='ltr'><strong>Honora,</strong></span> <span class='ocrx_word' id='word_1_728' title='bbox 3459 4686 3478 4720; x_wconf 78' lang='grc' dir='ltr'><strong>ι</strong></span> 
     </span>
    </p>
   </div>
   <div class='ocr_carea' id='block_1_92' title="bbox 227 4745 1803 4818">
    <p class='ocr_par' dir='ltr' id='par_1_92' title="bbox 227 4745 1803 4818">
     <span class='ocr_line' id='line_1_92' title="bbox 227 4745 1803 4818; baseline -0.001 -17"><span class='ocrx_word' id='word_1_729' title='bbox 227 4747 380 4810; x_wconf 81' lang='grc' dir='ltr'>τικάς</span> <span class='ocrx_word' id='word_1_730' title='bbox 419 4745 830 4816; x_wconf 72' lang='grc' dir='ltr'>καρποφορίας,</span> <span class='ocrx_word' id='word_1_731' title='bbox 869 4745 944 4809; x_wconf 86' lang='grc' dir='ltr'>ὼς</span> <span class='ocrx_word' id='word_1_732' title='bbox 982 4746 1040 4800; x_wconf 86' lang='grc' dir='ltr'><strong>ἐν</strong></span> <span class='ocrx_word' id='word_1_733' title='bbox 1078 4746 1369 4818; x_wconf 84' lang='grc' dir='ltr'>παχυτέρῳ</span> <span class='ocrx_word' id='word_1_734' title='bbox 1399 4747 1560 4801; x_wconf 85' lang='grc' dir='ltr'>πάλιν</span> <span class='ocrx_word' id='word_1_735' title='bbox 1590 4746 1803 4818; x_wconf 74' lang='grc' dir='ltr'>ζωγρα-</span> 
     </span>
    </p>
   </div>
   <div class='ocr_carea' id='block_1_93' title="bbox 227 4835 1798 4908">
    <p class='ocr_par' dir='ltr' id='par_1_93' title="bbox 227 4835 1798 4908">
     <span class='ocr_line' id='line_1_93' title="bbox 227 4835 1798 4908; baseline 0 -17"><span class='ocrx_word' id='word_1_736' title='bbox 227 4838 433 4906; x_wconf 77' lang='grc' dir='ltr'>φοῦσαν</span> <span class='ocrx_word' id='word_1_737' title='bbox 483 4835 770 4907; x_wconf 80' lang='grc' dir='ltr'>γράμματι</span> <span class='ocrx_word' id='word_1_738' title='bbox 815 4853 874 4888; x_wconf 91' lang='grc' dir='ltr'><strong>τε</strong></span> <span class='ocrx_word' id='word_1_739' title='bbox 914 4836 1008 4889; x_wconf 70' lang='grc' dir='ltr'><strong>καλ¹</strong></span> <span class='ocrx_word' id='word_1_740' title='bbox 1056 4837 1367 4908; x_wconf 87' lang='grc' dir='ltr'>πράγματι.</span> <span class='ocrx_word' id='word_1_741' title='bbox 1423 4857 1442 4889; x_wconf 75' lang='grc' dir='ltr'><strong>ι</strong></span> <span class='ocrx_word' id='word_1_742' title='bbox 1477 4839 1624 4908; x_wconf 79' lang='grc' dir='ltr'>Τίμα</span> <span class='ocrx_word' id='word_1_743' title='bbox 1672 4839 1798 4908; x_wconf 83' lang='grc' dir='ltr'>γὰρ,</span> 
     </span>
    </p>
   </div>
   <div class='ocr_carea' id='block_1_94' title="bbox 226 4925 1804 4997">
    <p class='ocr_par' dir='ltr' id='par_1_94' title="bbox 226 4925 1804 4997">
     <span class='ocr_line' id='line_1_94' title="bbox 226 4925 1804 4997; baseline 0.001 -17"><span class='ocrx_word' id='word_1_744' title='bbox 226 4929 399 4997; x_wconf 70' lang='grc' dir='ltr'>φησι,</span> <span class='ocrx_word' id='word_1_745' title='bbox 450 4927 544 4979; x_wconf 83' lang='grc' dir='ltr'><strong>τὸν</strong></span> <span class='ocrx_word' id='word_1_746' title='bbox 591 4926 794 4996; x_wconf 84' lang='grc' dir='ltr'>Κύριον</span> <span class='ocrx_word' id='word_1_747' title='bbox 837 4925 945 4980; x_wconf 71' lang='grc' dir='ltr'><strong>ἀπὸ</strong></span> <span class='ocrx_word' id='word_1_748' title='bbox 1000 4926 1108 4979; x_wconf 90' lang='grc' dir='ltr'><strong>σῶν</strong></span> <span class='ocrx_word' id='word_1_749' title='bbox 1163 4928 1389 4982; x_wconf 88' lang='grc' dir='ltr'>δικαίων</span> <span class='ocrx_word' id='word_1_750' title='bbox 1443 4929 1658 4994; x_wconf 87' lang='grc' dir='ltr'>πόνων,</span> <span class='ocrx_word' id='word_1_751' title='bbox 1709 4931 1804 4984; x_wconf 73' lang='grc' dir='ltr'>καὶ</span> 
     </span>
    </p>
   </div>
   <div class='ocr_carea' id='block_1_95' title="bbox 227 5017 1802 5092">
    <p class='ocr_par' dir='ltr' id='par_1_95' title="bbox 227 5017 1802 5092">
     <span class='ocr_line' id='line_1_95' title="bbox 227 5017 1802 5092; baseline 0.001 -20"><span class='ocrx_word' id='word_1_752' title='bbox 227 5020 479 5089; x_wconf 83' lang='grc' dir='ltr'>ἀπάρχου</span> <span class='ocrx_word' id='word_1_753' title='bbox 510 5018 660 5086; x_wconf 79' lang='grc' dir='ltr'>αὐτῷ</span> <span class='ocrx_word' id='word_1_754' title='bbox 691 5017 798 5071; x_wconf 83' lang='grc' dir='ltr'>ἀπὸ</span> <span class='ocrx_word' id='word_1_755' title='bbox 830 5018 938 5072; x_wconf 89' lang='grc' dir='ltr'><strong>σῶν</strong></span> <span class='ocrx_word' id='word_1_756' title='bbox 990 5020 1217 5090; x_wconf 86' lang='grc' dir='ltr'>καρπῶν</span> <span class='ocrx_word' id='word_1_757' title='bbox 1250 5021 1598 5092; x_wconf 86' lang='grc' dir='ltr'>δικαιοσύνης</span> <span class='ocrx_word' id='word_1_758' title='bbox 1643 5037 1654 5050; x_wconf 90' lang='grc'><strong>·</strong></span> <span class='ocrx_word' id='word_1_759' title='bbox 1701 5040 1719 5074; x_wconf 75' lang='grc' dir='ltr'><strong>ι</strong></span> <span class='ocrx_word' id='word_1_760' title='bbox 1775 5022 1802 5074; x_wconf 85' lang='grc' dir='ltr'><strong>ὃ</strong></span> 
     </span>
    </p>
   </div>
   <div class='ocr_carea' id='block_1_96' title="bbox 224 5110 1802 5185">
    <p class='ocr_par' dir='ltr' id='par_1_96' title="bbox 224 5110 1802 5185">
     <span class='ocr_line' id='line_1_96' title="bbox 224 5110 1802 5185; baseline 0.004 -23"><span class='ocrx_word' id='word_1_761' title='bbox 224 5110 288 5181; x_wconf 83' lang='grc' dir='ltr'>δὴ</span> <span class='ocrx_word' id='word_1_762' title='bbox 341 5112 440 5164; x_wconf 75' lang='grc' dir='ltr'>καὶ</span> <span class='ocrx_word' id='word_1_763' title='bbox 491 5111 744 5178; x_wconf 83' lang='grc' dir='ltr'>γενέσθαι</span> <span class='ocrx_word' id='word_1_764' title='bbox 798 5111 1112 5182; x_wconf 77' lang='grc' dir='ltr'>συμΰέῦηκε</span> <span class='ocrx_word' id='word_1_765' title='bbox 1161 5113 1246 5167; x_wconf 76' lang='grc' dir='ltr'>διὰ</span> <span class='ocrx_word' id='word_1_766' title='bbox 1290 5115 1389 5185; x_wconf 83' lang='grc' dir='ltr'><strong>τῆς</strong></span> <span class='ocrx_word' id='word_1_767' title='bbox 1441 5115 1802 5183; x_wconf 83' lang='grc' dir='ltr'>εὐαγγελικῆς</span> 
     </span>
    </p>
   </div>
   <div class='ocr_carea' id='block_1_97' title="bbox 225 5203 1804 5278">
    <p class='ocr_par' dir='ltr' id='par_1_97' title="bbox 225 5203 1804 5278">
     <span class='ocr_line' id='line_1_97' title="bbox 225 5203 1804 5278; baseline 0.001 -22"><span class='ocrx_word' id='word_1_768' title='bbox 225 5203 608 5268; x_wconf 83' lang='grc' dir='ltr'>διδασκαλίας,</span> <span class='ocrx_word' id='word_1_769' title='bbox 668 5206 767 5276; x_wconf 82' lang='grc' dir='ltr'>τῆς</span> <span class='ocrx_word' id='word_1_770' title='bbox 806 5206 948 5260; x_wconf 85' lang='grc' dir='ltr'><strong>κατά</strong></span> <span class='ocrx_word' id='word_1_771' title='bbox 989 5206 1154 5276; x_wconf 87' lang='grc' dir='ltr'>νόμον</span> <span class='ocrx_word' id='word_1_772' title='bbox 1201 5207 1304 5278; x_wconf 78' lang='grc' dir='ltr'>ἥδη</span> <span class='ocrx_word' id='word_1_773' title='bbox 1365 5207 1617 5278; x_wconf 88' lang='grc' dir='ltr'>λατρείας</span> <span class='ocrx_word' id='word_1_774' title='bbox 1680 5224 1804 5259; x_wconf 90' lang='grc' dir='ltr'>συν-</span> 
     </span>
    </p>
   </div>
   <div class='ocr_carea' id='block_1_98' title="bbox 225 5295 1806 5369">
    <p class='ocr_par' dir='ltr' id='par_1_98' title="bbox 225 5295 1806 5369">
     <span class='ocr_line' id='line_1_98' title="bbox 225 5295 1806 5369; baseline 0.001 -21"><span class='ocrx_word' id='word_1_775' title='bbox 225 5295 587 5366; x_wconf 80' lang='grc' dir='ltr'>εσταλμένης.</span> <span class='ocrx_word' id='word_1_776' title='bbox 636 5297 712 5349; x_wconf 86' lang='grc' dir='ltr'><strong>Οὐ</strong></span> <span class='ocrx_word' id='word_1_777' title='bbox 773 5297 876 5369; x_wconf 83' lang='grc' dir='ltr'><strong>γὰρ</strong></span> <span class='ocrx_word' id='word_1_778' title='bbox 920 5299 999 5354; x_wconf 80' lang='grc' dir='ltr'>ἔτι</span> <span class='ocrx_word' id='word_1_779' title='bbox 1051 5303 1169 5364; x_wconf 85' lang='grc' dir='ltr'>ταῖς</span> <span class='ocrx_word' id='word_1_780' title='bbox 1206 5299 1403 5365; x_wconf 78' lang='grc' dir='ltr'>ἔξωθεν</span> <span class='ocrx_word' id='word_1_781' title='bbox 1448 5298 1806 5369; x_wconf 82' lang='grc' dir='ltr'>δωροφορίαις</span> 
     </span>
    </p>
   </div>
   <div class='ocr_carea' id='block_1_99' title="bbox 226 5376 1804 5459">
    <p class='ocr_par' dir='ltr' id='par_1_99' title="bbox 226 5376 1804 5459">
     <span class='ocr_line' id='line_1_99' title="bbox 226 5376 1804 5459; baseline 0.001 -20"><span class='ocrx_word' id='word_1_782' title='bbox 226 5386 556 5458; x_wconf 86' lang='grc' dir='ltr'>θεραπεύειν</span> <span class='ocrx_word' id='word_1_783' title='bbox 581 5376 804 5458; x_wconf 80' lang='grc' dir='ltr'>οἰόμεθα</span> <span class='ocrx_word' id='word_1_784' title='bbox 835 5389 944 5442; x_wconf 85' lang='grc' dir='ltr'>δεῖν</span> <span class='ocrx_word' id='word_1_785' title='bbox 971 5391 1062 5446; x_wconf 82' lang='grc' dir='ltr'><strong>τὸν</strong></span> <span class='ocrx_word' id='word_1_786' title='bbox 1102 5392 1357 5445; x_wconf 84' lang='grc' dir='ltr'>ἁπάντων</span> <span class='ocrx_word' id='word_1_787' title='bbox 1397 5389 1620 5459; x_wconf 87' lang='grc' dir='ltr'>Κύριον,</span> <span class='ocrx_word' id='word_1_788' title='bbox 1653 5388 1714 5441; x_wconf 84' lang='grc' dir='ltr'><strong>τὸ</strong></span> <span class='ocrx_word' id='word_1_789' title='bbox 1745 5387 1804 5454; x_wconf 79' lang='grc' dir='ltr'>ἐξ</span> 
     </span>
    </p>
   </div>
   <div class='ocr_carea' id='block_1_100' title="bbox 227 5480 1800 5552">
    <p class='ocr_par' dir='ltr' id='par_1_100' title="bbox 227 5480 1800 5552">
     <span class='ocr_line' id='line_1_100' title="bbox 227 5480 1800 5552; baseline 0.001 -20"><span class='ocrx_word' id='word_1_790' title='bbox 227 5480 359 5550; x_wconf 74' lang='grc' dir='ltr'>ὕλης</span> <span class='ocrx_word' id='word_1_791' title='bbox 424 5480 672 5551; x_wconf 77' lang='grc' dir='ltr'>φθαρτῆς</span> <span class='ocrx_word' id='word_1_792' title='bbox 744 5481 1019 5537; x_wconf 84' lang='grc' dir='ltr'>συντελεῖν</span> <span class='ocrx_word' id='word_1_793' title='bbox 1070 5482 1413 5552; x_wconf 81' lang='grc' dir='ltr'>ἐπειγόμενοι</span> <span class='ocrx_word' id='word_1_794' title='bbox 1470 5480 1760 5551; x_wconf 88' lang='grc' dir='ltr'>δίδραχμον</span> <span class='ocrx_word' id='word_1_795' title='bbox 1789 5495 1800 5506; x_wconf 88' lang='grc'><strong>·</strong></span> 
     </span>
    </p>
   </div>
   <div class='ocr_carea' id='block_1_101' title="bbox 225 5570 1803 5645">
    <p class='ocr_par' dir='ltr' id='par_1_101' title="bbox 225 5570 1803 5645">
     <span class='ocr_line' id='line_1_101' title="bbox 225 5570 1803 5645; baseline -0.001 -21"><span class='ocrx_word' id='word_1_796' title='bbox 225 5571 474 5640; x_wconf 69' lang='grc' dir='ltr'>ἀληθινοὶ</span> <span class='ocrx_word' id='word_1_797' title='bbox 529 5571 586 5624; x_wconf 85' lang='grc' dir='ltr'><strong>δέ</strong></span> <span class='ocrx_word' id='word_1_798' title='bbox 635 5572 786 5636; x_wconf 72' lang='grc' dir='ltr'>ὅντες</span> <span class='ocrx_word' id='word_1_799' title='bbox 830 5575 1240 5645; x_wconf 79' lang='grc' dir='ltr'>προσκυνηταὶ,</span> <span class='ocrx_word' id='word_1_800' title='bbox 1288 5570 1698 5642; x_wconf 81' lang='grc' dir='ltr'>προσκυνοῦμεν</span> <span class='ocrx_word' id='word_1_801' title='bbox 1746 5573 1803 5622; x_wconf 82' lang='grc' dir='ltr'><strong>ἐν</strong></span> 
     </span>
    </p>
   </div>
   <div class='ocr_carea' id='block_1_102' title="bbox 228 5663 1804 5740">
    <p class='ocr_par' dir='ltr' id='par_1_102' title="bbox 228 5663 1804 5740">
     <span class='ocr_line' id='line_1_102' title="bbox 228 5663 1804 5740; baseline -0.004 -21"><span class='ocrx_word' id='word_1_802' title='bbox 228 5663 500 5734; x_wconf 82' lang='grc' dir='ltr'>πνεύματι</span> <span class='ocrx_word' id='word_1_803' title='bbox 564 5667 658 5719; x_wconf 76' lang='grc' dir='ltr'>καὶ</span> <span class='ocrx_word' id='word_1_804' title='bbox 691 5667 912 5740; x_wconf 74' lang='grc' dir='ltr'>ἀληθείᾳ</span> <span class='ocrx_word' id='word_1_805' title='bbox 958 5667 1034 5738; x_wconf 85' lang='grc' dir='ltr'>τῷ</span> <span class='ocrx_word' id='word_1_806' title='bbox 1069 5666 1189 5738; x_wconf 81' lang='grc' dir='ltr'><strong>Θεῷ</strong></span> <span class='ocrx_word' id='word_1_807' title='bbox 1228 5667 1319 5722; x_wconf 76' lang='grc' dir='ltr'>καὶ</span> <span class='ocrx_word' id='word_1_808' title='bbox 1355 5665 1549 5738; x_wconf 78' lang='grc' dir='ltr'>Πατρί.</span> <span class='ocrx_word' id='word_1_809' title='bbox 1589 5664 1804 5734; x_wconf 82' lang='grc' dir='ltr'>Ταύτην</span> 
     </span>
    </p>
   </div>
   <div class='ocr_carea' id='block_1_103' title="bbox 299 5835 1340 5912">
    <p class='ocr_par' dir='ltr' id='par_1_103' title="bbox 299 5835 1340 5912">
     <span class='ocr_line' id='line_1_103' title="bbox 299 5835 1340 5912; baseline 0.027 -42"><span class='ocrx_word' id='word_1_810' title='bbox 299 5837 421 5873; x_wconf 72' lang='grc' dir='ltr'>ιιι-οι</span> <span class='ocrx_word' id='word_1_811' title='bbox 441 5835 602 5895; x_wconf 59' lang='lat' dir='ltr'><strong>Joan,</strong></span> <span class='ocrx_word' id='word_1_812' title='bbox 641 5856 754 5909; x_wconf 64' lang='grc' dir='ltr'>χεν,</span> <span class='ocrx_word' id='word_1_813' title='bbox 787 5839 840 5895; x_wconf 81' lang='grc'>9,</span> <span class='ocrx_word' id='word_1_814' title='bbox 919 5842 962 5873; x_wconf 72' lang='grc'>’³</span> <span class='ocrx_word' id='word_1_815' title='bbox 995 5841 1131 5898; x_wconf 80' lang='lat' dir='ltr'><strong>Gen.</strong></span> <span class='ocrx_word' id='word_1_816' title='bbox 1172 5858 1215 5912; x_wconf 90' lang='lat' dir='ltr'><strong>I,</strong></span> <span class='ocrx_word' id='word_1_817' title='bbox 1259 5843 1340 5899; x_wconf 79' lang='grc' dir='ltr'><strong>Η.</strong></span> 
     </span>
    </p>
   </div>
   <div class='ocr_carea' id='block_1_104' title="bbox 1420 5841 2092 5915">
    <p class='ocr_par' dir='ltr' id='par_1_104' title="bbox 1420 5841 2092 5915">
     <span class='ocr_line' id='line_1_104' title="bbox 1420 5841 2092 5915; baseline 0.007 -20"><span class='ocrx_word' id='word_1_818' title='bbox 1420 5844 1463 5875; x_wconf 64' lang='grc'><strong>³⁸*</strong></span> <span class='ocrx_word' id='word_1_819' title='bbox 1493 5841 1668 5899; x_wconf 82' lang='lat' dir='ltr'><strong>Exod.</strong></span> <span class='ocrx_word' id='word_1_820' title='bbox 1707 5859 1836 5909; x_wconf 75' lang='lat' dir='ltr'><strong>xxx,</strong></span> <span class='ocrx_word' id='word_1_821' title='bbox 1871 5843 2092 5915; x_wconf 70' lang='lat' dir='ltr'><strong>passim.</strong></span> 
     </span>
    </p>
   </div>
   <div class='ocr_carea' id='block_1_105' title="bbox 1909 4742 3483 4825">
    <p class='ocr_par' dir='ltr' id='par_1_105' title="bbox 1909 4742 3483 4825">
     <span class='ocr_line' id='line_1_105' title="bbox 1909 4742 3483 4825; baseline 0.011 -30"><span class='ocrx_word' id='word_1_822' title='bbox 1909 4742 2076 4807; x_wconf 91' lang='lat' dir='ltr'><strong>enim,</strong></span> <span class='ocrx_word' id='word_1_823' title='bbox 2115 4743 2316 4815; x_wconf 88' lang='lat' dir='ltr'><strong>inquit,</strong></span> <span class='ocrx_word' id='word_1_824' title='bbox 2352 4766 2370 4798; x_wconf 88' lang='grc'><strong><em>‹</em></strong></span> <span class='ocrx_word' id='word_1_825' title='bbox 2413 4747 2700 4802; x_wconf 89' lang='lat' dir='ltr'><strong>Dominum</strong></span> <span class='ocrx_word' id='word_1_826' title='bbox 2738 4749 2805 4804; x_wconf 87' lang='lat' dir='ltr'><strong>de</strong></span> <span class='ocrx_word' id='word_1_827' title='bbox 2832 4752 2943 4804; x_wconf 89' lang='lat' dir='ltr'><strong>tuis</strong></span> <span class='ocrx_word' id='word_1_828' title='bbox 2971 4751 3139 4820; x_wconf 86' lang='lat' dir='ltr'><strong>justis</strong></span> <span class='ocrx_word' id='word_1_829' title='bbox 3185 4754 3483 4825; x_wconf 82' lang='lat' dir='ltr'><strong>laboribus,</strong></span> 
     </span>
    </p>
   </div>
   <div class='ocr_carea' id='block_1_106' title="bbox 1906 4835 3480 4914">
    <p class='ocr_par' dir='ltr' id='par_1_106' title="bbox 1906 4835 3480 4914">
     <span class='ocr_line' id='line_1_106' title="bbox 1906 4835 3480 4914; baseline 0.008 -26"><span class='ocrx_word' id='word_1_830' title='bbox 1906 4841 1961 4888; x_wconf 88' lang='lat' dir='ltr'><strong>et</strong></span> <span class='ocrx_word' id='word_1_831' title='bbox 1995 4835 2268 4905; x_wconf 88' lang='lat' dir='ltr'><strong>primitias</strong></span> <span class='ocrx_word' id='word_1_832' title='bbox 2293 4840 2340 4892; x_wconf 89' lang='lat' dir='ltr'><strong>ei</strong></span> <span class='ocrx_word' id='word_1_833' title='bbox 2368 4838 2567 4895; x_wconf 83' lang='lat' dir='ltr'><strong>oﬂeras</strong></span> <span class='ocrx_word' id='word_1_834' title='bbox 2600 4840 2667 4895; x_wconf 90' lang='lat' dir='ltr'><strong>de</strong></span> <span class='ocrx_word' id='word_1_835' title='bbox 2690 4842 2797 4897; x_wconf 90' lang='lat' dir='ltr'><strong>tuis</strong></span> <span class='ocrx_word' id='word_1_836' title='bbox 2824 4841 3094 4898; x_wconf 81' lang='lat' dir='ltr'><strong>fructibus</strong></span> <span class='ocrx_word' id='word_1_837' title='bbox 3113 4844 3344 4914; x_wconf 72' lang='lat' dir='ltr'><strong>justitiaa</strong></span> <span class='ocrx_word' id='word_1_838' title='bbox 3361 4848 3429 4902; x_wconf 80' lang='lat'><strong>&quot;.</strong></span> <span class='ocrx_word' id='word_1_839' title='bbox 3461 4867 3480 4900; x_wconf 74' lang='grc' dir='ltr'><strong>ι</strong></span> 
     </span>
    </p>
   </div>
   <div class='ocr_carea' id='block_1_107' title="bbox 1910 4927 3485 5007">
    <p class='ocr_par' dir='ltr' id='par_1_107' title="bbox 1910 4927 3485 5007">
     <span class='ocr_line' id='line_1_107' title="bbox 1910 4927 3485 5007; baseline 0.01 -28"><span class='ocrx_word' id='word_1_840' title='bbox 1910 4927 2062 4991; x_wconf 80' lang='lat' dir='ltr'><strong>Quod</strong></span> <span class='ocrx_word' id='word_1_841' title='bbox 2099 4938 2245 4983; x_wconf 90' lang='lat' dir='ltr'><strong>certe</strong></span> <span class='ocrx_word' id='word_1_842' title='bbox 2280 4946 2499 5000; x_wconf 91' lang='lat' dir='ltr'><strong>quoque</strong></span> <span class='ocrx_word' id='word_1_843' title='bbox 2529 4932 2779 5002; x_wconf 87' lang='lat' dir='ltr'><strong>contigit,</strong></span> <span class='ocrx_word' id='word_1_844' title='bbox 2807 4935 2956 4988; x_wconf 88' lang='lat' dir='ltr'><strong>cultu</strong></span> <span class='ocrx_word' id='word_1_845' title='bbox 2988 4935 3148 5006; x_wconf 90' lang='lat' dir='ltr'><strong>legali</strong></span> <span class='ocrx_word' id='word_1_846' title='bbox 3184 4953 3280 5007; x_wconf 89' lang='lat' dir='ltr'><strong>per</strong></span> <span class='ocrx_word' id='word_1_847' title='bbox 3318 4955 3485 4995; x_wconf 83' lang='lat' dir='ltr'><strong>evan-</strong></span> 
     </span>
    </p>
   </div>
   <div class='ocr_carea' id='block_1_108' title="bbox 1910 5019 3486 5096">
    <p class='ocr_par' dir='ltr' id='par_1_108' title="bbox 1910 5019 3486 5096">
     <span class='ocr_line' id='line_1_108' title="bbox 1910 5019 3486 5096; baseline 0.009 -25"><span class='ocrx_word' id='word_1_848' title='bbox 1910 5019 2137 5089; x_wconf 87' lang='lat' dir='ltr'><strong>gelicam</strong></span> <span class='ocrx_word' id='word_1_849' title='bbox 2206 5019 2513 5075; x_wconf 83' lang='lat' dir='ltr'><strong>doctrinam</strong></span> <span class='ocrx_word' id='word_1_850' title='bbox 2570 5024 2792 5078; x_wconf 88' lang='lat' dir='ltr'><strong>tandem</strong></span> <span class='ocrx_word' id='word_1_851' title='bbox 2833 5041 3106 5096; x_wconf 84' lang='lat' dir='ltr'><strong>represso.</strong></span> <span class='ocrx_word' id='word_1_852' title='bbox 3159 5028 3281 5086; x_wconf 86' lang='lat' dir='ltr'><strong>Non</strong></span> <span class='ocrx_word' id='word_1_853' title='bbox 3315 5031 3486 5086; x_wconf 77' lang='lat' dir='ltr'><strong>.enim</strong></span> 
     </span>
    </p>
   </div>
   <div class='ocr_carea' id='block_1_109' title="bbox 1909 5111 3484 5192">
    <p class='ocr_par' dir='ltr' id='par_1_109' title="bbox 1909 5111 3484 5192">
     <span class='ocr_line' id='line_1_109' title="bbox 1909 5111 3484 5192; baseline 0.009 -27"><span class='ocrx_word' id='word_1_854' title='bbox 1909 5111 2152 5166; x_wconf 78' lang='lat' dir='ltr'><strong>externis</strong></span> <span class='ocrx_word' id='word_1_855' title='bbox 2180 5113 2500 5168; x_wconf 89' lang='lat' dir='ltr'><strong>muneribus</strong></span> <span class='ocrx_word' id='word_1_856' title='bbox 2530 5117 2765 5185; x_wconf 89' lang='lat' dir='ltr'><strong>amplius</strong></span> <span class='ocrx_word' id='word_1_857' title='bbox 2819 5119 3107 5174; x_wconf 90' lang='lat' dir='ltr'><strong>colendum</strong></span> <span class='ocrx_word' id='word_1_858' title='bbox 3142 5136 3268 5177; x_wconf 84' lang='lat' dir='ltr'><strong>esse</strong></span> <span class='ocrx_word' id='word_1_859' title='bbox 3326 5133 3484 5192; x_wconf 83' lang='lat' dir='ltr'><strong>puta-</strong></span> 
     </span>
    </p>
   </div>
   <div class='ocr_carea' id='block_1_110' title="bbox 1913 5205 3485 5284">
    <p class='ocr_par' dir='ltr' id='par_1_110' title="bbox 1913 5205 3485 5284">
     <span class='ocr_line' id='line_1_110' title="bbox 1913 5205 3485 5284; baseline 0.008 -26"><span class='ocrx_word' id='word_1_860' title='bbox 1913 5219 2033 5258; x_wconf 90' lang='lat' dir='ltr'><strong>mus</strong></span> <span class='ocrx_word' id='word_1_861' title='bbox 2064 5205 2301 5260; x_wconf 88' lang='lat' dir='ltr'><strong>universi</strong></span> <span class='ocrx_word' id='word_1_862' title='bbox 2330 5205 2522 5274; x_wconf 90' lang='lat' dir='ltr'><strong>Deum,</strong></span> <span class='ocrx_word' id='word_1_863' title='bbox 2549 5209 2928 5264; x_wconf 79' lang='lat' dir='ltr'><strong>didrachmum</strong></span> <span class='ocrx_word' id='word_1_864' title='bbox 2961 5227 2992 5268; x_wconf 87' lang='lat' dir='ltr'><strong>e</strong></span> <span class='ocrx_word' id='word_1_865' title='bbox 3013 5215 3354 5284; x_wconf 90' lang='lat' dir='ltr'><strong>corruptibili</strong></span> <span class='ocrx_word' id='word_1_866' title='bbox 3371 5230 3485 5270; x_wconf 86' lang='lat' dir='ltr'><strong>ma-</strong></span> 
     </span>
    </p>
   </div>
   <div class='ocr_carea' id='block_1_111' title="bbox 1914 5296 3483 5365">
    <p class='ocr_par' dir='ltr' id='par_1_111' title="bbox 1914 5296 3483 5365">
     <span class='ocr_line' id='line_1_111' title="bbox 1914 5296 3483 5365; baseline 0.008 -16"><span class='ocrx_word' id='word_1_867' title='bbox 1914 5296 2046 5350; x_wconf 88' lang='lat' dir='ltr'><strong>teria</strong></span> <span class='ocrx_word' id='word_1_868' title='bbox 2084 5297 2318 5365; x_wconf 84' lang='lat' dir='ltr'><strong>pendere</strong></span> <span class='ocrx_word' id='word_1_869' title='bbox 2340 5301 2552 5354; x_wconf 89' lang='lat' dir='ltr'><strong>coacti:</strong></span> <span class='ocrx_word' id='word_1_870' title='bbox 2585 5303 2679 5355; x_wconf 83' lang='lat' dir='ltr'><strong>sed</strong></span> <span class='ocrx_word' id='word_1_871' title='bbox 2705 5317 2829 5357; x_wconf 91' lang='lat' dir='ltr'><strong>cum</strong></span> <span class='ocrx_word' id='word_1_872' title='bbox 2864 5304 3038 5360; x_wconf 88' lang='lat' dir='ltr'><strong>simus</strong></span> <span class='ocrx_word' id='word_1_873' title='bbox 3073 5309 3183 5361; x_wconf 87' lang='lat' dir='ltr'><strong>veri</strong></span> <span class='ocrx_word' id='word_1_874' title='bbox 3225 5307 3483 5362; x_wconf 87' lang='lat' dir='ltr'><strong>adorato-</strong></span> 
     </span>
    </p>
   </div>
   <div class='ocr_carea' id='block_1_112' title="bbox 1914 5390 3484 5462">
    <p class='ocr_par' dir='ltr' id='par_1_112' title="bbox 1914 5390 3484 5462">
     <span class='ocr_line' id='line_1_112' title="bbox 1914 5390 3484 5462; baseline 0.009 -19"><span class='ocrx_word' id='word_1_875' title='bbox 1914 5405 2023 5454; x_wconf 87' lang='lat' dir='ltr'><strong>res,</strong></span> <span class='ocrx_word' id='word_1_876' title='bbox 2051 5390 2349 5446; x_wconf 91' lang='lat' dir='ltr'><strong>adoramus</strong></span> <span class='ocrx_word' id='word_1_877' title='bbox 2379 5393 2432 5446; x_wconf 93' lang='lat' dir='ltr'><strong>in</strong></span> <span class='ocrx_word' id='word_1_878' title='bbox 2471 5393 2669 5462; x_wconf 91' lang='lat' dir='ltr'><strong>spiritu</strong></span> <span class='ocrx_word' id='word_1_879' title='bbox 2713 5405 2766 5450; x_wconf 87' lang='lat' dir='ltr'><strong>et</strong></span> <span class='ocrx_word' id='word_1_880' title='bbox 2801 5397 3035 5452; x_wconf 85' lang='lat' dir='ltr'><strong>veritate</strong></span> <span class='ocrx_word' id='word_1_881' title='bbox 3069 5397 3237 5454; x_wconf 87' lang='lat' dir='ltr'><strong>Deum</strong></span> <span class='ocrx_word' id='word_1_882' title='bbox 3273 5415 3340 5456; x_wconf 87' lang='lat' dir='ltr'><strong>ac</strong></span> <span class='ocrx_word' id='word_1_883' title='bbox 3385 5399 3484 5456; x_wconf 81' lang='lat' dir='ltr'><strong>Pa-</strong></span> 
     </span>
    </p>
   </div>
   <div class='ocr_carea' id='block_1_113' title="bbox 1913 5481 3484 5556">
    <p class='ocr_par' dir='ltr' id='par_1_113' title="bbox 1913 5481 3484 5556">
     <span class='ocr_line' id='line_1_113' title="bbox 1913 5481 3484 5556; baseline 0.007 -22"><span class='ocrx_word' id='word_1_884' title='bbox 1913 5490 2071 5537; x_wconf 89' lang='lat' dir='ltr'><strong>trem.</strong></span> <span class='ocrx_word' id='word_1_885' title='bbox 2107 5481 2259 5537; x_wconf 90' lang='lat' dir='ltr'><strong>llanc</strong></span> <span class='ocrx_word' id='word_1_886' title='bbox 2299 5485 2353 5539; x_wconf 91' lang='lat' dir='ltr'><strong>in</strong></span> <span class='ocrx_word' id='word_1_887' title='bbox 2385 5485 2565 5540; x_wconf 87' lang='lat' dir='ltr'><strong>littera</strong></span> <span class='ocrx_word' id='word_1_888' title='bbox 2601 5487 2759 5556; x_wconf 90' lang='lat' dir='ltr'><strong>legali</strong></span> <span class='ocrx_word' id='word_1_889' title='bbox 2788 5488 3116 5544; x_wconf 75' lang='lat' dir='ltr'><strong>sententiam</strong></span> <span class='ocrx_word' id='word_1_890' title='bbox 3151 5489 3324 5545; x_wconf 87' lang='lat' dir='ltr'><strong>latere</strong></span> <span class='ocrx_word' id='word_1_891' title='bbox 3350 5504 3484 5546; x_wconf 85' lang='lat' dir='ltr'><strong>cen-</strong></span> 
     </span>
    </p>
   </div>
   <div class='ocr_carea' id='block_1_114' title="bbox 1907 5575 3486 5654">
    <p class='ocr_par' dir='ltr' id='par_1_114' title="bbox 1907 5575 3486 5654">
     <span class='ocr_line' id='line_1_114' title="bbox 1907 5575 3486 5654; baseline 0.003 -24"><span class='ocrx_word' id='word_1_892' title='bbox 1907 5575 2135 5630; x_wconf 89' lang='lat' dir='ltr'><strong>sendum</strong></span> <span class='ocrx_word' id='word_1_893' title='bbox 2167 5583 2270 5632; x_wconf 91' lang='lat' dir='ltr'><strong>est.</strong></span> <span class='ocrx_word' id='word_1_894' title='bbox 2301 5575 2438 5631; x_wconf 87' lang='lat' dir='ltr'><strong>Cum</strong></span> <span class='ocrx_word' id='word_1_895' title='bbox 2476 5578 2642 5648; x_wconf 88' lang='lat' dir='ltr'><strong>igitur</strong></span> <span class='ocrx_word' id='word_1_896' title='bbox 2679 5578 2942 5636; x_wconf 86' lang='lat' dir='ltr'><strong>Dominus</strong></span> <span class='ocrx_word' id='word_1_897' title='bbox 2981 5589 3130 5637; x_wconf 87' lang='lat' dir='ltr'><strong>esset</strong></span> <span class='ocrx_word' id='word_1_898' title='bbox 3169 5579 3486 5654; x_wconf 80' lang='lat' dir='ltr'><strong>Hierosoly-</strong></span> 
     </span>
    </p>
   </div>
   <div class='ocr_carea' id='block_1_115' title="bbox 1910 5667 3482 5742">
    <p class='ocr_par' dir='ltr' id='par_1_115' title="bbox 1910 5667 3482 5742">
     <span class='ocr_line' id='line_1_115' title="bbox 1910 5667 3482 5742; baseline 0.004 -20"><span class='ocrx_word' id='word_1_899' title='bbox 1910 5669 2033 5732; x_wconf 88' lang='lat' dir='ltr'><strong>mis,</strong></span> <span class='ocrx_word' id='word_1_900' title='bbox 2066 5675 2350 5724; x_wconf 75' lang='lat' dir='ltr'><strong>exactores</strong></span> <span class='ocrx_word' id='word_1_901' title='bbox 2387 5667 2696 5726; x_wconf 88' lang='lat' dir='ltr'><strong>didrachmi</strong></span> <span class='ocrx_word' id='word_1_902' title='bbox 2739 5669 2962 5728; x_wconf 85' lang='lat' dir='ltr'><strong>Petrum</strong></span> <span class='ocrx_word' id='word_1_903' title='bbox 3018 5673 3482 5742; x_wconf 80' lang='lat' dir='ltr'><strong>percontabantur</strong></span> 
     </span>
    </p>
   </div>
   <div class='ocr_carea' id='block_1_116' title="bbox 2171 5839 2601 5913">
    <p class='ocr_par' dir='ltr' id='par_1_116' title="bbox 2171 5839 2601 5913">
     <span class='ocr_line' id='line_1_116' title="bbox 2171 5839 2601 5913; baseline 0.005 -18"><span class='ocrx_word' id='word_1_904' title='bbox 2171 5844 2211 5876; x_wconf 83' lang='lat'>&quot;</span> <span class='ocrx_word' id='word_1_905' title='bbox 2250 5839 2409 5899; x_wconf 77' lang='lat' dir='ltr'><strong>Prov.</strong></span> <span class='ocrx_word' id='word_1_906' title='bbox 2439 5857 2520 5913; x_wconf 82' lang='lat' dir='ltr'><strong>tu,</strong></span> <span class='ocrx_word' id='word_1_907' title='bbox 2551 5844 2601 5898; x_wconf 85' lang='lat'><strong>9.</strong></span> 
     </span>
    </p>
   </div>
  </div>
