4244 6500
742 374 833 428 3H
1742 384 1799 437 S.
1826 382 2100 436 CXRILLI
2135 382 2603 438 ALEXANDRINi
2631 384 2949 440 AliClllEP.

3912 398 4022 451 5ίὲ

740 500 829 557 bis
851 501 1071 557 verbis:
1104 520 1121 551 ι
1175 498 1430 569 Magister
1475 506 1657 552 vester
1707 514 1813 551 non
1864 500 2025 552 solvit
2061 499 2319 553 didrach-
2355 513 2391 559 Α

2355 513 2391 559 Α
2426 500 2802 571 ἐγκεκρύφθαι
2872 502 2949 570 τῷ
3012 504 3222 574 νομικῴ
3289 506 3577 577 γράμματι
3628 508 3725 578 τὴν
3779 508 4020 564 διάνοιαν

738 613 889 650 mum
914 595 978 647 ".
1012 613 1028 645 ι
1060 593 1218 647 Jesus
1245 599 1423 645 autem
1448 592 1622 659 ipsum
1647 592 1700 646 in
1727 592 1871 646 mdes
1899 591 2315 660 ingredientem,

740 691 800 737 ut
833 684 1099 752 scriptum
1132 690 1235 745 est,
1268 680 1528 751 prrevenit
1555 680 1745 735 dicens
1774 701 1783 734 :
1831 702 1848 732 ι
1891 684 2068 750 Reges
2102 692 2259 735 terra:
2289 696 2318 734 a

737 778 937 847 quibus
972 776 1252 845 accipiunt
1311 776 1599 833 tributum.
1644 785 1736 828 aut
1786 776 2059 829 censum?
2108 776 2148 827 Α
2194 777 2318 829 liliis

738 870 874 931 suis,
923 884 991 921 an
1035 870 1104 922 ab
1140 867 1443 922 alienis”?
1482 886 1498 916 ι
1544 867 1680 921 Cum
1718 868 2137 937 respondisset:
2178 888 2195 919 ‹
2249 869 2319 922 ab

737 958 956 1020 alienis,
984 958 1123 1011 dixit
1151 955 1351 1011 Jcsus:
1389 956 1573 1011 Liberi
1617 972 1749 1027 ergo
1785 967 1913 1011 sunt
1956 958 2070 1012 ﬁlii.
2108 959 2212 1013 Sed
2251 975 2318 1013 ne

736 1047 1178 1102 scandalizemus
1231 1064 1362 1109 eos,
1436 1048 1647 1102 vadens
1704 1049 1769 1101 ad
1840 1064 1989 1105 mare
2043 1050 2164 1118 jaec
2220 1052 2317 1103 ha-

735 1157 906 1202 mum,
942 1150 1001 1195 et
1054 1142 1289 1211 primum
1333 1142 1422 1212 qui
1475 1144 1785 1197 ascenderit
1828 1143 2031 1211 piscem
2064 1145 2224 1205 tolle;
2265 1155 2317 1197 et

734 1233 990 1301 aperiens
1028 1248 1090 1287 os
1127 1234 1245 1299 ejus
1288 1234 1534 1288 invenies
1570 1244 1853 1296 staterem,
1899 1251 2061 1303 quem
2117 1235 2182 1287 da
2219 1250 2316 1303 pro

735 1339 821 1375 ine
851 1332 906 1376 et
946 1326 1061 1378 te‘.
1098 1343 1115 1373 ι
1148 1324 1343 1378 Cernis
1372 1324 1571 1378 Filium
1617 1326 1757 1379 fcrre
1796 1341 1901 1378 non
1940 1341 2100 1395 posse
2145 1335 2204 1379 ut
2246 1328 2316 1381 sit

734 1414 1084 1477 tributarius,
1128 1431 1307 1485 neque
1340 1416 1512 1470 instar
1547 1418 1710 1471 unius
1737 1433 1801 1471 ex
1844 1418 1912 1470 iis
1947 1418 2039 1485 qui
2064 1419 2314 1472 servituti

734 1511 863 1557 sunt
888 1504 1135 1570 obnoxii,
1167 1524 1281 1560 rem
1335 1508 1588 1561 servilem
1652 1510 1967 1563 sustinere?
2023 1510 2157 1563 Nam
2190 1527 2313 1565 cum

733 1612 847 1651 sua:
879 1606 1088 1653 naturae
1118 1599 1344 1653 liberam
1378 1600 1699 1666 dignitatem
1742 1617 1863 1654 esse
1910 1602 2075 1663 norit,
2115 1604 2314 1657 servile

733 1686 870 1739 nihil
904 1701 963 1740 se
1003 1687 1204 1741 debere
1238 1686 1349 1741 Deo
1386 1698 1438 1741 et
1508 1686 1658 1740 Patri
1714 1688 1947 1741 allirmat
1981 1709 1992 1742 :
2057 1709 2075 1740 ‹
2132 1689 2314 1745 Liberi

731 1778 874 1830 enim
935 1787 1065 1833 snnt
1112 1778 1229 1845 ﬁlii,
1269 1798 1286 1829 ›
1331 1779 1531 1849 inquit.
1595 1780 1881 1845 Quomodo
1940 1796 2072 1851 ergo
2119 1783 2315 1835 adorat

2424 593 2811 661 ὑποτοπητὼν.
2860 596 2945 657 Ὡς
2970 592 3062 648 οὖν
3097 599 3153 648 ἐν
3181 600 3293 659 τοῖς
3342 598 3739 670 Ἰεροσολύμοις
3762 603 3791 654 ὁ
3811 601 4020 670 Κύριος

2420 678 2508 750 ἦν,
2541 686 2591 735 οἱ
2630 686 2723 737 τοῦ
2763 686 3058 757 διδράχμου
3095 692 3414 759 πρακτῆρες
3443 693 3878 746 ἀνεπυνθάνοντο
3919 695 4018 745 τοῦ

2422 774 2629 843 Πέτρου
2659 774 2932 842 λέγοντος·
2971 797 2988 828 ι
3039 780 3097 830 '0
3126 780 3443 844 διδάσκαλος
3477 782 3633 852 ὑμῶν
3675 785 3735 835 οὐ
3776 785 3924 837 τελεῖ
3956 786 4020 838 τὸ

2419 864 2729 934 δίδραχμον.
2772 884 2789 915 ι
2822 867 3145 921 Εἰσελθόντα
3190 870 3245 921 δὲ
3292 872 3370 933 εἰς
3417 873 3515 940 τὴν
3555 873 3761 935 οἰκίαν,
3802 875 3878 937 ὡς
3920 877 4019 943 γὲ-

2420 972 2685 1024 γραπται,
2731 958 3076 1028 προέφθασεν
3123 961 3286 1014 αὑτὸν
3333 964 3360 1014 ὁ
3402 963 3612 1031 Ἰησοῦς
3645 964 3817 1033 λέγων
3843 1008 3857 1029 ,
3900 986 3919 1018 ι
3949 968 4015 1019 υἱ

2422 1048 2664 1117 βασιλεῖς
2706 1051 2803 1119 τῆς
2850 1053 2953 1121 γῆς
2986 1053 3092 1105 ἀπὸ
3134 1053 3298 1106 τίνων
3357 1055 3692 1125 λαμϐάνουσι
3740 1058 3921 1120 τέλος,
3976 1061 4010 1128 ῆ

2420 1140 2655 1207 κῆνσον;
2726 1142 2857 1193 Ἀπὸ
2896 1144 3005 1195 τῶν
3056 1144 3187 1197 υἰῶν
3221 1145 3431 1211 αὐτῶν,
3484 1148 3516 1217 ἢ
3557 1148 3666 1200 ἀπὸ
3695 1149 3804 1201 τῶν
3851 1150 4012 1202 ἀλλο-

2418 1229 2619 1301 τρίων;
2658 1250 2673 1280 ι
2706 1232 2961 1295 Εἰπόντος
2996 1234 3051 1286 δὲ
3090 1234 3275 1298 αὐτοῦ,
3323 1256 3338 1286 ι
3389 1237 3525 1289 Ἀπὸ
3550 1238 3658 1289 τῶν
3688 1239 4008 1307 ἀλλοτρίων,

2418 1320 2521 1390 ἔφη
2545 1325 2573 1375 ὁ
2612 1324 2840 1389 Ἰησοῦς·
2895 1325 3039 1395 ’Λρα
3080 1326 3357 1397 ἐλεύθεροί
3394 1330 3535 1382 εἰσιν
3565 1331 3615 1381 οἰ
3646 1330 3771 1385 υἱοί.
3804 1332 3919 1384 Ἶνα
3952 1334 4011 1385 δὲ

2421 1412 2496 1483 μὴ
2529 1414 2973 1485 σκανδαλίσωμεν
3004 1418 3223 1480 αὐτοὺς,
3255 1419 3543 1488 πορευθεὶς
3570 1422 3649 1482 είς
3678 1421 3777 1490 τὴν
3808 1421 4012 1474 θάλασ-

2419 1524 2516 1558 σαν
2574 1507 2703 1575 βάλε
2756 1508 3051 1580 ἄγκιστρον
3077 1552 3090 1575 ,
3133 1512 3225 1563 καὶ
3267 1511 3357 1564 τὸν
3398 1512 3757 1566 ἀναϐαίνοντα
3790 1514 4009 1582 πρῶτον

2421 1599 2571 1667 ἰχθὺν
2604 1596 2736 1670 ἆρον
2765 1642 2779 1665 ,
2835 1602 2927 1653 καὶ
2960 1602 3179 1667 ἀνοίξας
3224 1603 3285 1655 τὸ
3332 1605 3505 1674 στόμα
3548 1606 3709 1657 αὐτοῦ
3752 1608 4009 1676 εὑρήσεις

2419 1690 2663 1761 στατῆρα
2690 1731 2704 1752 ,
2751 1695 2954 1746 ἐκεῖνον
2994 1693 3177 1747 λαϐὼν
3208 1695 3295 1757 δὸς
3333 1697 3517 1759 αὐτοῖς
3564 1699 3685 1750 ἀντί
3714 1698 3869 1766 ἐμοῦ,
3914 1700 4012 1752 καὶ

2420 1781 2534 1834 σοῦ.
2569 1802 2585 1831 ι
2637 1781 2800 1852 Ὀρᾷς
2845 1784 2945 1836 οὐκ
2986 1786 3313 1855 ἀνεχόμενον
3352 1788 3584 1857 ὑποτελῆ
3620 1790 3873 1855 γενέσθαι
3915 1790 4009 1842 τὸν

732 1866 873 1919 servi
907 1881 1080 1929 more,
1105 1883 1283 1937 neque
1319 1868 1371 1921 id
1406 1869 1651 1921 invitus?
1680 1868 1783 1933 Qui
1815 1879 1998 1922 autem
2025 1869 2108 1923 vel
2136 1868 2309 1937 ipsam
2345 1866 2385 1923 Β

2345 1866 2385 1923 Β
2416 1873 2563 1934 Υἱὸν,
2601 1874 2721 1926 οὐδὲ
2752 1875 2826 1937 ὡς
2868 1875 2964 1928 ’ἑνα
2994 1876 3102 1928 τῶν
3140 1877 3245 1930 ὑπὸ
3274 1879 3366 1930 τὸν
3408 1880 3507 1949 τῆς
3538 1879 3781 1943 δουλείας
3817 1880 4005 1948 ζυγὸν,

731 1958 809 2013 rei
867 1958 1098 2029 ﬁguram
1140 1961 1389 2029 respuit,
1451 1960 1727 2026 quomodo
1791 1962 2076 2015 veritatem
2135 1962 2309 2029 ipsam

730 2053 1081 2120 susceperit?
1134 2052 1329 2105 Annon
1383 2053 1528 2106 enim
1608 2054 1985 2106 adorationem
2040 2053 2307 2107 tributum

730 2148 826 2191 aut
882 2140 1213 2194 oblationem
1269 2141 1567 2210 quamdam
1627 2142 1928 2211 spiritalem
1969 2143 2308 2197 existimabi-

732 2246 875 2297 mus,
902 2240 954 2286 et
980 2231 1262 2286 servitutis
1284 2248 1459 2303 genus
1481 2232 1656 2301 ipsam
1679 2247 1803 2287 esse
1824 2233 2112 2288 dicemus?
2134 2232 2307 2299 Quam

728 2321 979 2377 enim.ob
1011 2338 1235 2379 causam
1268 2326 1358 2378 lex
1387 2325 1697 2380 adorationi
1726 2326 2044 2381 servitutem
2073 2327 2311 2397 conjun-

730 2416 830 2477 xit,
876 2414 1103 2470 dicens:
1146 2435 1165 2468 ι
1201 2416 1492 2471 Dominum
1525 2416 1690 2471 Deum
1736 2425 1891 2472 tuum
1927 2419 2202 2482 adorabis.
2256 2428 2311 2475 et

729 2508 835 2577 ipsi
888 2508 1048 2579 190
1103 2510 1205 2564 soli
1260 2511 1532 2566 servies'.
1598 2529 1616 2560 ι
1666 2510 1880 2566 Etenim
1927 2512 2097 2581 janua
2140 2512 2308 2569 veluti

728 2601 977 2671 quaedam
1017 2612 1073 2657 et
1102 2604 1189 2656 via
1212 2603 1464 2673 obsequii
1501 2604 1795 2674 praestandi
1845 2604 2111 2670 adoratio,
2152 2607 2310 2675 princ

728 2694 936 2764 eipium
997 2694 1207 2749 habens
1261 2696 1581 2750 servitutem
1639 2711 1767 2766 erga
1816 2695 2008 2751 Deum.
2075 2697 2311 2768 Ideoque

727 2784 1022 2840 Psalmista
1061 2786 1356 2841 nonnullos
1394 2787 1686 2856 compellat
1720 2788 1805 2842 his
1833 2787 2013 2842 verbis
2061 2788 2305 2843 alicubi:

736 2896 753 2926 ι
790 2875 1006 2943 Venite,
1038 2878 1357 2944 adoremus,
1392 2886 1447 2932 et
1491 2880 1848 2948 procidamus
1891 2886 2017 2933 ante
2070 2893 2219 2942 eum,
2256 2887 2310 2933 et

726 2972 1005 3043 ploremus
1033 2986 1217 3026 coram
1252 2971 1482 3026 Domino
1500 2972 1591 3041 qui
1620 2970 1745 3025 fecit
1770 2972 1928 3026 nos’.
1958 2989 1975 3021 ι
1996 2970 2161 3024 Vides
2184 2985 2311 3040 pro-

727 3066 911 3121 cidere
952 3065 1105 3134 sequi
1142 3075 1196 3118 et
1246 3064 1602 3133 conjunctum
1647 3078 1770 3118 esse
1801 3062 2152 3117 adorationi?
2189 3061 2310 3128 Quo

726 3156 860 3228 quid
899 3158 1072 3226 magis
1105 3170 1265 3211 servo
1299 3156 1591 3210 conveniat
1639 3155 1781 3223 apud
1838 3170 1934 3209 eos
1982 3155 2073 3224 qui
2121 3170 2304 3208 rerum

728 3250 1019 3322 qualitates
1041 3257 1191 3304 recte
1210 3249 1507 3311 aestimant,
1533 3247 1717 3301 dicere
1744 3263 1852 3301 non
1884 3262 2131 3317 possum.
2154 3247 2307 3312 Quod

728 3344 773 3399 si
820 3351 1177 3413 perseverant
1222 3341 1550 3403 adversarii,
1603 3341 1898 3410 praefracta
1965 3340 2310 3409 impudentia

728 3436 857 3489 elati
884 3476 900 3501 ,
933 3444 989 3489 et
1018 3435 1232 3494 frivolis
1265 3435 1575 3490 rationibus
1619 3434 1735 3488 haec
1765 3442 2017 3487 astruere
2048 3447 2157 3485 non
2186 3446 2309 3488 ces-

728 3538 873 3589 sant.
916 3528 1212 3584 ostendant
1276 3529 1439 3583 nobis
1470 3528 1728 3582 universa
1782 3525 2069 3596 Scriptura
2116 3533 2307 3579 sancta

729 3620 1039 3691 pervoluta,
1062 3620 1262 3673 Filium
1302 3619 1470 3675 Deum
1499 3628 1555 3673 et
1598 3617 1812 3673 Patrem
1854 3618 2141 3676 adorasse,
2183 3629 2308 3669 cum

731 3712 937 3765 nudum
993 3710 1179 3765 adhuc
1228 3719 1376 3766 esset
1430 3708 1700 3773 Verbum,
1737 3716 1864 3761 ante
1915 3706 2311 3761 incarnationis

728 3813 999 3872 tempora,
1025 3812 1080 3858 et
1119 3802 1269 3856 illam
1311 3802 1459 3857 servi
1510 3800 1764 3856 formam.
1828 3799 1987 3854 Nunc
2020 3801 2166 3858 enim
2203 3814 2308 3869 qua

728 3895 897 3950 homo
922 3896 1060 3949 citra
1087 3895 1570 3965 reprehensionem
1621 3894 1838 3957 adorat,
1875 3894 1969 3949 sed
2015 3903 2164 3957 tunc,
2198 3907 2308 3946 non

730 3987 880 4041 item.
905 3985 1013 4041 Sed
1041 4001 1107 4043 ex
1136 3985 1341 4041 divinis
1370 3986 1655 4055 sacrisque
1678 3984 1903 4039 Litteris
1936 3985 1987 4039 id
2020 3984 2310 4039 ostendere

730 4092 1013 4147 nunquam
1046 4086 1327 4148 poterunt;
1359 4093 1550 4132 verum
1580 4092 1706 4131 cum
1745 4077 1903 4132 nobis
1934 4076 2307 4145 conjecturas,

728 4178 785 4223 et
833 4170 1055 4239 putidas
1118 4170 1417 4239 argutiolas
1458 4177 1807 4235 coacervent,
1856 4170 1979 4238 jure
2040 4168 2303 4222 audient:

736 4279 757 4311 ι
796 4255 1005 4315 Erratis
1066 4262 1370 4315 nescientes
1443 4258 1782 4329 Scripturas,
1816 4274 1993 4328 neque
2050 4259 2308 4313 virtutem

730 4351 826 4406 Dei
852 4351 893 4415 ‘,
940 4369 958 4401 ι
986 4361 1039 4407 et
1062 4352 1290 4421 gloriam
1328 4336 1621 4420 Uhigeniti.
1651 4349 1807 4415 Quod
1850 4351 1993 4403 enim
2032 4359 2307 4419 quatenus

728 4442 975 4499 Verbum
1012 4459 1077 4498 ac
1108 4442 1253 4497 Deus
1298 4457 1407 4496 non
1461 4442 1672 4505 adoret,
1734 4441 1827 4496 sed
1888 4441 2063 4495 nostri
2109 4440 2307 4495 similis

2418 1966 2709 2034 ὑπομεῖναι
2775 1969 3010 2039 πρᾶγμα
3068 1969 3461 2040 δουλοπρεπέςς
3513 1972 3682 2034 Εἰδὼς
3742 1973 3851 2042 γάρ
3905 1973 4007 2039 τῆς

2414 2057 2609 2108 ἑαυτοῦ
2643 2058 2858 2124 φύσεως
2886 2058 2947 2111 τὸ
2969 2060 3252 2130 ἐλεύθερον
3284 2062 3522 2132 ἀξίωμα,
3550 2066 3819 2117 οἰκετικὸν
3849 2065 4007 2117 οὐδὲν

2412 2148 2719 2217 ὲποφείλειν
2746 2150 2823 2220 τῷ
2840 2150 2957 2222 Θεῷ
2981 2152 3073 2204 καὶ
3104 2153 3279 2224 Πατρὶ
3307 2152 3721 2224 διϊσχυρίξεται.
3761 2175 3779 2207 ι
3822 2155 4007 2209 Elati-

2413 2241 2561 2311 θεροι
2590 2241 2698 2312 γάρ
2721 2243 2859 2295 εἰσιν
2889 2245 2937 2295 οἱ
2972 2245 3098 2307 υἱοὶ,
3140 2264 3157 2296 ι
3194 2246 3379 2316 φησίν.
3410 2241 3532 2307 Πῶς
3554 2242 3647 2298 οὖν
3674 2248 3774 2299 οὐκ
3806 2248 4001 2301 ἀνεθέ-

2412 2331 2573 2405 λητον
2617 2334 2729 2403 ἔχει
2762 2336 2859 2406 τὴν
2885 2336 3230 2407 δουλοπρεπῆ
3266 2338 3677 2408 προσκύνησιν;
3724 2340 3783 2393 '0
3816 2340 3873 2391 δὲ
3906 2357 4006 2393 και

2413 2425 2549 2494 πρὸς
2588 2426 2749 2494 μόνον
2779 2427 3170 2497 ἀποναρκήσας
3199 2428 3290 2480 τὸν
3321 2427 3411 2479 τοῦ
3453 2429 3779 2498 πράγματος
3807 2430 4000 2493 τύπον,

2413 2516 2529 2579 πῶς
2574 2516 2641 2569 ἂν
2689 2518 2858 2589 αὐτὴν
2904 2520 3267 2585 καταδέξαιτο
3307 2520 3407 2590 τὴν
3458 2520 3757 2589 ἀλήθειαν;
3792 2524 3862 2573 Ἢ
3890 2522 4001 2592 γὰρ

2410 2607 2507 2676 οὐχ
2536 2608 2621 2669 ὡς
2641 2608 2814 2672 τέλος,
2852 2609 2947 2661 καὶ
2977 2610 3356 2680 καρποφορίαν
3383 2611 3762 2680 πνευματικὴν
3792 2611 4003 2677 λογιού-

2414 2698 2553 2766 μεθα
2582 2699 2679 2769 τὴν
2706 2700 3104 2769 προσκύνησιν,
3141 2702 3236 2753 καὶ
3271 2702 3529 2771 λατρείας
3562 2695 3699 2763 εἶδος
3734 2702 4005 2771 ὑπάρχειν

2411 2789 2643 2860 ἐροῦμεν
2688 2792 2898 2861 αὑτήν;
2957 2792 3110 2843 Ἐπεὶ
3149 2790 3239 2843 διά
3265 2792 3426 2844 ποίαν
3459 2792 3486 2843 ὁ
3515 2790 3677 2859 νόμος
3709 2791 3889 2842 αἰτίαν
3935 2798 4001 2864 τῇ

2414 2883 2783 2952 προσκυνήσει
2835 2883 3092 2953 συνέδησε
3137 2884 3236 2954 τὴν
3290 2883 3543 2952 λατρείαν
3579 2881 3768 2943 εἰπὼν,
3815 2901 3834 2933 ι
3899 2883 4007 2937 Κυ-

2415 2989 2529 3042 ριον
2576 2973 2667 3025 τὸν
2720 2974 2853 3025 Θεὸν
2896 2991 2988 3025 σου
3040 2974 3472 3043 προσκυνήσεις,
3524 2973 3617 3025 καὶ
3665 2972 3815 3041 αὺτῷ
3856 2973 4006 3041 μόνῳ

2410 3065 2748 3135 λατρεύσεις.
2797 3086 2815 3118 ι
2852 3067 3001 3134 Πύλη
3032 3065 3141 3135 γὰρ
3172 3065 3360 3137 ὥσπερ
3407 3067 3492 3129 τίς
3542 3068 3680 3127 ἐστι,
3740 3066 3835 3118 καὶ
3884 3066 4004 3128 ὁδὸς

2412 3156 2512 3224 τῆς
2542 3159 2597 3209 ὲν
2628 3156 2809 3227 ἔργοις
2838 3157 3093 3226 λατρείας
3117 3158 3149 3227 ή
3172 3156 3563 3227 προσκύνησις,
3598 3156 3772 3227 ἀρχὴν
3799 3156 4003 3224 ἔχουσα

2412 3245 2653 3299 δουλείαν
2680 3248 2778 3316 τὴν
2812 3248 2886 3310 ὡς
2934 3248 3069 3316 πρὸς
3098 3248 3249 3300 Θεόν.
3294 3248 3385 3300 Διὸ
3437 3246 3500 3317 δὴ
3550 3249 3643 3300 καὶ
3684 3249 3823 3317 πρός
3850 3264 4003 3308 τινας

2411 3339 2439 3389 ὁ
2472 3337 2723 3407 Μελῳδός
2772 3338 2871 3390 πού
2904 3355 3059 3407 φησι·
3104 3356 3123 3389 ι
3160 3338 3325 3389 Δεῦτε
3370 3338 3859 3407 προσκυνήσωμεν,
3906 3338 4003 3389 καὶ

2411 3428 2812 3501 προσπέσωμεν
2842 3430 3012 3499 αὐτῷ,
3049 3431 3141 3482 καί
3170 3429 3494 3499 κλαύσωμεν
3524 3429 4000 3496 ὲναντίονὶἶυρίου

2408 3519 2500 3572 τοῦ
2536 3521 2859 3591 ποιήσαντος
2902 3521 3072 3589 ἡμᾶς.
3118 3538 3136 3571 ι
3186 3522 3348 3591 Ὁρᾷς
3394 3521 3777 3591 παρεπόμενόν
3818 3539 3876 3573 τε
3904 3523 4001 3573 καὶ

2412 3612 2841 3681 συνεζευγμένον
2892 3610 2969 3681 τῷ
3024 3617 3349 3682 προσκυνεῖν
3399 3615 3459 3666 τὸ
3508 3615 3705 3685 χρῆναι
3756 3616 3998 3684 προσπί-

2411 3724 2566 3760 πτειν
2594 3726 2608 3773 ;
2643 3702 2717 3761 Οὗ
2746 3707 2799 3758 τί
2840 3707 2905 3759 ἂν
2930 3708 3139 3775 γένοιτο
3162 3708 3717 3778 δουλοπρεπέστερον,
3752 3709 3906 3777 παρά
3932 3725 3996 3774 γε

2408 3800 2522 3860 τοῖς
2562 3797 2737 3867 ὀρθῶς
2767 3797 3123 3866 δοκιμάζουσι
3171 3799 3269 3861 τὰς
3310 3800 3417 3851 τῶν
3458 3800 3801 3869 πραγμάτων
3844 3800 3993 3871 ποιρ-

2408 3911 2616 3963 τητας,
2682 3896 2855 3946 εἰπεῖν
2903 3894 3002 3945 οὐκ
3052 3894 3179 3964 ἔχω.
3229 3894 3291 3946 Εἰ
3333 3895 3389 3947 δὲ
3436 3893 3788 3963 ἐπιμένουσιν
3827 3894 3876 3944 οἰ
3927 3893 3995 3944 δι’

2410 3983 2658 4046 ἐναντίας
2683 3984 2770 4036 ἐπ’
2792 3983 3119 4053 ἀθραύστοις
3142 3984 3219 4036 ἔτι
3242 3986 3362 4046 ταῖς
3400 3984 3809 4053 ἁναισχυντίαις
3836 3982 3997 4035 σοϐα-

2414 4077 2733 4147 ρευόμενοι,
2788 4076 2881 4128 καὶ
2935 4076 3044 4128 τῶν
3104 4077 3196 4127 ἐπὶ
3250 4079 3461 4138 τούτοις
3526 4075 3871 4129 ἀπαιδεύτων
3934 4075 3995 4126 οὐ

2410 4167 2777 4237 καταλήγουσι
2804 4168 3103 4237 λογισμῶν,
3128 4168 3545 4222 ἐπιδεικνύντων
3576 4171 3706 4237 ήμῖν
3741 4168 3868 4237 ὅλην
3897 4169 3996 4237 τὴν

2411 4260 2570 4327 ἁγίαν
2621 4260 3066 4329 περινοστοῦντες
3130 4262 3353 4331 Γραφὴν
3412 4261 3869 4330 προσκυνήσαντα
3920 4260 3999 4328 τῷ

2410 4350 2529 4420 Θεῷ
2560 4350 2655 4403 καί
2705 4349 2879 4420 Ila-cpi.
2908 4350 2998 4402 τὸν
3028 4350 3189 4414 Υἰὸν,
3230 4351 3316 4402 ὅτε
3346 4349 3548 4419 γυμνὸς
3580 4344 3647 4419 ἦν
3679 4350 3759 4403 ἔτι
3801 4349 3997 4414 Λόγος,

2411 4439 2520 4508 πρὸ
2552 4440 2660 4491 τῶν
2694 4442 2793 4507 τῆς
2843 4440 3309 4510 ἐνανθρωπήσεως
3340 4440 3577 4509 χρόνων,
3633 4443 3727 4491 καὶ
3765 4436 3858 4489 τοῦ
3901 4438 4001 4507 τῆς

728 4535 894 4588 etiam
927 4534 1168 4587 humano
1201 4548 1352 4587 more
1383 4532 1435 4586 id
1468 4534 1794 4602 susceperit,
1830 4540 2055 4602 propter
2080 4532 2307 4602 dispen-
2342 4561 2387 4616 ι)

2342 4561 2387 4616 D
2414 4531 2661 4591 δουλείας
2689 4532 2788 4599 σχή
2801 4547 2989 4599 ματος.
3033 4529 3146 4581 Νῦν
3186 4529 3283 4599 μὲν
3314 4531 3421 4599 γὰρ
3450 4529 3523 4590 ὡς
3554 4528 3835 4593 ἄνθρωπος
3863 4530 4000 4581 ἀκα-

728 4626 1005 4681 sationem
1074 4640 1197 4679 cum
1258 4639 1445 4688 carne,
1494 4641 1603 4678 non
1662 4624 1882 4678 aliunde
1932 4624 2309 4693 probationem

730 4734 1064 4790 quaeremus,
1086 4718 1179 4774 sed
1209 4733 1276 4773 ex
1306 4717 1428 4786 ejus
1460 4717 1645 4771 verbis
1672 4731 1893 4770 rursum
1925 4730 2305 4786 agnoscemus.

731 4811 873 4877 Quid
933 4811 1080 4864 enim
1128 4811 1195 4863 ad
1244 4808 1651 4865 Samaritanam
1711 4808 1995 4861 mulierem
2050 4808 2126 4860 ait
2172 4822 2309 4877 prze-

732 4911 879 4957 terea
904 4903 927 4955 ?

2420 4624 2738 4694 τηγορήτως
2775 4625 3101 4693 προσκυνεῖ,
3150 4622 3271 4675 τότε
3318 4622 3410 4687 δὲ,
3465 4622 3669 4675 οὐκέτι.
3714 4620 3853 4671 Ἀλλ’
3902 4623 4002 4690 οὐχ

2417 4714 2599 4778 ἕξουσι
2624 4713 2723 4783 μὲν
2750 4715 2815 4766 ἐκ
2834 4714 2943 4766 τῶν
2977 4713 3135 4766 θείων
3165 4731 3222 4765 τε
3249 4714 3341 4767 καὶ
3370 4712 3530 4782 ἱερῶν
3561 4710 3817 4774 ἐπιδεῖξαι
3840 4712 4003 4764 τοῦτο

2417 4807 2795 4876 Γραμμάτωνο
2844 4806 3187 4875 στοχασμοὺς
3221 4805 3275 4856 δὲ
3318 4807 3472 4875 ἡμῖν,
3518 4806 3613 4856 καὶ
3648 4803 3866 4874 σαθρῶν
3918 4806 4003 4856 ὲν·-

2418 4899 2757 4968 θυμημάτων
2816 4897 3059 4963 ἐπινοίας
3122 4898 3491 4967 συνείροντες,
3545 4895 3779 4961 εὐλόγως
3836 4895 4002 4947 ἀκού-

734 5014 951 5059 σονται,
989 5014 1005 5044 ι
1050 4993 1329 5046 Πλανᾶσθε
1378 4992 1452 5061 μὴ
1500 4992 1697 5053 εἰδότες
1731 4989 1830 5051 τάς
1874 4990 2127 5059 Γραφὰς,
2184 4989 2317 5059 μηδὲ
2354 4990 2453 5057 τὴν
2492 4990 2719 5059 δύναμιν
2758 4990 2852 5042 τοῦ
2917 4989 3075 5054 Θεοῦ,
3120 5007 3137 5039 ι
3186 4988 3280 5040 καὶ
3321 4988 3418 5057 τὴν
3464 4986 3621 5051 δόξαν
3663 4984 3757 5037 τοῦ
3825 4987 4001 5037 Μονο-

732 5086 947 5154 γενοῦς.
974 5088 1097 5138 ’Ὁτι
1118 5085 1227 5155 γὰρ
1318 5083 1414 5152 μὲν
1440 5083 1609 5149 Λόγος
1632 5083 1725 5134 καὶ
1749 5081 1879 5143 Θεὸς
1903 5082 1963 5133 οὐ
1996 5082 2309 5153 προσκυνεῖ,
2351 5081 2594 5149 γεγονὼς
2626 5082 2682 5134 δὲ
2718 5082 2839 5133 καθ’
2872 5082 3047 5150 ἡμᾶς,
3094 5081 3186 5132 καὶ
3255 5079 3411 5132 τοῦτο
3476 5079 3666 5131 παθεῖν
3713 5078 4001 5146 ἀνθρωττοι

735 5178 963 5249 πρεπῶς
998 5176 1322 5239 κατεδέξατο
1367 5175 1454 5227 διά
1502 5174 1599 5245 τὴν
1652 5173 1966 5242 οἰκονομίαν
2019 5174 2117 5243 τὴν
2172 5174 2308 5242 μετὰ
2350 5174 2573 5244 σαρκὸς,
2605 5175 2664 5227 οὐ
2698 5174 2933 5242 θύραθεν
2959 5174 3143 5244 ἡμῖνή
3208 5169 3546 5241 πληροεεορία
3612 5169 4000 5240 ζητηθήσεται,

733 5270 822 5322 διὰ
850 5271 906 5323 δὲ
937 5269 1045 5322 τῶν
1080 5266 1248 5321 αὑτοῦ
1286 5266 1449 5319 πάλιν
1480 5266 1739 5335 εἰσόμεθα
1772 5266 1968 5331 λόγων.
2016 5266 2079 5317 Τί
2110 5265 2219 5334 γάρ
2246 5264 2308 5335 δὴ
2350 5267 2441 5319 καί
2472 5284 2605 5337 φησι
2633 5266 2767 5335 πρὸς
2792 5266 2889 5335 τὴν
2920 5268 2982 5318 ἐκ
3007 5265 3107 5330 τῆς
3138 5263 3442 5333 Σαμαρείας
3481 5263 3750 5329 γυναῖκας

818 5362 921 5415 Vos
956 5363 1193 5415 adoratis
1237 5360 1375 5431 quod
1408 5360 1659 5413 nescitis:
1706 5376 1800 5414 nos
1853 5362 2140 5413 adoramus
2174 5360 2311 5431 quod

2501 5361 2695 5428 ’Υμεῖς
2731 5359 3125 5427 προσκυνεῖτε
3147 5358 3177 5411 ὃ
3213 5361 3322 5411 οὐκ
3355 5358 3573 5421 οἴδατε,
3611 5354 3782 5423 ἡμεῖς
3805 5372 3995 5422 προσ·-

736 5457 955 5510 scimus.

2420 5455 2743 5522 κλινοῦμεν,
2777 5453 2807 5505 ὃ
2836 5452 3100 5521 οἴδαμεν.

808 5547 1000 5601 Nonne
1025 5547 1200 5600 cuivis
1230 5548 1396 5601 etiam
1429 5562 1491 5601 ex
1514 5547 1620 5601 hoc
1657 5545 2008 5601 manifestum
2034 5554 2138 5610 est,
2165 5545 2312 5615 quod

2489 5542 2615 5614 'Ap’
2650 5545 2770 5613 οὐχί
2798 5543 2957 5595 παντί
2992 5560 3067 5610 τῳ
3095 5542 3186 5595 καὶ
3218 5541 3303 5593 διά
3328 5541 3512 5593 τούτου
3547 5539 3876 5607 καταςανὲς,
3915 5540 3994 5591 δτι

737 5654 863 5694 cum
901 5640 1096 5709 plurali
1153 5655 1288 5694 usus
1328 5640 1400 5694 sit
1455 5653 1723 5703 numero,
1782 5647 1836 5694 et
1881 5639 1959 5693 sei
2004 5654 2121 5692 sum
2169 5640 2310 5693 inter

2418 5637 2495 5707 τῷ
2520 5634 2862 5706 πληθυντικῷ
2884 5634 3226 5703 χρησάμενος
3245 5632 3479 5706 ἀριθμῷ,
3502 5632 3593 5685 καί⁸
3618 5635 3728 5693 τοῖς
3757 5632 3812 5696 ἐξ
3838 5633 4003 5696 ἀνάτ-

799 5810 1074 5881 ’⁸,λιειιιιι.
1111 5836 1243 5883 xvii,
1273 5820 1361 5873 ~25.
1450 5823 1493 5854 οι
1528 5820 1658 5875 ibid.
1695 5820 1781 5873 at.
1870 5823 1880 5851 ’
1924 5820 2171 5883 ἰὶιὶιΙ.Ξῦ,
2200 5818 2286 5873 eo.
2366 5818 2385 5850 θ
2418 5818 2475 5872 Β(

2366 5818 2385 5850 ⁹
2418 5818 2572 5873 Deut.
2608 5834 2683 5880 vr,
2718 5818 2798 5870 15.
2914 5818 2928 5849 ³
2964 5816 3107 5871 l‘sal.
3144 5830 3283 5883 λων,
3311 5816 3362 5871 6.
3491 5814 3677 5869 Matth.
3720 5830 3863 5881 XXII,
3900 5812 3990 5867 23.
