4244 6500
179 434 286 490 313

1256 435 1318 489 fN
1358 432 1645 489 JOANN‘lS
1681 389 2135 496 EVANDELIUM
2179 444 2309 499 LIB.
2355 445 2419 501 ll.

3366 457 3470 513 514

182 566 283 619 κης
334 551 433 603 καὶ
483 549 727 614 δουλείας
774 550 1170 620 προσκυνοῦσιν
1207 552 1399 606 ἑαυτὸν
1452 554 1785 623 ἐναριθμῶν,
1819 555 1858 607 Α

1819 555 1865 607 Α
1892 569 1986 609 eos
2017 559 2247 615 collucet
2277 563 2381 630 ,qui
2442 564 2792 622 necessitatis
2833 576 2886 624 et
2938 569 3223 625 servitutis
3256 572 3469 629 ratione

176 639 251 703 ὡς
298 642 363 693 ὲν
405 642 571 714 δούλῃ
616 645 680 712 τῇ
724 642 1107 712 ἁνθρωπότητι
1158 644 1398 711 γεγονὼς
1440 644 1506 696 τὰ
1554 645 1780 698 τοιαῦτά

180 753 317 805 φησι
345 753 361 800 ;
394 735 463 786 Τί
507 735 616 804 γὰρ
659 730 761 805 ἦν,
798 734 918 786 είπέ
960 753 1079 804 μοι,
1121 737 1179 787 τὺ
1232 735 1439 788 κωλύον
1486 737 1650 789 αὑτὸν
1699 739 1778 799 εἰς

178 831 383 881 οἰκεῖον
428 829 726 898 πρόσωπον
773 828 995 880 ἑλκῦσαι
1039 829 1341 898 μοναδικῶς
1384 829 1483 899 τὴν
1532 829 1776 899 προσκύ-

180 937 360 989 νησιν,
384 922 436 973 εί
462 921 703 973 νοεῖσθαι
734 923 865 991 παρ’
889 922 1044 990 ἡμῶν
1071 922 1329 991 ἐπιθυμεῖ
1356 923 1773 991 προσκυνητής;

184 1014 333 1066 Ἔδει
370 1013 484 1081 γὰρ
519 1014 719 1082 μᾶλλον
743 1016 935 1066 εἰπεῖν’
974 1032 991 1063 ι
1035 1012 1177 1081 Ἐγὼ
1209 1012 1503 1083 προσκυνῶ
1531 1013 1557 1064 ὃ
1585 1009 1718 1075 οἶδα,
1748 1032 1768 1066 ι

183 1108 267 1158 ἴνα
298 1108 419 1169 τοῖς
461 1106 644 1169 ἄλλοις
677 1105 1013 1168 ἀσύντακτος
1039 1105 1134 1167 ὢν,
1181 1106 1265 1172 ἐφ’
1291 1103 1469 1173 ἑαυτῷ
1504 1104 1596 1157 καὶ
1631 1104 1775 1174 μόνῳ

185 1198 278 1266 τὴν
326 1199 438 1253 τῶν
495 1198 803 1270 εἰρημένων
861 1199 1082 1267 ἁρπάσῃ
1143 1197 1393 1267 δύναμιν.
1448 1198 1585 1249 Νυνὶ
1631 1197 1776 1249 δὲτὸ

192 1308 209 1338 ι
261 1290 479 1358 Ἡμεῖς,
522 1309 540 1340 ι
574 1290 774 1359 ἄριστά
801 1292 861 1342 τέ
894 1307 1027 1358 φησι
1070 1290 1165 1341 καὶ
1209 1290 1330 1341 λίαν
1378 1286 1658 1355 ἀσφαλῶς,
1701 1288 1777 1351 ὡς

184 1382 239 1431 ἐν
280 1380 494 1443 δούλοις
542 1382 643 1451 ἥδη
686 1382 1163 1451 κατατεταγμένος
1214 1380 1302 1432 διὰ
1343 1380 1442 1449 τὴν
1488 1378 1774 1448 ἅνθρωπός

184 1493 338 1545 τητα,
364 1476 441 1539 ὼς
464 1478 577 1537 τοῖς
602 1472 999 1545 προσκυνοῦσιν
1029 1473 1365 1544 ἐναρίθμιος,
1393 1471 1467 1533 ὼς
1502 1469 1775 1534 Ἰουδαίοις

182 1569 265 1621 διὰ
294 1569 398 1638 τὴν
432 1567 641 1637 χώραν.

263 1661 419 1715 Ἀλλ’
470 1661 705 1728 ἔρχεται
734 1658 879 1727 ὥρα,
908 1659 1003 1713 καὶ
1034 1658 1151 1711 νῦν
1182 1658 1369 1721 ἐστιν,
1396 1658 1493 1710 ὅτε
1535 1660 1587 1710 οἱ
1624 1656 1773 1722 ἁλη-

181 1753 329 1806 θινίὶ
370 1751 789 1819 προσκυνηταὶ
828 1749 1329 1819 προσκιννήσουσι
1373 1747 1451 1813 τῷ
1491 1750 1671 1817 Πατρὶ
1705 1750 1775 1802 ἐν

182 1846 476 1913 πνεύματι
520 1845 621 1898 καὶ
657 1846 927 1912 ἀληθείᾳ.
979 1844 1087 1897 Καὶ
1121 1845 1231 1913 γὰρ
1279 1848 1311 1899 ὀ
1344 1844 1548 1912 Πατὴρ
1576 1842 1772 1896 τοιού-

182 1956 323 2003 τους
372 1936 537 2004 ζητεῖ
566 1938 709 2004 τοὺς
747 1937 1245 2005 προσκυνοῦντας
1278 1940 1486 1991 αὐτόν.
1530 1934 1774 2003 Πνεῦμα

183 2035 213 2083 ὁ
248 2030 414 2096 Θεὸς,
437 2030 536 2084 καί
580 2031 722 2095 τοὺς
763 2031 1261 2097 προσκυνοῦντας
1285 2030 1472 2084 αὑτὸν
1497 2030 1772 2083 ἐκπνεύ-

174 2137 314 2189 ματι
359 2122 461 2176 καὶ
511 2123 761 2190 ἀληθείᾳ
793 2123 889 2177 δεῖ
912 2124 1297 2193 προσκυνεῖν.
1327 2123 1496 2195 Λέγει
1534 2121 1695 2188 αὐτῷ
1734 2122 1771 2190 ἡ

186 2215 337 2284 γυνή
348 2258 359 2271 .

252 2308 520 2379 Σημαίνει
553 2308 654 2379 μὲν
678 2311 777 2380 τῆς
808 2309 1002 2363 ἑαυτοῦ
1037 2309 1342 2379 παρουσίας
1376 2309 1464 2363 τὸν
1498 2310 1597 2381 ἤδη
1636 2327 1774 2381 παρ-

181 2416 303 2455 ῢντα
359 2403 595 2472 καιρὸν,
636 2404 1250 2474 μετασκευασθήσεσθαι
1304 2402 1360 2455 δὲ
1407 2404 1532 2466 τοὺς
1570 2403 1774 2467 τύπους

182 2495 347 2564 φησὶν
375 2497 460 2558 είς
490 2495 770 2566 ἀλήθειαν,
798 2498 893 2550 καὶ
933 2497 1032 2568 τὴν
1067 2497 1158 2550 τοῦ
1189 2497 1355 2566 νόμου
1385 2497 1542 2549 σκιὰν
1565 2499 1642 2559 εἰς
1676 2497 1772 2548 λα-

180 2590 369 2658 τρείαν
420 2590 822 2660 πνευματικήν,
854 2589 952 2642 Διά
1000 2590 1055 2643 δὲ
1106 2590 1205 2659 τῆς
1250 2591 1612 2659 εὑαγγελικῆς
1647 2610 1774 2643 παι-

180 2679 415 2742 δεύσεως
438 2680 519 2741 εἰς
554 2680 849 2749 εὐάρεστον
879 2679 958 2749 τῷ
980 2680 1156 2751 Harp!
1195 2680 1469 2733 πολιτείαν
1509 2700 1773 2752 χειραγω-

182 2770 525 2839 τηθήσεσθαι
578 2770 727 2837 λέγει
779 2769 871 2822 τὸν
912 2770 1163 2840 ἀληθινὸν
1218 2773 1637 2843 προσκυνητὴν,
1681 2772 1772 2824 τὸν

180 2862 472 2933 ἄνθρωπον
495 2862 739 2931 δηλονότι
758 2861 846 2915 τὸν
868 2863 1259 2933 πνευματικὸν,
1290 2864 1633 2935 ἑτοιμότερόν
1656 2883 1772 2929 πως

180 2954 257 3017 εἰς
290 2954 605 3024 οἰκειότητα
625 2955 886 3024 τρέχοντά
914 2972 1031 3018 πως
1070 2956 1170 3025 τὴν
1200 2955 1335 3025 πρὸς
1367 2955 1517 3008 Θεόν.
1548 2957 1773 3025 Πνεῦμα

181 3046 285 3115 γὰρ
307 3048 337 3099 ὁ
362 3045 520 3109 Θεὸς,
552 3045 628 3108 ὡς
671 3046 807 3116 πρὸς
838 3045 1091 3116 σώματος
1120 3049 1319 3099 νοεῖται
1352 3046 1511 3116 φύσιν
1534 3061 1547 3072 “
1576 3048 1663 3100 διὰ
1690 3065 1771 3101 τοι

180 3134 336 3187 τοῦτο
366 3134 594 3198 δικαίως
644 3135 735 3187 τὸν
781 3136 1149 3206 πνευματικὸν
1176 3135 1498 3205 ἀποδέχεται
1538 3154 1771 3207 προσκυ-

1884 650 2136 713 adorant.
2172 651 2286 707 haec
2320 655 2413 716 ait,
2441 668 2700 727 tanquam
2737 660 2831 729 qui
2866 660 2917 714 in
2943 676 3101 716 serva
3122 662 3469 719 humanitate

1883 742 2157 795 exsistat?
2219 743 2360 809 Quid
2412 748 2581 811 enim,
2640 765 2861 819 quaeso,
2904 751 3235 821 impediebat
3286 754 3466 824 ipsum

1881 834 2177 898 quominus
2232 837 2297 888 ad
2335 852 2488 891 suam
2528 856 2822 908 personam
2861 843 3237 899 adorationcm
3276 846 3467 916 singu-

1882 924 2074 979 lariter
2105 927 2452 994 transferret,
2486 931 2529 984 si
2558 947 2585 984 a
2618 935 2779 990 nobis
2814 934 3073 989 adorator
3102 936 3316 992 censeri
3346 938 3463 992 vel-

1880 1012 1995 1067 let?
2037 1014 2337 1071 Dicendum
2372 1023 2517 1074 enim
2550 1031 2672 1076 erat
2701 1027 2908 1092 potius,
2941 1045 2959 1077 ι
2991 1024 3102 1096 Ego
3122 1027 3292 1082 adoro
3314 1026 3463 1097 quod

1880 1107 2017 1165 scio,
2063 1126 2079 1156 ι
2120 1120 2180 1162 ιιι
2214 1126 2337 1164 cum
2367 1113 2422 1166 in
2462 1115 2694 1167 aliorum
2728 1131 2957 1171 numero
2996 1132 3106 1172 non
3142 1126 3308 1185 esset,
3356 1118 3460 1173 sibi

1882 1199 1972 1252 uni
2006 1200 2111 1251 vim
2147 1201 2294 1257 illius
2345 1203 2478 1257 dicti
2521 1215 2826 1277 arrogaret.
2865 1206 3022 1263 Nunc
3081 1218 3289 1275 autem,
3342 1226 3460 1265 eam

1878 1304 2068 1345 vocem
2113 1303 2263 1347 recte
2294 1303 2348 1348 et
2397 1297 2698 1365 prudenter
2747 1310 3001 1369 usurpat,
3046 1310 3107 1355 ut
3160 1303 3271 1371 jam
3320 1304 3464 1359 inter

1879 1397 2070 1437 servos
2112 1384 2439 1450 collocatus,
2474 1400 2697 1459 propter
2735 1392 3159 1460 humanitatem,
3205 1402 3261 1446 ut
3319 1394 3465 1449 inter

1877 1475 2174 1532 adorantes
2199 1490 2540 1546 numeratus,
2581 1494 2639 1537 ut
2672 1486 2815 1539 inter
2844 1484 3086 1553 Judmos,
3115 1495 3339 1556 propter
3366 1501 3456 1542 rc-

1876 1583 2117 1639 gronem.

1952 1661 2104 1730 191
2143 1662 2233 1727 IV,
2270 1665 2360 1728 25,
2422 1666 2513 1719 24.
2575 1666 2676 1721 Sed
2711 1671 2845 1721 venit
2880 1671 3031 1733 hora,
3071 1678 3117 1723 et
3171 1686 3309 1723 nunc
3354 1680 3456 1735 est,

1875 1755 2086 1821 quando
2113 1757 2221 1808 veri
2256 1755 2563 1813 adoratores
2592 1759 2892 1814 adorabunt
2930 1760 3150 1815 Patrem
3178 1762 3234 1813 in
3266 1761 3460 1830 spiritu

1874 1852 1923 1896 et
1954 1846 2191 1901 veritate.
2224 1845 2367 1901 Nam
2389 1859 2439 1902 et
2477 1849 2637 1905 Pater
2670 1853 2801 1906 tales
2840 1855 3048 1921 quwrit,
3092 1855 3182 1921 qui
3235 1852 3459 1905 adorent

1874 1952 2011 1991 eum.
2044 1936 2277 2007 Spiritus
2304 1951 2382 1994 est
2407 1941 2545 1995 Deus
2568 1957 2587 1996 :
2616 1954 2664 1996 et
2696 1961 2784 1997 eos
2813 1946 2901 2013 qui
2952 1945 3178 1998 adorant
3229 1961 3368 2009 eum,
3402 1946 3459 1998 in

1875 2029 2066 2097 spiritu
2099 2039 2148 2084 et
2182 2033 2399 2087 veritate
2426 2041 2626 2102 oportet
2658 2033 2908 2089 adorare.
2932 2034 3073 2090 Dicit
3098 2036 3145 2089 ei
3170 2037 3381 2090 mulier.

1948 2298 2233 2369 Significat
2286 2299 2553 2355 adventus
2611 2300 2833 2370 quidem
2898 2300 2983 2355 sui
3034 2299 3146 2369 jam
3208 2314 3457 2370 praesens

1875 2398 2113 2457 tempus,
2147 2388 2242 2444 sed
2271 2398 2540 2443 mutatum
2573 2390 2639 2442 iri
2671 2390 2805 2444 dicit
2832 2389 3036 2460 figuras
3067 2392 3122 2445 in
3148 2391 3454 2459 veritatem,

1874 2490 1928 2536 et
1961 2482 2096 2551 legis
2125 2484 2374 2537 umbram
2409 2484 2463 2535 in
2496 2483 2704 2535 cultum
2763 2482 3091 2550 spiritalem.
3144 2480 3247 2536 Per
3291 2496 3457 2536 evan-

1874 2575 2102 2644 gelicam
2135 2583 2317 2628 autem
2349 2574 2701 2642 disciplinam
2730 2574 3028 2628 deductum
3064 2573 3130 2626 iri
3164 2574 3240 2626 ait
3264 2588 3455 2628 verum

1875 2667 2241 2731 adoratorem,
2293 2668 2344 2721 id
2374 2677 2459 2722 est
2500 2668 2805 2736 spiritalem
2839 2668 3139 2733 hominem,
3201 2669 3269 2723 ad
3320 2684 3454 2722 con-

1874 2760 2240 2814 versationem
2276 2760 2417 2813 Patri
2455 2760 2786 2829 placentem,
2809 2759 3017 2829 majore
3048 2760 3457 2829 quodammodo

1874 2853 2056 2907 studio
2097 2852 2161 2905 ad
2218 2852 2665 2919 coniunctionem
2716 2865 2841 2904 cum
2900 2850 3008 2905 Deo
3073 2852 3451 2907 festinantem.

1876 2942 2113 3013 Spiritus
2147 2942 2290 2997 enim
2332 2941 2475 2996 Deus
2511 2942 2840 3011 intelligitur
2865 2942 2909 2996 si
2940 2956 3063 2995 cum
3096 2953 3295 2996 natura
3331 2957 3457 2997 cor-

1872 3036 2023 3105 poris
2050 3045 2419 3104 comparetur,
2462 3034 2801 3103 proindeque
2835 3034 3121 3103 spiritalen
3192 3035 3452 3090 adorato-

1873 3142 1988 3179 rem
2018 3126 2234 3195 probat,
2268 3141 2377 3178 non
2406 3126 2498 3194 qui
2528 3125 2744 3194 pietatis
2776 3125 3009 3179 formam
3036 3124 3268 3182 Iudaico
3298 3142 3455 3182 more

181 3230 346 3298 νητὴν
370 3270 384 3291 ,
414 3229 519 3280 οὐκ
552 3230 609 3280 ὲν
664 3228 943 3299 μορφώσει
999 3230 1094 3281 καὶ
1126 3227 1315 3291 τύποις
1362 3228 1630 3299 φῡροῦνται
1670 3231 1766 3299 τῆς
1798 3223 1839 3279 C

1798 3223 1839 3279 ο
1875 3218 1927 3269 ίιι
1956 3217 2146 3287 figuris
2173 3226 2225 3272 et
2254 3218 2396 3286 typis
2430 3216 2590 3284 ferat,
2638 3217 2732 3271 sed
2763 3218 2855 3287 qui
2892 3218 3175 3287 praeclaris
3221 3219 3452 3275 virtutis

183 3320 467 3383 εὐσεϐείας
520 3320 617 3390 τὴν
651 3321 929 3391 μόρφωσιν
974 3321 1283 3384 Ἰουδαϊκῶς
1307 3364 1321 3386 ,
1352 3322 1485 3374 ἀλλά
1515 3326 1626 3384 τοῖς
1673 3325 1767 3391 μὲν

184 3410 239 3475 ἐξ
266 3412 473 3481 ἀρετῆς
506 3410 927 3482 κατορθώμασιν
960 3410 1334 3479 εὐαγγελικῶς
1374 3410 1767 3480 διαλάμποντα,

183 3507 245 3575 τῇ
279 3505 337 3557 δὲ
364 3503 477 3556 τῶν
501 3504 661 3556 θείων
683 3502 968 3573 δογμάτων
996 3502 1248 3573 ὀρθότητι
1272 3502 1368 3573 τὴν
1396 3501 1564 3566 ὅντως
1593 3503 1769 3573 ἀληθῆ

188 3597 289 3664 πλη
299 3595 499 3666 ροῦντα
530 3594 924 3665 προσκύνησιν.

247 3689 511 3757 Οἴδαμεν
537 3688 624 3740 ὅτι
652 3688 924 3751 Μεσσίας
945 3688 1177 3755 ἔρχεται
1206 3690 1240 3740 ὁ
1267 3689 1589 3758 λεγόμενος
1636 3690 1768 3755 Χρι-

188 3784 347 3847 στός.
369 3782 561 3834 Ὅταν
588 3780 736 3848 ἔλθῃ
761 3779 1011 3845 ἐκεῖνος,
1035 3780 1358 3849 ἀναγγελεῖ
1384 3781 1527 3850 ἡμῖν
1553 3779 1767 3832 πάντα.

253 3965 430 4033 Ὥραν
461 3959 747 4029 ἀφίξεσθαι
779 3960 872 4013 καὶ
911 3958 1121 4030 καιρὸν,
1158 3959 1359 4026 μᾶλλον
1386 3959 1442 4010 δὲ
1492 3959 1589 4030 ἤδη
1636 3977 1774 4029 παρ-

185 4060 342 4120 εῖναι,
366 4056 712 4116 διδάσκοντος
759 4051 851 4105 τοῦ
895 4050 1133 4122 Χριστοῦ
1156 4092 1170 4114 ,
1211 4050 1333 4103 καθ’
1366 4052 1423 4103 ὃν
1446 4053 1494 4103 οἱ
1531 4053 1773 4119 ἀληθινοὶ

185 4145 566 4217 προσκυνηταὶ
602 4143 701 4212 τὴν
731 4143 787 4193 ὲν
820 4142 1091 4211 πνεύματι
1132 4141 1386 4212 λατρείαν
1421 4142 1770 4211 προσοίσουσι

183 4236 259 4305 τῷ
296 4233 418 4303 Θεῷ
461 4234 556 4285 καὶ
602 4232 796 4301 Harp},
832 4230 1175 4304 παραχρῆμα
1201 4229 1263 4285 τὸ
1298 4230 1517 4293 γύναιον
1560 4236 1639 4296 εἰς
1676 4233 1772 4303 τὴν

185 4327 525 4397 λαλουμένην
560 4326 711 4397 παρὰ
757 4328 867 4391 τοῖς
924 4324 1196 4387 Ἰουδαίοις
1251 4324 1442 4378 ἐλπίδα
1486 4327 1598 4387 τοῖς
1633 4325 1773 4396 ὑπὲρ

185 4418 293 4490 ἕξιν
319 4422 528 4473 ἀναπτε
541 4418 725 4490 ροῦται
754 4421 1036 4488 νοήμασιν.
1067 4417 1280 4471 Είδέναι
1307 4417 1363 4468 δὲ
1394 4417 1484 4470 τὸν
1504 4419 1768 4481 Μεσσίαν,

182 4518 255 4577 ὡς
282 4514 405 4584 ἧξει
454 4512 595 4565 κατά
624 4511 815 4581 καιρὸν
858 4512 1056 4563 οἰκεῖον
1090 4510 1361 4579 ὁμολογεῖ,
1399 4511 1493 4564 καὶ
1522 4512 1638 4580 ἣξει
1674 4512 1771 4581 μὲν

183 4607 273 4659 ἐπὶ
322 4604 492 4669 τίσιν,
522 4601 765 4672 ἀκριϐῶς
807 4599 866 4653 οῦ
919 4617 1081 4669 φησιν
1106 4642 1119 4665 ,
1149 4598 1620 4670 ἀπεριεργάστους
1646 4640 1659 4663 ,
1695 4599 1769 4662 ὼς

183 4700 347 4761 ἔοικε,
388 4696 517 4756 τοὺς
550 4694 640 4746 ἐπ’
673 4693 820 4763 αὐτῷ
865 4693 1213 4763 λαμϐάνουσα
1252 4692 1533 4764 θρύλλους,
1577 4693 1673 4745 ἆτε
1704 4692 1766 4761 δὴ

184 4788 482 4860 φιλόγελώς
495 4805 555 4840 τε
596 4789 689 4839 καὶ
713 4789 899 4855 φιλοσα
909 4787 1113 4856 ρκοῦσα
1131 4787 1265 4855 γυνή
1286 4801 1300 4815 ⁸
1322 4786 1382 4837 οὐ
1408 4786 1512 4856 μὴν
1533 4786 1767 4854 ἠγνόησε

184 4881 487 4943 παντελῶς,
535 4879 611 4943 ὡς
661 4880 1021 4956 ἀπειροτέρων
1078 4877 1418 4948 μαθημάτων
1471 4878 1770 4947 εἰσηγητὴς

185 4976 275 5029 ἐπὶ
298 4975 394 5027 τὸν
434 4971 651 5043 Ἰσραὴλ
670 4971 1133 5040 ἀναδειχθήσεται,
1160 4970 1251 5022 καὶ
1272 4969 1429 5022 τοῦτο
1449 4969 1513 5039 δὴ
1551 4969 1767 5031 πάντως

186 5070 240 5120 ὲν
267 5069 379 5129 τοῖς
411 5065 541 5135 περὶ
565 5062 728 5115 αὑτοῦ
757 5063 937 5129 λόγοις
967 5062 1314 5131 εύρίσκουσα.

253 5157 427 5226 Λέγει
452 5153 609 5223 αὺτῇ
635 5158 668 5209 ό
716 5154 956 5222 Ἰησοῦς
982 5171 995 5184 ·
1040 5153 1181 5223 Ἐγώ
1206 5156 1323 5222 εἰμι
1348 5156 1380 5207 ό
1411 5152 1619 5207 λαλῶν
1646 5170 1764 5206 σοι.

254 5334 329 5387 Οὖ
363 5334 490 5394 ταῖς
536 5330 880 5392 ἀπαιδεύτοις
915 5329 1134 5399 ψυχαῖς,
1170 5328 1202 5399 ἢ
1239 5329 1331 5381 καὶ
1366 5328 1602 5398 ἀμαθέσι
1633 5346 1770 5381 παν-

188 5424 353 5487 τελῶς
400 5421 598 5476 ἑαυτὸν
653 5420 1019 5473 ἀνακαλύπτει
1070 5419 1321 5489 Χριστὸς,
1371 5420 1486 5473 ἀλλ’
1534 5420 1770 5483 ἐκείναις

191 5518 390 5588 μᾶλλον
420 5514 725 5585 ἐπιλάμπει
774 5514 870 5567 καὶ
919 5514 1189 5582 φαίνεται,
1221 5513 1385 5583 αἴπερ
1426 5512 1493 5565 ἂν
1532 5507 1640 5564 εἷεν
1668 5511 1770 5582 ἤδη

190 5609 321 5677 πρὸς
354 5606 417 5659 τὸ
471 5604 754 5676 βούλεσθαί
797 5622 851 5657 τι
896 5604 1086 5675 μαθεῖν
1134 5604 1495 5674 ὲτοιμότεραι,
1533 5604 1626 5657 καὶ
1670 5604 1770 5672 τῆς

192 5701 427 5761 πίστεως
450 5697 549 5768 τὴν
581 5695 755 5767 ἀρχὴν
786 5697 841 5748 ἐν
868 5696 1058 5759 ἁπλοῖς
1093 5696 1376 5749 ὠδίνουσαι
1404 5696 1600 5763 λόγοις,
1633 5697 1768 5765 πρὸς

188 5791 286 5860 τὴν
310 5791 421 5843 τῶν
451 5789 800 5859 τελειοτέρων
839 5789 1144 5856 ἐπείγονται
1177 5789 1397 5858 γνῶσιν.
1423 5789 1656 5859 Τοιαύτη
1684 5807 1770 5852 τις

191 5886 318 5952 ἡμῖν
353 5884 448 5938 καὶ
492 5885 523 5954 ἡ
558 5883 886 5954 Σαμαρεῖτις
931 5883 1210 5953 ἀνεδείχθη
1268 5883 1425 5954 γυνὴ,
1462 5883 1765 5954 παχύτερον

1870 3310 2127 3374 oneribus
2151 3310 2305 3376 juxta
2343 3324 2550 3362 morem
2582 3310 2959 3381 evangelicum
2994 3311 3338 3381 praefulgeat,
3395 3322 3453 3368 ct

1869 3409 2021 3454 recta
2069 3402 2381 3454 divinorum
2410 3400 2725 3471 dogmatum
2780 3401 2994 3458 ratione
3038 3418 3224 3457 veram
3262 3404 3449 3472 utique

1871 3494 2245 3549 adorationcm
2284 3494 2491 3563 implet.

1942 3675 2030 3741 IV,
2059 3676 2148 3731 25.
2181 3675 2387 3729 Scimus
2417 3676 2541 3744 quia
2578 3674 2808 3729 Messias
2840 3677 3008 3740 venit,
3070 3678 3160 3747 qui
3247 3676 3452 3731 dicitur

1871 3769 2136 3823 Christus.
2206 3766 2340 3821 Cum
2394 3770 2593 3821 verterit
2658 3768 2785 3832 ille,
2864 3768 3207 3823 annuutiabit
3289 3769 3452 3824 nobis

1872 3861 2070 3913 omnia.

1944 3950 2185 4005 Docente
2210 3949 2433 4005 Christo
2466 3950 2658 4005 horam
2688 3950 2880 4006 adfore
2934 3959 2989 4006 et
3046 3960 3287 4021 tempus,
3340 3951 3453 4006 imo

1867 4047 1977 4116 jam
2007 4047 2221 4109 adesse,
2251 4061 2362 4115 quo
2388 4046 2501 4099 veri
2538 4045 2859 4101 adoratores
2901 4047 3204 4116 spiritalem
3242 4047 3451 4101 cultum

1872 4138 2113 4195 oblaturi
2143 4145 2301 4192 erant
2326 4137 2432 4191 Deo
2464 4154 2527 4191 ac
2558 4137 2732 4202 Patri,
2759 4139 2959 4193 mulier
3002 4138 3294 4193 confestim
3350 4153 3452 4192 co-

1872 4230 2228 4303 gitationibus
2250 4229 2393 4284 elata
2422 4228 2644 4298 ingenio
2677 4242 2781 4281 suo
2814 4227 3118 4295 majoribus
3169 4226 3235 4280 ad
3294 4239 3451 4295 spem

1874 4325 2053 4379 evolat
2090 4322 2294 4377 Judazis
2324 4323 2723 4390 pervulgatam.
2759 4318 3059 4374 Proﬁtetur
3089 4329 3269 4373 autem
3307 4319 3453 4373 scire

1876 4434 1935 4473 se
1962 4426 2253 4471 venturum
2299 4415 2553 4470 Messiam
2598 4429 2701 4469 suo
2731 4424 3016 4484 tempore;
3057 4412 3151 4466 sed
3207 4426 3347 4481 quas
3379 4411 3451 4465 ob

1875 4523 1965 4563 res
1995 4519 2259 4561 venturus
2296 4507 2389 4569 sit,
2437 4506 2627 4574 utique
2670 4520 2783 4558 non
2839 4506 2939 4567 ait,
2997 4519 3121 4557 eum
3177 4503 3245 4557 de
3278 4517 3343 4558 eo
3391 4510 3453 4555 ut

1874 4599 2110 4660 videtur,
2149 4612 2402 4651 rumores
2431 4596 2622 4650 nescio
2655 4611 2793 4665 quos
2846 4596 3171 4662 accepisset,
3219 4593 3451 4645 maxime

1874 4706 1999 4747 cum
2033 4690 2328 4758 voluptatis
2351 4690 2656 4758 carnisque
2683 4686 2867 4742 studio
2893 4687 3188 4741 duceretur
3212 4684 3407 4738 mulier
3434 4702 3446 4737 :

1875 4800 1984 4839 non
2025 4791 2207 4836 tamen
2245 4782 2462 4850 penitus
2497 4779 2809 4851 ignoravit:
2846 4789 2979 4848 puta
3008 4793 3127 4848 quae
3161 4778 3329 4832 sciret
3356 4791 3452 4847 po-

1872 4877 2034 4931 tioris
2055 4875 2318 4929 doctrina:
2342 4875 2664 4943 magistrum
2683 4871 2872 4927 lsraeli
2916 4870 3258 4934 adfuturum,
3280 4866 3447 4937 idque

1875 4969 1929 5024 in
1967 4967 2035 5023 iis
2064 4981 2186 5036 qua:
2225 4964 2429 5033 scripta
2461 4969 2619 5018 erant
2643 4961 2711 5017 de
2742 4961 2865 5031 ipso
2893 4962 3184 5015 inveniret.

1945 5144 2039 5209 ιν,
2081 5143 2171 5198 26.
2223 5140 2361 5195 Dicit
2402 5139 2452 5193 ei
2508 5137 2666 5193 Iesus
2705 5154 2723 5191 :
2782 5136 2895 5207 Ego
2948 5151 3066 5190 sum
3121 5134 3213 5205 qui
3262 5133 3452 5202 loquor

1878 5249 2068 5292 tecum.

1945 5327 2202 5383 Christus
2244 5325 2487 5395 seipsum
2528 5321 2758 5377 rudibus
2812 5328 2868 5375 et
2927 5317 3195 5389 imperitis
3251 5315 3453 5370 animis

1876 5420 2023 5477 haud
2065 5434 2296 5489 prorsus
2331 5416 2555 5481 revelat,
2594 5412 2689 5469 sed
2744 5412 2852 5467 illis
2901 5410 3142 5464 maxime
3176 5408 3354 5463 lucem
3397 5413 3454 5461 et

1876 5512 2245 5583 cognitionem
2270 5507 2747 5576 infundit,quibus
2769 5502 2837 5558 ad
2862 5502 3181 5559 discendum
3208 5498 3452 5555 studium

1879 5611 1963 5661 est
2002 5604 2265 5665 alacrius,
2303 5610 2358 5655 et
2410 5601 2501 5670 qui
2543 5597 2891 5667 simplicibus
2948 5592 3304 5650 sermonibus
3345 5590 3454 5645 ini-

1879 5700 2017 5753 tium
2052 5696 2176 5750 fidei
2216 5694 2373 5764 192
2408 5692 2689 5763 parientes
2718 5690 2785 5745 ad
2824 5687 3213 5759 perfectiorum
3264 5683 3456 5753 cogni-

1879 5791 2083 5845 tionem
2110 5786 2420 5841 enituntur.
2454 5782 2641 5837 Talem
2672 5798 2731 5837 se
2762 5780 2922 5836 nobis
2943 5777 3165 5834 exhibet
3211 5774 3454 5829 Samari-

1878 5891 2025 5949 tana,
2055 5895 2175 5952 quae
2203 5877 2447 5934 crassius
2474 5877 2692 5946 quidem
2751 5888 2914 5946 quam
2968 5887 3065 5943 par
3100 5877 3219 5926 erat
3262 5866 3447 5924 divina
