4244 6500
736 414 840 472 515

1700 412 1755 466 S.
1789 409 2066 466 CYlllLlJ
2108 407 2576 462 ALEXANDRINI
2619 406 2942 464 ARClllEP.

3909 412 4018 472 3&6

738 534 1074 586 theoremata
1117 527 1450 592 consideret,
1485 528 1534 583 ei
1559 536 1740 582 tamen
1779 529 2033 582 voluntas
2082 543 2189 581 non
2226 526 2318 579 de-
2347 528 2394 584 A

2347 528 2394 584 Α
2427 526 2544 594 μὲν,
2565 527 2708 596 ἥπερ
2735 527 2922 596 ἐχρῆν,
2950 527 3056 590 τοῖς
3087 526 3257 589 ὅντως
3279 528 3445 594 θείοις
3474 531 3852 604 προσϐαλοῦσα
3884 536 4013 589 θεω-

741 622 866 687 fuit,
917 637 1016 676 nec
1058 619 1394 690 intelligendi
1441 620 1625 674 studio
1653 620 1812 689 plane
1849 621 2049 674 caruit.
2077 620 2318 673 Primum

738 713 890 769 enim
925 713 1146 767 Christo
1180 723 1368 780 potum
1403 713 1606 781 petenti
1643 728 1751 765 non
1779 714 2045 766 continuo
2080 711 2316 781 praebet:

745 806 839 860 sed
881 819 1005 857 eum
1071 804 1316 867 videret,
1373 817 1636 873 quantum
1709 805 1948 858 humano
2009 819 2160 858 more
2215 804 2323 857 dici

746 906 945 967 potest,
1005 913 1127 951 cum
1188 899 1394 966 patrias
1451 906 1786 951 evertentem
1850 898 2320 962 consuetudines,

748 991 1204 1057 transgressionis
1246 993 1397 1058 prius
1422 993 1677 1058 quaesivit
1713 993 2003 1052 rationem,
2044 991 2146 1042 liae
2176 992 2326 1044 velut

747 1083 1120 1134 adrnonitiOne
1143 1081 1431 1136 Dominum
1466 1084 1530 1134 ad
1562 1084 1610 1135 id
1637 1083 2024 1146 explicandum
2057 1082 2322 1135 invizans.

748 1175 852 1240 Qui
890 1177 945 1227 lit
978 1177 1147 1236 enim,
1187 1176 1382 1242 inquit,
1414 1185 1470 1227 ut
1504 1185 1582 1237 tu,
1617 1174 1840 1230 Judmns
1874 1192 1996 1228 cum
2036 1176 2135 1237 sis,
2172 1190 2199 1226 a
2244 1189 2327 1228 me

747 1280 935 1336 potum
963 1283 1179 1338 quaems
1214 1266 1560 1321 Samaritana
1604 1269 1873 1322 muliere?
1898 1269 2030 1321 Cum
2059 1275 2237 1319 autem
2272 1266 2326 1319 in

749 1361 1023 1415 sermonis
1055 1376 1346 1429 progressu
1379 1361 1700 1428 prophetam
1738 1377 1861 1415 esse
1895 1375 2115 1428 Quoque
2157 1359 2328 1412 conﬁ-

750 1460 980 1514 teretur,
1012 1454 1256 1505 salutare
1305 1451 1409 1503 sibi
1451 1452 1806 1520 pharmacum
1862 1451 2140 1521 arguendo
2177 1466 2327 1505 com—

750 1556 984 1609 parans,
1029 1543 1174 1594 aliud
1209 1542 1524 1595 sciscitatur
1581 1542 1826 1596 discendi
1883 1541 2179 1605 desiderio,
2244 1541 2330 1596 bis

753 1632 933 1686 verbis
969 1648 983 1685 :
1023 1652 1040 1683 ι
1088 1633 1280 1687 Patres
1331 1635 1501 1686 nostri
1546 1634 1597 1684 in
1633 1646 1817 1686 monte
1870 1635 1970 1687 hoc
2004 1633 2327 1697 adorarunt,

751 1734 806 1777 et
833 1739 930 1776 vos
975 1724 1162 1778 dicitis
1202 1741 1324 1778 esse
1369 1729 1544 1777 locum
1575 1723 1954 1794 Jerosolyuiis,
1999 1726 2050 1777 in
2087 1739 2195 1791 quo
2236 1723 2332 1776 ad-

751 1829 916 1867 orare
959 1822 1191 1882 oportet.
1257 1833 1275 1865 ι
1335 1812 1440 1866 Sed
1505 1829 1722 1868 rursum
1782 1814 1975 1867 didicit
2039 1822 2328 1868 venturum

753 1905 1103 1974 quandoque,
1149 1905 1257 1957 imo
1287 1921 1416 1958 vero
1442 1904 1553 1971 jam
1583 1907 1777 1957 adesse
1811 1913 2048 1972 tempus,
2079 1919 2190 1972 quo
2216 1904 2330 1958 veri

756 1997 1077 2050 adorator-es
1112 2013 1220 2049 non
1278 1999 1516 2065 amplius
1556 2000 1608 2048 in
1641 1995 1876 2050 terrenis
1919 1995 2197 2048 montibus
2237 1995 2334 2049 ad-

755 2089 964 2143 oraturi
1001 2097 1149 2146 sunt.
1171 2089 1262 2142 ειιιι
1289 2090 1535 2141 altiorem
1559 2098 1610 2139 et
1641 2087 1940 2155 spiritalem
1971 2085 2079 2138 Dee
2107 2096 2160 2140 et
2189 2085 2336 2140 Patri

757 2183 964 2236 cultum
994 2180 1260 2234 delaturi.-
1283 2180 1376 2233 llla
1414 2195 1540 2233 vero
1573 2179 1663 2231 uni
1694 2178 1913 2231 Christo
1950 2193 2252 2248 congruere
2285 2181 2336 2234 id

756 2274 962 2342 upt‘lme
1004 2279 1276 2331 statuens.
1327 2280 1381 2324 et
1434 2271 1716 2325 meliorem
1757 2271 2129 2338 cognitionem
2192 2271 2338 2324 illius

760 2366 1100 2435 temporibus
1150 2365 1458 2419 attriliuens
1505 2383 1516 2417 :
1559 2382 1577 2414 ι
1640 2362 1893 2428 Scimus,
1934 2363 2158 2431 inquit,
2210 2364 2338 2432 quia

762 2457 994 2512 Messias
1029 2459 1193 2516 venit,
1230 2457 1321 2524 qui
1354 2455 1559 2508 dicitur
1618 2454 1895 2510 Christus.
1956 2454 2091 2507 Cum
2130 2455 2341 2509 venerit

760 2550 870 2610 iile,
903 2550 1252 2602 annuntiabit
1283 2547 1440 2600 nobis
1471 2547 1675 2599 omnia.
1716 2564 1735 2598 ι
1791 2545 1980 2601 Cernis
2035 2561 2142 2616 quo
2183 2555 2341 2616 pacto

757 2641 870 2709 jam
896 2649 1147 2708 prompta
1179 2648 1261 2693 est
1292 2639 1359 2691 ad
1395 2637 1728 2692 credendum
1761 2638 2108 2700 muliercula,
2138 2646 2192 2692 et
2220 2639 2343 2707 qui—

763 2729 992 2784 busdam
1021 2730 1179 2798 quasi
1211 2728 1473 2797 gradibus
1525 2743 1590 2780 ex
1625 2726 1810 2795 parvis
1841 2727 2241 2794 qumstionibus
2275 2726 2342 2780 ad

765 2821 1141 2875 sublimiorem
1165 2829 1368 2875 statum
1389 2819 1606 2874 demum
1635 2819 1872 2888 prosilit.
1903 2820 2091 2887 Operae
2109 2819 2341 2888 pretium

762 2923 884 2968 erat
916 2915 1082 2986 igitur
1130 2923 1188 2969 ut
1250 2915 1297 2968 ei
1355 2913 1704 2983 planioribus
1762 2913 1992 2966 vocibus
2042 2912 2346 2980 explicaret

765 3007 913 3075 quod
951 3007 1186 3076 petebat,
1243 3013 1297 3060 et
1343 3004 1487 3074 quod
1539 3004 1593 3057 in
1650 3005 1855 3071 Optima
1894 3018 1990 3070 spe
2044 3001 2344 3070 repositum

765 3107 908 3161 crat,
949 3099 1020 3151 ob
1053 3099 1246 3152 oculos
1301 3098 1349 3152 ei
1405 3105 1633 3166 poneret
1681 3095 1955 3149 dicendo:
1999 3114 2016 3146 ι
2062 3093 2174 3162 Ego
2224 3107 2344 3147 sum

765 3190 862 3258 qui
902 3189 1097 3257 loquor
1131 3196 1332 3241 tecum.
1375 3204 1393 3236 ι
1430 3186 1511 3240 llli
1562 3201 1693 3256 ergo
1748 3185 1952 3254 quibus
2001 3182 2236 3238 docendi
2291 3183 2343 3236 in

769 3280 1019 3336 ccclesiis
1071 3293 1204 3333 cura
1233 3289 1314 3334 est
1358 3279 1697 3339 concredita,
1745 3277 2039 3348 ncephytis
2071 3277 2345 3330 ruminari

771 3370 960 3425 sinant
991 3370 1298 3424 doctrinam
1328 3371 1885 3437 eatecheseos,atque
1915 3369 1986 3421 ita
2023 3367 2243 3422 demum
2269 3367 2352 3422 eis

771 3465 955 3520 Jesum
999 3463 1315 3527 ostendant,
1347 3479 1375 3516 a
1418 3464 1602 3532 parvis
1641 3463 1819 3516 initiis
1855 3461 1922 3515 ad
1972 3461 2351 3530 perfectiorem

774 3557 895 3612 tidei
925 3556 1296 3624 cognitionem
1327 3569 1421 3609 eos
1453 3555 1773 3610 evehentes.
1808 3554 1913 3619 Qui
1942 3563 2125 3608 autem
2161 3553 2353 3607 alieni-

772 3663 964 3714 genam
1004 3647 1250 3717 adeoque
1302 3647 1645 3717 proselytum
1699 3647 1943 3715 rapiunt,
1991 3646 2132 3700 etin
2173 3644 2355 3700 taber-

771 3740 1030 3792 naculum
1081 3739 1313 3794 interius
1369 3739 1634 3803 inferunt,
1685 3738 1965 3807 illotisque
2000 3739 2179 3791 adhuc
2233 3751 2351 3790 ma-

777 3832 938 3886 nibus
959 3847 1158 3900 agnum
1187 3832 1500 3888 sacrificare
1526 3832 1874 3901 permittunt,
1899 3839 2066 3902 atque
2090 3831 2353 3902 dignitate

775 3924 1105 3978 sacerdotali
1143 3925 1385 3979 nondum
1434 3927 1488 3978 in
1518 3925 1624 3980 fide
1651 3924 1930 3979 eruditum
1963 3935 2251 3988 coronant,
2285 3925 2354 3980 ad

776 4027 1001 4081 magnas
1060 4015 1306 4069 rationes
1339 4015 1650 4069 reddendas
1685 4016 1743 4068 in
1772 4016 1860 4069 die
1885 4014 2080 4083 judicii
2113 4030 2173 4070 se
2213 4031 2353 4085 pra:-

780 4115 988 4171 pareut.
1025 4104 1137 4160 Hoc
1166 4107 1312 4161 enim
1344 4107 1477 4160 mihi
1508 4108 1590 4161 vel
1622 4107 1828 4161 dixisse
1859 4108 1996 4161 satis
2029 4115 2137 4162 est.

2425 618 2686 688 ρήμασιν.
2722 618 2782 669 ού
2827 618 2934 688 μὴν
2964 618 3058 672 τοῦ
3108 618 3391 688 βούλεσθαί
3420 639 3472 674 τι
3513 624 3608 676 καὶ
3648 627 3791 677 νοεῖν
3821 626 4014 694 ἐξῳκι-

2427 706 2599 774 σμένη
2635 707 2932 770 παντελῶς.
2959 709 3182 779 Πρῶτον
3217 710 3318 780 μὲν
3340 711 3450 782 γὰρ
3472 713 3755 783 αἰτήσαντι
3789 716 3867 785 τῷ
3884 719 4018 789 Χρι-

2428 795 2537 864 στῷ
2564 797 2624 848 τὸ
2678 799 2860 862 ποτὸν,
2899 800 3206 869 προχείρως
3232 802 3294 853 οὐ
3337 802 3555 856 δίδωσι·
3587 807 3937 875 παραλύοντα
3957 809 4016 862 δέ

2427 903 2563 947 πως,
2597 888 2718 940 ὅσον
2749 883 2882 958 ἧκεν
2927 890 3284 960 ἀνθρωπίνως
3314 895 3520 956 εἰπεῖν,
3553 894 3652 958 τὰς
3687 899 4018 970 ἐπιχωρίους

2426 977 2534 1028 τῶν
2599 977 2864 1032 Ἰουδαίων
2925 981 3212 1048 συνηθείας
3265 984 3681 1058 καταθεωμένη,
3730 990 3856 1051 τοὺς
3919 989 4020 1059 τῆς

2429 1071 2794 1141 παραϐάσεως
2823 1073 3218 1145 προσανεζήτει
3241 1076 3450 1140 λόγους,
3488 1083 3768 1150 μονονουχὶ
3803 1082 3890 1135 διά
3920 1085 4019 1153 τῆς

2431 1167 2791 1236 ὑπομνήσεως
2821 1167 2900 1229 είς
2927 1166 3186 1237 ἐξήγησιν
3220 1170 3458 1224 καλοῦσα
3506 1173 3597 1224 τὸν
3642 1173 3865 1244 Κύριον.
3894 1176 4020 1239 Πῶς

2430 1261 2538 1327 γὰρ
2557 1259 2641 1322 σὺ,
2679 1259 2860 1325 φησὶν,
2913 1259 3166 1324 Ἰουδαῖος
3200 1261 3274 1312 ὢν
3304 1263 3434 1333 παρ’
3467 1264 3602 1331 ἐμοῦ
3645 1268 3788 1317 πιεῖν
3824 1267 4019 1329 αίτεῖς,

2430 1347 2686 1414 γυναικὸς
2738 1349 3124 1418 Σαμαρείτιδος
3177 1350 3379 1422 οὖσης;
3421 1353 3638 1423 Ἐπειδὴ
3691 1354 3746 1406 δὲ
3779 1355 3872 1407 τοῦ
3919 1355 4022 1423 τῆς

2432 1442 2786 1510 κατηχήσεως
2812 1442 3094 1512 προίόντος
3117 1444 3302 1512 λόγου,
3325 1447 3421 1498 καὶ
3443 1449 3728 1517 προφήτην
3750 1449 4023 1516 ὡμολόγει

2433 1527 2571 1583 εἶναι
2608 1532 2825 1594 λοιπον,
2857 1533 3148 1604 φάρμακον
3199 1538 3276 1598 εἰς
3329 1537 3605 1607 σωτηρίαν
3654 1538 3897 1591 λαὸοῦσα
3931 1540 4023 1592 τὸν

2433 1621 2675 1690 ἔλεγχον,
2708 1623 2903 1692 ἑτέραν
2950 1624 3100 1693 αὐτῷ
3149 1627 3392 1696 προσῆγε
3430 1630 3529 1696 τὴν
3567 1628 3758 1681 πεῦσιν
3789 1629 4026 1696 λέγουσα

2437 1713 2778 1782 φιλομαθῶς·
2824 1733 2840 1764 ι
2884 1716 2946 1767 Ol
3005 1716 3241 1786 πατέρες
3281 1719 3436 1787 ἡμῶν
3476 1721 3532 1771 ἐν
3579 1719 3656 1788 τῷ
3699 1720 3815 1790 ὅρει
3856 1721 4026 1788 τούτῳ

2436 1803 2870 1874 προσεκύνησαν,
2901 1807 2994 1858 καὶ
3020 1807 3173 1875 ὑμεῖς
3199 1807 3407 1875 λέγετε,
3444 1809 3524 1862 ὅτι
3560 1811 4025 1880 ἐνἸεροσολύμοις

2438 1898 2582 1950 ἐστὶν
2607 1897 2635 1948 ὁ
2661 1897 2844 1962 τόπος,
2876 1898 3008 1950 ὅπου
3029 1903 3351 1961 προσκυνεῖν
3381 1901 3479 1953 δεῖ.
3498 1921 3514 1953 ι
3560 1902 3696 1953 Ἀλλ’
3712 1903 4029 1956 ἐδιδάσκετο

2436 1990 2594 2043 τοῦτο
2623 1991 2804 2054 πάλιν,
2845 1991 2920 2054 ὡς
2951 1991 3072 2060 ἥξει
3103 1995 3252 2055 ποτὲ,
3293 1993 3495 2062 μᾶλλον
3527 1993 3583 2047 δέ
3613 1995 3711 2065 ήδη
3756 1995 4029 2066 πάρεστιν

2438 2084 2465 2134 ὁ
2505 2083 2730 2153 καιρὸς,
2772 2083 2893 2137 καθ’
2941 2084 2999 2136 ὃν
3051 2085 3099 2136 οἱ
3151 2085 3396 2152 ἀληθινοὶ
3443 2090 3820 2156 προσκυνηταὶ
3857 2088 3919 2140 τὸ
3969 2088 4029 2141 ἐν

2437 2174 2588 2245 ὄρεσι
2638 2176 2750 2237 τοῖς
2801 2175 2892 2228 ἐπὶ
2940 2175 3043 2243 γῆς
3092 2180 3418 2246 προσκυνεῖν
3467 2179 3890 2248 παρωσάμενοι,
3927 2178 4030 2249 τὴν

2441 2266 2776 2336 ὑψηλοτέραν
2816 2267 2910 2319 καὶ¹
2959 2269 3016 2321 ἐν
3068 2267 3337 2337 πνεύματι
3377 2269 3630 2338 λατρείαν
3677 2272 4030 2340 προσοίσουσι

2441 2358 2518 2428 τῷ
2557 2357 2676 2427 Θεῷ
2709 2359 2803 2411 καὶ
2836 2359 3033 2428 Πατρί.
3057 2360 3219 2429 Μὸνῳ
3257 2360 3311 2412 δὲ
3346 2361 3576 2432 πρέπειν
3607 2363 3867 2416 ἀναθεῖσα
3907 2364 4033 2417 κάλ·

2441 2449 2598 2502 λιστια
2640 2449 2717 2519 τῷ
2747 2450 2986 2521 Χριστῷ,
3021 2451 3114 2503 καὶ
3143 2451 3241 2520 τὴν
3277 2453 3368 2504 ἐπὶ
3397 2455 3509 2514 τοῖς
3554 2453 3802 2522 ἀμείνοσι
3828 2454 4034 2522 γνῶσιν

2442 2544 2551 2604 τοῖς
2591 2544 2797 2596 ἐκείνου
2829 2543 3041 2612 χρόνοις
3073 2544 3381 2613 τηρήσασα,
3411 2564 3429 2595 ‹
3456 2543 3714 2614 Οἴδαμεν,
3751 2547 4034 2615 φησὶν,δτι

2443 2635 2689 2697 Μεσσίας
2737 2634 2954 2704 ἔρχεται
2991 2637 3018 2687 ὁ
3071 2635 3363 2704 λεγόμενος
3391 2638 3644 2707 Χριστός.
3677 2639 3846 2690 Ὅταν
3904 2639 4033 2707 ἔλθῃ

2445 2729 2674 2791 ἐκεῖνος,
2709 2727 3002 2795 ἀναγγελεῖ
3037 2729 3166 2796 ἡμῖν
3199 2728 3394 2781 πάντα.
3421 2748 3439 2779 ι
3474 2731 3637 2799 Ὁρᾷς
3670 2730 3818 2792 ὅπως
3841 2729 3942 2799 ἤδη
3975 2731 4036 2782 τὸ

2446 2819 2666 2888 γύναιον
2700 2819 2964 2892 εὐτρεπὲς
3001 2822 3080 2883 εἰς
3113 2820 3174 2874 τὸ
3208 2821 3482 2875 πιστεύειν
3512 2824 3779 2891 ἐγίγνετο,
3812 2825 3908 2877 καὶ
3931 2823 4038 2876 ὦσ-

2447 2929 2554 2982 περ
2609 2915 2728 2966 τινὰ
2782 2912 3009 2983 βαθμῶν
3059 2915 3427 2968 ἀναϐαίνουσα
3482 2915 3650 2980 θέσιν,
3702 2917 3767 2968 ἐκ
3823 2916 4038 2986 μικρῶν

2450 3006 2818 3074 ἐρωτημάτων
2871 3007 2952 3069 είς
2998 3007 3338 3077 ὑψηλοτέραν
3396 3008 3508 3072 ἕξιν
3555 3008 3826 3078 ἀναπηδᾷ.
3889 3009 4039 3062 Ἔδει

2448 3097 2628 3148 τοίνυν
2655 3097 2791 3166 αὐτῇ
2817 3098 3186 3168 τρανωτέραις
3214 3100 3309 3169 μὲν
3335 3099 3434 3169 ἤδη
3462 3104 3664 3167 φωναῖς
3687 3099 4042 3168 ἀπογυμνοῦν

2449 3189 2510 3242 τὸ
2563 3189 2916 3259 ποθούμενον,
2951 3190 3010 3243 τὸ
3040 3191 3094 3244 δέ
3127 3194 3185 3244 ἐν
3233 3193 3414 3246 ἐλπίσι
3460 3191 3766 3262 σωζόμενον
3811 3192 4043 3258 ἀγαθαῖς

2449 3280 2806 3351 παρατιθέναι
2842 3281 3028 3335 λοιπὸν
3069 3283 3126 3336 ἐν
3171 3283 3290 3353 ὄψει
3324 3284 3552 3353 λέγοντα
3587 3302 3600 3316 ’
3633 3305 3650 3336 ι
3703 3286 3844 3352 Ἐγώ
3876 3285 3992 3354 εἰμι
4016 3288 4044 3338 ό

2449 3373 2625 3426 λαλῶν
2649 3390 2751 3425 σοι.
2779 3391 2798 3422 ›
2850 3374 2904 3425 Ἐ
2916 3374 3286 3442 πιτρεπὸντων
3320 3377 3611 3446 τοιγαροῦν
3635 3379 3746 3439 τοῖς
3765 3377 4042 3446 νεήλυσιν,

2451 3467 2498 3517 οἱ
2523 3464 2582 3516 τὸ
2607 3464 2984 3517 διδασκαλικὸν
3007 3467 3066 3517 ἐν
3087 3465 3406 3534 ἐκκλησίαις
3435 3468 3648 3536 ἔχοντες
3678 3467 4040 3536 ἐπιτήδευμα.

2450 3557 2542 3609 τὸν
2584 3556 2685 3625 τῆς
2738 3558 3097 3625 κατηχήσεως
3147 3558 3568 3627 ἀναμασσᾶσθαι
3610 3559 3786 3624 λόγον,
3817 3558 3962 3611 οὓτω
3986 3575 4042 3610 τε

2451 3649 2634 3703 λοιπον
2666 3648 3126 3702 καταδεικνύντων
3161 3651 3344 3714 αὐτοῖς
3369 3652 3457 3704 τὸν
3495 3650 3723 3720 Ἰησοῦν,
3747 3654 3810 3704 ἐκ
3842 3653 4043 3720 μικρᾶς

2455 3741 2833 3809 παιδαγωγίας
2887 3741 2977 3793 ἐπὶ
3029 3741 3128 3810 τὴν
3189 3742 3577 3812 ἐντελεστέραν
3643 3743 3744 3810 τῆς
3806 3745 4044 3805 πίστεως

2453 3832 2878 3894 ἀναϐιϐάζοντες
2903 3830 3124 3900 γνῶσιν.
3151 3833 3213 3885 Οἱ
3249 3831 3304 3885 δέ
3343 3833 3435 3884 τὸν
3467 3833 3732 3902 ἀλλογενῆ
3778 3835 3875 3886 καὶ
3904 3833 4045 3886 οῦτω

2457 3925 2797 3998 προσήλυτον
2845 3923 3218 3994 ἁρπάζοντες,
3249 3924 3344 3976 καὶ
3395 3925 3602 3994 σκηνῆς
3656 3925 3753 3994 μὲν
3782 3926 3914 3978 εἴσω
3949 3927 4046 3994 τῆς

2457 4017 2732 4088 ἐσωτέρας
2763 4015 3098 4085 ποιούμενοι,
3129 4014 3278 4068 θύειν
3303 4015 3359 4068 δὲ
3388 4015 3634 4078 ἀνίπτοις
3663 4016 3742 4067 ἔτι
3770 4015 3932 4085 χερσὶ
3961 4015 4049 4067 τον

2460 4112 2634 4180 ἀμνὸν
2659 4110 3065 4179 ἐπιτρέποντες,
3094 4107 3187 4160 καὶ
3208 4106 3286 4176 τῷ
3307 4107 3405 4175 τῆς
3437 4107 3736 4178 ἱερωσύνης
3783 4107 4050 4160 καταστὲο

778 4217 967 4268 φοντες
1000 4201 1268 4272 ἀξιώματι
1305 4202 1396 4255 τὸν
1438 4201 1591 4255 οὔπω
1621 4202 2031 4272 κατηχούμενον
2055 4242 2068 4268 ,
2095 4205 2230 4276 πρὸς
2265 4207 2532 4275 μεγάλους
2593 4211 2652 4261 ἐν
2705 4207 2891 4278 ήμέρᾳ
2959 4205 3192 4276 κρίσεως
3269 4201 3770 4274 εὐτρεπιζέσθωσαν
3834 4201 4053 4270 λόγους.

793 4292 975 4363 Ἀρκεῖ
1013 4295 1122 4364 γάρ
1157 4313 1245 4363 μοι
1275 4295 1434 4348 τοῦτο
1479 4296 1573 4349 καὶ
1611 4297 1769 4366 μόνον
1798 4299 1994 4352 εἰπεῖν.

819 4387 975 4458 193
1005 4387 1094 4451 IV,
1123 4389 1214 4445 27.
1254 4389 1319 4443 Et
1349 4393 1596 4445 continuo
1625 4402 1871 4446 venerunt
1901 4393 2150 4460 discipuli
2188 4394 2321 4463 ejus.

851 4476 1041 4532 Finem
1077 4481 1264 4534 attulit
1310 4483 1588 4552 colloquio
1626 4498 1749 4536 cum
1796 4484 2027 4540 muliere
2061 4486 2362 4555 discipulo-

780 4584 904 4624 rum
941 4574 1251 4639 praesentia.
1301 4571 1437 4628 Silet
1469 4575 1616 4627 enim
1665 4575 1930 4643 deinceps
1980 4576 2258 4636 Christus.
2308 4587 2362 4630 et

783 4661 961 4714 calida
1014 4661 1137 4717 ﬁdei
1188 4664 1429 4719 scintilla
1464 4664 1826 4720 Samaritanis
1865 4667 2058 4730 indita,
2103 4681 2358 4736 magnum

784 4754 987 4808 excitat
1024 4755 1359 4812 incendium.
1405 4757 1516 4810 Hoc
1548 4758 1709 4811 modo
1739 4760 2068 4828 capiendum
2107 4770 2192 4814 est
2216 4760 2361 4828 quod

787 4845 857 4898 ab
894 4847 1012 4916 ipso
1041 4847 1274 4902 dicitur:
1311 4866 1328 4899 ι
1375 4849 1560 4919 Ignem
1599 4851 1727 4905 veni
1769 4853 1985 4907 mittere
2027 4852 2081 4906 in
2132 4860 2361 4915 terram,

789 4947 844 4994 et
871 4939 1004 5009 quid
1032 4941 1155 4995 volo
1193 4942 1298 4998 nisi
1329 4951 1389 4995 ut
1417 4943 1608 4998 ardeat
1641 4943 1699 4996 ⁵2
1737 4963 1754 4995 ι

862 5113 956 5182 ιν,
981 5115 1073 5171 27.
1108 5115 1176 5170 Et
1202 5118 1541 5174 mirabantur
1569 5122 1697 5191 quia
1727 5137 1846 5174 cum
1873 5121 2092 5175 muliere
2123 5121 2368 5191 loqueba-

796 5216 903 5260 tur.

867 5297 1104 5353 Rursum
1177 5300 1436 5371 discipuli
1500 5302 1805 5360 Salvatoris
1862 5304 2258 5374 benignitatem
2321 5313 2374 5359 et

796 5390 1183 5447 demissionem
1229 5394 1374 5447 illam
1417 5397 1633 5449 attoniti
1698 5398 1990 5450 mirantur.
2049 5395 2169 5448 Non
2223 5394 2368 5450 enim

799 5490 860 5535 ut
889 5484 1138 5536 nonnulli
1170 5485 1462 5542 immodice
1499 5487 1761 5558 religione
1789 5487 1999 5543 elTerati
2029 5487 2368 5555 colloquium

801 5587 926 5624 cum
982 5575 1212 5630 muliere
1266 5587 1572 5644 aversatur,
1626 5580 1722 5635 sed
1772 5581 1827 5635 in
1876 5596 2066 5636 omnes
2107 5579 2372 5650 expandit

803 5679 956 5718 suam
981 5667 1479 5734 mansuetudinem,
1505 5685 1678 5741 eaque
1708 5687 1767 5728 re
1797 5671 2037 5728 ostendit
2072 5671 2219 5742 quod
2245 5685 2368 5726 cum

884 5828 903 5856 ⁸
937 5839 1053 5896 Luc
1115 5860 1208 5906 xu,
1236 5845 1319 5897 40.

2538 4392 2646 4448 Καὶ
2677 4390 2775 4443 ἐπὶ
2808 4389 2997 4452 τούτῳ
3028 4383 3221 4456 ἦλθον
3247 4389 3300 4439 οἱ
3324 4382 3581 4452 μαθηταὶ
3608 4381 3818 4436 αὑτοῦ.

2539 4481 2706 4543 Τέλος
2735 4478 2842 4532 τῶν
2878 4476 3017 4546 πρὸς
3056 4476 3156 4545 τὴν
3185 4476 3413 4542 γυναῖκα
3457 4473 3653 4540 λόγων,
3679 4474 3711 4541 ἡ
3743 4471 3850 4524 τῶν
3881 4472 4058 4543 μαθη.

2397 4610 2437 4662 D
2465 4573 2574 4626 τῶν
2607 4568 2903 4641 παρουσία.
2930 4565 3120 4635 Σιωπᾷ
3147 4563 3255 4634 γάρ
3284 4561 3466 4615 λοιπὸν
3493 4564 3521 4614 ὁ
3556 4561 3808 4662 Χριστὸς,
3847 4563 3946 4662 καὶ,
3969 4562 4059 4614 τὸν

2470 4663 2672 4735 θερμὸν
2715 4663 2813 4730 τῆς
2855 4658 3092 4719 πίστεως
3135 4653 3407 4723 σπινθῆρα
3456 4652 3821 4722 Σαμαρείταις
3855 4652 4058 4717 ἐνθεὶς,

2471 4755 2757 4826 ἐπιτρέπει
2805 4753 2924 4813 ταῖς
2973 4748 3242 4800 ἐνδόσεσιν
3295 4747 3376 4808 είς
3435 4744 3677 4814 μεγάλην
3725 4743 4058 4807 ἐξάπτεσθαι

2472 4850 2666 4919 φλόγα.
2719 4844 2876 4898 υῦτω
2936 4843 3148 4911 νοήσεις
3205 4838 3265 4892 τὸ
3325 4836 3454 4907 παρ’
3516 4835 3681 4888 αὑτοῦ
3741 4835 4058 4904 λεγόμενον

2480 4963 2496 4993 ι
2529 4942 2645 5012 Πῦρ
2681 4935 2844 5010 ἦλθον
2876 4934 3058 5004 βαλεῖν
3096 4931 3189 4982 ἐπὶ
3225 4929 3325 5001 τὴν
3355 4930 3478 4999 γῆν,
3513 4927 3607 4981 καὶ
3632 4927 3684 4979 τί
3709 4925 3850 4980 θέλω
3881 4928 3931 4979 εί
3960 4929 4061 4997 ἢδη

2475 5033 2686 5102 ἀνήφθη
2707 5049 2720 5094 ;
2759 5049 2776 5080 ι

2547 5124 2653 5178 Καὶ
2686 5117 3038 5190 ἐθαύμαζον,
3064 5117 3151 5169 ὅτι
3173 5113 3324 5184 μετὰ
3347 5109 3628 5182 γυναικὸς
3656 5110 3884 5164 ἐλάλει.

2540 5296 3026 5365 Καταπλὴττονται
3076 5289 3238 5344 πάλιν
3283 5289 3334 5340 οἱ
3380 5286 3615 5358 μαθηταὶ
3664 5285 3759 5338 τοῦ
3807 5285 4063 5355 Σωτῆρος

2473 5393 2572 5463 τὴν
2611 5388 2924 5460 ἡμερότητα
2952 5423 2967 5448 ,
3003 5385 3096 5436 καὶ
3129 5383 3219 5435 τὸν
3275 5380 3564 5449 ὑφειμένον
3610 5375 4066 5446 ἀποθαυμάζουσι

2477 5485 2696 5554 τρόπον.
2735 5480 2810 5532 Οῦ
2849 5478 2958 5546 γὰρ
2986 5475 3049 5546 δὴ
3080 5473 3222 5527 κατά
3247 5489 3400 5534 τινας
3436 5471 3542 5523 τῶν
3574 5472 3656 5523 ἐπ’
3692 5470 3951 5539 ἀκράτοις
3977 5471 4066 5522 εὖ-

2477 5574 2720 5637 λαϐείαις
2768 5569 3165 5641 ἠγριωμένων,
3218 5565 3315 5636 τὴν
3367 5563 3501 5634 πρὸς
3547 5564 3780 5630 γυναῖκα
3831 5560 4066 5625 διάλεξιν

2480 5666 2831 5737 ἀποφρίττειν
2865 5661 3026 5729 ἀξιοῖ,
3063 5657 3285 5724 ἐξαπλοῖ
3331 5656 3386 5710 δέ
3417 5658 3492 5719 εἰς
3533 5655 3777 5714 ἅπαντας
3810 5653 3911 5721 τὴν
3944 5652 4066 5722 φιλ-
