4244 6500
214 423 315 476 Si?

1248 420 1312 474 IN
1353 416 1642 475 JOANNIS
1684 414 2138 478 EVANGELIUM
2180 420 2311 477 LIB.
2343 419 2408 476 ll.

3397 420 3503 477 318

210 533 571 602 ανθρωπίαν,
598 530 693 585 καί⁵
738 530 805 584 δι’
840 529 1009 583 αὑτοῦ
1044 530 1280 583 δεικνύει
1320 529 1414 584 τοῦ
1462 532 1802 601 πράγματος,

1917 548 2062 589 unus
2106 534 2334 589 omnino
2374 535 2448 589 sit
2488 532 2670 602 opifex
2706 547 2817 587 non
2864 532 3001 588 solis
3030 531 3165 588 viris
3196 532 3369 587 vitam
3403 549 3505 605 per

208 625 289 676 δτι
435 623 657 686 πάντως
711 615 792 685 εἷς
824 619 1087 690 ὑπάρχων
1118 620 1472 691 δημιουργὸς,
1517 622 1577 673 οὐ
1630 621 1810 690 μόνοις

209 715 441 785 ἀνδράσι
477 716 580 783 τὴν
620 714 709 768 διὰ
754 714 992 776 πίστεως
1023 715 1289 783 ἀπονέμει
1342 714 1519 784 ζωὴν,
1552 713 1688 766 ἀλλὰ
1718 714 1812 765 καὶ

208 807 269 860 τὸ
302 808 441 877 Θῆλυ
489 807 629 876 πρὸς
678 807 851 877 αὐτὴν
897 805 1191 875 σαγηνεύει
1238 806 1413 873 γένος.
1470 805 1812 876 Κερδαινέτω

211 898 375 951 πάλιν
426 901 525 952 καὶ
574 899 733 951 τοῦτο
788 899 925 968 πρὸς
976 898 1347 968 ὑπογραμμὸν
1381 899 1408 950 ό
1437 897 1705 950 διδάσκων
1754 900 1810 950 ἐν

212 989 559 1057 ἐκκλησίαις,
605 990 699 1041 καὶ
750 989 823 1058 μὴ
860 988 1233 1059 παραιτεῖσθαι)
1266 1004 1530 1053 γυνααας
1555 986 1808 1054 ὠφελεῖν.

213 1082 282 1131 Οὐ
322 1082 433 1150 γὰρ
476 1081 747 1149 οελήμασι
779 1083 891 1143 τοῖς
930 1081 1102 1142 ἰδίοις,
1135 1079 1271 1132 ἀλλὰ
1302 1082 1367 1149 τῇ
1397 1079 1488 1131 τοῦ
1520 1078 1810 1149 κηρύγμα-

213 1189 299 1232 τος
333 1173 499 1242 χρεία
529 1172 610 1224 δεῖ
639 1172 859 1233 πάντως
890 1172 1223 1225 ἀκολουθεῖν.

283 1265 499 1330 Οὐδεὶς
546 1264 754 1333 μέντοι
807 1261 974 1319 εἷπε·
1026 1266 1085 1319 Τί
1122 1263 1373 1330 λαλεῖς,
1410 1264 1447 1332 ἡ
1502 1265 1560 1317 τι
1621 1262 1810 1331 ζητεῖς

206 1359 325 1425 μετ’
351 1354 598 1421 αὐτῆς;

278 1447 562 1515 Μαθητῶν
592 1443 659 1517 ἦν
686 1446 845 1517 ἔργον
882 1446 1289 1517 ἐπιστημόνων,
1316 1448 1411 1500 καὶ
1437 1447 1536 1517 τὴν
1568 1445 1810 1515 πρέπου-

210 1557 303 1591 σαν
352 1540 435 1606 τῷ
494 1538 804 1607 διδασκάλῳ
852 1539 1021 1608 τιμὴν
1066 1538 1391 1609 περισώζειν
1440 1540 1695 1601 εἰδότων,
1734 1538 1808 1609 μὴ

208 1634 528 1702 περιέργοις
563 1634 898 1702 ἐρωτήσεσιν
934 1633 1015 1693 είς
1048 1632 1313 1693 ἐκτύπους
1350 1632 1527 1684 δοκεῖν
1555 1632 1809 1693 ὑπονοίας

204 1722 537 1791 ἀποδημεῖν,
579 1723 662 1776 ὅτι
700 1723 841 1791 μετὰ
874 1723 1134 1788 γυναικὸς
1177 1722 1377 1785 ἐλάλει,
1407 1722 1547 1775 αἰδοῖ
1578 1724 1632 1775 δὲ
1670 1723 1808 1792 μᾶλ-

204 1814 310 1873 λον,
336 1815 434 1865 καί
470 1814 622 1883 φόϐῳ
655 1815 753 1883 ’τὴν
802 1814 901 1883 μὲν
927 1815 1179 1881 γλῶτταν
1209 1816 1414 1883 εἴργειν
1462 1815 1691 1866 ὀδόντων
1728 1817 1807 1866 ἐν·

1916 626 2076 680 lidem
2106 626 2319 688 tribuit,
2360 624 2456 680 sed
2495 632 2549 678 et
2576 623 2873 680 femineum
2904 639 3079 695 genus
3112 625 3179 677 ad
3211 639 3332 679 eam
3360 640 3501 680 con-

1914 720 2100 773 vertit.
2162 715 2279 771 lloc
2311 718 2413 771 sibi
2446 732 2643 771 rursus
2676 718 2987 787 exemplum
3033 716 3231 771 habeat
3263 716 3502 785 quicun-

1914 826 2020 878 que
2057 810 2303 864 doctoris
2336 817 2518 878 partes
2550 809 2662 877 agit
2701 809 2755 861 in
2792 809 3066 871 ecclesiis,
3107 824 3207 863 nec
3236 809 3502 879 prodesse

1914 909 2111 955 renuat
2169 902 2517 955 niulierihus.
2568 901 2685 955 Non
2734 900 2878 954 enim
2927 901 3262 954 voluntatem
3317 915 3498 968 suam,

1914 992 2007 1047 sed
2047 993 2459 1062 praedicationis
2494 994 2788 1048 utilitatem
2821 992 2978 1062 sequi
3007 1000 3245 1062 oportet.

1986 1262 2077 1327 1V,
2114 1262 2204 1315 ‘27.
2238 1261 2407 1315 Nemo
2439 1271 2614 1315 tamen
2640 1262 2817 1316 dixit:
2856 1261 2999 1328 Quid
3040 1262 3233 1330 quaeris
3261 1260 3499 1332 autquid

1914 1357 2141 1423 loqueris
2166 1372 2284 1407 rum
2318 1356 2413 1407 illa
2434 1356 2458 1409 Σ)

1984 1447 2344 1502 Prudentium
2380 1447 2782 1517 discipulorum
2834 1456 2975 1512 erat,
3005 1455 3060 1501 et
3105 1446 3369 1516 magistro
3399 1446 3497 1502 de-

1912 1542 2087 1597 bitum
2140 1541 2403 1595 honorem
2442 1542 2805 1602 servantium,
2836 1554 2948 1593 non
3006 1540 3303 1609 superlluis
3347 1554 3501 1610 qua-

1914 1635 2187 1689 stionibus
2229 1635 2280 1687 in
2317 1632 2592 1688 absurdas
2636 1634 2981 1701 suspiciones
3013 1632 3167 1686 abire
3194 1632 3501 1701 quod-cum

1912 1730 2142 1782 muliere
2184 1729 2536 1796 loutterctur,
2587 1725 2683 1780 sed
2743 1726 2954 1793 pudore
3006 1726 3192 1795 potius
3242 1738 3306 1779 ac
3350 1732 3499 1779 metu

1913 1818 2157 1887 linguam
2218 1818 2361 1870 intra
2410 1817 2603 1870 dentes
2648 1816 3016 1880 concludere,
3070 1824 3124 1868 et
3176 1823 3501 1883 exspectare

200 1906 311 1968 τις,
344 1905 669 1975 περιμένειν
691 1906 745 1957 δὲ
780 1905 979 1973 μᾶλλον
1010 1906 1415 1970 αὐτομολοῦντα
1448 1906 1583 1976 πρὸς
1614 1906 1802 1974 λόγους

1905 1911 2033 1963 dum
2086 1909 2350 1975 magister
2375 1908 2721 1975 loqueretur,
2761 1905 2991 1975 ejusque
3038 1906 3112 1959 rei
3154 1919 3380 1958 causam
3419 1904 3501 1956 ul-

199 1997 289 2047 τὸν
323 1997 519 2066 κύριον
542 2037 555 2057 ,
591 1998 685 2048 καὶ
736 1995 1042 2049 ἐθελούσιον
1077 1998 1259 2059 αὐτοῖς
1313 1996 1656 2066 περιτιθέντα
1706 1997 1804 2068 τὴν

204 2090 489 2159 ἐξήγησιν.
546 2090 902 2160 Θαυμαστέον
958 2090 1248 2159 τοιγαροῦν
1316 2094 1403 2146 διὰ
1458 2093 1665 2146 τούτων
1718 2095 1804 2162 ἐφ’

202 2184 503 2253 ἠιιεροτητι
530 2183 629 2252 μὲν
654 2184 743 2237 τὸν
778 2184 1035 2252 Χριστὸν,
1056 2187 1146 2239 ἐπὶ
1178 2187 1233 2238 δὲ
1260 2186 1420 2257 σοφία
1464 2187 1559 2239 καὶ
1592 2186 1803 2240 συνέσει

202 2278 321 2339 τοὺς
359 2278 637 2346 μα’)ητας,
671 2278 763 2329 καὶ
805 2280 871 2347 τῇ
904 2277 996 2330 τοῦ
1028 2278 1332 2348 πρέποντος
1363 2278 1586 2348 γνώσει.

171 2431 189 2448 ⁸
280 2369 551 2437 Ἀφῆκεν
608 2367 723 2424 οὖν
771 2372 887 2437 τὴν
925 2372 1140 2439 ὑδρίαν
1170 2372 1362 2441 αὐτῆς
1401 2375 1439 2442 ἡ
1485 2373 1663 2443 γυνὴ,
1701 2375 1802 2427 καὶ

202 2460 481 2528 ἀπῆλθεν
503 2464 590 2527 είς
620 2462 735 2528 τὴν
758 2464 961 2516 πόλιν.

270 2554 560 2623 Κρείττων
593 2554 693 2624 ἤδη
739 2556 832 2608 καὶ
863 2556 1174 2627 ὑψηλοτέρα
1208 2556 1458 2624 φαίνεται
1493 2557 1601 2611 τῶν
1635 2560 1716 2621 εἰς
1743 2559 1804 2612 τὸ

204 2645 360 2714 σῶμα
410 2646 718 2715 φροντίδων
742 2687 755 2710 ,
871 2650 1014 2701 κατὰ
1045 2650 1144 2718 τὴν
1178 2651 1304 2719 χθὲς
1334 2654 1429 2702 καὶ
1460 2651 1652 2720 τρίτην
1703 2669 1802 2704 πο-

202 2739 463 2809 λύανδρος
489 2736 626 2792 οὖσα
647 2740 801 2811 γυνὴ,
841 2742 993 2812 καὶὴ
1027 2743 1264 2814 ψυχραῖς
1301 2744 1562 2807 πολλάκις
1596 2745 1803 2798 εοάλω.

200 2848 286 2893 τος
350 2831 611 2901 ἡδοναῖς,
665 2833 983 2885 πλεονεκτεί
1044 2838 1143 2904 τῆς
1205 2836 1407 2905 σαρκὸς
1457 2838 1556 2905 τὴν
1611 2838 1686 2899 ὡς
1744 2837 1803 2901 ἐξ

204 2924 449 2991 ἀνάγκης
486 2924 697 2993 χρείαν,
727 2925 888 2993 δίψης
941 2943 996 2978 τε
1040 2926 1177 3006 ὁμοῦ
1200 2969 1213 2989 ,
1247 2929 1341 2979 καὶ
1372 2929 1553 2980 ποτῶν
1608 2929 1804 2999 ἀλογή-

206 3017 519 3085 σασα,πρ>ις
542 3017 734 3085 ἑτέραν
758 3017 867 3081 ἕξιν
888 3018 975 3070 διὰ
1002 3018 1104 3087 τῆς
1131 3019 1365 3081 πίστεως
1384 3020 1798 3089 ἁνεχαλκεύετο.

215 3107 462 3178 Ἀγάπην
504 3108 561 3160 δὲ
612 3109 955 3179 παραχρῆμα
994 3112 1093 3177 τὴν
1124 3112 1416 3180 καλλίστην
1450 3114 1638 3166 πασῶν
1674 3116 1804 3184 ἀρε“

202 3199 314 3269 τὴν,
345 3201 442 3252 καὶ
466 3200 556 3251 τὸν
590 3200 917 3271 φιλάλληλον
949 3203 1232 3271 μελετῶσα
1259 3204 1479 3275 τρόπον,
1502 3207 1639 3275 ὅπερ
1664 3209 1799 3276 αὐτῇ

205 3290 444 3358 πέφηνεν
500 3290 725 3357 ἀγαθὸν,
779 3291 939 3345 τοῦτο
997 3295 1090 3346 καὶ
1142 3295 1350 3364 ἑτέροις
1400 3296 1800 3363 ἐξαγγέλλουσα

202 3383 414 3451 γοργῶς
444 3382 633 3453 δρόμῳ
658 3383 737 3451 τῷ
776 3384 913 3454 πρὸς
944 3385 1041 3454 τὴν
1089 3386 1243 3437 πόλιν
1272 3388 1623 3441 συντείνεται.
1669 3390 1800 3441 Ύπ-

202 3472 396 3538 ecl-Abusa
428 3471 537 3541 γὰρ
564 3472 621 3522 ἐν
648 3473 810 3543 αὐτῇ.
841 3474 982 3526 κατά
1014 3491 1074 3541 γε
1114 3475 1175 3526 τὸ
1212 3475 1378 3539 εἰκὸς,
1408 3480 1434 3531 ό
1460 3479 1670 3549 Σωτὴρ,
1706 3482 1800 3533 καὶ

203 3558 540 3628 λεληθότως,
572 3561 715 3613 κατὰ
760 3562 852 3614 τὸν
895 3562 1020 3613 νοῦν
1058 3564 1337 3634 ἐψιθύριζε
1370 3568 1547 3634 λέγων
1573 3586 1585 3599 ’
1626 3589 1644 3619 ‹
1688 3574 1801 3622 Ato-

204 3654 330 3718 ρεαν
364 3651 613 3710 ἐλάϐετε,
642 3652 851 3723 δωρεὰν
881 3654 1018 3708 δότε.
1059 3674 1076 3705 ι
1131 3658 1512 3727 Μανθάνωμεν
1545 3661 1633 3713 διὰ
1677 3662 1801 3715 τού-

197 3761 313 3807 του,
348 3745 423 3813 μὴ
478 3743 675 3814 ζηλοῦν
728 3746 826 3813 μὲν
856 3747 1060 3800 ἐκεῖνον
1102 3749 1194 3801 τὸν
1227 3751 1512 3818 όκνόιριλον
1537 3754 1627 3805 τὸν
1653 3757 1799 3808 οἰκέ-

200 3853 316 3904 την,
350 3836 441 3888 διὰ
467 3853 527 3887 τε
565 3836 725 3890 τοῦτο
748 3840 827 3899 εἰς
858 3838 958 3907 γῆν
986 3841 1406 3910 καταχωννύντα
1435 3846 1496 3895 τὸ
1518 3845 1797 3911 τάλαντον,

203 3924 612 3994 ἓπεργάζεσοαι
656 3926 712 3978 δὲ
750 3928 949 3996 μᾶλλον
998 3930 1128 3981 αὐτὸ
1175 3932 1587 4003 σπουδάζωμεν.
1637 3938 1700 3988 '0
1733 3939 1796 4009 δὴ

202 4021 288 4067 καὶ
323 4016 512 4084 δρῶσα
558 4016 732 4078 καλῶς
763 4020 794 4087 ἡ
825 4018 1263 4091 πολυθρύλλητος
1294 4022 1432 4094 αὕτη
1483 4026 1649 4096 γυνὴ,
1684 4045 1797 4081 κοι-

201 4110 497 4159 ωποιείται
546 4111 658 4168 τοῖς
704 4108 884 4171 ἄλλοις
922 4110 981 4162 τὸ
1014 4113 1324 4181 προσπεσὸν
1363 4116 1588 4189 ἀγαθὸν,
1651 4118 1796 4191 ὕδωρ

205 4201 317 4269 μὲν,
336 4202 479 4269 ὅπερ
498 4196 566 4269 ἦν
587 4202 929 4271 ἁρνσαμένη,
946 4202 1056 4255 τῶν
1082 4206 1334 4272 πηγαίων
1357 4207 1539 4260 οὐκέτι
1559 4208 1796 4263 λαϐοῦσα

203 4292 448 4361 μαστῶν,
472 4292 594 4344 οὐδὲ
625 4291 714 4361 τὴν
742 4294 807 4344 ἐκ
846 4294 947 4362 γῆς
979 4295 1167 4363 ὑδρίαν
1213 4298 1351 4349 οἴκοι
1388 4300 1548 4352 πάλιν
1597 4302 1800 4356 ἀποκο-

204 4382 431 4451 μίζουσα
454 4421 468 4444 ,
506 4381 627 4451 Θείᾳ
672 4382 727 4433 δὲ
778 4383 977 4451 μᾶλλον
1030 4386 1124 4437 καὶ
1154 4386 1391 4457 οὐρανίῳ
1440 4391 1664 4461 χάριτι,
1702 4396 1795 4447 καὶ

202 4474 461 4543 πανσόςςῳ
497 4474 591 4526 τοῦ
628 4475 884 4543 Σωτῆρος
920 4476 1243 4547 διδασκαλίᾳ⁵
1288 4480 1387 4543 τὰς
1421 4481 1520 4549 τῆς
1556 4483 1795 4550 διανοίας

1908 2009 1995 2053 1.Γο
2040 1997 2299 2067 aperiret.
2358 1996 2541 2049 Mirari
2596 2012 2729 2065 ergo
2768 1997 3033 2051 debemus
3095 1997 3181 2049 hic
3212 1997 3498 2049 Christum

1905 2091 1975 2150 ob
2020 2089 2543 2155 mansuetudinem;
2598 2090 2903 2158 discipulos
2939 2097 3124 2142 autem
3172 2089 3245 2141 ob
3277 2089 3499 2158 sapien-

1906 2185 2037 2238 tiam
2073 2193 2235 2254 atque
2267 2184 2640 2253 prudentiam,
2674 2192 2727 2237 et
2755 2182 2941 2237 decori
2973 2182 3251 2239 notitiam.

1979 2368 2067 2431 IV,
2109 2367 2199 2421 28.
2253 2365 2485 2436 Reliquit
2527 2382 2650 2436 ergo
2694 2364 2943 2435 hydriam
2979 2382 3135 2419 suam
3182 2365 3396 2432 mulier,
3446 2372 3497 2421 et

1906 2463 2037 2516 abiit
2064 2464 2115 2514 in
2154 2463 2443 2515 civitatem.

1978 2554 2187 2607 Victrix
2232 2566 2511 2621 corporeae
2550 2566 2697 2607 cura:
2728 2550 2843 2619 jam
2884 2549 3106 2605 videtur
3139 2550 3232 2604 illa
3274 2550 3390 2605 heri
3430 2565 3497 2606 ac

1906 2647 2311 2703 nmiiusturtius
2344 2645 2640 2698 multorum
2666 2645 2909 2697 virorum
2944 2659 3104 2707 uxor,
3128 2652 3182 2699 et
3212 2660 3332 2713 qua
3355 2645 3494 2700 stul-

1905 2742 1979 2795 tis
2013 2739 2392 2807 voluptatibus
2440 2753 2584 2805 διξερε
2636 2737 3030 2794 succubuerat.
3092 2740 3279 2791 carnis
3330 2752 3493 2791 usum

1903 2833 2280 2887 necessarium
2307 2829 2618 2893 del'raudat,
2636 2829 2913 2897 simulque
2938 2828 3084 2881 sitim
3111 2836 3165 2881 et
3192 2836 3378 2897 potum
3398 2843 3492 2883 as-

1905 2934 2132 2995 pernata
2160 2925 2213 2977 in
2237 2924 2401 2977 alium
2424 2932 2626 2978 statum
2653 2938 2750 2992 per
2776 2922 2935 2976 Iidem
2959 2920 3119 2993 195.
3136 2921 3491 2975 reformatur.

1908 3014 2108 3068 Statim
2160 3031 2292 3068 vero
2346 3015 2675 3067 charitatem
2732 3014 3000 3067 virtutum
3052 3014 3339 3082 op‘imam,
3374 3026 3498 3066 mu-

1908 3117 2174 3176 luumque
2206 3122 2446 3159 amorem
2492 3109 2761 3175 amplexa,
2795 3106 2940 3174 quod
2974 3106 3079 3159 sibi
3112 3108 3357 3159 onlatuln
3408 3114 3494 3160 est

1907 3200 2133 3263 bonum,
2171 3201 2340 3252 citato
2370 3199 2422 3251 in
2459 3199 2647 3253 urbem
2690 3213 2859 3251 cursu
2896 3198 3144 3252 studiose
3174 3197 3489 3252 annuntiat.

1906 3292 2408 3346 lnclantahalcnim
2434 3293 2506 3354 ei,
2532 3300 2591 3344 ut
2626 3290 2893 3345 credibile
2930 3299 3038 3348 est.
3075 3298 3129 3344 et
3160 3290 3213 3344 in
3244 3291 3491 3344 animum

1905 3388 2045 3441 clam
2098 3386 2524 3448 iususurrabat,
2562 3384 2794 3437 dicens:
2847 3400 2865 3433 ι
2929 3381 3114 3437 Gratis
3170 3384 3489 3451 accepistis,

1904 3480 2079 3548 gratis
2104 3478 2230 3531 date
2258 3478 2299 3532 °.
2333 3499 2349 3527 ι
2387 3476 2522 3530 Hinc
2554 3477 2837 3531 discamus
2862 3493 2970 3530 non
3008 3492 3131 3531 esse
3167 3476 3328 3529 nobis
3362 3476 3489 3531 imi-

1904 3576 2129 3627 tandum
2167 3574 2419 3641 ignavum
2456 3573 2606 3625 illum
2639 3586 2856 3626 servum
2892 3571 2987 3639 qui
3043 3572 3309 3623 talentum
3334 3569 3489 3623 humi

1903 3666 2134 3727 defodit,
2168 3666 2262 3718 sed
2311 3664 2443 3717 illud
2482 3680 2743 3718 exercere
2776 3678 3042 3717 conemur
3066 3663 3105 3715 ⁷.
3152 3662 3310 3728 Quod
3345 3662 3491 3716 cele-

1901 3758 2139 3813 berrima
2192 3756 2305 3811 hare
2349 3757 2547 3811 mulier
2577 3756 2794 3825 egregie
2831 3763 3074 3823 praestat,
3128 3771 3251 3824 quae
3281 3755 3487 3808 bonum

1904 3852 2012 3906 sibi
2060 3852 2304 3905 oblatum
2356 3851 2479 3906 aliis
2522 3853 2939 3915 communicat,
2998 3865 3163 3920 quam
3219 3850 3488 3904 hactenus

1903 3944 2167 3999 hauserat
2199 3959 2398 4011 aquam
2448 3959 2556 3997 non
2598 3943 2713 4011 jam
2762 3957 2793 3996 e
2830 3942 3166 4012 scaturigine
3199 3940 3483 4005 hauriens,

1900 4053 2077 4105 neque
2127 4044 2443 4089 terrestrem
2492 4034 2741 4104 bydriam
2791 4034 3013 4088 domum
3065 4034 3247 4088 denuo
3298 4046 3478 4101 repor-

1898 4137 2044 4192 tans,
2101 4128 2195 4183 sed
2246 4128 2432 4181 divina
2469 4128 2655 4196 potius
2694 4142 2759 4182 ac
2792 4126 3003 4181 caelesti
3031 4130 3228 4196 gratia,
3267 4126 3487 4193 sapien-

1898 4220 2227 4287 tissimaque
2282 4218 2589 4273 Salvatoris
2654 4217 2909 4271 doctrina
2963 4224 3200 4270 mentem
3266 4215 3481 4284 plenam

1899 4326 2115 4380 gerens.
2168 4309 2309 4364 Hinc
2362 4324 2560 4363 rursus
2615 4317 2879 4377 tanquam
2918 4308 2973 4360 in
3012 4307 3184 4377 ligura
3214 4314 3268 4360 et
3299 4304 3483 4357 tabula

1899 4403 2305 4457 observandum
2354 4412 2460 4465 cst,
2499 4402 2711 4470 exiguis
2746 4401 3039 4454 admodum
3097 4406 3152 4454 et
3201 4395 3486 4467 corporeis

1900 4494 2171 4561 neglectis
2217 4493 2394 4546 multo
2441 4492 2757 4561 copiosiora
2793 4498 2848 4545 et
2886 4490 3115 4543 meliora
3166 4501 3267 4541 nos
3311 4500 3340 4538 a
3372 4481 3487 4539 Deo

201 4565 481 4633 ὑποθήκας
507 4566 853 4635 ἐμπλήσασα.
897 4568 1093 4620 Ὶστέον
1124 4570 1395 4636 ἐντεῦθεν,
1433 4572 1509 4634 ὡς
1538 4575 1596 4627 ἐν
1636 4576 1792 4648 τύπῳ

1901 4594 2282 4654 percepturos.
2336 4583 2479 4648 Quid
2520 4583 2666 4637 enim
2696 4592 2780 4636 est
2808 4595 2949 4650 aqua
2979 4578 3047 4633 de
3078 4587 3245 4641 terra,
3271 4576 3318 4629 si
3356 4586 3482 4629 cum

200 4660 357 4712 πάλιν
385 4659 481 4710 καὶ
512 4662 720 4728 ἐ’ραῳῇ,
751 4661 831 4712 ὅτι
876 4661 1089 4730 μικρῶν
1121 4662 1184 4732 δὴ
1219 4664 1339 4717 λίαν
1383 4667 1791 4737 ὑπερφρονοῦν-

1902 4676 2271 4746 intelligentia
2304 4691 2427 4745 qum
2484 4688 2723 4743 superne
2750 4674 2924 4735 venit,
2956 4665 3347 4738 comparetur?

198 4771 306 4819 τες,
354 4756 452 4807 καὶ
499 4756 847 4822 σωματικῶν,
884 4757 1323 4815 πολλαπλασίονα
1354 4780 1409 4814 τε
1439 4765 1533 4817 καὶ
1575 4766 1784 4835 ἀμείνω
1825 4772 1975 4844 παρὰ
2010 4773 2144 4826 Θεοῦ
2174 4773 2476 4843 ληψόμεθα.
2502 4770 2567 4823 Τί
2600 4769 2707 4840 γὰρ
2744 4766 2887 4837 ὕδωρ
2920 4767 2981 4818 τὸ
3012 4765 3121 4819 ἀπὸ
3188 4763 3288 4831 τῆς
3356 4760 3480 4841 γῆς⁹

198 4848 269 4908 ὼς
302 4847 442 4917 πρὸς
460 4847 560 4916 τὴν
583 4846 790 4900 ἄνωθεν
824 4848 1041 4902 σύνεσιν
1069 4866 1082 4913 ;

264 4944 375 5002 Καὶ
410 4943 573 5009 λέγει
609 4944 734 5007 τοῖς
757 4944 1107 5011 ἀνθρὼποις’
1144 4945 1341 5009 Δεῦτε,
1378 4948 1535 5004 ἴδετε
1565 4952 1789 5021 ἅνθρω-

198 5052 332 5094 :ror,
364 5034 437 5098 ὃς
483 5030 613 5087 εἷπε
660 5035 857 5089 πάντα
883 5077 896 5101 ,
926 5036 1043 5090 ὅσα
1089 5039 1351 5105 ἐποίησα
1374 5056 1388 5071 ο
1418 5043 1564 5109 μήτι
1614 5042 1800 5111 οὗτός

196 5127 365 5179 ἐστιν
394 5129 429 5179 ὀ
456 5128 712 5193 Χριστός
733 5143 751 5190 ;

264 5220 330 5271 Ὠ
363 5219 670 5289 παραδόξου
732 5221 1052 5290 μεταϐολῆς,
1085 5222 1130 5275 ὣ
1182 5223 1426 5294 μεγάλης
1461 5226 1661 5293 ὅντως,
1695 5232 1790 5284 καὶ

197 5309 536 5382 θεοπρεποῦς
572 5312 774 5382 ἰσχύος,
816 5314 901 5366 ἐπ’
939 5314 1168 5385 ἀρρήτῳ
1214 5315 1506 5384 διαφανοῦς
1544 5321 1621 5391 τῷ
1657 5322 1790 5376 θαύ-

200 5417 323 5469 ματι
359 5404 371 5454 !
399 5403 665 5473 Τεχνίτης
694 5405 791 5474 ἤδη
834 5405 971 5475 πρὸς
1005 5406 1196 5475 λόγους
1218 5410 1311 5461 καὶ
1340 5414 1725 5482 μυσταγωγὸς,
1754 5417 1787 5485 ἡ

199 5497 435 5547 συνιεῖσα
488 5497 587 5564 μὲν
619 5497 771 5549 οὐδὲν
813 5499 920 5551 τῶν
952 5499 1009 5551 ἐν
1058 5501 1199 5571 ἀρχῇ
1247 5502 1577 5573 λεγομένων,
1614 5507 1701 5561 διὰ
1731 5509 1787 5561 δὲ

195 5583 345 5636 τοῦτο
397 5585 630 5649 δικαίως
661 5588 945 5642 ἀκούσασα
990 5606 1005 5620 ο
1049 5609 1066 5641 ι
1113 5592 1350 5658 "Titan,
1393 5594 1642 5666 φώνησόν
1694 5615 1786 5653 σου

198 5675 281 5729 τὸν
310 5678 504 5747 ἄνδρα,
536 5680 631 5733 καὶ
658 5681 777 5733 ἐλθὲ
824 5683 1032 5738 ἐνθάδε.
1072 5702 1089 5734 ι
1125 5686 1268 5755 Ὅρα
1299 5686 1408 5757 γὰρ
1443 5688 1591 5753 ὅπως
1631 5693 1780 5746 ἐντέ-

257 5851 274 5879 ⁶
312 5858 508 5914 Matth.
548 5877 602 5920 χ,
634 5862 686 5915 κ.
766 5863 782 5878 ”
817 5861 1002 5917 Matth.
1043 5880 1167 5929 xxv,
1202 5865 1267 5919 '25
1300 5883 1455 5937 seqq.

1970 4954 2061 5018 iV,
2108 4954 2197 5007 29.
2235 4952 2303 5005 Et
2348 4952 2477 5003 dicit
2519 4949 2630 5003 illis
2660 4944 2993 5001 hominibus:
3032 4942 3211 4995 Venite
3240 4949 3289 4994 et
3318 4938 3479 4993 uidete

1902 5050 2204 5103 hominem.
2248 5046 2337 5115 qui
2386 5044 2524 5095 dixit
2568 5041 2699 5094 milii
2747 5039 2925 5092 omnia
2967 5049 3290 5105 quwcunque
3339 5032 3477 5100 Ieci:

1898 5140 2150 5210 numquid
2178 5141 2287 5206 ipse
2319 5146 2398 5190 est
2434 5134 2724 5190 Christus?

1968 5233 2012 5288 Ο
2042 5233 2379 5302 inopinatam
2424 5227 2821 5281 mutationem!
2866 5239 2898 5277 ο
2937 5235 3190 5293 magnam
3230 5216 3479 5289 profecto

1897 5328 2251 5396 divinamque
2282 5326 2563 5387 virtutem,
2596 5338 2719 5393 qua:
2762 5319 3023 5375 ineﬂ‘abili
3078 5314 3342 5370 miraculo
3380 5328 3475 5384 pa-

1894 5422 2084 5476 tescit!
2123 5419 2294 5475 Docet
2316 5421 2537 5473 demum
2566 5425 2620 5471 et
2647 5416 2788 5470 alios
2820 5414 3001 5469 initiat
3030 5411 3144 5475 illa,
3184 5422 3305 5479 quae
3336 5405 3473 5461 nihil

1895 5512 2167 5581 capiebat,
2201 5527 2391 5565 eorum
2418 5524 2537 5579 qua!
2568 5507 2842 5579 principio
2874 5503 3222 5564 dicebantur,
3244 5511 3477 5568 quaque

1894 5602 2104 5657 idcirco
2139 5603 2264 5675 jure
2304 5602 2592 5656 audierat:
2629 5618 2646 5651 ι
2695 5597 2869 5661 Vade,
2912 5610 3041 5649 voca
3084 5593 3258 5646 virum
3289 5598 3473 5647 tuum,

1891 5701 1946 5749 ct
1991 5694 2118 5749 veni
2164 5693 2291 5749 huc.
2334 5712 2352 5746 ι
2393 5692 2633 5749 Observa
2667 5693 2811 5748 enim
2855 5696 3058 5761 quanta
3098 5679 3371 5741 industria
3410 5680 3483 5733 et.
