4222 6510
710 432 809 487 519

1656 425 1711 479 S.
1744 417 2021 478 CYRILLI
2062 414 2539 472 ALEXANDRINI
2576 415 2898 472 ARCHIEP.

3853 418 3978 471 520

706 556 825 603 arte
869 545 1247 601 Samaritanos
1294 544 1623 613 alloquatur.
1660 542 1778 597 Non
1821 542 2087 597 continuo
2138 535 2273 589 dicit

2377 551 2517 601 χνως
2558 534 2658 605 τὴν
2707 534 2844 604 πρὸς
2891 533 3232 607 Σαμαρείτας
3277 534 3514 587 ἐποιεῖτο
3553 532 3806 598 διάλεξιν.
3842 534 3961 586 Οὐκ

707 654 767 695 se
807 637 1086 693 Christum
1120 637 1417 699 invenisse,
1444 651 1541 689 nec
1571 636 1753 689 statim
1802 637 1870 689 de
1911 633 2041 687 Jesu
2088 646 2277 685 narra-

707 733 908 785 tionem
940 745 1094 784 suam
1123 730 1376 784 orditur:
1421 739 1569 783 certe
1599 732 1742 783 enim
1774 729 2032 797 despecta
2060 726 2273 791 fuisset,

707 838 807 877 nec
845 823 1144 885 immerito,
1176 830 1230 874 ut
1262 838 1381 891 qua:
1408 822 1565 891 longe
1606 830 1748 874 ultra
1788 836 1953 889 quam
1984 820 2105 889 ejus
2140 834 2275 873 con-

705 913 970 967 ditionem
1026 915 1253 967 decebat
1304 923 1567 981 saperet,
1626 928 1721 965 nec
1775 928 1987 965 morum
2048 926 2275 964 suorum

707 1004 926 1073 ignaros
976 1006 1254 1059 auditores
1291 1006 1535 1059 haberet.
1582 1003 1743 1057 Prius
1785 1018 1915 1073 ergo
1963 1001 2153 1056 faciles
2179 1018 2274 1056 eos

707 1095 775 1148 ad
820 1096 1152 1150 credendum
1201 1096 1380 1149 reddit
1423 1095 1714 1157 miraculo,
1771 1092 1949 1161 iisque
2008 1092 2275 1146 inusitato

704 1195 903 1240 eventu
950 1188 1237 1250 attonitis,
1278 1187 1493 1255 planius
1543 1185 1950 1255 quodammodo
2003 1184 2125 1237 fidei
2175 1184 2275 1237 iter

706 1276 891 1331 efficit.
956 1297 973 1328 ι
1014 1278 1223 1343 Venite,
1249 1286 1303 1331 et
1341 1278 1519 1333 videte
1563 1297 1608 1340 ι,
1641 1278 1841 1346 inquit,
1875 1276 2274 1331 vehementiori

707 1384 840 1423 voce
880 1378 1089 1423 tantum
1132 1385 1243 1423 non
1278 1372 1605 1424 inclamans.
1664 1369 1745 1421 Ad
1782 1368 1963 1429 fidem,
2006 1368 2140 1421 satis
2171 1368 2278 1421 erit

705 1462 791 1516 vel
847 1462 1019 1530 ipsius
1068 1463 1145 1515 rei
1201 1463 1493 1531 inspectio,
1530 1461 1948 1529 majoribusque
1997 1460 2276 1513 miraculis

706 1565 1003 1622 praesentes
1044 1553 1526 1609 confirmabimini.
1572 1552 1705 1606 Nam
1756 1554 1848 1622 qui
1894 1553 2141 1607 cordium
2189 1568 2277 1607 se-

705 1653 856 1699 creta
900 1647 1071 1709 novit,
1102 1654 1156 1699 et
1197 1646 1297 1698 hac
1337 1646 1543 1714 ingenti
1578 1660 1641 1698 ac
1678 1646 1863 1698 divina
1890 1646 2157 1714 dignitate
2193 1652 2278 1699 est

706 1734 989 1803 prmditus,
1021 1737 1298 1803 quomodo
1340 1751 1447 1788 non
1480 1736 1673 1803 plenis,
1706 1744 1765 1789 ut
1805 1736 1983 1799 aiunt,
2017 1738 2154 1791 velis
2197 1736 2277 1792 fe-

704 1832 854 1878 retur
892 1826 958 1878 ad
992 1842 1054 1879 ea
1090 1826 1393 1894 peragenda
1423 1841 1542 1894 qua:
1575 1827 1752 1881 velit?

778 1916 936 1987 195
967 1917 1055 1982 IV,
1097 1918 1184 1973 50.
1222 1916 1479 1970 Exierunt
1510 1934 1629 1988 ergo
1665 1920 1728 1972 de
1757 1920 1989 1988 civitate,
2022 1932 2071 1977 et
2103 1926 2272 1979 venie-
2307 1911 2351 1966 Β

704 2007 829 2061 bant
866 2012 933 2061 ad
958 2027 1095 2065 eum.

767 2100 1084 2158 Iud-morum
1122 2106 1376 2161 duritiem
1415 2109 1887 2165 Samaritanorum
1917 2110 2156 2166 facilitas
2186 2125 2279 2164 ar-

700 2194 837 2257 guit,
875 2204 928 2248 et
961 2196 1179 2249 illorum
1231 2200 1531 2256 crudelitas
1582 2203 1635 2256 in
1678 2204 1908 2259 istorum
1942 2205 2280 2261 humanitate

699 2286 901 2339 elucet.
959 2286 1058 2342 Hic
1111 2306 1330 2346 rursum
1388 2294 1635 2349 discendi
1686 2297 1972 2353 studiosus
2029 2299 2281 2353 observet

700 2386 903 2444 quanta
931 2380 1002 2433 sit
1032 2380 1085 2433 in
1117 2385 1362 2451 utrisque
1386 2400 1595 2439 morum
1622 2386 2021 2457 discrepantia,
2050 2398 2112 2442 ut
2132 2397 2280 2445 certe

702 2483 812 2522 non
850 2469 1124 2527 immerito
1147 2476 1377 2530 miretur
1404 2476 1590 2532 Jesum
1619 2480 1965 2535 recedentem
2001 2496 2031 2535 a
2061 2481 2277 2537 1υάωο-

700 2575 820 2613 rum
851 2561 1160 2633 Synagoga,
1208 2578 1261 2621 et
1295 2569 1615 2639 alienigenis
1656 2573 1897 2642 seipsum
1933 2573 2276 2643 largientem.

700 2649 859 2714 Quod
909 2654 1055 2706 enim
1107 2654 1313 2711 Iudaeis
1362 2667 1633 2715 venturus
1689 2670 1838 2716 esset
1888 2662 2165 2728 Christus,
2225 2673 2281 2719 et

698 2757 840 2810 quas
867 2743 938 2797 ob
970 2759 1058 2799 res
1091 2750 1443 2815 appariturus
1479 2760 1649 2816 esset,
1689 2753 1925 2808 Mosaica
1951 2755 2035 2809 lex
2070 2756 2282 2811 denun-

699 2836 893 2901 tiabat,
948 2845 1001 2891 et
1054 2841 1413 2908 gravissimus
1479 2844 1574 2897 ille
1631 2845 2020 2914 prOpbetarum
2073 2848 2278 2905 chorus

698 2929 1048 2999 pra'dicabat,
1072 2938 1237 3001 atque
1264 2933 1401 3002 ipsis
1428 2937 1823 3004 propemodum
1845 2936 2057 2992 foribus
2084 2940 2279 2996 adesse

698 3019 1133 3087 demonstrabat,
1166 3025 1396 3080 dicens:
1436 3046 1455 3079 ι
1506 3028 1647 3083 Ecce
1697 3027 1845 3085 Deus
1891 3040 2103 3095 noster,
2150 3048 2279 3089 ecce

698 3110 963 3166 Dominus
993 3115 1033 3169 ⁸.
1076 3134 1094 3166 ι
1140 3114 1205 3168 Ει
1248 3128 1557 3185 postremus
1606 3121 1854 3175 omnium
1909 3138 2139 3193 magnus
2186 3125 2279 3178 ille

699 3201 843 3257 inter
879 3212 1040 3259 natos
1075 3208 1366 3262 mulierum
1397 3209 1659 3274 Joannes.
1696 3222 2019 3282 praesentem
2052 3215 2163 3283 jam
2224 3226 2278 3271 et

696 3306 1115 3352 conversantem
1158 3302 1523 3365 monstrabat,
1557 3304 1791 3359 dicens:
1833 3322 1852 3356 ι
1900 3304 2039 3361 Ecce
2089 3310 2276 3378 Agnus

699 3386 813 3452 Dei,
858 3389 948 3457 qui
985 3392 1126 3443 tollit
1168 3402 1449 3460 peccatum
1490 3395 1679 3449 mundi
1711 3395 1756 3449 '.
1801 3414 1819 3447 ι
1862 3396 1926 3449 Et
1968 3397 2116 3466 quod
2156 3415 2278 3453 om-

696 3493 822 3532 nem
862 3480 1284 3536 admirationem
1330 3491 1578 3554 superat,
1619 3486 1917 3539 multorum
1957 3503 2184 3557 operum
2224 3489 2275 3546 vi

696 3585 762 3623 ac
813 3581 1083 3641 potestate
1133 3574 1319 3628 divina
1380 3579 1622 3645 seipsum
1676 3577 1927 3633 Salvator
1974 3582 2272 3636 revelabat.

697 3666 836 3733 Quid
868 3669 1032 3737 igitur
1068 3669 1146 3721 illi
1180 3670 1245 3723 ad
1291 3669 1498 3724 nefaria
1534 3673 1767 3728 consilia
1805 3676 2114 3745 praecipites
2157 3692 2275 3731 ma-

696 3760 1031 3813 ehinantur?
1054 3758 1279 3813 Mortem
1308 3763 1430 3829 ejus
1459 3762 1663 3832 injuste
1688 3775 1971 3835 appetunt,
2000 3768 2275 3824 insidian-

697 3858 788 3903 tur
823 3851 1008 3919 impie,
1058 3852 1258 3907 czedem
1318 3855 1616 3910 crudeliter
1654 3858 2066 3924 machinantur,
2111 3868 2165 3914 et
2210 3860 2276 3917 de

696 3952 845 3996 terra
876 3958 941 3997 ac
972 3944 1197 3998 civitate
1230 3960 1329 4000 sua
1369 3948 1600 4015 ejiciunt
1640 3950 1831 4016 vitam,
1874 3950 2077 4013 lumen,
2128 3952 2275 4005 illam

696 4034 943 4089 omnium
994 4036 1249 4101 salutem,
1285 4040 1430 4093 viam
1485 4041 1660 4109 regni,
1710 4049 2141 4109 etpeccatorum
2190 4060 2277 4099 re-

697 4127 1041 4190 missionem,
1084 4137 1250 4198 atque
1296 4132 1607 4201 adoptionis
1650 4134 1706 4186 in
1744 4132 1837 4186 Dei
1884 4134 2023 4189 filios
2054 4135 2277 4205 largito-

696 4231 831 4271 rem.
888 4216 1157 4281 Quocirca
1212 4220 1461 4274 Salvator
1514 4222 1637 4289 jure
1688 4223 1948 4279 dicebat:
1994 4243 2012 4276 ι
2052 4225 2277 4282 Jerusa-

697 4309 826 4372 lem,
862 4307 1185 4377 Jerusalem,
1221 4328 1342 4381 quae
1370 4312 1579 4367 occidis
1612 4316 1931 4383 prophetas,
1965 4326 2020 4371 et
2066 4320 2274 4389 lapidas

696 4412 793 4451 eos
826 4397 917 4465 qui
948 4396 1015 4450 ad
1048 4407 1098 4453 te
1137 4401 1290 4455 missi
1319 4410 1483 4456 sunt:
1517 4404 1736 4471 quoties
1766 4406 1914 4459 volui
1941 4422 2275 4479 congregare

698 4487 839 4543 filios
869 4495 1017 4553 tuos,
1062 4493 1337 4559 quomodo
1377 4494 1579 4561 gallina
1607 4507 1904 4567 congregat
1941 4500 2114 4567 pullos
2142 4517 2271 4557 suos

2376 629 2537 691 εὐθὺς
2575 628 2863 698 εὑρηκέναι
2896 628 3030 697 φησὶ
3065 627 3155 679 τὸν
3197 628 3450 697 Χριστὸν,
3478 626 3600 679 οὐδὲ
3633 627 3690 678 ἐν
3719 626 3959 696 πρώτοις

2376 720 2576 787 ἑαυτῆς
2602 721 2843 789 εἰσφέρει
2874 720 3123 790 διήγησιν
3145 720 3236 773 τὸν
3281 719 3488 787 Ἰησοῦν
3522 736 3535 749 ·
3562 714 3599 790 ἦ
3627 720 3735 790 γὰρ
3762 720 3829 771 ἂν
3859 721 3959 773 καὶ

2375 812 2668 882 διεπτύσθη
2695 811 2939 875 δικαίως,
2963 813 3039 876 ὡς
3063 812 3199 865 πολὺ
3237 812 3334 881 μὲν
3359 812 3421 864 τὸ
3455 816 3653 882 μέτρον
3684 811 3792 863 τῶν
3813 812 3957 881 αὐτῇ

2377 906 2694 975 πρεπόντων
2722 906 3085 959 ἀναϐαίνουσα
3124 904 3318 972 λόγων,
3350 906 3450 957 ούκ
3486 905 3734 972 ἀγνῶτας
3760 904 3816 957 δὲ
3848 905 3959 956 τῶν

2376 1000 2546 1065 αὐτῆς
2577 998 2791 1067 τρόπων
2843 999 2970 1060 τοὺς
3001 998 3384 1068 ἀκροωμένους
3427 996 3775 1067 εύρίσκουσα.
3813 998 3959 1064 Προ-

2377 1089 2721 1160 εξευμαρίζει
2769 1089 3057 1160 τοιγαροῦν
3099 1090 3178 1159 τῷ
3212 1090 3486 1159 θαύματι,
3524 1091 3618 1142 καὶ
3667 1092 3744 1159 τῷ
3779 1107 3962 1159 παρα-

2376 1183 2511 1251 δόξῳ
2557 1182 3081 1253 προκαταπλήξασα,
3127 1183 3404 1253 λειοτέραν
3438 1183 3628 1253 ὥσπερ
3675 1186 3739 1253 τῇ
3776 1183 3959 1235 πίστει

2375 1275 2475 1346 τὴν
2507 1275 2625 1328 ὁδὸν
2663 1275 3058 1347 ἀπεργάζεται.
3098 1294 3117 1328 ι
3157 1276 3321 1329 Δεῦτε
3344 1316 3358 1339 ,
3402 1277 3495 1329 καὶ
3542 1277 3679 1329 ῐδετε
3706 1316 3719 1339 ,
3753 1295 3772 1328 ι
3820 1278 3963 1345 φησὶ

2380 1368 2635 1431 συνετῶς,
2668 1368 2948 1437 μονονουχὶ
2975 1368 3334 1439 θερμοτέραις
3364 1368 3543 1438 βοῶσα
3578 1371 3784 1437 φωναῖς
3809 1386 3821 1398 ·
3852 1372 3963 1438 ἀρ-

2377 1460 2527 1512 κέσει
2556 1461 2648 1513 καὶ
2676 1462 2812 1530 μόνη
2845 1461 2982 1532 πρὸς
3016 1461 3198 1513 πίστιν
3224 1464 3254 1530 ἡ
3280 1461 3395 1523 θέα,
3427 1463 3521 1513 καὶ
3544 1460 3965 1531 πληροφορήσει

2378 1552 2650 1619 παρόντας
2688 1552 3128 1621 ἀξιολογωτέροις
3157 1556 3269 1615 τοῖς
3312 1552 3602 1622 θαύμασιν.
3643 1552 3701 1603 '0
3731 1552 3840 1621 γὰρ
3874 1570 3969 1619 γι-

2379 1642 2602 1696 νώσκων
2626 1644 2696 1696 τὰ
2729 1645 3103 1714 κεκρυμμένα,
3136 1644 3228 1696 καὶ
3258 1644 3318 1695 τὸ
3350 1644 3494 1711 μέγα
3533 1644 3690 1697 τοῦτο
3719 1647 3813 1698 καὶ
3840 1645 3965 1697 θεο-

2380 1733 2586 1802 πρεπὲς
2614 1733 2831 1803 ἀξίωμα
2856 1734 3065 1804 λαχὼν,
3083 1736 3198 1796 πῶς
3229 1736 3329 1788 οὐκ
3362 1735 3422 1799 ἐξ
3448 1736 3695 1806 ὲξουρίας
3727 1737 3967 1806 δραμεῖ-

2380 1843 2469 1879 ται
2491 1826 2627 1896 πρὸς
2659 1825 2757 1896 τὴν
2779 1819 2853 1879 ὧν
2880 1826 2945 1879 ἂν
2973 1825 3213 1895 βούλοιτο
3245 1827 3560 1897 πλήρωσιν;

2462 1914 2749 1983 Ἐξῆλθον
2775 1912 2888 1971 οὖν
2912 1916 2981 1969 ἐκ
2998 1916 3107 1985 τῆς
3130 1917 3381 1983 πόλεως,
3400 1918 3495 1971 καὶ
3523 1917 3782 1988 ἤρχοντο
3807 1922 3970 1987 πρὸς

2380 2009 2584 2061 αὐτόν.

2454 2100 2714 2170 ’Ἔλεγχος
2762 2101 2863 2170 τῆς
2906 2099 3170 2155 Ἰουδαίων
3211 2102 3640 2173 σκληροκαρδίας
3696 2104 3730 2173 ἡ
3771 2104 3974 2175 Σαμα-

2382 2197 2574 2267 ρειτῶν
2617 2197 2928 2262 εὐπείθεια,
2980 2201 3075 2253 καὶ
3114 2201 3174 2252 τὸ
3212 2201 3270 2254 ἐν
3314 2200 3545 2263 ἐκείνοις
3592 2202 3973 2273 ἀπάνθρωπον

2379 2290 2437 2341 ὲν
2482 2292 2549 2359 τῇ
2587 2289 2791 2343 τούτων
2843 2292 3142 2362 ἡμερότητι
3189 2292 3552 2362 διαφαίνεται.
3618 2295 3730 2347 Καὶ
3773 2295 3976 2365 όράτω

2380 2381 2543 2434 πάλιν
2569 2384 2596 2435 6
2641 2382 2943 2453 φιλομαθὴς
2981 2385 3081 2454 τῆς
3116 2386 3173 2437 ὲν
3208 2386 3412 2456 ἀμφοῖν
3452 2387 3619 2453 ἕξεως
3643 2388 3739 2457 τὴν
3768 2388 3974 2455 διαφο-
4010 2450 4035 2465 .

2384 2474 2515 2544 ράν,
2556 2475 2643 2528 ἵνα
2667 2475 2731 2545 δὴ
2762 2476 2853 2528 καὶ
2897 2476 3040 2546 μάλα
3070 2477 3294 2540 δικαίως
3320 2478 3687 2551 ἀποθαυμάζῃ
3721 2481 3813 2534 τὸν
3851 2481 3975 2550 Ἰησ-

2382 2562 2507 2617 σοῦν
2531 2568 2632 2634 τῆς
2663 2566 2760 2635 μὲν
2776 2566 2884 2619 τῶν
2901 2567 3165 2622 Ἰουδαίων
3182 2570 3568 2640 ἀποδημοῦντα
3600 2572 3972 2640 Συναγωγῆς,

2382 2657 2579 2709 ἑαυτὸν·
2638 2658 2696 2711 δὲ
2769 2659 2971 2728 μᾶλλον
3033 2663 3146 2724 τοῖς
3212 2660 3525 2729 ἀλλογενέσι
3593 2663 3973 2733 δωρούμενον.

2393 2748 2667 2813 Ἰουδαίοις
2698 2748 2797 2818 μὲν
2835 2752 2943 2821 γὰρ
2975 2752 3056 2805 ὅτι
3085 2751 3204 2821 ἥξει
3238 2753 3332 2806 καὶ
3371 2754 3464 2806 ἐπὶ
3492 2754 3635 2807 τίσιν
3664 2756 3977 2823 ἀναφανεῖν

2379 2854 2467 2891 ται
2501 2839 2751 2907 Χριστὸς,
2780 2842 2809 2892 6
2840 2840 2929 2893 διά
2954 2842 3195 2905 Μωσέως
3222 2844 3508 2913 διήγγελλε
3531 2845 3711 2915 νόμος,
3743 2864 3982 2917 προφη-

2379 2928 2489 2981 τῶν
2514 2928 2573 2981 δὲ
2609 2931 2637 2983 6
2672 2930 2982 3001 πάνσεμνος
3012 2933 3346 3003 ἀνεκήρυττε
3378 2936 3538 3005 χορὸς
3562 2978 3576 2999 ,
3634 2938 3726 2989 καὶ
3764 2955 3980 3006 μονον-

2380 3022 2500 3089 ουχὶ
2527 3022 2770 3091 παρόντα
2812 3023 2995 3076 λοιπὸν
3027 3025 3119 3077 ἐπὶ
3158 3026 3349 3095 θύραις
3395 3027 3705 3081 ἐπεδείκνυε
3742 3030 3924 3096 λέγων
3959 3049 3976 3060 ·

2386 3130 2405 3163 ι
2445 3112 2576 3165 Ἰδοὺ
2606 3116 2634 3167 6
2664 3114 2796 3177 Θεὸς
2822 3114 3011 3184 ἡμῶν,
3050 3116 3158 3169 ἰδοῦ
3187 3118 3410 3188 Κύριος.
3444 3137 3464 3171 ι
3512 3121 3621 3172 Καὶ
3649 3121 3979 3187 τελευταῖος

2380 3202 2474 3254 ἐπὶ
2499 3204 2665 3255 πᾶσιν
2701 3204 2729 3256 6
2758 3204 2930 3273 μέγας
2958 3207 3015 3258 ὲν
3042 3211 3319 3277 γεννητοῖς
3360 3210 3634 3276 γυναικῶν
3680 3211 3979 3282 Ἰωάννης,

2382 3291 2480 3361 ἤδη
2513 3292 2818 3361 πεφηνότα,
2850 3294 2943 3346 καὶ
2969 3294 3424 3365 συνδιαιτώμενον
3457 3297 3690 3367 φανερὸν
3721 3298 3978 3369 καθίστη

2377 3385 2569 3453 λέγων,
2609 3405 2627 3437 ι
2656 3387 2759 3440 Ἴδε
2792 3388 2819 3439 6
2849 3387 3045 3457 Ἀμνδς
3076 3389 3169 3441 τοῦ
3209 3389 3343 3442 Θεοῦ
3374 3391 3402 3443 6
3434 3389 3607 3461 αῐρων
3644 3392 3743 3461 τὴν
3769 3393 3979 3463 ἀμαρ-

2377 3475 2495 3528 τίαν
2528 3478 2622 3530 τοῦ
2650 3478 2875 3547 κόσμου.
2897 3498 2915 3530 ι
2954 3480 3061 3533 Καὶ
3096 3479 3217 3532 τότε
3243 3480 3460 3534 πάντων
3501 3483 3973 3554 παραδοξότερον,

2376 3569 2465 3635 διὰ
2494 3569 2702 3622 πολλῶν
2752 3572 3093 3642 πραγμάτων
3116 3613 3130 3637 ,
3178 3573 3464 3644 δυνάμεως
3492 3592 3550 3627 τε
3589 3575 3682 3628 καὶ
3707 3576 3977 3641 ἐξουσίας

2378 3660 2715 3735 θεοπρεποῦς
2748 3664 2939 3717 ἑαυτὸν
2976 3666 3004 3718 6
3025 3666 3217 3737 Σωτὴρ
3248 3666 3603 3732 ὲξεκάλυπτε.
3657 3668 3721 3720 Τί
3751 3669 3817 3738 δὴ
3850 3669 3979 3722 λοι-

2378 3749 2477 3802 πὺν
2502 3752 2595 3804 ἐπὶ
2619 3752 2830 3817 τούτοις
2857 3754 2907 3806 οἱ
2947 3755 3084 3823 πρὸς
3117 3756 3381 3819 ἐκτύπους
3418 3755 3662 3825 ἀχάλινοι
3689 3756 3978 3826 μελετῶσι

2379 3843 2610 3913 βουλάς;
2661 3845 2897 3899 Φονῶσιν
2948 3846 3169 3911 ἀδίκως,
3202 3848 3611 3901 ἐπιϐουλεύουσι
3655 3848 3975 3913 δυσσεϐῶς,

2378 3935 2596 4005 φονοῦσι
2634 3938 2950 4009 δυστρόπως
2969 3977 2983 4001 ,
3020 3940 3123 4009 γῆς
3152 3957 3211 3992 τε
3242 3939 3335 3993 καὶ
3376 3941 3586 4004 πόλεως
3618 3944 3715 4011 τῆς
3747 3942 3978 3994 ἑαυτῶν

2375 4031 2719 4095 ἐξελαύνουσι
2751 4033 2849 4102 τὴν
2879 4032 3055 4103 ζωὴν,
3083 4034 3143 4086 τὸ
3177 4034 3293 4101 φῶς
3315 4072 3330 4099 ,
3364 4034 3465 4105 τὴν
3496 4035 3751 4088 ἁπάντων
3779 4052 3979 4105 σωτη-

2378 4123 2518 4194 ρίαν,
2544 4124 2643 4193 τὴν
2666 4125 2747 4187 είς
2767 4123 3041 4193 βασιλείαν
3072 4125 3209 4187 ὁδὸν,
3232 4126 3324 4177 καὶ
3346 4124 3456 4178 τῶν
3494 4124 3981 4195 πλημμελούντων

2375 4214 2472 4284 τὴν
2517 4215 2742 4283 ἄφεσιν,
2783 4214 2880 4285 τῆς
2915 4215 3187 4278 υἱοθεσίας
3223 4217 3314 4267 τὸν
3348 4218 3603 4287 χορηγόν.
3664 4216 3764 4269 Διά
3797 4218 3979 4273 τοῦτο

2374 4307 2597 4370 δικαίως
2627 4307 2861 4375 ἔφασκεν
2897 4310 2925 4361 6
2956 4309 3149 4378 Σωτήρ
3171 4325 3183 4339 ⁸
3224 4328 3241 4361 ι
3279 4310 3656 4379 Ἰερουσαλὴμ,
3682 4312 3975 4378 Ἰερουσα-

2374 4399 2438 4469 λὴ
2448 4418 2505 4469 μ,
2529 4402 2561 4470 ἡ
2588 4402 2982 4455 ἀποκτείνουσα
3003 4402 3127 4464 τοὺς
3151 4402 3459 4471 προφήτας,
3482 4402 3577 4454 καὶ
3601 4402 3883 4455 λιθοϐολοῦ
3898 4420 3976 4456 σα

2372 4494 2496 4555 τοὺς
2534 4492 2975 4561 ἀπεσταλμένους
3021 4492 3155 4560 πρὸς
3194 4492 3363 4559 αὐτὴν
3387 4530 3401 4553 ,
3448 4492 3679 4554 ποσάκις
3712 4492 3974 4560 ἠθέλησα

696 4579 801 4635 sub
828 4580 965 4642 alas,
1000 4588 1054 4633 et
1094 4582 1354 4635 noluisti?
1398 4583 1537 4639 Ecce
1580 4587 1926 4656 relinquetur
1982 4591 2138 4645 vobis
2177 4593 2277 4647 do-

2379 4588 2799 4653 ὲπισυναγαγεῖν
2826 4586 2893 4637 τὰ
2915 4584 3077 4638 τέκνα
3104 4602 3217 4648 σου,
3245 4583 3303 4635 ὃν
3322 4583 3522 4652 τρόπον
3546 4583 3694 4653 ὅρνις
3727 4584 3975 4637 ἐπισυν-

697 4688 821 4725 nins
849 4680 1023 4724 vestra
1056 4672 1272 4726 deserta
1298 4675 1361 4725 ιθ.
1397 4692 1415 4725 ι
1449 4676 1779 4730 Samaritani
1804 4694 1935 4732 vero
1956 4679 2270 4739 Judazorum

699 4764 949 4818 vecordia
980 4764 1238 4819 videntur
1275 4767 1535 4835 potiores,
1569 4784 1801 4837 quorum
1834 4772 2086 4827 duritiem
2134 4774 2272 4829 faci-

696 4854 850 4909 litate
881 4870 979 4909 sua
1016 4856 1318 4919 vincentes,
1354 4872 1463 4909 uno
1485 4858 1757 4913 duntaxat
1786 4861 1973 4914 audito
2004 4864 2272 4919 miraculo

695 4947 987 5001 confestim
1042 4947 1109 5001 ad
1158 4946 1347 5002 Jesum
1407 4961 1724 5015 accurrunt,
1786 4968 1895 5005 non
1953 4963 2269 5010 sanctorum

694 5036 1087 5105 prophetarum
1112 5038 1339 5093 vocibus
1375 5039 1606 5103 inducti,
1635 5056 1743 5095 non
1774 5042 2027 5097 Mosaicis
2064 5061 2271 5113 praeco-

695 5125 826 5190 niis,
866 5135 959 5177 aut
1000 5124 1227 5181 Joannis
1284 5128 1641 5195 indicatione,
1689 5131 1785 5185 sed
1835 5134 2000 5189 unius
2048 5136 2274 5206 ejusque

694 5217 1024 5286 peccatricis
1077 5218 1407 5274 mulierculae
1465 5222 1803 5276 narratione.
1874 5222 2007 5279 Jure
2088 5228 2273 5297 itaque

698 5308 1007 5363 Servatoris
1044 5309 1097 5363 in
1126 5325 1221 5365 eos
1252 5312 1589 5367 admirantes
1617 5316 1968 5383 sententiam,
2001 5321 2274 5377 exclame-

696 5412 860 5452 mus:
897 5397 1137 5454 «Justus
1189 5416 1271 5463 es,
1312 5399 1571 5467 Domine,
1627 5414 1679 5460 et
1721 5416 1931 5459 rectum
1999 5408 2268 5478 judicium

698 5496 845 5539 tuum
883 5488 945 5539 “.
990 5505 1008 5539 ι

2377 4678 2498 4745 ἀγει
2529 4678 2598 4731 τά
2631 4678 2819 4731 νοσσία
2846 4678 3043 4746 ὲαυτῆς
3077 4675 3181 4727 ὑπὸ
3214 4674 3312 4737 τὰς
3347 4674 3653 4745 πτέρυγας,
3710 4676 3807 4726 καὶ
3859 4677 3981 4730 οὐκ

2371 4769 2671 4839 ἠθελήσατε
2694 4769 2856 4833 ;Ἰδοῦ
2885 4767 3103 4835 ἀφίεται
3134 4768 3263 4836 ύμῖν
3288 4762 3477 4828 ὀοῖκος
3501 4765 3655 4835 ὑμῶν
3673 4765 3917 4836 ἔρημος.
3950 4787 3970 4818 ι

2373 4862 2703 4931 Σαμαρεῖται
2726 4860 2780 4912 δὲ
2808 4858 2917 4911 τῶν
2945 4858 3210 4911 Ἰουδαίων
3264 4857 3521 4919 ἀπονοίας
3565 4856 3978 4923 ἀναφαίνονται

2373 4952 2680 5022 κρείττονες
2704 4992 2717 5015 ,
2746 4951 2841 5003 καὶ
2872 4950 2969 5021 τὴν
3000 4950 3225 5003 ἐνοῦσαν
3252 4950 3437 5013 αὐτοῖς
3468 4948 3804 5016 δυσμάθειαν
3838 4954 3977 5014 ταῖς

2374 5040 2707 5103 εύπειθείαις
2731 5040 3053 5109 νικήσαντες
3073 5083 3085 5104 ,
3119 5039 3235 5102 ὲνὸς
3265 5039 3359 5092 καὶ
3389 5040 3551 5109 μόνου
3580 5040 3978 5093 κατακούσαν-

2373 5150 2464 5195 τες
2509 5131 2813 5202 θαύματος,
2858 5131 3106 5201 δρομαῖοι
3134 5130 3437 5200 βαδίζουσιν
3467 5131 3560 5184 ἐπὶ
3590 5132 3678 5185 τὸν
3721 5133 3974 5200 Ἰησοῦν,

2372 5225 2434 5276 οὐ
2458 5226 2578 5285 ταῖς
2602 5222 2709 5275 τῶν
2736 5223 2903 5289 ἁγίων
2924 5221 3217 5292 προφητῶν
3233 5223 3694 5291 ἀναπεπεισμένοι
3722 5229 3973 5291 φωναῖς,

2372 5317 2434 5368 οὑ
2468 5316 2780 5375 Μωσαῖκοίς
2813 5313 3192 5384 κηρύγμασιν,
3244 5313 3277 5383 ἢ
3316 5317 3434 5378 ταῖς
3473 5314 3719 5368 Ἰωάννου
3744 5315 3973 5371 δακτυ-

2373 5408 2682 5473 λοδειξίαις,
2755 5406 2891 5460 ἀλλά
2947 5408 3077 5477 μιᾶς
3143 5407 3328 5469 αὐτοῖς
3389 5407 3795 5478 ἐξηγουμένης,
3861 5413 3973 5464 καὶ

2375 5502 2532 5555 τοῦτο
2567 5500 2888 5571 ἀμαρτωλοῦ
2923 5498 3197 5566 γυναικός.
3259 5498 3509 5566 Εύλόγως
3536 5499 3823 5569 τοιγαροῦν
3855 5504 3977 5573 τὴν

696 5578 780 5630 ἐπ’
812 5580 1005 5643 αὐτοὺς
1038 5582 1131 5635 τοῦ
1162 5582 1413 5653 Σωτῆρος
1446 5584 1921 5656 ἀποθαυμάζοντες
1946 5590 2142 5661 ψῆφον,
2176 5594 2269 5649 καὶ
2304 5597 2463 5666 ἡμεῖς
2490 5592 2973 5663 ἀναφθεγξώμεθα’
3024 5614 3042 5646 ι
3067 5594 3281 5659 Δίκαιος
3312 5591 3396 5660 εἷ,
3429 5596 3598 5665 Κύριε
3624 5636 3638 5660 ,
3697 5597 3789 5647 καὶ
3859 5602 3973 5654 εὑ-

696 5669 815 5722 θεῖα
847 5672 880 5739 ἡ
924 5673 1101 5741 κρίσις
1130 5692 1245 5728 σου.
1279 5694 1296 5727 ι

754 5848 775 5879 ⁸
816 5848 917 5905 lsa.
956 5867 1042 5918 ιιι,
1081 5852 1132 5908 9.
1214 5855 1231 5884 ’
1263 5853 1419 5911 Juan.
1456 5856 1607 5920 1,29.

1693 5857 1733 5888 ¹⁰
1765 5856 1952 5913 Matth.
1984 5863 2248 5931 “111,57,
2280 5867 2367 5924 58.

2449 5869 2484 5900 “
2521 5865 2662 5922 Psal.
2698 5883 2897 5932 uuln,
2942 5868 3057 5923 l37.
