4222 6510
226 462 322 516 521

1256 452 1321 507 IN
1361 450 1653 508 JOANNIS
1678 446 2138 507 EVANGELIUM
2180 446 2307 501 LIB.
2346 448 2413 502 ll.

3369 444 3479 498 522

312 573 412 624 Ἐν
428 569 495 621 δὲ
505 565 583 632 τῷ
591 562 817 636 μεταξὺ
831 562 1071 631 ἠρώτων
1086 564 1271 618 αὐτὸν
1285 567 1339 617 οἱ
1351 565 1603 633 μαθηταὶ
1619 564 1793 618 αὐτοὶ

1978 558 2068 625 lV,
2103 561 2189 613 5|.
2229 558 2439 637 Interea
2486 556 2743 628 rogabant
2786 571 2903 610 eum
2950 553 3201 621 discipuli
3239 553 3374 623 ejus,
3403 557 3479 608 di-

220 661 505 729 λέγοντες
526 673 540 689 ⁸
588 654 797 717 Ῥαϐϐί,
826 654 998 723 φάγε.
1040 653 1103 705 '0
1133 652 1201 705 δὲ
1224 654 1392 706 εἶπεν
1419 652 1640 719 αὐτοῖς.

294 750 584 819 Οίκονομεῖ
616 747 713 818 μὲν
748 746 946 816 ἄριστα
987 743 1083 797 τοῦ
1114 743 1320 814 βιϐλίου
1347 744 1443 815 τὴν
1477 744 1798 815 συγγραφὴν

217 844 248 895 δ
277 839 564 899 Θεσπέσιος
608 833 1028 905 εὐαγγελιστὴς,
1078 832 1488 904 παραλιμπάνει
1540 832 1597 885 δὲ
1647 832 1799 884 οὐδὲν

216 933 329 985 τῶν
358 933 457 984 ὅσα
497 929 561 999 δὴ
600 928 816 991 πάντως
847 929 961 989 τοῖς
1004 925 1406 995 ἐντευξομένοις
1456 924 1674 977 ἔσεσθαι
1710 941 1799 975 πι-

220 1020 404 1071 στεύει
426 1016 699 1087 λυσιτελῆ.
738 1016 937 1068 Ἀκουε
962 1013 1139 1067 τοίνυν
1164 1014 1313 1077 ὅπως
1343 1016 1475 1085 ἡμῖν
1505 1014 1798 1082 ἀξιολογω-

214 1114 384 1167 τάτου
424 1111 748 1183 πράγματος
782 1107 1045 1177 γεγονότα
1083 1107 1245 1162 πάλιν
1289 1107 1656 1178 ὑπογραμμὸν
1687 1109 1800 1159 είσ-

217 1206 378 1275 φέρει
400 1203 489 1255 τὸν
526 1200 755 1271 Ἰησοῦν.
790 1200 955 1253 υύδὲν
986 1199 1093 1269 γὰρ
1124 1194 1275 1269 οἶμαι
1309 1198 1584 1251 τεθεῖσθαι
1620 1199 1797 1268 μάτην

216 1298 277 1347 ἐν
307 1298 423 1356 ταῖς
454 1293 560 1345 τῶν
584 1293 755 1360 ἀγίων
791 1292 1152 1359 συγγραφαῖς,
1188 1289 1321 1342 ἀλλά
1343 1290 1435 1342 καὶ
1464 1289 1598 1359 ὅπερ
1626 1289 1690 1341 ἄν
1716 1306 1797 1351 τις

214 1387 399 1456 οἴηται
430 1383 623 1454 μικρὸν
642 1424 658 1449 ,
706 1383 804 1434 οὐκ
845 1380 1317 1451 εὐκαταφρόνητον
1346 1380 1532 1433 ὠδῖνον
1570 1378 1683 1431 ἔσθ’
1708 1380 1795 1430 ὅτε

214 1478 319 1549 τὴν
341 1476 608 1546 ὠφέλειαν
638 1474 969 1544 εὑρίσκεται.
1032 1472 1359 1542 Ἀρξάμενος
1384 1468 1674 1539 τοιγαροῦν
1699 1470 1796 1537 τῆς

217 1564 574 1637 Σαμαρειτῶν
605 1560 957 1634 ἐπιστροφῆς,
974 1563 1067 1615 καὶ
1090 1564 1212 1615 ὅσον
1239 1560 1450 1613 οὐδέπω
1489 1558 1797 1628 προσδοκω-

219 1660 398 1728 μένων
426 1655 600 1711 αὐτῶν
626 1673 638 1685 ·
686 1655 801 1726 ⁴εῖδει
828 1655 936 1724 γάρ
975 1653 1203 1723 ἥξοντας
1243 1652 1319 1715 ὡς
1340 1652 1471 1713 Θεός
1494 1670 1506 1681 ·
1554 1651 1672 1713 ὅλος
1696 1651 1793 1720 μὲν

215 1746 278 1812 ἐξ
308 1748 432 1804 ὅλου
453 1745 594 1816 πρὸς
626 1745 724 1815 τὴν
755 1744 862 1797 τῶν
890 1743 1240 1814 κεκλημένων
1283 1742 1556 1813 σωτηρίαν
1590 1741 1791 1794 συντεί-

214 1854 397 1901 νεται,
448 1839 683 1890 ποιεῖται
725 1836 782 1889 δὲ
829 1836 985 1904 λόγον
1030 1835 1219 1889 οὐδένα
1260 1838 1359 1907 τῆς
1406 1835 1501 1887 τοῦ
1546 1833 1794 1903 σώματος

1902 664 2071 706 centes
2097 669 2115 705 :
2148 649 2337 713 Rabbi,
2370 649 2659 703 manduca.
2691 647 2793 702 Ille
2819 658 2996 701 autem
3031 644 3159 697 dicit
3200 646 3299 699 eis.

1975 744 2133 814 196
2176 743 2403 796 Divinus
2433 741 2767 811 evangelista
2802 738 3067 809 praeclaro
3092 738 3290 791 librum
3317 751 3479 791 suum

1899 837 2092 891 ordine
2124 836 2425 903 componit,
2460 834 2705 903 nihilque
2735 830 3097 901 praetermittit
3135 844 3325 884 eorum
3359 843 3479 897 quae

1899 925 2201 979 lectoribus
2236 926 2358 979 usui
2387 924 2502 978 fore
2536 925 2832 979 existimat.
2858 922 2999 975 Audi
3026 936 3155 990 ergo
3184 935 3296 991 quo
3319 931 3480 991 pacto

1896 1019 1973 1072 rei
2013 1017 2446 1089 praeclarissimas
2476 1015 2661 1070 Jesum
2712 1016 2871 1070 nobis
2922 1014 3233 1082 exemplum
3281 1026 3480 1068 rursus

1896 1118 2120 1164 statuat.
2162 1110 2309 1164 Nihil
2345 1111 2490 1164 enim
2532 1108 2737 1163 frustra
2766 1108 2818 1161 in
2845 1119 3166 1163 sanctorum
3204 1106 3358 1159 libris
3385 1119 3477 1175 po-

1896 1202 2062 1258 situm
2109 1218 2231 1257 esse
2260 1208 2411 1271 puto,
2452 1201 2545 1255 sed
2579 1199 2726 1269 quod
2772 1212 3000 1269 parvum
3031 1198 3336 1263 existimas,
3370 1212 3478 1251 non

1895 1292 2265 1363 poenitendam
2303 1292 2631 1361 quandoque
2678 1291 2972 1344 utilitatem
3018 1291 3291 1357 parturire
3334 1302 3479 1341 com-

1897 1384 2095 1454 perics.
2128 1384 2460 1453 Auspicatus
2484 1382 2651 1451 igitur
2680 1394 2709 1433 a
2739 1380 3216 1433 Samaritanorum
3245 1392 3479 1432 conver-

1896 1478 2071 1539 sione,
2100 1488 2152 1530 et
2181 1492 2303 1530 cum
2326 1476 2550 1545 jamjam
2575 1480 3031 1543 exspectarentur
3061 1471 3161 1541 ipsi
3197 1475 3480 1539 (venturos

1894 1568 2041 1622 enim
2073 1577 2326 1629 noverat,
2358 1574 2417 1619 ut
2444 1564 2628 1632 Deus),
2658 1573 2805 1619 lotus
2837 1565 2891 1617 in
2927 1564 3158 1618 salutem
3176 1563 3479 1618 electorum

1896 1660 2186 1719 incumbit.
2230 1658 2507 1713 nutriendi
2562 1672 2691 1711 vero
2739 1657 2986 1726 corporis
3038 1670 3224 1710 curam
3273 1654 3478 1708 nullam

1898 1749 2076 1813 habet,
2121 1751 2249 1804 licet
2294 1751 2457 1806 etiam
2507 1765 2572 1803 ex
2620 1750 2813 1803 itinere
2853 1747 3207 1816 defatigatus,
3244 1752 3304 1811 ut
3340 1745 3479 1799 scri-

1899 1849 2052 1912 ptum
2112 1852 2196 1897 est
2230 1844 2307 1907 η,
2367 1856 2477 1912 quo
2531 1842 2789 1896 nimirum
2842 1838 3099 1894 Ecclesiae
3159 1838 3479 1893 doctoribus

211 1927 455 1998 τροφῆς,
484 1927 661 1981 καίτοι
690 1926 784 1981 καὶ
812 1925 1110 1997 κεκμηκὼς
1144 1928 1209 1979 ἐκ
1228 1926 1328 1995 τῆς
1358 1925 1691 1995 ὁδοιπορίας,
1719 1924 1793 1987 ὡς

1894 1933 2075 1987 denuo
2104 1934 2297 2004 prosit,
2334 1941 2387 1987 et
2430 1933 2671 1986 laborem
2705 1931 2991 2002 aspernari
3040 1930 3259 1992 doceat,
3301 1928 3479 1998 majo-

212 2023 544 2091 γέγραπται,
576 2020 663 2072 ἵνα
689 2018 776 2072 διά
801 2018 991 2071 τούτου
1026 2018 1187 2071 πάλιν
1209 2019 1335 2080 τοὺς
1366 2018 1423 2069 ἐν
1458 2019 1575 2078 ταῖς
1596 2014 1795 2084 ἐκκληο

1893 2038 2119 2093 remque
2153 2024 2345 2078 salutis
2373 2024 2746 2091 proximorum
2782 2036 2947 2091 quam
2974 2022 3060 2075 sui
3093 2022 3348 2090 corporis
3380 2034 3479 2073 cu-

215 2114 360 2176 ιτίαις
402 2112 659 2184 ὠφελήσῃ
686 2111 1040 2174 διδασκάλους
1060 2150 1075 2175 ,
1101 2112 1214 2175 ,καὶ
1246 2110 1494 2180 καμάτου
1527 2109 1626 2179 μὲν
1653 2124 1793 2161 παν-

1893 2130 2005 2168 ram
2043 2130 2254 2184 gerere.
2287 2133 2304 2165 ι
2339 2113 2429 2167 Vm
2450 2114 2616 2178 enim,
2651 2114 2835 2183 inquit
2858 2113 3144 2183 propheta,
3166 2114 3261 2182 qui
3296 2112 3479 2166 facitis

212 2206 305 2269 τὸς
327 2204 595 2278 ἀναπείσῃ
641 2205 940 2275 περιορᾷν,
986 2203 1272 2275 κρείττονα
1309 2203 1364 2256 δὲ
1412 2202 1513 2272 τῆς
1551 2203 1679 2272 περὶ
1730 2200 1791 2253 τὸ

214 2297 379 2367 σῶμα
408 2297 685 2367 φροντίδος
737 2298 836 2366 τὴν
869 2298 960 2349 ἐπὶ
999 2299 1113 2361 τοῖς
1164 2294 1493 2365 σωζομένοις
1520 2293 1789 2348 ποιεῖσθαι

213 2389 472 2457 σπουδήψ
507 2406 524 2439 ι
556 2388 691 2442 Οὐαὶ⁸
712 2388 841 2459 γὰρ,
868 2389 1031 2459 φησὶν
1050 2390 1079 2440 ὁ
1102 2388 1406 2458 προφήτης,
1436 2388 1485 2439 οἱ
1514 2386 1794 2448 ποιοῦντες

208 2482 272 2533 τὸ
306 2480 466 2551 ἔργον
494 2480 700 2552 Κυρίου
734 2479 979 2552 ἀμελῶς.-
1008 2498 1030 2533 ι
1068 2481 1184 2533 Ἵνα
1208 2479 1387 2533 τοίνυν
1434 2479 1793 2549 μανθάνωμεν

207 2575 271 2625 ἐν
321 2574 433 2633 τοῖς
471 2570 733 2633 τοιούτοις
779 2570 1011 2641 μάλιστα
1048 2572 1261 2642 καιροῖς
1306 2571 1514 2624 ἀσιτεῖν
1564 2570 1791 2623 εἰωθότα

207 2664 304 2717 τὸν
328 2664 562 2733 Κύριον,
607 2662 927 2733 ἐρωτῶντας
954 2662 1195 2733 εἰσφέρει
1227 2662 1352 2725 τοὺς
1379 2662 1654 2733 μαθητὰς,
1701 2662 1796 2715 καὶ

212 2754 500 2825 μονονουχὶ
539 2753 1127 2825 προκυλινδουμένους,
1178 2755 1265 2808 ἵνα
1306 2754 1368 2825 δή
1398 2772 1455 2808 τι
1485 2755 1658 2825 βραχὺ
1686 2753 1795 2806 τῶν

1894 2220 2032 2273 opus
2067 2203 2283 2258 Domini
2322 2203 2662 2274 negligenter
2699 2202 2762 2256 ¹³.
2805 2221 2824 2253 ι
2858 2200 2924 2256 Ut
2954 2217 3083 2271 ergo
3122 2202 3400 2256 discamus
3424 2202 3477 2254 in

1894 2294 2208 2350 istiusmodi
2254 2294 2489 2347 maxime
2519 2293 2855 2363 temporibus
2887 2292 3184 2347 Dominum
3223 2292 3479 2363 jejunare

1894 2384 2139 2447 solitum,
2176 2384 2582 2453 interrogantes
2631 2384 2840 2439 inducit
2886 2384 3208 2453 discipulos,
3260 2399 3325 2438 ac
3356 2392 3473 2437 tan-

1893 2486 2005 2532 tum
2041 2493 2150 2531 non
2201 2476 2434 2546 genibus
2488 2476 2782 2530 advolutos
2842 2484 3048 2545 petere,
3106 2482 3166 2528 ut
3202 2472 3479 2527 modicum

1892 2570 2021 2640 quid
2041 2584 2230 2623 eorum
2254 2583 2375 2638 quae
2407 2567 2765 2637 suppetebant
2801 2567 2855 2621 in
2890 2566 3263 2621 necessarium
3295 2565 3478 2620 cibum

1902 2668 2142 2731 caperet.
2180 2658 2457 2713 Petierant
2489 2660 2687 2727 quippe
2718 2658 2909 2713 urbem
2946 2668 3004 2713 ut
3033 2658 3187 2714 cibos
3215 2663 3480 2723 emerent,

1901 2766 2105 2821 eosque
2130 2749 2245 2820 jam
2288 2750 2607 2802 attulerant.

208 2849 666 2919 πεπορισμένων,
717 2850 791 2912 ὡς
836 2850 1207 2919 ἀπαραίτητόν
1241 2868 1300 2903 τε
1350 2851 1443 2903 καὶ
1487 2847 1790 2919 ἀναγκαίαν
1830 2849 2116 2918 ποιήσαιτο
2162 2847 2389 2917 τροφήν.
2427 2844 2802 2917 Ἀπελύθησαν
2840 2846 2948 2915 γὰρ
2994 2847 3075 2910 είς
3140 2847 3239 2917 τὴν
3305 2843 3479 2903 πόλιν»

209 2946 298 2997 ἵνα
333 2944 540 3014 τροφὰς
586 2944 930 3015 ἀγοράσωσιν
953 2986 969 3013 ,
1014 2945 1081 3007 ἃς
1115 2947 1209 2998 καὶ
1231 2947 1486 3017 παρῆσαν
1516 2946 1616 3016 ἤδη
1648 2944 2129 3014 συγκομισάμενοι.

297 3036 440 3105 Ἐγὼ
463 3036 701 3104 βρῶσιν
718 3037 835 3106 ἔχω
856 3037 1068 3108 φαγεῖν
1087 3080 1101 3105 ,
1130 3036 1210 3106 ἣν
1236 3037 1405 3107 ὑμεῖς
1432 3039 1544 3091 οὐκ
1572 3036 1791 3091 amate.

1970 3034 2174 3099 IV,52.
2214 3032 2326 3105 Ego
2378 3035 2551 3088 cibum
2597 3033 2761 3089 habeo
2804 3035 3125 3089 manducare
3191 3050 3343 3105 quem
3390 3051 3480 3091 eos

1898 3128 2131 3180 nescitis.

285 3212 595 3283 Χαριέντως
630 3212 730 3283 μὲν
762 3214 790 3267 ὁ
821 3214 1010 3287 Σωτὴρ
1055 3216 1161 3270 ἀπὸ
1188 3216 1295 3269 τῶν
1332 3217 1585 3297 ὲν-χερσὶ
1608 3234 1789 3288 πραγ-

1967 3217 2115 3272 Scite
2146 3216 2399 3272 Salvator
2437 3232 2467 3273 e
2494 3232 2551 3273 re
2584 3216 2839 3287 praesenti
2878 3217 3293 3286 responsionem
3317 3220 3480 3276 texit.

212 3306 406 3375 μάτων
450 3304 726 3374 ἐξυφαίνει
754 3306 851 3377 τὴν
902 3308 1210 3379 ἀπόκρισιν.
1247 3311 1424 3363 Μόνον
1454 3311 1509 3363 δὲ
1537 3311 1655 3380 οὐχί
1688 3328 1789 3381 φη-

210 3413 301 3449 σιν
332 3398 783 3467 ἐπεσκιασμένως
806 3438 821 3462 ,
867 3399 942 3463 ὡς
971 3401 1127 3472 εῐπερ
1166 3400 1354 3453 εἰδεῖεν
1380 3403 1531 3454 αὐτοὶ
1557 3402 1655 3473 τὴν
1686 3403 1790 3454 Σα-

211 3489 493 3559 μαρειτῶν
522 3490 614 3542 ἐπὶ
647 3489 817 3561 θύρας
846 3486 1012 3544 οὖσαν
1046 3491 1402 3562 ἐπιστροφὴν,
1430 3492 1645 3562 ἐκείνης
1672 3492 1792 3563 ἔχε-

207 3578 339 3631 σθαι
376 3579 577 3648 μᾶλλον
604 3580 677 3644 ὼς
700 3580 914 3651 τρυφῆς
932 3622 945 3646 ,
973 3581 1005 3661 ἢ
1036 3582 1214 3652 σάρκα
1238 3582 1456 3652 τρέφειν
1484 3582 1788 3638 ἀνέπειθον.

222 3669 324 3722 Ἐκ
352 3668 410 3721 δὲ
445 3669 509 3741 δὴ
531 3669 725 3723 τούτου
753 3672 916 3724 πάλιν
946 3672 1077 3742 ὂσην
1101 3671 1213 3741 ἔχει
1240 3671 1339 3742 τὴν
1364 3673 1443 3734 είς
1472 3670 1790 3741 ἀνθρώπους

206 3760 438 3830 ἀγάπην
484 3763 518 3831 ἡ
569 3759 689 3814 θεία
737 3761 898 3830 φύσις
931 3760 1108 3826 ἔξεστι
1161 3762 1387 3832 μαθεῖν⁹
1442 3762 1645 3833 τροφὴν
1684 3761 1793 3831 γὰρ

206 3852 408 3923 ὥσπερ
436 3853 651 3923 ἡγεῖται
700 3854 792 3906 καὶ
820 3852 1032 3925 τρυφὴν
1062 3854 1169 3906 τῶν
1196 3852 1550 3907 ἀπολωλότων
1579 3853 1677 3923 τὴν
1712 3855 1794 3917 είς

209 3944 494 4014 σωτηρίαν
514 3944 845 4015 ἀναδρομήν.

290 4037 546 4104 Ἔλεγον
563 4032 676 4089 οὖν
694 4039 746 4089 οὶ
765 4036 1023 4105 μαθηταὶ
1047 4036 1195 4104 πρὸς
1217 4037 1531 4103 ἀλλήλους
1558 4052 1572 4067 °
1605 4036 1794 4105 Μήτις

208 4126 475 4195 ἤνεγκεν
511 4127 670 4193 αὐτῷ
703 4128 916 4197 φαγεῖν
935 4129 1138 4197 ;Λέγει
1167 4129 1370 4195 αὐτοῖς
1397 4133 1429 4182 d
1472 4130 1719 4196 Ἰησοῦς.

286 4220 567 4271 Σκοτεινὸν
603 4219 731 4271 ὄντα
764 4219 853 4271 τὸν
881 4218 1037 4287 λόγον
1070 4219 1222 4274 οὔπω
1257 4221 1509 4282 συνέντες
1548 4222 1595 4273 οί
1628 4220 1795 4291 μαθη-

206 4314 325 4378 ταὶ,
348 4312 417 4364 τὰ
456 4310 715 4373 πολλάκις
760 4311 1016 4379 γεγονότα
1062 4312 1183 4364 καθ’
1214 4314 1436 4375 ἑαυτοὺς
1468 4312 1789 4381 ἐλογίζοντο,

208 4405 311 4457 καὶ
351 4405 485 4473 πρὸς
508 4404 607 4465 τὰς
637 4401 887 4472 συνήθεις
921 4403 1339 4457 καταϐαίνουσιν
1370 4404 1596 4469 ἐννοίας,
1629 4422 1795 4476 προσ-

206 4494 381 4565 ῆχθαι
419 4495 519 4564 μὲν
554 4494 658 4547 ὐπό
695 4511 787 4547 του
820 4494 1025 4565 τροφὴν
1055 4495 1454 4559 ὑποπτεύοντες
1488 4497 1664 4567 αὐτῷ,
1712 4516 1796 4551 τι-

1894 3309 2129 3364 Tantum
2165 3326 2275 3365 non
2339 3318 2521 3365 autem
2582 3311 2892 3375 subinnuit,
2940 3312 3089 3382 quod
3146 3312 3194 3367 si
3252 3322 3476 3370 nossent

1896 3400 2371 3456 Samaritanorum
2432 3402 2851 3457 conversionem
2898 3404 3036 3473 ipsis
3085 3405 3477 3474 propemodum

1893 3496 2189 3551 instantem
2245 3494 2478 3557 foribus,
2513 3494 2562 3549 ei
2605 3495 2789 3563 potius
2835 3496 3152 3550 incumbere
3204 3510 3304 3551 ceu
3340 3496 3477 3551 deli-

1892 3585 1993 3640 ciis
2047 3584 2535 3653 persuaderentur,
2592 3599 2755 3654 quam
2816 3584 3121 3640 nutriendae
3175 3586 3328 3640 carni
3384 3600 3476 3642 va-

1892 3690 2039 3730 care.
2074 3674 2212 3729 Hinc
2246 3690 2377 3731 vero
2432 3676 2616 3731 denuo
2666 3677 2883 3732 discere
2943 3678 3075 3731 licet
3122 3686 3383 3746 quantam
3420 3678 3475 3735 in

1893 3764 2142 3819 homines
2178 3765 2377 3819 habeat
2423 3773 2622 3820 natura
2657 3765 2839 3820 divina
2893 3766 3219 3821 charitatem
3254 3785 3268 3821 :
3320 3768 3476 3822 cibo-

1893 3872 2013 3910 rum
2050 3857 2194 3911 enim
2232 3868 2286 3913 et
2318 3858 2643 3913 deliciarum
2691 3858 2810 3913 loco
2839 3859 2889 3914 ei
2917 3866 3005 3914 est
3043 3858 3380 3928 perditorum
3408 3859 3475 3916 ad

1895 3948 2127 4003 salutem
2156 3950 2418 4004 reversio.

1964 4038 2056 4103 IV,
2090 4041 2177 4093 55.
2224 4040 2481 4094 Dicebant
2508 4056 2627 4111 ergo
2654 4041 2902 4108 discipuli
2923 4042 2990 4095 ad
3013 4043 3229 4096 invicem
3250 4058 3269 4097 ε
3300 4041 3476 4096 Num-

1893 4132 2017 4201 quid
2052 4133 2244 4201 aliquis
2280 4134 2461 4187 attulit
2511 4135 2558 4187 ei
2593 4135 2954 4191 manducare!
2992 4135 3136 4188 Dicit
3173 4137 3249 4189 eis
3291 4135 3474 4191 Jesus.

1966 4220 2268 4275 Obscurum
2304 4238 2609 4277 sermonem
2654 4240 2779 4278 cum
2818 4224 3074 4295 discipuli
3114 4226 3357 4280 nondum
3388 4227 3474 4280 in-

1894 4314 2225 4382 telligerent,
2275 4330 2398 4385 quae
2432 4330 2574 4385 saepe
2608 4317 2949 4388 contigerant
2991 4320 3132 4387 apud
3176 4334 3235 4373 se
3260 4320 3471 4390 cogita-

1894 4404 2047 4467 bant,
2082 4415 2135 4460 et
2164 4405 2233 4459 de
2264 4422 2412 4461 more
2437 4408 2865 4477 suspicabantur
2900 4424 2929 4462 a
2949 4408 3185 4479 quodam
3210 4410 3259 4464 ei
3288 4410 3470 4464 cibum

1895 4497 2143 4561 allatum,
2180 4497 2547 4553 delicatiorem
2593 4500 2851 4553 nimirum
2902 4511 2955 4555 et
3005 4502 3287 4557 meliorem
3331 4517 3471 4573 quo-

210 4584 493 4655 puotépaa
515 4584 570 4635 δέ
602 4601 740 4649 πως,
773 4584 805 4654 ἢ
836 4585 930 4637 καὶ
960 4584 1144 4655 ἡδίονα
1170 4587 1269 4655 τῆς
1304 4587 1433 4657 παρ’
1464 4588 1645 4641 αὐτῶν
1666 4589 1789 4641 συλ-

1896 4586 2187 4641 dammodo
2216 4604 2281 4644 eo
2311 4605 2469 4659 quem
2507 4599 2882 4662 corrogarant.

208 4677 466 4745 λεγείσης
493 4677 757 4746 ὑπάρχειν
789 4677 976 4746 αὐτήν.

296 4770 474 4837 Ἐμὸν
505 4767 716 4837 βρῶμά
764 4768 972 4833 ἐστιν,
1034 4768 1133 4823 ἵνα
1179 4772 1411 4837 ποιήσω
1464 4772 1529 4825 τὸ
1564 4774 1791 4843 θέλημα

210 4862 320 4915 τοῦ
355 4858 705 4927 πέμψαντός
728 4874 824 4926 με,
848 4856 944 4910 καί
973 4858 1262 4912 τελειώσω
1284 4860 1470 4913 αὑτοῦ
1500 4863 1566 4913 τὸ
1591 4862 1786 4930 ἔργον.

286 4952 451 5007 Ὄλον
501 4948 819 5021 ἀπορρήξας
865 4948 961 5000 τοῦ
991 4949 1147 5017 λόγου
1187 4951 1247 5003 τὸ
1290 4952 1617 5022 κατάλυμμα

207 5046 485 5114 κάλυμμα
542 5052 634 5096 aut
690 5040 1060 5113 καταλύμμα]
1112 5043 1546 5115 διαφανεστάτην
1608 5046 1792 5109 αὐτοῖς

207 5137 468 5202 ἀπέδειξε
490 5137 588 5205 τὴν
620 5134 902 5205 ἀλήθειαν,
927 5134 1000 5198 ὡς
1028 5134 1083 5187 δὲ
1115 5136 1237 5188 ὅσον
1258 5137 1467 5189 οὐδέπω
1494 5139 1591 5208 τῆς
1616 5140 1791 5191 οἰκου-

209 5231 389 5302 μένης
430 5227 707 5297 ἐσομένοις
745 5226 1084 5289 διδασκάλοις
1109 5227 1277 5280 τύπον
1300 5228 1491 5281 ὲαυτὸν
1523 5230 1784 5299 εἰσφέρει,

206 5318 471 5373 συντόνου
512 5333 570 5368 τε
618 5315 711 5368 καὶ
752 5314 873 5367 λίαν
902 5314 1129 5385 ἀρίστης
1159 5315 1394 5386 σπουδῆς
1413 5355 1426 5375 ,
1483 5316 1580 5385 τῆς
1608 5316 1697 5367 ἐπὶ
1727 5316 1788 5369 τὸ

205 5409 416 5482 χρῆναι
437 5406 706 5459 διδάσκειν
732 5404 957 5473 δηλαδὴ,
983 5407 1074 5458 καὶ
1102 5405 1199 5474 τῆς
1229 5406 1529 5473 ἀναγκαίας
1558 5406 1651 5459 τοῦ
1684 5406 1789 5459 σώ-

210 5514 390 5570 ματος
422 5495 608 5565 χρείας
636 5493 894 5561 δευτέραν
921 5491 1150 5562 ἐχούσης
1192 5491 1279 5543 διὰ
1307 5491 1466 5544 τοῦτο
1492 5493 1589 5563 τὴν
1621 5511 1786 5563 φρον-

206 5589 357 5643 τίδα,
412 5584 616 5655 Βρῶμα
659 5584 765 5655 γάρ
799 5579 938 5636 εἶναι
969 5583 1141 5650 λέγων
1178 5582 1357 5652 ἐαυτῷ
1380 5582 1790 5655 θυμηρέστατον

206 5681 274 5734 τὸ
302 5676 528 5747 ποιῆσαι
562 5675 622 5729 τὸ
644 5675 852 5744 θέλημα
882 5673 977 5727 τοῦ
1013 5672 1326 5743 πέμψαντος
1356 5674 1538 5740 αὐτὸν,
1584 5677 1677 5730 καὶ
1700 5694 1790 5730 τε-

291 5872 334 5902 ¹¹
366 5867 524 5923 Jean.
563 5882 635 5933 tv,
658 5866 709 5921 6.
794 5867 834 5897 ’³
860 5865 1059 5921 Jeretn.
1088 5878 1255 5919 xtvltt
1286 5904 1301 5931 ,
1342 5863 1429 5918 10.

1976 4764 2251 4835 ιθτιν,
2292 4766 2381 4821 54.
2426 4766 2573 4822 Meus
2616 4768 2762 4822 cibus
2792 4777 2891 4833 est,
2941 4777 2997 4821 ut
3036 4769 3230 4837 faciam
3283 4772 3471 4826 volun-

1904 4863 2066 4909 tatem
2092 4857 2203 4925 ejus
2238 4858 2329 4925 qui
2368 4859 2512 4913 misit
2541 4876 2638 4922 me,
2672 4869 2719 4912 et
2745 4860 3014 4928 perﬁciant
3051 4876 3180 4927 opus
3218 4862 3351 4930 ejus.

1970 4942 2132 4997 Omni
2169 4946 2438 4999 velamine
2469 4949 2740 5001 sermonis
2770 4948 3019 5017 disrupta
3062 4950 3467 5017 apertissimam

1899 5036 2144 5089 ostendit
2190 5036 2270 5089 eis
2326 5037 2643 5102 veritatem,
2707 5046 2761 5091 et
2810 5038 2921 5106 jam
2976 5038 3215 5106 seipsutn
3268 5037 3469 5095 futuris

1897 5128 2048 5183 orbis
2079 5130 2359 5197 magistris
2388 5130 2694 5200 exemplum
2735 5132 2927 5185 statuit
2958 5132 3211 5185 acerrimi
3244 5139 3299 5185 et
3333 5146 3468 5201 pra:-

1896 5218 2026 5272 clari
2062 5218 2127 5269 ad
2156 5218 2461 5272 docendum
2501 5217 2667 5273 studii
2696 5259 2709 5283 ,
2755 5219 2842 5272 cui
2890 5220 3196 5273 necessaria
3219 5220 3468 5288 corporis

1893 5309 2057 5363 etiam
2106 5308 2489 5377 praeferantur.
2542 5309 2675 5363 Nam
2738 5325 2860 5363 cum
2909 5310 3301 5365 suavissimum
3357 5309 3466 5364 sibi

1893 5413 2017 5453 eum
2052 5399 2233 5452 cibum
2260 5414 2383 5454 esse
2409 5400 2580 5464 dicit,
2620 5401 2877 5454 nimirum
2910 5398 3089 5454 facere
3120 5399 3465 5453 voluntatem

1892 5492 2012 5561 ejus
2048 5505 2076 5543 a
2108 5505 2217 5561 quo
2242 5492 2445 5546 missus
2470 5500 2586 5556 est,
2612 5501 2664 5545 et
2699 5491 2959 5560 perlicere
2980 5490 3099 5559 ejus
3128 5483 3297 5560 opus,
3333 5504 3466 5561 apo-

1897 5582 2073 5639 stolici
2106 5583 2396 5639 ministerii
2428 5600 2627 5639 munus
2646 5582 2929 5638 describit.
2949 5581 3226 5647 Quantum
3257 5594 3386 5635 vero
3410 5580 3465 5635 in

1897 5676 2007 5731 illis
2035 5673 2280 5731 studium
2310 5678 2434 5735 csSe
2462 5676 2697 5742 debeat,
2745 5674 2894 5731 clare
2931 5672 3192 5730 ostendit.
3228 5670 3467 5727 Ducendi
