4222 6510
192 414 299 470 ενδ

1249 412 1315 468 ΙΝ
1354 410 1643 471 JOANNIS
1676 410 2132 470 EVANGELIUM
2169 412 2298 468 LIB.
2333 412 2398 468 li.

3353 408 3460 466 3‘16

202 527 354 579 Ἐπεὶ
378 525 429 577 τί
463 526 708 595 ποιήσεις
729 527 857 579 ὅταν
881 523 1131 589 όάπλοῦς
1161 527 1291 598 ἡμῖν
1328 528 1429 595 τὴν
1468 527 1628 595 φύσιν
1662 528 1770 581 εἰσ-

1876 541 2000 583 esse
2029 527 2391 595 censebitur?
2420 525 2609 597 ltaque
2642 526 2881 583 humano
2911 528 3130 600 quidem
3172 543 3325 584 more
3367 530 3453 585 di-

188 619 349 692 ϐαίνῃ
377 618 623 683 διπλοῦς,
673 618 762 672 διὰ
788 619 884 672 τοῦ
928 620 1107 689 λέγειν
1137 620 1381 690 περὶτοῦ
1417 620 1474 683 ἐξ
1515 620 1731 691 Ἰσραήλ
1750 634 1764 649 ·

192 728 210 761 ι
242 711 433 765 Καὶτα
454 710 619 765 τέκνα
645 710 823 765 αὐτῶν
843 711 1028 781 διῆγον
1055 713 1142 765 διὰ
1178 713 1370 782 πυρὸς,
1391 712 1419 765 ὃ
1446 713 1546 765 οὑκ
1568 714 1767 764 ἐνετει-

186 802 369 873 λάμην
396 803 594 868 αὑτοῖς,
631 803 724 856 καὶ
753 803 852 856 οὑκ
882 804 1050 873 ἀνέϐη
1085 806 1177 857 ἐπὶ
1204 804 1300 875 τὴν
1330 804 1562 873 καρδίαν
1592 821 1713 872 μου.
1744 821 1761 854 ι

183 886 262 946 Ἦ
291 894 400 962 γὰρ
418 895 517 947 οὑκ
531 896 738 966 ἀνάγκη
756 895 853 966 τὴν
873 895 1099 967 καρδίαν
1122 896 1313 967 ἑτέραν
1331 896 1599 965 ὑπάρχειν
1622 894 1769 965 παρὰ

184 988 275 1039 τὸν
305 990 362 1040 ἐν
401 981 552 1059 ᾧπερ
583 989 735 1053 Earl;
783 990 894 1043 Καὶ
937 989 1054 1052 πῶς
1086 988 1292 1052 ἁπλοῦς
1333 1006 1414 1040 est
1446 988 1768 1058 νοηθήσεται

182 1078 352 1143 Θεόςς
416 1079 623 1132 υὺκοῦν
682 1080 1037 1151 ἀνθρωπίνως
1099 1082 1199 1150 μὲν
1243 1080 1483 1135 λαλεῖται
1535 1081 1602 1133 τά
1641 1082 1768 1152 περὶ

181 1169 318 1223 Θεοῦ
340 1190 351 1203 ·
385 1175 582 1226 νοεῖται
612 1172 667 1226 δὲ
699 1173 892 1237 οὑτως,
914 1172 990 1237 ὡς
1023 1173 1088 1227 ἂν
1116 1174 1382 1244 ἀρμόττοι
1413 1172 1554 1243 Θεῷ,
1585 1174 1681 1225 καὶ
1707 1173 1769 1226 τὸ

184 1265 379 1335 μέτρον
424 1266 519 1335 τῆς
556 1267 833 1337 ἡμετέρας
862 1266 1143 1337 γλώττης,
1183 1266 1280 1338 τὴν
1311 1268 1401 1319 ἐπὶ
1434 1267 1643 1329 πάντας
1670 1268 1769 1319 οὑκ

180 1356 429 1428 ἀδικήσει
472 1358 651 1426 φύσιν.
696 1358 811 1412 Κᾶν
864 1359 1188 1430 εὑρίσκηται
1233 1357 1520 1432 τοιγαροῦν
1562 1361 1590 1411 ὁ
1620 1358 1767 1425 Υἱὸς,

180 1444 256 1506 ὡς
289 1445 415 1515 περί
450 1462 593 1509 τινος
626 1447 813 1517 ἑτέρου
850 1447 1023 1515 λέγων
1067 1446 1162 1500 τοῦ
1190 1447 1498 1517 θελήματος
1529 1448 1621 1502 τοῦ
1649 1449 1766 1501 Πα-

177 1537 328 1606 τρὸς.
361 1538 749 1609 ἀδιαφορὴσεις
781 1539 1144 1611 οἰκονομικῶς
1170 1542 1238 1611 τῇ
1269 1541 1377 1593 τῶν
1413 1540 1589 1608 λόγων
1621 1539 1775 1592 ἀσθε-

178 1627 301 1698 νείᾳ.
346 1629 647 1699 περιτιθεὶς
696 1629 758 1682 τὸ
802 1629 876 1700 μὴ
918 1630 1178 1683 δύνασθαί
1226 1646 1282 1681 τι
1336 1627 1519 1698 μεῖζον
1567 1629 1770 1690 εἰπεῖν,

181 1722 322 1789 μήτε
361 1722 466 1792 μὴν
506 1722 709 1793 ἑτέρως
743 1723 1127 1793 κατασημῆναι
1156 1721 1217 1774 τὸ
1255 1721 1604 1792 δηλούμενον.
1662 1721 1773 1774 Καὶ

1875 630 2077 675 cuntur
2104 635 2225 690 qua:
2258 621 2325 675 de
2355 620 2463 675 Dco
2495 622 2792 692 loquimur,
2829 623 2922 689 sed
2956 639 3022 679 eo
3058 621 3220 677 modo
3254 623 3458 677 intelli-

1875 720 2080 782 guntur
2105 727 2215 781 quo
2244 710 2356 765 Deo
2388 715 2740 779 conveniunt,
2774 723 2828 768 et
2856 716 3051 785 linguae
3080 724 3282 771 nostra;
3307 716 3458 768 inllr-

1876 803 2042 857 mitas
2075 817 2349 871 supremae
2375 802 2448 856 illi
2485 807 2863 860 naturae-nihil
2894 808 3115 861 otiiciet.
3150 807 3303 863 Licet
3324 820 3457 877 ergo

1877 892 2072 947 Filiqu
2108 896 2174 949 de
2218 896 2500 949 voluntate
2539 895 2717 951 Patris
2752 900 2900 969 loqui
2946 902 3286 968 comperias,
3333 908 3456 953 tan-

1875 1000 2038 1054 quam
2074 986 2141 1042 de
2168 988 2273 1040 alia
2300 988 2560 1055 quadam,
2591 1004 2747 1058 aequo
2779 993 2964 1044 animo
2993 991 3045 1044 id
3082 991 3246 1055 feres,
3280 993 3453 1047 imbe-

1875 1076 2088 1129 cillitati
2149 1078 2424 1131 sermonis
2481 1079 2732 1133 consulte
2787 1077 3080 1135 tribuendo
3136 1081 3283 1151 quod
3343 1098 3454 1137 non

1874 1168 2049 1238 possit
2087 1168 2265 1237 majus
2297 1171 2578 1240 quidpiam
2620 1171 2837 1234 dicere,
2876 1188 3053 1242 neque
3096 1175 3257 1229 aliter
3304 1182 3456 1229 certe

1874 1272 1990 1311 rem
2023 1256 2384 1326 signiﬁcatam
2418 1261 2743 1328 exprimere.
2796 1266 2976 1331 Atque
3016 1265 3130 1318 haec
3153 1265 3299 1319 dicta
3330 1266 3455 1334 qui-

1875 1347 1996 1402 dem
2028 1358 2193 1403 sunto
2214 1365 2408 1405 rursus
2432 1352 2497 1404 ad
2522 1353 3010 1409 demonstrandum
3041 1353 3240 1409 Filium
3264 1358 3454 1411 volun-

1871 1447 2037 1494 tatem
2074 1440 2257 1496 Patris
2307 1446 2521 1498 ceuseri
2574 1461 2796 1515 quoque
2842 1458 3098 1515 oportere
3144 1467 3155 1501 :
3200 1448 3259 1503 in
3304 1450 3454 1504 dicto

1868 1548 1998 1587 vero
2029 1535 2309 1602 proposito
2333 1572 2347 1595 ,
2391 1536 2539 1588 nulla
2574 1538 2713 1591 ratio
2741 1546 2901 1607 coget
2938 1540 3242 1610 intelligere
3272 1540 3454 1598 Patris

1872 1626 2250 1692 voluntatem,
2309 1627 2407 1680 sed
2454 1627 2836 1683 indilTerentcr
2880 1631 3082 1686 bonam
3118 1634 3452 1690 voluntatem

1872 1734 2003 1788 erga
2033 1733 2130 1773 eos
2164 1720 2257 1789 qui
2287 1720 2569 1789 perierunt
2598 1722 2990 1791 intelligemus.

177 1812 355 1865 ταῦτα
390 1813 486 1884 μὲν
521 1813 761 1885 εἰρήσθω
798 1812 959 1867 πάλιν
990 1815 1070 1875 είς
1108 1811 1382 1876 ἀπόδειξιν
1431 1812 1523 1864 τοῦ
1548 1810 1784 1864 νοεῖσθαι
1834 1809 1928 1861 καὶ
1959 1808 2172 1880 θέλημα
2216 1810 2311 1863 τοῦ
2350 1810 2563 1881 Πατρὸς
2595 1811 2687 1863 τὸν
2719 1812 2863 1865 Υίόν.
2907 1812 2995 1865 Ἐν
3027 1812 3085 1865 δέ
3110 1830 3172 1881 γε
3204 1812 3283 1883 τῷ
3314 1819 3451 1883 προ-

180 1909 421 1980 κειμένῳ
456 1910 603 1982 ρητῷ
625 1949 639 1973 ,
674 1909 831 1977 λόγος
871 1910 967 1979 μὲν
993 1908 1169 1972 οὐδεὶς
1197 1908 1503 1976 ἀναγκάσει
1532 1906 1744 1977 θέλημα
1782 1904 2021 1957 νοεῖσθαι
2046 1905 2139 1958 τοῦ
2168 1908 2380 1977 Πατρός
2411 1907 2501 1959 τὸν
2541 1907 2703 1972 Υἱὸν,
2746 1907 3021 1976 διαφόρως
3063 1902 3176 1975 [τον.
3222 1910 3451 1979 ἀδιαφό-

180 2004 332 2077 ρως]
377 2003 432 2057 δὲ
470 2002 669 2073 μᾶλλον
706 2000 1121 2074 παραδεξόμεθα
1151 2003 1248 2075 τὴν
1278 2004 1370 2056 ἐπὶ
1403 2006 1515 2067 τοῖς
1542 2003 1848 2058 ἀπολωλόσι
1881 2000 2079 2072 βουλὴν
2102 2001 2341 2072 ἀγαθήν.

252 2099 378 2165 Οὐχ
413 2096 579 2165 ὑμεῖς
615 2095 842 2164 λέγετε,
878 2094 966 2148 ὅτι
1006 2095 1371 2167 τετράμηνός
1418 2097 1568 2160 ἐστι,
1606 2096 1704 2149 καὶ
1738 2099 1771 2150 ὀ
1800 2104 1843 2159 Β

179 2191 462 2259 θερισμὸς
490 2188 723 2257 ἔρχεται
749 2204 765 2251 ;

249 2282 479 2353 Δέχεται
522 2280 683 2334 πάλιν
718 2280 811 2334 τοῦ
842 2281 1001 2349 λόγου
1040 2280 1139 2344 τάς
1171 2278 1452 2353 ἀφορμάς,
1502 2280 1609 2334 ἀπὸ
1642 2298 1765 2333 και-

181 2374 310 2445 ροῦ,
370 2374 465 2427 καὶ
504 2373 826 2444 πράγματος
854 2412 868 2437 ,
918 2372 1012 2425 καὶ
1036 2371 1142 2425 ἀπὸ
1185 2372 1292 2423 τῶν
1326 2374 1382 2424 ὲν
1406 2373 1651 2441 αἰσθήσει
1699 2374 1765 2441 τῇ

178 2467 504 2537 παχυτέρα,
563 2464 953 2533 πνευματικῶν
1015 2464 1389 2534 θεωρημάτων
1438 2464 1768 2517 ἀναπλάττει

176 2561 455 2629 διήγησιν.
504 2556 643 2626 Ὦρα
677 2556 773 2625 μὲν
805 2555 910 2624 γάρ
940 2549 1008 2625 ἧν
1038 2553 1304 2624 χειμῶνος
1335 2552 1412 2607 ἔτι
1445 2557 1563 2607 κατ’
1596 2557 1771 2607 ἐκεῖνο

176 2651 400 2721 καιροῦ,
433 2649 727 2720 ἀρτιθαλὴς
766 2649 842 2710 δὲ,
866 2651 958 2701 καὶ
989 2648 1108 2711 νέος
1134 2647 1241 2700 τῶν
1272 2647 1600 2717 σπερμάτων
1623 2650 1649 2700 ό
1679 2649 1769 2701 κά-

174 2749 354 2814 λαμος
388 2745 543 2812 μόγις
576 2742 669 2812 μὲν
723 2740 823 2810 τῆς
858 2741 1098 2811 ἀρούρας
1132 2738 1411 2809 ὲξέφριττε
1433 2756 1446 2770 ο
1485 2738 1678 2808 καιροῦ
1711 2738 1767 2790 δὲ

174 2838 466 2907 τεσσάρων
501 2833 686 2904 μηνῶν
712 2832 1159 2896 διῖππεὺσαντος,
1192 2833 1272 2893 εἰς
1297 2830 1396 2899 τὴν
1418 2827 1510 2882 τοῦ
1528 2827 1767 2899 θερίζον-

174 2947 274 2992 τος
304 2932 463 2999 χεῖρα
512 2926 798 2979 πεσεῖσθαι
840 2924 1224 2993 προσεδοκᾶτο.
1282 2942 1298 2972 ι
1328 2924 1440 2992 Οὑχ
1470 2923 1625 2992 ὑμεῖς
1653 2916 1766 2982 οῦν,

177 3019 371 3088 φησὶν,
410 3018 459 3069 οἱ
485 3014 781 3085 ἄνθρωποι,
816 3014 1002 3084 λέγετε
1031 3014 1110 3067 ὃτι
1139 3013 1476 3083 τετράμηνός
1506 3014 1645 3078 ἐστι,
1677 3011 1771 3063 καὶ

176 3112 205 3161 ὁ
234 3109 497 3178 θερισμὸς
530 3107 746 3178 ἔρχεται
774 3125 788 3172 ;
821 3125 839 3157 ι

266 3200 424 3254 Ἰδοὺ
479 3200 632 3267 λέγω
676 3198 834 3266 ὑμῖν·
895 3196 1175 3263 Ἐπιὶριῑτε
1221 3194 1364 3259 τοὺς
1420 3195 1769 3263 ὀφθαλμοὺς

178 3290 372 3361 ὑμῶν,
403 3290 500 3343 καὶ
539 3289 837 3342 θεάσασθε
873 3288 976 3353 τὰς
1026 3286 1241 3356 χώρας,
1279 3287 1367 3340 ὅτι
1407 3288 1623 3341 λευκαί
1650 3290 1768 3340 εἱσι

177 3383 335 3451 πρὸς
364 3382 669 3450 θερισμόν.

255 3474 548 3525 Ἱόυτέστιν
580 3471 757 3538 ὀλίγον
786 3468 894 3522 τῶν
932 3469 1024 3521 ἐπὶ
1055 3469 1155 3539 γῆς
1191 3469 1531 3539 πραγμάτων
1560 3469 1650 3521 τὸν
1670 3468 1769 3537 τῆς
1798 3504 1837 3560 C

178 3564 429 3624 διανοίας
482 3559 758 3631 ὀφθαλμῦν
802 3558 1205 3629 ἀνοχλίσαντες,
1255 3560 1347 3612 τὸν
1400 3560 1767 3629 πνευματικὸν

181 3654 473 3725 ἀναθρεῖτε
525 3652 742 3722 σπόρον,
798 3651 879 3703 ὅτι
922 3651 1359 3706 λελευκάνθισται
1405 3654 1502 3724 μὲν
1544 3655 1635 3706 ἐπὶ
1672 3653 1767 3723 τὴν

182 3750 372 3803 ᾶλωνα
418 3746 764 3817 βαδιούμενος
807 3745 931 3815 ἤδη·
976 3745 1130 3797 καλεῖ
1158 3746 1214 3799 δὲ
1260 3745 1444 3799 λοιπὸν
1472 3748 1555 3816 ἐφ’
1592 3748 1769 3817 ἐαυτῷ

177 3843 276 3894 τον
308 3841 570 3909 ἀμητῆρα
621 3839 857 3909 σίδηρον.
906 3837 1037 3891 Ἀπὸ
1082 3838 1139 3891 δὲ
1184 3838 1285 3909 τῆς
1327 3840 1639 3909 ὁμοιότητος
1663 3840 1769 3892 τῶν

179 3935 239 3985 ἐν
310 3931 523 4000 ἱστορία
572 3934 909 4001 πραγμάτων
950 3931 1251 4000 θεωρήσεις
1300 3929 1358 3981 τὸ
1421 3930 1766 4001 δηλούμενον.

181 4023 400 4091 Σπόρον
457 4020 556 4089 μὲν
604 4021 710 4091 γάρ
754 4022 970 4090 νοήσεις
1012 4020 1102 4073 τὶν
1145 4019 1366 4090 νοητὸν,
1415 4021 1507 4072 καὶ
1560 4019 1769 4090 πληθὺν

178 4113 481 4183 ἀσταχύων
508 4113 917 4184 πνευματικῶν,
939 4113 1064 4176 τοὺς
1090 4111 1176 4165 διὰ
1200 4112 1298 4182 τῆς
1328 4112 1435 4165 τῶν
1475 4112 1768 4183 προφητῶν

182 4204 678 4276 προγεωρηθέντας
701 4206 884 4274 φωνῆς
913 4206 991 4267 εἰς
1006 4204 1104 4273 τὴν
1132 4203 1427 4273 μέλλουσαν
1451 4205 1770 4276 ἀναδειχθή-

182 4297 379 4350 σεσθαι
409 4298 589 4348 πίστιν
615 4297 703 4349 διά
752 4296 1009 4367 Χριστοῦ.
1041 4295 1397 4349 Λευκαίνεται
1428 4295 1483 4347 δὲ
1512 4294 1766 4364 πέπειρός

180 4412 242 4447 τε
280 4393 377 4446 καὶ
418 4391 633 4461 ἕτοιμος
666 4392 764 4461 ήδη
798 4392 933 4462 πρὸς
970 4390 1031 4442 τὸ
1081 4388 1353 4442 πιστεύειν
1384 4391 1767 4459 γεγενημένος,

181 4486 281 4536 καὶ
328 4481 795 4551 ωμπεπηγμένος
840 4482 919 4543 εἰς
970 4478 1276 4531 εὐλάϐειαν.
1324 4478 1379 4531 Ὀ
1406 4478 1461 4530 δὲ
1498 4478 1591 4532 τοῦ
1619 4479 1766 4549 θερι-

182 4575 379 4637 ζοντος
414 4572 649 4640 σίδηρος,
707 4575 733 4625 ὀ
764 4570 1014 4641 λαμπρός
1059 4570 1118 4620 τέ.
1158 4570 1272 4621 ἐστι
1307 4569 1401 4621 καὶ
1454 4569 1768 4639 τομὼτατος

178 4665 298 4718 τῶν
327 4663 641 4717 ἀποστόλων
671 4664 845 4730 λόγος,
875 4662 974 4730 τῆς
1024 4662 1121 4731 μὲν
1156 4659 1297 4713 κατά
1333 4660 1492 4730 νόμον
1521 4660 1771 4731 λατρείας

181 4755 500 4824 ἀποκείρων
528 4756 650 4815 τοὺς
683 4754 1083 4824 ἀκροωμένους,
1132 4752 1223 4825 ἐπὶ
1249 4752 1421 4823 δὲτὴν
1460 4753 1572 4805 άλω
1600 4770 1767 4823 μετα-

1946 2093 2048 2159 IV,
2106 2095 2192 2148 35.
2255 2092 2447 2148 Nonne
2488 2111 2577 2148 vos
2622 2096 2802 2152 dicitis
2850 2097 2991 2169 quod
3023 2097 3194 2152 adhuc
3222 2108 3455 2168 quatuor

1868 2203 2071 2241 menses
2102 2195 2223 2241 sunt
2247 2227 2261 2248 ,
2293 2197 2341 2241 et
2372 2190 2555 2241 messis
2585 2191 2759 2243 venit?

1941 2280 2299 2335 Occasionem
2318 2279 2535 2335 dicendi
2562 2299 2780 2337 rursum
2802 2299 2831 2336 a
2861 2291 3105 2353 tempore
3129 2293 3183 2339 et
3202 2299 3260 2338 re
3282 2284 3449 2355 capit,

1871 2377 1926 2425 et
1959 2370 2027 2425 ab
2062 2371 2130 2425 iis
2157 2386 2277 2440 quae
2308 2372 2411 2425 sub
2444 2387 2664 2426 sensum
2698 2372 2859 2443 199
2882 2375 3086 2429 cadunt
3118 2378 3449 2446 spiritalium

1871 2463 2391 2531 contemplatiutium
2418 2464 2835 2532 explicationem
2871 2464 3121 2521 adornat.
3151 2466 3281 2519 Erat
3305 2466 3451 2521 enim

1871 2562 1985 2607 tum
2022 2555 2202 2610 adlmc
2242 2556 2438 2609 hiemis
2473 2566 2803 2625 tempestas,
2844 2566 2897 2611 et
2924 2558 3127 2615 virides
3161 2575 3224 2613 ac
3259 2574 3451 2616 recen-

1871 2655 1953 2702 tes
1986 2647 2153 2700 ciiltni
2192 2647 2431 2700 nonduin
2475 2647 2528 2700 in
2570 2644 2779 2717 campis
2820 2649 3317 2705 inliorrescebant:
3354 2651 3452 2706 sed

1871 2738 2059 2808 elapso
2109 2738 2501 2808 quadrimestri
2551 2742 2732 2809 spatio
2789 2741 2844 2795 in
2893 2757 3199 2798 messorum
3254 2758 3451 2799 manus

1872 2831 2158 2885 deventuri
2190 2840 2369 2886 erant.
2402 2851 2419 2883 ι
2460 2831 2653 2887 Nonne
2684 2834 2787 2891 vos~
2816 2835 3003 2904 igitur,
3033 2835 3230 2907 inquit,
3263 2836 3451 2892 dicitis

1871 2925 2016 2992 quod
2052 2924 2230 2979 adhuc
2256 2935 2490 2996 quatuor
2526 2942 2745 2982 menses
2801 2936 2973 2992 sunt,
3021 2937 3075 2984 et
3112 2930 3311 2986 messis
3348 2944 3449 2985 ve-

1872 3017 1988 3069 nit?
2022 3035 2041 3069 ι

1946 3191 2034 3255 lV,
2084 3193 2171 3246 55.
2220 3191 2350 3245 Ecce
2400 3209 2492 3262 ego
2535 3194 2656 3247 dico
2699 3193 3094 3250 robis:Levate
3136 3196 3317 3251 oculos
3359 3213 3446 3251 tte-

1872 3294 2033 3347 stros,
2056 3293 2101 3337 et
2127 3284 2290 3337 ridete
2323 3286 2579 3353 regiones,
2601 3286 2726 3354 quia
2749 3286 2887 3341 albae
2910 3287 3032 3357 jam
3061 3296 3183 3341 sunt
3213 3288 3282 3341 ad
3307 3305 3446 3343 mes-

1873 3390 2002 3428 sem.

1944 3466 2058 3521 Hoc
2095 3475 2199 3530 est,
2245 3483 2274 3521 a
2307 3469 2470 3524 rebus
2503 3472 2743 3526 terrenis
2777 3471 3086 3529 intellectus
3126 3474 3283 3528 oculo
3314 3489 3449 3545 pau-

1878 3557 1986 3609 lum
2016 3557 2232 3611 sublato
2254 3559 2524 3627 spiritalia
2548 3567 2667 3613 sata
2692 3560 3121 3630 circumspicite,
3145 3560 3449 3617 ﬂavescen-

1874 3650 1947 3701 tia
1993 3648 2138 3718 jam,
2192 3657 2246 3703 et
2301 3650 2355 3703 in
2394 3665 2577 3704 aream
2609 3666 2733 3705 mox
2783 3659 3051 3718 ventura,
3085 3662 3139 3708 et
3180 3657 3447 3713 messoris

1874 3740 2082 3795 ferrum
2113 3742 2332 3795 tandem
2367 3744 2707 3813 appetentia.
2768 3743 2809 3796 Δ
2857 3745 3218 3801 similitudine
3266 3757 3448 3803 autem

1872 3848 2057 3888 rerum
2097 3850 2216 3903 qua:
2248 3834 2337 3887 liic
2372 3843 2876 3889 commemorantur
2913 3838 3187 3905 spectabis
3219 3839 3271 3893 id
3302 3839 3449 3910 quod

1875 3924 2246 3994 signiﬁcatur.
2281 3925 2411 3979 Sata
2453 3926 2596 3979 enim
2633 3928 2905 3994 spiritalia
2939 3928 3031 3982 hic
3062 3929 3365 4001 intelliges,
3395 3941 3451 3986 et

1874 4018 2150 4086 Spicaruiu
2203 4018 2535 4087 spiritalium
2582 4020 2987 4075 multitudinem
3010 4061 3024 4086 ,
3057 4038 3152 4078 eos
3183 4025 3278 4088 qui
3319 4041 3448 4094 pro-

1875 4108 2159 4176 phetarum
2217 4122 2350 4161 voce
2414 4107 2567 4176 prius
2625 4109 2830 4161 exculti
2893 4119 3024 4165 sunt
3081 4111 3150 4165 ad
3205 4109 3445 4167 futuram

1872 4199 2074 4253 Christi
2123 4198 2283 4253 ﬁdem
2321 4197 2665 4252 instituendi.
2710 4196 2987 4253 Flavescit
3042 4216 3196 4267 vero,
3246 4204 3343 4271 qui
3394 4212 3451 4259 et

1874 4296 2123 4347 maturus
2156 4298 2213 4345 et
2246 4301 2470 4359 paratus
2497 4292 2611 4361 jam
2646 4301 2731 4346 est
2769 4292 2835 4345 ad
2870 4291 3227 4358 credendum,
3275 4301 3331 4350 et
3379 4298 3448 4349 ad

1873 4384 2195 4453 religionem
2252 4383 2632 4438 conllrniatus.
2679 4382 2944 4439 Messoris
2983 4392 3164 4439 autem
3206 4384 3446 4453 ferrum,

1873 4476 2159 4545 splendida
2194 4482 2277 4530 est
2332 4485 2386 4528 et
2440 4477 2760 4532 acutissima
2802 4478 3121 4545 praedicatio
3169 4480 3449 4548 apostolo-

1872 4582 2016 4631 rum,
2055 4567 2336 4621 auditores
2366 4566 2586 4635 quidem
2629 4582 2659 4620 a
2686 4568 2836 4621 cultu
2877 4568 3035 4639 legali
3067 4584 3347 4635 resecans,
3394 4581 3449 4628 et

1873 4658 1927 4712 in
1962 4673 2143 4712 aream
2185 4658 2549 4723 transferens,
2599 4659 2701 4713 hoc
2752 4669 2836 4714 est
2873 4661 2927 4713 in
2972 4660 3275 4716 Ecclesium
3328 4662 3445 4727 Dei,

1874 4750 1965 4803 ubi
2008 4751 2272 4804 virtutum
2316 4751 2605 4805 laboribus
2656 4751 2880 4805 contriti
2926 4767 3097 4821 purus
3129 4753 3286 4809 cibus
3332 4754 3448 4810 ciii-

176 4847 381 4909 τιθεὶς,
413 4845 553 4898 τοῦτ’
581 4846 745 4908 ἐστιν,
772 4848 864 4899 ἐπὶ
889 4844 985 4915 τὴν
1006 4844 1331 4913 Ἐκκλησίαν
1351 4842 1443 4895 τοῦ
1469 4843 1623 4896 Θεοῦ·
1645 4843 1770 4896 ἔνθα

1874 4844 2108 4909 cientur,
2141 4844 2452 4899 eollectoris
2486 4844 2685 4899 horreo
2723 4843 3102 4914 dignissimus.

178 4943 247 5001 δὴ
284 4940 597 5011 τριϐόμενοί
644 4958 700 4992 τε
737 4942 829 4993 καὶ
880 4941 1060 5002 πόνοις
1107 4939 1326 5005 ἀγαθῶν
1376 4938 1767 5007 ὲνθλιὸόμενοι,
1808 4938 2043 5009 καθαρὸς
2084 4938 2561 5008 ἀποδειχθήσονται
2606 4940 2750 5001 σῖτος
2811 4938 2908 5008 τῆς
2979 4938 3071 4990 τοῦ
3127 4940 3449 5008 συνάγοντος

179 5032 480 5101 ἀποθήκης
512 5032 748 5096 ὲπάξιος.

264 5128 414 5193 Ἦδη
438 5131 469 5181 ό
496 5127 751 5196 θερίζων,
787 5126 1007 5196 μισθὸν
1042 5126 1355 5194 λαμϐάνει,
1389 5126 1485 5178 καὶ
1517 5126 1767 5194 συνάγει

182 5218 433 5289 καρπόν
480 5222 565 5284 εἰς
601 5218 754 5287 ζωὴν
799 5217 1066 5281 αἰώνιον,
1116 5218 1217 5270 ἵνα
1256 5220 1287 5271 d
1322 5217 1581 5283 σπείρων
1619 5217 1767 5284 ὁμοῦ

183 5317 399 5382 χαίρῃ,
446 5312 545 5364 καὶ
582 5315 614 5366 ό
658 5311 909 5381 θερίζων.
968 5311 1063 5363 Ἐν
1118 5309 1227 5377 γὰρ
1274 5310 1461 5371 τούτῳ
1506 5311 1537 5362 ό
1590 5309 1769 5377 λόγος

178 5403 734 5472 ἀληθινόςέοντιβτι
748 5400 1154 5468 ἆλλοςέστὶνό
1170 5400 1452 5467 σπείρων,
1472 5398 1566 5452 καὶ
1582 5397 1771 5463 ἄλλος

181 5503 220 5555 ό
247 5494 509 5565 θερίζων.

264 5590 468 5656 Λόγου,
505 5588 685 5658 φησὶν,
729 5589 757 5639 ό
788 5588 978 5654 καιρὸς
1007 5585 1099 5639 τοῦ
1141 5583 1428 5647 καλοῦντος
1453 5584 1531 5645 εἰς
1555 5583 1733 5635 πίστιν
1754 5622 1769 5646 ,

181 5681 286 5734 καὶ
336 5676 447 5729 τῶν
486 5677 722 5747 νομικῶν
763 5695 821 5730 τε
875 5678 968 5731 καὶ
1010 5673 1361 5747 προφητικῶν
1402 5673 1772 5743 κηρυγμάτων

179 5773 292 5840 τὴν
319 5771 402 5830 εἰς
440 5768 589 5831 τέλος
619 5769 799 5835 ἄφιξιν
832 5771 943 5831 τοῖς
988 5766 1358 5837 ἀκροωμένοις
1401 5762 1771 5816 ἐπιδεικνύον-

181 5877 304 5923 τος.
350 5859 410 5910 'U
441 5859 537 5929 μὲν
566 5860 673 5930 γὰρ
714 5861 893 5931 νόμος,
944 5859 1018 5922 ὠς
1058 5859 1114 5910 ὲν
1144 5858 1321 5919 σκιαῖς
1356 5858 1473 5918 ταῖς
1524 5858 1578 5908 ἐν
1617 5856 1770 5924 τύπῳ

1946 5121 2035 5183 ιν,
2068 5116 2258 5173 56-57.
2298 5114 2423 5167 lam
2458 5114 2549 5183 qui
2593 5114 2760 5178 metit,
2809 5112 3097 5167 mercedem
3140 5115 3350 5182 accipit,
3397 5125 3448 5170 et

1877 5220 2149 5285 congregat
2173 5210 2404 5278 fructum
2439 5209 2493 5259 in
2517 5206 2678 5260 vitam
2704 5215 2954 5259 (sternam
2980 5222 2998 5259 :
3021 5216 3079 5259 ut
3104 5217 3161 5260 et‘
3180 5207 3271 5277 qui
3288 5208 3448 5261 semi-

1878 5318 1969 5362 nat
2009 5304 2167 5358 simul
2208 5300 2470 5372 gaudeat,
2516 5309 2567 5351 et
2614 5299 2703 5368 qui
2738 5300 2904 5352 metit.
2955 5296 3021 5352 In
3055 5298 3152 5351 hoc
3197 5298 3337 5351 enim
3366 5310 3447 5353 est

1878 5400 2086 5455 verbum
2126 5412 2332 5461 rerum,
2374 5394 2501 5463 quia
2542 5391 2678 5445 alius
2714 5400 2790 5444 est
2828 5390 2920 5460 qui
2954 5390 3199 5457 seminat,
3226 5398 3277 5444 et
3306 5390 3447 5444 alius

1877 5503 1953 5547 est
1975 5492 2062 5559 qui
2094 5489 2259 5543 metit.

1950 5581 2208 5651 Tempus,
2237 5578 2439 5649 inquit,
2486 5584 2567 5632 est
2599 5573 2749 5630 verbi
2785 5575 3034 5630 vocantis
3077 5573 3143 5629 ad
3192 5572 3349 5628 ﬁdem
3392 5582 3449 5629 et

1879 5672 2412 5729 consummationem
2450 5668 2703 5737 legalium
2739 5674 2793 5721 et
2826 5666 3272 5735 propheticorum
3306 5680 3447 5734 prte-

1882 5765 2170 5819 coniorum
2202 5761 2549 5814 auditoribus
2579 5758 2938 5812 ostendentis.
2987 5755 3096 5809 Lex
3125 5756 3270 5810 enim
3300 5755 3449 5809 velut

1885 5858 1937 5910 in
1960 5855 2169 5910 umbris
2226 5853 2406 5923 typico
2466 5849 2614 5904 cultu
2669 5858 2949 5904 venturum
3009 5844 3447 5915 praenuntiabat,
