4222 6510
745 410 848 464 527
1744 397 1801 451 s.
1837 394 2115 450 CYRILLI
2147 392 2615 449 ALEXANDRINI
2653 392 2971 450 ARCIIIEP.
3890 395 4018 451 39,3

744 520 1027 576 Christum
1074 516 1333 571 videlicet
1382 530 1394 565 :
1445 509 1727 580 propheta:
1772 521 1905 560 vero
1938 514 2063 576 post
2109 506 2313 574 ipsum,
2342 512 2390 568 Α

2352 506 2725 577 Αλατρείαις,
2775 507 3072 579 προεδήλου
3128 509 3219 561 τίον
3271 508 3625 579 ἀφιξόμενον,
3682 509 3824 563 τοῦτ’
3880 511 4019 562 ἔστι

746 610 1139 665 annuntiantes
1195 606 1438 676 Spiritus
1483 613 1797 663 sermones,
1838 599 2063 668 jamjam
2093 595 2316 649 adfutu-

2421 603 2676 674 Χριστόν
2726 605 2999 674 προφῆται
3038 603 3094 655 δὲ
3146 606 3263 671 μετ’
3307 605 3491 669 αὑτὸν,
3539 605 3665 666 τοὺς
3707 604 3859 673 παρά
3899 604 4019 657 τοῦ

747 720 869 760 rum
911 700 1335 773 praesignabant.
1378 696 1514 749 Cum
1556 701 1735 744 autem
1780 698 1966 758 portas
2018 687 2315 753 introierit,

2421 695 2733 764 Πνεύματος
2759 694 3247 763 διαπορθμεύοντες
3286 694 3478 763 λόγους
3525 695 3720 766 μικρὸν
3746 696 3869 748 ὅσον
3902 696 4022 748 καὶ

746 814 899 869 spem
949 810 1057 849 non
1105 793 1318 847 dilTeret
1351 790 1405 842 in
1438 788 1659 855 longum
1699 794 1913 850 tempus
1944 780 2317 850 apostolorum

2419 774 2512 849 ὡς’
2554 788 2653 856 ἤδη
2703 787 3075 856 παρεσόμενόν
3120 803 3181 839 τε
3232 788 3323 840 καὶ
3383 788 3580 857 ἥξοντα
3632 788 4018 857 προεμήνυον.

743 886 1084 959 praedicatio,
1136 882 1230 939 sed
1276 881 1386 950 jam
1432 885 1753 947 praesentem
1785 888 1908 927 eum
1941 870 2193 927 ostendet
2224 870 2317 939 qui

2433 879 2649 949 Ἐπειδὴ
2678 880 2733 932 δὲ
2764 879 2893 931 εἵσω
2930 878 3127 948 βέϐηκε
3162 878 3361 949 θυρῶν,
3400 881 3501 932 οὐκ
3542 880 3620 942 είς
3657 880 3849 931 ὲλπίδα
3891 897 4024 947 μα.-

743 979 1214 1049 exspectabatur:
1253 980 1306 1025 et
1343 970 1505 1038 200
1542 975 1705 1020 metet
1760 964 1979 1033 quidem
2032 978 2099 1017 ex
2157 961 2318 1029 legali

2419 971 2556 1041 κράν
2581 971 2843 1040 ἀναθήσει
2881 971 2941 1023 τὸ
2983 970 3349 1038 προσδοκηθὲν
3379 971 3489 1022 τῶν
3518 972 3829 1024 ἀποστόλων
3856 974 3884 1023 6
3909 971 4022 1023 λό-

746 1070 898 1121 cultu
930 1082 1030 1120 eos
1081 1063 1175 1132 qui
1224 1060 1403 1114 adhuc
1446 1058 1546 1125 legi
1595 1056 1869 1119 serviunt,
1906 1061 1961 1107 et
1993 1052 2096 1106 soli
2126 1051 2318 1104 littera:

2419 1081 2532 1132 γος,
2567 1064 2681 1117 ἀλλ’
2704 1065 2802 1133 ήδη
2827 1064 2995 1133 παρὸν
3024 1063 3301 1127 ἐπιδείξει·
3340 1063 3666 1133 καὶθερίσει
3698 1065 3793 1132 μὲν
3824 1065 3888 1116 ὲκ
3912 1081 4024 1115 νο-

745 1161 1034 1219 incubant,
1068 1164 1230 1224 atque
1275 1154 1451 1206 instar
1480 1149 1886 1217 manipulorum
1936 1142 2231 1198 transferet
2263 1143 2317 1194 in

2423 1156 2589 1225 μικῆς
2614 1156 2868 1225 λατρείας
2890 1155 3015 1218 τοὺς
3036 1154 3115 1207 ἔτι
3144 1156 3292 1224 νόμῳ
3318 1154 3683 1217 δουλεύοντας,
3727 1157 3816 1208 καὶ
3850 1158 4022 1225 μόνῳ

744 1267 928 1308 mores
954 1261 1009 1305 et
1042 1247 1518 1304 conversationem
1541 1240 1937 1309 evangelicam,
1969 1245 2023 1290 et
2050 1234 2318 1289 resecabit

2421 1245 2904 1315 προσκαθημένους
2942 1245 3017 1315 τῷ
3052 1245 3359 1315 γράμματι,
3397 1246 3690 1317 μεταθήσει
3736 1248 3789 1299 δὲ
3837 1249 4022 1317 δίκην

744 1345 999 1401 similiter
1066 1342 1133 1396 ab
1203 1352 1391 1393 errore
1453 1336 1544 1405 qui
1610 1330 2015 1386 multitudinem
2090 1325 2315 1379 deorum

2418 1337 2746 1407 δραγμάτων
2792 1339 2871 1399 εἰς
2915 1337 3025 1403 ἕξιν
3049 1354 3106 1389 τε
3146 1338 3239 1389 καὶ
3289 1338 3561 1391 πολιτείαν
3614 1341 4022 1410 εὐαγγελικὴν,

746 1438 946 1491 astruit
974 1434 1244 1488 idolorum
1277 1430 1567 1488 cultorem,
1605 1436 1840 1491 eumque
1871 1420 1938 1473 ad
1978 1418 2316 1489 agnitionem

2420 1432 2680 1500 ἀποκερεῑ
2706 1430 2761 1482 δὲ
2808 1431 3008 1500 ὁμοίως
3051 1431 3311 1483 πολυθέου
3361 1430 3459 1500 μὲν
3510 1433 3714 1502 πλάνης
3760 1434 3852 1485 τόν
3890 1434 4025 1485 τῶν

744 1525 862 1580 veri
908 1521 1004 1575 Dei
1041 1520 1324 1591 perducet,
1376 1525 1429 1571 et
1479 1523 1538 1568 ut
1587 1514 1644 1567 in
1698 1525 1914 1567 summa
1963 1508 2140 1579 quoad
2192 1508 2318 1561 licet
2419 1520 2650 1575 εἰδώλων
2695 1523 3098 1592 προσκυνητὴν’
3148 1523 3384 1591 μετοίσει
3434 1522 3491 1575 δὲ
3525 1524 3661 1593 πρὸς
3698 1524 4025 1591 ἐπίγνωσιν

743 1618 1017 1678 dicamus,
1050 1630 1145 1667 eos
1191 1613 1283 1680 qui
1314 1620 1526 1664 terrena
1565 1607 1744 1660 adhuc
1771 1604 2021 1673 sapiunt,
2053 1601 2118 1655 ad
2151 1615 2318 1672 ange-

2417 1615 2509 1668 τοῦ
2547 1615 2666 1667 κατ’
2712 1614 2974 1684 ἀλήθειαν
3024 1614 3175 1685 ὔ-ντος
3224 1614 3382 1678 Θεοῦ,
3430 1617 3522 1667 καὶ
3562 1617 3619 1668 τὸ
3654 1616 3897 1684 σύμπαν,
3932 1617 4026 1679 ὡς

745 1709 923 1761 lorum
963 1708 1131 1758 vitam
1180 1718 1278 1773 per
1338 1700 1499 1753 fidem
1561 1697 1614 1749 in
1664 1695 1944 1750 Christum
1999 1692 2312 1749 transferet.

2417 1708 2515 1769 ἔνι,
2548 1708 2639 1759 καὶ
2686 1705 2986 1777 συλλήϐδην
3025 1707 3216 1767 εἰπεῖν,
3264 1709 3390 1768 τοὺς
3438 1706 3763 1774 φρονοῦντας
3802 1707 3885 1759 ἔτι
3944 1710 4028 1759 τὰ

748 1798 897 1851 Ilanc
931 1808 1137 1862 autem,
1173 1795 1374 1861 inquit,
1408 1786 1725 1859 praedicatio
1756 1798 2064 1839 messorum
2099 1782 2310 1837 efficiet.
2344 1844 2388 1866 ἢ

2359 1845 2388 1866 η
2418 1798 2511 1850 ἐπὶ
2552 1797 2650 1865 τῆς
2701 1796 2806 1864 γῆς
2859 1796 2995 1864 πρὸς
3044 1796 3143 1866 τὴν
3197 1796 3306 1848 τῶν
3361 1796 3607 1863 ἀγγέλων
3666 1798 4026 1865 μεταστήσει

744 1887 951 1942 Merces
1000 1900 1130 1941 vero
1193 1898 1304 1937 non
1352 1880 1523 1935 deerit
1564 1896 1577 1931 :
1620 1875 1976 1945 congregabit
2031 1874 2177 1927 enim
2232 1873 2312 1926 eis
2344 1844 2389 1902 Β

2359 1845 2389 1901 Β
2421 1886 2562 1956 ζωὴν
2588 1844 2674 1940 έῖὰ
2972 1844 3074 1956 ἶτῆς
3099 1844 3190 1949 ,είς
3233 1844 3487 1957 Χριστόν.
3531 1844 3745 1957 Tata}er
3783 1844 4026 1957 μὲνσδὴ,

746 1978 986 2031 fructum
1018 1975 1111 2045 qui
1138 1974 1191 2027 in
1214 1975 1380 2027 vitam
1412 1979 1669 2023 aeternam
1694 1969 1901 2020 nutriat
1932 1981 1945 2029 ;
1978 1979 2154 2033 neque
2184 1977 2315 2018 vero

2421 1980 2606 2047 φησὶν,
2639 1981 2667 2031 6
2691 1978 2800 2031 τῶν
2834 1978 3095 2049 θεριστῶν
3128 1977 3481 2049 ἐξεργάσεται
3519 1980 3692 2046 λόγος.
3730 1981 3933 2032 Ἔσται
3972 1980 4028 2032 δ’

744 2070 838 2139 qui
894 2067 1238 2138 perceperint
1291 2063 1393 2118 soli
1450 2063 1504 2115 in
1562 2060 1759 2128 seipsis
1807 2057 2156 2128 gaudebunt,
2218 2055 2314 2109 sed

2418 2067 2510 2123 οὖν
2554 2072 2700 2140 ὅμως
2736 2071 2835 2122 οὑκ
2870 2071 3129 2140 ἀμισθής’
3179 2070 3395 2134 συνάξει
3422 2073 3531 2141 γὰρ
3565 2072 3627 2140 δὴ
3660 2074 3877 2136 πάντως
3906 2074 4029 2125 αὑ-

745 2170 1006 2230 tanquam
1064 2159 1157 2227 qui
1211 2153 1494 2225 prophetis
1558 2149 2034 2211 adlaboraverint,
2085 2156 2139 2201 ct
2193 2155 2315 2201 sata

2418 2163 2532 2221 τοῖς
2559 2161 2649 2213 τὸν
2676 2162 2754 2223 εἰς
2784 2160 2925 2231 ζωὴν
2969 2159 3184 2215 αἰώνιον
3224 2163 3596 2233 ἁποτρέφοντα
3627 2164 3857 2233 καρπόν·
3912 2167 4031 2218 καὶ

744 2254 899 2324 prius
954 2252 1023 2305 ab
1072 2251 1139 2305 iis
1193 2248 1409 2303 exculta
1456 2244 1819 2307 messueriut,
1860 2257 2024 2295 unam
2079 2256 2203 2295 cum
2249 2241 2317 2297 iis

2420 2254 2482 2305 οὺ
2514 2252 2577 2323 δή
2624 2268 2726 2304 που
2763 2252 3019 2314 λαϐόντες
3055 2252 3204 2321 μόνοι
3249 2252 3370 2305 καθ’
3413 2254 3636 2315 ἑαυτοὺς
3690 2254 4033 2325 εὐφρανθή-

744 2342 1123 2399 celebritatem
1168 2346 1454 2410 peragent.
1506 2337 1626 2402 Quo
1665 2334 1896 2397 factum,
1950 2333 2209 2397 arbitror,
2256 2341 2316 2388 ut

2424 2358 2622 2400 σονται,
2658 2340 2770 2392 ἀλλ’
2796 2340 2870 2401 ὼς
2923 2342 3033 2402 τοῖς
3061 2340 3170 2392 τῶν
3215 2341 3513 2411 προφητῶν
3561 2343 4032 2413 ἐπικεκμηκότες

743 2434 947 2489 Paulus
972 2432 1441 2501 sapientissimus,
1478 2428 1570 2497 qui
1597 2442 1781 2481 rerum
1820 2426 2131 2480 futurarum
2158 2434 2316 2495 typos

2423 2433 2626 2497 πόνοις,
2659 2437 2750 2485 καὶ
2776 2433 2867 2485 τὸν
2908 2435 3036 2505 παρ’
3065 2433 3287 2487 ἐκείνων
3327 2435 3820 2505 προγεωργηθέντα
3854 2434 4035 2507 θερί-

744 2525 994 2595 apprime
1029 2530 1275 2585 noverat,
1310 2522 1378 2576 de
1408 2520 1617 2575 sanctis
1650 2518 1903 2589 patribus
1939 2533 2003 2571 ac
2034 2517 2315 2587 prophetis

2424 2541 2615 2587 σαντες
2644 2523 2865 2593 σπόρον,
2900 2524 3028 2592 μίαν
3072 2526 3253 2588 αὐτοῖς
3292 2527 3662 2578 ὲπιτελέσουσι
3684 2526 3781 2596 τὴν
3826 2530 4036 2599 πανή-

745 2618 993 2671 dixerit:
1026 2636 1043 2668 ι
1082 2614 1193 2669 Ilos
1241 2613 1501 2667 nimirum
1546 2626 1739 2666 omnes
1787 2609 2061 2680 perfectos
2096 2609 2116 2681 [
2163 2609 2312 2679 Vulg.

2418 2632 2598 2686 γυριν.
2620 2666 2621 2669 η
2647 2612 2815 2685 Οἶμαι
2855 2616 2899 2669 δ’
2927 2616 3099 2684 ἔγωγε
3129 2616 3220 2671 τὸν
3260 2616 3566 2685 σοφώτατον
3596 2618 3822 2681 Παῦλον,
3871 2620 4035 2683 τοὺς

746 2706 1058 2779 probatos]
1096 2722 1191 2776 per
1225 2705 1386 2759 tidem
1435 2719 1544 2759 non
1598 2703 1877 2772 accepisse
1930 2700 2319 2771 repromissio-

2421 2709 2512 2761 ἐπὶ
2540 2708 2649 2771 τοῖς
2678 2707 2926 2778 μέλλουσι
2960 2707 3162 2770 τύπους
3191 2708 3618 2778 ἐκμεμαθηκότα
3669 2709 3878 2777 σαφῶς,
3921 2712 4035 2761 ὲν-

746 2816 909 2865 nem,
946 2799 1059 2853 Deo
1094 2813 1193 2869 pro
1228 2797 1387 2853 nobis
1418 2796 1613 2851 melius
1655 2794 1863 2864 aliquid
1891 2793 2232 2862 providente,
2260 2804 2321 2848 ut

2420 2798 2610 2852 τεῦθεν
2656 2801 2829 2852 εἰπεῖν
2856 2799 2981 2868 περί
3017 2817 3073 2851 τε
3098 2800 3206 2852 τῶν
3243 2800 3412 2870 ἁγίων
3461 2804 3712 2871 πατέρων
3742 2803 3835 2855 καὶ
3864 2820 4040 2873 προ-

746 2908 858 2947 ιιοιι
876 2890 997 2946 siue
1021 2890 1178 2944 nobis
1204 2896 1722 2944 cousummareutur
1750 2886 1796 2918 ³ο
1826 2904 1872 2937 ι.
1897 2886 2146 2940 Salvator
2171 2885 2318 2941 enim

2422 2890 2626 2961 φητῶν,
2656 2890 2735 2942 ὅτι
2769 2909 2786 2942 ι
2833 2891 2943 2943 Καὶ
2968 2884 3113 2943 οὗτοι
3140 2892 3342 2954 πάντες
3370 2892 3745 2957 τελειωθέντες
3790 2894 3878 2945 δια
3912 2896 4039 2963 τῆς

748 2997 1050 3038 messorem
1081 2982 1251 3035 voluit
1277 2996 1387 3034 una
1414 2980 1649 3049 gaudere
1684 2993 1808 3032 cum
1837 2985 2041 3031 sutore.

2429 2983 2662 3044 πίστεως
2694 2983 2794 3034 οὐκ
2836 2984 3158 3051 ἐκομίσαντο
3210 2984 3307 3054 τὴν
3338 2986 3690 3052 ἐπαγγελίαν,
3738 2985 3829 3036 τοῦ
3862 2986 4039 3038 Θεοῦ

746 3075 877 3146 περὶ
898 3073 1054 3146 ήμῶν
1084 3072 1325 3143 κρεῖττόν
1347 3089 1398 3123 τι
1424 3068 1894 3142 προϐλεψαμένου,
1968 3069 2056 3121 ἵνα
2113 3069 2189 3139 μὴ
2253 3072 2419 3142 χωρὶς
2459 3072 2616 3143 ήμῶν
2665 3072 3038 3127 τελειωθῶσιν.
3079 3092 3098 3124 ι
3162 3072 3326 3144 Ὀμοῦ
3386 3074 3492 3145 γὰρ
3544 3075 3735 3146 χρῆναι
3790 3077 4042 3146 χαίρειν

745 3167 1065 3239 ἐδοκίμασεν
1138 3167 1166 3217 6
1222 3166 1412 3238 Σωτὴρ
1462 3164 1538 3233 τῷ
1597 3163 2001 3233 προεσπαρκότι
2066 3165 2158 3217 τὸν
2223 3164 2497 3238 θεριστήν.

820 3257 910 3323 IV,
949 3256 1038 3310 58.
1084 3255 1194 3325 Ego
1225 3256 1345 3308 misi
1397 3272 1482 3309 vos
1509 3264 1695 3308 metere
1730 3256 1868 3325 quod
1905 3272 1995 3310 vos
2033 3271 2138 3310 non
2166 3256 2315 3312 labo-
2342 3264 2387 3323 C

2372 3265 2387 3323 Ξ
2500 3259 2649 3330 Ἐγὼ
2678 3260 3007 3316 ἀπέστειλα
3028 3259 3184 3331 ὑμᾶς
3205 3260 3471 3329 θερίζειν,
3511 3262 3541 3315 ὃ
3571 3266 3682 3331 οὺχ
3714 3264 3891 3332 ὑμεῖς
3925 3283 4039 3319 κε-

746 3349 954 3402 rastis:
987 3348 1081 3400 alii
1131 3346 1533 3413 laboraverunt,
1577 3356 1626 3401 et
1670 3362 1759 3400 vos
1803 3349 1859 3401 in
1893 3346 2098 3401 labores
2144 3364 2324 3401 eorum

2425 3350 2768 3405 xomdxats'
2799 3353 2975 3407 ἄλλοι
3004 3352 3415 3419 κεκοπιάκασι,
3443 3354 3536 3407 καὶ
3564 3357 3649 3421 εἰς
3670 3354 3777 3408 τόν
3809 3358 4041 3410 κόποι·

749 3440 1040 3495 ίιιιτοίειὶδ.

2424 3443 2624 3498 αὐτῶν
2656 3446 3103 3512 εἰσεληλύθατε.

820 3531 1020 3585 Totum
1047 3530 1128 3585 eis
1153 3530 1366 3585 tandem
1398 3529 1605 3585 revelat
1633 3530 1977 3601 mysterium,
2003 3537 2058 3585 et
2083 3530 2323 3585 obscuro

2499 3533 2640 3604 Ἤδη
2673 3533 2735 3586 τὸ
2766 3533 2984 3603 σύμπαν
3012 3533 3196 3597 αὐτοῖς
3242 3534 3612 3589 ἀνακαλύπτει
3670 3540 4003 3609 μυστήριον
4022 3583 4037 3599 ,

748 3622 990 3678 circuitu
1040 3621 1334 3692 verborum
1395 3621 1614 3676 sublato
1679 3621 2188 3677 manifestissimam
2244 3624 2324 3677 rei

2426 3626 2518 3677 καὶ
2544 3626 2642 3695 τὴν
2668 3624 3041 3695 αἰνιγματώδη
3072 3625 3179 3678 τῶν
3208 3624 3379 3694 λόγων
3439 3629 3751 3699 ἀποστήσας
3785 3648 3849 3682 πε
3862 3634 4048 3702 ριεῖε-

751 3718 1078 3789 significatae
1106 3718 1434 3772 sententiam
1469 3715 1710 3771 exhibet.
1741 3714 1874 3771 Cum
1906 3723 2087 3770 autem
2133 3715 2326 3769 Salva-

2426 3714 2543 3785 λὴν,
2576 3716 2980 3785 ἐναργεστάτην
3015 3714 3108 3769 τοῦ
3142 3718 3538 3786 σημαινομένου
3571 3720 3872 3788 παρίστησι
3922 3729 4040 3791 τὴν

752 3821 841 3865 tor
869 3810 1172 3880 prophetas
1210 3817 1265 3863 et
1303 3808 1584 3878 apostolos
1624 3807 1901 3876 diligeret,
1955 3822 2055 3861 nec
2106 3807 2325 3862 illorum

2426 3800 2683 3856 διάνοιαν.
2720 3802 3131 3873 Φιλοπροφήτης
3163 3802 3218 3855 δὲ
3248 3803 3322 3856 ὢν
3346 3807 3615 3877 ὀ.Σωτὴρ,
3653 3810 3743 3861 καὶ
3776 3813 4042 3877 φιλαπό-

753 3903 940 3958 labore
967 3916 1157 3956 carere
1185 3902 1305 3954 vult
1332 3900 1633 3971 apostolos,
1669 3915 1773 3954 nec
1815 3900 2025 3953 sanctis
2063 3898 2325 3967 apostolis

2430 3894 2633 3957 στολος,
2664 3892 2787 3947 οὔτε
2817 3894 2907 3948 τὸν
2936 3895 3160 3947 ἐκείνων
3192 3895 3346 3949 πόνον
3387 3898 3489 3964 ἔξω
3517 3902 3615 3970 τῆς
3635 3901 3739 3952 τῶν
3774 3903 4044 3957 ἀποστό-

752 4004 922 4051 totam
963 3994 1193 4063 gloriam
1240 3993 1433 4047 tribuit
1474 4007 1667 4047 eorum
1724 3993 1821 4061 qui
1873 3991 2117 4044 salvandi
2170 3996 2327 4043 erant

2428 3984 2535 4037 λων
2568 3985 2748 4053 τίθησι
2790 3984 2993 4055 χειρὸς,
3034 3984 3157 4037 οὗτε
3223 3986 3330 4057 μὴν
3382 3989 3687 4060 ὁλοκλήρως
3734 3994 4040 4065 ἀπονέμει

751 4098 850 4152 per
878 4083 1038 4137 ﬁdem
1072 4085 1125 4136 in
1160 4084 1390 4153 ipsum:
1426 4084 1519 4138 sed
1558 4092 1868 4152 temperans
1896 4082 2324 4153 quodammodo,

2427 4078 2539 4137 τοῖς
2570 4075 2739 4141 ἁγίοις
2771 4075 3087 4138 ἀποστόλοις
3127 4076 3185 4127 τὸ
3206 4078 3296 4128 ἐπὶ
3328 4081 3440 4139 τοῖς
3475 4078 3755 4147 μέλλουσιν
3788 4082 4041 4137 ἀνασω-

752 4183 806 4229 ct
839 4183 1029 4229 mutua
1061 4176 1378 4245 Operatione
1412 4178 1747 4243 permiscens
1780 4185 2139 4243 utrorumque
2170 4174 2324 4227 labo-

2430 4163 2690 4237 θήσεσθαι
2719 4165 2978 4233 καύχημα
3010 4163 3097 4216 διὰ
3146 4165 3381 4229 πίστεως
3408 4167 3505 4236 τῆς
3538 4170 3616 4231 είς
3644 4171 3827 4222 αὐτόν’
3886 4176 4042 4229 ἁνα-

753 4282 890 4331 rem,
932 4281 1102 4319 unum
1136 4265 1258 4319 fore
1302 4266 1376 4320 ait
1421 4266 1477 4319 in
1525 4267 1775 4335 utrisque
1820 4266 2007 4335 gloriae
2059 4264 2324 4319 studium.

2429 4257 2668 4326 κεράσας
2714 4256 2769 4308 δὲ
2810 4257 2999 4327 ὥσπερ
3047 4256 3138 4308 καὶ
3161 4259 3281 4320 ταῖς
3307 4259 3364 4310 ἐν
3405 4258 3661 4329 ἀλλήλαις
3704 4263 4042 4331 ἐνεργείαις

754 4356 1019 4411 Introisse
1046 4364 1229 4411 tamen
1275 4355 1556 4425 apostolos
1584 4356 1639 4409 in
1670 4364 1987 4409 sanctorum
2039 4355 2327 4425 propheta-

2430 4345 2527 4418 [αι.
2561 4345 2924 4417 συνεργείαις]
2941 4346 3209 4437 ἀναμίξας
3241 4348 3330 4401 τὸν
3353 4350 3627 4419 ἑκατέρων
3659 4351 3843 4411 πόνον.
3889 4358 4043 4424 μίαν

756 4463 877 4501 rum
905 4448 1359 4515 labores_asserit,
1388 4462 1496 4502 non
1526 4447 1853 4516 permittens
1884 4446 2147 4501 insultare
2178 4446 2326 4514 prio-

2431 4438 2648 4490 ἕσεσθαί
2678 4455 2829 4508 φησι,
2866 4439 2958 4489 καὶ
3000 4439 3143 4506 μάλα
3174 4440 3416 4503 είκότως,
3448 4442 3531 4491 ἐπ’
3563 4443 3762 4509 ἀμφοῖν
3794 4444 3905 4514 τὴν
3944 4464 4044 4514 qn-

752 4554 876 4592 rum
923 4538 1222 4602 nobilitati,
1276 4536 1372 4593 sed
1422 4551 1519 4592 eos
1579 4537 1782 4590 honore
1837 4538 2092 4604 prosequi
2144 4536 2325 4604 potius
2361 4590 2400 4604 ﬁ

2377 4591 2400 4604 κ
2430 4529 2696 4600 λοτιμίαν.
2746 4529 3131 4599 Είσϐεὸηκέναι
3181 4546 3244 4597 γε
3300 4531 3403 4601 μὴν
3438 4534 3531 4583 ἐπὶ
3560 4536 3668 4594 τοῖς
3698 4532 3806 4585 τῶν
3834 4536 4044 4603 ἁγίων

756 4628 1135 4696 persuadens,
1186 4635 1245 4680 ut
1291 4628 1385 4697 qui
1442 4627 1629 4681 labore
1681 4635 1734 4680 et
1774 4635 2015 4695 tempore
2067 4634 2323 4695 praeeaut.
2358 4590 2405 4648 θ

2374 4591 2405 4648 D
2434 4620 2730 4689 προφητῶν
2781 4621 2907 4683 τοὺς
2955 4619 3283 4681 ἀποστόλους
3350 4618 3744 4674 διαϐεϐαιοῦται
3803 4626 4041 4693 πόνοις,

754 4716 1033 4785 Optimum
1079 4724 1257 4770 autem
1302 4714 1448 4771 istud
1489 4716 1649 4770 nobis
1680 4731 1897 4785 quoque
1939 4715 2325 4769 documentum

2433 4714 2552 4773 ταῖς
2606 4710 2712 4763 τῶν
2777 4711 3152 4781 προλαϐόντων
3222 4712 3491 4775 εὐκλείαις
3546 4715 3643 4767 οὐκ
3694 4716 4046 4785 ἐπιτρέπων

757 4804 893 4870 fore,
931 4806 1056 4875 quis
1084 4820 1328 4859 aunuere
1350 4804 1717 4859 detrectabit?

2435 4803 2768 4866 ὲνάλλεσθαι,
2800 4805 2961 4874 τιμᾷν
3006 4802 3061 4854 δὲ
3110 4803 3307 4871 μᾶλλον
3348 4802 3653 4856 ἀναπείθων
3680 4805 3923 4875 αὐτοὺς,
3967 4813 4046 4878 ὡς

755 4900 1134 4970 ήγησαμένους
1167 4899 1225 4951 ἐν
1254 4916 1311 4950 τε
1357 4899 1523 4968 πόνῳ,
1569 4898 1661 4955 καὶ
1694 4898 1890 4967 χρόνῳ.
1924 4898 2223 4951 Κάλλιστον
2267 4899 2319 4951 δὲ
2356 4899 2422 4970 δή
2448 4917 2546 4952 που
2573 4901 2666 4952 καὶ
2696 4902 2823 4969 ἡμῖν
2852 4899 2930 4951 ὅτι
2973 4898 3035 4966 δὴ
3066 4898 3278 4960 πάντως
3306 4897 3455 4949 ἔσται
3481 4898 3540 4950 τὸ
3603 4896 3831 4967 μάθημα
3855 4941 3872 4961 ,
3959 4908 4047 4969 τίς

754 4992 783 5042 ὁ
820 4993 1089 5043 συναινεῖν
1118 4991 1549 5060 παραιτούμενος
1579 5006 1592 5054 ;
2720 5060 2723 5063 ἤ

827 5082 1069 5153 201W
1089 5124 1103 5147 ,
1132 5084 1221 5138 '59.
1256 5082 1339 5135 Ea:
1360 5085 1567 5137 civitate
1598 5093 1773 5136 autem
1805 5083 1899 5135 illa
1919 5083 2070 5135 multi
2101 5084 2331 5137 credide-

2520 5084 2619 5136 Ἐκ
2642 5080 2708 5132 δὲ
2732 5077 2841 5145 τῆς
2874 5079 3103 5141 πόλεως
3129 5076 3364 5141 ἐκείνης
3390 5076 3603 5129 πολλοὶ
3636 5078 4049 5137 ἐπίστευσα)-

759 5181 881 5223 rimt
923 5175 975 5224 in
1013 5188 1131 5225 eum
1161 5174 1628 5226 Samaritanorum
1653 5212 1668 5236 ,
1702 5184 1910 5242 propter
1953 5176 2160 5227 verbum
2213 5191 2331 5226 mu-

2436 5176 2521 5239 είς
2546 5172 2732 5225 αὐτὸν
2761 5167 2879 5221 τῶν
2903 5164 3273 5235 Σαμαρειτῶν
3305 5166 3400 5218 διὰ
3427 5166 3531 5217 τόν
3556 5167 3741 5235 λόγον
3772 5168 3900 5237 τῆς
3934 5194 4046 5241 γι.-

760 5264 903 5316 lteris
935 5265 1286 5317 testimonium
1312 5264 1665 5333 perhibentis:
1690 5265 1826 5332 Quia
1850 5266 1981 5317 dixit
2006 5264 2133 5317 mihi
2153 5265 2332 5317 omnia

2436 5267 2643 5329 ναικὸς
2688 5261 3130 5331 μαρτυρούσης·
3173 5260 3301 5310 Ὅτι
3338 5254 3467 5310 εἶπέ
3507 5276 3605 5325 μοι
3640 5257 3871 5327 πάντα,
3918 5266 4048 5319 ὅσα

757 5374 1076 5430 quacunque
1103 5357 1223 5425 feci.
1542 5368 1545 5369 '

1049 5374 1076 5410 e
1103 5357 1223 5425 feci.
1542 5368 1545 5369 ⁷
2436 5355 2710 5421 ἐποίησα.

831 5447 925 5502 llis
964 5449 1143 5502 verbis
1183 5464 1403 5503 rursum
1453 5450 1626 5504 Israel
1670 5450 2105 5513 condemnatur,
2151 5456 2206 5503 et
2261 5464 2328 5502 ex

2508 5442 2911 5513 Κατακρίνεται
2948 5440 3105 5493 πάλιν
3125 5440 3219 5492 καὶ⁸
3249 5439 3334 5491 διὰ
3362 5439 3562 5492 τούτων
3593 5442 3619 5492 6
3655 5441 3919 5509 Ἰσραὴλ,
3946 5450 4047 5499 καὶ

760 5538 1235 5595 Samaritanorum
1273 5541 1537 5596 facilitate
1566 5542 1739 5598 durus
1770 5550 1823 5596 et
1854 5541 2177 5611 prmfractus
2205 5540 2328 5609 ejus

2432 5538 2519 5589 διὰ
2579 5536 2676 5604 τῆς
2735 5532 3083 5603 Σαμαρειτῶν
3153 5530 3493 5594 εὐπειθείας,
3547 5530 3911 5604 ἀφιλομαθής
3988 5556 4044 5589 τε

762 5632 978 5686 animus
1011 5631 1281 5701 arguitur.
1327 5631 1692 5690 Vehementer
1716 5636 1861 5689 enim
1897 5634 2125 5689 miratur
2160 5647 2325 5686 evan.

2432 5628 2567 5697 ὁμοῦ
2603 5628 2695 5681 καὶ
2725 5625 2937 5695 ἀπηνὴς
2984 5622 3342 5692 ἐξελέγχεται.
3400 5622 3675 5691 Θαυμάζει
3722 5624 3837 5693 γὰρ
3916 5628 4047 5682 λίαν

851 5814 894 5845 ³⁸
921 5811 1082 5869 Iiettr.
1113 5827 1198 5879 at,
1231 5814 1319 5879 59,
1354 5814 1446 5870 40.
