4222 6510
231 436 339 493 Ξὶθ

1277 444 1344 502 ΙΝ
1385 440 1672 499 JOANNIS
1711 436 2163 499 EVANGELIUM
2206 441 2339 498 LIB.
2379 441 2443 497 11.

3381 445 3492 507 350

234 557 264 609 ό
287 556 681 628 εὐαγγελιστὴς
716 557 941 622 πολλοὺς
978 559 1055 623 εις
1085 558 1320 629 Χριστὸν
1362 554 1804 620 πεπιστευκέναι,
1838 560 1884 615 Α

1838 560 1884 615 Α
1910 556 2107 626 gellsta
2141 558 2347 613 multos
2385 558 2439 612 in
2489 554 2773 612 Christum
2812 555 3147 625 credidi.se,
3196 574 3323 613 cum
3372 563 3490 618 ait:

235 646 435 711 λέγων,
468 664 485 697 L
513 647 613 700 Διὰ
646 648 736 702 τὸν
779 648 937 717 λόγον
963 650 1061 720 τῆς
1085 650 1362 718 γυναικὸς,
1404 670 1423 702 ο
1481 651 1659 703 καίτοι
1704 648 1812 703 τῶν

231 737 323 790 διὰ
380 737 544 807 νόμου
598 740 1132 811 παιδαγωγουμένων
1189 743 1270 805 είς
1336 740 1434 811 τὴν
1489 741 1583 794 ἐπὶ
1638 741 1813 810 τούτῳ

234 828 457 895 γνῶσιν,
497 829 619 881 οὔτε
657 829 756 894 τὰς
798 831 1041 894 Μωσέως
1092 830 1550 903 παραδεξαμένων
1604 832 1809 903 φωνὰς,

230 917 359 971 οὔτε
397 922 510 982 τοῖς
547 921 840 991 προφητῶν
868 922 949 975 ὅτι
1001 923 1279 976 πείθεσθαι
1309 924 1414 995 χρὴ
1445 924 1812 993 διεγνωκότων

231 1016 576 1088 κηρύγμασι.
600 1019 1118 1090 Προκατασκιυάξει
1146 1020 1202 1073 δὲ
1227 1019 1316 1074 διὰ
1340 1038 1567 1085 τουτων,
1612 1021 1813 1091 μᾶλλον

228 1108 289 1161 δὲ
326 1111 781 1180 προαπολογεῖται
814 1112 1012 1180 σοφῶς,
1046 1112 1128 1165 ὅτι
1157 1113 1379 1183 χάριτός
1398 1129 1457 1165 τε
1480 1114 1571 1165 καὶ
1600 1112 1814 1176 ἐλπίδος

230 1202 334 1271 τῆς
356 1204 433 1265 είς
462 1203 698 1272 Χριστὸν
727 1202 1094 1274 ὲξωσθήσεται
1130 1205 1229 1274 μὲν
1255 1204 1490 1273 εὐλόγως
1510 1205 1539 1257 ὁ
1576 1205 1809 1276 Ἰσραὴλ,

230 1293 651 1364 ἀντεισϐήσεται
680 1294 739 1347 δὲ
765 1295 873 1348 τῶν
918 1295 1108 1362 ἐθνῶν,
1146 1296 1265 1366 ἤτοι
1288 1296 1396 1351 τῶν
1422 1296 1744 1366 ἀλλογενῶν,
1776 1298 1808 1368 ἡ

230 1386 626 1457 εύπειθεστέρα
654 1386 880 1459 πληθύς.

318 1479 409 1540 Ὠς
466 1475 581 1532 οὖν
637 1474 829 1547 ἦλθον
892 1479 1041 1547 πρὸς
1096 1478 1284 1532 αὑτὸν
1331 1482 1385 1533 οἱ
1439 1479 1808 1550 Σαμαρεῖται,

228 1568 475 1634 ἠρώτων
522 1570 710 1622 αὑτὸν
743 1569 939 1639 μεῖναι
983 1572 1117 1638 παρ’
1168 1570 1391 1635 αὐτοῖς·
1428 1572 1525 1624 καὶ
1580 1572 1811 1640 ἔμεινεν

227 1661 357 1711 ἐκεῖ
385 1660 492 1713 δύο
517 1660 758 1729 ἡμέρας.
790 1662 897 1715 Kal
938 1661 1146 1726 πολ.ὶῷ
1180 1662 1427 1727 πλειους
1441 1662 1811 1717 ἐπίστευσαν

230 1752 331 1803 διὰ
360 1752 465 1803 τὸν
495 1754 681 1821 λόγον
700 1754 915 1807 αὐτοῦ.

319 1842 623 1912 Ἐξηγεῖται
664 1845 761 1913 μὲν
808 1846 883 1909 ὡς
932 1848 989 1899 έν
1038 1847 1300 1919 ἁπλότητι
1327 1849 1521 1918 λόγων,
1558 1849 1586 1900 ὃ
1616 1847 1678 1919 δὴ
1713 1864 1808 1917 γε-

231 1933 419 1985 νὲσθαι
459 1935 806 2005 συμϐέϐηκεν
834 1953 845 1966 ·
891 1938 1086 2008 ἑτέραν
1118 1940 1175 1992 δὲ
1205 1940 1393 2012 ῶσπερ
1422 1940 1670 2013 ὲξαρτύει
1702 1942 1809 1994 πά-

230 2024 319 2077 λιν
348 2024 633 2091 ἀπτῐδειξιν,
660 2026 750 2081 τοῦ
776 2031 969 2101 χρῆναι
996 2030 1218 2097 δικαίως
1257 2032 1687 2106 ἀπορῤίπτεσθαι
1715 2033 1812 2103 μὲν

230 2122 334 2187 τῆς
384 2121 594 2184 ἐλπίδος
627 2121 719 2174 τὸν
775 2123 1008 2195 Ἰσραὴλ,
1057 2126 1635 2197 μεταμοσχεύεσθαιδὲ
1685 2129 1809 2187 τοὺς

231 2210 541 2278 ἀλλογενεῖς
602 2214 689 2266 ἐπ’
738 2214 927 2286 αὑτήν.
976 2216 1211 2270 Ἰουδαῖοι
1264 2218 1363 2289 μὲν
1411 2220 1518 2290 γὰρ
1564 2218 1809 2288 θαυματ-

231 2303 538 2371 ουργοῦντα
591 2306 848 2371 ποικίλως
900 2308 991 2361 τὸν
1036 2310 1265 2381 Ἰησοῦν,
1320 2314 1413 2365 καὶ
1457 2314 1514 2365 ἐν
1571 2312 1695 2383 δόξῃ
1744 2317 1805 2384 τῇ

235 2394 537 2465 θεοπρεπεῖ
584 2397 976 2469 διαλάμποντα,
1028 2405 1251 2473 πικραῖς
1290 2420 1351 2455 τε
1379 2405 1471 2457 καὶ
1517 2404 1811 2475 ἀφορήτοις

235 2487 513 2550 ὑπονοίαις
542 2488 841 2560 ὑδρίζουσι,
886 2494 979 2546 καὶ
1011 2494 1262 2548 τοσοῦτον
1315 2498 1663 2567 ὲμπαροινεῖν
1711 2498 1810 2551 ούκ

234 2579 598 2650 ἐρυθριῶντες
628 2582 957 2645 ἁλίσκονται,
980 2585 1053 2649 ὡς
1076 2586 1281 2650 ἕξοικόν
1306 2606 1363 2641 τε
1397 2588 1685 2655 ποιεῖσθαι,
1720 2592 1811 2643 καὶ

233 2672 446 2732 πόλεως
476 2676 572 2743 τῆς
596 2674 859 2746 σφετέρας
879 2675 1121 2731 ἐλαύνειν
1146 2679 1460 2747 ἐπείγεσθαι
1476 2681 1567 2735 τὸν
1592 2680 1810 2752 ἁπάσης

232 2764 421 2826 αὐτοῖς
447 2764 706 2834 εὐθυμίας
726 2766 1000 2837 πρόξενον.
1039 2770 1368 2841 Σαμαρεῖται
1392 2772 1449 2826 δέ
1474 2791 1537 2842 γε
1570 2776 1699 2845 μιᾶς
1719 2793 1811 2845 γυ-

235 2855 418 2918 ναικὸς
437 2856 896 2927 ἀναπεπεισμένοι
933 2858 1128 2927 λόγοις,
1162 2861 1450 2933 δρομαίους
1476 2866 1571 2935 μὲν
1598 2867 1676 2920 ὅτι
1704 2868 1808 2939 χρὴ

236 2948 375 3018 πρὸς
397 2949 557 3001 αὑτὸν
592 2949 935 3017 ἀφικνεῖσθαι
965 2950 1285 3020 λογίζονται.
1314 2956 1531 3028 Ἐπειδὴ
1562 2958 1617 3010 δὲ
1654 2953 1806 3030 ἧκον,

234 3039 565 3109 ἐκλιπαροῦν
594 3040 943 3107 ἐσπούδαζον,
972 3044 1049 3106 εἷς
1080 3061 1137 3096 τε
1160 3043 1221 3097 τὸ
1239 3045 1372 3098 ἄστυ
1392 3049 1699 3119 παρελθεῖν,
1718 3050 1811 3103 καὶ

232 3130 329 3181 τὸν
355 3133 618 3201 σωτήριον
641 3133 823 3195 αὐτοῖς
838 3132 1346 3200 ὲπιδαῷιλεύσασθαι
1375 3138 1549 3207 λόγον’
1574 3141 1810 3193 ἐπινεύει

234 3219 298 3272 δὲ
324 3219 627 3291 προχείρως
672 3222 750 3285 εἰς
786 3223 953 3291 ἄμφω
984 3225 1237 3295 Χριστὸς,
1277 3228 1377 3280 οὐκ
1422 3228 1669 3298 ἄκαρπον
1697 3230 1807 3283 ἐσε-
1838 3256 1879 3313 C

236 3312 365 3364 σθαι
404 3312 502 3379 τὴν
524 3311 682 3381 χάριν
713 3312 888 3375 εἰδώς.
912 3314 1100 3367 Πολλοὶ
1126 3317 1234 3387 γὰρ
1262 3319 1586 3373 ἐπίστευσαν
1611 3322 1697 3375 διὰ
1719 3323 1809 3377 τὸν

233 3402 394 3469 λόγον
430 3404 617 3459 αὑτοῦ.
653 3404 811 3458 Ἴστω
840 3406 1001 3459 πάλιν
1052 3408 1140 3460 διὰ
1175 3412 1377 3463 τούτων
1411 3413 1436 3464 ό
1484 3411 1725 3480 φιλόθεός
1750 3431 1810 3467 τε

236 3496 334 3546 καὶ
360 3494 705 3564 φιλευλαὸὴς,
754 3496 836 3549 ὅτι
867 3498 974 3550 τῶν
1025 3498 1121 3568 μὲν
1160 3499 1472 3555 λυπούντων
1500 3502 1659 3556 αὐτὸν
1700 3505 1809 3556 ἀπ-

231 3584 518 3636 ανίσταται
554 3585 807 3655 Χριστὸς,
847 3586 1165 3650 ἐνοικίζεται
1207 3590 1262 3641 δὲ
1308 3594 1420 3654 τοῖς
1462 3593 1809 3663 εὐφραίνουσι

232 3674 305 3726 δι’
327 3676 569 3744 ὑπακοῆς
599 3694 655 3729 τε
684 3676 776 3730 καὶ
803 3677 1035 3741 πίστεως
1054 3679 1282 3749 ἀγαθῆς.

312 3766 390 3834 Τῇ
416 3784 478 3821 τε
502 3770 734 3837 γυναικί
776 3769 1010 3839 ἔλεγον,
1038 3772 1125 3823 ὅτι
1163 3772 1371 3826 Οὐκέτι
1406 3773 1503 3827 διὰ
1535 3774 1645 3843 τὴν
1687 3775 1811 3843 σὴν

230 3861 459 3915 λαλιὰν
508 3863 889 3930 πιστεύομεν·
932 3863 1100 3916 αὐτοὶ
1150 3864 1262 3932 γὰρ
1307 3866 1652 3936 ἀκηκόαμεν
1712 3869 1812 3922 καὶ

231 3950 503 4018 οἴδαμεν,
540 3951 626 4003 ὅτι
660 3947 837 4017 οὗτός
886 3952 1058 4005 ἐστιν
1103 3954 1339 4022 ἀληθῶς
1369 3959 1403 4010 ό
1450 3959 1651 4027 Σωτὴρ
1706 3960 1809 4013 τοῦ

228 4044 467 4108 κόσμου
500 4047 531 4097 d
558 4044 828 4111 Χριστός.

324 4134 458 4186 ’Δπὸ
482 4134 591 4187 τῶν
623 4134 884 4205 μειζόνων
914 4139 1280 4209 Σαμαρείταις
1308 4141 1341 4210 ἡ
1364 4140 1562 4204 πίστις.
1598 4143 1690 4196 καὶ
1709 4144 1811 4195 οὐκ

231 4225 295 4288 ἐξ
324 4220 398 4277 ὧν
431 4224 509 4276 ἔτι
532 4226 658 4294 παρ’
694 4226 879 4298 ἐτέρου
928 4228 1306 4297 μανθάνουσιν,
1343 4230 1455 4283 ἀλλ’
1495 4230 1554 4294 ἐξ
1575 4224 1649 4283 ὧν
1678 4232 1809 4284 αὑτ-

231 4317 391 4387 ήκοοι
419 4317 701 4383 γεγονότες
748 4318 1137 4388 θαυμάζουσιν.
1181 4321 1590 4389 Ἐγνωκέναιδέ
1612 4338 1808 4388 φασιν,

232 4410 426 4479 ὅτιπερ
468 4409 553 4477 εἰη
599 4408 785 4477 σαφῶς
819 4412 979 4475 αὐτὸς
1007 4413 1034 4463 ὁ
1080 4411 1174 4464 τοῦ
1218 4412 1423 4482 κόσμου
1478 4413 1687 4482 Σωτὴρ,
1718 4412 1810 4465 πίε

232 4516 405 4561 στεως
433 4500 687 4571 ἐνέχυρον
718 4502 814 4573 τῆς
847 4504 925 4567 είς
950 4504 1110 4557 αὐτὸν
1142 4504 1355 4569 ἐλπίδος
1392 4505 1491 4576 τὴν
1521 4504 1810 4576 ὁμολογίαν

230 4590 573 4660 ποιούμενοι.

302 4684 466 4735 Μετὰ
529 4684 596 4735 δὲ
654 4686 759 4751 τὰς
803 4684 915 4740 δύο
971 4688 1190 4755 ἡμέρας
1251 4688 1513 4757 ἐξῆλθεν
1576 4690 1805 4744 ἐκεῖθεν

225 4778 317 4840 εἱς
355 4775 469 4841 τὴν
497 4776 853 4831 Γαλιλαίαν.
888 4779 1082 4843 Αὐτὸς
1120 4779 1229 4847 γὰρ
1278 4780 1515 4847 Ἰησοῦς
1558 4781 1805 4850 ἐμαρτύ-

217 4880 445 4933 ρησεν,
487 4864 574 4918 ὅτι
620 4866 931 4936 προφήτης
968 4870 1039 4921 ἐν
1096 4869 1169 4938 τῇ
1201 4869 1319 4937 ἰδίᾳ
1352 4871 1585 4939 πατρίδι
1630 4873 1805 4941 τιμὴν

225 4959 344 5010 οὐκ
369 4957 510 5023 ἔχει.

308 5044 520 5107 Ἐξεισι
554 5046 654 5115 μὲν
680 5047 788 5100 ἀπὸ
821 5050 917 5118 τῇς
944 5047 1279 5119 Σαμαρείας,
1307 5049 1677 5119 κατασπείρας
1700 5049 1802 5119 ἤδη

224 5139 321 5190 τῖιν
368 5139 630 5207 σωτήριον
654 5138 828 5204 λόγον,
869 5141 963 5193 καὶ
1003 5140 1248 5211 γεωργοῦ
1274 5158 1417 5203 τινος
1455 5141 1609 5212 δίκην
1637 5143 1803 5208 ὲγκα·

222 5227 514 5297 τακρὺψας
560 5230 657 5298 τὴν
697 5232 877 5284 πίστιν
926 5234 1037 5295 τοῖς
1088 5232 1325 5285 οἰκοῦσιν
1368 5233 1553 5303 αὐτὴν,
1588 5233 1684 5305 οὐχ
1715 5232 1803 5286 ἵνα

224 5322 353 5380 ταῖς
384 5318 494 5370 τῶν
521 5319 792 5373 λαϐόντων
818 5324 1205 5392 καταδεσμοῖτο
1236 5326 1484 5389 σιωπαῖς,
1522 5324 1803 5394 ἡρεμοῦσα

224 5410 431 5480 τρόπον
459 5413 579 5465 τινὰ
602 5414 694 5466 καὶ
721 5417 1207 5486 κατακεχωσμένη,
1250 5416 1362 5469 ἀλλ’
1395 5418 1480 5469 ἵνα
1500 5417 1562 5486 δὴ
1600 5416 1801 5483 μᾶλλον
1870 5470 1875 5481 ι

224 5502 350 5562 ταῖς
383 5501 635 5554 ἁπάντων
674 5503 1071 5571 ὲγκαταφύοιτο
1097 5504 1311 5572 ψυχαῖς,
1355 5502 1599 5574 ἕρπουσά
1626 5520 1684 5555 τε
1708 5504 1802 5557 καὶ

224 5593 576 5663 διῖκνουμένη
632 5594 766 5663 πρὸς
807 5594 867 5646 τὸ
901 5594 1083 5664 μεῖζον
1132 5596 1239 5660 ἀεὶ,
1271 5595 1364 5648 καὶ
1402 5594 1537 5665 πρὸς
1580 5594 1677 5665 τὴν
1710 5594 1803 5646 ὲκ-

226 5682 568 5754 φανεστέραν
590 5685 853 5756 τρέχουσα
890 5685 1134 5755 δύναμιν.
1180 5686 1394 5757 Ἐπειδὴ
1430 5686 1485 5738 δὲ
1516 5685 1601 5738 διὰ
1636 5685 1801 5754 μέσου

226 5776 495 5845 κειμένην
537 5777 870 5846 παρατρέχει
925 5778 1023 5847 τὴν
1054 5777 1323 5847 Ναζαρὲτ,
1364 5780 1419 5830 ὲν
1446 5772 1587 5850 ᾖπερ
1640 5777 1800 5831 αὑτὸν

226 5867 671 5934 κατατετράφθαι
720 5867 895 5935 λόγος,
927 5868 1001 5930 ὡς
1046 5867 1289 5920 ἐντεῦθεν
1337 5869 1460 5938 ἤδη.
1496 5869 1588 5921 καὶ
1638 5869 1800 5926 ἀστὸν

514 5963 784 6023 ΡΑτιιοι..
829 5964 942 6022 Gn.
993 5962 1250 6022 LXXIII.

1922 664 1939 698 ο
1983 646 2218 719 Propter
2246 648 2476 703 verbum
2511 646 2759 701 mulieris
2782 687 2796 712 ,
2841 666 2860 699 ι
2896 648 3149 717 quamvis
3194 648 3231 703 ii
3272 652 3365 721 qui
3396 667 3497 723 per

1916 738 2092 810 legem
2142 739 2208 794 ad
2261 740 2424 811 istius
2472 739 2812 809 agnitionem
2863 739 3286 808 erudiebantur,
3316 758 3495 815 neque

1915 832 2123 905 Moysis
2150 834 2318 889 verba
2348 834 2714 903 susceperint,
2732 847 2911 903 neque
2924 835 3319 905 prOphetarum
3349 852 3494 908 pra:-

1914 927 2093 982 coniis
2129 924 2470 980 credendum
2516 940 2640 980 esse
2671 927 3024 1004 censuerint.
3065 929 3276 985 Astruit
3322 946 3494 1002 porro

1915 1015 2003 1071 bis
2057 1016 2243 1072 verbis
2308 1023 2364 1071 et
2429 1014 2487 1069 in
2552 1025 2902 1071 antecessum
2960 1018 3241 1087 sapienter
3297 1023 3494 1091 probat

1913 1104 2172 1161 lsraelem
2205 1106 2383 1176 gratia
2417 1113 2473 1161 et
2510 1120 2607 1175 spe
2656 1105 2749 1158 illa
2800 1106 2856 1160 in
2903 1107 3187 1163 Christum
3230 1112 3355 1180 jure
3393 1113 3495 1169 de—

1916 1198 2194 1252 turbatum
2242 1198 2309 1250 iri
2332 1236 2347 1261 ,
2394 1205 2448 1252 et
2483 1196 2537 1252 in
2571 1200 2695 1267 ejus
2738 1198 2917 1253 locum
2950 1201 3193 1269 gentium
3229 1210 3325 1257 aut
3364 1203 3496 1260 alie-

1912 1290 2236 1360 nigenarum
2275 1289 2681 1347 multitudinem
2714 1291 3190 1363 obsequentiorem
3237 1295 3494 1352 introdu-

1913 1379 2165 1434 cendann

1983 1467 2054 1525 IV
2075 1512 2089 1537 ,
2128 1471 2217 1539 40,
2248 1472 2336 1524 ll.
2381 1471 2515 1526 Cum
2545 1487 2667 1542 ergo
2690 1474 2949 1528 venissent
2983 1474 3053 1528 ad
3087 1491 3209 1529 eum
3237 1476 3489 1531 Samari-

1915 1566 2050 1628 tani,
2092 1574 2406 1633 rogaverunt
2442 1582 2561 1619 eum
2588 1577 2645 1620 ut
2679 1566 2753 1619 ibi
2785 1577 3058 1622 maneret:
3098 1577 3149 1622 et
3184 1570 3380 1623 mansit
3418 1568 3493 1624 ibi

1913 1657 2045 1710 duos
2070 1656 2203 1710 dies.
2242 1656 2311 1710 Et
2346 1658 2512 1711 multo
2535 1658 2712 1727 plures
2745 1659 3081 1715 crediderunt
3124 1661 3180 1715 in
3210 1652 3330 1716 eum
3365 1677 3492 1731 pro-

1913 1759 2028 1819 pter
2061 1766 2354 1805 sermonem
2378 1751 2515 1821 ejus.

1990 1841 2343 1913 Simplicibus
2375 1842 2556 1897 verbis
2590 1842 2642 1897 id
2674 1843 2818 1914 quod
2860 1844 3068 1898 factum
3103 1851 3187 1901 est
3223 1847 3489 1916 exponit;

1920 1934 2014 1989 sed
2054 1935 2218 1988 aliam
2266 1949 2461 1989 rursus
2510 1934 3039 1989 demonstrationem
3084 1936 3493 2005 quodammodo

1920 2034 2231 2097 praeparat,
2267 2025 2532 2079 nimirum
2563 2024 2819 2080 lsraelem
2850 2027 3045 2081 merito
3070 2043 3167 2097 spe
3198 2026 3359 2098 dejici
3386 2067 3403 2094 ,
3436 2036 3492 2085 et

1919 2119 1973 2172 in
2026 2134 2147 2173 eam
2204 2117 2543 2188 alienigenas
2592 2118 3009 2187 transplantari.
3058 2117 3231 2174 Judaei
3284 2121 3491 2191 quippe

1917 2209 2187 2265 miracula
2221 2210 2393 2265 variis
2421 2208 2601 2264 modis
2626 2218 2932 2278 patrantem
2964 2208 3151 2266 Jesum
3174 2251 3188 2273 ,
3218 2220 3274 2267 et
3303 2212 3489 2268 divina

1918 2303 2092 2374 gloria
2119 2300 2528 2372 praefulgentem
2560 2303 2759 2357 acerbo
2790 2309 2843 2357 et
2874 2304 3097 2358 immani
3129 2303 3316 2361 furore
3362 2320 3491 2376 pro-

1919 2406 2247 2470 sequuntur,
2279 2404 2333 2452 et
2366 2409 2430 2451 eo
2469 2394 2911 2465 intemperiarum
2944 2394 3232 2465 devenisse
3270 2413 3491 2469 compe-

1919 2493 2177 2557 riuntur,
2221 2497 2282 2544 ut
2320 2497 2593 2544 extorrem
2646 2498 2700 2544 et
2752 2503 2783 2543 e
2834 2487 3055 2544 civitate
3102 2505 3201 2545 sua
3245 2492 3490 2548 exsulem

1920 2583 2102 2639 facere
2150 2590 2421 2637 conentur
2479 2581 2661 2637 omnis
2716 2579 2996 2636 felicitatis
3049 2582 3488 2641 conciliatorem.

1920 2677 2251 2733 Samaritani
2304 2690 2456 2739 vero,
2512 2675 2678 2729 unius
2734 2672 3072 2727 mulierculae
3139 2674 3490 2731 sermonibus

1919 2770 2208 2841 persuasi,
2252 2766 2571 2823 existimant
2617 2778 2813 2835 magno
2867 2780 3035 2821 cursu
3079 2764 3146 2820 ad
3200 2781 3326 2820 eum
3367 2780 3492 2823 esse

1918 2860 2342 2933 praperandum.
2375 2859 2510 2913 Cum
2548 2866 2728 2911 autem
2769 2856 3083 2922 venissent,
3131 2855 3293 2911 enixe
3324 2871 3489 2925 roga-

1917 2958 2049 3011 bant
2082 2961 2143 3008 ut
2188 2952 2241 3006 in
2275 2951 2465 3006 urbem
2507 2950 2788 3020 migraret,
2830 2955 2883 3003 et
2908 2947 3201 3004 salutarem
3243 2946 3325 3005 eis
3368 2964 3489 3005 ser-

1917 3063 2137 3103 monem
2184 3044 2394 3099 aﬂ‘atim
2437 3043 2775 3112 largiretur;
2812 3042 3034 3110 utrique
3070 3056 3200 3095 vero
3236 3048 3491 3112 prompte

1918 3139 2171 3195 Christus
2216 3136 2442 3200 annuit,
2492 3148 2616 3188 cum
2657 3130 2889 3202 gratiam
2932 3147 3041 3186 non
3084 3130 3485 3188 infructuosam

1919 3231 2034 3284 fore
2064 3234 2273 3283 nosset.
2303 3223 2455 3278 Multi
2480 3222 2623 3277 enim
2648 3220 3005 3277 crediderunt
3033 3221 3091 3276 in
3113 3236 3237 3276 eum
3263 3232 3489 3293 propter

1916 3333 2226 3378 sermonem
2268 3316 2408 3385 ejus.
2440 3313 2852 3367 Animadvertat
2892 3326 3088 3367 rursus
3142 3312 3198 3365 in
3244 3312 3330 3368 his
3364 3328 3488 3368 ver-

1912 3415 1998 3469 bis
2047 3411 2143 3464 Dci
2191 3423 2257 3461 ac
2296 3405 2576 3470 religionis
2626 3403 2877 3474 quisquis
2923 3409 3010 3456 est
3053 3416 3276 3469 amans,
3328 3402 3487 3458 Chri-

1914 3515 2058 3561 stum
2095 3501 2162 3555 ab
2203 3500 2287 3553 his
2321 3497 2541 3567 quidem
2580 3495 2837 3552 recedere
2883 3495 2977 3566 qui
3013 3511 3137 3550 eum
3166 3492 3485 3561 offendunt,

1912 3600 1964 3652 in
1998 3596 2065 3650 iis
2100 3599 2277 3647 autem
2301 3589 2550 3645 habitare
2578 3588 2672 3657 qui
2716 3602 2840 3642 eum
2875 3585 3186 3641 exhilarant
3222 3600 3321 3656 per
3357 3586 3488 3643 obe-

1910 3688 2171 3745 dientiam
2204 3693 2256 3740 et
2283 3698 2433 3755 spem
2450 3683 2672 3737 bonam.

1980 3782 2141 3850 202
2180 3777 2270 3843 lV,
2300 3776 2389 3830 42.
2427 3773 2495 3828 Et
2532 3772 2745 3826 mulieri
2779 3769 3051 3835 dicebant,
3077 3770 3199 3840 quia
3224 3765 3346 3823 Non
3364 3770 3484 3839 jam

1910 3884 2121 3945 propter
2175 3881 2319 3924 tuam
2366 3866 2627 3937 loquelam
2680 3862 2939 3917 credimus
2976 3881 2994 3917 :
3046 3863 3147 3930 ipsi
3199 3865 3337 3915 enim
3387 3877 3487 3915 au-

1911 3966 2175 4028 divimus,
2214 3969 2263 4016 et
2306 3960 2500 4013 scimus
2545 3957 2673 4027 quia
2723 3972 2837 4009 vere
2878 3963 2955 4009 est
2999 3953 3248 4009 Salvator
3298 3951 3486 4009 mundi

1913 4056 2177 4112 Christus.

1981 4146 2027 4200 Α
2056 4144 2357 4214 majoribus
2397 4139 2563 4195 rebus
2604 4136 2935 4193 Samaritani
2969 4137 3236 4201 credunt,
3280 4144 3334 4191 et
3367 4151 3481 4217 non

1911 4255 1974 4294 ex
2016 4238 2082 4291 iis
2114 4248 2237 4305 quae
2269 4229 2494 4286 aliunde
2523 4230 2637 4299 jam
2681 4227 2995 4297 accipiunt,
3043 4226 3137 4281 sed
3170 4241 3233 4281 ex
3268 4225 3336 4281 iis
3362 4242 3486 4297 qua:

1913 4330 2215 4384 hauserunt
2262 4324 2366 4394 ipsi
2409 4322 2640 4376 auribus
2679 4318 2975 4372 mirantur.
3026 4317 3195 4371 Aiunt
3244 4333 3376 4372 vero
3423 4334 3485 4373 se

1912 4434 2075 4474 nosse
2105 4418 2284 4487 ipsum
2320 4428 2442 4469 esse
2479 4408 2670 4465 mundi
2703 4405 3075 4470 Salvatorem,
3120 4407 3318 4477 pignus
3356 4408 3483 4464 lidei

1911 4510 2315 4567 confessionem
2352 4505 2466 4575 spei
2494 4504 2549 4558 in
2578 4503 2756 4572 ipsum
2790 4500 3077 4555 facientes.

1984 4688 2085 4750 IV,
2122 4686 2309 4741 43-“.
2352 4681 2483 4737 Post
2526 4679 2657 4733 duos
2705 4687 2880 4732 autem
2930 4676 3041 4732 dies
3079 4677 3208 4731 exiit
3256 4678 3376 4731 inde
3427 4682 3483 4736 in

1913 4780 2215 4837 Galilazam.
2267 4774 2386 4842 Ipse
2414 4773 2553 4825 enim
2592 4768 2749 4823 Jesus
2786 4768 3139 4823 testimonium
3175 4768 3477 4837 perhibuit,

1909 4876 2033 4945 quia
2060 4869 2311 4941 propheta
2336 4868 2392 4920 in
2424 4880 2524 4919 sua
2554 4862 2732 4930 patria
2763 4860 3008 4913 honorem
3032 4874 3138 4911 non
3175 4858 3347 4912 habet.

1986 5043 2221 5100 Discedit
2249 5057 2314 5096 ex
2349 5036 2597 5093 Samaria
2629 5042 2914 5106 postquam
2943 5031 3234 5087 salutarem
3268 5046 3477 5087 sermo-

1909 5153 2030 5194 nem
2059 5131 2472 5205 proseminavit,
2498 5139 2551 5184 et
2581 5129 2755 5183 instar
2783 5126 3031 5196 agricolae
3054 5124 3213 5177 [idem
3242 5122 3296 5177 in
3324 5123 3475 5179 illius

1910 5228 2211 5283 incolarum
2243 5221 2519 5278 mentibus
2549 5218 2784 5282 defodit,
2820 5232 2927 5271 non
2977 5226 3037 5270 ut
3079 5215 3300 5269 silentio
3340 5229 3476 5270 con-

1908 5321 2271 5389 stringeretur
2304 5316 2481 5371 otiosa
2515 5328 2578 5367 ac
2602 5310 3004 5380 quodammodo
3026 5308 3219 5363 obruta
3244 5346 3257 5372 ,
3291 5306 3385 5363 sed
3419 5315 3477 5363 ut

1910 5415 1965 5467 in
2010 5410 2253 5465 omnium
2308 5405 2512 5461 animis
2550 5406 2918 5465 insereretur,
2971 5402 3142 5470 magis
3186 5414 3249 5455 ac
3297 5400 3467 5468 magis

1909 5517 2193 5566 crescens,
2223 5511 2389 5570 atque
2416 5497 2480 5551 ad
2516 5497 2774 5566 majorem
2808 5495 2911 5547 vim
2970 5506 3293 5562 properans.
3327 5491 3447 5555 Quo

1910 5598 2056 5652 niam
2083 5602 2263 5648 autem
2299 5591 2710 5660 interiacentem
2735 5586 3005 5641 Nazareth
3038 5584 3452 5654 praetervehitur

1909 5690 1963 5743 in
1996 5702 2102 5756 qua
2134 5685 2400 5741 educatus
2442 5683 2611 5738 fuisse
2658 5681 3019 5751 perhibetur,
3066 5679 3138 5732 ita
3192 5683 3249 5729 ut
3298 5691 3364 5730 ex
3409 5682 3479 5731 ea’

1909 5781 2043 5835 urbe
2064 5777 2330 5833 oriundus
2353 5783 2405 5830 et
2431 5774 2575 5830 illius
2600 5774 2737 5828 civis
2770 5779 3007 5843 putetur,
3041 5777 3093 5823 et
3120 5770 3174 5823 in
3196 5767 3473 5823 Galilaeam

1908 5869 2212 5935 descendit,
2233 5868 2497 5922 rationem
2524 5862 2678 5921 affert
2705 5860 3017 5919 necessario
3037 5874 3136 5912 cur
3159 5860 3229 5915 sit
3254 5868 3477 5929 praeter.

3045 5951 3109 6013 11
