4222 6510
710 379 807 435 531
1704 372 1761 427 S.
1797 368 2076 427 CYRILLI
2116 369 2589 427 ALEXANDRINI
2616 371 2936 428 ARClllEP.

3881 381 3993 437 352

710 499 926 555 vectus,
959 490 1143 561 aitque
1174 487 1359 543 Jesum
1398 486 1579 555 ipsum
1612 492 1872 540 testatum
1899 499 2024 539 esse
2058 484 2293 555 prophe-

2401 480 2539 538 εἶναι
2576 487 2775 550 δοκεῖν,
2802 485 3053 554 καταίρει
3082 484 3138 536 δὲ
3169 484 3368 553 μᾶλλον
3412 488 3490 550 εἰς
3530 487 3625 557 τὴν
3670 486 3988 540 Γαλιλαίαν·

711 594 822 637 tam
860 583 914 636 in
950 582 1133 653 patria
1164 595 1262 635 sua
1292 579 1503 633 honore
1534 592 1744 632 carere.
1772 575 1852 630 Ita
1884 577 2030 630 enim
2060 573 2173 630 fere
2200 590 2300 629 na-

712 684 835 728 tura
863 671 1167 742 comparati
1187 686 1402 730 sumus.
1437 675 1494 722 ut
1518 670 1660 738 quod
1694 665 1968 721 familiare
2003 665 2159 720 nobis
2185 672 2295 728 est,

714 767 839 821 licet
878 762 1139 818 eximium
1188 770 1243 815 ct
1290 762 1588 832 pretiosum
1642 760 1756 824 sit,
1806 758 1964 812 nihili
2007 756 2294 810 ducamus.

712 856 897 925 Neque
937 869 1065 908 vero
1104 854 1317 908 volebat
1363 853 1616 906 Salvator
1654 850 1897 904 honores
1941 848 2045 904 sibi
2082 846 2150 901 ab
2190 847 2300 902 illis

711 962 835 1000 cum
869 947 1011 1000 l'astu
1040 953 1093 998 et
1129 946 1429 999 ambitione
1457 944 1681 1007 venari,
1720 942 1815 997 sed
1855 940 2103 1010 apprime
2130 954 2297 993 nove-

712 1048 798 1095 rat
843 1038 991 1108 quod
1038 1039 1181 1109 apud
1237 1052 1332 1091 eos
1391 1036 1486 1107 qui
1536 1052 1603 1091 ne
1642 1034 2028 1090 honorandum
2074 1032 2297 1103 quidem

713 1134 1038 1204 magistrum
1080 1131 1366 1202 putabant,
1396 1140 1657 1200 acceptus
1692 1137 1746 1183 et
1779 1130 1968 1183 suavis
2008 1142 2114 1181 non
2152 1133 2300 1180 esset

715 1227 843 1281 lidei
905 1239 1085 1280 sermo
1144 1222 1385 1277 futurus.
1451 1221 1876 1276 Praetervehitur
1925 1222 2112 1289 itaque
2170 1219 2297 1287 jure

715 1319 913 1373 merito
946 1356 959 1379 ,
1025 1330 1125 1369 nec
1182 1315 1400 1368 inanem
1461 1315 1516 1367 in
1571 1328 1665 1366 eos
1719 1313 1965 1365 laborem
2020 1312 2299 1365 insumere

716 1411 974 1479 dignatur
1000 1452 1014 1474 ,
1048 1408 1142 1478 qui
1179 1408 1315 1460 nihil
1344 1415 1531 1460 essent
1575 1404 1830 1459 utilitatis
1867 1402 1995 1458 inde
2032 1404 2252 1474 capturi
2283 1422 2293 1454 :

716 1510 771 1555 et
806 1516 901 1571 per
946 1500 1048 1553 hoc
1085 1500 1317 1570 gratiam
1361 1497 1835 1567 contemptoribus
1886 1505 2130 1565 praestat.
2178 1494 2297 1549 Non

716 1594 861 1648 enim
905 1593 1169 1647 credibile
1208 1598 1329 1645 erat
1367 1605 1468 1645 eos
1514 1590 1607 1659 qui
1655 1597 1810 1641 tanto
1844 1589 2076 1642 crimine
2106 1602 2165 1641 se
2193 1587 2297 1640 ob-

715 1684 1051 1753 stringerent
1096 1682 1316 1751 impune
1365 1681 1415 1733 id
1455 1680 1733 1742 facturos,
1776 1692 1901 1731 cum
1944 1678 1999 1730 iu
2045 1674 2298 1730 confesso

715 1774 788 1827 sit
834 1771 975 1841 apud
1012 1784 1243 1837 omnes,
1296 1779 1598 1824 extremam
1648 1783 1865 1837 paruam
1920 1775 2297 1835 reportaturos

2403 577 2719 644 ἀναγκαίως
2764 581 2999 631 ποιεῖται
3023 578 3120 648 τὴν
3142 579 3438 645 ἀπολογίαν
3471 580 3567 649 τῆς
3600 580 3987 650 παραδροὶλῆἶν

2401 669 2495 723 καί
2525 686 2710 737 φησιν,
2756 671 2838 722 ὅτι
2870 671 3297 741 μεμαρτύρηκεν
3348 672 3511 732 αὐτὸς
3562 672 3591 723 ό
3627 672 3855 740 Ἰησοῦς,
3904 672 3990 723 ὅτι

2403 762 2690 829 προφήτης
2734 763 2791 812 ὲν
2822 764 2889 831 τῇ
2953 762 3057 831 ἰδίᾳ
3108 762 3327 832 πατρίδι
3368 763 3534 832 τιμὴν
3564 763 3660 813 οὐκ
3706 763 3838 831 ἔχει.
3877 763 3990 814 [ιε⁹

2403 853 2654 922 φύκαμεν
2686 853 2797 923 γάρ
2840 871 2957 916 πως
2991 854 3144 907 οὐδὲν
3187 855 3439 924 ἡγεῖσθαι
3476 855 3537 906 τὸ
3588 855 3833 922 σύνηθες,
3880 858 3988 904 κᾶν

2403 946 2637 1015 ὑπάρχοι
2682 947 2825 1016 μέγα
2856 947 2951 1000 καὶ
2998 947 3201 1017 τίμιον.
3240 949 3350 1000 Καὶ
3385 950 3446 1000 οὐ
3477 948 3645 1016 δήπου
3697 948 3793 1008 τὰς
3850 946 3988 1013 παρ’

2402 1037 2625 1090 ἐκείνων
2657 1040 2739 1091 ὅτι
2784 1039 2966 1109 δεήσοι
3006 1039 3275 1110 θηρᾶσθαι
3312 1041 3475 1110 τιμὰς
3514 1042 3542 1092 ὁ
3575 1043 3763 1109 Σωτὴρ
3800 1037 3987 1090 ἐδοκὶ-

2405 1130 2596 1198 μαξεν,
2632 1132 2689 1182 ἐν
2719 1132 2913 1202 ἀνδρὸς
2936 1132 3212 1200 φιλοδόξου
3246 1135 3389 1196 τινὲς
3424 1134 3573 1197 τάξει
3596 1136 3687 1185 καὶ
3714 1134 3987 1201 φιλοκομ-

2402 1222 2632 1287 παστοῦ,
2675 1224 2789 1276 ἀλλ’
2841 1226 3111 1292 ἠπίστατο
3167 1227 3385 1294 σαφῶς,
3441 1229 3521 1278 ὅτι
3572 1230 3680 1287 τοῖς
3738 1224 3989 1295 μηδόλως

2400 1316 2691 1384 οἰομένοις,
2720 1318 2801 1369 ὅτι
2853 1320 3119 1389 προσήκοι
3150 1320 3317 1389 τιμᾷν
3364 1320 3455 1371 τὸν
3496 1319 3830 1378 διδάσκοντα,
3874 1315 3984 1367 οὐδ’

2400 1404 2467 1456 ἂν
2513 1404 2589 1456 ἑτι
2616 1405 2819 1473 γλυκύς
2850 1422 2910 1459 τε
2956 1408 3049 1460 καὶ
3096 1409 3497 1479 εὐπαράδεκτος
3528 1410 3555 1461 ὁ
3599 1409 3691 1477 τῆς
3744 1408 3986 1465 πίττεως

2402 1496 2608 1563 γένοιτο
2654 1498 2828 1566 λόγος.
2889 1501 3226 1571 Παρελαύνει
3268 1501 3556 1569 τοιγαροῦν
3608 1502 3849 1560 εἰκότως,
3905 1498 3988 1556 εἰς

2402 1589 2815 1661 ὠςελουμένονς
2852 1594 3006 1645 οὐδὲν
3050 1594 3294 1657 εἰκαίους
3340 1594 3611 1647 ἀναλῶσαι
3646 1592 3837 1652 πόνους
3883 1589 3987 1639 οὐκ

2401 1680 2589 1745 ἀξιῶν,
2625 1686 2717 1735 καὶ
2736 1686 2894 1755 χάριν
2922 1685 2978 1737 δὲ
3005 1685 3090 1738 διὰ
3112 1686 3301 1738 τούτου
3326 1690 3435 1747 τοῖς
3461 1683 3851 1753 καταρρονοῦσι
3882 1698 3987 1732 κα-

2400 1774 2660 1837 τατιθείς.
2686 1778 2759 1829 Οὐ
2792 1776 2902 1848 γὰρ
2927 1772 2995 1847 ἦν
3019 1778 3165 1841 εἰκὸς
3194 1779 3271 1840 εἰς
3302 1778 3549 1829 τοσοῦτον
3579 1775 3987 1843 ἐξαμαρτανονο

715 1865 807 1934 qui
839 1864 1274 1934 contempserint
1301 1878 1449 1925 eum,
1484 1876 1548 1917 ac
1582 1870 1690 1915 tam
1726 1859 2055 1914 admirabile
2088 1857 2292 1912 donum

2401 1878 2497 1926 τας
2526 1868 2745 1935 νηποινί
2768 1865 2929 1919 τοῦτο
2956 1868 3176 1938 δράσειν
3217 1869 3431 1931 αὐτοὺς,
3466 1866 3893 1938 ὁμολογουμένου
3918 1861 3990 1930 δὴ

717 1956 1053 2030 respueriut.

2401 1955 2638 2021 πάντως,
2682 1961 2777 2009 καὶ
2809 1960 3309 2030 ἀναμφισϐητήτως
3358 1960 3593 2029 ἔχοντος,
3642 1958 3714 2019 ὡς
3745 1956 3844 2026 τὴν
3891 1954 3989 2006 ἐπὶ

715 2052 1085 2121 τοῖςὲσχάτοις
1103 2049 1413 2105 ἀποίσονται
1440 2048 1661 2103 κόλασιν
1684 2048 1732 2102 οἰ
1750 2048 2114 2119 καταφρονεῖν
2138 2045 2436 2116 ἐγνωκότες
2474 2052 2661 2115 αὑτοῦ,
2696 2056 2791 2109 καὶ
2815 2056 2916 2127 τὴν
2980 2056 3156 2122 οὕτως
3222 2058 3649 2129 ἀξιοθαύμαστον
3712 2048 3986 2124 περιπτύ-

722 2167 865 2212 δντες
895 2150 1032 2219 δωρε
1042 2150 1125 2201 αν.

785 2238 876 2304 ιγ,
907 2240 993 2295 45.
1028 2238 1161 2295 Cum
1187 2255 1308 2311 ergo
1330 2241 1549 2295 venisset
1577 2238 1632 2294 in
1654 2239 1960 2304 Galilwam,
1982 2246 2293 2306 exceperunt

715 2348 831 2389 eum
856 2332 1091 2396 Galila’i,
1120 2349 1237 2385 cum
1272 2333 1450 2385 omnia
1478 2331 1727 2387 vidissent
1755 2331 1915 2401 203
1941 2346 2061 2401 qua:
2097 2330 2293 2395 fecerat

719 2426 1103 2495 Hierosolymis
1158 2425 1212 2478 in
1254 2426 1339 2479 die
1381 2425 1515 2493 [esto
1543 2440 1562 2479 :
1630 2436 1678 2478 et
1725 2426 1826 2493 ipsi
1862 2425 2002 2478 enim
2051 2431 2295 2478 venerant

716 2516 785 2570 ad
816 2517 955 2571 diem
987 2516 1199 2585 festum.

788 2608 907 2663 Non
930 2616 1135 2663 temere
1154 2605 1364 2661 Galilaai
1393 2606 1701 2677 suscipiunt
1731 2604 1943 2671 Jesum,
1974 2606 2069 2662 sed
2100 2606 2301 2676 partim

717 2708 788 2763 ob
818 2708 1085 2761 miracula
1128 2720 1251 2775 qua:
1293 2704 1405 2774 jam
1444 2704 1511 2759 ab
1555 2718 1620 2760 eo
1670 2703 1878 2773 patrari
1904 2702 2305 2772 viderantjure

718 2800 961 2862 attoniti,
1001 2797 1205 2868 partim
1236 2798 1306 2851 ob
1353 2798 1610 2865 pietatem
1660 2795 1716 2849 in
1762 2798 1945 2865 ipsum
1989 2793 2301 2848 Judzeorum

721 2890 1155 2945 eondemnantes
1228 2887 1563 2953 vecordiam,
1625 2894 1681 2941 et
1732 2887 1903 2941 animi
1951 2887 2197 2941 candore
2241 2899 2305 2940 ac

718 2983 1072 3054 simplicitate
1098 2980 1210 3035 illis
1240 2980 1293 3033 in
1332 2979 1447 3049 lege
1476 2977 1715 3034 eruditis
1760 2979 2003 3048 potiores
2036 2977 2261 3048 reperti.

789 3154 881 3222 Π,
929 3157 1019 3211 46.
1083 3153 1233 3208 Venit
1262 3170 1382 3225 ergo
1407 3154 1597 3207 iterum
1628 3155 1681 3206 in
1720 3152 1871 3208 Cana
1927 3151 2189 3218 Galiltea',
2215 3154 2304 3205 ubi

718 3250 841 3321 fecit
874 3264 1067 3318 aquam
1103 3248 1298 3301 vinum.

790 3341 936 3396 Inter
958 3339 1225 3396 candidos
1250 3338 1497 3394 homines
1528 3336 1728 3393 lubens
1746 3345 1999 3391 versatur
2024 3335 2301 3400 Christus,
2329 3368 2371 3426 ο

717 3444 1019 3503 gratosque
1040 3441 1093 3487 et
1116 3431 1510 3487 beneﬁciorum
1546 3444 1836 3492 memores,
1867 3430 2060 3498 eisque
2090 3429 2298 3497 majora

720 3528 860 3581 bona
898 3526 1103 3580 affatim
1157 3525 1409 3594 largitur.
1445 3520 1606 3576 Venit
1631 3536 1763 3591 ergo
1803 3521 2069 3575 miracula
2122 3520 2300 3573 factu-

720 3634 817 3673 rus
870 3618 924 3671 in
958 3617 1128 3680 Cana,
1190 3617 1513 3671 existimans
1563 3614 1790 3683 insuper
1842 3627 1966 3667 esse
2028 3611 2301 3681 jnvandos

718 3709 839 3777 ejus
878 3710 1109 3773 incolas,
1142 3707 1403 3777 opinione
1435 3704 1488 3758 in
1523 3719 1716 3759 eorum
1752 3704 1974 3769 animis,
2019 3718 2117 3772 per
2149 3704 2301 3771 signa

719 3816 841 3870 qua:
876 3801 929 3853 in
966 3800 1057 3853 illa
1089 3799 1201 3867 jam
1236 3798 1464 3862 fecerat,
1502 3795 1911 3866 quodammodo
1940 3796 2127 3860 insita,
2167 3810 2303 3850 eun-

721 3898 810 3947 eta
838 3907 963 3947 eum
998 3890 1178 3946 facere
1214 3904 1395 3960 posse.

794 4064 887 4129 IV,
925 4066 1110 4119 46-48.
1178 4062 1245 4116 Et
1275 4073 1389 4118 erat
1428 4064 1642 4133 quidam
1692 4065 1923 4135 regulus,
1968 4066 2118 4134 cujus
2159 4066 2303 4134 ﬁlius

721 4156 1101 4225 inﬁrmabatur
1147 4154 1544 4224 Capharnaum.
1588 4152 1689 4207 llic
1737 4172 1854 4209 cum
1898 4156 2129 4211 audisset
2181 4160 2305 4227 quia

724 4245 877 4301 Iesus
909 4246 1172 4299 adveniret
1205 4263 1236 4298 a
1265 4243 1460 4299 ludam
1485 4247 1537 4299 in
1567 4244 1871 4312 Galilaeam,
1901 4248 2033 4302 abiit
2056 4248 2123 4302 ad
2161 4266 2303 4312 eum,

722 4350 769 4392 et
800 4338 1016 4407 rogabat
1052 4354 1167 4391 eum
1199 4348 1254 4389 ut
1284 4338 1615 4393 descenderet
1641 4350 1688 4393 et
1714 4350 1926 4394 sanaret
1957 4341 2129 4409 ﬁlium
2152 4343 2303 4411 ejus;

722 4428 1006 4496 incipiebat
1036 4428 1175 4481 enim
1210 4427 1367 4481 mari.
1410 4426 1558 4481 Dixit
1587 4445 1710 4499 ergo
1749 4428 1906 4484 Iesus
1938 4431 2006 4483 ad
2032 4448 2170 4487 eum.

795 4606 1171 4663 Proﬁciscitur
1208 4608 1428 4677 quidem
1474 4607 1565 4663 ille
1615 4611 1860 4681 regulus,
1913 4604 2180 4682 tanquam
2238 4611 2305 4666 ad

2478 2240 2616 2293 ’Ὅτε
2641 2238 2755 2295 οὖν
2791 2240 2977 2313 ἦλθεν
3024 2245 3113 2307 εἰς
3152 2243 3268 2311 τὴν
3292 2244 3647 2309 Γαλιλαίαν,
3695 2243 3987 2309 ἐδέξαντο

2402 2333 2588 2387 αὐτὸν
2616 2337 2668 2386 οἱ
2696 2334 3007 2389 Γαλιλαῖοι
3042 2335 3238 2390 πάντα
3266 2336 3606 2403 ἑωρακότες,
3636 2337 3749 2390 ὅσα
3775 2338 3988 2405 ἐποίη-

2402 2441 2516 2479 σεν
2535 2426 2604 2478 ἐν
2645 2427 3084 2496 Ἰεροσολύμοις
3112 2428 3183 2481 ὲν
3212 2426 3506 2496 τῇιέορτῇ·
3542 2428 3637 2481 καί
3666 2431 3831 2483 αὐτοὶ
3872 2430 3985 2498 γὰρ

2402 2515 2596 2589 ἦλθον
2614 2522 2701 2584 εὶς
2726 2520 2840 2587 τὴν
2878 2520 3111 2588 ἑορτήν.

2474 2612 2601 2665 Οὐκ
2622 2612 3047 2681 ἀπερισκέπτως
3079 2614 3127 2664 οἰ
3158 2611 3429 2666 Γαλιλαῖοι
3461 2611 3700 2681 δέχονται
3725 2612 3815 2665 τὸν
3870 2614 3983 2680 Ἰη-

2411 2700 2561 2766 σοῦν,
2589 2702 2725 2754 ἀλλά
2756 2704 2851 2755 καὶ
2876 2704 3031 2755 αὐτοὶ
3059 2703 3125 2755 δι’
3150 2696 3224 2755 ὧν
3243 2703 3341 2772 ἤδη
3361 2702 3871 2771 θαυματουργοῦντα
3894 2719 3987 2756 τι-

2406 2794 2627 2848 θέανται
2648 2795 2871 2858 δικαίως
2918 2796 3447 2865 καταπληττόμενοι,
3499 2797 3591 2848 καὶ
3645 2795 3728 2847 διὰ
3770 2794 3873 2862 τῆς
3901 2797 3985 2855 εἰς

2406 2888 2566 2940 αὑτὸν
2598 2887 2882 2951 εὐλαϐείας
2926 2888 3027 2950 τὰς
3054 2888 3161 2941 τῶν
3207 2888 3475 2940 Ἴθι-δαίων
3509 2888 3759 2949 ἀπονοίας
3802 2903 3985 2939 κατα-

2403 2980 2740 3043 δικάζοντες,
2786 2982 2877 3033 καί
2920 2981 3053 3033 πολὺ
3090 2982 3227 3049 πρὸς
3266 2979 3683 3049 εὐγνωμοσύνην
3720 2978 3987 3047 ἀμείνους

2404 3071 2512 3121 τῶν
2540 3070 2864 3139 νομομαθῶν
2893 3070 3301 3139 εὑρισκόμενοι.

2474 3156 2700 3214 Ἦλθεν
2727 3158 2840 3215 οὖν
2858 3160 3047 3214 πάλιν
3062 3162 3150 3224 εἰς
3178 3160 3292 3227 τὴν
3320 3157 3484 3215 Κανᾶ
3502 3159 3608 3228 τῆς
3627 3158 3985 3223 Γαλιλαίας,

2408 3248 2559 3300 ὅπου
2584 3248 2833 3313 ἐποίησε
2887 3248 2954 3301 τὸ
2974 3249 3133 3316 ὕδωρ
3164 3248 3349 3301 οἶνον.

2488 3339 2888 3410 Ἐμφιλοχωρεί
2905 3342 3016 3402 τοῖς
3051 3340 3389 3409 εὐγνώμοσιν
3426 3341 3453 3391 ό
3484 3338 3729 3409 Χριστὸς,
3751 3338 3845 3391 καί
3870 3341 3986 3400 τοῖς

2406 3429 2748 3499 ἑτοιμότερόν
2780 3448 2896 3491 πως
2929 3431 3067 3482 ἰοῦσι
3107 3430 3241 3501 πρὸς
3279 3432 3377 3500 τὴν
3408 3425 3481 3483 ὧν
3534 3431 3597 3484 ἂν
3654 3426 3708 3482 εὖ
3746 3430 3981 3483 πάθοιεν

2402 3520 2654 3591 αἴσθησίν
2688 3539 2744 3573 τε
2784 3524 2877 3574 καὶ
2904 3522 3126 3591 γνῶσιν,
3181 3524 3273 3575 καὶ
3310 3523 3566 3593 μειζόνων
3610 3521 3824 3589 ἀγαθῶν
3859 3524 3984 3575 ἐπι·

2403 3613 2745 3682 δαψιλεύεται
2775 3615 3082 3685 χορηγίαις.
3116 3616 3372 3685 Ἔρχεται
3404 3615 3580 3667 τοίνυν
3624 3616 3982 3684 τερατοποιή-

2407 3721 2513 3757 σων
2544 3706 2600 3758 ὲν
2627 3708 2799 3776 Κανᾷ,
2833 3708 3203 3776 προσωφελεῖν
3236 3708 3331 3776 μὲν
3361 3708 3442 3759 ὅτι
3488 3710 3742 3775 προσήκοι
3764 3708 3896 3767 τοὺς
3926 3709 3982 3757 ἐν

2406 3796 2544 3865 αὐτῇ
2596 3796 2941 3865 λογιζόμενος
2976 3838 2991 3861 ,
3036 3797 3594 3868 προκατεσπαρμένην
3651 3797 3703 3848 δὲ
3750 3796 3979 3867 ὥσπερ,

2405 3886 2491 3938 διὰ
2512 3886 2619 3939 τῶν
2649 3888 2747 3957 ἤδη
2776 3888 3287 3958 προτετελεσμένων
3322 3889 3379 3939 ὲν
3411 3888 3544 3957 αὐτῇ
3576 3887 3829 3957 σημείων,
3879 3886 3983 3955 τὴν

2405 3976 2498 4029 τοῦ
2532 3978 2709 4029 πάντα
2737 3977 2994 4031 δύνασθαι
3025 3979 3157 4048 δρᾷν
3192 3976 3455 4047 ὑπόληψιν
3480 3977 3635 4048 ἔχων.

2476 4065 2595 4123 Ἦν
2622 4069 2687 4123 δέ
2709 4087 2798 4135 τις
2824 4070 3168 4135 βασιλικὸς,
3200 4066 3269 4125 οὗ
3292 4073 3323 4122 d
3350 4072 3478 4135 υἱὸς
3502 4069 3737 4137 ἠσθένει
3760 4068 3829 4119 ἐν
3862 4070 3981 4120 Ka-

2407 4164 2719 4229 φαρναούμ
2750 4160 2909 4232 [vulg.
2942 4161 3361 4233 Καπερναούμ].
3394 4158 3577 4226 Οὗτος
3595 4160 3863 4222 ἀκούσας
3886 4157 3982 4209 ὅτι

2421 4251 2659 4318 Ἰησοῦς
2692 4252 2905 4319 ἥκειὲκ
2934 4252 3045 4320 τῆς
3067 4251 3361 4318 Ἰουδαίας
3393 4255 3477 4315 εἰς
3510 4250 3618 4317 τὴν
3643 4250 3983 4302 Γαλιλαίαν

2408 4341 2644 4411 ἀπῆλθε
2677 4344 2826 4411 πρὸς
2850 4344 3057 4406 αὐτὸν,
3099 4346 3196 4396 καὶ
3219 4343 3411 4411 ἠρώτα
3451 4344 3551 4397 ἵνα
3580 4338 3822 4405 καταϐῇ,
3872 4340 3975 4391 καὶ

2409 4436 2653 4502 ἰάσηται
2699 4435 2885 4489 αὑτοῦ
2925 4434 3033 4487 τὸν
3080 4435 3237 4496 υἱὸν,
3286 4436 3501 4503 ἔμελλε
3551 4432 3657 4501 γὰρ
3706 4430 3973 4495 ducar-ii-

2408 4538 2599 4577 σκειν.
2628 4518 2815 4577 Εἶπεν
2851 4519 2964 4577 οὖν
2992 4526 3024 4575 ό
3081 4522 3319 4587 Ἰησοῦς
3343 4522 3489 4588 πρὸς
3516 4522 3715 4573 αὐτόν.

2481 4617 2736 4687 Πρόσεισι
2780 4617 2877 4686 μὲν
2931 4617 2959 4667 ὁ
3009 4614 3301 4684 βασιλικὸς,
3353 4615 3427 4676 ὼς
3480 4612 3614 4683 πρὸς
3652 4609 3980 4679 θεραπεύειν

723 4710 849 4751 eum
882 4698 969 4751 cui
1011 4697 1083 4751 sit
1134 4698 1365 4751 sanandi
1402 4705 1645 4766 potestas
1678 4717 1690 4753 :
1724 4700 1820 4754 sed
1853 4700 2095 4755 nondum
2139 4701 2301 4755 intel-

2412 4712 2664 4781 ἰσχύοντα
2696 4724 2709 4738 ⁸
2746 4713 2858 4763 νοεῖ
2890 4710 2947 4761 δὲ
2981 4708 3134 4761 οὔπω
3161 4708 3299 4760 κατᾶ
3327 4707 3485 4775 φύσιν
3519 4704 3649 4757 Θεὸν
3678 4702 3803 4754 ὄντα
3837 4717 3850 4730 ·
3883 4702 3981 4751 καί

724 4788 846 4856 ligit
886 4788 1192 4842 secundum
1228 4798 1479 4843 naturam
1515 4805 1637 4846 esse
1677 4789 1890 4845 Deum:
1925 4801 1977 4845 et
2016 4792 2303 4846 Dominum

724 4880 947 4947 quidem
994 4895 1117 4934 eum
1149 4882 1407 4950 appellat,
1440 4882 1533 4935 sed
1569 4898 1751 4936 veram
1786 4883 2188 4939 dominationis
2232 4884 2307 4937 di-

725 4970 985 5037 gnitatem
1016 4984 1360 5039 nequaquam
1396 4971 1445 5025 ei
1479 4973 1697 5027 tribuit.
1737 4974 1954 5043 Alioqui
1976 4976 2125 5029 enim
2159 4976 2310 5031 illico

726 5057 794 5111 ad
825 5073 1001 5129 genua
1027 5060 1147 5129 ejus
1171 5061 1465 5128 accideret,
1496 5074 1824 5134 rogaretque
1854 5080 1961 5120 non
1995 5074 2053 5121 ut
2084 5068 2306 5122 domum

724 5162 784 5200 se
824 5146 1121 5212 conferret,
1180 5158 1232 5205 et
1283 5166 1469 5205 secum
1532 5154 1597 5207 ad
1653 5164 2007 5225 aegrotantem
2064 5172 2297 5227 puerum

722 5238 1109 5305 descenderet,
1152 5240 1246 5296 sed
1287 5244 1470 5311 potius
1523 5253 1581 5298 ut
1635 5261 1734 5315 pro
1786 5263 1885 5302 sua
1938 5256 2210 5318 potestate
2247 5257 2301 5303 et

725 5342 864 5385 nutu
896 5332 1083 5387 divino
1118 5337 1366 5388 morbum
1396 5336 1654 5392 infestum
1681 5341 1945 5410 abigeret.
1980 5342 2125 5408 Quid
2153 5342 2299 5396 enim

724 5437 954 5479 necesse
987 5436 1104 5478 erat
1144 5434 1348 5494 aegroto
1386 5436 1568 5483 astare
1600 5447 1721 5485 eum
1761 5433 1849 5486 cui
1887 5433 2050 5487 etiam
2082 5434 2299 5489 absenti

727 5513 890 5566 facile
934 5520 1150 5581 poterat
1205 5515 1432 5570 reddere
1482 5520 1813 5575 sanitatem?
1851 5520 2140 5588 Quomodo
2169 5539 2300 5577 vero

727 5620 832 5658 non
862 5605 1017 5659 valde
1051 5606 1274 5659 stultum
1312 5617 1395 5661 est
1432 5612 1753 5667 existimare
1783 5615 1961 5683 ipsum
1991 5624 2169 5669 morte
2199 5632 2297 5685 po-

725 5698 920 5748 tiatent
968 5694 1103 5758 fore,
1136 5706 1188 5750 et
1211 5712 1332 5751 cum
1367 5702 1456 5768 qui
1494 5704 1733 5769 repletus
1767 5707 1839 5759 sit
1876 5706 2057 5761 divina
2086 5709 2291 5762 virtute

725 5796 1068 5852 nequaquam
1112 5784 1280 5841 Deum
1314 5803 1436 5843 esse
1468 5796 1695 5865 putare?

2408 4804 2612 4874 Κύριον
2646 4804 2743 4872 μὲν
2781 4800 3065 4863 ἀποκαλεῖ,
3106 4799 3165 4852 τὸ
3194 4799 3237 4851 δ’
3288 4796 3482 4866 ἀληθὲς
3524 4796 3621 4864 τῆς
3658 4792 3977 4861 κυριότητος

2408 4898 2623 4967 ἀξίωμα
2654 4896 2868 4948 δίδωσιν
2896 4891 3165 4962 οὐδαμῶς.
3223 4890 3291 4942 Ἢ
3341 4890 3447 4957 γὰρ
3490 4886 3553 4939 ἂν
3598 4884 3752 4944 εὐθὺς
3806 4882 3980 4933 ἐδεῖτο

2409 4986 2756 5058 προσπεσὼν,
2798 4986 2893 5054 οὺχ
2939 4985 3025 5036 ἵνα
3072 4982 3134 5052 δὴ
3188 4981 3404 5041 πάντως
3435 4978 3525 5029 ἐπὶ
3554 4974 3648 5042 τὴν
3680 4972 3862 5025 ἑστίαν
3888 4970 3983 5038 βα-

2407 5079 2562 5144 δίζοι,
2593 5079 2687 5131 καί⁵
2712 5075 3033 5129 καταϐαίνοι
3064 5073 3159 5124 σὺν
3192 5069 3339 5139 αὑτῷ
3365 5068 3498 5138 πρὸς
3555 5066 3614 5117 τὺ
3661 5061 3982 5134 ἀρῤωστοῦν

2412 5171 2714 5240 μειράκιον,
2747 5167 2863 5220 ἀλλ’
2911 5165 2997 5217 ἵνα
3034 5163 3098 5233 δὴ
3154 5161 3351 5229 μᾶλλον
3402 5152 3837 5221 ὲξουσιαστικῶς,
3886 5151 3983 5203 καὶ

2404 5261 2699 5331 θεοπρεπεί
2747 5260 3125 5329 προστάγματι
3170 5253 3267 5323 τὴν
3305 5249 3679 5319 ἐπισκήψασαν
3727 5244 3981 5307 ἐξελάσαι

2404 5329 2577 5407 νόσον.
2612 5351 2674 5403 Τί
2722 5352 2837 5420 γὰρ
2871 5348 2976 5400 ἔδει
3003 5347 3256 5417 παρεῖναι
3289 5342 3365 5410 τῷ
3418 5342 3673 5409 κάμνοντι
3706 5336 3791 5388 τὸν

2400 5439 2467 5513 ἦν
2504 5442 2761 5495 δύνασθαι
2809 5438 3115 5501 διασώζειν,
3148 5436 3241 5488 καὶ
3268 5434 3478 5493 ἀπόντι,
3509 5429 3735 5501 ῥᾳδίως
3765 5426 3894 5489 Πῶς
3924 5426 3983 5480 δὲ

2403 5536 2521 5587 λίαν
2552 5536 2652 5587 οὐκ
2698 5532 2932 5602 ἀμαθὲς,
2978 5529 3186 5596 ὅτιμὲν
3237 5526 3385 5578 ἔσται
3437 5523 3658 5575 θανάτου
3714 5520 3981 5586 κρείττων

2407 5624 2810 5694 ὑπολαμϐάνειν
2841 5620 3026 5682 etO-iv,
3058 5618 3186 5669 Θεὸν
3212 5617 3265 5668 δὲ
3299 5615 3557 5683 -ῖιπέρχειν
3583 5611 3782 5664 οἴεσθαι
3814 5608 3982 5681 μηδα-

2409 5715 2522 5785 μῶς
2554 5722 2645 5767 τὸν
2680 5710 3020 5782 θεοπρεποῦς
3057 5707 3236 5779 ἰσχύος
3273 5705 3444 5759 πεπλπ
3459 5703 3730 5772 ρωμὲνον;
