4222 6510
256 410 357 430 ’.τὸ

252 432 361 471 uo.)

1312 404 1375 466 IN
1417 406 1699 467 JOANNIS
1737 404 2190 467 EVANGELIL’M
2231 409 2361 466 LIB.
2391 404 2452 466 ll.

3408 411 3515 475 83$

324 534 467 586 Ἐὰν
510 530 596 599 μὴ
620 528 835 597 σημεῖα
866 527 965 580 καὶ
1004 526 1216 595 τέρατα
1260 528 1442 596 ἴδητε,
1478 531 1547 583 οὐ
1595 528 1678 597 μὴ
1739 544 1833 578 πι-

2016 523 2102 590 IV,
2134 526 2221 579 48.
2276 526 2399 582 Nisi
2429 528 2580 598 signa
2613 536 2663 582 et
2691 529 2930 600 prodigia
2966 531 3223 599 videritis,
3263 549 3363 588 non
3408 554 3516 591 cre-

256 626 572 691 στεύσητε.
606 622 771 690 Λέγει
806 620 955 687 πρὸς
990 619 1175 673 αὐτὸν
1199 623 1231 673 ό
1258 621 1603 685 βασιλικός.

338 715 577 786 Ἀπηνὴς
637 716 733 785 μὲν
779 713 859 767 ἔτι
902 717 1014 779 τοῖς
1069 714 1445 784 πλανωμένοις
1498 709 1834 773 ἐναυλίζεται

248 808 401 873 νοῦς,
436 808 597 875 λόγου
623 807 679 860 δέ
710 825 826 870 πως
850 806 1002 860 ἔσται
1044 807 1137 861 τοῦ
1190 805 1485 869 καλοῦντος
1529 806 1607 865 εἰς
1655 802 1838 855 πίστιν

255 905 503 973 κρεῖττον
527 900 587 955 τὸ
617 900 1175 972 θαυματουργὸτερον.
1202 900 1301 953 Διά
1327 915 1391 966 γε
1411 896 1566 951 τοῦτο
1596 896 1837 965 τεράτων

254 993 463 1048 δεῖσθαι
500 992 701 1063 μᾶλλον
736 994 934 1056 αὐτοὺς
963 980 1199 1063 ἔφασκεν
1220 994 1247 1044 ὁ
1280 992 1467 1059 Σωτιηι
1491 989 1571 1050 εἰς
1596 987 1656 1039 τὸ
1679 984 1837 1038 δύνα-

255 1086 382 1140 σθαι
417 1086 615 1156 ῥᾳδίως
647 1085 779 1156 πρὸς
802 1084 863 1137 τὸ
889 1084 1167 1155 συμφέρον
1203 1077 1714 1153 μεταπαιδεύεσθαι,
1744 1075 1837 1129 καὶ

256 1182 346 1233 τὸν
365 1181 492 1233 ὄντα
532 1178 674 1232 κατὰ
702 1176 862 1246 φύσιν
895 1174 1280 1244 ἐπιγινώσκειν
1303 1171 1455 1229 Θεόν.

328 1272 539 1340 Κύριε,
594 1267 884 1336 κατάϐηθι
926 1268 1071 1335 πρὶν
1113 1265 1441 1321 ἀποθανεῖν
1478 1264 1543 1318 τὸ
1596 1263 1836 1317 παιδίον

254 1378 394 1428 μου.

339 1452 549 1519 Ὀλίγαις
575 1449 672 1519 μὲν
702 1448 899 1519 κομιδῆ
934 1447 1070 1518 πρὸς
1099 1447 1315 1501 σύνεσιν
1345 1449 1372 1501 ό
1405 1446 1706 1517 βασιλικὸς,
1742 1464 1837 1516 νη-

255 1547 440 1614 πιάξει
477 1547 534 1601 δέ
594 1564 711 1609 πως
760 1545 888 1615 περ)⁵
938 1546 1037 1614 τὴν
1068 1546 1168 1614 τῆς
1204 1543 1427 1614 χάριτος
1476 1542 1713 1611 αἴτησιν,
1744 1539 1838 1591 καὶ

256 1640 437 1711 ἡρέμα
471 1638 803 1709 παραληρῶν
842 1637 942 1690 οὐκ
971 1636 1307 1691 αἰσθάνεται.
1363 1635 1437 1686 Οὐ
1470 1632 1579 1704 γὰρ
1617 1634 1697 1686 ὅτι
1741 1631 1836 1701 μ’ό-

254 1747 345 1782 νον
392 1728 600 1797 ίσχύσει
645 1726 855 1796 παρὼν,
916 1725 1030 1779 ἀλλ’
1067 1728 1147 1778 ὅτι
1197 1726 1263 1797 δὴ
1302 1724 1519 1787 πάντως
1550 1724 1643 1778 καὶ
1681 1723 1837 1775 ἀπὼν

252 1819 542 1890 ἐνεργήσει
586 1818 1004 1881 πεπιστευκὼς,
1065 1816 1574 1888 ἁξιοπρεπεστάτην
1634 1815 1699 1868 ἂν
1749 1814 1834 1867 ἐπ’

1940 619 2094 672 detis.
2132 618 2271 671 Dicit
2311 616 2520 690 r'egulus
2548 621 2617 673 ad
2651 637 2791 675 eum.

2011 709 2194 765 Durus
2238 712 2458 780 quidem
2504 713 2683 768 adhuc
2714 713 2768 767 in
2812 713 2880 769 iis
2904 722 2986 769 est
3018 716 3255 780 animus,
3288 716 3383 779 sed
3419 735 3515 773 ex-

1940 799 2252 856 hortatione
2278 802 2345 855 ad
2382 802 2542 856 tidem
2583 806 2796 874 potiora
2841 805 3024 861 futura
3068 817 3197 863 sunt
3226 812 3513 868 miracula.

1938 892 2285 964 Proindcque
2308 894 2581 963 prodigiis
2604 911 2742 965 opus
2765 896 2879 953 illis
2903 913 3022 953 esse
3048 898 3297 956 Salvator
3314 903 3514 967 aiebat,

1936 984 2101 1057 204
2142 994 2198 1039 ιιι
2232 985 2394 1040 facile
2437 995 2664 1056 possent
2711 987 2779 1041 ad
2822 989 3103 1043 meliorem
3133 988 3347 1060 frugem
3387 1009 3515 1047 eru-

1939 1077 2067 1140 diri,
2106 1087 2158 1132 et
2185 1092 2490 1149 agnoscere
2535 1077 2707 1133 Deum
2739 1094 2860 1135 esse
2889 1081 3194 1136 secundum
3239 1091 3513 1140 naturam.

2011 1250 2102 1321 lV,
2142 1256 2231 1312 49.
2288 1256 2533 1324 Domine,
2587 1258 2840 1315 descende
2894 1261 3203 1332 priusquam
3254 1265 3519 1320 moriatur

1936 1349 2085 1418 ﬁlius
2119 1366 2283 1403 meus.

2009 1438 2289 1510 Angustus
2325 1441 2481 1498 valde
2507 1453 2595 1498 est
2632 1443 2806 1512 reguli
2842 1443 3084 1511 animus,
3115 1446 3248 1516 quin
3285 1462 3517 1517 puerum

1940 1547 2000 1587 se
2035 1534 2221 1601 prodit
2249 1537 2303 1587 In
2340 1535 2572 1601 petenda
2605 1536 2805 1605 gratia,
2848 1550 2950 1590 nec
2997 1539 3164 1593 sentit
3208 1554 3268 1594 se
3312 1540 3517 1595 sensim

1938 1622 2195 1679 delirare.
2230 1620 2368 1676 Nam
2411 1626 2458 1680 si
2490 1639 2599 1677 non
2630 1625 2794 1680 modo
2824 1636 3149 1696 praesentem
3178 1673 3190 1697 ,
3226 1631 3320 1686 sed
3348 1633 3518 1686 etiam

1940 1714 2228 1769 absentem
2272 1713 2554 1770 Christum
2593 1717 2698 1770 vim
2732 1732 2886 1772 suam
2923 1734 3179 1777 exserere
3204 1739 3367 1793 posse
3398 1739 3520 1779 cre-

1941 1806 2193 1873 didisset,
2226 1806 2293 1861 de
2324 1808 2419 1860 illo
2468 1822 2567 1876 pro
2598 1822 2663 1862 eo
2698 1822 2761 1862 ac
2810 1810 2968 1865 decet
3014 1814 3304 1869 sensisset.
3361 1814 3519 1870 Nunc

252 1912 409 1981 αὐτῷ
440 1912 539 1980 τὴν
571 1910 827 1979 διάληψιν
869 1909 1185 1979 ἐποιήσατο.
1228 1906 1365 1960 Νυνὶ
1401 1906 1459 1959 δὲ
1513 1905 1728 1975 φρονῶν
1778 1919 1837 1955 τε

1942 1906 2127 1951 autem
2164 1897 2570 1953 absurdissime
2610 1899 2773 1953 sentit
2822 1916 2886 1954 ac
2937 1902 3069 1956 facit
3116 1906 3209 1973 qui
3256 1907 3518 1963 virtutem

253 2004 351 2055 καὶ
386 2003 640 2072 πράττων
669 1997 1123 2069 παραλογώτατα,
1153 1998 1250 2068 τὴν
1294 1997 1412 2066 Θεῷ
1458 1996 1556 2066 μὲν
1593 1994 1833 2066 πρέπου-

255 2108 357 2145 σαν
390 2093 540 2161 ἰσχὺν
575 2092 815 2155 ἀπαιτεῖ,
849 2090 923 2152 ὡς
957 2088 1013 2142 δὲ
1040 2087 1175 2141 Θεὸν
1209 2088 1309 2140 οὐκ
1338 2086 1510 2139 οἴεται
1550 2084 1619 2138 τὰ
1659 2084 1836 2137 πάντα

253 2181 522 2253 πληροῦν,
555 2181 669 2234 ἀλλ’
699 2180 820 2234 οὑδὲ
852 2177 1084 2233 Θανάτου
1132 2175 1463 2247 γενήσεσθαι
1529 2176 1833 2246 κρείττονα,

253 2270 433 2323 καίτοι
454 2269 531 2341 τῷ
568 2269 804 2341 πλείστῳ
820 2268 1160 2340 κρατηθέντα
1193 2265 1633 2321 πλεονεκτεῖσθαι
1663 2281 1836 2334 παρα-

253 2362 440 2416 καλῶν
472 2379 484 2392 ·
516 2362 706 2433 ἔμελλε
740 2362 849 2430 γὰρ
879 2360 1246 2431 ἀποθνήσκειν
1272 2360 1299 2411 ὁ
1327 2360 1479 2421 παῖς.

327 2454 497 2523 Λέγει
518 2453 677 2519 αὑτῷ
705 2457 737 2508 ὀ
784 2451 1025 2520 Ἰησοῦς
1048 2468 1060 2483 ο
1090 2450 1376 2517 Πορεύου,
1398 2453 1430 2504 ό
1445 2450 1575 2515 υἱός
1599 2465 1714 2503 σου
1746 2445 1834 2517 ζῇ.

328 2547 516 2611 Οὕτως
549 2548 657 2601 ἔδει
683 2545 1008 2600 πιστεύοντα
1035 2540 1384 2614 προσελθεῖν,
1434 2542 1549 2595 ἀλλ’
1607 2542 1667 2594 οὐ
1718 2542 1837 2604 ταῖς

253 2636 417 2711 ἡμῶν
444 2639 707 2709 ἀμαθίαις
734 2637 1053 2707 φιλονεικῶν
1119 2637 1309 2705 ὁρᾶται
1358 2633 1590 2705 Χριστός
1620 2649 1632 2661 ·
1679 2633 1837 2707 εὐερ-

250 2733 410 2797 γετεῖ
438 2730 495 2782 δὲ
527 2729 690 2783 πάλιν
721 2729 816 2781 καὶ
858 2726 1175 2789 πταίοντας,
1213 2723 1288 2788 ὡς
1331 2724 1481 2787 Θεός.
1530 2726 1707 2794 Ὅπερ
1744 2718 1838 2777 οὖν

252 2822 365 2875 ἔδει
398 2821 605 2893 δρῶντα
632 2817 1032 2889 θαυμάζεσθαι,
1072 2817 1231 2870 τοῦτο
1274 2817 1368 2871 καὶ
1408 2815 1485 2886 μὴ
1539 2816 1839 2886 δεδρακότα

250 2913 497 2967 διδάσκει
529 2909 620 2964 τὸν
643 2912 948 2982 ἄνθρωπον,
972 2908 1107 2978 ὁμοῦ
1140 2909 1358 2960 καὶτῶν
1395 2907 1693 2961 καλλίστων
1724 2910 1837 2961 εἰσ-

253 3003 508 3074 ηγητὴς,
536 3003 631 3055 καὶ
678 3001 787 3053 τῶν
821 3002 878 3053 ὲν
922 3000 1106 3069 εὐχαῖς
1158 2999 1378 3067 ἀγαθῶν
1421 3000 1655 3070 χορηγὸς
1709 3001 1838 3053 ἁνα-

251 3094 627 3162 δεικνύμενος.
677 3092 764 3143 Ἐν
802 3090 901 3159 μὲν
960 3089 1070 3157 γὰρ
1125 3088 1206 3157 τῷ
1257 3107 1274 3139 ι
1310 3088 1549 3157 Πορεύου
1585 3107 1602 3139 ι
1640 3089 1701 3141 τὸ
1749 3106 1839 3142 πι-

257 3186 471 3239 στεύειν
496 3183 663 3248 ὲστὶν,
694 3185 751 3236 ὲν
788 3181 843 3234 δὲ
866 3180 941 3251 τῷ
969 3199 985 3233 ι
1037 3181 1097 3232 ὐ
1126 3181 1238 3242 υἱός
1264 3197 1356 3233 σου
1393 3179 1481 3250 ζῇ,
1527 3198 1545 3232 ι
1582 3179 1690 3231 τῶν
1740 3197 1835 3233 πο-

1944 1987 2053 2043 Deo
2106 1990 2323 2058 quidem
2372 1991 2788 2046 convenientem
2826 1996 3087 2061 postulat,
3128 1996 3222 2051 sed
3258 2007 3315 2052 ut
3347 1998 3518 2054 Deum

1943 2084 2171 2153 implere
2233 2096 2435 2141 cuncta
2500 2088 2679 2157 ipsum
2742 2106 2851 2145 non
2910 2091 3211 2157 existimat,
3264 2092 3360 2146 sed
3415 2106 3519 2147 nec

1942 2185 2174 2230 mortem
2203 2187 2614 2248 superaturum,
2660 2182 2785 2237 licet
2810 2182 2923 2253 jam
2960 2185 3073 2238 fere
3118 2184 3392 2239 morituro
3435 2184 3521 2254 ip-

1941 2283 2062 2322 sum
2125 2270 2385 2339 opitulari
2450 2282 2671 2345 rogaret
2727 2294 2740 2331 :
2813 2276 3112 2345 incipiebat
3166 2277 3315 2332 enim
3376 2277 3519 2333 mori

1940 2376 2097 2431 puer.

2010 2452 2101 2517 IV,
2140 2453 2229 2509 50.
2291 2454 2435 2510 Dicit
2457 2457 2505 2510 ei
2528 2455 2725 2511 Iesus:
2759 2455 2920 2517 Vade.
2946 2460 3091 2529 ﬁlius
3124 2469 3245 2515 tuus
3268 2462 3409 2518 uiuit.

2012 2545 2104 2601 Sic
2132 2550 2419 2618 oportebat
2452 2551 2764 2608 credentem
2803 2557 3106 2621 accedere,
3139 2556 3237 2610 sed
3267 2562 3517 2611 nostram

1940 2640 2275 2709 imperitiam
2318 2642 2574 2700 Christus
2630 2660 2737 2699 non
2789 2646 2994 2714 rejicit,
3045 2648 3177 2716 quin
3227 2657 3518 2718 peccantes

1940 2731 2102 2783 etiam
2142 2730 2421 2787 beneﬁciis
2450 2731 2631 2797 allicit,
2670 2743 2730 2788 ut
2773 2732 2939 2790 Deus.
2980 2734 3136 2801 Quod
3167 2736 3338 2804 igitur
3367 2736 3519 2792 laudi

1940 2831 2088 2876 esset
2120 2821 2350 2885 homini,
2386 2824 2429 2876 si
2461 2823 2683 2891 faceret,
2720 2825 2821 2879 hoc
2853 2826 3019 2879 etiam
3052 2842 3158 2881 non
3195 2826 3394 2883 fecisse
3418 2826 3518 2881 do.

1940 2924 2026 2967 cet
2109 2916 2271 2969 simul
2326 2917 2593 2971 virtutum
2646 2918 2907 2988 magister
2966 2926 3019 2973 et
3068 2920 3336 2973 bonorum
3394 2931 3518 2992 qua

1940 3014 2201 3077 petuntur
2234 3008 2458 3077 largitor
2488 3009 2843 3065 constitutus.
2883 3008 3017 3063 Nam
3047 3012 3101 3065 in
3134 3028 3199 3067 eo
3224 3013 3374 3082 quod
3416 3012 3516 3080 ait,

1945 3118 1963 3149 ι
1996 3096 2166 3165 Vade,
2205 3118 2223 3151 ι
2256 3099 2391 3154 ﬁdes
2421 3108 2502 3155 est
2529 3118 2541 3166 ;
2572 3102 2624 3155 in
2656 3118 2720 3156 eo
2748 3117 2878 3157 vero
2905 3102 3050 3173 quod
3082 3102 3235 3170 dicit,
3292 3123 3309 3158 ι
3340 3100 3517 3160 Filius

1939 3198 2069 3246 tuus
2109 3192 2264 3256 vivit,
2306 3210 2325 3245 ι
2360 3192 2439 3246 rei
2480 3201 2680 3263 optatae
2713 3198 3119 3250 consummatio
3153 3213 3277 3251 cum
3312 3197 3517 3269 ingenti

253 3274 593 3343 θουμὲνωνή
628 3248 924 3341 πλήρωσις
958 3270 1099 3340 μετὰ
1137 3269 1339 3338 πολλῆς
1382 3248 1528 3333 τινος
1573 3269 1667 3321 καὶ
1712 3270 1831 3321 θεο-

1934 3280 2170 3349 quadam
2199 3290 2254 3337 et
2284 3282 2393 3339 Deo
2429 3285 2776 3340 convenienti
2811 3294 3081 3355 potestate
3108 3286 3306 3342 elucet.

255 3364 501 3435 πρεποῦς
529 3362 772 3427 ἐξουσίας
800 3360 1185 3430 ἐκφαινομένη.

344 3458 731 3509 Ἐπίστευσεν
757 3456 789 3507 ό
818 3453 1127 3521 ἅνθρωπος
1148 3450 1227 3515 τῷ
1247 3450 1428 3520 λόγῳ,
1455 3443 1499 3515 ᾧ
1529 3446 1697 3503 εἶπεν
1724 3452 1832 3503 αὐ-

255 3549 340 3615 τῷ
368 3552 399 3602 ό
422 3548 683 3615 Ἰησοῦς,
708 3547 805 3599 καί
832 3545 1169 3612 ἐπορεύετο.
1213 3543 1367 3610 Ἤδη
1409 3542 1475 3595 δὲ
1514 3542 1702 3596 αὐτοῦ
1732 3558 1835 3595 κα-

252 3641 664 3704 ταϐαίνοντος,
706 3640 759 3691 oi
793 3636 1001 3689 δοῦλοι
1032 3633 1217 3688 αὑτοῦ
1247 3634 1611 3702 ἀπήντησαν
1650 3631 1831 3697 αὐτῷ,

254 3734 357 3787 καὶ
382 3732 750 3800 ἀπήγγειλαν
778 3729 1085 3798 λέγοντες,
1108 3726 1195 3779 ὅτι
1236 3729 1268 3779 ό
1294 3727 1424 3791 υἱός
1445 3742 1560 3778 σου
1600 3724 1690 3793 ζῇ.

336 3825 434 3877 Ἓν
458 3822 551 3875 τοῦ
578 3821 827 3889 Σωτῆρος
859 3818 1138 3888 ἐπίταγμα
1173 3817 1267 3870 δύο
1295 3815 1587 3887 θεραπεύει
1635 3815 1829 3884 ψυχάς.

254 3913 351 3983 Τῷ
381 3912 483 3983 μὲν
514 3910 621 3980 γὰρ
651 3906 915 3979 βασιλικῷ
948 3906 1047 3977 τὴν
1092 3905 1331 3975 ἀσυνήθη
1385 3905 1566 3957 πίστιν
1612 3904 1837 3974 ἐνεργὰ-

257 4007 436 4069 ζεται,
476 4002 706 4055 θανάτου
736 4000 794 4052 δὲ
830 3999 889 4052 τὸ
921 3998 1203 4069 μειράκιον
1250 3997 1459 4063 ὲξέλκει
1501 3996 1835 4067 σωματικοῦ.

256 4094 358 4159 Τίς
408 4094 464 4146 δὲ
508 4093 613 4163 πρὸ
659 4091 803 4153 τίνος
856 4090 993 4153 ὅλως
1020 4087 1304 4157 ὑγιάζεται
1336 4089 1568 4158 χαλεπὸν
1610 4090 1783 4141 εἰπεῖν
1821 4105 1835 4118 ο

256 4191 430 4259 ἄμφω
463 4185 589 4257 γὰρ,
616 4180 790 4254 οἶμαι,
820 4182 961 4236 κατὰ
1002 4182 1197 4235 ταυτὸν
1242 4180 1559 4252 σύνδρομον,
1593 4183 1703 4243 τοῖς
1741 4178 1836 4232 τοῦ

257 4280 511 4349 Σωτῆρος
536 4276 693 4347 ἡμῶν
733 4274 1071 4343 ἐπιτάγμασι
1100 4273 1200 4343 τῆς
1228 4272 1382 4325 νόσου
1420 4272 1693 4341 λαϐούσης
1740 4271 1836 4341 τὴν

254 4370 431 4423 λύσιν.
467 4366 895 4434 Ἀπαγγέλλουσι
941 4363 996 4417 δὲ
1024 4363 1122 4433 τὴν
1167 4359 1258 4415 τοῦ
1321 4361 1504 4423 παιδὸς
1542 4360 1837 4431 θεραπείαν

257 4458 603 4518 ὑπαντῶντες
630 4456 836 4508 οἰκεῖται
867 4452 1023 4523 ὁμοῦ,
1079 4453 1173 4505 καὶ
1202 4452 1308 4504 τῶν
1340 4450 1499 4503 θείων
1531 4451 1837 4521 ἐπιταγμά-

2007 3453 2096 3521 IV,
2147 3456 2235 3521 50,
2270 3457 2356 3512 5i.
2396 3458 2636 3513 Credidit
2666 3462 2819 3516 homo
2850 3467 3082 3518 sermoni
3122 3482 3273 3535 quem
3304 3468 3441 3522 dixit
3466 3467 3517 3523 ei

1934 3545 2112 3611 Jesus,
2145 3556 2193 3600 et
2220 3546 2353 3600 ibat.
2385 3547 2510 3601 Jam
2546 3559 2721 3604 autem
2766 3568 2823 3605 eo
2848 3554 3208 3617 descendente,
3259 3557 3393 3610 servi
3424 3572 3518 3611 oc-

1935 3649 2215 3692 currerunt
2256 3642 2325 3704 ei,
2377 3650 2426 3695 et
2465 3643 2863 3710 nuntiaverunt,
2911 3645 3162 3711 dicentes,
3204 3650 3328 3717 quia
3372 3650 3515 3718 ﬁlius

1932 3727 2046 3794 ejus
2086 3730 2293 3782 viveret.

2006 3817 2189 3873 Unum
2224 3820 2533 3877 Salvatoris
2569 3824 2885 3879 mandatum
2915 3825 3055 3882 duas
3089 3835 3250 3882 sanat
3275 3830 3512 3887 animas.

1937 3904 1996 3963 ιη
2032 3911 2225 3978 regulo
2267 3912 2471 3980 quippe
2517 3913 2795 3967 insolitam
2840 3915 2999 3968 ﬁdem
3041 3926 3326 3985 operatur,
3364 3928 3419 3974 et
3447 3936 3515 3976 ex

1938 4014 2201 4069 corporea
2236 4010 2412 4056 morte
2436 4003 2906 4058 adolescentulum
2936 4007 3121 4076 eripit.
3162 4007 3293 4063 Uter
3329 4018 3512 4079 autem

1938 4091 2092 4162 prior
2148 4100 2373 4146 sanetur
2419 4092 2637 4148 dillicile
2688 4096 2833 4149 dictu
2858 4105 2974 4163 est;
3035 4100 3196 4153 ambo
3242 4101 3412 4162 enim,
3453 4110 3515 4155 ut

1937 4196 2083 4247 reor,
2116 4182 2306 4237 eodem
2335 4193 2580 4254 tempore
2604 4184 2910 4243 Salvatoris
2941 4191 3115 4243 nostri
3136 4192 3297 4260 jussu
3317 4193 3518 4249 morbo

1938 4277 2119 4330 soluto
2181 4278 2359 4331 sanati
2412 4277 2657 4333 fuerunt.
2713 4279 2868 4335 Servi
2924 4290 3103 4335 autem
3133 4293 3513 4353 occurrentes,

1939 4367 2092 4435 pueri
2133 4367 2468 4421 curationem
2502 4370 2830 4424 annuntiant
2867 4370 3025 4438 juxta
3059 4379 3113 4425 ct
3150 4371 3319 4430 divini
3354 4391 3513 4430 man-

1939 4457 2052 4511 dati
2076 4459 2435 4526 celeritatem,
2460 4462 2679 4517 Christo
2711 4462 2765 4515 id
2798 4463 2987 4531 utique
3013 4465 3189 4532 palam
3219 4468 3512 4523 ordinante

252 4566 370 4602 των
402 4545 879 4605 ἀπολευκαίνοντες
898 4534 997 4613 τὴν
1010 4540 1240 4611 ὀξύτητα
1262 4557 1274 4569 ·
1303 4539 1572 4593 καὶτοῦτο
1596 4541 1661 4610 δὴ
1694 4542 1834 4611 μάλα

1939 4554 1992 4599 et
2023 4546 2299 4601 inﬁrmum
2333 4548 2615 4604 dominum
2664 4551 2815 4606 illum
2844 4554 2958 4621 spei
3006 4564 3203 4611 eventu
3236 4556 3302 4611 ad
3350 4556 3509 4612 tidem

258 4640 451 4707 σαφῶς
474 4636 879 4706 οίκονομοῦντος
904 4633 1161 4705 Χριστοῦ,
1195 4633 1289 4686 καὶ
1317 4632 1392 4702 τῷ
1424 4633 1561 4685 τέλει
1600 4634 1698 4703 τῆς
1753 4635 1837 4687 ὲ).-

259 4731 417 4792 πίδος
453 4730 587 4798 ταχὺ
635 4726 976 4797 βεῦαιοῦντος
1011 4727 1090 4789 είς
1138 4725 1322 4779 πίστιν
1367 4722 1693 4777 ἀσθενοῦντα
1747 4727 1836 4777 τὸν

257 4820 556 4888 δεσπότην.

349 4914 626 4965 Ἐπὺθετο
660 4904 772 4964 οὖν
791 4910 926 4977 παρ’
950 4908 1147 4962 αὐτῶν
1184 4907 1297 4973 τὴν
1324 4905 1505 4974 ὥραν,
1527 4908 1595 4959 ἐν
1625 4902 1663 4979 ᾗ
1691 4926 1833 4977 κομ-

259 5004 526 5073 ⁴ιὰιότερον
572 5002 737 5070 ἔσχε.
786 4999 895 5053 Καὶ
922 4994 1093 5051 εἶπον
1121 4994 1279 5061 αὐτῷ
1331 4997 1451 5061 ὅτι,
1489 4996 1636 5062 Χθές
1676 4996 1834 5063 ὥραν

257 5093 523 5162 ἑϐδόμην
553 5091 787 5161 ἀφῆκεν
819 5090 1005 5145 αὐτὸν
1045 5092 1078 5143 ό
1109 5089 1378 5157 πυρετός.
1425 5090 1611 5157 Ἔγνω
1658 5083 1771 5142 οὖν
1801 5092 1833 5141 ό

259 5182 470 5251 Πατὴρ
489 5224 502 5242 .
539 5181 629 5234 ὅτι
653 5183 938 5247 ὲνέκείνῃ
966 5178 1038 5247 τῇ
1063 5178 1180 5245 ὥρᾳ
1204 5219 1218 5243 ,
1254 5179 1321 5231 ἐν
1348 5172 1387 5249 ᾖ
1421 5175 1588 5231 εἶπεν
1619 5178 1779 5244 αὐτῷ
1802 5181 1833 5231 ὀ

272 5271 529 5340 Ἰησοῦς,
560 5270 646 5323 ὅτι
679 5270 731 5321 '0
756 5270 883 5335 υἱός
917 5285 1032 5322 σου
1073 5265 1173 5333 ζῇ·
1210 5267 1305 5319 καὶ
1340 5267 1703 5319 ἐπίστευσεν
1724 5268 1832 5320 αὺ-

256 5364 391 5429 τός,
414 5362 511 5415 καὶ
541 5362 578 5428 ἡ
596 5363 750 5414 οίκία
775 5359 961 5413 αὑτοῦ
984 5357 1117 5425 ὅλη.
1147 5358 1325 5411 Τοῦτο
1350 5356 1534 5411 πάλιν
1554 5356 1834 5424 δεύτερον

258 5454 518 5525 σημεῖον
551 5452 837 5519 ἐποίησεν
876 5454 907 5504 ὀ
950 5450 1182 5518 Ἰησοῦς
1219 5448 1413 5501 ἐλθὼν
1444 5450 1511 5501 ἐκ
1549 5447 1659 5515 τῆς
1702 5450 1837 5502 ἰου-

257 5548 438 5611 δαίας
464 5548 550 5608 εἰς
568 5544 682 5610 τὴν
700 5544 1051 5598 Γαλιλαίαν.

345 5638 803 5693 Ἀναπυνθάνεται
832 5638 928 5708 τὴν
952 5636 1099 5707 ὥραν
1133 5636 1230 5705 τῆς
1256 5636 1347 5687 ἐπὶ
1383 5634 1442 5687 τὸ
1471 5636 1715 5703 κρεῖττον
1743 5632 1836 5687 τοῦ

1940 4638 2052 4692 cito
2090 4637 2464 4694 conlirmante.

2003 4891 2094 4961 ιν,
2146 4894 2331 4951 52-54.
2388 4895 2755 4971 Interrogabat
2797 4918 2917 4973 ergo
2964 4902 3152 4957 horam
3214 4901 3281 4957 ab
3322 4906 3397 4959 eis
3452 4906 3507 4959 in

1933 5000 2035 5054 qua
2065 4988 2251 5045 melius
2274 4990 2532 5045 habuerit.
2572 4991 2638 5045 Et
2665 4993 2911 5047 dixerunt
2941 4995 2990 5048 ei
3036 4996 3184 5063 quia,
3217 4998 3345 5049 Heri
3378 4995 3510 5051 hora

1942 5085 2161 5152 septima
2193 5082 2404 5151 reliquit
2466 5099 2585 5137 eum
2640 5083 2823 5151 febris.
2878 5084 3131 5153 Cognovit
3176 5085 3337 5156 205
3387 5098 3510 5157 ergo

1938 5185 2089 5245 pater
2131 5177 2255 5245 quia
2296 5175 2394 5229 illa
2438 5175 2570 5229 hora
2623 5185 2739 5230 erat
2791 5178 2845 5229 in
2899 5192 3003 5245 qua
3045 5177 3181 5229 dixit
3228 5177 3277 5231 ei
3311 5174 3510 5232 Iesus:

1944 5266 2119 5322 Filius
2151 5276 2272 5321 tuus
2324 5267 2467 5321 vivit.
2524 5266 2591 5321 Et
2623 5266 2842 5321 credidit
2886 5267 3015 5335 ipse,
3056 5275 3104 5320 et
3153 5265 3340 5318 domus
3394 5265 3510 5335 ejut

1944 5369 2071 5413 tota.
2102 5358 2214 5413 Hoc
2247 5362 2435 5413 iterum
2474 5360 2758 5414 secundum
2784 5362 2991 5429 signum
3027 5359 3147 5426 fecit
3175 5356 3355 5423 Iesus,
3392 5366 3511 5411 cum

1941 5455 2159 5508 uenisset
2188 5471 2221 5507 a
2247 5453 2440 5508 Judaa
2470 5455 2523 5507 in
2552 5452 2851 5509 Galilwam.

2015 5629 2345 5685 Sciscitatur
2378 5646 2482 5701 qua
2518 5630 2653 5684 hora
2696 5637 2934 5700 aegrotus
2968 5630 3364 5683 convalescere
3400 5641 3515 5681 casa

257 5731 546 5792 νοσοῦντος
594 5729 796 5799 ῥοπῆς,
854 5730 900 5781 εἰ
952 5727 1233 5797 συντρέχει
1276 5724 1585 5794 δοκιμάζων
1630 5723 1707 5792 τῷ
1737 5724 1837 5793 τῆς

1941 5731 2116 5792 perat,
2156 5730 2213 5776 ut
2267 5723 2582 5791 exploraret
2636 5736 2704 5775 an
2752 5728 3089 5775 momentum
3142 5718 3277 5774 illud
3322 5718 3517 5788 gratiae

258 5822 485 5893 χάριτος
513 5820 703 5888 χρόνῳ.
749 5817 963 5887 Ἐπειδὴ
989 5818 1043 5871 δὲ
1069 5816 1239 5881 οὕτως
1266 5816 1408 5885 ἔχειν
1428 5856 1442 5881 ,
1471 5816 1561 5869 καὶ
1593 5815 1689 5885 οὐχ
1717 5814 1833 5866 ἐτέ-

1943 5814 2174 5883 tcmpori
2207 5821 2557 5885 congrueret.
2594 5812 2891 5884 Postquam
2921 5818 3101 5868 autem
3134 5811 3207 5867 ita
3252 5825 3362 5867 rem
3389 5817 3513 5864 esse
