4244 6500
741 421 847 478 335

1734 419 1791 472 S.
1823 415 2098 473 CYRILLI
2124 417 2602 475 ALEXANDRINI
2644 418 2968 480 ARCHIEP.

3897 432 4009 492 336

735 533 1027 601 comperit,
1050 546 1175 587 cum
1220 538 1331 586 tota
1361 529 1525 584 domo
1556 528 1819 595 salvator,
1852 530 2101 585 miraculi
2141 531 2313 584 virtu-
2342 538 2381 592 Α

2342 538 2381 592 Α
2418 549 2527 600 ρως
2561 533 2887 601 ἐδιῶσκετο,
2920 534 3149 598 σώζεται
3178 538 3416 607 πανοικὶ,
3441 539 3538 612 τὴν
3568 539 3662 595 τοῦ
3702 544 4008 615 παραδόξων

736 636 845 681 tem
906 625 1127 680 Christo
1174 623 1461 689 tribuens,
1499 634 1553 677 ct
1604 623 1896 691 quemdam
1956 623 2123 677 veluti
2173 623 2310 693 grati

736 716 908 771 animi
944 715 1203 776 fruetum,
1236 710 1532 767 ﬁrmiorem
1566 727 1761 782 nempe
1796 712 1981 779 (idem,
2014 713 2271 769 oll‘crens.

806 893 1014 956 v.14.
1053 892 1184 947 Post
1224 892 1334 947 lrrec
1374 898 1489 944 erat
1529 891 1640 945 dies
1683 891 1848 961 festus
1886 889 2221 956 Judazorum,
2260 901 2311 945 et

736 982 973 1036 ascendit
1006 981 1160 1035 Jesus
1210 979 1656 1051 Hierosolymam.
1692 978 1788 1033 Est
1836 990 2013 1033 autem
2050 979 2309 1035 Hieroso-

735 1076 893 1145 lymis
914 1072 1457 1142 'probaticapiscina,
1480 1087 1598 1141 σπη’
1620 1070 2022 1139 cognominatur
2052 1069 2313 1126 Hebraice

735 1164 1045 1225 licthsaida,
1073 1165 1296 1233 quinque
1341 1165 1576 1231 porticus
1626 1162 1844 1218 habens.
1876 1162 1943 1216 In
1975 1163 2056 1217 Itis
2097 1164 2311 1233 jacebat

734 1257 1019 1310 multitudo
1069 1272 1262 1326 magna
1314 1257 1695 1326 languentium,
1751 1270 2033 1320 cwcorum,
2092 1257 2310 1311 claudo-

735 1366 876 1417 rum,
896 1348 1193 1412 aridorum,
1213 1350 1631 1415 exspectantium
1659 1364 1810 1419 aqua:
1836 1357 2056 1401 motum.
2075 1347 2309 1417 Angelus

734 1444 876 1497 enim
906 1442 1121 1494 Domini
1153 1438 1500 1493 descendebat
1535 1439 1818 1493 secundum
1848 1449 2045 1507 tempus
2072 1438 2125 1492 in
2150 1439 2311 1507 pisci-

735 1548 878 1595 nam,
913 1540 960 1583 et
1003 1528 1308 1582 movebatur
1340 1544 1497 1596 aqua.
1537 1527 1601 1579 Et
1655 1529 1743 1595 qui
1777 1528 1925 1597 prior
1956 1527 2309 1583 descendisset

722 1625 788 1674 in
825 1621 1088 1689 piscinam
1139 1628 1253 1687 post
1302 1619 1583 1671 motionem
1639 1636 1811 1687 aquas,
1855 1635 2017 1674 sanus
2066 1619 2226 1687 ﬁebat
2276 1636 2310 1673 a

731 1728 1037 1783 quacunque
1068 1709 1396 1764 detinebatur
1422 1711 1754 1779 inﬁrmitate.

800 1882 920 1936 Non
966 1889 1174 1937 temere
1224 1882 1418 1938 beatus
1468 1883 1808 1952 evangelista
1862 1884 2139 1954 prtedictis
2173 1901 2305 1942 con-

729 1978 910 2046 jungit
952 1974 1256 2029 Salvatoris
1293 1976 1346 2028 in
1381 1976 1571 2029 urbem
1615 1973 2123 2046 Hierosolymorum
2180 1979 2307 2035 red-

734 2077 893 2136 itum;
919 2069 1013 2125 sed
1045 2069 1091 2123 ci
1124 2068 1467 2137 propositum
1496 2074 1613 2121 erat
1645 2068 2040 2134 ostendere,ut
2066 2071 2303 2138 videtur,

732 2169 1001 2232 quantum
1055 2160 1377 2231 alienigena:
1429 2156 1633 2213 Judaeis
1685 2158 1976 2214 obedieudi
2044 2160 2305 2218 facultate

720 2259 1083 2324 praestarent,
1124 2258 1178 2304 et
1220 2254 1429 2320 quanta
1477 2256 1799 2303 cerneretur
1837 2250 1890 2302 in
1924 2250 2178 2321 utrisque
2216 2252 2302 2305 in-

730 2344 881 2414 genii
924 2358 988 2397 ac
1018 2356 1234 2396 morum
1278 2338 1615 2395 diﬂerentia.
1663 2340 1777 2396 lloc
1809 2342 1959 2397 enim
2004 2350 2167 2411 pacto
2217 2343 2305 2397 di-

730 2451 889 2492 scere
930 2434 1151 2497 licebat,
1184 2433 1337 2501 justo
1378 2432 1807 2500 cunctipotentis
1845 2432 1938 2487 Dei
1982 2433 2213 2502 judicio,
2250 2442 2304 2489 et

725 2541 1023 2600 personam
1079 2524 1332 2591 accipere
1363 2523 1667 2579 nescientis
1716 2521 1972 2579 lsraelem
2020 2540 2115 2593 spe
2156 2527 2304 2580 exci-

723 2622 883 2687 dere,
920 2620 1058 2675 etin
1094 2618 1217 2688 ejus
1256 2617 1439 2670 locum
1481 2617 1724 2685 gentium
1771 2618 2180 2674 multitudinem
2219 2620 2305 2673 in-

724 2714 879 2766 duci.
910 2712 1089 2766 Grave
1136 2715 1318 2764 autem
1350 2722 1459 2762 non
1489 2708 1594 2762 erit
1629 2708 1924 2764 collatione
1957 2711 2195 2780 capitum
2240 2726 2304 2767 ea

728 2822 851 2876 quae
875 2806 1136 2861 dicuntur
1159 2801 1486 2874 expendere.
1512 2798 1765 2856 Ostendit
1794 2802 1963 2872 igitur
1990 2804 2167 2871 ipsum
2196 2818 2304 2857 uno

716 2896 947 2966 quidem
981 2895 1255 2948 miraculo
1294 2891 1770 2945 Samaritanorum
1804 2892 1994 2946 urbem
2025 2906 2301 2959 servasse,

726 2990 836 3040 alio
885 2985 1072 3040 itidem
1128 2985 1280 3038 illum
1323 2984 1598 3052 regulum,
1631 2993 1684 3037 et
1733 2998 1832 3051 per
1870 2984 2003 3037 illud
2042 2984 2163 3054 ejus
2209 2987 2306 3041 do-

723 3081 843 3133 mui
877 3078 1163 3147 suppetias
1191 3076 1417 3130 omnino
1458 3075 1671 3130 tulisse.
1705 3074 1969 3131 Testatus
1998 3086 2180 3130 autem
2216 3077 2304 3132 his

724 3170 912 3225 verbis
963 3166 1440 3239 promptissimum
1489 3179 1615 3219 esse
1666 3164 1993 3235 alienigenis
2045 3167 2115 3220 ad
2167 3168 2299 3221 obe-

727 3261 988 3317 diendum
1025 3258 1295 3321 studium,
1330 3270 1554 3309 rursum
1595 3254 1973 3328 Hierosolyma
2010 3257 2162 3312 illum
2201 3259 2304 3312 mi-

727 3354 1045 3408 raculorum
1095 3350 1365 3405 editorem
1418 3348 1668 3412 reducit,
1707 3360 1763 3402 et
1799 3364 1911 3403 rem
1951 3348 2063 3405 Deo
2100 3366 2303 3405 conve-

726 3445 969 3499 nientem
1022 3441 1205 3496 facere
1260 3440 1521 3495 ostendit.
1563 3438 1874 3494 luveterato
1917 3442 2063 3495 enim
2114 3443 2305 3497 morbo

728 3537 1085 3609 paralyticum
1140 3534 1358 3587 liberat.
1393 3532 1553 3587 sicuti
1609 3531 1869 3585 nimirum
1915 3533 2301 3589 moribundum

724 3629 902 3700 reguli
935 3627 1133 3682 ﬁlium.
1167 3624 1274 3679 Sed
1304 3624 1393 3678 hic
1418 3638 1541 3675 cum
1569 3623 1827 3679 universa
1857 3622 2021 3680 domo
2045 3626 2301 3693 credidit,

727 3730 781 3775 et
834 3719 1005 3773 Deum
1068 3719 1358 3772 confessus
1417 3722 1505 3769 est
1554 3714 1743 3771 Jesum
1794 3736 1805 3771 :
1856 3718 1955 3771 illi.
2013 3733 2137 3772 cum
2177 3735 2300 3774 eum

727 3813 894 3883 206
942 3809 1205 3866 admirari
1262 3808 1545 3874 deberent,
1588 3810 1735 3864 illico
1767 3809 1837 3864 ad
1885 3808 2089 3865 caedem
2136 3809 2303 3881 depo-

728 3912 913 3966 scunt,
946 3912 999 3956 et
1032 3900 1438 3955 benefactorem
1483 3916 1668 3963 suum,
1701 3915 1801 3955 ceu
1829 3901 2102 3971 iniquum,
2138 3903 2304 3972 impie

724 4001 1159 4066 persequuntur,
1194 3993 1296 4063 ipsi
1331 4008 1389 4047 se
1425 3993 1767 4062 turpissimae
1805 3996 1883 4049 rei
1928 3994 2302 4050 condemnan-

725 4096 834 4147 tes,
871 4099 966 4152 per
997 4097 1159 4153 quam
1196 4083 1632 4152 alienigenarum
1689 4084 1973 4153 sapientia:
2005 4093 2060 4139 et
2109 4084 2302 4156 pietati

726 4177 781 4231 in
817 4174 1103 4231 Christum
1137 4175 1299 4244 longe
1327 4173 1615 4243 postpositi
1646 4175 2090 4244 comperiantur.
2124 4177 2302 4248 Atque

724 4270 831 4325 hoc
857 4277 943 4325 est
974 4274 1125 4323 certe
1151 4266 1297 4336 quod
1323 4267 1379 4319 in
1407 4265 1645 4320 Psalmis
1676 4265 1883 4320 dicitur
1906 4267 1979 4323 de
2012 4268 2144 4337 ipsis
2175 4284 2301 4324 ora-

726 4363 875 4416 tione
917 4359 986 4413 ad
1041 4358 1327 4412 Dominum
1383 4355 1569 4411 Jesum
1611 4371 1881 4412 conversa
1916 4376 1929 4411 :
1970 4378 1989 4410 ι
2027 4359 2301 4425 Quoniam

724 4466 896 4523 pones
925 4465 1021 4505 eos
1058 4450 1287 4502 dorsum
1320 4449 1389 4500 ²¹.
1440 4466 1458 4499 ι
1496 4446 1631 4500 Nam
1658 4448 1752 4518 qui
1781 4450 1944 4518 primi
1970 4451 2043 4506 ob
2074 4452 2301 4508 electio-

2415 623 2646 694 δύναμιν
2675 628 2895 690 ἀναθεὶς
2925 626 3002 697 τῷ
3029 629 3241 701 Σωτῆρι
3270 631 3512 701 Χριστῷ,
3545 633 3639 686 καὶ
3663 633 3854 707 ὥσπερ
3880 643 4009 691 τινα

2427 716 2513 784 εῆς
2560 717 2654 768 ἐπὶ
2695 717 2901 781 τούτοις
2939 720 3291 791 εὐχαριστίας
3335 724 3546 793 καρπὸν
3590 726 4009 801 ἀσφαλεστέραν

2416 810 2710 878 προσάγων
2741 810 2839 881 τὴν
2871 811 3073 865 πίστιν.

2484 901 2646 955 Μετὰ
2676 903 2863 958 ταῦτα
2893 900 2974 975 ἦν
2995 905 3033 971 ἡ
3066 905 3241 975 ἑορτὴ
3269 905 3389 961 τῶν
3422 908 3745 977 Ἰουδαίων,
3771 911 3869 965 καί
3898 913 4007 967 ἀν-

2412 992 2517 1060 έϐη
2556 996 2589 1048 ὁ
2643 996 2874 1063 Ἰησοῦς
2914 999 3000 1064 εἰς
3037 998 3438 1069 Ἰεροσόλυμα.
3484 1004 3649 1058 Ἔστι
3676 1004 3743 1056 δέ
3778 1006 3848 1058 ἐν
3874 1007 4003 1070 τοῖς

2424 1084 2855 1155 Ἰεροσολύμοις
2898 1087 2995 1141 ἐπὶ
3023 1087 3097 1156 τῇ
3126 1091 3454 1159 προϐατικῇ
3492 1096 3877 1167 κολυμϐήθρᾳ
3902 1137 3916 1159 ,
3960 1100 3998 1164 ἡ

2411 1176 2808 1247 ἐπιλεγομένη
2861 1178 3153 1248 Ἐϐραϊστί
3205 1181 3482 1249 Βηθεσδὰ
3504 1228 3516 1250 ,
3578 1185 3757 1240 πέντε
3808 1192 4002 1253 στοὰς

2411 1270 2664 1336 ἔχουσα.
2709 1273 2806 1325 Ἐν
2836 1274 3079 1338 ταύταις
3108 1274 3409 1328 κατέκειτο
3430 1275 3663 1343 πλῆθος
3695 1278 3854 1332 πολὺ
3877 1277 4003 1330 τῶν

2413 1360 2851 1428 ἀσθενούντων,
2878 1364 3145 1433 τυφλῶν,
3174 1366 3405 1435 χωλῶν,
3434 1369 3652 1436 ξηρῶν,
3679 1368 3999 1438 ἐκδεχομέ-

2411 1468 2537 1505 νων
2562 1451 2677 1519 τὴν
2716 1453 2822 1507 τοῦ
2852 1453 3069 1520 ὕδατος
3103 1457 3371 1525 κίνησιν.
3422 1459 3698 1529 Ἄγγελος
3738 1459 3846 1530 τὰρ
3877 1466 3997 1515 Κυ-

2404 1543 2543 1609 ρίου
2576 1543 2725 1597 κατὰ
2753 1545 2959 1613 καιρὸν
2984 1547 3330 1600 κατέϐαινεν
3365 1548 3433 1602 ἐν
3482 1548 3558 1618 τῇ
3587 1552 3991 1619 κολυμϐήθρᾳ,

2413 1632 2508 1685 καί
2534 1632 2834 1701 ἐτάρασσε
2861 1636 2925 1688 τὸ
2950 1635 3124 1703 ὕδωρ.
3153 1638 3207 1687 '0
3238 1633 3353 1691 οὖν
3383 1653 3610 1705 πρωτος
3639 1639 3819 1707 ἐμϐὰς
3839 1643 3993 1708 μετά

2410 1724 2526 1792 τὴν
2546 1725 2816 1793 ταραχὴν
2832 1726 2948 1780 τοῦ
2972 1727 3210 1796 ὓδατος,
3235 1730 3413 1800 ὑγιὴς
3430 1731 3676 1800 ἐγίνετο,
3695 1730 3741 1796 ᾧ
3765 1732 3992 1799 δήποτε

2411 1816 2718 1885 κατείχετο
2746 1818 3063 1887 νοσήματι.

2336 1889 2380 1945 Β
2479 1906 2555 1962 οὐ
2585 1908 2761 1979 μάτην
2782 1908 2941 1972 εὐθὺς
2968 1910 3325 1965 ἐπισυνάπτει
3351 1914 3461 1976 τοῖς
3488 1914 3796 1985 εἰρημένοις
3817 1913 3845 1965 ὁ
3880 1930 3989 1983 μα-

2408 1998 2595 2070 κάριος
2646 2000 3036 2073 εὐαγγελιστὴς
3096 2002 3195 2073 τὴν
3234 2004 3480 2058 ἐντεῦθεν
3526 2007 3605 2068 εἰς
3642 2004 3987 2076 Ἰεροσόλυμα

2405 2090 2499 2144 τοῦ
2532 2092 2784 2163 Σωτῆρος
2806 2094 3063 2148 ἐπάνοδον
3086 2113 3097 2125 ι
3123 2095 3239 2149 ἀλλ’
3269 2091 3337 2168 ἦν
3366 2097 3535 2168 αὐτῷ,
3564 2098 3705 2152 κατὰ
3733 2098 3792 2151 τὸ
3818 2099 3987 2161 εἰκὸς,

2406 2182 2664 2247 ἐπιδεῖξαι
2700 2186 2899 2249 σκοπὸς
2921 2228 2934 2250 ,
2981 2188 3104 2241 ὅσον
3130 2188 3226 2257 μὲν
3265 2188 3522 2258 ἀμείνους
3554 2190 3631 2251 εἰς
3678 2189 3990 2242 εὐπείθειαν

2418 2273 2687 2326 Ἰουδαίων
2736 2275 3068 2345 ἀλλογενεϊς,
3112 2278 3253 2348 πόση
3286 2278 3342 2331 δὲ
3376 2280 3434 2330 ἐν
3484 2262 3686 2349 ἀμφοῖν
3734 2278 3901 2344 ἕξεως
3929 2296 3989 2331 τε

2404 2365 2499 2417 καὶ
2530 2366 2748 2436 τρόπων
2784 2369 2976 2438 ὁρᾶται
3008 2369 3259 2439 διαφορά.
3310 2366 3420 2423 Ἦν
3464 2372 3574 2441 γὰρ
3606 2370 3777 2435 οὕτως
3817 2373 3987 2442 ἡμᾶς,

2404 2454 2500 2505 καὶ
2528 2454 2627 2522 οὐχ
2650 2455 2851 2525 ἐτέρως
2879 2457 3139 2525 ἐκμαθεῖν
3161 2498 3174 2521 ,
3203 2459 3285 2511 ὅτι
3304 2458 3470 2529 ψήφῳ
3498 2460 3681 2530 δικαίᾳ
3718 2464 3811 2513 του
3848 2461 3990 2513 πάνυ

2402 2558 2513 2594 των
2575 2546 2901 2611 κρατοῦντος
2963 2545 3135 2611 Θεοῦ,
3190 2548 3284 2600 καὶ
3347 2547 3637 2620 ἀνθρώπου
3694 2551 3992 2620 πρόσωπον

2403 2635 2504 2687 οὐκ
2528 2634 2735 2697 εἰδότος
2761 2636 2965 2701 λαϐεῖν,
2999 2640 3298 2691 ἀποπίπτει
3331 2640 3429 2711 μὲν
3464 2641 3688 2704 εἰκότως
3711 2644 3809 2713 τῆς
3836 2644 3993 2696 ἐλπι-

2403 2725 2487 2787 δος
2510 2727 2539 2776 ὁ
2578 2725 2811 2797 Ἰσραὴλ,
2840 2727 3325 2802 ἀντεισφέρεταιδὲ
3359 2730 3468 2786 τῶν
3496 2732 3668 2788 ἐθνῶν
3698 2735 3731 2806 ἡ
3756 2734 3988 2807 πληθύς.

2404 2818 2653 2873 Χαλεπὸν
2683 2821 2740 2873 δὲ
2771 2822 2920 2875 οὐδὲν
2957 2825 3021 2893 τῇ
3064 2824 3172 2877 τῶν
3211 2825 3522 2893 κεφαλαίων
3557 2829 3990 2900 ἀντιπαραθέσει

2407 2910 2842 2978 προσϐλέποντας
2871 2912 2968 2983 τὴν
3002 2914 3093 2967 ἐπὶ
3122 2917 3233 2976 τοῖς
3256 2915 3569 2984 λεγομένοις
3591 2918 3860 2972 ποι..ἰσθαι
3900 2920 3992 2989 βά-

2408 3016 2587 3054 σανον.
2618 3003 2825 3067 Ἐδειξε
2849 3005 3027 3057 τοίνυν
3048 3004 3209 3057 αὐτὸν
3232 3005 3313 3057 ἐνὶ
3335 3007 3431 3075 μὲν
3452 3007 3660 3077 σημείῳ
3684 3008 3780 3077 τὴν
3801 3009 3991 3077 Σαμα-

2409 3092 2601 3161 ρειτῶν
2630 3094 2986 3150 ἀνασώσαντα
3026 3097 3179 3150 πόλιν
3201 3138 3214 3160 ,
3244 3096 3323 3149 ἐνὶ
3350 3096 3407 3149 δὲ
3433 3098 3695 3161 ὡσαύτως
3719 3099 3809 3151 τὸν
3840 3100 3990 3167 βασι-

2405 3182 2577 3249 λικὺν,
2603 3186 2697 3238 καὶ
2724 3186 2791 3238 δι’
2813 3188 3022 3240 ἐκείνου
3055 3189 3171 3251 ..οὺς
3202 3190 3260 3241 ὲν
3284 3190 3422 3259 αὐτῇ
3452 3190 3667 3252 πάντως
3698 3190 3869 3260 δήπου
3893 3192 3991 3244 καὶ

2406 3271 2524 3325 λίαν
2556 3274 2901 3345 ὡφεληκότα.
2922 3278 3406 3351 Ἐπιμαρτυρήσας
3431 3280 3487 3333 δὲ
3508 3281 3595 3334 διά
3620 3282 3823 3334 τούτων
3851 3284 3988 3337 πολὺ

2403 3367 2464 3418 τὸ
2495 3368 2783 3438 πρόχειρον
2819 3372 2931 3432 τοῖς
2971 3370 3312 3439 ἀλλογενέσιν
3347 3373 3425 3435 είς
3455 3372 3763 3425 εὐπείθειαν
3784 3414 3795 3433 ,
3852 3378 3987 3426 ἀνα·

2406 3457 2564 3525 φέρει
2632 3457 2793 3509 πάλιν
2838 3460 2917 3521 εἰς
2985 3461 3335 3531 Ἰεροσόλυμα
3393 3463 3485 3514 τὸν
3546 3462 3983 3533 θαυματουργὸν,

2405 3549 2639 3619 πρᾶγμα
2666 3549 2721 3600 δὲ
2753 3549 3053 3622 θεοπρεπὲς
3083 3553 3432 3607 ἐπιτελοῦντα
3463 3554 3713 3608 δεικνύει.
3752 3554 3987 3608 Παλαιοο

2404 3640 2571 3709 τάτης
2605 3639 2711 3712 γὰρ
2745 3642 3064 3711 παραδόξως
3103 3644 3380 3713 ἐλευθεροῖ
3412 3646 3501 3696 τὸν
3541 3645 3857 3716 παραλύτην
3895 3648 3985 3699 νό-

2406 3746 2522 3793 σου,
2547 3730 2736 3801 ὦσπερ
2764 3729 2857 3786 οὖν
2876 3733 3069 3802 ἀμέλει
3098 3733 3431 3791 θανατοῦντα
3456 3737 3549 3790 τοῦ
3582 3736 3858 3807 βασιλικοῦ
3890 3737 3984 3790 τὸν

2405 3819 2553 3873 Υίόν.
2595 3820 2733 3873 Ἀλλ’
2767 3823 2794 3874 ὁ
2828 3823 2925 3893 μὲν
2951 3824 3239 3877 ἐπίστευσε
3268 3827 3524 3891 πανοικὶ,
3554 3828 3648 3879 καὶ
3672 3827 3804 3879 Θεὸν
3836 3829 3983 3897 ὠμο-

2403 3911 2551 3979 λόγει
2582 3912 2673 3966 τὸν
2698 3913 2929 3983 Ἰησοῦψ
2969 3917 3019 3969 οἰ
3044 3916 3121 3980 δὲ,
3147 3917 3623 3987 καταπλήττεσθαι
3646 3917 3784 3982 δέον,
3804 3919 3982 3987 φονῶ-

2406 4021 2490 4057 σιν
2514 4005 2675 4068 eses;
2697 4044 2711 4069 ,
2754 4006 2849 4058 καὶ
2872 4006 3128 4060 διώκουσι
3149 4007 3423 4071 δυσσεϐῶς
3460 4008 3534 4071 ὼς
3565 4008 3983 4080 παρανομοῦντα

2403 4093 2495 4145 τὸν
2516 4094 2831 4165 εὐεργέτην,
2851 4095 3007 4149 αὐτοὶ
3029 4097 3148 4150 καθ’
3175 4097 3385 4150 ἑαυτῶν
3412 4099 3510 4168 τὴν
3530 4098 3620 4149 ἐτιί
3642 4100 3751 4158 τοῖς
3773 4099 3982 4167 αἰσχίο-

2406 4201 2491 4236 σιν
2526 4184 2798 4256 ὁρίζοντες
2834 4187 3043 4256 ψῆφον,
3091 4188 3157 4240 δι’
3189 4182 3264 4242 ὧν
3310 4189 3407 4258 τῆς
3445 4190 3501 4241 ὲν
3536 4191 3644 4253 τοῖς
3673 4190 3981 4257 ἀλλογενέσι

2406 4274 2690 4337 συνέσεως,
2711 4275 2806 4328 καὶ
2836 4276 2935 4345 τῆς
2965 4278 3045 4339 εἰς
3075 4278 3311 4347 Χριστὸν
3347 4278 3630 4341 εὐλαϐείας
3671 4279 3847 4331 ὀπίσω
3879 4296 3978 4332 πε-

2405 4365 2590 4428 σόντες
2625 4367 2960 4421 ἁλίσκονται.
3002 4368 3111 4422 Καὶ
3144 4368 3301 4423 τοῦτο
3319 4365 3387 4440 ἦν
3418 4372 3525 4441 ἄρα
3556 4371 3616 4423 τὸ
3642 4372 3767 4441 περὶ
3799 4370 3980 4424 αὐτῶν

2404 4457 2463 4510 ἐν
2493 4456 2744 4527 Ψαλμοῖς
2773 4459 3061 4529 εἰρημένον
3080 4500 3093 4522 ,
3122 4460 3198 4522 ὡς
3223 4461 3359 4531 πρὸς
3387 4461 3477 4514 τὸν
3501 4461 3704 4533 Κύριον
3738 4461 3975 4532 Ἰησοῦνο

722 4559 846 4597 nem
884 4552 1099 4611 patrum
1150 4538 1451 4594 constituti
1499 4546 1652 4604 sunt,
1696 4540 1876 4593 ultimi
1910 4550 1966 4595 et
2015 4551 2139 4613 post
2170 4559 2301 4614 gen-
2332 4556 2378 4614 ι)

2332 4556 2378 4614 ι)
2409 4566 2427 4599 ι
2454 4548 2575 4602 Ὀτι
2606 4548 2793 4619 θήσεις
2837 4551 3034 4612 αὐτοὺς
3070 4550 3257 4605 νῶτον.
3298 4570 3316 4603 ι
3350 4552 3411 4605 Οἱ
3445 4550 3553 4621 γὰρ
3577 4552 3782 4622 πρῶτοι
3811 4569 3978 4607 κατα-

721 4635 859 4687 tium
886 4631 1233 4684 vocationem
1285 4629 1509 4683 venient
1547 4645 1562 4681 :
1601 4647 1619 4680 ι
1668 4628 1806 4684 Cum
1837 4633 1982 4687 enim
2014 4635 2298 4703 plenitudo

2400 4640 2723 4710 τεταγμένοι
2761 4641 2852 4695 διὰ
2876 4641 2974 4712 τὴν
3000 4641 3110 4694 τῶν
3143 4641 3393 4712 πατέρων
3422 4641 3698 4712 ὲπιλογὴν,
3737 4641 3974 4713 ὕστεροι,

721 4724 968 4798 gentium
1040 4721 1361 4783 intraverit,
1421 4729 1554 4774 tunc
1621 4724 1803 4778 omnis
1877 4723 2047 4781 Israel
2110 4728 2297 4785 salvus

2295 4765 2297 4777 ι
2399 4734 2496 4785 καὶ
2540 4733 2770 4787 κατόπιν
2816 4733 2917 4803 τῆς
2972 4734 3080 4786 τῶν
3129 4734 3297 4787 ἐθνῶν
3334 4733 3639 4803 βαδιοῦνται
3690 4734 3971 4805 κλήσεως·

722 4823 815 4873 lict
854 4819 921 4869 ἰ.
966 4835 985 4867 ι
1047 4814 1204 4869 Hunc
1258 4815 1417 4868 nobis
1487 4816 2013 4883 contemplationum
2068 4834 2295 4891 scopum

2404 4824 2603 4877 «Ὅταν
2630 4824 2737 4894 γὰρ
2759 4825 2820 4877 τὸ
2843 4825 3113 4896 πλήρωμα
3134 4826 3240 4878 τῶν
3262 4825 3431 4878 ἐθνῶν
3456 4826 3689 4899 εἰσέλθῃ,
3720 4827 3840 4878 τότε
3870 4828 3976 4890 πᾶς

724 4910 867 4979 parit
899 4906 1205 4961 concinnus
1244 4905 1335 4960 ille
1370 4905 1611 4973 capitum
1644 4906 1781 4959 ordo
1813 4921 1878 4961 ac
1925 4923 2235 4967 consensus
2278 4932 2290 4968 :

722 4998 1000 5067 sigillatim
1057 5010 1188 5051 vero
1238 4995 1637 5049 versiculorum
1692 4999 2023 5054 sententiam
2090 5016 2293 5072 expen-

721 5090 942 5144 demus.

791 5268 859 5335 V,
885 5269 938 5335 5,
964 5267 1016 5324 6.
1061 5267 1195 5321 Erat
1234 5278 1405 5323 autem
1446 5270 1662 5340 quidam
1704 5272 1859 5327 homo
1890 5274 1961 5325 ibi
2003 5276 2221 5346 triginta
2246 5288 2294 5331 et

721 5371 838 5414 octo
868 5376 1032 5414 annos
1070 5360 1264 5414 habens
1304 5362 1357 5413 in
1393 5361 1706 5428 inﬁrmitate
1733 5379 1853 5418 sua.
1883 5363 2039 5418 Hunc
2076 5384 2195 5420 cum
2224 5370 2294 5423 vi-

720 5452 885 5504 disset
914 5449 1069 5505 Jesus
1105 5452 1389 5520 jacentem,
1412 5462 1462 5506 et
1503 5469 1622 5506 cum
1662 5458 1987 5523 cognovisset
2018 5460 2143 5525 quia
2172 5461 2289 5529 jam

720 5541 943 5592 multum
977 5550 1173 5607 tempus
1212 5540 1445 5594 haberet.

788 5632 1114 5701 Azymorum
1175 5630 1312 5684 festo
1362 5645 1392 5683 a
1450 5629 1653 5685 Judaeis
1708 5634 2006 5699 celebrato,
2063 5639 2118 5692 in
2176 5655 2286 5709 quo

788 5807 831 5839 "
885 5805 1027 5863 Psal.
1066 5824 1151 5868 xx,
1187 5809 1265 5860 l3.
1344 5804 1388 5835 "
1420 5802 1571 5859 ltom.
1612 5820 1684 5865 XI,
1722 5806 1810 5871 ‘33,
1848 5809 1936 5861 '26.

2410 4913 2625 4983 Ἰσραὴλ
2657 4915 2985 4985 σωθήσεταιο
3026 4935 3043 4966 ι
3075 4915 3263 4968 τοῦτον
3303 4916 3434 4985 ἡμῖν
3468 4914 3574 4968 τῶν
3601 4914 3977 4985 θεωρημάτων

2399 5003 2577 5056 ὠδίνει
2609 5004 2701 5057 τὸν
2736 5005 2935 5057 σκοπὸν
2977 5009 3075 5076 τῆς
3120 5007 3226 5059 τῶν
3264 5005 3574 5073 κεφαλαίων
3622 5005 3895 5075 συνθήκης
3941 5007 3974 5076 ἡ

2405 5094 2677 5167 εὔρυθμος
2704 5097 2886 5161 τάξις·
2930 5097 3270 5168 ποιησόμεθα
3294 5098 3352 5151 δὲ
3386 5097 3527 5151 κατά
3558 5098 3722 5169 μέρος
3751 5099 3846 5151 καὶ
3876 5099 3973 5169 τῆς

2403 5188 2461 5240 ἐν
2484 5190 2595 5249 τοῖς
2617 5187 2819 5258 στίχοις
2840 5188 3079 5252 διανοίας
3104 5188 3301 5259 ἀκριϐῆ
3328 5187 3422 5259 τὴν
3444 5185 3687 5259 ζήτησιν.

2472 5276 2582 5333 Ἦν
2605 5278 2673 5332 δέ
2721 5296 2813 5345 τις
2837 5280 3147 5347 ἅνθρωπος
3184 5280 3309 5332 ἐκεῖ
3340 5280 3651 5347 τριάκοντα
3680 5278 3777 5331 καί
3821 5279 3973 5332 ὀκτὼ

2397 5370 2500 5437 ἔτη
2532 5369 2689 5439 ἔχων
2720 5371 2790 5422 ἐν
2837 5369 2911 5439 τῇ
2943 5372 3227 5437 ἀσθενείᾳ
3269 5370 3475 5424 αὐτοῦ.
3526 5370 3744 5424 Τοῦτον
3770 5369 3914 5423 ίδὼν
3938 5373 3971 5425 ό

2409 5462 2640 5528 Ἰησοῦς
2668 5463 3098 5531 κατακείμενον
3116 5502 3131 5529 ,
3172 5462 3269 5515 καί
3295 5461 3477 5531 γνοὺς
3506 5460 3595 5514 ὅτι
3624 5461 3825 5514 πολὺν
3850 5459 3968 5529 ἤδη

2395 5553 2618 5622 χρόνον
2646 5550 2769 5619 ἕχει

2463 5642 2575 5711 Τὴν
2617 5643 2705 5696 ἐπὶ
2752 5644 2861 5706 τοῖς
2902 5642 3131 5714 ἀζύμοις
3159 5642 3349 5714 ἑορτὴν
3391 5639 3816 5696 ἐπιτελεσάντων
3862 5642 3969 5695 τῶν
