4244 6500
232 387 329 443 ςδτ
428 454 437 467 ,

1255 385 1317 440 IN
1343 382 1631 442 10‘thle
1681 378 2133 437 EVANGEUUM
2186 379 2314 437 LIB.
2367 378 2427 436 11.
3393 372 3499 425 358

242 498 548 566 Ἰουδαίων,
589 500 647 551 ὲν
756 499 850 553 καὶ
889 500 950 551 τὸ
997 499 1271 569 πρόϐατον
1299 498 1673 567 ἀποσφάττειν
1702 494 1819 557 ἔθος

1926 492 2094 547 moris
2143 500 2262 546 erat
2317 491 2461 563 apud
2510 504 2607 546 eos
2660 488 2884 545 Paschze
2938 487 3198 542 nimirum
3253 494 3503 557 tempore

232 594 436 655 αὐτοῖς,
469 592 615 644 κατά
638 592 729 645 τὸν
752 591 847 645 τοῦ
872 592 1063 661 Πάσχα
1082 591 1325 660 δηλονότι
1359 589 1571 660 καιρὸν,
1594 587 1819 655 ἀπαίρει

233 683 326 751 μὲν
354 685 456 751 τῆς
506 684 890 755 Ἰερουσαλὴμ,
931 684 1300 755 Σαμαρείταις
1361 682 1417 735 δὲ
1456 683 1552 735 καὶ
1594 680 1819 748 ἀλλογε-

230 774 376 826 νέσιν
410 777 440 828 ὁ
480 777 717 846 Χριστὸς
750 777 1108 848 ἐπιμίσγεται
1127 817 1141 841 ,
1181 777 1275 829 καὶ
1303 776 1542 830 διδάσκει
1571 776 1699 845 παρ’
1725 774 1821 826 αὑ-

227 869 362 929 τοῖς,
394 867 490 918 ἐπὶ
518 870 639 930 ταῖς
667 868 776 920 τῶν
804 868 1114 940 Φαρισαίων
1142 868 1493 939 δυστροπίαις
1517 864 1821 935 λελυπημέ-

229 972 335 1017 νος.
396 956 806 1028 ’Υπονοστήσας
852 957 907 1010 δὲ
960 957 1113 1027 μόλις
1156 957 1297 1011 κατά
1350 958 1441 1009 τέ·
1492 956 1681 1027 καιρὸν
1722 955 1821 1025 τῆς

229 1042 396 1108 ἀγίας
422 1045 823 1116 Πεντηκοστῆς,
860 1044 999 1115 αὕτη
1029 1046 1138 1117 γὰρ
1162 1041 1229 1117 ἦν
1254 1045 1471 1115 ἐφεξῆς,
1508 1047 1602 1098 καὶ
1625 1044 1819 1112 γείτων

228 1133 285 1184 ὲν
334 1136 451 1196 τοῖς
510 1134 989 1205 ἰεροσολύμοιςοή
1044 1137 1383 1207 πανήγυρις,
1431 1136 1522 1188 ἐπὶ
1570 1138 1679 1199 τοῖς
1719 1136 1821 1204 τῆς

230 1221 621 1294 κολυμϐήθρας
656 1224 813 1278 ὑδασι
862 1224 1072 1293 ὑγιάζει
1110 1226 1198 1279 τὸν
1229 1226 1535 1296 παράλυτον
1556 1264 1570 1289 ,
1612 1226 1819 1297 μακρὸν

232 1312 330 1380 μὲν
380 1316 444 1366 ὲν
480 1316 764 1386 ἀρρωστίᾳ
794 1316 1180 1386 δαπανήσαντα
1226 1316 1416 1386 χρόνον
1476 1311 1574 1385 (ἦν
1600 1318 1710 1387 γὰρ
1754 1317 1817 1387 δὴ

229 1404 321 1455 καὶ
347 1404 542 1471 ὄγδοον
572 1405 694 1469 ἔτος
715 1407 806 1460 ἐπὶ
838 1406 1144 1479 τριακοστῷ
1167 1408 1206 1475 ),
1232 1407 1369 1478 πλὴν
1395 1406 1546 1462 οὔπω
1566 1407 1699 1478 πρὸς
1728 1409 1820 1461 τὸν

227 1495 293 1545 ὲκ
326 1494 501 1565 νόμου
546 1496 748 1550 τέλειον
778 1498 1007 1569 ἀριθμὸν
1045 1498 1423 1569 ἁναϐεϐηκότα
1442 1537 1457 1563 ,
1515 1498 1657 1569 φημὶ
1680 1498 1735 1551 δὲ
1756 1498 1819 1569 δὴ

226 1586 317 1638 τὸν
342 1587 412 1638 ὲκ
442 1586 581 1641 δέκα
610 1590 885 1657 τετράκις,
911 1591 1029 1660 ἦτοι
1052 1590 1503 1661 τεσσαρακοστόν.
1531 1589 1588 1642 ὐ
1613 1590 1710 1660 μὲν
1728 1585 1820 1643 οῦν

227 1676 325 1745 τῆς
355 1677 605 1747 ἱστορίας
633 1680 761 1749 ἡμῖν
788 1681 846 1733 ὲν
867 1680 1078 1743 τούτοις
1101 1680 1396 1734 καταλύσει
1418 1679 1592 1748 λόγος.
1638 1681 1822 1733 Μετα-

228 1770 567 1821 σκευαστέον
592 1769 649 1822 δὲ
665 1771 827 1825 πάλιν
850 1773 929 1834 είς
947 1771 1182 1841 Θεωρίαν
1208 1771 1583 1843 πνευματικὴν
1604 1771 1692 1823 τὸν
1713 1770 1821 1824 ἀπὸ

1924 597 2124 653 agnum
2176 581 2340 636 etiam
2391 581 2664 643 occidere,
2696 580 2929 635 discedit
2978 577 3198 648 quidem
3245 575 3501 631 Hieroso-

1924 674 2110 744 lymis,
2144 681 2197 728 et
2232 687 2357 726 cum
2397 671 2762 727 Samaritanis
2792 680 2845 726 et
2881 670 3208 741 alienigenis
3244 669 3500 723 Christus

1923 776 2197 831 versatur,
2247 766 2521 833 docetque
2570 766 2714 837 apud
2762 779 2883 828 eos,
2922 764 3329 823 Pharisaaorum
3382 779 3502 833 pcr-

1923 859 2186 913 versitate
2255 856 2521 912 offensus.
2576 856 2820 913 Tandem
2883 871 3012 911 vero
3072 861 3221 910 circa
3286 864 3502 925 tempus

1924 960 2133 1004 sancta:
2188 950 2544 1005 I’entecosles
2604 965 2890 1013 reversus,
2947 950 3049 1003 hoc
3098 950 3244 1004 enim
3298 947 3501 1003 festum

1925 1039 2327 1112 Hierosolymis
2367 1054 2491 1112 post
2539 1042 2675 1095 illud
2712 1043 2958 1109 proxime
2981 1040 3399 1099 celebrabatur,
3436 1037 3500 1091 ad

1923 1144 2098 1199 aquas
2139 1133 2368 1200 piscina:
2416 1133 2776 1202 paralyticum
2824 1140 3004 1196 sanat,
3033 1132 3124 1200 qui
3170 1131 3340 1199 longo
3390 1129 3502 1199 jam

1924 1228 2173 1291 tempore
2212 1223 2265 1276 in
2305 1221 2629 1276 inﬁrmitate
2663 1221 3009 1276 detinebatur
3042 1220 3327 1289 (agebatur
3356 1208 3502 1270 enim

1923 1322 2151 1368 octavus
2215 1328 2395 1368 anuus
2470 1326 2635 1381 supra
2699 1311 3089 1381 trigesimum),
3130 1316 3503 1364 verumtamen

1924 1404 2168 1458 nondum
2209 1405 2277 1459 ad
2332 1419 2622 1459 numerum
2674 1420 2739 1458 ex
2788 1404 2903 1474 lege
2948 1401 3251 1472 perfectum
3311 1415 3503 1470 perve-

1924 1504 2103 1561 nerat,
2134 1496 2393 1550 nimirum
2427 1497 2521 1567 qui
2559 1504 2755 1565 quater
2782 1496 2965 1550 decies
3007 1500 3355 1557 numeratur,
3390 1491 3507 1545 sive

1923 1586 2433 1657 quadragesimum.
2499 1586 2674 1657 Igitur
2742 1587 2989 1640 historiae
3066 1584 3285 1655 quidem
3365 1584 3506 1636 ratio

1927 1678 2213 1733 hactenus.
2250 1677 2697 1733 Trausferendus
2742 1685 2827 1731 est
2885 1686 3068 1731 autem
3119 1677 3194 1730 rei
3240 1684 3402 1747 typus
3437 1674 3504 1726 ad

1925 1769 2227 1839 spiritalem
2260 1770 2806 1837 contemplationem.
2827 1768 3018 1824 Jesum
3051 1769 3195 1822 enim
3234 1765 3503 1821 offensum

225 1859 319 1911 τοῦ
352 1859 689 1929 πράγματος
719 1861 908 1915 τύπον.
944 1862 1017 1915 Τὸ
1054 1862 1155 1932 μὲν
1194 1861 1302 1932 γὰρ
1330 1863 1429 1932 τῆς
1466 1862 1822 1933 Ἰερουσαλὴμ

1926 1860 2214 1916 discedere
2266 1860 2665 1933 Hierosolymis
2710 1869 2832 1928 post
2878 1860 3000 1931 agni
3061 1859 3414 1921 occisionem,
3452 1868 3506 1910 (ιι

226 1951 609 2021 λελυπημένον
636 1952 1041 2007 ἀπανίστασθαι
1066 1955 1159 2007 τὸν
1191 1953 1399 2024 Ἰησοῦν
1435 1954 1575 2024 μετά
1598 1955 1695 2027 τὴν
1725 1953 1817 2007 τοῦ

224 2042 511 2113 προϐάτου
551 2045 797 2113 σφαγήν⁵
850 2043 1219 2115 Σαμαρείταις
1254 2046 1344 2107 δὲ,
1394 2046 1489 2099 καὶ
1520 2045 1819 2110 Γαλιλαίοις

225 2135 524 2205 ἐπιφοιτᾷν
546 2178 559 2198 ,
593 2135 690 2187 καὶ
717 2135 808 2188 τὸν
835 2136 1101 2207 σωτήριον
1138 2136 1367 2199 ἐκείνοις
1407 2136 1699 2208 κηρύττειν
1729 2137 1819 2190 λό-

223 2242 343 2292 γον,
380 2224 438 2278 τί
462 2224 533 2278 ἂν
561 2224 805 2296 βούλοιτο
834 2226 1119 2297 σημαίνειν
1158 2226 1253 2282 ἒτε
1265 2244 1376 2300 ρον,
1404 2228 1437 2298 ἦ
1468 2228 1565 2300 τὴν
1590 2229 1821 2299 γενομέ-

223 2333 324 2387 νην
363 2318 434 2371 ὲκ
476 2316 589 2371 τῶν
629 2316 896 2371 Ἰουδαίων
916 2318 1263 2391 ἀναχώρησιν
1298 2318 1463 2373 αὑτοῦ
1490 2360 1504 2382 ,
1556 2318 1695 2390 μετά
1723 2323 1821 2391 τὴν

223 2410 285 2462 ὲν
308 2409 429 2472 τοῖς
470 2408 868 2480 Ἱεροσολύμοις
912 2410 1007 2463 ἐπὶ
1040 2409 1117 2480 τῷ
1145 2411 1308 2482 τιμίῳ
1345 2411 1563 2483 σταυρῷ
1608 2412 1823 2483 σφαγήν

223 2517 285 2554 τε
308 2501 409 2553 καὶ
439 2499 693 2567 θάνατον,
719 2503 810 2555 ὅτε
838 2502 902 2572 δὴ
925 2503 1018 2555 καὶ
1040 2505 1157 2566 τοῖς
1179 2504 1237 2570 ἐξ
1268 2504 1436 2558 ἐθνῶν
1456 2521 1516 2557 τε
1546 2505 1639 2558 καὶ
1666 2504 1821 2558 ἀλλο⁴

225 2592 449 2660 γενέσιν
493 2592 805 2663 ἐχαρίζετο,
852 2592 1141 2664 δηλοῦσθαι
1194 2594 1429 2649 κελεύων
1474 2598 1585 2660 τοῖς
1629 2595 1822 2649 ἑαυτοῦ

229 2680 509 2750 μαθηταῖς
544 2683 683 2753 μετά
724 2684 822 2755 τὴν
850 2684 919 2749 ¹ὲκ
951 2686 1161 2754 νεκρῶν
1190 2686 1511 2764 ἀναϐίωσιν,
1560 2686 1642 2739 ὅτι
1692 2703 1828 2759 προ-

229 2774 355 2841 άγει
386 2774 601 2859 πάντας
628 2775 709 2839 είς
738 2776 839 2845 τὴν
868 2776 1177 2831 Γαλιλαίαν.
1227 2779 1302 2832 Τὸ
1330 2779 1387 2833 δὲ
1424 2780 1517 2832 επὶ
1542 2779 1688 2833 τέλει
1714 2779 1827 2835 τῶν

229 2866 547 2936 ἑϐδομάδων
584 2867 686 2937 τῆς
716 2868 877 2933 ἁγίας
911 2870 1290 2940 Πεντηκοστῆς
1325 2870 1704 2943 παλινδρομεῖν
1730 2871 1825 2925 αὑ-

230 2958 324 3010 τὸν
359 2959 445 3021 είς
482 2959 847 3031 Ἰεροσόλυμα,
884 2960 1134 3032 καθάπερ
1156 2964 1212 3014 ὲν
1237 2962 1429 3025 τύποις
1462 2963 1556 3015 καὶ
1581 2962 1829 3032 αἰνίγμα-

228 3066 318 3102 σιν
344 3049 637 3117 ὑποφαίνει
671 3051 833 3104 πάλιν
862 3051 960 3123 τὴν
985 3052 1251 3123 ἐσομένην
1282 3053 1361 3116 είς
1404 3053 1692 3117 Ἰουδαίους
1727 3053 1829 3123 τῆς

1924 1968 2051 2007 cum
2085 1951 2456 2009 Samaritanis
2484 1962 2540 2009 et
2567 1953 2807 2009 Galilaeis
2835 1954 3064 2018 versari,
3099 1952 3507 2023 salutaremque

1924 2044 2234 2099 doctrinam
2287 2045 2368 2101 eis
2423 2044 2746 2116 praedicare,
2800 2043 2930 2115 quid
2992 2043 3139 2098 aliud
3196 2044 3302 2099 sibi
3349 2044 3503 2105 velit,

1924 2152 2089 2207 quam
2129 2152 2253 2191 eum
2290 2138 2590 2193 recessisse
2620 2153 2649 2190 a
2680 2136 2884 2193 Judazis
2916 2148 3208 2207 postquam
3252 2137 3307 2190 in
3340 2150 3507 2189 crure

1925 2229 2249 2283 immolatus
2277 2237 2362 2284 est
2390 2243 2453 2283 ac
2478 2236 2750 2291 mortuus,
2776 2229 2993 2298 quando
3024 2227 3283 2282 nimirum
3322 2226 3505 2297 genti-
3529 2232 3532 2235 '

1926 2322 2071 2376 libus
2106 2330 2161 2377 et
2216 2321 2543 2391 alienigenis
2590 2324 2821 2392 gratiam
2864 2322 3094 2392 largitus
3152 2327 3259 2384 est,
3303 2319 3506 2389 jubeus

1926 2412 2197 2468 declarari
2229 2414 2349 2470 suis
2378 2414 2672 2485 discipulis
2717 2430 2776 2469 se
2813 2421 2935 2484 post
2968 2412 3433 2467 resurrectionem
3474 2423 3506 2465 a

1927 2506 2161 2560 mortuis
2218 2522 2620 2577 praeessurum
2668 2522 2859 2561 omnes
2911 2508 2964 2559 iu
3002 2503 3318 2559 Galilaeam?
3350 2502 3525 2569 Quod,

1929 2607 2112 2654 autem
2150 2600 2256 2655 sub
2284 2600 2445 2654 ﬁnem
2492 2600 2892 2654 hebdomadum
2930 2600 3088 2669 207
3123 2606 3331 2655 sanctas
3361 2597 3506 2652 Pen-

1929 2696 2168 2745 tecostes
2198 2690 2313 2760 ipse
2348 2692 2645 2745 revertitur
2682 2690 3146 2761 Hierosolymam,
3186 2691 3420 2760 ﬁgurate
3454 2697 3508 2743 et

1929 2780 2276 2850 euigmatice
2309 2797 2534 2837 rursum
2579 2781 2850 2852 signiﬁcat
2900 2781 3139 2835 futuram
3175 2781 3351 2836 nostri
3384 2779 3506 2835 Sat:-

1930 2873 2138 2928 vatoris
2163 2872 2231 2927 ad
2254 2872 2472 2928 Judreos
2496 2888 2595 2944 pro
2617 2887 2716 2929 sua
2746 2872 3080 2943 benignitate
3097 2885 3225 2942 erga
3258 2869 3507 2925 homines

1930 2964 2298 3019 reversionem
2337 2966 2544 3019 ultimis
2584 2966 2871 3035 praesentis
2898 2963 2998 3018 aevi
3056 2962 3420 3032 temporibus.
3451 2962 3507 3016 in

1930 3071 2041 3127 quo
2080 3072 2182 3113 nos
2213 3057 2407 3111 salvati
2443 3072 2541 3127 per
2569 3058 2726 3113 ﬁdem
2758 3057 2812 3111 in
2846 3057 3049 3126 ipsum,
3085 3055 3349 3110 salutaris
3368 3070 3501 3125 pas-

234 3140 328 3193 τοῦ
362 3141 622 3211 Σωτῆρος
647 3142 804 3212 ήμῶν
835 3143 899 3195 ὲκ
940 3142 1352 3212 φιλανθρωπίας
1392 3142 1742 3212 ὑποστροφὴν
1770 3144 1822 3195 ἐν

1931 3148 2105 3203 sionis
2140 3149 2495 3203 sanctissima
2548 3148 2685 3205 festa
2734 3149 3099 3203 celebramus.
3132 3146 3287 3212 Quod
3324 3155 3505 3200 autem

234 3230 489 3300 ἐσχάτοις
514 3230 609 3284 τοῦ
634 3233 899 3303 παρόντος
935 3232 1129 3296 αἰῶνος
1160 3235 1395 3305 καιροῖς,
1430 3233 1549 3286 καθ’
1581 3233 1749 3303 ὅνπερ
1773 3232 1822 3286 ol

1930 3241 2267 3312 paralyticus
2293 3250 2421 3295 ante
2452 3249 2666 3310 tempus
2692 3257 2756 3296 ex
2781 3242 2898 3310 lege
2927 3238 3229 3309 perfractum
3252 3249 3505 3300 sanatur.

233 3318 320 3373 διὰ
348 3319 454 3389 τῆς
486 3320 572 3383 είς
600 3321 762 3375 αὑτὸν
797 3322 1238 3392 ἀνασεσωσμὲνοι
1288 3324 1523 3385 πίστεως
1545 3362 1558 3386 ,
1611 3322 1707 3387 τάς
1732 3325 1822 3377 ἐπὶ

1926 3332 2102 3401 typice
2168 3347 2389 3388 rursum
2455 3332 2712 3388 lsraelem
2773 3332 3051 3403 signiﬁcat
3106 3332 3158 3385 in
3223 3330 3507 3386 Christum

232 3410 309 3480 τῷ
344 3413 602 3482 σωτηρίῳ
648 3413 809 3467 πάθει
845 3414 1185 3485 πανσέμνους
1226 3415 1577 3486 ἐπιτελοῦμεν
1606 3415 1821 3486 ἑορτάς.

1926 3422 2091 3492 impie
2130 3423 2555 3487 debacchatum,
2596 3424 2650 3477 in
2690 3422 3012 3479 infirmitate
3053 3423 3273 3493 quidem
3312 3424 3504 3478 delen-

236 3502 310 3557 Τὸ
335 3504 396 3557 δὲ
433 3504 831 3575 θεραπεύεσθαι
871 3508 961 3560 τὸν
992 3506 1302 3576 παράλυτον
1349 3506 1455 3577 πρὸ
1502 3507 1692 3578 καιροῦ
1722 3506 1820 3561 τοῦ

1926 3525 2031 3568 tum
2057 3514 2146 3577 iri,
2177 3521 2232 3569 et
2267 3514 2630 3585 paralyticum
2668 3515 2950 3583 multoque
2990 3522 3238 3585 tempore
3268 3514 3505 3569 inertem

236 3594 379 3648 κατά
427 3594 593 3665 νόμον
629 3596 867 3662 τελείου,
909 3598 1164 3667 σημαίνει
1209 3597 1369 3651 πάλιν
1412 3598 1487 3660 ὡς
1521 3598 1609 3652 διὰ
1644 3599 1816 3655 τύπου

1926 3606 2065 3673 fore,
2111 3622 2222 3663 non
2275 3618 2458 3663 tamen
2506 3618 2753 3662 extremo
2817 3608 3093 3679 supplicio
3174 3609 3509 3681 periturum,

236 3686 328 3741 τοῦ
382 3686 836 3756 συμϐεϐηκότος,
893 3690 975 3742 ὅτι
1016 3688 1288 3751 δυσσεϐῶς
1338 3690 1746 3759 ὲμπαροινήσας
1794 3693 1821 3744 ό

1926 3700 2022 3755 sed
2063 3700 2403 3754 Salvatorem
2433 3715 2559 3754 eum
2616 3708 3027 3770 respecturum,
3056 3709 3113 3754 et
3147 3701 3324 3769 ipsum
3363 3715 3505 3770 quo-

248 3777 469 3848 Ἰσραὴλ
499 3778 577 3849 τῷ
600 3779 819 3852 Χριστῷ
844 3780 1131 3851 ἀσθενήσει
1159 3780 1260 3849 μὲν
1284 3820 1298 3843 ,
1329 3780 1422 3832 καὶ⁸
1445 3781 1822 3854 παραλυθήσε-

1927 3806 2035 3862 que
2086 3792 2355 3848 salvatum
2402 3791 2469 3845 iri
2520 3794 2573 3845 in
2622 3792 2859 3862 piscina,
2900 3807 2995 3861 per
3032 3791 3403 3847 obedientiam
3437 3779 3552 3845 ac‘

235 3874 360 3933 ταί,
410 3871 507 3923 καὶ
544 3873 791 3942 μακροὺς
816 3874 874 3926 ὲν
906 3874 1075 3946 ἀργίᾳ
1105 3875 1428 3945 κατατρίψει
1455 3877 1676 3946 χρόνους
1695 3915 1710 3940 ,
1758 3876 1820 3930 οὑ

1929 3883 2111 3938 fidem.
2144 3882 2299 3950 Quod
2332 3891 2515 3937 autem
2546 3899 2611 3937 ex
2647 3884 2764 3953 lege
2808 3882 2995 3938 divina
3029 3881 3504 3952 quadra‘genarius

237 3962 345 4030 μὴν
394 3964 477 4025 εἰς
523 3964 734 4017 τελείαν
777 3965 1056 4037 οίχήσεται
1088 3968 1339 4031 κόλασιν,
1395 3968 1511 4021 ἀλλ’
1555 3968 1707 4023 ἔσται
1740 3987 1822 4033 τις

1930 3990 2197 4030 numerus
2227 3972 2504 4042 perfectus
2531 3974 2620 4039 sit,
2668 3989 2832 4028 nemo
2863 3988 2972 4027 non
3019 3973 3181 4028 facile
3211 3973 3505 4042 intelliget,

236 4054 381 4126 αὐτῷ
415 4058 569 4126 παρά
590 4058 684 4110 τοῦ
714 4058 965 4130 Σωτῆρος
985 4062 1280 4133 ὲπισκοπὴ,
1302 4063 1395 4117 καὶ
1426 4064 1821 4135 ὑγιασθήσεται

1927 4066 2021 4136 qui
2050 4066 2105 4120 in
2142 4065 2379 4121 lectione
2402 4064 2716 4119 divinarum
2747 4064 3158 4136 Scripturarum
3186 4068 3256 4120 sit
3285 4065 3367 4120 vel
3391 4080 3506 4119 Ino-

235 4146 325 4199 καὶ
358 4146 526 4210 αὐτὸς
571 4148 665 4200 ἐπὶ
708 4150 774 4219 τῇ
823 4149 1179 4223 κολυμϐήθρα
1220 4151 1290 4205 δι’
1324 4152 1569 4223 ὑπακοῆς
1610 4154 1703 4206 καὶ
1734 4154 1822 4206 πί-

1927 4155 2189 4210 diocriter
2218 4162 2490 4210 versatus.

236 4258 428 4305 στεως.
470 4244 593 4296 Ὅτι
625 4243 683 4295 δὲ
717 4243 920 4309 τέλειος
950 4247 1091 4300 κατά
1130 4247 1293 4317 νόμον
1318 4248 1407 4301 τὸν
1435 4246 1575 4300 θεῖόν
1611 4249 1758 4301 ἐστιν
1786 4247 1814 4299 ὁ
1851 4250 2259 4320 τεσσαράκοντα
2323 4248 2588 4321 ἀριθμὸς,
2646 4248 2941 4318 οὐδαμόθεν
2974 4246 3039 4300 ἂν
3076 4248 3286 4316 γένοιτο
3352 4245 3510 4317 χαλε-

234 4337 333 4390 πὸν
356 4337 641 4408 ἐκμαθεῖν,
676 4339 960 4405 religamine
990 4344 1108 4406 ταῖς
1135 4342 1305 4406 θείαις
1322 4344 1567 4413 ὁμιλοῦσι
1595 4344 1856 4414 Γραφαῖς.
3244 4416 3248 4421 ο

306 4430 483 4497 Λέγει
508 4428 669 4494 αὐτῷ
695 4433 729 4482 ὁ
770 4430 999 4497 Ἰησοῦς
1021 4448 1037 4465 ο
1070 4432 1275 4500 Θέλεις
1296 4434 1471 4505 ὑγιὴς
1502 4435 1816 4504 τενέσθαι;

1992 4428 2059 4493 V,
2095 4428 2147 4483 6.
2189 4427 2335 4481 Dicit
2369 4428 2417 4482 ei
2446 4425 2605 4481 Iesus
2644 4442 2662 4480 :
2710 4424 2800 4481 Vis
2827 4441 2984 4479 sanua
3030 4425 3189 4489 ﬁeri?
3210 4423 3503 4491 Respondit

244 4520 556 4587 Ἀπεκρίθη
579 4520 742 4585 αὐτῷ
770 4523 804 4574 d
829 4522 1124 4577 ἀσθενῶν.

316 4609 619 4675 ’Δπόδειξις
651 4611 885 4683 ἐναργὴς
916 4613 1013 4683 τῆς
1051 4616 1131 4677 είς
1156 4617 1325 4685 ἀκρον
1357 4616 1703 4688 ἀγαθότητος,
1723 4618 1817 4672 τοῦ

230 4701 473 4773 Χριστοῦ
493 4744 508 4766 ,
560 4703 623 4755 τὸ
670 4704 746 4774 μὴ
786 4706 1005 4769 πάντως
1052 4706 1149 4770 τάς
1190 4707 1299 4760 ἀπὸ
1343 4708 1451 4761 τῶν
1501 4708 1818 4779 καμνόντων

234 4795 477 4857 ἱκετείας
501 4794 817 4865 ἐκδέχεσθαι
836 4837 851 4859 ,
883 4796 1105 4866 φθάνειν
1124 4798 1182 4852 δὲ
1212 4798 1395 4853 αὐτῶν
1421 4801 1486 4871 τῇ
1522 4798 1819 4871 φιλανθρω⁴

230 4887 332 4955 πία
357 4886 461 4954 τὴν
484 4886 716 4955 αῐτησιν.
779 4887 1088 4959 Ἐπιτρέχει
1115 4888 1224 4961 γὰρ
1245 4930 1260 4953 ,
1292 4889 1369 4952 ὡς
1396 4891 1527 4961 ὁρᾷς
1548 4930 1561 4956 ,
1595 4890 1672 4961 τῷ
1704 4907 1819 4943 κει-

234 4978 385 5047 μένῳ
404 5015 421 5032 .
471 4977 569 5029 καὶ
598 4979 961 5049 κατοικτείρει
997 4980 1089 5032 τὸν
1118 4980 1397 5049 κάμνοντα
1419 4979 1817 5050 παρακλήσεως

227 5068 373 5138 δίχα.
426 5068 502 5121 Tb
531 5068 587 5122 δὲ
619 5069 668 5121 εί
716 5069 959 5140 βούλοιτο
996 5074 1097 5142 τῆς
1133 5073 1448 5144 ἀρρωστίας
1479 5072 1815 5127 ἀπαλλάττε-

229 5161 354 5216 σθαι
384 5161 799 5230 φιλοπευστεῖν,
826 5165 887 5218 οὑ
926 5164 1290 5236 διερωτῶντος
1320 5162 1389 5235 ἦν
1421 5165 1481 5231 ἐξ
1511 5166 1732 5233 ἀγνοίας
1758 5165 1820 5220 τὸ

229 5255 399 5307 πᾶσιν
431 5253 884 5323 ὁμολογουμένως
911 5256 1250 5325 καταφανὲς,
1286 5256 1400 5309 ἀλλ’
1444 5258 1525 5319 είς
1565 5257 1819 5328 θερμοτέ-

229 5361 330 5414 ραν
374 5344 756 5408 διανιστάντος
805 5345 1103 5416 ἐπιθυμίαν
1149 5345 1245 5399 τοῦ
1302 5346 1661 5417 πράγματος,
1721 5346 1817 5398 καὶ

228 5438 365 5508 πρὸς
405 5437 469 5490 τδ
519 5436 644 5490 λίαν
676 5437 1131 5507 ἐσπουδασμένως
1154 5440 1326 5491 αἰτεῖν
1355 5436 1811 5509 παροτρύνοντος.

228 5528 301 5580 Τδ
333 5528 393 5582 δὲ
445 5529 497 5581 εί
533 5526 776 5597 βούλοιτο
803 5528 912 5581 τῶν
952 5527 1308 5599 ποθουμένων
1345 5532 1529 5598 τυχεῖν
1580 5528 1813 5599 ἐρωτᾷν,

232 5616 473 5686 ἔμφασιν
506 5633 633 5669 τινα
667 5616 760 5670 καὶ
790 5617 947 5687 λόγον
972 5618 1152 5674 ὠδίνει
1196 5616 1293 5671 τοῦ
1340 5617 1597 5672 δύνασθαι
1640 5635 1817 5686 παρα-

236 5708 403 5775 σχεῖν,
422 5706 669 5778 εὐτρεπῆ
690 5723 750 5758 τε
773 5707 873 5778 ἠδη
903 5708 1039 5779 πρὸς
1068 5706 1227 5760 τοῦτο
1247 5706 1520 5775 γενέσθαι,
1542 5708 1711 5777 μόνην
1733 5706 1814 5760 ἔτι

239 5799 607 5871 περιμένοντα
630 5798 723 5854 τοῦ
747 5798 845 5871 τὴν
878 5799 1036 5871 χάριν
1063 5799 1421 5871 κομιζομένου
1446 5799 1546 5871 τὴν
1576 5798 1809 5870 αἴτησιν.

1921 4522 1969 4575 ei
2009 4519 2313 4589 languidus.

1997 4609 2348 4665 Manifestum
2401 4616 2789 4678 argumentum
2840 4622 3066 4663 summae
3100 4605 3304 4662 Christi
3337 4606 3502 4661 bon-i-

1927 4706 2079 4768 tatis,
2106 4701 2249 4773 quod
2283 4701 2473 4769 utique
2503 4699 2873 4754 laborantium
2911 4713 3102 4768 preces
3156 4714 3269 4753 non
3300 4713 3499 4768 exspe-

1924 4804 2057 4858 ctet.
2090 4796 2185 4852 sed
2252 4794 2571 4865 petitionem
2624 4791 2961 4863 benignitate
3013 4806 3133 4845 sua.
3176 4790 3499 4861 praeveniat.

1926 4886 2181 4943 Occurrit
2232 4885 2420 4949 enim,
2474 4896 2534 4939 ut
2580 4882 2760 4949 vides,
2792 4883 3037 4952 jacenti.,
3094 4890 3164 4937 et-
3207 4882 3503 4937 miseratur

1921 4993 2129 5050 aegrum
2160 4987 2455 5047 antequam
2491 4976 2540 5032 ei
2587 4975 2878 5047 supplicet.
2910 4974 3067 5040 Quod
3113 4982 3297 5028 autem
3329 4972 3504 5029 inter-

1922 5076 2077 5139 rogat
2106 5076 2286 5124 utrum
2328 5068 2459 5123 velit
2488 5066 2809 5121 inﬁrmitate
2834 5065 3081 5129 liberari,
3103 5080 3215 5120 non
3237 5064 3382 5120 istud
3417 5074 3503 5119 est

1927 5157 2236 5228 ignorantis
2267 5157 2318 5212 id
2361 5157 2508 5227 quod
2548 5156 2807 5211 omnibus
2852 5163 3004 5211 certe
3036 5157 3276 5226 patebat,
3300 5155 3395 5212 sed
3432 5157 3501 5210 ad

1925 5250 2302 5305 vehementius
2356 5249 2515 5304 illius
2548 5248 2625 5303 rei
2675 5246 2919 5301 studium
2970 5247 3264 5302 excitantis
3315 5257 3370 5302 et
3430 5247 3500 5301 ad

1926 5340 2276 5411 ﬁagitandam
2319 5341 2608 5396 sanitatem
2642 5338 2977 5409 instigantis.
3002 5337 3159 5404 Quod
3195 5346 3378 5394 autem
3417 5338 3501 5392 in-

1924 5442 2165 5503 terrogat
2212 5441 2397 5487 utrum
2464 5432 2589 5486 velit
2652 5446 2710 5485 re
2766 5437 2954 5499 optata
3010 5430 3139 5495 frui,
3187 5430 3495 5499 emphasim

1926 5526 2220 5596 quamdam
2277 5526 2465 5587 habet,
2503 5537 2608 5593 qua
2662 5522 2936 5593 signiﬁcat
2986 5536 3047 5576 se
3090 5535 3210 5575 eam
3257 5519 3501 5590 pmbere

1925 5631 2109 5687 posse,
2152 5614 2377 5684 jamque
2430 5613 2496 5668 ad
2546 5596 2599 5666 id
2646 5609 3014 5682 praestandum
3069 5617 3318 5678 paratum
3351 5624 3498 5673 esse,

1925 5708 2215 5777 solamque
2249 5705 2569 5773 petitionem
2605 5703 2728 5773 ejus
2759 5702 2853 5773 qui
2893 5700 3127 5773 gratiam
3172 5706 3497 5768 accepturus

1925 5810 2061 5863 erat,
2090 5798 2416 5871 praestolari.
