4206 6510
249 414 347 468 341

1311 421 1378 475 IN
1418 420 1707 476 JOANNIS
1731 418 2187 476 EV’ANGELIUM
2223 418 2351 477 LlB.
2388 418 2452 474 ιι.
2542 377 2557 386 ’

3409 420 3538 478 662'

245 530 333 583 ὃτι
369 530 868 603 Θεραπευθήσονται
911 535 1007 606 μὲν
1047 536 1112 589 δι’
1160 539 1407 608 ὑπακοῆς
1448 540 1539 591 καὶ
1592 537 1817 599 πίστεως

1930 537 2173 590 arbitror
2197 538 2513 606 signiﬁcare
2546 533 2876 605 Sabbatum,
2900 536 2996 608 qui
3025 536 3145 595 dies
3176 547 3260 594 est
3286 538 3515 597 ultimus

247 624 309 675 ὲν
337 622 585 693 ἐσχάτοις
629 624 723 677 τοῦ
778 625 974 689 αἰῶνος
1014 631 1258 701 καιροῖς’
1313 630 1472 684 τοῦτο
1514 630 1624 700 γὰρ
1674 625 1829 699 οἶμαι

244 716 311 768 τὸ
356 716 634 770 Σάϐϐατον
674 717 891 788 δηλοῦν,
922 720 1240 776 τελευταίαν
1268 718 1434 777 οὖσαν
1467 725 1565 793 τῆς
1596 722 1828 792 ἑϐδομά-

244 808 336 872 δος
356 810 588 879 ἡμέραν.
631 812 1049 883 Κομισαμένους
1071 815 1128 867 δὲ
1160 816 1307 882 ἅπαξ
1336 816 1433 886 τὴν
1470 815 1557 869 διὰ
1591 817 1826 878 πίστεως

243 900 582 970 θεραπείαν,
620 904 714 957 καὶ
767 907 847 969 εἰς
900 908 1196 976 καινότητα
1249 908 1824 981 μεταρρυθμισθέντας

243 992 414 1061 ζωῆς,
449 994 547 1065 τὴν
584 996 683 1065 μὲν
730 996 822 1050 τοῦ
868 998 1091 1069 νομικοῦ
1124 1001 1388 1073 γράμματ
1414 1018 1451 1064 ης
1486 1000 1827 1069 παλαιότητα

242 1086 376 1154 παρ’
410 1086 563 1138 οὐδὲν
610 1088 821 1159 ἀνάγκη
880 1091 1164 1156 ποιεῖσθαι,
1220 1092 1602 1163 παραιτεῖσθαι
1636 1092 1691 1144 δὲ
1725 1090 1825 1161 τὴν

240 1178 321 1242 ὡς
350 1180 406 1232 ὲν
438 1184 615 1243 σκιαῖς
645 1182 1014 1254 αἰνιγματώδη
1038 1183 1315 1256 λατρείαν.
1360 1182 1643 1238 Ἐντεῦθεν
1669 1178 1822 1253 οἴμαι

239 1268 475 1324 λαϐόντα
518 1271 612 1325 τοῦ
664 1272 821 1341 λόγου
868 1273 968 1336 τὰς
1013 1274 1270 1345 ἀφορμὰς
1296 1274 1390 1327 καὶ
1419 1273 1532 1326 τὸν-
1552 1271 1822 1344 μακάριον

240 1363 546 1418 ἐπιστεῖλαι
595 1366 807 1419 Παῦλον
854 1369 965 1429 τοῖς
1013 1366 1153 1437 μετὰ
1181 1367 1278 1437 τὴν
1320 1367 1502 1420 πίστιν
1532 1364 1816 1432 παλινδρο-

1936 627 2322 685 hebdomadis.
2355 629 2459 684 Per
2493 626 2657 683 ﬁdem
2698 644 2827 685 vero
2860 638 3087 686 sanatos
3119 638 3173 685 et
3205 632 3259 686 in
3296 632 3514 686 novita-

1935 732 2041 778 tem
2065 722 2193 779 vita
2217 710 2546 776 reformatus
2570 722 2768 777 litterae
2795 724 3016 792 quidem
3044 724 3236 794 legalis
3269 731 3513 780 vetusta-

1935 819 2049 864 tem
2072 826 2299 867 necesse
2321 820 2406 865 est
2433 811 2695 880 abjicere,
2729 823 2783 869 et
2811 815 3018 870 cultum
3050 816 3293 886 typicum
3328 819 3509 886 repel-

1933 902 2065 956 lere.
2093 901 2232 956 Hinc
2260 901 2553 957 occasione
2585 911 2826 973 sumpta,
2853 904 3073 959 beatum
3104 921 3325 976 quoque
3366 904 3510 959 Pau-

1932 992 2043 1046 lum
2076 994 2274 1062 opinor
2306 993 2599 1062 scripsisse
2625 993 2695 1049 iis
2721 996 2816 1063 qui
2845 1002 2970 1066 post
3010 996 3167 1052 tidem
3194 1006 3507 1067 susceptam

1933 1096 2286 1139 revertuntur
2315 1088 2382 1140 ad
2412 1087 2584 1157 legem
2612 1105 2627 1142 :
2664 1105 2683 1138 ι
2722 1087 2852 1141 Dico
2875 1098 3057 1143 autem
3093 1089 3249 1143 vobis
3271 1090 3422 1160 quia,
3460 1091 3507 1145 si

1928 1176 2427 1242 eiscumcidamini,
2457 1176 2715 1233 Christus
2765 1177 2925 1233 vobis
2972 1180 3107 1234 nihil
3161 1162 3440 1251 proderit;
3483 1197 3501 1230 ι

1929 1268 2091 1320 item:
2126 1286 2145 1318 ι
2178 1266 2436 1321 Evacuati
2468 1269 2601 1323 estis
2629 1284 2659 1323 a
2684 1268 2929 1336 Christo,
2963 1271 3059 1340 qui
3083 1271 3140 1325 in
3172 1272 3293 1342 lege
3337 1269 3508 1339 justi-

1926 1358 2189 1421 ﬁcamini,
2228 1372 2257 1411 a
2284 1358 2459 1428 gratia
2492 1359 2780 1416 escidistis
2808 1363 2875 1414 ’⁵.
2916 1380 2935 1411 ι
3249 1401 3251 1403 .

244 1458 440 1527 μοῦσιν
470 1461 563 1514 ἐπὶ
585 1461 675 1514 τὸν
703 1462 894 1530 νόμονο
968 1479 985 1511 ι
1017 1462 1175 1531 Λέγω
1212 1461 1270 1515 δὲ
1300 1462 1449 1531 ὑμῖν,
1524 1462 1605 1514 ὅτι
1669 1458 1769 1515 ἐὰν
1824 1451 2259 1522 περιτέμνησθε,
2308 1452 2544 1523 Χριστὸς
2591 1452 2736 1522 ὑμᾶς
2786 1454 2937 1507 οὐδὲν
2986 1452 3279 1526 ὠφελήσει’
3337 1474 3356 1509 ι
3413 1457 3508 1511 καλ⁵

239 1553 405 1605 πάλιν
428 1571 441 1585 ·
490 1573 507 1605 ι
554 1555 956 1627 Κατηργήθητε
1013 1556 1122 1607 ἀπὸ
1174 1553 1445 1625 Χριστοῦ,
1504 1554 1703 1614 οἵτινες
1754 1549 1811 1601 ἐν
1849 1546 1998 1615 νόμῳ
2028 1542 2356 1608 δικαιοῦσθε,
2388 1544 2489 1613 τῆς
2527 1544 2746 1615 χάριτος
2783 1544 3094 1609 ἐξεπέσατε.
3132 1566 3152 1599 ›

316 1648 573 1713 Ἔλεγον
610 1642 722 1701 οὖν
757 1649 812 1700 οι
871 1646 1146 1700 Ἰουδαῖοι
1183 1645 1264 1711 τῷ
1296 1642 1812 1714 τεθεραπευμένῳ’

1996 1634 2063 1701 ν,
2101 1633 2187 1688 10.
2232 1633 2484 1688 Dicebant
2510 1652 2634 1706 ergo
2665 1635 2847 1690 Judwi
2877 1637 2960 1690 illi
2995 1640 3085 1706 qui
3122 1649 3348 1695 sanatus
3381 1640 3505 1710 fue-

237 1711 547 1792 Zdé’é’atdr
597 1738 761 1805 ἐστι,
821 1737 921 1791 καὶ
969 1741 1081 1793 οὐκ
1126 1738 1335 1803 ἔξεστι
1380 1711 1479 1792 σοι
1532 1711 1669 1805 ἆραι
1720 1734 1817 1787 τὸν

1926 1735 2012 1781 rat
2042 1744 2060 1781 :
2095 1726 2389 1789 Sabbatum
2418 1735 2517 1791 est,
2562 1744 2666 1782 non
2716 1727 2837 1782 licet
2869 1728 2964 1782 tibi
3000 1728 3186 1784 tollere
3219 1732 3506 1802 grabatum

234 1829 572 1897 κράόϐατόν
609 1847 748 1884 σου.

324 1919 771 1989 Ἐπικαιρότατον
825 1914 975 1991 οἶμαι
1014 1919 1141 1991 βοᾷν
1201 1920 1293 1973 ἐπὶ
1339 1918 1580 1980 τούτοις·
1622 1936 1640 1968 ‹
1690 1916 1819 1968 Ἰδοὺ

234 2009 366 2070 λαὸς
396 2011 596 2082 μωρὸς,
635 2012 730 2064 καὶ
766 2012 1026 2083 ἀκάρδιος
1046 2026 1059 2040 ⁸
1096 2010 1369 2081 ὀφθαλμοὶ
1398 2011 1601 2073 αὐτοῖς,
1631 2007 1726 2061 καὶ
1758 2007 1819 2059 οὐ

236 2099 518 2169 βλέπουσι·
559 2120 578 2153 ι
611 2103 676 2155 Τί
717 2103 827 2173 γάρ
876 2102 943 2156 ἂν
984 2103 1197 2171 γένοιτο
1232 2101 1341 2154 τῶν
1364 2099 1621 2153 τοιούτων
1655 2100 1820 2153 ἀπαι-

232 2191 581 2263 δευτότερον,
617 2192 650 2263 ἢ
696 2194 750 2246 τί
800 2193 934 2265 πρὸς
980 2192 1335 2261 ἀναισθησίαν
1376 2191 1437 2243 τὸ
1479 2188 1663 2260 μεῖζον
1696 2202 1710 2249 ;
1747 2188 1819 2240 Τὸ

238 2284 343 2354 μὲν
374 2284 483 2355 γὰρ
527 2286 610 2338 ὃτι
656 2288 924 2356 προσήκει
975 2285 1277 2356 θαυμάζειν
1330 2281 1547 2346 αὐτοὺς,
1591 2282 1689 2351 τὴν
1721 2280 1815 2332 τοῦ

235 2377 675 2448 θεραπεύσαντος
710 2376 941 2447 δύναμιν
985 2378 1044 2430 οὐ
1072 2378 1315 2447 δέχονται
1346 2375 1489 2429 κατὰ
1528 2372 1654 2427 νοῦν
1678 2388 1693 2403 ο
1727 2388 1811 2424 πι-

233 2468 362 2537 κροὶ
394 2467 451 2519 δὲ
483 2467 636 2530 ὄντες
677 2467 1023 2538 ὲπιτιμηταὶ,
1074 2467 1170 2521 καί
1213 2467 1372 2537 μόνον
1424 2466 1627 2527 εἰδότες
1659 2462 1818 2517 τοῦτο

234 2556 451 2620 καλῶς,
505 2558 857 2627 παρανομίας
925 2557 1230 2629 ἐγκλήματι
1284 2554 1673 2625 περιὸάλλουσι
1724 2553 1816 2605 τὸν

231 2649 363 2716 ἄρτι
393 2647 485 2700 καὶ
514 2646 666 2716 μόλις
691 2646 790 2716 τῆς
825 2648 1046 2717 μακρᾶς
1088 2646 1442 2714 ἀνακύψαντα
1479 2643 1657 2708 νόσου,
1697 2643 1814 2695 κεῖ-

233 2739 364 2791 σθαι
408 2738 463 2791 δὲ
501 2738 661 2791 πάλιν
702 2738 1083 2793 ἐπιτάττουσιν
1123 2736 1379 2806 ἀμαθῶς,
1418 2735 1497 2797 ὼς
1525 2735 1619 2788 καὶ
1648 2735 1706 2787 ὲν
1735 2733 1815 2803 τῷ

231 2831 435 2902 χρῆναι
484 2832 659 2883 νοσεῖν
711 2828 811 2899 τῆς
868 2831 949 2892 εἰς
1004 2829 1065 2882 τὸ
1110 2827 1385 2883 Σάϐϐατον
1427 2828 1815 2897 πληρουμένης

230 2926 420 2994 τιμῆς.

316 3014 378 3066 '0
416 3014 486 3067 δὲ
514 3014 804 3083 ἀπεκρίθη
842 3010 1048 3075 αὐτοῖς
1079 3027 1090 3041 ·
1138 3011 1201 3063 '0
1244 3008 1507 3077 ποιήσας
1532 3025 1608 3077 με
1644 3006 1808 3076 ὑγιῆ.

226 3105 466 3172 ἐκεῖνός
492 3124 595 3176 μοι
620 3103 789 3161 εἶπεν
806 3122 820 3138 ·
845 3100 1034 3172 Ἀρον
1059 3103 1164 3156 τὸν
1185 3101 1518 3171 κράὸὄατόν
1540 3115 1678 3166 σου,
1715 3100 1815 3153 καί

229 3199 558 3266 περιπάτει.
604 3198 946 3267 Ἠρώτησαν
978 3191 1093 3253 οὖν
1120 3195 1325 3248 αὐτόν.

306 3289 635 3360 Σοφωτάτην
676 3292 702 3343 6
750 3290 909 3359 λόγος
950 3288 1131 3342 ὼδίνει
1178 3284 1275 3357 τὴν
1319 3283 1558 3347 ἔννοιαν,
1595 3283 1816 3353 καὶτῆς

242 3379 514 3433 Ἰουδαίων
559 3381 889 3451 δυστροπίας
934 3380 1395 3449 ἀποκρουστικήν.
1452 3373 1668 3445 Ἐπειδὴ
1705 3372 1814 3442 γὰρ

227 3470 335 3524 οὐκ
360 3469 568 3533 ἔξεστιν
601 3472 659 3523 ὲν
702 3469 966 3539 Σαϐϐάτῳ
992 3512 1005 3535 ,
1048 3468 1231 3538 φησὶν,
1270 3468 1449 3519 οἴκαδε
1482 3468 1581 3538 τὴν
1625 3465 1813 3533 κλίνην

228 3563 425 3616 ἑλόντα
484 3562 762 3631 βαδίζειν,
822 3562 1165 3632 παρανομίας
1220 3558 1297 3629 τῷ
1355 3558 1815 3629 τεθεραπευμένῳ

230 3657 535 3726 ράπτοντες
580 3657 832 3726 γραφὴν,
880 3654 1193 3722 ἀναγκαίως
1245 3653 1427 3714 αὐτοῖς
1480 3652 1814 3722 γοργοτέραν

229 3745 522 3811 ἀντεξάγει
570 3746 669 3812 τὴν
701 3743 1026 3809 ἀπολογίαν,
1071 3744 1276 3793 ἐκεῖνον
1308 3739 1457 3809 αὐτῷ
1492 3741 1813 3809 περιπατεῖν

227 3836 549 3889 ἐντετάλθαι
610 3835 817 3902 λέγων,
880 3833 938 3895 ὃς
989 3833 1081 3885 καὶ
1142 3832 1242 3902 τῆς
1288 3832 1476 3899 ὑγείας
1535 3830 1812 3901 ἀνεδείχθη

225 3927 419 3997 δοτὴρ,
453 3927 609 3993 μόνον
639 3926 695 3977 δὲ
719 3926 841 3993 οὐχ).
886 3923 1127 3977 τοιοῦτόν
1160 3924 1211 3975 τί
1242 3940 1406 3990 φησιν
1427 3937 1440 3951 ο
1498 3920 1814 3989 Ἀξιολογώ-

226 4034 416 4079 τατον,
447 4010 490 4068 ὦ
522 4009 667 4069 οῦτοι
688 4057 701 4078 ,
734 4014 875 4086 φημὶ
907 4014 1040 4084 πρὸς
1063 4014 1122 4068 τὸ
1156 4013 1353 4083 χρῆναι
1383 4013 1679 4082 τιμᾶσθαι,
1722 4013 1816 4065 καὶ

226 4110 424 4163 λυπεῖν
458 4110 763 4161 ἐπιτάττειν
800 4106 899 4169 τὰς
946 4106 1040 4159 τοῦ
1098 4105 1378 4158 Σαόὸάτου
1429 4104 1615 4174 τιμὰς,
1648 4106 1741 4157 τὸν

226 4201 472 4270 τοσαύτη
506 4201 797 4269 πρόσεστιν
835 4198 1019 4267 ίσχὺς,
1072 4196 1186 4249 ἔστι
1231 4198 1323 4249 καὶ
1372 4198 1565 4265 χάρις,
1614 4196 1687 4259 ὼς
1717 4196 1814 4267 τὴν

227 4288 374 4357 ἐμὴν
399 4286 649 4352 ἐξελάσαι
681 4285 853 4339 νόσον.
893 4285 955 4337 El
986 4283 1094 4354 γὰρ
1117 4283 1211 4336 τοῦ
1243 4285 1495 4354 τυχόντος
1526 4286 1639 4337 ἐστὶ
1664 4285 1724 4337 τὸ
1758 4286 1814 4337 ὲν

1926 1826 2094 1868 tuum.

1996 1904 2164 1960 Valde
2209 1916 2541 1976 opportune,
2583 1913 2642 1961 ut
2676 1923 2819 1972 reor,
2856 1908 2949 1963 hic
2987 1910 3147 1971 nobis
3189 1911 3511 1968 exclaman-

1923 1997 2053 2051 dum
2094 2006 2177 2053 est
2206 2015 2217 2049 :
2251 2016 2269 2050 ε
2301 1998 2440 2054 Ecce
2474 2001 2709 2069 populus
2743 2001 2944 2056 stultus
2968 2012 3023 2056 et
3049 2017 3241 2059 vecors
3286 2020 3299 2056 :
3353 2004 3502 2069 oculi
3536 2028 3539 2031 λ

1923 2098 2053 2147 sunt
2102 2091 2259 2163 ipsis,
2292 2100 2347 2147 et
2394 2108 2503 2145 non
2539 2091 2811 2146 vident".
2854 2113 2871 2145 ι
2902 2094 3043 2159 Quid
3073 2096 3217 2149 enim
3262 2095 3348 2150 his
3380 2107 3504 2153 ειη-ο

1921 2182 2109 2251 pidius
2138 2194 2230 2236 aut
2273 2182 2510 2237 inertius
2549 2197 2674 2237 esse
2715 2184 2933 2252 potest?
2959 2182 3077 2238 Non
3119 2187 3262 2239 enim
3293 2185 3527 2240 intelli-‘r

1922 2280 2057 2345 gunt
2089 2274 2498 2343 suspiciendam
2538 2275 2642 2329 sibi
2664 2289 2787 2330 esse
2810 2276 2920 2328 vim
2952 2284 3005 2331 et
3032 2283 3358 2345 potestatem
3379 2278 3502 2348 ejus

1919 2366 2015 2437 qui
2053 2366 2307 2421 sanavit:
2344 2366 2440 2421 sed
2473 2366 2576 2420 hoc
2606 2382 2777 2420 unum
2823 2368 3030 2431 sciunt,
3063 2369 3267 2435 acerbe
3319 2369 3502 2424 incre-

1919 2471 2072 2527 pare,
2104 2457 2349 2530 adeoque
2365 2457 2585 2511 violata:
2604 2457 2751 2527 legis
2781 2458 2991 2512 crimen
3022 2459 3299 2513 intentant
3325 2460 3377 2515 ei
3403 2460 3499 2531 qui

1918 2566 2115 2606 recens
2138 2565 2203 2604 ac
2232 2550 2322 2605 vix
2351 2549 2617 2605 diuturno
2644 2550 2836 2605 morbo
2867 2552 3087 2606 solutus
3114 2549 3314 2618 fuerat,
3339 2566 3498 2606 eum-

1917 2657 2023 2713 que
2056 2656 2277 2697 rursum
2298 2641 2633 2695 decumbere
2665 2641 2830 2696 stulte
2866 2643 3216 2712 praecipiunt,
3249 2644 3411 2712 quasi
3440 2644 3497 2698 in

1916 2734 2218 2807 aegrotandi
2250 2732 2588 2791 necessitate
2624 2732 2853 2789 Subhati
2887 2734 3067 2791 honor
3099 2737 3399 2793 consistat.

1989 3000 2055 3067 V,
2083 3002 2169 3057 11.
2211 3000 2310 3057 Ille
2351 3014 2528 3057 autem
2568 3004 2841 3072 respondit
2872 3003 2948 3058 eis
2985 3019 3002 3058 :
3036 3002 3142 3069 Qui
3175 3019 3255 3056 me
3298 3018 3493 3059 sanum

1919 3093 2063 3162 fecit,
2094 3095 2185 3149 ille
2213 3097 2341 3149 mihi
2375 3096 2552 3150 dixit:
2582 3096 2732 3151 Tolle
2770 3095 3057 3167 grabatum
3090 3106 3259 3161 tuum,
3293 3106 3343 3151 et
3376 3112 3493 3151 am-

1918 3184 2064 3239 bula.
2103 3185 2568 3257 lnterrogavenunt
2597 3204 2720 3257 ergo
2753 3204 2891 3242 eum.

1987 3278 2468 3347 Sapientissimam
2511 3281 2627 3334 haec
2658 3280 2833 3334 verba.
2868 3280 3205 3335 sententiam
3248 3278 3493 3349 pariunt,

1916 3385 2025 3440 qua
2056 3368 2376 3423 Juda-orum
2415 3369 2752 3439 perversitas
2798 3369 3133 3439 exploditur.
3168 3369 3305 3424 Cum
3341 3370 3503 3425 enim.

1917 3462 2107 3519 dicant
2145 3476 2253 3517 non
2286 3462 2453 3518 licere
2478 3462 2533 3515 in
2574 3460 2842 3525 Sabbato,
2874 3462 3091 3518 sublato
3113 3464 3366 3534 grabato,
3395 3462 3495 3519 (ιο-
3534 3447 3553 3453 τ

1917 3570 2067 3608 mum
2095 3555 2391 3625 prolicisci,
2419 3555 2894 3625 praevaricationis
2917 3557 3123 3610 crimen
3144 3557 3192 3609 ei
3219 3561 3311 3625 qui
3333 3570 3497 3625 sanae

1918 3654 2008 3700 tus
2040 3644 2217 3698 luerat
2243 3647 2606 3710 intentantes,
2626 3646 2949 3699 necessario
2980 3646 3067 3700 his
3102 3648 3375 3702 acriorem
3397 3647 3501 3702 dea

1918 3737 2224 3791 fensionem
2241 3739 2489 3807 Opponit,
2510 3739 2701 3793 dicens
2720 3739 2901 3791 abillo
2925 3753 2982 3793 se
3002 3739 3319 3793 ambulandi
3339 3754 3497 3793 man-

1916 3829 2104 3882 datqu
2138 3832 2442 3897 accepisse,
2473 3844 2501 3882 a
2535 3845 2643 3898 quo
2670 3830 2961 3885 sanitatem
2984 3831 3149 3885 etiam
3182 3830 3497 3901 accepit,et

1920 3920 2233 3975 istiusmodi
2264 3922 2521 3991 quiddam
2558 3928 2773 3975 tantum
2800 3936 2906 3975 non
2939 3921 3016 3974 ait
3042 3938 3055 3973 :
3080 3921 3361 3976 Summam
3397 3938 3497 3977 au-

1917 4014 2229 4067 ctoritatem
2282 4028 2393 4083 qua
2440 4013 2740 4067 Sabbatum
2794 4013 2957 4083 210
2995 4013 3101 4067 coli
3149 4022 3246 4067 aut
3297 4015 3496 4069 violari

1914 4106 2106 4174 jubeat
2139 4106 2196 4159 in
2240 4120 2305 4158 eo
2347 4120 2470 4160 esse
2508 4105 2655 4166 dico,
2704 4105 2794 4159 cui
2846 4112 2997 4158 tanta
3038 4104 3119 4158 vis
3154 4105 3297 4161 inest
3328 4114 3495 4176 atque

1916 4196 2112 4267 gratia,
2139 4205 2199 4249 ut
2232 4210 2413 4249 meum
2451 4197 2704 4250 morbum
2737 4196 3001 4266 abegerit.
3029 4193 3166 4249 Nam
3205 4197 3249 4251 si
3281 4212 3343 4251 ea
3374 4198 3500 4253 laus

1921 4304 1949 4339 a
1972 4287 2167 4355 quovis
2192 4286 2373 4341 aliena
2420 4294 2525 4349 est,
2558 4287 2867 4355 virtutique
2905 4301 2969 4340 ac
3003 4289 3263 4356 potestati
3295 4288 3495 4343 divina

228 4378 444 4439 τούτοις
496 4376 819 4445 διαπρέπειν
865 4375 1180 4445 ἀλλότριον,
1231 4376 1459 4445 ἁρμόσει
1511 4374 1567 4426 δὲ
1615 4374 1813 4444 μᾶλλον

1921 4381 2200 4441 convenit,
2240 4378 2519 4447 quomodo
2553 4393 2615 4431 ea
2655 4378 2893 4441 excidet,
2934 4378 3133 4447 inquit,
3169 4379 3261 4448 qui
3297 4394 3495 4449 opera-

228 4465 491 4537 ἐνεργείᾳ
530 4468 621 4518 καὶ
659 4466 887 4535 δυνάμει
927 4465 1252 4535 θεοπρεπεί,
1298 4464 1415 4527 πῶς
1448 4465 1513 4518 ἂν
1554 4466 1807 4536 ἁμάρτοι,

228 4561 421 4630 φησιν,
468 4561 495 4611 6
540 4558 743 4611 τούτων
775 4557 1043 4628 ὲργὰτης;
1074 4558 1107 4628 ἢ
1158 4557 1274 4620 πῶς
1319 4556 1385 4610 ἂν
1410 4558 1471 4610 ού
1497 4558 1714 4621 πάντως
1746 4558 1812 4610 τὰ

229 4649 607 4721 κεχαρισμένα
643 4647 763 4717 Θεῷ
808 4633 1257 4718 συμϐουλεύσειεν
1301 4650 1329 4700 ό
1383 4647 1659 4719 θεοπρεπῆ
1714 4648 1812 4718 τὴν

226 4744 461 4811 δύναμιν
506 4742 679 4810 ἔχωνς
718 4740 920 4811 Τρέφει
971 4740 1150 4794 τοίνυν
1195 4741 1254 4793 ἐν
1305 4739 1485 4811 ἑαυτῷ
1536 4741 1740 4811 πικράν
1787 4742 1815 4793 6

226 4836 391 4904 λόγος
419 4834 517 4903 τὴν
540 4834 798 4902 ἔμφασιν.

308 4928 408 4991 Τίς
437 4926 608 4979 ἐστιν
634 4928 665 4979 ό
693 4924 1003 4992 ἄνθρωπος
1039 4927 1071 4977 ὁ
1114 4924 1296 4977 εἰπών
1327 4941 1458 4979 σοι·
1491 4921 1676 4992 ’Ἆρον
1707 4924 1814 4979 τόν

227 5018 571 5086 κράὅόατόν
598 5032 737 5078 σου,
774 5014 872 5068 καὶ
897 5015 1245 5083 πεμπάτευ
1295 5017 1348 5068 Ὁ
1375 5016 1441 5068 δὲ
1476 5018 1664 5082 ἰαθεὶς
1699 5020 1812 5071 οὐκ

229 5109 366 5177 ᾔδει
393 5109 487 5173 τίς
523 5108 691 5160 ἐστιν
714 5122 727 5133 ·
778 5110 810 5160 ό
846 5108 954 5175 γὰρ
994 5106 1231 5173 Ἰησοῦς
1277 5108 1601 5172 ἐξένευσεν
1625 5108 1813 5177 ὄχλου

230 5202 413 5265 ὄντος
442 5199 512 5251 ἐν
538 5199 617 5263 τῷ
658 5200 835 5262 τόπῳ.
870 5201 1029 5252 Μετὰ
1073 5198 1260 5252 ταῦτα
1304 5202 1570 5267 εὑρίσκει
1626 5201 1816 5256 αὐτὸν

230 5296 265 5347 ὁ
308 5291 553 5359 Ἰησοῦς
581 5291 651 5343 ἐν
680 5289 758 5355 τῷ
786 5289 938 5357 ἱερῷ,
988 5291 1087 5345 καί
1117 5288 1285 5346 εἶπεν
1315 5293 1493 5357 αυτῷ.

309 5381 623 5451 Ἀπληστος
660 5382 739 5444 εἰς
794 5382 1110 5452 μιαιφονίαν
1152 5384 1261 5435 τῶν
1317 5384 1584 5438 Ἰουδαίων
1612 5387 1640 5437 ὁ
1671 5388 1815 5451 νοῦς.

230 5473 567 5546 Διερευνῶσι
594 5473 684 5526 τὸν
712 5472 1061 5539 ἐπιτάξαντα,
1111 5477 1526 5529 συνεπιπλέκειν
1556 5478 1716 5532 αὑτὸν
1742 5480 1821 5550 τῷ

227 5564 557 5637 παραδόξως
590 5566 902 5633 ὑγιασθέντι
935 5566 1327 5637 βουλευόμενοι.
1368 5571 1545 5633 Μόνος
1585 5570 1713 5642 γάρ,
1743 5571 1818 5635 ὡς

227 5658 405 5722 εἰκὸς,
442 5657 766 5712 κινδυνεύων
795 5657 984 5713 ἐλύπει
1004 5658 1171 5713 διὰτὸ
1199 5659 1499 5730 Σά66ατον,
1530 5663 1558 5714 6
1589 5661 1815 5734 βρόχους

318 5838 365 5868 ’⁸
396 5838 580 5893 (lalat.
612 5855 666 5907 v,
696 5838 750 5905 Ξ,
790 5839 842 5893 4.
926 5841 970 5872 ⁸⁸
1004 5836 1205 5893 Jcrem.
1238 5856 1291 5904 v,
1327 5838 1416 5893 ει.

1918 4485 2012 4523 rur
2042 4469 2271 4524 isthaec?
2296 4478 2390 4523 aut
2425 4469 2703 4539 quomodo
2731 4485 2838 4523 non
2872 4477 2926 4522 et
2951 4478 3176 4537 accepta
3210 4467 3321 4524 Deo
3354 4485 3492 4525 con-

1915 4561 2079 4626 sulet,
2117 4562 2209 4631 qui
2234 4561 2422 4615 divina
2453 4568 2728 4630 potestate
2764 4560 3027 4629 praeditus
3057 4561 3179 4615 est?
3207 4560 3264 4614 In
3301 4577 3360 4617 se
3388 4562 3482 4615 ita.

1915 4668 2023 4723 que
2052 4653 2167 4708 hiEC
2204 4654 2370 4707 verba
2398 4653 2685 4707 continent
2725 4666 2917 4705 acrem.
2944 4650 3272 4720 emphasim.

1988 4931 2053 4999 V,
2093 4933 2276 4987 12-14.
2307 4932 2437 4997 Quis
2478 4940 2555 4985 est
2593 4933 2684 4985 ille
2713 4929 2867 4983 homo
2884 4930 2975 4999 qui
3014 4929 3152 4981 dixit
3177 4928 3273 4982 tibi
3304 4944 3321 4983 :
3348 4928 3495 4983 Tollo

1915 5024 2195 5095 grabatum
2254 5034 2424 5086 tuum,
2468 5032 2516 5077 et
2558 5022 2816 5076 ambula?
2858 5020 2913 5074 Is
2956 5020 3046 5090 qui
3093 5034 3257 5073 sanus
3315 5018 3492 5087 fuerat

1913 5116 2151 5185 effectus,
2184 5116 2445 5169 nesciebat
2473 5114 2591 5184 quis
2626 5122 2760 5168 esset
2788 5129 2805 5165 :
2847 5110 3003 5166 Iesus
3037 5112 3178 5163 enim
3207 5111 3494 5167 declinavit

1917 5224 1951 5259 a
1979 5206 2133 5259 turba
2155 5207 2445 5261 constituta
2478 5206 2686 5259 inloco.
2718 5204 2915 5257 Postea
2946 5203 3143 5258 invenit
3176 5218 3295 5257 eum
3334 5200 3494 5255 Josus

1918 5298 1971 5351 in
2008 5297 2220 5364 templo,
2256 5308 2304 5351 et
2338 5298 2476 5351 dixit
2507 5297 2611 5351 illi.

1990 5382 2316 5454 lnexplebili
2366 5384 2533 5441 caedis
2585 5383 2887 5455 cupiditate
2952 5382 3107 5437 ardet
3175 5380 3495 5436 Iudaeorum

1930 5476 2164 5530 animus.
2187 5474 2595 5545 lndaganteum
2620 5476 2715 5545 qui
2741 5488 2951 5544 aegrum
2976 5473 3153 5543 jussit
3185 5474 3494 5537 ambulare,

1926 5574 2234 5624 statuentes
2263 5569 2443 5639 ipsum
2466 5582 2573 5623 una
2594 5581 2721 5621 cum
2756 5581 2823 5621 eo
2852 5565 2944 5635 qui
2969 5565 3299 5620 mirabiliter
3330 5578 3494 5619 sana-

1924 5671 2013 5717 tus
2044 5660 2226 5718 fuerat
2266 5661 2507 5718 irretire.
2541 5660 2900 5732 Augebantur
2928 5660 3095 5726 enim,
3133 5666 3195 5713 ut
3247 5663 3513 5747 appareth
