4206 6510
225 430 331 483 3ίῦ

1285 425 1350 480 ΙΝ
1394 423 1681 480 ιοΑΝΝιε
1710 419 2160 477 EVANGELiL'M
2198 419 2328 476 LIB.
2371 418 2432 473 ll.

3382 423 3488 479 356

224 543 339 612 εχοι
365 558 448 603 τις
485 539 550 594 ἂν
580 535 857 601 ἀποδεῖξαι
882 536 1133 607 τρόπους,
1162 536 1260 588 οὐκ
1286 536 1490 598 εἰδότας
1521 535 1805 596 Ἰουδαίους

1907 532 2253 586 voluntatem
2307 533 2646 603 ignorantes,
2689 547 2744 589 et
2785 533 3083 590 vanissime
3126 533 3256 588 illud
3292 535 3479 591 obser.

223 633 317 685 τὸν
358 631 483 701 περὶ¹
515 629 574 681 τὸ
594 629 867 681 Σάϐϐατόν
905 626 996 678 τοῦ
1026 625 1314 695 νομοθέτου
1349 628 1566 691 σκοπὸν,
1601 627 1802 677 εἰκαιο-

224 723 395 791 τάτην
451 720 663 772 τελείαν
717 719 802 772 ἐπ’
861 717 1010 787 αύτῴ
1063 717 1417 784 ποιουμένους
1461 717 1558 786 τὴν
1612 714 1802 783 ἐπιτή-

227 832 408 884 ρησιν.
443 814 550 865 Καὶ
580 811 708 882 γὰρ,
735 812 811 874 ὡς
844 811 1004 873 αὐτὸς
1027 809 1128 880 ἔφη
1163 827 1264 861 που
1293 808 1546 878 Χριστὸς,
1576 807 1803 870 ἕκαστος

225 904 408 958 αὐτῶν
439 903 529 955 τὸν
568 903 698 955 ῐδιον
745 901 870 971 βοῦν
891 941 905 964 ,
937 902 1055 971 ἦτοι
1098 900 1158 952 τὸ
1191 898 1465 968 πρόϐατον
1499 897 1804 965 ἀπαγαγὼν

227 993 459 1056 ποτίζει,
494 993 586 1045 κα)⁸
615 991 916 1062 περιτομὴν
946 990 1212 1060 λαμϐάνει
1259 988 1543 1058 ἄνθιιοιπος
1572 990 1628 1040 ὲν
1663 984 1803 1038 Σαϐ-

226 1083 400 1152 ϐάτῳ,
443 1082 530 1134 ἵνα
565 1081 642 1152 μὴ
677 1080 809 1151 λυθῇ
850 1082 877 1132 ό
899 1081 1061 1150 νόμος
1088 1078 1348 1140 Μωσέως.
1386 1075 1519 1130 Εἶτα
1550 1075 1802 1147 χολῶσιν,

226 1174 310 1224 ὅτι
342 1173 459 1225 ὅλον
496 1173 779 1242 ἄνθρωπον
827 1172 957 1241 ὑγιῆ
1001 1170 1258 1240 ἐποίησεν
1297 1171 1354 1221 ὲν
1397 1167 1679 1237 Σαϐϐάτῳ,
1714 1165 1804 1218 διὰ

226 1263 427 1333 πολλὴν
461 1263 605 1332 ⁴Ιγθῶν
649 1263 980 1333 δυστροπίαν
1027 1279 1083 1313 τε
1116 1259 1249 1330 όμοῦ
1299 1259 1393 1312 καὶ¹
1424 1258 1802 1322 ἀπαιδευσίαν,

224 1356 347 1408 οὐδὲ
371 1353 477 1406 τῶν
506 1353 717 1422 ἀλόγων
752 1353 842 1406 τὸν
878 1354 998 1407 κατ’
1027 1352 1212 1405 είκόνα
1243 1351 1342 1420 τὴν
1372 1349 1522 1403 θείαν
1546 1349 1806 1418 γεγονότα

225 1445 642 1516 προτάττοντες,
677 1443 790 1496 ἀλλ’
821 1443 1027 1506 ἐξεῖναι
1057 1443 1153 1513 μὲν
1191 1442 1461 1514 πρόϐατον
1495 1440 1664 1494 ὲλεεῖν
1703 1440 1808 1492 οἰό-

228 1553 384 1606 μενοι
421 1537 529 1588 δεῖν
571 1537 629 1588 ὲν
659 1536 944 1607 Σαϐϐάτῳ,
980 1535 1073 1588 καὶ
1101 1535 1256 1604 λιμοῦ
1305 1535 1396 1588 καὶ
1431 1533 1591 1603 δίψης
1634 1532 1808 1586 ἀπαλ-

225 1628 444 1682 λάττειν
489 1627 870 1697 ἀνεγκλήτως,
918 1627 1285 1697 παρανομίαις
1334 1626 1390 1678 δὲ
1431 1625 1525 1678 καὶ
1557 1626 1675 1686 ταῖς
1716 1623 1809 1675 ἐπὶ

224 1722 338 1782 τοῖς
369 1719 618 1789 ἐσχάτοις
648 1717 970 1771 ὑποκεῖσθαι
1020 1720 1298 1788 γραφαῖς,
1351 1718 1478 1779 τοὺς
1527 1716 1686 1784 οἵπερ
1743 1712 1809 1766 ἂν

224 1810 467 1878 γένοιντο
497 1808 722 1878 χρηστοί
750 1825 809 1859 τε
849 1808 942 1861 καὶ
967 1807 1162 1875 ἀγαθοὶ
1194 1809 1319 1877 περὶ
1353 1807 1442 1860 τὸν
1469 1806 1634 1869 πέλας
1667 1804 1807 1859 κατά

223 1901 284 1952 τὸ
331 1899 629 1952 Σάϐϐατον.
677 1899 793 1951 Ἵνα
831 1899 896 1967 δὴ
946 1899 1108 1951 πάλιν
1156 1898 1451 1968 θεωρῶμεν
1499 1898 1696 1959 αὐτοὺς
1746 1897 1804 1948 ού
1841 1881 1880 1935 Β

228 1991 469 2061 μετρίως
493 1991 930 2060 ἀνοηταίνοντας,
958 1990 1047 2044 διά
1071 2007 1129 2042 τε
1153 1989 1310 2042 τοῦτο
1336 1989 1562 2050 δικαίως
1591 1987 1807 2041 ἀκούειν

221 2082 567 2151 ὀφείλοντας·
611 2101 627 2132 ι
669 2081 951 2135 Πλανᾶσθε
999 2081 1074 2151 μὴ
1119 2080 1318 2142 εἰδότες
1355 2080 1452 2144 τὰς
1500 2081 1746 2151 Γραφὰς,
1783 2097 1800 2130 ›

225 2175 360 2244 φέρε
386 2175 452 2245 δὴ
483 2175 573 2227 καὶ
604 2177 668 2228 ὲκ
697 2176 806 2227 τῶν
841 2174 1002 2245 ἱερῶν
1024 2173 1280 2236 λαϐόντες
1307 2173 1653 2243 Γραμμάτων
1688 2172 1808 2225 ὲπι-

221 2266 558 2336 δεικνύωμεν
589 2267 868 2338 ἐναργῶς,
925 2265 1018 2319 καὶ
1061 2264 1230 2317 πάλαι
1273 2261 1807 2334 προαναξωγραφού-

225 2373 390 2426 μενον
423 2355 497 2418 ὡς
526 2357 583 2410 ὲν
610 2357 766 2427 τύπῳ
797 2357 887 2410 τὸν
923 2355 1129 2427 Ἰησοῦν
1170 2353 1566 2426 ἀδιαφοροῦντα
1600 2353 1727 2426 περὶ
1747 2353 1808 2406 τὸ

224 2446 524 2501 Σάϐϐατόν.
561 2448 770 2502 Οὐκοῦν
809 2449 867 2501 ὲν
915 2449 1062 2519 γήρᾳ
1107 2447 1337 2518 μακρῷ,
1388 2446 1568 2510 καθὼς
1601 2447 1805 2516 γέγρα-

223 2554 380 2599 πται,
415 2538 522 2589 τῶν
547 2537 899 2607 ἀνθρωπίνων
923 2538 1376 2608 ἀποδημήσαντος
1405 2535 1498 2588 τοῦ
1529 2525 1804 2604 πανσόφου

222 2630 506 2694 Μωσέως,
555 2630 648 2684 καὶ
694 2632 773 2694 είς
804 2632 898 2694 τὰς
948 2632 1059 2684 ἄνω
1111 2629 1568 2700 μεθορμισθέντος
1617 2630 1802 2699 μονὰς,

223 2723 404 2792 κρίσει
435 2723 528 2798 καὶ
565 2722 733 2793 ψήφῳ
759 2723 852 2775 τοῦ
890 2722 1107 2775 πάντων
1141 2723 1466 2793 κρατοῦντος
1498 2721 1656 2785 Θεοῦ,
1705 2723 1805 2790 τὴν

221 2798 522 2884 ἠγεμονίαν
544 2815 639 2885 τὴν
664 2815 756 2867 ἐπὶ
786 2815 876 2867 τὸν
916 2815 1133 2886 Ἰσραὴλ
1162 2815 1318 2883 ἔλαχέ
1351 2833 1405 2867 τε
1443 2814 1537 2868 καὶ
1565 2813 1808 2886 ἐκληρώ-

226 2925 360 2960 σατο
394 2910 522 2969 παῖς
550 2909 578 2959 ό
613 2905 708 2960 τοῦ
743 2908 896 2978 Ναυῆ
933 2907 1162 2979 Ἰησοῦς.
1213 2907 1430 2978 Ἐπειδὴ
1468 2907 1525 2959 δὲ
1572 2907 1802 2977 μυριάν-

221 2997 382 3067 δρους
451 2997 682 3052 όπλιτῶν
750 2998 1016 3069 ἀριθμοὺς
1059 2999 1244 3068 κύκλῳ
1313 2999 1650 3068 περιστήσας
1707 2998 1805 3068 τῆς

235 3088 532 3158 Ἱεριχοῦς,
598 3089 737 3141 ἑλεῖν
781 3107 842 3142 τε
893 3090 997 3159 ἤδη
1043 3091 1136 3144 καὶ
1185 3089 1582 3160 καταστρέφειν
1634 3089 1804 3158 αὐτὴν

221 3178 497 3244 ἐϐούλετο,
535 3179 784 3251 σύνθημα
819 3181 914 3250 μὲν
957 3183 1070 3244 τοῖς
1110 3181 1348 3244 λευίταις
1388 3181 1580 3246 ὲδίδου,
1618 3180 1802 3250 κύκλῳ
1830 3221 1871 3280 C

223 3271 513 3340 περιάγειν
563 3272 661 3342 τὴν
710 3273 940 3326 κιϐωτὸν
969 3313 984 3338 ,
1019 3273 1104 3347 ξφ*
1149 3273 1297 3336 ὅλαις
1340 3273 1400 3339 ἓξ
1433 3273 1525 3326 τὸν
1565 3271 1799 3343 ἀριθμὸν

222 3362 494 3433 ἡμέραις,
523 3366 589 3433 τῇ
619 3363 675 3415 δὲ
703 3363 933 3434 ἑϐδόμη,
965 3362 1111 3415 τοῦτ’
1141 3362 1255 3415 ἐστι
1276 3402 1290 3425 ,
1319 3362 1458 3416 κατά
1496 3363 1555 3414 τὸ
1590 3362 1801 3414 Σάϐϐα-

220 3470 337 3515 τον,
376 3453 763 3518 συναλαλάζειν
812 3456 930 3516 ταῖς
975 3453 1231 3522 σάλπιγξι
1270 3453 1368 3524 τὴν
1411 3453 1646 3522 ἄμετρον
1690 3452 1799 3506 τῶν

223 3546 654 3616 στρατευμάτων
688 3547 946 3605 ἐκέλευσε
965 3547 1195 3618 πληθὺν,
1227 3547 1321 3599 καὶ
1345 3545 1670 3614 κατεσείσθη
1704 3546 1803 3616 μὲν

221 3637 370 3691 οὕτω
403 3639 464 3691 τὸ
500 3642 676 3708 τεῖχος
698 3679 711 3701 ,
765 3639 1147 3708 εἰσδραμόντες
1191 3639 1247 3691 δὲ
1281 3639 1411 3690 είσω
1433 3679 1447 3703 ,
1495 3637 1803 3708 χειροῦνται

221 3731 327 3800 τὴν
357 3728 514 3781 πόλιν
539 3769 552 3792 ,
600 3729 659 3781 ού
693 3727 792 3798 τὴν
829 3728 1055 3797 ἄκαιρον
1100 3728 1192 3781 τοῦ
1228 3728 1505 3781 Σαϐϐάτου
1533 3726 1804 3797 τιμῶντες

222 3821 447 3892 ἀργίαν,
481 3820 598 3872 οὐδὲ
621 3819 684 3871 τὸ
713 3821 868 3889 νικᾷν
888 3822 943 3872 ὲν
973 3819 1120 3889 αύτῷ
1142 3818 1567 3890 παραιτούμενοι
1594 3818 1681 3872 διά
1711 3819 1802 3872 τὸν

221 3913 537 3982 ἐξείργοντα
568 3912 764 3980 νόμον,
819 3911 933 3965 ἀλλ’
962 3911 1080 3964 οὐδὲ
1120 3914 1232 3973 τοῖς
1288 3911 1462 3980 Ἰησοῦ
1500 3911 1803 3980 στρατηγή-

226 4021 396 4074 μασιν
443 4003 896 4073 ἀντιπράττοντες
929 4004 1081 4068 τότε,
1132 4002 1396 4071 λοιδορίας
1425 4003 1480 4055 δὲ
1523 4003 1804 4068 παντελῶς

223 4094 519 4164 ἐλευθέραν
563 4093 656 4147 τοῦ
701 4094 895 4163 ἀνδρὸς
938 4093 1034 4162 τὴν
1083 4092 1379 4163 ἡγεμονίαν
1437 4095 1798 4164 τηρήσαντες.

223 4189 340 4241 Καὶ
385 4189 413 4239 ό
457 4186 557 4255 μὲν
608 4185 778 4247 τύπος
822 4187 878 4237 ὲν
925 4184 1158 4248 τούτοις.
1206 4184 1424 4254 Ἐπειδὴ
1462 4185 1520 4237 δὲ
1563 4187 1798 4256 παρῆνή

223 4279 490 4347 ἀλήθεια,
543 4275 686 4329 τοῦτ’
731 4276 844 4328 ἐστι
902 4277 1155 4347 Χριστὸς,
1195 4277 1293 4348 τὴν
1338 4278 1802 4348 ὲπιτειχισθεῖσαν

221 4371 368 4424 κατά
417 4369 510 4421 τοῦ
574 4368 861 4440 ἀνθρώπου
918 4369 1069 4439 παρά
1127 4369 1220 4422 τοῦ
1290 4369 1542 4423 διαϐόλου
1599 4371 1804 4441 φθορὰν

219 4459 471 4514 καθελών
523 4477 583 4512 τε
630 4459 724 4512 καὶ
774 4459 1212 4528 χειρωσάμενος,
1259 4454 1378 4511 εἶτα
1428 4459 1584 4512 τοῦτο
1635 4461 1804 4515 ποιῶν

1907 633 2125 679 vantes.
2170 624 2324 688 Nam‘,
2355 635 2412 678 ut
2447 627 2564 696 ipse
2616 626 2870 683 Christus
2908 627 3049 682 dixit
3087 626 3310 692 alicubi,
3363 629 3486 696 qui-

1905 714 2037 769 libet
2080 730 2274 769 eorum
2312 715 2478 771 boves
2529 732 2592 774 ac
2614 732 2743 772 oves
2775 733 2902 772 suas
2932 717 3257 787 adaquat",
3289 727 3343 772 et
3373 721 3487 772 circ

1905 806 2306 859 ουιιιρὶεἰοηοιιι
2367 807 2530 860 Ιιοηιο
2570 808 2806 876 suscipit
2856 809 2910 861 in
2965 809 3229 876 Sabbato,
3277 816 3337 863 ut
3373 824 3483 864 non

1905 896 2155 950 solvatur
2199 896 2283 950 lex
2338 895 2563 965 Moysis.
2611 897 2682 949 At
2733 897 3092 967 indignantur
3122 899 3270 969 quod
3309 900 3486 954 homi-

1905 1002 2034 1040 nem
2072 987 2126 1040 in
2150 987 2239 1041 die
2263 985 2492 1041 Sabbati
2516 994 2692 1041 totum
2718 991 2945 1044 sanitati
2969 991 3232 1057 restituit,
3256 1001 3485 1061 propter

1907 1093 2180 1134 summam
2239 1093 2455 1132 morum
2510 1081 2932 1147 perversitatem
2966 1083 3219 1138 simulet
3273 1084 3484 1138 tudita-

1906 1177 2040 1234 tem,
2072 1185 2141 1224 ne
2177 1171 2355 1224 brutis
2385 1174 2606 1241 quidem
2640 1173 2776 1241 ipsis
2808 1175 3214 1243 mquiparantes
3239 1190 3365 1230 eum
3386 1175 3481 1243 qui

1907 1264 1974 1318 ad
2007 1263 2302 1334 imaginem
2336 1262 2432 1318 Dei
2470 1264 2651 1318 factus
2681 1271 2786 1330 est,
2821 1265 2924 1320 sed.
2953 1266 3010 1319 in
3038 1265 3285 1320 Sabbato
3317 1267 3483 1321 licere

1907 1354 2127 1424 quidem
2171 1356 2292 1411 ovis
2351 1356 2736 1411 misericordia
2777 1357 2991 1421 teneri,
3049 1373 3286 1426 eamque
3340 1360 3483 1413 citra

1907 1446 2127 1514 culpam
2163 1445 2303 1501 fame
2334 1462 2396 1502 ac
2438 1447 2535 1503 siti
2568 1447 2794 1501 liberari
2828 1463 2992 1517 posse
3013 1447 3323 1512 credentes,
3344 1464 3483 1518 pra:-

1907 1535 2146 1590 varicari
2174 1550 2305 1590 vero
2336 1543 2390 1591 et
2430 1537 2701 1592 extremis
2723 1537 3015 1607 suppliciis
3046 1537 3315 1593 obnoxios
3356 1553 3484 1593 esse

1907 1625 2224 1694 quicunque
2256 1625 2505 1680 bonitate
2535 1633 2588 1680 et
2617 1627 2822 1696 pietate
2846 1641 2974 1696 erga
3007 1628 3321 1695 proximum
3355 1635 3480 1681 ute-

1909 1727 2101 1775 rentur
2130 1720 2186 1773 in
2223 1718 2480 1774 Sabbato.
2517 1717 2587 1773 Ut
2621 1727 2772 1774 certe
2801 1721 3088 1776 videamus
3134 1735 3229 1775 eos
3285 1735 3483 1776 rursus

1912 1827 2022 1866 non
2067 1811 2426 1866 mediocriter
2462 1810 2730 1877 insanire,
2772 1822 2934 1880 atque
2974 1811 3181 1866 idcirco
3216 1807 3340 1881 jure
3372 1811 3483 1866 illis

1909 1902 2243 1958 audiendum
2284 1901 2446 1974 212
2475 1897 2638 1956 esse:
2671 1920 2689 1952 ι
2723 1901 2932 1956 Erratis
2973 1903 3287 1957 nescientes
3325 1899 3478 1956 Scri-

1907 2003 2102 2066 pturas
2122 1993 2189 2057 '3,
2227 2013 2244 2045 ›
2271 2008 2369 2062 age
2393 2009 2525 2063 ergo
2550 1993 2736 2049 allatis
2758 2009 2980 2064 quoque
3009 2008 3291 2048 sacrarum
3325 1991 3482 2047 Scri-

1907 2095 2195 2158 pturarum
2243 2085 2577 2141 testimoniis
2607 2085 2759 2140 clare
2809 2083 3166 2139 ostendamus
3202 2083 3480 2153 quondam

1906 2181 2073 2234 etiam
2124 2177 2302 2248 typice
2353 2176 2760 2247 praeliguratum
2807 2175 2981 2232 fuisse
3033 2173 3219 2231 Jesum
3255 2173 3486 2228 Sabbati

1905 2271 2348 2326 observationem
2409 2277 2787 2323 contemnere.
2844 2266 3016 2338 Igitur
3069 2263 3481 2336 sapientissimo

1905 2363 2111 2432 Moyse,
2149 2370 2209 2414 ut
2244 2360 2508 2428 scriptum
2541 2366 2644 2424 est,
2680 2359 2734 2412 in
2781 2366 3028 2413 extrema
3068 2363 3353 2412 senectute
3392 2369 3480 2407 re-

1905 2453 2011 2507 bus
2048 2452 2303 2506 humanis
2331 2449 2614 2512 defuncto,
2651 2456 2704 2504 et
2733 2449 2797 2503 ad
2841 2451 3126 2518 'supernas
3160 2446 3484 2502 mansiones

1907 2543 2192 2606 translato,
2234 2541 2444 2611 judicio
2494 2556 2557 2594 ac
2593 2541 2868 2595 sententia
2905 2537 3336 2608 cunctipotentis
3372 2534 3472 2590 Dei

1905 2635 2074 2690 Josue
2105 2635 2251 2688 illius
2283 2632 2428 2687 Nave
2448 2631 2821 2686 lsraelitarum
2855 2630 3105 2698 regimen
3141 2627 3385 2682 obtinuit
3407 2625 3474 2680 ".

1907 2713 2011 2793 Q'ui
2066 2741 2192 2779 cum
2245 2722 2738 2777 innumerabilibus
2789 2727 3129 2774 armatorum
3168 2718 3344 2786 copiis
3391 2715 3481 2771 Je-

1907 2816 2218 2871 richuntcm
2273 2813 2605 2875 obsedisset,
2635 2827 2865 2881 eamque
2907 2811 2957 2865 vi
3004 2823 3321 2880 expugnare
3366 2815 3483 2862 sta-

1905 2907 2124 2972 tuisset,
2164 2908 2381 2976 signum
2424 2905 2574 2959 dedit
2607 2904 2814 2956 levitis
2870 2911 2929 2955 ut
2984 2902 3114 2954 totis
3147 2916 3241 2956 sex
3283 2898 3482 2953 diebus

1906 3000 2120 3055 circum
2155 2999 2351 3053 urbem
2408 3012 2588 3051 arcam
2640 2995 2940 3060 deferrent,
2972 2995 3204 3062 septima
3237 3005 3390 3054 vero,
3425 2989 3480 3042 id

1907 3098 1992 3146 est
2030 3089 2297 3152 Sabbato,
2319 3087 2772 3142 innumerabilem
2800 3086 3034 3139 militum
3069 3101 3153 3139 mi.
3190 3081 3481 3136 titudinem

1907 3183 2052 3236 tubis
2083 3182 2338 3251 clangere
2368 3179 2532 3234 simul
2561 3177 2752 3248 jussit,
2785 3184 2950 3245 atque
2985 3175 3059 3228 ita
3097 3173 3387 3229 concussis
3417 3186 3482 3225 ac

1908 3274 2111 3331 dirutis
2169 3272 2445 3326 mcenibus
2499 3269 2736 3339 ingressi
2787 3269 2979 3322 urbem
3031 3276 3317 3335 ceperunt,
3369 3279 3480 3316 non

1908 3368 2266 3422 observantes
2300 3364 2748 3432 intempestivum
2785 3358 3015 3413 Sabbati
3057 3358 3254 3420 otium,
3300 3369 3482 3424 neque

1908 3457 2197 3513 victoriam
2249 3455 2342 3509 illo
2376 3454 2463 3508 die
2499 3459 2824 3507 recusantes
2857 3449 2927 3502 ob
2976 3446 3112 3518 legis
3149 3445 3478 3517 prohibitio-

1910 3566 2072 3613 nem,
2126 3547 2220 3602 sed
2269 3561 2368 3601 nec
2414 3545 2498 3601 sui
2543 3545 2703 3598 ducis
2748 3541 3040 3611 imperium
3087 3539 3478 3598 detrectantes,

1911 3643 2161 3712 adeoque
2197 3640 2376 3708 ipsum
2413 3637 2564 3691 omni
2605 3636 2772 3704 plane
2799 3633 3055 3688 convicio
3089 3631 3389 3685 liberantes
3412 3627 3479 3679 ⁸⁸.

1903 3735 2080 3802 Atque
2116 3732 2230 3785 hac
2260 3730 2492 3799 ﬁgurate
2526 3726 2764 3795 quidem.
2795 3722 3066 3789 Quoniam
3103 3728 3286 3773 autem
3335 3715 3480 3770 veri-

1903 3833 1989 3880 tas
2040 3823 2297 3886 advenit,
2342 3819 2393 3873 id
2425 3826 2509 3874 est
2531 3817 2814 3879 Christus,
2851 3820 3162 3883 expugnata
3203 3817 3260 3864 et
3289 3820 3481 3862 eversa

1905 3912 2259 3981 corruptione
2300 3923 2328 3961 a
2365 3907 2588 3961 diabolo
2631 3905 2902 3958 adversus
2934 3909 3186 3954 naturam
3236 3894 3478 3950 hominis

1904 4013 2118 4069 erecta,
2155 4015 2395 4070 cumque
2435 3998 2489 4052 id
2538 3997 2721 4051 facere
2767 3994 3018 4049 videatur
3070 3990 3215 4044 circa
3270 3985 3482 4040 Sabba-

1903 4107 2018 4152 tum
2045 4135 2061 4160 ,
2091 4095 2247 4150 velut
2282 4093 2336 4146 in
2369 4089 2676 4161 primordio
2702 4095 2754 4141 et
2782 4085 2858 4140 rei
2892 4081 3188 4154 principio,
3219 4079 3277 4133 in
3318 4089 3481 4146 para-

1904 4189 2074 4260 lytico
2122 4185 2419 4248 nimirum,
2479 4179 2648 4234 stulte
2714 4176 3092 4245 indignantur,
3150 4167 3476 4238 obsequium

1907 4259 2127 4350 patrum
2158 4276 2560 4338 condemnant,
2585 4288 2697 4326 non
2745 4271 2989 4325 ferentes
3023 4266 3345 4321 morborum
3375 4259 3477 4314 do-

1906 4368 2082 4423 lorem
2126 4367 2181 4420 in
2220 4365 2462 4420 Sabbato
2499 4362 3066 4431 superari,quatenus
3093 4355 3160 4409 ad
3196 4355 3475 4408 insectan-

1908 4459 2038 4514 dum
2071 4456 2259 4514 Jesum
2291 4457 2346 4510 in
2374 4455 2616 4509 Sabbato
2649 4453 2789 4507 bene
2820 4457 3119 4505 merentem
3152 4446 3473 4514 adiguntur.

217 4555 420 4622 ὁρᾶται
473 4553 614 4606 κατά
658 4552 739 4605 ’τὸ
791 4552 1090 4617 σάϐϐατον,
1147 4553 1220 4615 ὡς
1267 4555 1323 4606 ὲν
1377 4553 1648 4624 προοιμίῳ
1698 4555 1791 4608 καὶ
1847 4555 1989 4626 ἀρχῇ
2041 4552 2136 4605 τοῦ
2186 4553 2524 4622 πράγματος,
2573 4548 2630 4599 ὲν
2667 4545 2744 4616 τῷ
2796 4540 3243 4614 παραλελυμένῳ,
3281 4539 3475 4604 δυσφο-

220 4648 416 4718 ροῦσιν
447 4645 806 4709 ἀπαιδεύτως,
834 4646 927 4698 καὶ
953 4648 1051 4714 τῆς
1074 4645 1182 4698 τῶν
1209 4644 1460 4714 πατέρων
1506 4645 1817 4708 εὐπειθείας
1865 4643 2307 4706 καταδικάζουσι,
2350 4639 2447 4709 τὴν
2499 4640 2562 4691 ὲκ
2591 4636 2699 4689 τῶν
2729 4631 3176 4706 ἀρρωστημάτων
3217 4629 3478 4718 ἐπήρειαν

216 4717 383 4808 νικᾷν
413 4738 469 4788 ὲν
501 4734 761 4802 Σαϐϐάτῳ
789 4732 885 4803 τὴν
920 4733 1078 4800 φύσιν
1104 4734 1204 4788 οὐκ
1238 4733 1647 4803 ἐπιτρέποντες,
1677 4735 1800 4788 ὅσον
1835 4736 1914 4798 είς
1940 4733 2000 4786 τὸ
2042 4733 2239 4805 χρῆναι
2306 4729 2521 4783 διώκειν
2564 4724 2882 4794 ἐπείγεσθαι
2924 4721 3014 4776 τὸν
3054 4718 3260 4791 Ἰησοῦν
3324 4717 3481 4787 εὑερ.

215 4830 486 4902 γετοῦντα
518 4827 657 4880 κατά
691 4826 752 4878 τὸ
789 4825 1080 4879 Σάϐϐατον.

309 4921 373 4972 '0
406 4917 609 4984 Πατήρ
636 4934 754 4985 μου
787 4916 898 4982 ἕως
927 4916 1058 4984 ἄρτι
1092 4913 1412 4986 ἐργάζεται,
1447 4915 1606 4985 κάγὼ
1643 4916 1808 4985 ἐργά·

1988 4915 2052 4980 γ,
2088 4914 2176 4970 l7.
2214 4911 2374 4966 Pater
2418 4924 2559 4962 metu
2611 4921 2773 4974 usque
2826 4900 2981 4956 modo
3009 4906 3279 4970 operatur,
3305 4904 3356 4949 et
3388 4910 3479 4964 ego

334 5026 417 5062 αι.

334 5026 417 5062 αι.

217 5010 653 5167 ζομΔιαλέγεται
697 5098 796 5169 μὲν
841 5098 916 5160 ὠς
949 5097 1007 5152 ὲν
1046 5095 1306 5164 Σαϐϐάτῳ
1343 5096 1595 5166 Χριστός.
1639 5097 1810 5151 Τοῦτο

220 5196 334 5264 γὰρ
372 5193 587 5262 ἀνάγκη
633 5191 694 5244 τὸ
733 5211 750 5242 ι
787 5189 889 5253 ἕως
919 5190 1043 5259 ἀρτι
1081 5209 1098 5239 ι
1137 5187 1354 5257 δηλοῦν,
1393 5189 1479 5241 ἵνα
1513 5189 1604 5241 τὸν
1639 5190 1804 5261 ἑαυτῇ

221 5286 510 5356 πρέποντα
537 5283 693 5350 λόγον
729 5283 762 5352 ἡ
795 5281 888 5334 τοῦ
923 5281 1278 5352 θεωρήματος
1303 5280 1526 5350 δέχηται
1553 5281 1804 5353 δύναμις.

235 5375 627 5438 ’Δπαιδεύτους
683 5374 740 5427 δὲ
783 5374 943 5436 ὄντας
995 5374 1122 5435 τοὺς
1195 5373 1513 5437 Ἰουδαίους,
1580 5375 1674 5428 καί¹
1725 5374 1809 5436 τίς

225 5468 332 5540 μέν
385 5468 503 5519 ἐστι
557 5465 697 5519 κατά
757 5464 919 5535 φύσιν
971 5463 1072 5518 οὐκ
1127 5463 1336 5528 είδότας
1389 5465 1416 5516 ὁ
1468 5464 1804 5536 Μονογενὴς.

227 5559 382 5632 μόνῳ
426 5559 483 5610 δὲ
530 5558 879 5621 ἀνατιθέντας
919 5556 998 5626 τῷ
1043 5555 1162 5626 Θεῷ
1214 5556 1307 5609 καὶ
1360 5557 1534 5627 Πατρὶ
1585 5556 1676 5609 τοῦ
1721 5557 1807 5610 διὰ

223 5649 475 5707 Μωσέως
537 5648 701 5718 νόμου
766 5649 860 5701 τὸν
933 5648 1189 5719 ὁρισμὸν,
1266 5648 1415 5719 αὐτῷ
1484 5665 1540 5700 τε
1607 5649 1805 5718 χρῆναι

227 5742 328 5794 καὶ
361 5739 643 5794 πείθεσθαι
699 5741 843 5810 μόνῳ
897 5739 1444 5810 διαϐεϐαιουμένους,
1499 5741 1809 5794 ἀναπείθειν

1917 5021 2120 5060 oneror.

1983 5023 2120 5060 ΘΤΟΓ.

1949 5023 2218 5152 pDisserit
2265 5091 2488 5163 quidem
2537 5086 2794 5143 Christus
2831 5091 2887 5137 ιιι
2922 5081 2979 5135 in
3028 5077 3289 5133 Sabbato.
3328 5070 3480 5128 lstud

1915 5191 2061 5247 enim
2102 5201 2329 5242 necesse
2384 5190 2469 5238 est
2519 5175 2818 5249 signiﬁcari
2866 5173 2956 5228 his
3007 5169 3213 5233 verbis,
3251 5186 3269 5218 ι
3305 5179 3480 5233 usque

1915 5283 2102 5346 modo,
2159 5299 2176 5332 ι
2224 5286 2285 5334 ιιι
2333 5273 2753 5332 convenientem
2793 5266 2899 5323 sibi
2954 5274 3264 5320 sermonem
3306 5257 3390 5312 vis
3427 5265 3482 5312 et

1915 5377 2057 5432 ratio
2105 5369 2464 5428 theorematis
2502 5363 2756 5432 accipiat.
2804 5357 3093 5428 Imperitos
3140 5357 3325 5406 autem
3380 5346 3482 5402 Ju-

1914 5465 2083 5526 dazos,
2116 5471 2170 5518 et
2196 5459 2507 5517 nescientes
2535 5455 2698 5526 plane
2727 5452 2850 5521 quis
2883 5445 3190 5503 secundum
3225 5452 3479 5496 naturam

1914 5559 1986 5612 sit
2028 5552 2371 5623 Unigenitus,
2415 5547 2509 5603 sed
2556 5545 2647 5599 uni
2696 5543 2806 5596 Deo
2857 5555 2920 5592 ac
2957 5536 3108 5591 Patri
3159 5532 3479 5623 praescripta

1914 5621 2166 5700 Mosaicae
2184 5642 2318 5712 legis
2348 5639 2676 5700 tribuentes,
2706 5633 2868 5701 eique
2897 5629 2991 5683 uni
3017 5623 3318 5697 parendum
3344 5621 3478 5676 amr-

1916 5747 2148 5801 mantes,
2181 5729 2515 5804 persuadere
2567 5726 2715 5780 clare
2755 5730 2987 5777 conatur
3036 5716 3220 5774 omnia
3273 5729 3332 5770 se
3371 5727 3480 5769 una

307 5855 352 5888 ¹⁷
395 5853 526 5910 Luc.
559 5871 678 5922 ιιιι,
709 5855 793 5910 15.
873 5854 914 5885 ¹¹¹
943 5852 1134 5909 Matth.
1166 5869 1303 5918 χιιι,
1336 5853 1426 5908 29.
1508 5855 1552 5884 ²⁹
1585 5851 1740 5907 Deut.
1771 5867 1796 5904 χ

1905 5866 1954 5913 v,
1985 5848 2038 5910 8,
2072 5846 2123 5903 9.
2205 5844 2246 5877 ³ο
2275 5841 2440 5898 Josuc
2469 5837 2807 5905 malusch-
