4206 6510
711 409 816 463 ΖΠ

706 626 965 671 naturam
1008 617 1202 671 habeat
1227 657 1239 680 ,
1276 626 1562 686 propterea
1595 619 1742 687 quod
1781 620 1929 671 aliud
1964 634 2071 672 non
2091 630 2174 673 est
2218 619 2287 673 ab

707 708 826 771 illo,
868 711 1013 777 quod
1064 708 1128 759 ad
1173 710 1498 762 substantia:
1552 710 1893 763 identitatem
1955 718 2190 783 spectat,
2228 726 2288 764 se

707 798 847 850 nihil
903 796 1048 848 aliud
1102 812 1343 864 unquam
1393 813 1684 851 sensuruu
1742 815 1906 866 quam
1943 802 2087 867 quod
2140 798 2287 852 Patri

710 892 1011 958 placui-rit;
1056 903 1291 957 cumque
1326 891 1397 941 sit
1433 890 1679 957 ejusdem
1721 892 2065 951 substantiae,
2097 890 2286 944 eadem

710 996 931 1048 quoque
966 990 1233 1045 statuere,
1263 984 1390 1044 imo,
1418 998 1542 1035 cum
1587 984 1701 1051 ipse
1750 986 1819 1037 sit
1858 984 2047 1038 vivens
2097 984 2286 1038 consi-

706 1074 837 1123 lium
873 1082 926 1125 et
965 1076 1142 1126 virtus
1192 1074 1390 1137 Patris,
1433 1077 1615 1127 omnia
1654 1076 1707 1126 in
1733 1077 1993 1129 omnibus
2021 1092 2145 1130 cum
2194 1077 2290 1130 Pa-

705 1173 789 1217 tre
844 1167 1082 1234 operari.
1137 1165 1203 1219 L't
1256 1182 1388 1235 ergo
1440 1164 1759 1219 Judaeorum
1821 1170 1982 1221 inane
2036 1184 2288 1222 murmur

706 1268 1005 1314 amoveret.
1040 1273 1105 1310 ac
1141 1258 1383 1311 ﬂecteret
1440 1259 1777 1312 insectantes
1818 1260 1975 1327 quasi
2023 1262 2285 1313 honorem

708 1350 931 1403 Sablmti
974 1351 1273 1411 violasset,
1322 1369 1341 1400 ι
1388 1350 1547 1404 Pater
1602 1367 1793 1417 meus,
1845 1353 2064 1421 inquit,
2110 1368 2287 1421 usque

704 1442 869 1494 modo
900 1451 1181 1509 operatur.
1219 1461 1236 1492 ι
1261 1439 1393 1494 Tale
1417 1443 1561 1494 enim
1593 1441 1855 1509 quiddam
1884 1443 2285 1512 propemodum

705 1531 1020 1599 εἰᾳηίῦροτμ
1046 1535 1203 1585 vult:
1240 1533 1297 1587 Si
1351 1538 1556 1595 credis,
1590 1551 1621 1589 ο
1654 1536 1912 1606 quisquis
1941 1552 2023 1602 es,
2064 1546 2202 1591 nutu
2232 1544 2287 1591 et

702 1626 990 1677 voluntate
1032 1625 1123 1676 Dei
1168 1626 1414 1679 omnium
1462 1642 1647 1679 rerum
1707 1629 1921 1697 opificis
1972 1638 2284 1682 creaturam

705 1716 1001 1783 gubernari
1044 1719 1209 1770 etiam
1245 1718 1334 1770 die
1372 1718 1622 1780 Sabbati,
1648 1722 1718 1771 ita
1753 1729 1813 1772 ut
1854 1720 1935 1773 sol
1958 1720 2195 1783 oriatur,
2232 1728 2287 1776 et

705 1807 968 1860 inibiiferi
1032 1808 1207 1861 fontes
1263 1811 1629 1871 resolvantur,
1678 1817 1731 1863 et
1789 1810 2005 1865 fructus
2059 1827 2089 1866 e
2136 1822 2284 1866 terra

1702 416 1758 469 S.
1805 415 2089 473 CYRILLI
2125 416 2601 473 ALEXANDRINI
2634 417 2955 475 ARCHIEP.

706 541 829 578 cum
862 522 1025 577 Patre
1044 524 1205 594 213
1223 524 1461 594 operari,
1482 536 1534 578 et
1566 540 1689 578 cum
1713 526 1992 581 Genitoris
2024 530 2077 581 in
2108 530 2291 598 seipso

2398 529 2655 599 πειρᾶται
2720 529 2942 596 σαφῶς,
2999 530 3081 582 ὅτι

3877 430 3979 486 548

3143 533 3322 584 πάντα
3368 531 3443 600 τῷ
3485 534 3660 605 Πατρὶ
3715 541 3982 610 συνεργά-

2392 619 2563 682 ζεται,
2591 619 2685 671 καὶ
2709 620 2807 689 τὴν
2837 619 2930 671 τοῦ
2955 621 3319 689 γεννήσαντος
3346 624 3412 689 ’.τό
3424 640 3505 675 σιν
3532 625 3670 695 ἔχων
3696 629 3753 679 ἐν
3782 630 3979 701 ἐαυτῷ,

2390 710 2476 761 διὰ
2506 710 2567 761 τὸ
2602 711 2674 777 μὴ
2709 710 2895 779 ἕτερόν
2916 710 2986 762 ’τι
3036 712 3165 781 παρ’
3193 713 3400 765 ἐκεῖνον
3432 716 3720 785 ὑπάρχειν,
3751 722 3876 774 ὅσον
3904 724 3982 785 εἰς

2389 800 2488 868 τὴν
2535 800 2635 869 τῆς
2672 801 2860 862 οὐσίας
2898 804 3220 873 ταυτας-ητα,
3260 806 3357 874 οὐχ
3394 807 3581 877 ἔτερόν
3622 827 3674 862 τι
3723 816 3981 883 φρονήσει

2340 936 2345 941 .
2390 890 2519 943 ποτὲ
2562 892 2711 960 παρά
2751 892 2810 944 τὸ
2846 891 2927 961 τῷ
2959 895 3190 961 φύσαντι
3233 896 3451 949 δοκοῦν·
3490 899 3566 962 ὡς
3594 900 3649 952 δὲ
3679 903 3778 970 τῆς
3812 907 3982 973 αὐτῆς

2392 982 2651 1051 ὑπάρχων
2675 981 2865 1045 οὐσίας
2909 985 3083 1036 ταὺτά
3128 985 3222 1037 καὶ
3267 986 3633 1054 βουλεύσεται,
3688 993 3889 1057 μᾶλλον
3927 995 3982 1047 δὲ

2390 1074 2549 1137 αὐτὸς
2580 1076 2841 1145 ὑπάρχων
2879 1078 2912 1146 ἡ
2948 1076 3099 1139 ζῶσα
3134 1077 3318 1148 βουλὴ,
3359 1082 3453 1132 καὶ
3484 1081 3712 1149 δύναμις
3742 1084 3835 1136 τοῦ
3874 1086 3982 1137 ῐῐα-

2389 1167 2535 1235 τῴς,
2567 1169 2781 1237 ἐνεργεί
2828 1168 2890 1221 τά
2944 1171 3121 1223 πάντα
3152 1171 3209 1221 ἐν
3242 1174 3374 1223 πᾶσι
3426 1174 3563 1241 μετά
3597 1175 3826 1244 Πατρός.
3866 1178 3981 1229 “Iv:

2388 1261 2567 1312 τοίνυν
2596 1261 2686 1313 τὸν
2712 1264 2913 1314 εἰκαῖον
2944 1265 3051 1314 τῶν
3093 1265 3361 1317 Ἰουδαίων
3405 1266 3817 1337 ἀποκῳύσηται
3860 1287 3983 1336 γογο

2389 1355 2617 1423 γνσμὸν,
2648 1355 2744 1406 καὶ
2789 1355 3087 1426 δυσωπήσῃ
3132 1356 3428 1419 διώκοντας
3478 1358 3560 1423 ἐφ’
3591 1353 3672 1421 οἷς
3720 1359 3983 1429 χαλεπαί-

2389 1462 2499 1496 νειν
2541 1446 2779 1513 ἐδόκουν,
2821 1446 3022 1499 ὡσανεὶ
3064 1447 3164 1515 τῆς
3216 1449 3345 1517 περὶ
3387 1448 3444 1499 τὸ
3484 1448 3761 1502 Σαϐϐαῖον
3811 1470 3982 1503 κατα-

2390 1536 2753 1606 φρονηθείσης
2812 1538 3013 1606 τιμῆς·
3052 1556 3073 1591 ι
3118 1538 3177 1590 '0
3232 1540 3421 1609 Πατήρ
3488 1557 3613 1608 μου,
3660 1542 3846 1609 φησὶν,
3880 1544 3982 1605 ἓως

2388 1625 2513 1694 ἄρτι
2540 1625 2854 1694 ἐργάζεται.
2901 1645 2918 1677 t
2952 1627 3129 1680 Μόνον
3157 1628 3269 1697 γὰρ
3300 1629 3420 1697 οὐχὶ
3460 1629 3705 1681 τοιοῦτόν
3732 1648 3783 1682 τι
3817 1648 3985 1685 κατα·-

2390 1716 2678 1784 σημαίνειν
2714 1716 2983 1786 βούλεται·
3016 1719 3080 1771 ΕΞ
3113 1718 3409 1783 πιστεύεις,
3448 1720 3723 1789 ἄνθρωπε,
3754 1722 3984 1787 νεύματί

2386 1824 2447 1859 τε
2482 1809 2572 1860 καὶ
2604 1809 2855 1880 βουλήσει
2898 1810 2993 1862 τοῦ
3038 1811 3107 1864 τι
3137 1811 3316 1864 πάντα
3363 1812 3747 1881 συμπήξαντός
3794 1814 3985 1866 τελκαὶ

702 1908 1020 1965 erumpant,
1054 1916 1232 1969 neque
1258 1915 1512 1953 crescere
1539 1900 1851 1955 detrectent
1887 1910 2119 1972 propter
2146 1902 2285 1958 Sab-

2391 1902 2792 1969 τεχνησαμένου
2824 1900 2959 1953 Θεοῦ
3121 1904 3299 1954 κτίσιν
3342 1904 3658 1957 διοικεῖσθαι
3708 1907 3802 1957 καὶ
3844 1904 3986 1956 κατά

702 1990 915 2053 batum,
954 1993 1097 2057 ignis
1128 2000 1307 2045 autem
1345 2008 1442 2060 pro
1468 2010 1565 2047 sua
1602 2005 1799 2047 natura
1840 2003 1984 2064 agat,
2016 2003 2073 2049 et
2100 1996 2283 2050 homi—

703 2098 837 2135 num
875 2087 1067 2143 usibus
1120 2090 1273 2139 nullo
1312 2087 1643 2155 impediente
1677 2088 1906 2151 serviat,
1946 2086 2124 2143 fatere
2172 2089 2283 2141 uti-

703 2191 809 2241 que
846 2174 1090 2239 Patrem,
1148 2194 1245 2246 pro
1281 2194 1346 2231 eo
1404 2193 1467 2231 ac
1520 2176 1692 2233 Deum
1726 2180 1904 2241 decet,
1956 2179 2175 2248 cperari
2228 2180 2283 2231 in

706 2262 965 2317 Saliliato.
1000 2265 1113 2317 Cur
1142 2281 1296 2333 ergo,
1330 2268 1529 2334 inquit,
1574 2268 1741 2321 stulte
1788 2268 2107 2321 criminaris
2156 2282 2282 2321 eum

703 2371 801 2423 per
836 2372 998 2423 quem
1033 2369 1230 2413 cuncta
1268 2360 1565 2427 operatur?
1599 2357 1718 2412 Non
1766 2360 1914 2413 enim
1949 2361 2111 2413 aliter
2140 2358 2284 2415 Deus

704 2462 769 2500 ac
826 2446 988 2502 Pater
1047 2460 1332 2515 operatur,
1381 2466 1547 2519 quam
1587 2468 1684 2521 per
1736 2450 1859 2505 Filii
1912 2453 2170 2508 virtutem
2231 2463 2287 2508 et

710 2538 1063 2605 sapientiam.
1114 2539 1326 2595 Idcirco
1381 2542 1589 2611 inquit,
1645 2561 1663 2591 ι
1705 2541 1816 2613 Ego
1881 2558 2102 2612 quoque
2150 2557 2283 2612 ope-

706 2645 815 2683 ror.
854 2630 1203 2686 iCunfundit
1258 2635 1425 2705 igitur
1476 2636 1818 2706 argumentis
1872 2636 1928 2690 in
1980 2635 2283 2691 absurdum

704 2721 1105 2779 deducentihus
1128 2724 1445 2780 Judaaorum
1476 2728 1800 2783 eﬂ‘renatum
1821 2729 2086 2792 animum,
2106 2707 2286 2783 osten-

703 2814 842 2866 dens
905 2830 1000 2869 ens
1039 2817 1142 2868 sibi
1184 2833 1295 2870 non
1357 2826 1468 2871 tam
1530 2834 1841 2889 repugnare
1890 2834 2055 2889 quam
2110 2818 2282 2882 Patri,

704 2908 792 2959 cui
825 2918 974 2961 certe.
1016 2910 1107 2962 uni
1155 2910 1290 2979 legis
1322 2911 1587 2965 honorem
1634 2912 1916 2966 ascribere
1966 2909 2283 2975 studebant,

706 3002 949 3054 nondum
982 3014 1346 3071 agnoscentes
1388 3003 1694 3057 naturalem
1727 3006 1848 3072 ejus
1878 3000 2103 3056 Filium.
2155 2998 2286 3057 Ideo

704 3094 848 3146 enim
900 3101 954 3147 et
1002 3094 1358 3162 peculiariter
1420 3110 1582 3149 suum
1638 3094 1856 3149 Patrem
1909 3094 2042 3148 dicit
2087 3092 2286 3159 Deum,

706 3183 845 3237 scite
874 3183 1167 3238 admodum
1199 3184 1267 3238 ad
1305 3185 1731 3255 pulcherrimam
1766 3192 1821 3241 et
1848 3184 2108 3239 eximiam
2135 3183 2285 3239 hanc

706 3274 1015 3329 doctrinam
1050 3276 1211 3345 quasi
1243 3291 1407 3331 manu
1438 3275 1741 3332 deducens.

708 3363 869 3434 φύσιν
904 3366 1047 3419 Υίόν.
1084 3367 1181 3419 Διά
1208 3368 1316 3438 γάρ
1356 3386 1437 3420 τοι
1482 3368 1637 3421 τοῦτο
1670 3367 1764 3419 καὶ
1803 3366 2105 3437 μοναδικῶς
2162 3366 2353 3419 ἐαυτοῦ

707 3462 787 3525 εἰς
815 3461 874 3513 τὸ
898 3461 1179 3515 κάλλιπον
1205 3464 1268 3535 δὴ
1300 3463 1480 3529 τοῦτο,
1506 3464 1600 3517 καὶ
1637 3465 1817 3534 τίμιον
1846 3463 2097 3533 μάθημα.

778 3593 843 3648 ν.
880 3594 965 3647 18.
994 3595 1278 3663 Propterea
1299 3614 1421 3665 ergo
1442 3598 1613 3667 magis
1642 3598 1944 3667 quaerebant
1966 3614 2083 3651 eum
2107 3597 2291 3651 Judaei

708 3689 1005 3756 interﬁcere
1028 3706 1045 3741 :
1075 3690 1198 3759 quia
1230 3707 1334 3743 non
1364 3690 1536 3742 solum
1570 3691 1802 3744 solvebat
1835 3690 2126 3745 Sabbatum
2148 3732 2162 3755 ,
2199 3690 2288 3745 sed

711 3793 760 3835 ct
792 3781 1007 3836 Patrem
1038 3799 1191 3836 suum
1225 3782 1433 3836 dicebat
1471 3782 1638 3837 Deum
1660 3824 1674 3847 ,
1708 3785 1966 3852 wqualem
2000 3800 2054 3837 se
2090 3783 2289 3851 faciem

711 3872 839 3928 Deo.

782 4005 863 4059 Ad
887 4005 1269 4060 crudelitatem
1294 4020 1472 4075 magis
1495 4020 1558 4059 ac
1582 4005 1754 4076 magis
1780 4004 1952 4060 fertur
1971 4004 2288 4060 Judaorum

712 4098 966 4161 animus,
1002 4107 1056 4151 et
1086 4099 1290 4168 quibus
1328 4114 1391 4152 ex
1431 4098 1598 4151 rebus
1636 4099 1823 4152 sanari
1858 4099 2160 4163 deberent,
2200 4100 2288 4154 his

710 4196 1019 4257 aegrescunt
1048 4191 1246 4257 magis,
1269 4197 1329 4242 ut
1353 4189 1429 4241 illi
1452 4188 1577 4257 jure
1603 4190 1863 4243 audiant:
1894 4189 2181 4255 Quomodo
2208 4192 2289 4245 di-

713 4281 852 4335 cetis
879 4281 1029 4348 quia,
1057 4278 1345 4349 Sapientes
1367 4293 1561 4332 sumus
1588 4278 1875 4333 nos?Cum
1900 4279 2048 4333 enim
2067 4287 2288 4349 oporte-

714 4384 797 4427 ret
826 4388 921 4426 eos
948 4373 1303 4438 conyenienti
1338 4372 1552 4425 ratione
1580 4371 1645 4425 ad
1679 4371 1930 4439 pietatem
1962 4370 2292 4424 reformatus

715 4464 899 4517 animo
933 4463 1203 4531 mitigari,
1242 4463 1408 4515 etiam
1458 4477 1603 4516 nunc
1648 4463 1853 4516 caedem
1899 4462 2293 4516 machinantur

2385 1991 2445 2042 τὸ
2472 1990 2769 2055 Σάδδατον,
2796 1992 2873 2054 ὼς
2918 1990 3160 2061 ἀνίσχειν
3194 1991 3294 2060 μὲν
3332 1992 3503 2060 ἥλιον,
3527 1982 3895 2063 όμϐροτόκους
3926 2008 3984 2043 τε

2385 2081 2586 2150 ὁμοίως
2628 2081 2872 2135 ἀνίεσθαι
2923 2083 3146 2151 πηγὰς,
3194 2082 3288 2135 καὶ
3327 2084 3573 2153 καρποὺς
3615 2085 3711 2153 μὲν
3762 2085 3826 2136 ἐκ
3880 2084 3986 2152 γῆς

2384 2173 2728 2243 ἀνατρέχειν,
2780 2174 2842 2225 οὐ
2899 2174 3375 2244 παραιτουμένους
3418 2173 3515 2243 τὴν
3562 2172 3733 2242 αὔξην
3786 2173 3875 2225 διά
3928 2172 3986 2225 τὸ

2385 2264 2686 2328 Σάδδατον,
2718 2266 2962 2336 ἐνεργεῖν
2993 2265 3050 2317 δὲ
3100 2265 3169 2318 τά
3210 2267 3385 2318 οίκεῖα
3429 2265 3490 2317 τὸ
3541 2264 3668 2335 πῦρ,
3718 2268 3837 2327 ταῖς
3871 2264 3984 2317 τῶν

2386 2354 2690 2427 ἀνθρώπων
2717 2357 2950 2426 χρείαις,
2990 2354 3372 2419 ἀδιακωλύτως
3402 2357 3710 2426 ὑπηρετοῦν
3728 2371 3741 2385 ’
3779 2356 3891 2409 ῐσθι
3920 2355 3984 2428 δὴ

2387 2447 2604 2511 πάντως
2634 2448 2912 2517 ὁμολογῶν
2947 2449 3189 2518 ἐνεργεῖν
3214 2447 3305 2499 τὸν
3340 2447 3559 2516 Πατέρα
3586 2447 3655 2499 τά
3699 2447 3983 2517 θεοπρεπῆ

2386 2540 2526 2593 κατά
2554 2541 2616 2593 τὸ
2644 2540 2941 2594 Σάδδατον.
2967 2540 3033 2592 Τί
3070 2540 3357 2611 τοιγαροῦν
3404 2540 3765 2601 ἀπαιδεύτως,
3792 2540 3981 2610 φησὶν,

2386 2634 2536 2702 αἰτιᾷ
2560 2633 2651 2685 τὸν
2682 2633 2749 2685 δι’
2772 2627 2832 2687 οὗ
2859 2632 2927 2685 τά
2956 2632 3134 2684 πάντα
3156 2632 3488 2701 ἐργάζεται;
3532 2632 3849 2701 Ἐνεργήσει
3874 2630 3983 2702 γὰρ

2386 2725 2483 2793 οὐχ
2522 2724 2727 2794 ἑτέρως
2754 2726 2783 2777 ό
2806 2724 2938 2787 Θεὸς
2971 2724 3063 2776 καὶ
3098 2723 3307 2793 Πατὴρ,
3334 2724 3450 2777 ἀλλ’
3477 2722 3553 2787 ὡς
3581 2723 3667 2775 διὰ
3696 2723 3983 2792 δυνάμεως

2386 2818 2479 2869 καὶ
2513 2816 2705 2885 σοφίας
2732 2815 2825 2868 τοῦ
2858 2815 3007 2869 Υίοῦ.
3042 2815 3140 2867 Διά
3171 2815 3330 2868 τοῦτο
3357 2817 3516 2886 φησι,
3559 2835 3576 2866 ι
3617 2814 3789 2882 Κάγὼ
3818 2813 3987 2883 ἐργά-

2389 2906 2570 2975 ζομαι.
2612 2925 2630 2956 ι
2660 2908 2909 2958 Δυσωπεῖ
2934 2904 3223 2976 τοιγαροῦν
3249 2910 3369 2969 ταῖς
3398 2909 3477 2969 εἰς
3517 2908 3717 2961 ἄτοπον
3748 2905 3982 2969 ἐννοίαις

2387 2997 2478 3051 τὸν
2510 2996 2767 3069 ἀχάλινον
2795 2996 2905 3051 τῶν
2939 2997 3244 3050 διωκόντων
3271 2997 3461 3067 θυμὸν,
3493 2997 3592 3067 οὐχ
3645 2996 3826 3067 ἐαυτῷ
3855 3014 3981 3050 τοσ-

2386 3090 2542 3143 οὖτον
2572 3091 2968 3154 ἀντιτείνοντας
3014 3091 3253 3155 δεικνὺς,
3284 3090 3407 3143 ὅσον
3442 3090 3614 3143 εἰπεῖν
3650 3089 3730 3161 τῷ
3779 3090 3982 3161 Πατρὶ,

2387 3178 2433 3253 ᾧ
2479 3185 2543 3257 δὴ
2590 3186 2685 3239 καὶ
2733 3187 2880 3256 μόνῳ
2929 3186 3028 3258 τὴν
3076 3186 3171 3240 τοῦ
3222 3188 3387 3257 νόμου
3437 3188 3602 3259 τιμὴν
3642 3188 3982 3259 ἀναγράφειν

2386 3278 2736 3345 ἐσπούδαζον,
2774 3281 2925 3336 obrui)
2957 3279 3319 3347 γινώσκοντες
3366 3279 3456 3331 τὸν
3497 3278 3556 3345 ἐξ
3610 3278 3775 3331 αὑτοῦ
3840 3278 3981 3333 κατὰ

2392 3369 2613 3440 Πατέρα
2676 3371 2810 3441 φησὶ
2871 3372 2962 3425 τὸν
3000 3370 3151 3435 Θεὸν,
3217 3370 3555 3441 εὐφυέστατα
3628 3370 3982 3442 χειραγωγῶν

2463 3590 2566 3644 Διὰ
2597 3589 2771 3645 τοῦτο
2808 3586 2924 3646 οὖν
2952 3590 3194 3660 μᾶλλον
3224 3587 3478 3653 ἐζήτουν
3519 3590 3708 3643 αὐτὸν
3738 3596 3793 3645 οἱ
3844 3594 3982 3651 Ἰου-

2394 3683 2547 3737 δαῖοι
2589 3683 2959 3746 ἀποκτεῖναι,
3015 3682 3101 3736 ὅτι
3142 3684 3213 3734 οὐ
3256 3684 3449 3751 μόνον
3481 3682 3623 3735 ἔλυε
3667 3684 3733 3735 τὸ
3767 3684 3984 3738 Σάϐϐα-

2396 3790 2523 3837 tor,
2550 3773 2708 3827 ἀλλὰ
2739 3773 2836 3825 καὶ
2862 3772 3094 3839 Πατέρα
3123 3772 3276 3825 ἴδιον
3301 3774 3472 3842 ἔλεγε
3503 3772 3611 3826 τὸν
3636 3773 3809 3839 Θεὸν,
3846 3776 3983 3829 ἴσον

2398 3863 2618 3917 ἑαυτὸν
2647 3862 2835 3918 ποιῶν
2863 3863 2941 3927 τῷ
2972 3861 3111 3927 Θεῷ.

2468 4000 2823 4053 Ἐπιτείνεται
2878 3998 3013 4068 πρὸς
3068 3996 3462 4069 ἀπανθρωπίαν
3495 3997 3601 4051 τῶν
3645 3998 3920 4052 Ἰουδαίων
3950 4003 3976 4055 ὁ

2394 4092 2537 4155 νοῦς,
2574 4092 2667 4145 καὶ
2716 4091 2783 4145 δι’
2829 4085 2903 4145 ὧν
2952 4091 3116 4161 ἐχρῆν
3168 4090 3588 4161 θεραπεύεσθαι,
3620 4091 3837 4143 νοσοῦσι
3869 4108 3983 4160 μειο

2394 4183 2583 4249 ζόνως,
2616 4184 2703 4238 ἵνα
2744 4184 2808 4254 δὴ
2855 4184 3077 4245 δικαίως
3129 4182 3453 4235 ἀκούσειαν·
3511 4183 3635 4245 Πῶς
3682 4182 3859 4253 ἐρεῖτε
3902 4184 3981 4236 ὅτι

2395 4277 2555 4344 Σοφοί
2588 4279 2753 4346 ἐσμεν
2796 4278 2990 4345 ήμεῖς;
3025 4274 3152 4327 Δέον
3199 4276 3308 4347 γὰρ
3356 4275 3552 4337 αὐτοὺς
3583 4274 3983 4345 ἐξημεροῦσθαι

2396 4368 2494 4436 τὴν
2530 4366 2775 4436 γνώμην,
2809 4367 3053 4437 λογισμῷ
3084 4368 3164 4437 τῷ
3191 4366 3451 4438 πρέποντι
3486 4367 3985 4436 μεταποιουμένους

2396 4460 2476 4521 εἰς
2522 4458 2826 4523 εὐλάϐειαν,
2862 4457 2957 4510 καὶ
2990 4458 3222 4526 φονῶσιν
3252 4458 3353 4528 ἠδη
3398 4457 3541 4509 κατὰ
3580 4457 3675 4510 τοῦ
3711 4456 3987 4526 πληροφο-

713 4556 835 4623 ejus
867 4557 957 4622 qui
998 4555 1164 4609 rebus
1201 4554 1336 4623 ipsis
1372 4554 1723 4608 demonstrat
1761 4553 1899 4607 nihil
1946 4554 2103 4623 plane
2136 4554 2188 4607 in
2218 4555 2291 4607 le-

2404 4550 2618 4622 ρ’)ὖντος
2651 4550 2737 4603 διὰ
2768 4550 3130 4621 πραγμάτων,
3158 4550 3233 4614 ὡς
3266 4550 3418 4603 οὐδὲν
3441 4552 3576 4613 ὅλως
3608 4554 3685 4614 είς
3716 4552 3809 4604 τὸν
3845 4552 3985 4604 θεῖον

715 4663 833 4718 gem
867 4648 1109 4700 divinam
1144 4653 1429 4715 peccatum
1462 4660 1584 4701 esse
1605 4687 1619 4709 ,
1653 4646 1879 4701 homine
1908 4645 2070 4717 214
2101 4653 2292 4701 sanato

714 4738 803 4790 die
840 4736 1090 4789 Sabbati.
1135 4734 1358 4787 Addunt
1399 4750 1532 4788 vero
1578 4735 1644 4789 ad
1698 4736 1835 4788 iram
1879 4736 1949 4789 ob
1992 4734 2293 4789 Sabbatum

714 4835 1037 4896 conceptam
1078 4826 1438 4896 blasphemia:
1467 4827 1677 4880 crimen
1711 4841 1833 4881 esse
1877 4826 2053 4896 ipsam
2092 4826 2296 4881 verita-

716 4929 864 4984 tem,
930 4935 1159 4974 suorum
1227 4928 1580 4987 peccatorum
1639 4920 1851 4974 catenis
1898 4927 2160 4990 perpetua
2213 4920 2295 4973 ira

718 5007 933 5074 seipsos
962 5007 1393 5075 obstringentes.
1427 5006 1833 5061 Existimabam
1865 5010 2011 5062 enim
2040 5008 2295 5078 impieta-

715 5104 828 5151 tem
853 5112 999 5161 essc,
1024 5096 1559 5167 indignabanturque
1584 5099 1750 5167 quod,
1779 5115 1903 5153 cum
1929 5100 2093 5154 homo
2118 5109 2294 5167 esset,

718 5188 889 5242 Deum
916 5187 1137 5241 Patrem
1164 5204 1323 5243 suum
1357 5188 1587 5244 diceret.
1610 5188 1939 5245 Nesciebant
1962 5192 2107 5246 enim
2129 5190 2298 5247 Deum

722 5280 962 5333 Verbum
999 5281 1052 5333 in
1091 5278 1267 5333 forma
1308 5282 1453 5335 servi
1490 5290 1714 5351 propter
1743 5296 1843 5337 nos
1890 5283 2094 5337 factum
2138 5299 2296 5347 esse,

719 5376 775 5423 et
806 5384 870 5423 ex
904 5368 1011 5423 Deo
1042 5368 1203 5425 Patre
1235 5370 1403 5424 vitam
1440 5387 1806 5440 promanare,
1850 5373 1953 5428 hoc
1985 5385 2070 5430 est
2102 5374 2300 5445 Unige-

722 5459 931 5522 uitum,
963 5460 1052 5513 cui
1084 5469 1232 5514 certe
1264 5462 1358 5514 uni
1394 5463 1614 5533 pr0prie
1645 5478 1708 5517 ac
1737 5480 1864 5518 vere
1889 5464 2057 5519 Deum
2088 5464 2300 5521 Patrem

724 5564 848 5604 esse
878 5550 1119 5607 dicimus
1141 5592 1153 5613 ,
1190 5554 1352 5609 nobis
1380 5569 1507 5609 vero
1535 5571 1642 5609 non
1676 5556 1827 5611 item.
1860 5556 2115 5627 Adoptivi
2156 5560 2301 5613 enim

726 5654 935 5707 sumus,
969 5643 1037 5697 ad
1083 5644 1407 5714 dignitatem
1451 5648 1932 5713 supernaturalem
1979 5647 2304 5703 honoraritis

725 5732 1011 5789 voluntate
1046 5736 1221 5790 evecti
1262 5744 1315 5791 et
1366 5738 1590 5791 nomina
1620 5738 1710 5791 illa
1738 5738 1952 5793 deorum
1982 5754 2041 5793 ac
2071 5739 2304 5809 ﬁliorum

729 5822 1074 5891 obtinentes,
1112 5834 1334 5896 propter
1368 5826 1767 5885 inhaliitautein
1803 5829 2081 5885 Christqu
2119 5830 2173 5885 in
2209 5845 2306 5883 no-

2394 4646 2708 4715 ἡμάρτηται
2751 4643 2951 4712 νόμον,
2993 4642 3341 4710 ὑγιασθέντος
3392 4641 3681 4712 ἀνθρώπου
3737 4644 3883 4707 κατὰ
3929 4643 3988 4696 τὸ

2396 4736 2688 4791 Σάϐϐατον.
2731 4735 3113 4787 Ἐπιπλέκουσι
3167 4734 3224 4786 δὲ
3274 4737 3394 4798 ταῖς
3446 4734 3532 4787 διὰ
3585 4734 3645 4787 τὸ
3703 4734 3987 4788 Σάϐϐατον

2396 4828 2605 4897 ὀργαῖς,
2634 4826 2709 4887 ὼς
2747 4824 3091 4894 βλασφημίας
3119 4823 3370 4894 ἔγκλημα
3408 4825 3507 4895 τὴν
3555 4825 3835 4895 ἀλήθειαν,
3883 4842 3988 4878 σει-

2400 4919 2518 4987 ραῖς
2546 4916 2654 4968 τῶν
2680 4914 2893 4966 οἰκείων
2925 4914 3412 4985 πλημμελημάτων
3444 4917 3522 4978 είς
3551 4915 3784 4979 ἀλύτους
3817 4918 3988 4986 ὀργὰς

2400 5010 2624 5071 ἑαυτοὺς
2679 5008 3164 5076 κατασφίγγοντες.
3228 5008 3520 5061 Δυσσεὸεῖν
3574 5008 3682 5078 γὰρ
3730 5009 3986 5075 ἐδόκουν,

2402 5101 2529 5155 ἴδιον
2560 5101 2641 5174 δτι
2668 5101 2817 5169 λέγει
2845 5101 3063 5170 Πατέρα
3092 5101 3182 5154 τὸν
3208 5100 3341 5153 Θεὸν
3366 5100 3649 5170 ἄνθρωπος
3674 5100 3750 5153 ὢν
3782 5103 3988 5171 ἀσχάλ-

2399 5193 2601 5257 λοντες.
2642 5194 2715 5245 Οὺ
2746 5192 2854 5264 γὰρ
2888 5192 3086 5262 ᾔδεσαν
3122 5209 3208 5244 πω
3251 5192 3341 5244 τὸν
3384 5192 3442 5244 ἐν
3474 5191 3660 5244 δούλου
3702 5196 3890 5262 μορφῇ
3925 5193 3989 5245 δι’

2401 5287 2547 5355 ἡμᾶς
2579 5284 2838 5353 γεγονότα
2868 5283 2999 5337 Θεὸν
3026 5283 3218 5351 Λόγον,
3252 5285 3351 5353 τὴν
3383 5284 3447 5337 ἐκ
3484 5282 3577 5335 τοῦ
3608 5282 3746 5335 Θεοῦ
3778 5284 3989 5353 Πατρὸς

2401 5374 2777 5443 ἀναϐρύουσαν
2821 5372 2986 5443 ζωὴν,
3038 5372 3180 5425 τοῦτ’
3225 5372 3341 5426 ἔστι
3386 5372 3478 5426 τὸν
3513 5374 3820 5443 Μονογενῆ,
3854 5368 3901 5441 ᾧ
3928 5373 3989 5442 δὴ

2403 5466 2497 5519 καὶ
2530 5466 2673 5536 μόνῳ
2702 5465 2904 5536 κυρίως
2936 5482 2995 5517 τε
3027 5464 3121 5518 καὶ
3149 5464 3364 5535 ἀληθῶς
3404 5464 3774 5533 ἐπιγράφεται
3811 5482 3874 5519 τε
3899 5466 3990 5518 καὶ

2404 5558 2515 5611 ἐστι
2548 5559 2737 5628 Πατὴρ
2763 5560 2791 5611 ὁ
2822 5557 2972 5621 Θεὸς,
2999 5558 3131 5627 ἡμῖν
3163 5557 3220 5611 δὲ
3249 5555 3449 5610 οὐκέτι.
3476 5556 3632 5609 Θετοι
3663 5557 3773 5626 γὰρ
3802 5558 3984 5627 ἡμεῖς,

2406 5652 2483 5713 είς
2515 5649 2577 5702 τὸ
2608 5650 2745 5721 ὑπὲρ
2780 5653 2937 5717 φύσιν
2969 5648 3186 5719 ἀξίωμα
3232 5647 3317 5701 διὰ
3367 5652 3462 5716 -ιλν
3509 5646 3605 5700 τοῦ
3654 5648 3986 5717 τιμήσαντος

2408 5740 2625 5810 θέλησιν
2648 5739 3047 5803 ἀναϐαίνοντες,
3079 5738 3173 5791 καὶ
3197 5738 3256 5790 τὸ
3286 5738 3405 5791 θεοὶ
3441 5738 3532 5790 καὶ
3557 5738 3676 5793 ιίοὶ
3704 5736 3985 5801 καλεῖσθαι

2410 5830 2778 5899 κερδαίνοντες
2830 5828 2915 5883 διὰ
2957 5829 3046 5883 τὸν
3085 5829 3141 5880 ἐν
3177 5830 3309 5898 ἡμῖν
3336 5826 3586 5885 οίκοῦντα
3622 5827 3863 5894 Χριστὸν
3905 5824 3985 5881 διὰ
