4206 6510
254 380 357 433 55L:
1307 392 1373 445 IN
1408 392 1695 451 JOANNIS
1726 396 2176 458 EVANGELIL'M
2210 402 2338 458 LIB.
2374 405 2432 459 ll.

3401 412 3506 468 550

250 495 347 600 τοῦ
405 500 564 600 ἀγίου
621 503 1100 574 Πνεύματος.,Εἰς
1162 509 1260 580 τὴν
1316 512 1496 583 σάρκα
1536 517 1780 588 τοιγαροί

1886 546 1900 581 ι
1929 519 2014 575 bis
2050 536 2147 590 per
2181 531 2434 580 sanctum
2465 524 2737 597 Spiritum
2767 528 2828 579 “.
2863 527 3000 583 Cum
3029 542 3164 600 ergo
3190 529 3364 585 solam
3391 546 3509 585 car-

249 589 792 684 dtppptbv‘tecpoqu,
840 595 932 648 τὸν
971 596 1112 652 δὲέν
1158 604 1223 672 τῇ
1274 605 1437 674 σαρκὶ
1471 607 1780 661 κατοικοῦντ

1927 628 2049 668 nem
2104 623 2355 684 spectent
2411 625 2465 670 et
2522 617 2692 673 Deum
2723 619 2778 673 in
2811 634 2975 675 carne
3024 621 3362 676 habitantem
3403 637 3512 676 non

246 677 380 729 Θεὸν
426 678 525 731 οὐκ
574 682 1042 753 ἐπιγινώσκοντες,
1095 690 1194 742 οὐκ
1248 693 1526 762 ἀνέχονται
1586 700 1720 769 πρὸς
1763 717 1780 748 1

1925 713 2258 772 agnoscant,
2287 723 2394 760 non
2429 706 2613 762 ferunt
2635 709 2822 765 Jesum
2851 711 2993 763 ultra
3024 719 3233 765 natura:
3259 711 3512 765 humanae

246 768 573 839 ὑπερέκεινα
602 774 700 842 τῆς
728 776 1013 844 ἀνθρώπου
1045 781 1257 847 φύσεως
1309 768 1690 856 ἀναπηδῶντος
1726 791 1822 859 μέ‹

1922 796 2296 850 conditionem
2331 797 2517 852 efferri
2551 816 2615 853 ex
2650 816 2715 853 eo
2749 801 2896 870 quod
2925 799 3142 854 Patrem
3177 819 3338 856 suum
3372 802 3509 856 dicit

243 877 392 966 τρον,
441 863 528 915 διὰ
577 865 670 918 τοῦ
725 869 938 938 Πατέρα
987 871 1161 938 λέγειν
1207 877 1399 929 ἐαυτοῦ
1431 880 1519 933 τὸν
1549 881 1698 935 Θεόν.
1731 884 1780 934 TI

1921 885 2111 943 Deum.
2147 888 2202 942 ln
2236 906 2302 944 eo
2335 891 2482 944 enim
2520 892 2666 960 quod
2699 892 2857 956 dicit,
2891 913 2908 944 ι
2942 892 3106 946 Pater
3142 909 3318 953 meus.
3346 913 3365 945 ι
3402 897 3506 948 ista

241 950 354 1051 y‘dp
376 954 567 1051 εἰπεῖν,
605 957 726 1051 (μὈ
775 961 962 1051 Πατήρ
1018 981 1140 1033 μου,
1180 985 1198 1016 ι
1233 971 1436 1040 ταύτην
1485 971 1550 1024 ἂν
1595 974 1780 1027 εἰκότω

1918 981 2340 1049 sententiajure
2369 983 2722 1051 exprimitur.
2760 982 3085 1037 Existimant
3118 992 3300 1038 autem
3337 1000 3460 1037 eum
3486 1023 3500 1048 ,

241 1040 482 1109 εἰσφέροι
506 1044 603 1114 τὴν
636 1045 840 1101 ἔννοιαν
861 1066 872 1077 ·
902 1050 1102 1104 οἴονται
1133 1054 1186 1105 δὲ
1225 1055 1334 1109 δεῖν
1366 1059 1459 1110 τὸν
1481 1052 1633 1131 ᾧπερ
1667 1062 1780 1114 ἐστὶ

1917 1068 2005 1122 cui
2030 1074 2248 1139 pr0prie
2270 1088 2336 1125 ac
2356 1075 2708 1142 peculiariter
2728 1073 2888 1128 Pater
2922 1085 3005 1128 est
3041 1075 3210 1143 Deus,
3238 1077 3501 1144 aequalem

242 1133 551 1201 ἰδιαζόντως
602 1140 788 1210 Πατὴρ
843 1144 871 1192 ὁ
918 1143 1066 1210 Θεὸς.

1124 1145 1235 1200 ἴσον
1286 1146 1423 1203 εἶναι
1472 1154 1609 1204 κατὰ
1655 1155 1780 1222 φύσι

1915 1175 2040 1217 esse
2070 1163 2119 1218 ei
2154 1165 2459 1219 secundum
2497 1175 2789 1231 naturam;
2825 1166 2972 1235 quod
3011 1182 3178 1219 unum
3214 1167 3318 1236 ipsi
3353 1176 3501 1220 recte

237 1223 408 1323 asup,
454 1227 608 1281 τοῦτο
661 1230 724 1300 δὴ
778 1233 934 1301 μόνον
988 1234 1234 1300 νοοῦντες
1287 1239 1491 1310 ὀρθῶς·
1542 1242 1652 1312 ἔχει
1706 1246 1775 1311 γά

1908 1251 2204 1321 iudicant:
2236 1256 2310 1310 ita
2342 1258 2490 1310 enim
2537 1271 2628 1311 res
2671 1265 2790 1322 est,
2833 1273 2898 1310 ac
2943 1272 3054 1310 non
3101 1258 3281 1311 aliter.
3324 1259 3500 1323 Quasi

235 1315 430 1380 οὕτως,
457 1319 548 1370 καὶ
575 1320 670 1390 οὐχ
700 1322 921 1395 ἑτέρως.
965 1327 1050 1388 Ὠς
1097 1323 1189 1381 οῦν
1225 1331 1317 1382 καὶ
1349 1331 1552 1403 ταύτην
1593 1334 1685 1388 τοῦ
1730 1315 1813 1388 λό-

234 1425 335 1474 γου
366 1410 463 1481 τὴν
495 1412 700 1466 ἔννοιαν
730 1418 1159 1487 παρεισάγοντος
1182 1461 1196 1484 ,
1237 1422 1602 1489 ἀγανακτοῦσι
1635 1427 1812 1496 μειζό-

233 1518 341 1564 νως
369 1502 458 1554 τὸν
487 1503 643 1574 ὀρθὸν
663 1507 762 1578 τῆς
794 1508 1050 1578 ἀληθείας
1087 1512 1473 1583 ἐκτρεπόμενοι
1507 1516 1679 1585 λόγον.

515 1625 518 1629 λ
837 1624 1086 1679 ΚΕΦΑΛ.
1121 1631 1209 1696 q'.

1913 1361 2046 1416 ergo
2077 1348 2227 1400 hunc
2259 1363 2486 1401 sensum
2521 1348 2819 1402 verborum
2857 1363 3087 1402 suorum
3129 1349 3246 1417 ipse
3290 1349 3343 1401 in
3381 1364 3498 1402 me-

1911 1439 2064 1495 dium
2097 1439 2325 1502 aﬂerat,
2361 1440 2727 1510 indignantur
2763 1442 2959 1512 magis,
2997 1447 3211 1496 rectum
3241 1441 3495 1497 veritatis

1911 1545 2221 1586 sermonem
2253 1532 2360 1585 alio
2387 1531 2801 1601 detorquentes.

2560 1643 2711 1698 CAP.
2755 1643 2840 1698 Vl.

229 1726 953 1823 ὈἷέρύῙι-ένίἀττωνικέτὰ
987 1738 1243 1823 dura-etv
1343 1745 1470 1823 κατς
1503 1743 1780 1823 ἐνέργειαι

1910 1756 2064 1822 Quod
2099 1773 2202 1810 non
2227 1757 2399 1808 minor
2422 1756 2706 1809 secundum
2736 1757 2978 1809 virtutem
3012 1765 3103 1808 aut
3136 1754 3490 1823 operalionem

296 1796 412 1881 τὴν
439 1801 538 1851 ἐπί
568 1818 727 1881 τίσις
756 1807 788 1856 d
829 1807 962 1881 Υἱὸς
986 1796 1364 1881 τοῦ-ᾑατρός,
1392 1796 1806 1881 ἀλλ’ᾗίἇὸσθέ-

295 1867 411 1931 wit;
443 1886 506 1921 τε
546 1872 640 1922 καὶ
677 1872 895 1940 ὅμοιος,
931 1867 1010 1941 ὧς
1033 1879 1102 1942 ἐξ
1130 1867 1507 1937 aut-0133mth
1521 1867 1730 1952 evniat}.

298 1959 672 2028 Ἀπεκρίνατο
704 1961 817 2019 οὖν
863 1971 895 2020 ὀ
951 1969 1200 2036 Ἰησοῦς,
1231 1973 1328 2027 καί
1365 1971 1534 2027 εἶπεν
1561 1975 1799 2041 αὐτοῖς’

234 2047 435 2117 Ἀμὴν,
459 2052 621 2121 ἀμὴν
641 2054 795 2124 λέγω
819 2056 981 2126 ὑμῖν,
1008 2063 1079 2115 οὺ
1105 2061 1356 2119 δύναται
1381 2069 1414 2119 ό
1451 2067 1580 2134 Υἱὸς
1601 2070 1799 2123 ποιεῖν

1976 1831 2044 1880 sit
2081 1826 2244 1880 Patre
2272 1825 2445 1878 Filius
2469 1868 2482 1888 ,
2512 1827 2600 1878 sed
2643 1829 2863 1894 a'qualis
2898 1828 3172 1891 potestatis
3194 1867 3208 1891 ,
3243 1828 3390 1896 eique
3418 1829 3489 1881 ai-

1835 1891 1877 1947 Β
1976 1899 2118 1951 milia
2139 1937 2152 1959 ,
2190 1906 2246 1949 ut
2281 1912 2345 1950 ea:
2374 1898 2488 1964 ipso
2522 1891 2806 1948 secundum
2838 1909 3105 1951 naturam.

1979 1989 2042 2044 V.
2089 1990 2177 2055 18,
2208 1989 2293 2043 19.
2341 1987 2627 2056 Respondit
2669 1990 2848 2057 itaque
2878 1987 3064 2051 Iesus,
3107 1998 3160 2041 et
3192 1989 3328 2041 dixit
3365 1990 3440 2042 eis
3465 2029 3477 2042 .

1900 2083 2100 2148 Amen,
2139 2098 2288 2137 amen
2329 2082 2448 2134 dico
2482 2081 2622 2135 vobis
2647 2122 2662 2147 ,
2697 2098 2799 2134 non
2833 2091 2999 2149 potest
3040 2080 3213 2135 Filius
3249 2099 3278 2133 α
3310 2084 3483 2150 aefa-

214 2138 322 2207 ἀφ’
349 2141 564 2243 ἐμυτοῦ
590 2145 788 2244 οὐδὲν,
819 2149 929 2203 ἐὰν
963 2152 1048 2220 μή
1095 2170 1150 2207 τι
1190 2156 1394 2226 ,βλέπῃ
1425 2159 1532 2211 τὸν
1571 2159 1780 2227 Πατέρε

1898 2191 2012 2229 cere
2041 2176 2327 2244 quidquam
2349 2213 2363 2237 ,
2397 2173 2501 2226 nisi
2530 2172 2666 2242 quod
2695 2172 2883 2226 viderit
2912 2171 3128 2226 Patrem
3159 2171 3433 2240 facientem
3462 2187 3481 2224 :

216 2233 536 2288 ποιοῦνταο
574 2236 611 2289 d
659 2237 767 2307 γὰρ
813 2239 891 2294 ἂν
926 2242 1159 2312 ἐκεῖνος
1207 2247 1369 2317 ποιῇ,
1403 2251 1588 2305 ταῦτα
1632 2252 1731 2305 καὶ
1764 2257 1797 2308 ό

227 2326 360 2391 Υἱὸς
399 2330 610 2396 ὁμοίως
640 2332 814 2387 ποιεῖ.

292 2420 469 2491 Ὅπερ
498 2423 554 2475 ἐν
577 2427 688 2487 τοῖς
714 2427 1075 2496 προλαϐοῦσιν
1099 2434 1416 2506 εἰρήκαμεν,
1448 2437 1606 2490 τοῦτο
1634 2438 1794 2492 πάλιν

213 2513 390 2582 ἑτέρῳ
417 2513 756 2586 ὃιερμηνεύει
797 2525 1015 2592 τρόπῳ,
1048 2527 1385 2596 πανταχόθεν
1428 2531 1520 2584 ἐπὶ
1554 2530 1652 2602 τὴν
1693 2531 1792 2600 τῆς

211 2605 474 2674 ἀληθείας
508 2607 721 2677 εὕρεσιν
758 2615 1071 2681 σαγηνεύων
1099 2619 1222 2680 τοὺς
1257 2620 1638 2691 ἀκροωμένους
1658 2641 1670 2654 ·
1702 2627 1792 2678 τὸν

207 2695 267 2749 δὲ
299 2699 358 2748 ἐν
398 2697 633 2766 πρώτοις
657 2701 716 2752 ου
766 2703 1169 2775 παραδεχθέντα
1215 2706 1508 2777 λόγον,’διά
1545 2713 1642 2784 τὴν
1681 2715 1791 2770 τῶν

209 2789 452 2842 συνιέναι
500 2791 572 2859 μὴ
607 2791 938 2861 δυνηθέντων
967 2796 1271 2863 ἀσθένειαν,
1314 2803 1513 2872 ἑτέρως
1549 2807 1791 2879 ἀναμορ-

208 2882 321 2945 φοῖ,
353 2883 446 2932 καὶ
470 2881 556 2935 διά
586 2883 692 2935 τῶν
715 2885 894 2938 αὐτῶν
933 2888 1080 2942 ἰόντα
1120 2890 1510 2964 θεωρημάτων,
1547 2898 1787 2970 εἰσφέρει

206 2973 488 3037 ποικίλως.
523 2975 722 3045 Ἔργον
767 2978 811 3029 δ’
858 2979 923 3032 ἂν
971 2980 1056 3052 εῑη
1110 2983 1267 3037 τοῦτο
1307 2986 1406 3055 τῆς
1452 2987 1788 3044 διδασκάλων

203 3065 525 3134 πρεπούσης
575 3069 808 3138 ἀρετῆς,
853 3071 914 3123 τὸ
955 3072 1034 3142 μὴ
1074 3076 1337 3146 τρέχοντα
1369 3078 1645 3150 δηλονότι,
1693 3084 1786 3137 καὶ

203 3160 622 3226 παριπτάμενον
661 3160 771 3212 τῶν
804 3161 1199 3233 διδασκομένων
1236 3168 1334 3240 τὴν
1375 3172 1577 3238 γνῶσιν
1616 3177 1786 3229 ποιεῖ-

1895 2283 2216 2338 ᾳιιιῑιειιηφιε
2246 2267 2384 2321 enim
2433 2266 2523 2322 ille
2559 2267 2770 2336 fecerit,
2802 2266 2911 2321 Iuec
2940 2275 2989 2319 et
3033 2263 3205 2319 Filius
3231 2265 3483 2318 similiter

1897 2359 2050 2429 facit.

1967 2450 2123 2515 Quod
2168 2450 2223 2505 in
2273 2450 2717 2520 prmeedentibus
2761 2451 3037 2514 diximus,
3087 2451 3190 2504 hoc
3232 2450 3341 2503 alia
3386 2463 3478 2503 ra-

1894 2543 2048 2597 tione
2086 2559 2286 2598 rursus
2316 2543 2592 2613 explicat,
2631 2543 2916 2597 auditores
2961 2557 3092 2596 suos
3129 2542 3195 2595 ad
3240 2541 3478 2611 agnitio-

1892 2649 2019 2688 nem
2047 2636 2295 2688 veritatis
2325 2650 2718 2704 usquequaque
2750 2636 3026 2689 irretiens.
3055 2633 3228 2687 Porro
3262 2635 3474 2687 doctri-

1891 2741 2017 2781 nam
2059 2743 2182 2796 qua:
2227 2727 2464 2797 primum
2494 2734 2749 2795 suscepta
2777 2741 2884 2780 non
2911 2736 3026 2789 est,
3055 2726 3125 2779 ob
3147 2740 3339 2779 eorum
3370 2726 3476 2778 im-

1891 2823 2248 2877 becillitatem
2296 2823 2405 2875 alio
2436 2821 2601 2874 modo
2632 2821 2852 2889 reﬁngit
2876 2861 2890 2885 ,
2942 2827 2995 2872 et
3025 2834 3152 2872 cum
3186 2819 3240 2871 in
3273 2817 3471 2871 iisdem

1889 2921 2146 2965 versetur
2181 2911 2541 2966 theorematis
2569 2950 2583 2974 ,
2643 2912 2794 2964 varie
2849 2919 3033 2962 tamen
3080 2923 3200 2962 eam
3247 2915 3470 2960 tractat.

1889 3001 2054 3056 Probi
2095 3009 2279 3056 autem
2313 3003 2564 3072 magistri
2600 3001 2841 3055 olIicium
2885 3010 2971 3055 est
2997 3040 3011 3065 ,
3065 3016 3176 3054 non
3226 3000 3469 3062 cursim,

1888 3109 2068 3165 neque
2097 3093 2472 3163 perfunctorie
2490 3093 2710 3156 docere,
2732 3094 2830 3148 sed
2861 3093 3099 3163 eleganti
3136 3108 3259 3145 cum
3293 3092 3470 3144 varie-

1886 3196 1998 3243 tate
2023 3189 2338 3243 distinctam
2363 3189 2675 3242 doctrinam
2702 3188 2942 3252 tradere,
2970 3188 3295 3257 plerumque
3315 3186 3470 3238 theo-

202 3248 448 3351 cﬁatlcbv
488 3249 662 3318 λόγον,
687 3251 800 3306 ἀλλ’
824 3255 1138 3326 εὐπάρυφόν
1171 3277 1230 3312 τε
1258 3264 1353 3315 καὶ
1398 3263 1668 3338 διαφόρως
1703 3268 1780 3334 ἐξ·

1891 3287 2161 3334 rematum
2196 3278 2357 3348 215
2383 3278 2756 3333 diﬂicultalem
2788 3279 2991 3334 eximio
3019 3277 3238 3332 dicendi
3271 3291 3470 3356 genere

198 3340 552 3409 ορχούμενον,
578 3343 671 3395 καὶ
703 3344 779 3414 τῷ
812 3346 909 3414 τῆς
931 3348 1182 3416 φράσεως
1205 3351 1608 3427 ἐξηλλαγμένῳ,
1651 3359 1781 3412 πολ-

197 3431 360 3495 λάκις
393 3435 490 3504 τήν
531 3436 590 3487 ἐν
631 3438 742 3499 τοῖς
786 3437 1104 3512 θεωρήμασι
1148 3443 1404 3513 φιλοῦντα
1447 3449 1783 3521 δυσχέρειαν.

211 3524 508 3594 ’Λναμξξας
548 3527 728 3580 τοίνυν
757 3529 836 3599 τῷ
863 3529 1154 3603 θεοπρεπεῖ
1193 3536 1254 3589 τὸ
1293 3537 1652 3608 ἀνθρώπινον,
1693 3546 1788 3598 καὶ

198 3617 368 3686 μέσον
398 3619 454 3683 ἐξ
487 3619 689 3688 ἀμφοῖν
733 3621 828 3674 ἕνα
878 3623 1117 3692 κεράσας
1165 3626 1342 3697 λόγον,
1378 3629 1453 3695 ὡς
1480 3633 1662 3703 ἡρέμα
1690 3636 1787 3704 μὲν

196 3707 451 3776 emam
484 3711 544 3761 τὸ
584 3709 661 3778 τῷ
693 3711 987 3778 Μονογενεῖ
1035 3716 1244 3783 πρέπον
1291 3719 1526 3791 ἀξίωμα,
1555 3726 1783 3778 ἀναϐαί-

183 3816 278 3853 νει
345 3799 402 3851 δὲ
461 3800 559 3868 τὴν
617 3799 906 3871 ἀνθρώπου
963 3804 1143 3873 φύσιν,
1192 3807 1268 3872 ὡς
1325 3812 1600 3884 Δεσπότης
1646 3816 1781 3886 ἅμα,

190 3889 292 3940 καὶ
325 3889 383 3939 ἐν
419 3887 624 3950 δούλοις
673 3893 1163 3961 κατατεταγμένος,
1214 3899 1412 3968 φησίν·
1453 3920 1470 3952 ι
1505 3904 1577 3955 Οὐ
1625 3903 1784 3958 δύνα-

190 3994 288 4031 ται
326 3981 500 4030 ποιεῖν
525 3978 554 4029 ό
585 3978 710 4040 Υἰὸς
743 3979 837 4048 ἀφ’
866 3981 1062 4037 ἑαυτοῦ
1113 3985 1284 4051 οὐδὲν,
1317 3988 1411 4042 ἐὰν
1443 3993 1572 4062 μήτι
1608 3994 1780 4068 βλέπῃ

191 4069 287 4123 τὸν
323 4069 543 4138 Πατέρα
573 4069 826 4124 ποιοῦντα
847 4090 858 4102 ·
899 4073 934 4126 ἂ
963 4074 1071 4146 γὰρ
1099 4076 1164 4131 ἂν
1192 4079 1396 4144 ἐκεῖνος
1430 4088 1578 4155 ποιῇ,
1613 4089 1781 4143 ταῦτα

188 4161 295 4213 καὶ
317 4166 345 4216 ὁ
379 4160 506 4222 Tib;
534 4161 736 4229 ὁμοίως
774 4166 935 4218 ποιεῖ.
973 4184 990 4216 ι
1035 4167 1122 4219 Ἐν
1160 4170 1257 4237 μὲν
1290 4172 1397 4241 γὰρ
1425 4173 1779 4244 τῷδύνασθαι

189 4254 369 4305 ποιεῖν
403 4253 835 4324 ἀπαραλλάκτως
863 4256 932 4308 τά
981 4257 1072 4310 τοῦ
1110 4260 1245 4312 Θεοῦ
1288 4265 1380 4314 καὶ
1428 4266 1656 4336 Πατρδς,
1688 4271 1780 4323 καὶ

186 4343 396 4414 ὁμοίως
441 4345 684 4414 ἐνεργεῖν
715 4347 791 4415 τῷ
825 4350 1164 4419 γεννήσαντι,
1199 4353 1298 4421 τῆς
1340 4354 1528 4419 οὐσίας
1555 4354 1778 4414 ’ἑαυτῶν

188 4438 461 4506 μαρτυρεῖ
493 4436 590 4504 τὴν
624 4437 947 4508 ταυτότητα.
992 4440 1302 4512 Ἑνεργήσει
1347 4445 1454 4517 γάρ
1483 4449 1682 4516 ὁμοίως
1709 4451 1779 4518 τά

184 4529 290 4597 τὴν
326 4529 494 4598 αὐτὴν
526 4529 775 4597 ἀλλήλοις
801 4531 1032 4600 λαχόντα
1064 4532 1244 4601 φύσιν,
1276 4531 1357 4599 οἷς
1395 4536 1448 4590 δὲ
1476 4539 1503 4590 ὁ
1535 4540 1628 4593 τοῦ
1662 4543 1803 4613 πῶς,

181 4617 325 4673 εἶναι
353 4620 506 4686 λόγος
538 4619 957 4690 ἐξηλλαγμένος,
1007 4624 1214 4688 τούτοις
1257 4627 1323 4680 ἂν
1367 4627 1450 4698 εἰη
1491 4632 1583 4682 καὶ
1614 4633 1642 4683 ὁ
1674 4634 1774 4704 τῆς

179 4714 270 4778 ἐφ’
299 4711 499 4764 ἅπασιν
528 4713 806 4782 ἐνεργείας
832 4715 1030 4784 τρόπος
1069 4717 1166 4786 οὐχ
1200 4720 1228 4770 ὁ
1261 4719 1440 4783 αὑτός.
1470 4723 1677 4779 Οὐκοῦν
1698 4727 1772 4790 ώς

181 4802 318 4865 Θεδς
360 4802 610 4873 ἀληθινὸς
653 4806 717 4856 ἐκ
756 4805 890 4857 Θεοῦ
925 4807 1136 4878 Πατρὸς
1178 4810 1451 4881 ἀληθινοῦ,
1486 4815 1656 4869 ταῦτα
1683 4817 1770 4870 δύ-

181 4893 378 4946 νασθαι
432 4895 605 4946 ποιεῖν
668 4895 867 4964 ὁμοίως
916 4897 1107 4968 ἐκείνῳ
1156 4902 1348 4969 φησὶν,
1403 4903 1518 4955 ἀλλ’
1565 4906 1650 4960 ἵνα.
1691 4908 1765 4977 μὴ

180 4986 362 5054 μόνως
410 4983 508 5056 [αι.
544 4985 723 5057 μόνον]
773 4985 886 5052 ῐσος
931 4988 1005 5042 ὢν
1043 4991 1101 5043 ἐν
1146 4991 1371 5063 δυνάμει
1411 4996 1663 5068 φαίνηται
1690 4999 1768 5069 τῷ

175 5076 381 5146 Πατρὶ,
414 5075 748 5146 ὁμογνώμων
793 5078 849 5131 δὲ
899 5080 1043 5134 κατὰ
1087 5082 1282 5146 πάντα,
1334 5087 1425 5138 καὶ
1473 5089 1599 5157 μίαν
1630 5090 1767 5160 ἔχων

173 5169 275 5238 τὴν
305 5168 391 5233 ἐφ’
424 5167 598 5221 ἅπασι
627 5169 863 5239 θέλησιν,
901 5173 975 5242 μὴ
1019 5173 1276 5229 δύνασθαι
1317 5178 1461 5246 λέγει
1503 5186 1675 5237 ποιεῖν
1707 5183 1767 5250 ἐξ

173 5256 372 5310 ἐαυτοῦ
411 5257 596 5326 μηδὲν,
623 5259 719 5312 ἐὰν
752 5262 880 5330 μήτι
911 5262 1082 5337 βλέπῃ
1107 5265 1198 5319 τὸν
1236 5269 1452 5340 Πατέρα
1482 5274 1760 5331 ποιοῦντα.

178 5348 407 5417 Ὅμοιον
433 5349 488 5403 δέ
516 5350 590 5413 ὡς
619 5353 667 5403 εἰ
701 5352 846 5422 λέγοι
876 5357 1213 5428 τρανώτερον
1242 5362 1376 5431 πρὸς
1405 5367 1528 5429 τοὺς
1553 5367 1764 5423 διώκειν

174 5436 662 5510 ἐπιχειρήσαντας,
702 5446 892 5516 ἀνδρὸς
940 5449 997 5500 ἐν
1045 5450 1310 5525 Σαϐϐάτῳ
1357 5457 1763 5530 τεθεραπευμέ-

175 5548 303 5618 νου·
378 5533 789 5590 Καταλελύσθαι
867 5539 1113 5610 νομίζετε
1154 5545 1251 5616 τὴν
1319 5547 1412 5600 τοῦ
1483 5552 1760 5608 Σαόδάτου

171 5620 364 5690 τιμὴν,
396 5621 509 5673 ἀλλ’
532 5623 633 5676 οὐκ
682 5625 748 5678 ἂν
803 5627 1004 5698 ἔδρασα
1045 5632 1202 5694 τοῦτό
1245 5653 1373 5689 ποτε
1411 5641 1484 5710 μὴ
1515 5643 1632 5713 οὐχὶ
1670 5647 1760 5699 τὸν

169 5715 361 5781 ὅμοιον
395 5714 629 5784 ἐργάτην
668 5717 810 5787 ὁρῶν
858 5720 947 5773 τὸν
993 5723 1246 5795 Πατέρα’
1295 5731 1507 5802 ἐνεργεῖ
1549 5737 1654 5807 γάρ
1690 5741 1754 5792 τά

243 5827 285 5859 ³¹
319 5825 629 5898 Romanu,
663 5829 742 5887 ιι.
822 5831 863 5864 ³³
895 5833 1052 5891 Joan.
1087 5853 1139 5901 ν,
1173 5839 1259 5904 i9,
1293 5842 1380 5897 ‘20.

1891 3371 2240 3441 explicando.
2295 3371 2538 3427 Miscens
2576 3371 2760 3441 itaque
2796 3371 2986 3425 divino
3026 3370 3325 3424 humanum
3355 3409 3369 3433 ,
3411 3376 3468 3422 et

1886 3464 2132 3518 medium
2159 3479 2225 3517 ex
2259 3463 2527 3517 ambobus
2559 3479 2729 3516 unum
2769 3477 3080 3518 sermonem
3116 3471 3463 3531 temperans,

1889 3554 2298 3624 quodammodo
2353 3554 2593 3608 subsidit
2638 3554 2875 3624 dignitas
2928 3553 3224 3624 Unigcnito
3277 3568 3467 3607 conve-

1889 3647 2086 3712 niens;
2150 3645 2380 3701 eﬂ‘ertur
2433 3663 2595 3710 vero,
2651 3647 2830 3716 quoad
2885 3646 3125 3700 hominis
3188 3655 3464 3709 naturam,

1886 3745 1948 3790 ut
2005 3736 2269 3792 Dominus
2332 3737 2496 3792 simul
2555 3746 2607 3790 et
2680 3738 2826 3791 inter
2875 3752 3070 3792 servos
3121 3736 3461 3800 collocatus,

1887 3828 2109 3898 inquit:
2141 3847 2158 3879 ‹
2193 3828 2312 3884 Non
2353 3836 2534 3898 potest
2577 3829 2752 3883 Filius
2788 3844 2818 3882 a
2857 3829 3040 3896 seipso
3082 3828 3264 3882 facere
3303 3826 3463 3896 quid-

1883 3936 2050 3990 quam
2078 3961 2092 3986 ,
2128 3921 2240 3977 nisi
2276 3923 2424 3994 quod
2463 3921 2664 3975 viderit
2706 3921 2922 3974 Patrem
2969 3920 3286 3974 facientem.
3329 3919 3462 3982 Qum

1881 4013 2030 4066 enim
2101 4011 2193 4065 ille
2257 4011 2417 4075 facit,
2475 4013 2666 4066 eadem
2725 4018 2780 4065 et
2830 4011 3005 4067 Filius
3061 4010 3313 4065 similiter
3379 4008 3460 4062 fa-

1883 4101 1957 4154 cit
1981 4101 2045 4153 ".
2077 4119 2094 4150 ι
2128 4099 2187 4153 ln
2213 4115 2279 4155 eo
2312 4102 2459 4155 enim
2496 4101 2641 4170 quod
2688 4107 2873 4170 potest
2917 4101 3106 4155 eadem
3139 4115 3233 4170 per
3273 4100 3458 4153 omnia

1882 4190 2065 4245 facere
2093 4206 2214 4260 qua:
2244 4199 2377 4246 sunt
2407 4189 2500 4246 Dei
2531 4208 2596 4245 ac
2625 4191 2808 4246 Patris
2829 4233 2844 4256 ,
2878 4201 2928 4246 et
2954 4193 3175 4262 operari
3204 4191 3460 4246 similiter

1883 4297 1946 4336 ac
1979 4281 2158 4346 Pater,
2193 4281 2538 4336 identitatem
2574 4282 2771 4350 probat
2807 4297 2919 4336 suae
2951 4281 3292 4335 substantias.
3327 4280 3458 4344 Quas

1880 4374 2027 4427 enim
2052 4373 2300 4428 eamdem
2333 4375 2529 4428 sortita
2559 4383 2690 4428 sunt
2723 4382 2977 4427 naturam
3003 4415 3018 4438 ,
3053 4374 3308 4429 similiter
3335 4388 3458 4442 ope-

1875 4471 2078 4519 rantur
2110 4482 2124 4519 :
2157 4464 2360 4533 quibus
2394 4471 2578 4519 autem
2614 4465 2838 4519 essendi
2885 4465 3029 4517 ratio
3070 4473 3154 4519 est
3200 4463 3453 4529 diversa,

1881 4555 1967 4610 his
1995 4555 2184 4622 utique
2219 4569 2330 4607 non
2361 4554 2468 4607 erit
2499 4554 2642 4608 idem
2675 4556 2726 4608 in
2754 4555 3014 4608 omnibus
3044 4553 3310 4622 operandi
3341 4565 3454 4606 mo-

1877 4648 2005 4701 dus.
2050 4646 2218 4717 Igitur
2251 4654 2308 4699 ut
2343 4645 2488 4700 Deus
2517 4661 2682 4700 verus
2714 4661 2780 4700 ex
2823 4645 2932 4700 Deo
2963 4644 3124 4700 Patre
3160 4660 3317 4708 vero,
3361 4659 3455 4699 ea-

1876 4739 2002 4794 dem
2037 4753 2168 4792 cum
2203 4737 2298 4791 illo
2334 4735 2517 4791 facere
2550 4751 2609 4791 se
2641 4751 2808 4805 posse
2840 4738 2951 4799 ait,
2991 4735 3086 4790 sed
3124 4744 3183 4788 ut
3219 4750 3328 4787 non
3361 4748 3458 4788 so-

1875 4831 1989 4885 lum
2015 4830 2235 4885 virtute
2268 4829 2499 4898 aequalis
2529 4844 2649 4884 esse
2679 4828 2832 4882 Patri
2871 4827 3144 4890 videatur,
3181 4826 3275 4881 sed
3305 4829 3456 4896 ejus—

1873 4924 1996 4979 dem
2024 4939 2118 4994 per
2141 4923 2328 4977 omnia
2357 4923 2646 4976 sententiae
2668 4961 2680 4985 ,
2709 4929 2763 4975 et
2799 4935 2963 4974 unam
3002 4921 3055 4974 in
3090 4921 3306 4974 cunctis
3344 4919 3445 4972 hac

1877 5015 2006 5070 bere
2028 5016 2367 5069 voluntatem
2391 5055 2405 5079 ,
2430 5015 2506 5066 ait
2527 5030 2586 5069 se
2611 5029 2720 5067 non
2747 5029 2909 5083 posse
2937 5014 3116 5067 facere
3146 5010 3450 5080 quidquam

1875 5122 1905 5161 a
1943 5108 2152 5177 seipso,
2181 5107 2293 5161 nisi
2321 5107 2523 5161 viderit
2549 5105 2764 5161 Patrem
2793 5105 3112 5159 facientem.
3148 5102 3291 5158 idem
3321 5118 3450 5158 vero

1872 5207 1957 5254 est
1993 5213 2057 5252 ac
2093 5199 2140 5254 si
2178 5197 2330 5252 dicat
2362 5198 2582 5268 planius
2619 5196 2684 5251 ad
2717 5211 2816 5252 eos
2848 5196 2942 5266 qui
2975 5195 3046 5249 ob
3077 5194 3352 5248 hominem
3391 5190 3453 5249 in

1872 5290 1961 5344 die
1991 5289 2222 5344 Sabbati
2271 5298 2531 5343 sanatum
2587 5288 2767 5358 ipsum
2821 5286 3280 5342 insectabantur:
3316 5282 3448 5336 Exi-

1859 5382 2114 5438 stimatis
2151 5380 2378 5438 Sabbati
2413 5383 2677 5437 honorem
2702 5396 2824 5438 esse
2846 5381 3146 5446 violatum;
3176 5377 3273 5433 sed
3310 5393 3445 5432 nus-

1869 5489 2032 5542 quam
2069 5473 2219 5528 istud
2255 5473 2508 5529 iecissem
2533 5513 2548 5537 ,
2608 5473 2713 5528 nisi
2759 5473 3002 5527 viderem
3033 5468 3254 5526 Patrem
3288 5467 3447 5522 simi-

1872 5566 1997 5620 liter
2033 5565 2251 5630 facere,
2305 5567 2398 5635 qui
2453 5582 2576 5636 quze
2630 5565 2697 5619 ad
2749 5562 3201 5618 constitutionem
3249 5559 3450 5616 mundi

1870 5658 2152 5726 pertinent
2180 5658 2348 5713 etiam
2385 5657 2647 5720 Sabbato,
2682 5669 2998 5727 quanquam
3036 5668 3131 5723 per
3163 5666 3286 5714 me,
3313 5665 3440 5720 per»

1866 5747 1998 5816 agit.
2051 5745 2194 5804 Fieri
2248 5763 2357 5803 non
2397 5756 2570 5819 potest
2603 5748 2790 5820 igitur,
2843 5746 3061 5818 inquit,
3113 5752 3173 5798 ut
3226 5741 3321 5813 qui
3371 5755 3440 5797 ei:
