4206 6510
194 398 302 452 555
1275 392 1336 445 IN
1392 389 1684 446 J‘MNNIS
1725 389 1773 443 Ε

1874 387 2175 448 NGELIUM
2217 390 2345 445 LIB.
2380 390 2443 446 ΙΙ.
3356 397 3463 455 554

192 508 266 561 τὰ
288 504 383 560 τοῦ
416 504 627 576 Πατρὸς
649 507 677 559 6
700 506 846 569 Υἱὸς,
874 505 921 558 εί
960 504 1046 557 διὰ
1071 503 1229 557 τοῦτο
1257 504 1476 558 ἔλαττον
1508 505 1650 574 ἔχειν
1682 504 1773 574 τῆς

1882 505 2299 561 consideremus
2331 517 2519 562 autem
2557 523 2751 565 rursus
2786 508 2944 565 aliter
2973 523 3042 564 an
3090 508 3209 566 Filii
3260 520 3464 566 natura

198 596 320 668 Γσης
355 599 431 662 ὡς
482 599 618 668 πρὸς
669 598 829 651 αὐτὸν
887 596 1069 667 ίσχύος
1138 595 1612 666 ἀπολιμπάνεται;
1673 596 1773 647 Καῑ

1888 590 2052 648 Patre
2082 596 2260 663 possit
2290 611 2414 650 esse
2445 596 2691 665 inferior,
2715 599 2939 654 virtutis
2970 609 3024 654 et
3052 602 3342 670 potestatis
3372 617 3461 656 ra-

192 690 368 744 ταῦτα
409 690 508 760 μὲν
542 691 693 760 ἡμῖν,
740 690 817 753 ὡς
873 692 937 741 ἐκ
992 689 1084 742 τοῦ
1133 689 1495 759 προκειμένου
1546 688 1683 757 πρὸς
1722 688 1773 739 τὲ

1888 685 2037 740 tione
2071 687 2330 741 similiter
2366 689 2528 744 nobis
2557 692 2867 761 proposita.
2902 694 2987 747 An
3018 692 3188 748 Deum
3239 694 3306 748 de
3350 691 3465 749 Deo

194 780 372 851 παρὸν
402 780 605 851 ἐλήφθη
639 778 804 851 ῥητοῦ
826 798 840 811 ·
872 781 1072 850 ἴδωμεν
1098 781 1155 833 δὲ
1179 782 1339 835 πάλιν
1361 780 1453 833 καὶ
1481 780 1547 833 δι’
1577 780 1773 846 ἐτέρων

1886 778 2195 832 secundum
2247 786 2504 833 naturam
2553 795 2616 835 ac
2666 796 2892 844 verum,
2939 790 2993 836 et
3040 784 3109 837 de
3157 782 3464 837 substantia

197 868 367 931 ἰόντες
384 869 772 938 θεωρημάτων,
799 869 847 921 εί
870 868 1177 937 ἐπιδέχεται
1210 885 1301 922 ποι
1331 866 1391 920 τὸ
1423 868 1481 920 ἐν
1507 867 1773 935 δευτέροις

1883 863 2066 922 Patris
2126 883 2317 923 revera
2379 885 2505 926 esse
2565 870 2810 928 fatentur
2858 869 3094 938 Filium,
3153 882 3245 927 ant
3294 873 3463 928 Deum

192 955 335 1013 εἶναι
381 958 475 1012 τοῦ
528 961 739 1030 Πατρὸς
793 962 826 1030 ή
878 959 971 1012 τοῦ
1022 959 1152 1013 Υἱοῦ
1205 960 1404 1030 φύσιν·
1466 957 1773 1028 προκείσθω

1883 957 2105 1026 quidem
2144 976 2269 1016 esse
2296 962 2526 1028 dicunt,
2566 965 2659 1019 sed
2716 980 2745 1019 a
2799 964 2985 1021 Patris
3041 966 3283 1021 alienum
3338 980 3465 1022 esse

190 1050 247 1102 δὲ
293 1051 494 1120 ὁμοίως
522 1054 653 1122 ἡμῖν
698 1052 727 1103 6
776 1052 903 1121 περὶ
944 1050 1226 1121 δυνάμεως
1258 1051 1435 1119 λόγος.
1464 1046 1611 1120 Ἀρα
1644 1047 1773 1101 Θεὸν

1883 1049 2192 1106 substantia
2226 1055 2391 1123 impie
2427 1054 2689 1110 addunt?

190 1145 257 1197 ἐκ
283 1145 416 1198 Θεοῦ
448 1146 590 1199 κατὰ
619 1145 894 1214 φύσινκαὶ
934 1145 1206 1215 ἀληθινὸν,
1232 1146 1327 1199 καὶ
1367 1146 1431 1198 ἐκ
1468 1146 1568 1215 τῆς
1590 1142 1779 1204 οὐσίας
1820 1141 1991 1206 ὅντως
2039 1147 2134 1199 τοῦ
2189 1149 2402 1219 Πατρὸς
2442 1151 2794 1220 ὁμολογοῦσιν
2846 1153 3116 1223 ὑπάρχειν
3179 1152 3269 1206 τὸν
3311 1151 3462 1217 Υῑὸν,

189 1241 225 1312 ἢ
260 1239 396 1293 Θεὸν
430 1240 529 1309 μὲν
558 1235 696 1293 εἶναι
728 1240 881 1309 φασὶ,
915 1240 975 1292 τὸ
1024 1240 1079 1293 δὲ
1113 1239 1432 1304 ἐξωκεῖσθαι
1461 1240 1558 1309 τῆς
1584 1236 1771 1299 οὐσίας
1808 1235 1903 1289 τοῦ
1933 1240 2168 1311 Πατρὸς,
2202 1242 2608 1306 δυσσεεουντες,
2637 1244 3063 1313 προσάπτουσιν.

262 1335 327 1387 Et
354 1334 451 1404 μὲν
476 1328 568 1386 οὖν
598 1334 697 1386 οὐκ
730 1335 793 1386 ἐκ
821 1337 918 1404 τῆς
939 1333 1127 1396 οὐσίας
1148 1334 1239 1386 τοῦ
1275 1333 1488 1403 Πατρὸς
1519 1329 1659 1385 εἶναι
1686 1330 1773 1382 λέ-

1954 1331 2115 1399 Quod
2148 1336 2192 1389 si
2236 1335 2305 1389 de
2352 1336 2667 1391 substantia
2719 1334 2901 1389 Patris
2946 1334 3127 1404 ipsum
3178 1349 3286 1388 non
3336 1350 3462 1401 esse

192 1442 381 1494 γουσιν
405 1426 584 1489 αὐτὸν,
616 1424 737 1477 οὐτε
768 1425 897 1487 Θεὸς
928 1425 1078 1477 ἔσται
1106 1425 1246 1478 κατὰ
1275 1425 1457 1493 φύσιν,
1490 1422 1614 1477 οὐτε
1642 1422 1773 1485 Θεὸς

1879 1420 2104 1486 dicunt,
2136 1425 2298 1493 217
2328 1440 2507 1493 neque
2536 1423 2676 1479 Deus
2703 1425 2809 1479 erit
2836 1423 3141 1479 secundum
3171 1431 3457 1489 naturam,

191 1516 465 1586 ἀληθινός.
517 1516 575 1569 '0
602 1514 711 1586 γὰρ
742 1515 820 1585 μὴ
855 1518 918 1569 ἐκ
947 1515 1081 1569 Θεοῦ
1130 1515 1271 1569 κατὰ
1305 1533 1466 1583 φυσιν
1492 1514 1771 1583 ὑπάρχων,

191 1607 385 1659 οὐδ’ἆν
411 1608 546 1668 ὅλως
569 1609 740 1659 νοοῖτο
766 1606 905 1659 κατὰ
932 1624 1093 1674 φυσιν
1124 1606 1277 1670 Θεὸς,
1300 1606 1422 1659 οὐδὲ
1446 1605 1594 1668 Υἱὸς,
1619 1605 1667 1656 εί
1697 1603 1771 1674 μὴ

192 1698 257 1749 ἐκ
286 1698 383 1767 τῆς
424 1697 607 1759 οὐσίας
658 1696 916 1767 ἐγεννήθη
960 1697 1056 1750 τοῦ
1102 1698 1335 1767 Πατρός⁹
1376 1697 1526 1750 νόθον
1553 1697 1611 1750 δὲ
1640 1698 1774 1766 ήμῖν

192 1790 288 1841 καὶ
323 1790 629 1858 πρόσφατόν
669 1806 789 1841 τινα
820 1790 1212 1859 παρεισάγουσι
1239 1789 1391 1842 Θεόν.
1434 1790 1497 1841 Et
1530 1789 1587 1842 δέ
1614 1787 1772 1841 τοῦτο

194 1882 294 1951 μὲν
337 1882 438 1933 οὐκ
479 1879 684 1951 ἐροῦσι,
727 1880 823 1951 τὴν
858 1883 914 1933 ἐν
947 1884 1056 1944 τοῖς
1095 1883 1313 1944 οἰκείοις
1351 1880 1616 1950 δόγμασιν
1648 1881 1772 1933 ἀτο-

190 1974 326 2025 πίαν
366 1971 810 2042 ἐρυθριάσαντες,
860 1971 1089 2024 δώσουσι
1121 1971 1175 2023 δὲ
1218 1970 1433 2039 ἀληθῶς
1464 1974 1528 2023 ἐκ
1560 1970 1772 2038 Πατρὸς

189 2064 461 2133 ὑπάρχειν
496 2064 586 2117 τὸν
627 2062 927 2132 Μονογενῆ,
974 2064 1068 2117 καὶ
1102 2057 1244 2116 εἶναι
1274 2062 1406 2114 Θεὸν
1437 2062 1577 2115 κατὰ
1611 2060 1771 2129 φύσιν

190 2154 286 2208 καὶ
311 2152 579 2224 ἀληθινῶς
605 2169 620 2184 ·
653 2155 769 2216 πῶς
794 2154 851 2205 ἐν
877 2153 1151 2207 ὲλάττοσ.ν
1175 2152 1329 2207 ἐσται
1358 2152 1449 2205 τοῦ
1482 2151 1714 2223 Πατρός,
1736 2150 1770 2223 ἢ

191 2247 311 2308 πῶς
361 2246 607 2316 ἀτονήσει
654 2244 781 2315 περί
829 2262 901 2310 τι,
952 2245 1044 2298 καὶ
1089 2245 1209 2315 ουχὶ
1252 2244 1348 2313 τῆς
1390 2242 1480 2296 τοῦ
1519 2244 1772 2305 τεκόντος

188 2337 381 2401 οὐσίας
413 2338 780 2407 κατηγορήσει
806 2336 866 2388 τὸ
904 2338 1171 2406 πρᾶγμα;
1221 2335 1286 2387 Ei.
1315 2333 1423 2405 γὰρ
1448 2334 1583 2396 ὸλως
1613 2332 1774 2387 ἀσθε-

187 2430 305 2481 νεῖν
336 2428 606 2499 ἐνδέχεται
636 2427 727 2481 τὸν
762 2426 903 2481 κατὰ
938 2426 1099 2495 φύσιν
1137 2426 1264 2479 ὂντα
1292 2425 1443 2487 Θεὸν,
1477 2424 1530 2477 τί
1566 2424 1627 2477 τὸ
1661 2442 1771 2475 κω-

188 2514 322 2573 λύον
346 2519 463 2572 ἐστὶ
486 2518 642 2572 τοῦτο
672 2518 861 2572 παθεῖν
897 2519 988 2572 τὸν
1022 2518 1260 2591 Πατέρα,
1280 2521 1509 2588 ἐχουσης
1536 2516 1684 2580 ἅπαξ
1714 2515 1773 2568 τὸ

189 2610 455 2664 δύνασθαι
495 2609 689 2662 παθεῖν
721 2615 819 2679 τῆς
849 2610 998 2673 θείας
1026 2610 1121 2662 καὶ
1148 2612 1388 2681 ἀρρήτου
1419 2609 1650 2678 φύσεως,
1680 2608 1772 2662 καὶ

190 2701 366 2763 οὓτως
410 2700 509 2770 ήδη
544 2699 872 2770 φαινομένης
914 2701 971 2752 ἐν
1002 2698 1115 2769 Υίῷ
1148 2700 1288 2753 κατὰ
1320 2700 1408 2753 τὸν
1437 2700 1661 2753 ἐκείνων
1686 2698 1774 2751 λό⁸

192 2809 327 2860 γον;
376 2792 583 2845 Οὐκοῦν
617 2792 739 2844 οὐδὲ
781 2792 990 2855 ἀπαθὲς
1037 2792 1126 2845 διὰ
1158 2791 1315 2844 τοῦτο
1356 2792 1415 2845 τὸ
1448 2791 1610 2856 θεῖον,
1657 2792 1772 2844 ἀλλ’

190 2886 317 2937 οὐδὲ
345 2886 403 2937 ἐν
430 2884 717 2954 ταυτότητι
768 2886 851 2937 κα“
894 2884 1253 2955 ἀμεταωήτῳ
1285 2884 1523 2937 κείσεται
1557 2886 1771 2949 πάντως

196 2974 580 3045 μακαριότητι.
635 2971 768 3027 Εἶτα
805 2974 910 3038 τίς,
961 2975 1082 3027 είπέ
1134 2992 1244 3043 μοι,
1288 2975 1397 3027 τῶν
1442 2976 1510 3027 τά
1551 2976 1772 3028 τοιαῦτα

190 3066 524 3131 δοξαζόντων
552 3066 833 3131 ἀνέξεταις
867 3066 963 3128 Τίς
990 3065 1065 3130 δὲ,
1099 3067 1199 3136 τῆς
1219 3065 1365 3129 θείας
1390 3065 1600 3136 βοώσης
1629 3068 1772 3138 Γρα-

1878 1529 2056 1583 neque
2108 1513 2254 1570 Deus
2302 1531 2489 1570 verus.
2536 1516 2639 1581 Qui
2685 1516 2831 1570 enim
2866 1515 2931 1570 de
2963 1514 3076 1570 Deo
3113 1530 3224 1569 non
3257 1524 3341 1571 est
3374 1531 3461 1570 se-

1876 1603 2121 1658 cundum
2151 1613 2445 1672 naturam,
2481 1621 2583 1659 nec
2612 1603 2758 1660 Deus
2791 1607 2982 1674 utique
3016 1606 3335 1661 censebitur
3366 1623 3457 1662 se-

1874 1695 2119 1750 cundum
2153 1704 2409 1751 naturam
2431 1738 2445 1763 ,
2484 1712 2664 1767 neque
2696 1695 2905 1762 Filius,
2939 1698 3045 1751 nisi
3086 1713 3151 1751 ex
3192 1698 3457 1753 substan-

1873 1785 1949 1839 tia
1982 1784 2163 1842 Patris
2191 1789 2265 1842 sit
2293 1787 2548 1856 genitus,
2598 1788 2695 1843 sed
2740 1788 3086 1843 adulterinus
3128 1776 3349 1856 quidam
3392 1804 3457 1842 ac

1874 1892 2053 1933 novus
2086 1877 2233 1935 Deus
2263 1881 2424 1935 nobis
2458 1880 2527 1935 ab
2560 1881 2698 1950 ipsis
2730 1881 3029 1935 invehitur.
3066 1878 3226 1944 Quod
3263 1880 3312 1934 si
3348 1878 3457 1934 hoc

1874 1969 2101 2025 minime
2131 1970 2353 2040 quidem
2388 1972 2587 2025 dicturi
2647 1978 2813 2036 sunt,
2859 1972 3021 2025 veriti
3076 1987 3301 2026 suorum
3356 1970 3457 2025 do-

1873 2070 2116 2130 gmatum
2146 2061 2544 2117 absurditatem
2568 2100 2583 2127 ,
2611 2062 2705 2117 sed
2729 2060 3036 2117 concedent
3060 2075 3183 2115 vere
3206 2076 3269 2114 ex
3294 2059 3455 2116 Patre

1875 2151 2229 2223 Unigenitum
2267 2155 2573 2216 exsistere.
2619 2161 2674 2208 et
2722 2151 3028 2207 secundum
3079 2160 3337 2206 naturam
3388 2166 3487 2231 ac_

1871 2259 2000 2300 vere
2032 2244 2205 2300 Deum
2242 2261 2366 2301 esse
2391 2287 2404 2300 .
2441 2244 2719 2316 quomodo
2746 2242 2907 2298 Patre
2942 2244 3125 2299 minor
3169 2245 3312 2310 erit,
3360 2253 3456 2299 aut

1873 2337 2179 2406 quomodo,
2212 2338 2259 2391 si
2292 2342 2478 2392 minus
2516 2352 2627 2407 epse
2657 2352 2821 2406 quam
2848 2335 3012 2392 Pater
3032 2338 3087 2390 in
3114 2336 3300 2405 aliquo
3330 2351 3455 2407 pos-

1873 2428 1978 2489 sit,
2011 2428 2415 2484 imbecillitatis
2443 2438 2631 2484 notam
2663 2428 2773 2485 Deo
2802 2444 2913 2484 non
2943 2428 3204 2501 amnget"
3236 2428 3371 2484 Nam
3404 2431 3453 2486 si

1874 2534 1906 2571 n
1950 2519 2148 2574 turalis
2175 2519 2317 2575 Deus
2345 2520 2641 2575 ImbeC‘HiS
2667 2520 2782 2575 fieri
2813 2529 3015 2591 potest,
3036 2521 3168 2591 quid
3196 2522 3453 2592 prohibe:

1872 2609 2091 2666 Patrem
2128 2612 2183 2666 in
2216 2628 2275 2667 se
2304 2627 2528 2682 quoque
2560 2612 2613 2667 id
2650 2628 2971 2683 suscrpere,
3016 2629 3140 2668 cum
3185 2615 3373 2669 divina
3399 2627 3455 2670 et

1874 2703 2173 2759 ineﬂabilts
2223 2712 2417 2757 natura
2466 2704 2520 2758 1d
2570 2705 2740 2759 semel
2785 2704 2987 2759 habeat
3016 2713 3072 2757 ut
3104 2706 3216 2774 pati
3243 2706 3450 2775 possit,

1876 2803 2044 2863 atque
2074 2794 2148 2847 ita
2171 2793 2287 2863 jam
2313 2832 2327 2857 ,
2362 2800 2421 2847 ut
2453 2794 2531 2847 illi
2564 2795 2789 2856 volunt,
2842 2804 3109 2864 appareat
3157 2797 3211 2850 in
3261 2794 3454 2851 Filio?

1873 2883 2047 2954 Igitur
2076 2900 2176 2939 nec
2203 2884 2348 2940 Dens
2384 2885 2707 2955 impatibilis
2732 2886 2873 2950 erit,
2906 2902 3009 2940 nec
3041 2902 3257 2956 semper
3284 2888 3448 2953 idem,

1873 2991 1977 3030 nec
2025 2976 2079 3029 in
2108 2974 2369 3029 felicitate
2402 2975 2734 3030 immutabili
2785 2977 3137 3030 constitutus.
3187 2976 3257 3029 At
3303 2978 3449 3046 quis,

1874 3066 2133 3129 obsecro,
2177 3081 2350 3121 sanus
2390 3067 2504 3120 haec
2555 3065 2735 3121 feret?
2766 3065 2924 3132 Quis,
2958 3067 3101 3121 divit.
3131 3085 3142 3119 l
3173 3067 3449 3122 clamante

186 3157 339 3227 φῆς.
387 3158 467 3210 ὅτι
508 3156 708 3226 Κύριος
755 3156 863 3209 τῶν
901 3156 1183 3227 δυνάμεών
1229 3159 1373 3211 ἐστιν
1418 3159 1445 3209 6
1494 3158 1652 3221 Υίὸς,
1710 3159 1770 3210 οὐ

1879 3157 2203 3226 Scriptura,
2255 3156 2547 3212 Dominum
2594 3158 2859 3211 virtutum
2898 3172 3018 3213 esse
3050 3155 3284 3221 Filium,
3337 3174 3448 3213 non

192 3250 605 3319 ιαταναρκήσει
652 3250 857 3317 λέγων,
908 3248 1275 3319 δυναμοῦσθαι
1319 3248 1540 3319 χρῄζειν
1588 3250 1769 3312 αὐτὸν,

191 3343 292 3394 καὶ
322 3341 487 3409 ἀτελῆ
518 3341 660 3393 κατὰ
686 3340 843 3394 τοῦτο
874 3340 1160 3411 ὑπάρχειν,
1195 3340 1223 3394 ὃ
1253 3342 1458 3411 κυρίως
1501 3343 1594 3393 καὶ
1630 3341 1773 3410 μόνῳ

192 3433 489 3502 πρόσεστιν
517 3431 666 3503 αὐτῷ
696 3431 833 3501 μετὰ
861 3432 1069 3501 Πατρὸς
1100 3434 1193 3485 καὶ
1223 3432 1378 3499 ἁγίου
1416 3432 1771 3500 Πνεύματος;

208 3523 357 3593 Ἐρεῖ
380 3522 434 3575 δὲ
457 3522 617 3575 πάλιν
635 3523 763 3591 ἡμῖν
795 3524 822 3574 6
844 3521 911 3573 δι’
933 3522 1198 3584 ἐναντίας·
1233 3522 1390 3575 Κατὰ
1411 3521 1569 3575 τοῦτό
1594 3538 1773 3591 φαμεν

194 3612 555 3681 ὑπερκεῖσθαι
589 3611 683 3663 τοῦ
717 3611 845 3663 Υἱοῦ
875 3610 965 3663 τὸν
995 3612 1236 3682 Πατέρα.
1284 3612 1343 3665 '0
1384 3612 1482 3681 μὲν
1513 3611 1618 3681 γάρ
1657 3613 1771 3663 ἐστι

186 3703 304 3754 τῶν
332 3702 506 3772 ἔργων
534 3702 1025 3773 προκαταρκτικὸς,
1076 3702 1150 3764 ὡς
1185 3700 1323 3771 ἔχων
1354 3702 1409 3754 ἐν
1436 3719 1493 3753 τε
1524 3704 1588 3772 τῇ
1619 3701 1773 3754 δυνά-

195 3810 290 3862 μει
320 3794 414 3845 καὶ
438 3794 494 3845 ἐν
523 3793 599 3863 τῷ
633 3794 810 3846 πάντα
849 3791 1048 3843 εἰδέναι
1081 3792 1141 3844 τὸ
1166 3792 1370 3845 τέλειον
1398 3808 1411 3822 ⁸
1440 3794 1468 3845 6
1487 3793 1543 3844 δὲ
1576 3793 1771 3862 πρότε-
1814 3830 1817 3831 ν

196 3903 290 3957 ρον
336 3886 542 3952 γίνεται
596 3884 825 3955 θεατὴς,
879 3879 979 3935 εἷθ’
1038 3883 1212 3947 οὕτως
1261 3886 1498 3955 ἐργάτης
1547 3888 1645 3956 τῆς
1678 3884 1772 3938 τοῦ

189 3977 411 4046 Πατρὸς
442 3976 718 4046 ἐνεργείας
755 3976 1193 4047 άναματτόμενος
1220 3979 1298 4040 είς
1332 3977 1521 4030 ἐαυτὸν
1552 3964 1649 4047 τὴν
1686 3978 1775 4045 μί-

194 4084 387 4139 μησιν,
420 4068 505 4120 ἵνα
537 4068 623 4122 διὰ
649 4070 744 4139 τῆς
777 4069 885 4123 τῶν
916 4068 1093 4139 ἔργων
1120 4069 1458 4140 ὁμοιότητος,
1486 4070 1581 4122 καὶ
1611 4069 1774 4132 αὐτὸς

197 4161 383 4230 νοῆται
416 4159 567 4223 Θεός.
603 4160 772 4213 Τοῦτο
806 4161 910 4232 γάρ
948 4161 1095 4231 ήμᾶς
1133 4160 1437 4214 ἐκδιδάσκει
1469 4160 1665 4229 λέγων,
1697 4160 1773 4230 μὴ

191 4252 453 4305 δύνασθαι
482 4255 653 4305 ποιεῖν
696 4253 788 4321 ἀφ’
818 4254 1009 4306 ἑαυτοῦ
1042 4252 1229 4323 μηδὲν,
1275 4252 1367 4306 ἐὰν
1401 4253 1474 4323 μή
1500 4270 1553 4305 τι
1600 4252 1771 4324 βλέπῃ

199 4344 285 4397 τὸν
312 4343 529 4413 Πατέρα
564 4342 837 4397 ποιοῦντα.
874 4343 939 4397 Τί
972 4343 1099 4415 φὴς,
1126 4337 1170 4397 ὦ
1201 4345 1473 4415 πάντολμε
1507 4343 1570 4396 σύ
1599 4360 1610 4391 τ
1661 4344 1773 4415 Τῆς

190 4433 286 4486 τοῦ
322 4434 528 4503 Πατρὸς
575 4434 851 4504 ἐνεργείας
885 4434 1253 4504 ἀναμάττεται
1292 4436 1420 4500 τούς
1464 4434 1666 4497 τύπους
1695 4436 1773 4497 είς

1875 3250 2193 3321 gravabitur
2222 3249 2409 3304 dicere
2445 3251 2622 3318 ipsum
2657 3248 3009 3303 corroborari
3054 3256 3345 3319 oportere,
3394 3257 3450 3302 et

1872 3341 2019 3411 quod
2057 3340 2276 3409 proprie
2305 3349 2358 3393 et
2385 3340 2492 3409 ipsi
2524 3339 2625 3393 soli
2660 3339 2803 3394 inest
2833 3353 2959 3392 cum
2989 3336 3152 3393 Patre
3176 3346 3231 3392 et
3257 3346 3449 3393 sancto

1877 3431 2122 3500 Spiritu,
2154 3430 2279 3485 ideo
2311 3429 2691 3500 imperfectum
2727 3430 2894 3486 esse"
2920 3430 3027 3483 Sed
3077 3446 3298 3485 rursum
3348 3446 3450 3484 no-

1873 3521 1957 3575 bis
1994 3520 2385 3575 adversarius:
2432 3520 2561 3575 ldeo
2610 3519 2914 3573 asserimus
2956 3520 3296 3588 superiorem
3326 3535 3450 3575 esse

1871 3611 2010 3666 Filio
2038 3612 2276 3667 Patrem.
2311 3610 2412 3664 Hic
2440 3610 2588 3664 enim
2634 3610 2815 3680 prima
2852 3624 3021 3665 causa
3061 3619 3146 3665 est
3184 3624 3448 3679 operum,

1872 3712 2065 3773 utpote
2126 3719 2250 3757 cum
2308 3702 2587 3772 perfectus
2646 3703 2718 3757 sit
2771 3701 2977 3755 virtute
3029 3710 3085 3756 et
3133 3700 3453 3772 cognitione

1872 3809 2097 3849 rerum:
2132 3793 2223 3848 ille
2262 3808 2397 3849 vero
2447 3793 2605 3862 prius
2654 3792 2711 3845 fit
2755 3801 3051 3861 spectator,
3092 3798 3206 3845 tum
3252 3791 3454 3847 deinde

1872 3890 2160 3951 operatur,
2190 3881 2525 3949 operationis
2554 3878 2739 3934 Patris
2776 3879 3139 3934 imitationem
3178 3878 3234 3932 in
3266 3894 3325 3934 se
3356 3894 3453 3934 ex-

1872 3975 2157 4044 primens,
2196 3980 2256 4027 ut
2285 3987 2383 4042 per
2416 3971 2833 4025 similitudinem
2869 3985 3097 4041 operum
3133 3970 3299 4025 etiam
3337 3969 3455 4039 ipse

1874 4067 2209 4136 intelligatur
2259 4063 2424 4117 Deus.
2480 4061 2599 4117 Hoc
2648 4061 2796 4116 enim
2838 4076 2940 4116 nos
2975 4061 3167 4125 docet,
3218 4074 3341 4113 cum
3375 4059 3454 4112 ait

1872 4172 1982 4211 non
2013 4171 2179 4225 posse
2206 4169 2236 4208 a
2264 4169 2323 4209 se
2354 4153 2539 4208 facere
2567 4152 2896 4223 qu'dquam,
2925 4151 3031 4205 nisi
3069 4150 3220 4219 quod
3250 4150 3452 4205 viderit

1872 4248 2088 4303 Patrem
2124 4246 2435 4302 facientem.
2472 4244 2616 4312 Quid
2652 4246 2768 4309 ais,
2804 4243 3217 4298 audacissime?
3245 4242 3451 4313 Opera-

1872 4339 2041 4395 tionis
2071 4338 2253 4393 Patris
2285 4336 2493 4391 formas
2522 4337 2576 4390 in
2610 4351 2671 4391 se
2698 4334 2962 4405 exprimit
3008 4332 3211 4398 Filius,
3242 4340 3302 4386 ut
3344 4332 3451 4388 hoc

1874 4439 2039 4501 pacto
2072 4429 2218 4484 Deus
2252 4427 2634 4498 intelligatur?
2668 4424 2969 4494 Disciplina
3002 4438 3136 4494 ergo
3164 4422 3306 4478 Deus
3336 4432 3450 4487 est,

192 4524 388 4577 ἑαυτὸν
416 4525 442 4575 6
472 4524 618 4589 Υίὸς,
653 4524 737 4576 ἵνα
762 4523 849 4576 διὰ
869 4525 1056 4577 τούτου
1090 4524 1278 4595 νοῆται
1302 4525 1467 4590 Θεός;
1501 4525 1772 4587 Διδακτῶς

1881 4538 1991 4577 non
2033 4530 2214 4577 autem
2259 4528 2456 4574 natura
2485 4536 2498 4572 :
2532 4525 2586 4573 et
2614 4517 2777 4572 sicuti
2814 4517 2871 4571 in
2914 4516 3076 4571 nobis
3103 4522 3188 4570 est
3222 4515 3455 4569 scientia

189 4612 287 4669 οὖν
320 4617 435 4668 ἐστι
463 4615 613 4680 Θεὸς,
648 4615 742 4668 καὶ
770 4616 949 4669 οὐκέτι
975 4616 1116 4670 κατὰ
1145 4616 1303 4686 φύσιν
1324 4633 1337 4647 ·
1389 4617 1578 4686 ὥσπερ
1621 4616 1677 4668 δὲ
1716 4617 1773 4668 ἐν

192 4710 329 4778 ήμῖν
360 4709 638 4778 ἐπιστήμη
672 4708 767 4760 καὶ
790 4707 954 4777 τέχνη
990 4709 1170 4779 τυχὸν,
1200 4708 1370 4772 οὕτως
1398 4709 1505 4779 ἄρα
1538 4710 1596 4761 ἐν
1625 4706 1772 4778 αὐτῷ

192 4803 313 4853 ἐστι
358 4800 419 4851 τὸ
460 4798 695 4869 ἀξίωμα,
744 4798 839 4851 καὶ
870 4798 1122 4869 τεχνίτης
1157 4799 1354 4869 μᾶλλόν
1393 4800 1508 4851 ἐστι
1534 4798 1641 4851 τῶν
1675 4798 1775 4867 τῆς

191 4892 450 4960 θεότητος
480 4889 676 4959 ἔργων,
715 4888 748 4958 ἢ
783 4888 912 4951 Θεὸς
940 4888 1190 4958 ἀληθινός
1221 4906 1235 4919 ·
1289 4890 1473 4959 ἔτερος
1514 4889 1568 4942 δὲ
1600 4889 1773 4959 δήπου

192 4984 416 5044 πάντως
440 4980 601 5043 αὐτὸς
627 4981 777 5049 παρὰ
801 4980 900 5051 τὴν
920 4982 977 5032 ἐν
1003 4979 1152 5049 αὐτῷ
1179 4980 1394 5050 τέχνην,
1420 4982 1526 5035 κᾶν
1553 4981 1775 5053 ὑπάρχῃ

193 5074 533 5146 θεοπρεπὴς.
567 5071 690 5134 Πῶς
715 5067 807 5124 οὗν
839 5072 948 5143 ἄρα
974 5070 1068 5123 τὸν
1096 5069 1204 5122 τῶν
1228 5070 1329 5138 τῆς
1358 5068 1606 5140 θεότητος
1632 5072 1774 5140 ὅρων

193 5164 538 5233 ἐκϐεϐηκότα
565 5202 580 5228 ,
630 5162 722 5215 καὶ
765 5162 823 5212 ὲν
872 5161 1007 5232 μόνῃ
1049 5162 1114 5231 τῇ
1164 5160 1326 5231 τέχνῃ
1368 5160 1635 5231 φοροῦντα
1675 5161 1773 5231 τὴν

192 5258 355 5323 δόξαν
390 5252 753 5326 προσκυνοῦσι
786 5254 884 5323 μὲν
917 5252 1134 5320 ἄγγελοι
1170 5254 1289 5306 κατ’
1319 5252 1571 5322 οὐρανὸν,
1605 5271 1774 5323 προσ-

204 5346 492 5415 κυνοῦμεν
525 5343 583 5397 δὲ
618 5342 712 5396 καί⁸
756 5344 917 5413 ἡμεῖς
962 5342 1332 5412 ἀνεγκλήτως,
1383 5342 1443 5395 τὸ
1474 5342 1547 5412 μὴ
1576 5344 1772 5413 χρῆναι

193 5438 480 5511 λατρεύειν
509 5435 678 5506 ἑτέρω
706 5433 857 5504 παρὰ
887 5433 975 5486 τὸν
1002 5433 1169 5496 ὸντως
1191 5434 1316 5485 ὅντα
1344 5433 1475 5486 Θεὸν
1496 5434 1594 5504 τῆς
1616 5434 1774 5502 ἁγίας

194 5530 593 5601 νομοθετούσης
621 5528 751 5597 ήμῖν
780 5525 1037 5595 Γραφῆς;
1089 5544 1106 5575 ι
1133 5525 1353 5595 Κύριον,
1399 5544 1416 5576 ι
1458 5525 1566 5595 γὰρ
1619 5528 1773 5595 φησὶ,

202 5646 221 5678 ι
249 5626 341 5678 τὸν
368 5621 500 5673 Θεόν
530 5636 621 5671 σου
652 5618 1066 5689 προσκυνήσεις,
1094 5618 1185 5669 καὶ
1210 5616 1357 5688 αὐτῷ
1387 5618 1530 5687 μόνῳ
1558 5617 1779 5687 λατρεύ.

272 5801 320 5835 ⁸³
346 5798 535 5856 Matth.
574 5819 643 5868 Iv,
676 5801 770 5865 10;
809 5800 963 5854 Dent.
1003 5812 1074 5859 vr,
1108 5795 1160 5851 5.

1875 4623 1929 4671 et
1961 4629 2052 4668 ars
2076 4652 2091 4678 ,
2128 4613 2204 4667 ita
2230 4619 2316 4667 est
2346 4611 2403 4665 in
2436 4611 2557 4680 ipso
2589 4609 2869 4678 dignitas;
2904 4616 2957 4661 et
2982 4606 3203 4661 deitatis
3231 4620 3455 4675 Operum

1874 4706 2058 4775 potius
2089 4711 2176 4759 est
2203 4701 2401 4758 artifex
2424 4740 2440 4765 ,
2468 4714 2633 4771 quam
2666 4697 2809 4752 Deus
2833 4712 2997 4751 verus
3020 4705 3074 4750 et
3100 4694 3246 4749 alius
3270 4694 3458 4763 utique

1875 4798 1994 4866 ipse
2036 4811 2066 4849 a
2115 4810 2214 4850 sua
2246 4803 2365 4848 arte
2386 4833 2400 4857 ,
2434 4791 2689 4862 quamvis
2720 4788 2832 4844 Deo
2863 4788 2937 4843 sit
2969 4786 3062 4840 illa
3095 4786 3456 4841 conveniens.

1876 4888 2163 4954 Quomodo
2191 4886 2359 4957 igitur
2387 4884 2568 4953 angeli
2592 4922 2606 4946 ,
2641 4894 2852 4950 nosque
2880 4894 3005 4933 cum
3035 4877 3146 4932 illis
3173 4877 3311 4932 citra
3345 4876 3458 4928 cul-

1878 4995 2004 5051 pam
2033 4979 2327 5032 adoramus
2356 4990 2479 5029 eum
2517 4973 2611 5042 qui
2646 4971 2873 5025 deitatis
2915 4968 3174 5022 terminis
3214 4964 3456 5029 excidit,

1875 5078 1932 5125 et
1963 5071 2015 5123 in
2047 5068 2164 5122 sola
2196 5075 2312 5119 arte
2347 5064 2577 5134 gloriam
2612 5062 2847 5131 positam
2878 5058 3045 5113 habet
3065 5097 3080 5123 ,
3111 5071 3234 5110 cum
3263 5061 3458 5109 sancta

1879 5156 2167 5225 Scriptura
2215 5158 2441 5205 cautum
2475 5149 2636 5204 nobis
2685 5148 2756 5202 sit
2797 5163 2869 5201 ne
2903 5146 3070 5199 alium
3118 5158 3282 5214 quam
3330 5158 3456 5197 eum

1876 5249 1970 5318 qui
2005 5259 2194 5299 revera
2228 5244 2373 5297 Deus
2396 5248 2480 5315 est
2502 5240 2795 5294 adoremus
2817 5236 2839 5289 ?
2862 5254 2881 5287 ι
2906 5233 3199 5289 Dominum
3230 5251 3249 5284 ›
3272 5233 3417 5286 enim
3437 5270 3453 5294 ,

1880 5338 2096 5410 inquit,
2130 5354 2147 5387 ι
2183 5336 2351 5389 Deum
2385 5343 2541 5387 tuum
2581 5328 2869 5391 adorabis,
2920 5334 2971 5382 et
3022 5326 3127 5395 ipsi
3160 5324 3262 5379 soli
3294 5323 3460 5393 218

1882 5432 2088 5489 servies
2121 5430 2217 5481 ³⁸.»
2249 5426 2357 5482 Sed
2388 5442 2417 5479 a
2449 5426 2651 5480 decoro
2680 5438 2793 5478 non
2825 5420 3044 5476 aberrat
3072 5423 3261 5473 sancta
3294 5417 3460 5486 potis-

1884 5527 2081 5581 simum
2110 5522 2427 5591 angelorum
2461 5518 2650 5581 turba,
2678 5514 2773 5571 sed
2798 5512 2992 5566 Filium
3023 5510 3215 5565 adorat
3236 5548 3249 5569 ,
3276 5514 3329 5563 et
3359 5520 3459 5561 no-

1886 5619 2096 5673 biscum
2131 5630 2257 5670 eum
2298 5612 2433 5669 colit
2462 5625 2621 5682 quem
2658 5604 2965 5663 secundum
2997 5610 3250 5657 naturam
3285 5595 3456 5653 Deum
