4206 6510
705 428 813 482 535

1698 424 1754 477 S.
1800 419 2080 478 CYRILLI
2112 416 2591 476 ALEXANDRINI
2616 410 2939 473 ARCHIEP.

3867 418 3973 472 556

703 549 858 601 novit
884 561 1044 611 εδει»,
1080 560 1254 615 neque
1283 544 1575 614 disciplina
1595 585 1608 609 ,
1638 553 1695 597 ut
1725 545 1803 597 illi
1834 554 2151 612 nugantur:
2181 556 2281 595 nec

2385 556 2551 601 Citq.’
2604 538 2741 590 Ἀλλ’
2772 538 2870 590 ούκ
2900 536 2966 588 ἂν
3000 533 3291 603 ἀπεσφάλη
3321 534 3415 586 τοῦ
3449 535 3749 604 πρέποντος
3780 537 3815 603 ὴ
3847 535 3975 601 ἀγία

700 640 851 693 enim
877 680 891 704 ,
916 648 974 692 ut
1006 647 1267 707 apparet,
1294 637 1541 691 sentiunt
1564 645 1799 706 quantas
1828 636 1882 689 in
1914 634 2285 690 absurditates

704 731 834 785 inde
867 729 1243 799 prolabuntur.
1286 728 1529 782 Primum
1563 728 1766 781 etenim
1800 726 1974 779 Filius
2008 723 2287 779 alteratio-

704 839 828 876 nem
863 829 916 875 et
949 821 1311 874 mutationem
1343 820 1395 873 in
1431 818 1611 887 majus
1658 834 1686 872 a
1732 818 1935 872 minori
1978 814 2282 885 suscipiet,

703 912 956 981 quamvis
991 927 1087 981 per
1119 911 1440 980 pr0phetam
1487 910 1607 978 ipse
1652 909 1837 962 dicat:
1873 927 1891 959 ι
1922 905 2153 969 Videte,
2200 906 2283 959 vi-

703 1004 825 1057 dete
858 1004 983 1072 quia
1030 1018 1130 1072 ego
1176 1018 1326 1065 sum,
1364 1012 1418 1055 et
1460 1018 1568 1055 non
1621 1010 1804 1054 mutor
1839 1001 1905 1053 ³⁸.
1940 1020 1958 1052 ι
1991 999 2096 1055 Sed
2132 1015 2287 1055 men-

704 1092 872 1144 tietur
905 1095 1093 1159 utique
1121 1090 1412 1145 Psalmista
1442 1092 1692 1143 clamans
1725 1091 1779 1143 in
1826 1090 2035 1160 Spiritu
2080 1089 2149 1143 ad
2196 1087 2285 1143 Fi-

703 1184 874 1237 lium:
904 1182 1014 1236 «Tu
1044 1193 1228 1235 autem
1258 1183 1399 1235 idem
1432 1183 1547 1250 ipse
1573 1196 1633 1237 es
1655 1181 1751 1234 ⁸⁸.»
1776 1181 2075 1251 Exspectat
2099 1182 2243 1235 enim
2268 1219 2284 1245 ,

707 1286 767 1328 ut
801 1276 875 1328 illi
906 1283 1205 1337 asserunt,
1239 1272 1366 1325 dum
1404 1272 1567 1326 Pater
1600 1275 1745 1326 circa
1780 1274 1988 1341 aliquid
2023 1279 2284 1341 operetur

707 1374 971 1433 tanquam
1002 1365 1112 1417 dux
1162 1372 1215 1419 et
1268 1366 1553 1431 magister,
1587 1372 1668 1426 ut,
1692 1379 1757 1417 eo
1799 1372 2129 1431 conspecto,
2162 1362 2283 1431 ejus

706 1458 954 1510 imitator
983 1456 1095 1509 fiat.
1127 1458 1193 1509 At
1222 1458 1315 1524 qui
1346 1456 1462 1508 ﬁeri
1496 1463 1675 1524 potest
1719 1462 1777 1507 ut
1818 1454 1910 1523 qui
1960 1452 2282 1521 liujusmodi

703 1556 790 1601 est
844 1564 954 1601 non
1005 1548 1256 1601 videatur
1301 1562 1363 1599 ex
1418 1546 1772 1615 ignoratione
1824 1545 1890 1599 ad
1946 1546 2279 1615 agnitionem

705 1638 1073 1709 quorumdam
1110 1638 1266 1692 evelli
1289 1679 1301 1702 ,
1337 1646 1391 1691 et
1421 1653 1450 1691 a
1487 1638 1750 1691 deteriori
1784 1639 1839 1692 in
1874 1638 2069 1692 melius
2100 1646 2285 1692 trans-

704 1732 943 1791 mutari,
993 1730 1039 1784 si
1082 1730 1213 1783 boni
1262 1729 1550 1797 cujusdam
1600 1728 1887 1783 scientiam
1938 1728 2285 1797 ignoratione

703 1821 1165 1891 pi'azstahiliorem
1210 1835 1333 1875 esse
1371 1819 1732 1888 judicemus?
1774 1820 1842 1872 At
1885 1819 2147 1889 quidnam
2192 1821 2281 1874 in-

705 1932 873 1986 super
917 1914 1142 1968 absurdi
1187 1921 1472 1983 sequatur,
1521 1912 1710 1965 dicant
1759 1912 2053 1991 nobisqui
2109 1892 2355 1982 magi-'-B

704 2019 875 2060 strum
924 2007 1107 2075 potius
1142 2021 1303 2075 quam
1352 2005 1566 2059 Patrem
1613 2004 1787 2059 Deum
1815 2019 1939 2059 esse
1986 2012 2280 2060 statuunt:

705 2110 889 2152 utrum
924 2098 1098 2153 Filius
1128 2100 1393 2167 ignorans
1426 2097 1610 2151 Patris
1642 2111 1806 2166 Opera
1836 2104 2124 2166 exspectat
2152 2096 2281 2151 dum

702 2192 919 2249 rideat,
952 2207 1015 2243 an
1046 2190 1459 2244 exactissimam
1490 2204 1683 2244 eorum
1730 2188 1983 2243 notitiam
2028 2202 2141 2241 non
2186 2187 2284 2240 ha-

704 2286 885 2340 bens?
920 2284 1056 2338 Nam
1090 2285 1134 2338 si
1170 2284 1357 2338 dicent
1390 2294 1745 2352 exspectare,
1774 2281 2027 2352 quamvis
2067 2282 2159 2335 illa
2192 2295 2285 2336 co-

704 2385 936 2446 gnoscat
957 2417 971 2439 ,
1004 2376 1153 2430 clare
1183 2375 1475 2431 ostendent
1508 2375 1753 2429 inaniter
1780 2374 1995 2437 facere,
2028 2380 2082 2428 et
2111 2376 2284 2427 vanis-

704 2470 857 2522 sima:
888 2469 967 2523 rei
1002 2483 1223 2537 operam
1255 2468 1388 2522 dare
1420 2465 1661 2521 Patrem.
1695 2465 1790 2521 Ille
1821 2465 1969 2521 enim
2002 2465 2151 2536 quod
2185 2480 2283 2536 ap-

704 2563 879 2632 prime
932 2563 1115 2626 novit,
1170 2569 1229 2615 ut
1285 2562 1548 2631 ignorans
1598 2558 1954 2615 considerat:
1998 2559 2088 2614 hic
2133 2559 2282 2616 illius

702 2670 937 2725 gnarum
970 2650 1169 2708 docere
1200 2654 1537 2723 aggreditur.
1572 2652 1805 2707 Cuinam
1835 2662 2017 2706 autem
2050 2652 2281 2709 dubium

702 2760 826 2799 esse
856 2753 1033 2813 potest
1065 2748 1195 2812 quin
1233 2745 1346 2796 haec
1379 2746 1539 2813 plane
1575 2744 1813 2797 ridicula
1849 2744 2005 2799 sint?
2036 2743 2143 2799 Sed
2179 2745 2282 2800 hoc

702 2834 889 2890 forsan
916 2835 1115 2890 dicturi
1144 2852 1251 2889 non
1283 2848 1445 2902 sunt,
1479 2838 1589 2890 imo
1613 2838 1945 2890 contrariam
1982 2838 2037 2892 in
2071 2847 2277 2907 partem

700 2927 886 2996 potius
921 2942 979 2980 se
1015 2926 1377 2981 transferant.
1406 2928 1671 2981 Asserent
1700 2928 1844 2981 enim
1874 2928 2051 2999 ipsum
2088 2944 2279 2985 neces-

702 3015 855 3067 sario
882 3026 1212 3084 exspectare
1244 3016 1372 3070 dum
1405 3014 1571 3070 Pater
1608 3028 1889 3086 operetur,
1921 3027 1979 3071 ut
2025 3034 2091 3073 ex
2132 3019 2281 3075 illius

700 3107 1174 3175 contemplatione
1204 3107 1383 3162 discat
1416 3109 1656 3176 operari.
1685 3108 1975 3173 Quomodo
2001 3125 2131 3179 ergo
2164 3110 2281 3165 uni-

699 3213 859 3252 versa
893 3200 1045 3253 novit
1076 3207 1371 3266 antequam
1410 3199 1544 3254 ﬁant
1579 3201 1657 3254 '7?
1685 3210 1780 3255 aut
1826 3203 2104 3271 quomodo
2152 3219 2279 3260 vere
2305 3224 2346 3281 ρ

699 3290 847 3343 dicet
900 3290 1016 3357 ipse
1066 3290 1134 3343 de
1185 3292 1405 3359 scipso:
1444 3310 1463 3343 ‹
1495 3291 1638 3347 Deus
1679 3295 2131 3363 apprOpinquans
2179 3310 2280 3365 ego

700 3396 822 3436 sum
845 3422 857 3444 ,
892 3382 1025 3434 dicit
1060 3381 1361 3443 Dominus,
1394 3391 1447 3437 et
1474 3399 1584 3437 non
1614 3383 1756 3440 Deus
1787 3386 1854 3440 de
1900 3386 2057 3455 longe
2086 3402 2097 3435 ε
2145 3403 2278 3440 num

702 3474 1075 3528 abscondetur
1102 3473 1232 3543 quid
1269 3490 1297 3527 a
1330 3490 1416 3529 me
1453 3476 1494 3506 ³⁸
1517 3476 1573 3528 2»
1601 3475 1891 3542 Quomodo
1930 3493 2040 3531 non
2083 3479 2279 3533 absur-

701 3565 828 3617 dum
861 3574 914 3619 et
950 3567 1218 3620 insulsum
1260 3568 1364 3619 erit
1415 3566 1646 3636 Spiritui
1692 3568 1952 3632 credere,
1997 3578 2049 3623 et
2095 3570 2279 3640 inqui-

700 3671 821 3710 rere
869 3672 932 3709 ac
961 3657 1105 3710 scire
1138 3655 1404 3726 profunda
1438 3658 1566 3722 Dei,
1598 3660 1915 3715 existimare
1953 3669 2131 3715 autem
2162 3663 2276 3716 lar-

700 3749 928 3817 gitorem
974 3748 1213 3818 Spiritus
1238 3750 1495 3818 ignorare
1520 3749 1700 3806 Patris
1735 3767 1922 3820 opera,
1951 3760 2005 3807 et
2027 3769 2131 3809 suo
2163 3753 2281 3825 Spi-

698 3838 811 3893 ritu
839 3840 1021 3909 quoad
1051 3840 1423 3910 cognitionem
1456 3842 1773 3897 inferiorem
1801 3845 1969 3899 esse?
2014 3844 2276 3917 Nunquid

700 3932 844 3985 enim
896 3930 1069 3986 FliillS
1122 3949 1344 4003 quoque
1378 3931 1663 4002 Sapientia
1694 3950 1816 3990 esse
1860 3936 2100 4004 desinet,
2147 3955 2273 3994 cum

699 4023 893 4091 utique
936 4024 1186 4093 ignoret,
1224 4025 1602 4093 discendoque
1635 4028 1948 4096 percipiat?
1982 4028 2276 4100 Sapientiae

697 4113 843 4165 enim
879 4123 1061 4181 potius
1091 4129 1269 4183 capax
1311 4114 1450 4176 erit,
1483 4128 1648 4183 quam
1697 4118 1932 4185 ipsantet
1970 4122 2274 4176 secundum

697 4211 947 4255 naturam
980 4202 1283 4273 Sapientia.
1318 4203 1597 4272 Sapientia
1641 4208 1844 4277 quippe
1889 4218 1973 4265 est
2026 4212 2081 4266 id
2129 4214 2277 4282 quod

697 4294 1024 4362 sapientiam
1059 4295 1311 4364 largitur.
1348 4312 1457 4349 non
1493 4298 1638 4365 quod
1673 4301 2002 4370 sapientiam
2037 4306 2271 4376 accipit,

699 4384 1169 4451 quemadmodum
1227 4401 1421 4454 nempe
1472 4388 1635 4440 etiam
1697 4390 1881 4444 lumen
1935 4403 2019 4447 est
2072 4395 2275 4449 illumi-

696 4488 866 4538 nans,
926 4474 1092 4546 219
1140 4490 1252 4529 non
1300 4476 1444 4546 quod
1487 4478 1849 4535 illuminatur.
1903 4481 2069 4551 Igitur
2125 4486 2269 4539 aliud

2390 632 2623 701 μάλιστα
2669 630 2777 682 τῶν
2831 630 3079 698 ἀγγέλων
3128 629 3375 699 πληθὺς,
3427 622 3843 696 προσκυνείδὲ
3885 626 3975 679 τὸν

2387 724 2535 784 Υἱὸν,
2573 722 2665 774 καὶ
2689 721 2938 792 λατρεύει
2972 721 3091 790 μεθ’
3124 721 3303 791 ἡμῶν,
3339 720 3479 772 κατά
3512 718 3674 786 φύσιν
3693 719 3825 771 ὄντα
3846 718 3978 771 Θεὸν

2384 813 2844 882 ὲπιγινώσκουσα,
2880 813 2976 865 καὶ
3002 814 3061 866 οὐ
3097 811 3383 875 διδακτῶς,
3412 811 3488 873 ὡς
3514 814 3708 864 ἐκεῖνοι
3748 810 3979 880 ληροῦν-

2383 905 2475 968 τές
2503 922 2665 973 φασιν
2689 921 2704 936 ο
2746 906 2807 957 ού
2834 905 2944 975 γὰρ
2974 904 3340 966 αἰσθάνονται,
3378 904 3517 955 κατά
3547 902 3607 954 τὸ
3642 904 3808 965 εἰκὸς,
3833 903 3978 963 ὅσοις

2385 996 2636 1049 ἐντεῦθεν
2659 996 3081 1066 περιπεσοῦνται
3109 998 3223 1058 τοῖς
3248 995 3583 1064 ἀτοπήμασι.
3623 993 3849 1062 Πρῶτον
3877 992 3974 1061 μὲν

2384 1090 2492 1162 γὰρ
2518 1093 2545 1144 6
2572 1090 2697 1152 Υἱὸς
2730 1088 3016 1149 ἀλλοίωσίν
3044 1105 3104 1141 τε
3135 1089 3228 1140 καὶ
3251 1075 3463 1159 τροπὴν
3502 1088 3601 1155 τὴν
3634 1086 3726 1138 ἐπὶ
3756 1085 3817 1137 τὸ
3857 1086 3975 1152 μεῖ-

2385 1183 2475 1245 ζον
2507 1182 2581 1246 ὡς
2610 1180 2669 1245 ἐξ
2693 1181 2975 1243 ἐλάττονος
3007 1180 3336 1246 ὲπιδέξεται,
3386 1179 3563 1232 καίτοι
3600 1177 3690 1231 διὰ
3714 1177 3809 1230 τοῦ
3841 1192 3978 1247 προ-

2384 1275 2553 1345 φήτου
2579 1275 2751 1341 λέγων
2778 1272 2939 1335 αὑτός
2962 1289 2977 1303 ο
3019 1292 3037 1325 ι
3066 1272 3254 1333 Ἴδετε,
3288 1271 3423 1323 ἰδετε
3449 1272 3532 1323 ὅτι
3566 1268 3677 1336 ἐγὼ
3708 1270 3847 1336 εἰμὶ.
3882 1266 3979 1320 καὶ

2383 1367 2483 1417 ούκ
2512 1364 2835 1433 ὴλλοίωμαι.
2863 1381 2881 1412 ι
2925 1360 3283 1430 Διαψεύσεται
3313 1361 3371 1413 δὲ
3400 1361 3617 1422 πάντως
3644 1360 3737 1411 καὶ
3762 1359 3792 1409 6
3822 1357 3976 1410 Ψαλ-

2389 1456 2561 1527 μῳδὸς
2596 1459 2653 1509 ὲν
2683 1455 2983 1525 Πνεύματι,
3024 1454 3125 1506 ιΣὺ
3160 1453 3216 1506 δὲ
3245 1456 3273 1505 6
3300 1453 3461 1514 αὐτὸς
3494 1447 3563 1512 εἷ.
3597 1469 3615 1501 ι
3667 1450 3806 1519 βοῶν
3841 1448 3978 1518 πρὸς

2385 1550 2475 1603 τὸν
2519 1549 2667 1602 Υἰόν.
2718 1548 3010 1617 Περιμένει
3061 1545 3189 1617 γὰρ,
3240 1541 3315 1609 ὡς
3364 1546 3560 1599 ἐκεῖνοί
3601 1561 3785 1612 φασιν,
3826 1545 3977 1611 ἐνερ-

2384 1642 2584 1710 γοῦντα
2615 1642 2706 1694 τὸν
2737 1640 2957 1710 Πατέρα
2989 1638 3116 1709 περί
3146 1654 3198 1689 τι
3231 1637 3339 1689 τῶν
3380 1636 3571 1696 ὄντων,
3604 1635 3770 1687 οἱονεὶ
3804 1631 3977 1701 καθη-

2385 1733 2558 1802 γητήν
2604 1748 2723 1783 τινα
2772 1731 2867 1783 καί¹
2903 1728 3245 1792 διδάσκαλον,
3294 1727 3382 1780 ἴνα
3413 1728 3702 1797 θεωρήσας
3746 1727 3979 1793 γένηται

2392 1824 2650 1895 μιμητής.
2683 1818 2817 1874 Εἶτα
2851 1820 2967 1883 πῶς
2990 1821 3018 1873 6
3042 1818 3281 1883 τοιοῦτος
3305 1820 3405 1872 οὐκ
3429 1819 3492 1872 ἀν
3520 1836 3597 1888 τῳ
3619 1817 3771 1883 δόξαι
3793 1814 3979 1869 λοιπὸν

2391 1915 2450 1982 ἐξ
2480 1913 2702 1983 ἀγνοίας
2733 1914 2833 1985 τῆς
2863 1929 3026 1965 τινων
3058 1910 3369 1965 ἀναϐαίνειν
3398 1913 3476 1973 εἰς
3501 1910 3722 1978 γνῶσιν,
3749 1911 3845 1961 καὶ
3870 1905 3980 1960 ἀπὸ

2385 2009 2481 2063 τοῦ
2527 2010 2768 2081 χείρονος
2824 2007 3264 2079 μετα-τρέπεσθαι
3318 2006 3457 2077 πρὸς
3502 2006 3759 2076 ἄμεινον,
3816 2005 3979 2072 εἰπερ

2385 2096 2524 2155 εἶναι
2556 2100 2887 2170 λογιούμεθα
2918 2102 2979 2153 τὸ
3010 2099 3207 2153 εἰδέναι
3246 2116 3300 2153 τι
3341 2098 3451 2151 τῶν
3484 2097 3726 2165 ἀγαθῶν,
3768 2096 3865 2148 τοῦ
3902 2096 3977 2165 μὴ

2386 2193 2583 2247 εἰδέναι
2634 2191 2889 2257 κάλλιον;
2956 2186 3088 2244 Εἶτα
3136 2208 3188 2244 τι
3236 2188 3374 2260 πρὸς
3416 2188 3628 2263 τούτοις
3675 2188 3867 2258 ὁρᾶται
3919 2185 3981 2237 τὸ

2385 2285 2607 2350 ἄτοπον,
2639 2284 2901 2353 λεγόντων
2929 2285 3062 2353 ἡμῖν
3092 2285 3139 2335 οἰ
3168 2281 3483 2351 παιδευτὴν,
3513 2280 3547 2350 ἢ
3580 2280 3801 2349 Πατέρα
3840 2279 3973 2348 μίλ-

2384 2380 2475 2434 λον
2514 2377 2858 2448 εἰσφέροντες
2890 2373 2981 2430 τὸν
3020 2376 3183 2431 Θεόν·
3221 2375 3453 2445 πότερόν
3486 2390 3616 2426 ποτε
3653 2372 3764 2426 τῶν
3797 2372 3978 2443 ἔργων

2384 2472 2479 2526 τοῦ
2510 2471 2719 2542 Πατρὸς
2752 2470 2809 2524 ὲν
2845 2470 3038 2541 ἀγνοίᾳ
3077 2466 3433 2538 καθεστηκὼς
3462 2469 3491 2521 6
3518 2466 3644 2530 Υἰὸς
3688 2467 3979 2535 περιμένει

2382 2562 2445 2615 τὸ
2480 2563 2630 2626 ἰδεῖν,
2664 2560 2699 2632 ἢ
2730 2561 2830 2631 τὴν
2858 2560 2950 2613 επὶ
2978 2557 3189 2618 τούτοις
3212 2558 3415 2627 γνῶσιν
3445 2558 3548 2611 ούκ
3579 2557 3716 2625 ἔχων
3748 2556 3978 2624 ἀκριϐε-

2387 2656 2621 2725 στάτηνς
2652 2654 2717 2706 Εἰ
2747 2649 2846 2723 μὲν
2864 2647 2958 2705 οὖν
2989 2651 3166 2704 εἰδότα
3192 2649 3510 2720 περιμένειν
3541 2647 3757 2719 ἐροῦσιν
3788 2646 3974 2710 αὐτὸν,

2384 2744 2768 2817 περιττότατόν
2813 2761 2866 2796 τι
2915 2740 3178 2796 ποιοῦντα
3223 2737 3413 2809 σαφῶς
3459 2739 3820 2804 ὲπιδείξουσι,
3881 2736 3974 2789 καὶ

2383 2836 2721 2891 εἰκαιοτάτου
2752 2835 3078 2909 πράγματος
3111 2831 3468 2902 ὲπιτηδευτὴν
3500 2831 3590 2883 τὸν
3621 2830 3867 2899 Πατέρα.
3918 2829 3974 2880 '0

2386 2930 2485 2999 μὲν
2530 2928 2662 3000 γὰρ,
2710 2928 2849 2997 ὅπερ
2893 2922 3035 2981 οἶδεν
3066 2924 3328 2993 ἀκριϐῶς,
3368 2924 3445 2986 ὡς
3494 2921 3706 2989 ἀγνοῶν
3750 2919 3973 2973 ἐπισκι-

2384 3035 2601 3082 πτεται,
2633 3022 2660 3072 6
2692 3018 2746 3072 δὲ
2774 3017 2867 3071 τὸν
2898 3017 3075 3070 εἰδότα
3098 3016 3368 3069 διδάσκειν
3400 3016 3687 3084 ἐπιχειρεῖ.
3724 3014 3839 3065 Καὶ
3868 3011 3971 3064 τίνι

2382 3109 2491 3162 τῶν
2515 3109 2682 3161 ὄντων
2704 3109 2805 3160 ούκ
2827 3105 2977 3159 ἔσται
3003 3107 3334 3176 καταφανὲς,
3357 3106 3440 3159 ὅτι
3462 3105 3562 3173 τῆς
3594 3102 3837 3173 ἐσχάτης
3875 3119 3967 3169 γε·

2380 3200 2650 3270 λοιότητος
2673 3198 2803 3251 εἴσω
2826 3198 3069 3251 κείσεται
3088 3198 3157 3250 τά
3177 3196 3401 3251 τοιαῦτα
3430 3213 3443 3261 ;
3494 3195 3654 3248 Ἀλλά
3680 3194 3843 3247 τοῦτο
3874 3194 3971 3263 μὲν

2383 3294 2483 3347 οὐκ
2512 3292 2698 3363 ὲροῧσι
2718 3290 2878 3359 τυχόν
2899 3306 2913 3320 °
2954 3290 3352 3360 μεταϐήσονται
3372 3290 3427 3342 δὲ
3445 3289 3580 3360 πρὸς
3615 3287 3679 3339 τὸ
3705 3288 3969 3340 ἐναντίον.

2382 3384 2706 3457 Περιμένειν
2734 3382 2842 3453 γὰρ
2880 3383 3043 3443 αὑτὸν
3074 3384 3388 3451 ἀναγκαίως
3430 3378 3763 3452 ἐνεργοῦντα
3793 3378 3972 3431 διαϐε-

2382 3474 2707 3527 ϐαιώσονται
2735 3472 2826 3524 τὸν
2859 3472 3079 3542 Πατέρα
3108 3473 3243 3542 πρὸς
3271 3471 3331 3523 τὺ
3361 3471 3718 3539 θεωρήσαντα
3757 3469 3967 3538 μαθεῖν.

2382 3565 2507 3628 Πῶς
2538 3560 2631 3617 οὖν
2664 3557 2773 3616 οἶδε
2806 3562 2875 3615 τά
2923 3562 3122 3626 πάντα,
3172 3564 3302 3635 πρὶν
3346 3563 3615 3629 γενέσεως
3664 3560 3889 3624 αύτῶνς
3937 3557 3969 3629 ἢ

2382 3657 2499 3720 πῶς
2525 3654 2815 3726 ἀληθεύσει
2853 3653 3028 3723 λέγων
3053 3654 3217 3718 αὐτὸς
3250 3655 3377 3727 περί
3407 3653 3604 3707 ἑαυτοῦ
3626 3669 3639 3682 ’
3685 3652 3854 3714 σΘεὸς
3884 3654 3972 3717 ἐγ-

2381 3748 2552 3817 γίζων
2580 3748 2691 3815 ἐγώ
2722 3750 2859 3819 εἰμι,
2893 3748 3043 3815 λέγει
3083 3746 3309 3817 Κύριος,
3352 3747 3445 3799 καὶ
3477 3746 3597 3815 οὐχὶ
3637 3743 3927 3815 πόρρωθεν
3953 3758 3967 3773 ³

2382 3842 2459 3911 μὴ
2496 3842 2588 3894 ἀπ’
2616 3840 2750 3911 ἐμοῦ
2784 3840 3117 3912 κρυϐήσεταὶ
3149 3856 3233 3906 τι;
3266 3859 3284 3892 ι
3324 3839 3449 3903 Πῶς
3469 3840 3526 3892 δὲ
3557 3839 3658 3891 οὐκ
3680 3839 3887 3892 ἄτοπόν
3912 3850 3971 3889 τε

2381 3932 2476 3985 καὶ
2508 3932 2718 4002 ἀμαθὲς
2751 3933 2829 4002 τῷ
2869 3933 2967 4003 μὲν
3002 3930 3281 4002 Πνεύματι
3319 3932 3619 3993 πιστεύειν,
3652 3932 3886 4000 span;qu
3914 3946 3969 3981 τε

2380 4021 2475 4074 καί
2501 4021 2695 4073 εἰδέναι
2726 4022 2793 4074 τὰ
2818 4020 2954 4091 βάθη
2984 4019 3079 4072 τοῦ
3106 4020 3262 4084 Θεοῦ,
3308 4020 3399 4072 τὸν
3429 4020 3485 4072 δὲ
3518 4020 3614 4072 τοῦ
3651 4022 3970 4089 Πνεῦματος

2377 4112 2612 4184 χορηγὸν
2649 4114 2707 4165 ὲν
2755 4113 2949 4184 ἀγνοίᾳ
2979 4112 3308 4165 καθεστάναι
3353 4112 3595 4182 νομίζειν
3635 4113 3745 4165 τῶν
3795 4114 3970 4181 ἔργων

2378 4204 2471 4258 τοῦ
2496 4205 2727 4275 Πατρὸς,
2756 4206 2850 4258 καὶ
2876 4205 2968 4259 τοῦ
2997 4204 3123 4257 ἰδίου
3154 4204 3294 4257 Πνεύ
3303 4220 3490 4275 ματος,
3514 4206 3639 4257 ὅσον
3664 4207 3749 4267 εἰς
3769 4206 3971 4273 γνῶσιν

2376 4297 2898 4367 ἀπολιμπάνεσθαι;
2949 4293 3097 4367 Ἀρα
3142 4296 3252 4367 γὰρ
3304 4296 3403 4348 οὑκ
3448 4296 3723 4349 ἀποὸαλεῖ
3771 4298 3869 4351 καί.
3912 4296 3971 4348 τὸ

2378 4386 2515 4441 εἶναι
2546 4390 2706 4458 σοφία
2734 4389 2917 4442 λοιπὸν
2954 4391 2982 4443 6
3027 4389 3176 4452 Υἰδς,
3212 4388 3442 4457 ἐπείπερ
3473 4389 3612 4451 ὅλως
3638 4391 3850 4457 ἀγνοεῖ,
3880 4391 3971 4442 καὶ

2377 4479 2643 4549 λαμϐάνει
2674 4480 2760 4534 διά
2799 4479 3124 4550 μαθήσεως;
3172 4479 3371 4548 Σοφίας
3404 4480 3515 4549 γὰρ
3566 4480 3775 4549 μᾶλλον
3818 4480 3970 4533 ἔσται

695 4569 957 4637 quiddam
1009 4571 1128 4639 ipse
1175 4584 1369 4624 rursus
1416 4572 1522 4624 erit
1569 4573 1637 4625 ab
1681 4588 1745 4626 ea
1799 4588 1920 4644 qua:
1951 4576 2004 4630 in
2038 4576 2158 4646 ipso
2190 4589 2273 4632 est

2381 4572 2641 4637 δεκτικὸς,
2667 4575 2809 4644 ἢπερ
2840 4573 2972 4625 αὐτὸ
2995 4573 3131 4625 κατὰ
3154 4572 3314 4641 φύσιν
3355 4572 3537 4639 σοφία.
3573 4574 3750 4641 Σοφία
3778 4574 3889 4644 γὰρ
3916 4574 3969 4626 τὸ

695 4660 1007 4729 sapientia:
1067 4667 1123 4712 et
1168 4660 1409 4729 primum
1447 4662 1664 4729 quidem
1713 4680 1823 4718 non
1875 4667 2127 4737 simplex,
2175 4670 2271 4723 sed

692 4748 1038 4817 compositus
1072 4764 1134 4802 ex
1178 4748 1433 4815 duobus;
1483 4750 1679 4806 deinde
1727 4753 1870 4808 Deus
1897 4771 2018 4809 esse
2052 4773 2273 4827 quoque

2374 4660 2591 4728 σοφοῦν,
2619 4661 2679 4713 οὑ
2703 4660 2763 4712 τὸ
2794 4660 3089 4729 σοφοῦσθαι
3115 4660 3377 4729 πεφυκὸς,
3419 4661 3610 4732 ὥσπερ
3648 4658 3745 4715 οὖν
3774 4665 3968 4734 ἀμέλει

2372 4751 2467 4803 καὶ
2510 4751 2627 4819 φῶς
2673 4750 2734 4803 τὸ
2779 4749 3048 4819 φωτίζον,
3094 4752 3155 4803 ού
3206 4750 3267 4803 τὸ
3313 4751 3646 4820 φωτίζεσθαι
3697 4756 3965 4820 πεφυκός.

693 4840 950 4894 desinet:
988 4838 1157 4892 Deum
1213 4851 1391 4893 autem
1427 4842 1550 4895 dico
1583 4846 1883 4899 secundum
1922 4855 2173 4902 naturam
2221 4860 2273 4904 et

2381 4841 2576 4893 Οὖκοῦν
2607 4841 2791 4909 ἕτερόν
2820 4858 2870 4893 τι
2909 4841 3071 4894 πάλιν
3110 4843 3268 4906 αὐτὸς
3296 4844 3449 4914 παρὰ
3478 4843 3577 4911 τὴν
3601 4846 3661 4896 ὲν
3689 4845 3847 4914 αὐτῷ
3881 4864 3967 4898 σο-

693 4925 1164 4979 substantialiter.
1202 4925 1423 4983 Discere
1451 4944 1687 4999 namque
1726 4934 1794 4986 ab
1825 4934 2034 5004 aliquo.
2083 4946 2138 4991 et
2173 4940 2273 4993 du-

693 5016 891 5086 plicem
928 5030 1054 5069 esse
1084 5025 1247 5086 atque
1281 5021 1667 5089 compositum,
1703 5024 1945 5079 alienum
1992 5035 2075 5082 est
2112 5031 2265 5099 peni-

693 5116 844 5161 tusa
885 5106 1107 5161 deitatis
1161 5117 1377 5173 natura,
1430 5112 1518 5164 cui
1564 5120 1825 5182 tanquam
1882 5119 2160 5185 proprium
2214 5127 2268 5175 et

690 5197 1157 5269 perfectissimum
1196 5200 1399 5255 bonum
1433 5204 1757 5273 simplicitas
1793 5206 1957 5262 inest.
2015 5208 2170 5275 Quod
2220 5214 2267 5267 si

694 5290 836 5344 Deus
866 5304 974 5343 non
1007 5299 1093 5344 est
1121 5293 1424 5347 secundum
1455 5304 1706 5349 naturam
1763 5296 1955 5365 Filius,
1990 5308 2266 5370 quomodo

692 5391 954 5449 operatur
992 5388 1045 5433 et
1096 5389 1322 5449 praestat
1362 5398 1423 5437 ea
1464 5400 1587 5454 quae
1630 5387 1730 5440 soli
1767 5386 1875 5441 Deo
1907 5397 2268 5459 congruunt?

691 5470 773 5523 An
806 5470 955 5525 enim
988 5469 1186 5525 dicturi
1220 5484 1351 5527 sunt
1385 5478 1433 5526 ei
1477 5474 1726 5531 sutIicere
1758 5476 1823 5529 ad
1870 5480 2123 5535 virtutem
2160 5482 2267 5540 Deo

690 5561 1104 5615 convenientem
1137 5564 1283 5631 quod
1316 5567 1693 5620 tantummodo
1736 5567 1905 5623 Deum
1944 5583 2262 5641 Operantem

690 5653 941 5723 aspiciat,
970 5660 1023 5707 et
1053 5654 1171 5707 solo
1194 5668 1414 5724 aspectu
1444 5657 1496 5710 id
1524 5658 1745 5725 habere,
1772 5672 1826 5714 ut
1860 5666 1931 5716 sit
1961 5667 2261 5721 secundum

760 5804 807 5835 ³⁸
833 5803 1063 5862 Malach.
1107 5823 1199 5876 ιιι,
1240 5807 1292 5862 6.
1339 5810 1381 5841 ³⁸
1412 5809 1554 5866 Psal.
1593 5827 1665 5876 cr,
1707 5814 1787 5867 l5.

1867 5817 1909 5847 ³⁷
1940 5816 2077 5871 Dan.
2120 5837 2241 5889 xm,
2283 5822 2371 5876 Η.

2373 4933 2521 5001 φίαν,
2554 4933 2647 4985 καὶ
2686 4932 2900 5005 πρῶτον
2947 4934 3043 5003 μὲν
3076 4935 3171 5005 ούχ
3206 4935 3431 5000 ἁπλοῦς,
3475 4936 3588 4988 ἀλλ’
3618 4938 3685 4989 ὲκ
3724 4937 3823 4989 δύο
3859 4939 3966 4990 λοι-

2373 5023 2473 5075 πὸν
2507 5024 2856 5093 συγκείμενος
2882 5040 2894 5054 ·
2930 5020 3047 5078 εἶτα
3073 5026 3208 5095 πρὸς
3237 5025 3414 5088 τοῦτο,
3448 5028 3542 5080 καὶ
3569 5027 3632 5080 τὸ
3662 5023 3810 5082 εἶναι
3837 5028 3969 5092 Θεὸς

2374 5114 2649 5179 ἀπολέσει,
2683 5114 2813 5168 Θεὸν
2844 5116 2900 5167 δέ
2936 5134 3076 5187 φημι
3127 5120 3269 5172 κατά
3306 5120 3469 5187 φύσιν
3515 5120 3611 5174 καὶ
3660 5121 3962 5185 ούσιωδῶς.

2375 5205 2680 5275 Μαθήσεως
2707 5207 2815 5277 γὰρ
2843 5208 2940 5277 τῆς
2970 5209 3076 5261 ἀπό
3099 5226 3243 5273 τινος
3276 5211 3434 5275 ὅλως,
3476 5213 3573 5265 καὶ
3603 5211 3839 5283 διπλόης
3867 5214 3967 5283 τῆς

2376 5298 2517 5351 κατά
2561 5298 2868 5370 σύνθεσινή
2909 5299 3029 5354 θεία
3076 5301 3237 5370 φύσις
3281 5303 3382 5356 οὐκ
3425 5305 3703 5374 ἀνέχεται,
3755 5308 3859 5361 καὶ
3907 5309 3966 5361 τὸ

2377 5387 2578 5440 ἁπλοῦν
2604 5388 2678 5450 ὡς
2723 5388 2850 5441 ἴδιον
2879 5389 3100 5457 ἀγαθὸν,
3154 5392 3248 5445 καὶ
3283 5392 3343 5445 τὸ
3386 5396 3708 5449 παντέλειαν
3745 5396 3962 5467 ἔχουσα.

2375 5478 2487 5529 Καὶ
2512 5477 2559 5529 εἰ
2586 5478 2658 5546 μὴ
2690 5476 2805 5529 ἔστι
2834 5477 2966 5540 Θεὸς
2991 5480 3133 5537 κατὰ
3156 5481 3318 5548 φύσιν
3336 5484 3363 5535 6
3391 5483 3538 5548 Υἱὸς,
3576 5485 3701 5549 πῶς
3725 5486 3797 5539 τὰ
3822 5488 3965 5557 μόνῳ

2378 5567 2653 5632 πρέποντα
2700 5566 2816 5635 Θεῷ
2863 5567 2957 5619 καὶ
2992 5568 3224 5637 ἐνεργεῖ,
3278 5572 3371 5624 καὶ
3418 5575 3759 5644 ὲργάζεται;
3817 5572 3962 5646 ’Δρα

2372 5657 2479 5725 γὰρ
2512 5655 2825 5725 ἐξαρκέσειν
2859 5658 3072 5728 ἐροῦσιν
3105 5660 3273 5730 αὐτῷ,
3307 5665 3399 5717 καὶ
3434 5666 3570 5735 πρὸς
3605 5666 3844 5746 δύναμιν
3866 5667 3962 5739 τὴν

2458 5828 2497 5857 ³³
2528 5824 2726 5882 Jcrem.
2765 5844 2919 5893 mu,
2958 5828 3049 5899 25,
3085 5829 3173 5884 24.
