4206 6510
202 438 297 464 7r"-

198 438 297 491 ὗῧῖ
1265 430 1328 488 IN
1367 428 1651 486 JO.\NNIS
1695 427 1757 482 EI

1863 427 2162 486 EGELIUM.
2202 432 2330 488 LIB.
2356 432 2418 487 II.
3365 428 3471 488 358

197 545 502 615 θεοπρεπῆ,
529 546 588 598 τὸ
613 546 771 616 μόνον
807 545 933 599 ἰδεῖν
955 544 1280 615 ἐνεργοῦντα
1303 546 1391 596 τὸν
1411 544 1649 615 Πατέρα,
1678 541 1757 593 κα

1880 548 2133 594 naturam
2169 541 2334 606 Deus,
2376 550 2431 597 et
2462 549 2571 596 tam
2602 542 2773 596 multa
2805 541 3021 597 efﬁcere
3046 542 3224 612 possit
3253 554 3459 611 quanta

194 636 280 689 διὰ
298 636 457 706 ψιλῆς
500 637 682 707 ὅψεως
716 636 1130 707 ἀποκερδαίνειν
1162 636 1222 688 τὸ
1259 631 1395 687 εἶναι
1442 634 1583 686 κατὰ
1613 633 1773 701 φύσιν

193 730 345 791 Θεὸς,
372 729 467 780 καὶ
492 727 727 780 τοσαῦτα
759 728 1018 781 δύνασθαι
1059 730 1249 791 ποιεῖν,
1287 730 1497 797 ὅσαπερ
1527 726 1593 778 ἂν
1625 726 1719 778 καὶ
1748 727 1776 777 ὁ

191 819 451 872 δεικνύων
482 821 662 890 αὐτῷ;
712 821 877 875 Οὐδὲν
921 816 1013 874 οὖν
1037 821 1147 889 ἄρα
1178 820 1240 872 τὸ
1268 819 1475 872 κωλύον
1506 819 1644 881 ἐστὶ,
1681 822 1775 871 καὶ

193 911 421 973 πολλοὺς
466 894 598 981 ἡμῖν
648 913 868 981 ἐτέρους
928 910 1312 979 ἀναδειχθῆναι
1361 910 1536 972 θεοὺς,
1588 908 1775 977 ἐθελή-

191 1018 381 1065 σαντος
415 1004 509 1054 καὶ
539 1003 703 1055 αὑτοῦ
740 1004 1002 1067 ἐπιδεῖξαι
1032 1002 1126 1054 τοῦ
1166 1002 1363 1068 [Ιατρὸν
1403 1003 1512 1053 τῶν
1554 1000 1772 1053 οἰκείων

189 1093 366 1163 ερῒων
392 1094 490 1165 τὴν
514 1094 649 1157 ὁδὸν,
681 1095 772 1147 καὶ
796 1096 851 1144 ἐν
879 1092 955 1163 τῷ
982 1094 1171 1162 μαθεῖν
1198 1110 1249 1144 τι
1280 1090 1529 1161 περιττὸν
1555 1089 1653 1157 τῆς
1676 1088 1769 1140 τοῦ

188 1185 403 1254 Πατρὸς
433 1185 619 1247 οὐσίας
659 1184 903 1237 κείσεται
933 1184 993 1236 τὸ
1026 1184 1302 1251 ἐξαίρετον
1329 1199 1341 1212 ·
1368 1184 1427 1234 οὺ
1457 1180 1565 1249 γὰρ
1591 1180 1771 1233 διδακ·

186 1278 316 1343 τῶς,
340 1278 415 1341 ὡς
445 1278 642 1330 ἐκεῖνοί
667 1294 849 1345 φασιν,
887 1280 964 1340 είς
996 1276 1212 1344 ἀξίωμα
1235 1276 1294 1328 τὸ
1323 1276 1419 1345 τῆς
1441 1274 1581 1327 κατά
1609 1273 1768 1340 φύσιν

186 1375 437 1443 θεότητος
471 1372 797 1442 ἀναδραμὼν
835 1372 1148 1442 εὑρίσκεται
1191 1371 1364 1438 λέγων
1389 1385 1401 1397 ⁸
1450 1388 1467 1420 ι
1507 1368 1646 1435 Ἐγὼ
1676 1368 1769 1420 καὶ

182 1468 211 1517 ὁ
258 1467 449 1535 Πατὴρ
497 1464 553 1516 ἐν
601 1466 787 1533 ἐσμεν.
851 1464 911 1515 Ὁ
957 1445 1214 1532 ἑωρακὼς
1260 1462 1378 1529 ἐμὲ,
1419 1459 1631 1529 ἑώρακε
1677 1460 1767 1510 τὸν

183 1560 428 1628 Πατέρα.
450 1577 467 1609 ι
518 1556 1026 1626 Ἀναμετρείτωσαν
1060 1556 1238 1607 τοίνυν
1267 1555 1389 1616 ὅσος
1427 1555 1611 1615 αὐτοῖς
1640 1553 1767 1605 δυσ-

180 1642 397 1717 (metu;
447 1648 602 1717 ὄχλος
661 1649 723 1699 ἐκ
765 1647 861 1699 τοῦ
908 1646 1131 1699 τοιῶσδε
1186 1649 1325 1700 νοεῖν
1383 1644 1588 1699 ἐθέλειν
1646 1646 1765 1697 ἐπι·

180 1741 505 1811 σωρεύεται,
549 1741 641 1793 καὶ
690 1740 1054 1810 φρονείτωσαν
1098 1738 1271 1809 ἀληθῆ
1326 1737 1583 1809 περὶτοῦ
1632 1739 1762 1793 Υἱοῦ

176 1832 325 1885 καθα
360 1833 689 1901 γέγραπται.
746 1831 883 1883 Οὔτε
918 1830 1027 1901 γάρ
1060 1832 1122 1882 ἐκ
1163 1829 1393 1899 θεωρίας
1425 1828 1525 1900 τῆς
1562 1832 1619 1883 ἐν
1651 1833 1762 1892 τοῖς

172 1924 583 1994 ἀποτελέσμασι
619 1922 711 1976 τοῦ
750 1924 961 1995 Πατρὸς
986 1962 1000 1985 ,
1066 1920 1187 1976 οὔτε
1243 1922 1347 1993 μὴν
1391 1922 1466 1985 ὡς
1516 1940 1752 1994 προκατ-
1793 1906 1836 1960 Β

169 2019 452 2089 αρκτικῶς
489 2021 545 2072 ἐν
573 2022 685 2079 τοῖς
741 2018 921 2090 ἔργοις
951 2016 1086 2085 ἔχων
1120 2016 1301 2079 αὑτὸν,
1330 2017 1559 2086 ποιητής
1589 2018 1757 2077 ἐστιν,

169 2114 202 2181 ἦ
242 2110 684 2181 θαυματουργὸς,
726 2112 818 2163 καὶ
860 2108 947 2161 διὰ
978 2108 1132 2160 τοῦτό
1175 2110 1319 2161 ἐστιν
1347 2108 1493 2172 Υἱὸς,
1531 2108 1645 2161 ἀλλ’
1679 2110 1760 2160 ὅτι

169 2205 403 2273 quanto;
437 2205 624 2275 ῶσπερ
646 2221 727 2267 τις
758 2202 920 2255 αὑτὸν
952 2201 1214 2269 ἀποφέρει
1240 2202 1401 2269 νόμος
1432 2200 1523 2252 ἐπὶ
1545 2201 1642 2271 τὴν
1667 2200 1759 2254 τοῦ

166 2299 535 2365 γεννήσαντος
573 2297 990 2367 ἀπαράλλακτον
1019 2295 1332 2366 ὁμοιότητα,
1365 2297 1411 2346 εί
1442 2292 1550 2365 [iam
1574 2294 1633 2365 ἡ]
1665 2295 1758 2347 καὶ

166 2388 259 2441 διὰ
290 2389 387 2457 τῆς
414 2388 519 2440 τῶν
547 2388 722 2456 ἔργων
751 2386 1071 2449 ἀνελλιποῦς
1103 2386 1400 2455 ὲμφερείας
1423 2387 1755 2455 ἀναλάμπει,

167 2483 267 2534 καὶ
313 2482 585 2549 εραίνεται.
640 2479 986 2550 Παραθέντες
1013 2478 1067 2531 δὲ
1098 2481 1189 2532 καὶ
1216 2480 1474 2543 εἰσαῦθις,
1512 2483 1559 2533 εί
1589 2481 1754 2547 δοκεῖ,

1876 633 1925 688 is
1964 633 2132 688 etiam
2174 633 2352 704 qui.ei
2389 633 2666 689 ostendit?
2700 633 2849 689 Nihil
2881 648 3014 705 ergo
3043 633 3299 704 prohibet
3321 650 3461 705 quo-

1875 728 2059 782 minus
2086 728 2244 781 multi
2279 728 2369 781 alii
2398 743 2621 798 quoque
2652 726 2727 780 dii
2752 728 3009 794 evadant,
3029 729 3076 784 si
3104 727 3269 783 Pater
3290 732 3456 783 etlam

1877 819 1992 887 ipse
2021 820 2258 873 voluerit
2309 834 2536 874 suorum
2569 835 2799 890 operum
2835 821 2975 872 viam
3014 821 3284 886 indicare,
3317 830 3372 877 et
3402 821 3459 875 in

1874 924 2280 977 supervacanea
2308 926 2365 964 re
2388 912 2652 965 discenda
2687 920 2932 983 paterna:
2965 915 3287 968 substantia:
3320 930 3458 983 pra!-

1872 1005 2074 1057 5tautia
2097 1007 2483 1058 collocabitur.
2510 1000 2635 1057 Non
2675 1005 2821 1058 enim
2856 1005 3135 1069 doctrina,
3167 1015 3227 1060 ut
3253 1006 3330 1059 illi
3368 1008 3454 1059 di-

1871 1105 2021 1160 cunt,
2055 1098 2122 1150 ad
2176 1099 2500 1167 dignitatem
2547 1100 2819 1152 naturalis
2871 1100 3095 1153 deitatis
3136 1102 3456 1154 ascendisse

1871 1190 2230 1256 comperitur,
2286 1204 2409 1242 cum
2446 1191 2561 1243 ait:
2618 1208 2635 1240 ι
2690 1188 2803 1259 Ego
2845 1198 2899 1243 et
2940 1190 3104 1243 Pater
3149 1206 3318 1244 unum
3362 1205 3454 1243 su-

1872 1294 1997 1333 mus
2027 1280 2095 1331 ³⁹.
2129 1279 2232 1345 Qui
2268 1281 2402 1334 vidit
2431 1296 2537 1346 me,
2566 1282 2693 1335 vidit
2737 1290 2791 1335 et
2824 1279 3033 1335 Patrem
3069 1283 3137 1336 ".
3176 1300 3195 1334 ι
3241 1282 3455 1350 Expen-

1869 1370 2001 1425 dant
2030 1372 2194 1442 igitur
2222 1381 2487 1442 quantam
2517 1375 2620 1427 vim
2653 1374 3125 1443 blasphemiarum
3154 1390 3218 1427 ex
3259 1376 3452 1440 hujus-

1869 1463 2016 1517 modi
2046 1466 2322 1519 sententia
2357 1466 2645 1535 colligant,
2675 1474 2730 1519 et
2760 1480 2887 1519 vera
2919 1465 2987 1520 de
3020 1464 3158 1519 Filio
3190 1468 3450 1526 sentiant,

1869 1565 1930 1611 ut
1975 1559 2242 1626 scriptum
2280 1565 2388 1613 est.
2434 1556 2626 1627 Neque
2673 1558 2820 1612 enim
2867 1573 2934 1613 ex
2987 1559 3455 1624 contemplatione

1869 1658 2227 1720 paternorum
2268 1665 2517 1719 operum,
2552 1665 2729 1713 neque
2762 1658 2913 1705 certe
2954 1658 3014 1703 ut
3049 1652 3140 1720 qui
3178 1651 3355 1719 ipsuur
3398 1654 3449 1703 in

1866 1739 2127 1809 operibus
2154 1740 2348 1794 ducem
2386 1756 2449 1794 ac
2479 1741 2806 1811 magistrum
2850 1740 3071 1805 habeat,
3106 1740 3331 1795 eﬂ‘ectur
3369 1753 3452 1795 est

1868 1839 1963 1886 aut
2010 1841 2258 1901 patrator
2297 1834 2736 1897 miraculorum,
2776 1843 2942 1902 atque
3006 1835 3220 1888 idcirco
3276 1833 3449 1889 Filius

1863 1934 1967 1988 est,
2010 1925 2102 1981 sed
2136 1926 2397 1995 quoniam
2431 1927 2698 1981 naturalis
2725 1928 2891 1980 veluti
2922 1927 3173 1996 quaedam
3216 1927 3297 1979 lex
3324 1941 3447 1980 eum

1864 2019 1930 2073 ad
1976 2018 2226 2073 eamdem
2283 2034 2381 2087 per
2428 2018 2616 2072 omnia
2662 2032 2787 2071 cum
2823 2018 2984 2071 Patre
3028 2018 3444 2071 similitudinem

1861 2110 2053 2173 infert,
2075 2125 2196 2179 quae
2229 2110 2391 2164 etiam
2429 2126 2525 2179 per
2557 2124 2784 2178 operum
2813 2110 3121 2164 absolutam
3155 2111 3446 2177 imaginum

1862 2205 2040 2259 elucet
2067 2214 2117 2257 et
2151 2213 2392 2272 apparet.
2428 2200 2534 2255 Sed
2565 2202 2849 2271 pr0posito
2890 2217 3089 2256 rursus
3133 2208 3307 2261 textu,
3350 2215 3446 2254 eo-

1862 2312 1969 2367 que
2021 2297 2238 2348 acutius
2264 2292 2653 2362 pervestigato,
2700 2293 2993 2361 diligenter
3029 2294 3446 2347 consideremus

1863 2404 2115 2460 quaenam
2158 2390 2227 2441 sit
2263 2387 2538 2439 dictorum
2572 2387 2867 2449 sententia,
2893 2391 2945 2440 et
2977 2400 3083 2454 qua
3119 2385 3325 2454 pietate
3360 2385 3446 2438 in-

1864 2482 2107 2549 telligere
2137 2477 2293 2531 decet
2326 2476 2751 2546 perspiciamus.

166 2573 231 2625 τὸ
290 2572 386 2623 τοῦ
427 2572 588 2639 λόγου
638 2570 953 2637 κεφάλαιον,
1003 2572 1096 2623 καὶ
1141 2571 1495 2641 δριμυτέραις
1543 2573 1788 2644 ἐρεύναις
1843 2575 1973 2632 αὐτὸ
2020 2571 2420 2645 βασανίζοντες,
2467 2570 2764 2640 θεωρῶμεν
2792 2567 3061 2643 ἀκριϐῶς,
3114 2571 3199 2635 τίς
3245 2569 3311 2625 ἂν
3359 2570 3445 2643 εἴη

164 2659 362 2713 λοιπδν
400 2660 509 2712 τῶν
537 2659 844 2728 λεγομένων
872 2660 904 2729 ἡ
934 2659 1181 2729 δύναμις,
1217 2660 1311 2712 καὶ
1350 2662 1497 2723 ὅπως
1534 2667 1800 2737 προσήκει
1832 2666 2084 2727 νοοῦντας
2117 2662 2382 2727 εὐσεϐεῖν,
2418 2661 2518 2731 ἤδη
2555 2661 3072 2732 περισκεπτώμεθα.

241 2751 476 2815 Οὐκοῦν,
525 2751 729 2819 Ἀμὴν,
777 2750 939 2819 ἀμὴν
978 2750 1132 2818 λέγω
1172 2752 1331 2819 ὑμῖν,
1362 2755 1445 2805 Ὀὐ
1483 2754 1754 2821 δύναται,

163 2846 361 2915 φησὶν,
394 2842 423 2893 ό
459 2843 592 2908 Υἱὸς
622 2842 813 2895 ποιεῖν
847 2843 945 2909 ἀφ’
979 2842 1196 2895 ἑαυτοῦ
1221 2843 1419 2907 οὐδὲν,
1465 2845 1573 2897 ἐὰν
1595 2846 1678 2915 μή
1702 2865 1755 2901 τι

154 2937 376 3003 ,ϐλέπῃ
409 2936 516 2989 τὸν
557 2932 786 3002 Πατέρα
830 2936 1120 2987 ποιοῦντα
1147 2952 1159 2966 ·
1208 2935 1246 2988 ἀ
1278 2938 1385 3005 γὰρ
1425 2938 1501 2990 ἂν
1526 2940 1754 3007 ἐκεῖνος

161 3028 339 3097 ποιῇ,
378 3028 565 3080 ταῦτα
589 3026 685 3078 καὶ
711 3030 742 3079 d
779 3024 910 3091 Υἱὸς
945 3026 1158 3093 ὁμοίως
1192 3026 1364 3079 ποιεῖ.
1411 3028 1572 3099 Ὁρᾷς
1606 3031 1754 3093 ὅπως

1939 2758 2109 2823 Igitur
2150 2768 2162 2802 :
2200 2756 2388 2816 Amen,
2437 2768 2585 2804 amen
2634 2754 2751 2805 dico
2794 2754 2958 2815 vobis,
3001 2769 3104 2807 non
3138 2763 3326 2821 potest,
3361 2755 3448 2809 in-

1866 2848 2005 2917 quit,
2040 2843 2211 2897 Filius
2256 2861 2287 2896 a
2325 2860 2379 2896 se
2409 2845 2583 2911 facere
2609 2846 2920 2913 quidquam,
2950 2846 3053 2897 nisi
3081 2846 3218 2913 quod
3261 2846 3446 2902 viderit

1865 2936 2081 2989 Patrem
2109 2936 2422 3004 facientem:
2462 2950 2785 3002 qua-cunque
2813 2936 2951 2986 enim
2978 2935 3067 2987 ille
3094 2937 3296 3004 [cccritc
3336 2937 3446 2993 hac

1862 3038 1909 3082 et
1945 3026 2117 3079 Filius
2146 3026 2393 3078 similiter
2426 3025 2581 3092 facit.
2620 3023 2817 3078 Cernis
2853 3032 2911 3076 ut
2941 3026 3105 3079 etiam
3142 3041 3238 3094 per
3278 3027 3444 3080 abso-

157 3123 261 3174 xa‘t
292 3121 383 3173 διὰ
411 3121 507 3189 τῆς
534 3122 590 3171 ἐν
610 3121 723 3180 τοῖς
751 3118 931 3187 ἔργοις
957 3117 1377 3186 ἀπαραλλάκτου
1406 3121 1753 3189 ταυτότητος,

1863 3120 2190 3172 lutissimam
2226 3131 2456 3185 Operum
2512 3116 2857 3169 identitatem
2910 3116 3143 3170 siutiIeH
3188 3133 3245 3171 se
3296 3116 3443 3171 Patri

158 3214 356 3282 ὅμοιον
389 3211 577 3263 ἑαυτὸν
605 3210 743 3262 κατά
779 3210 955 3261 πάντα
986 3210 1219 3262 δεικνύει
1251 3210 1328 3279 τῷ
1357 3212 1550 3280 Πατρὶ,
1581 3213 1667 3265 ἶνα
1693 3212 1754 3282 δὴ

160 3307 432 3376 φαίνηται
463 3305 551 3357 διὰ
589 3294 777 3355 τούτου
818 3304 912 3355 καὶ
944 3302 1042 3373 τῆς
1085 3303 1272 3365 οὐσίας
1305 3305 1466 3355 αὐτοῦ
1501 3306 1754 3375 κληρονό-

162 3417 269 3470 μος
302 3416 314 3426 ·
349 3399 425 3459 ὼς
448 3398 553 3464 γάρ
580 3394 890 3462 ἀναγκαίως
920 3412 979 3446 τε
1007 3395 1099 3446 καὶ
1124 3396 1530 3465 ἀναντιῤῥὴτως
1556 3398 1748 3466 νοηθη-

159 3492 401 3547 σοαένου
428 3489 559 3542 Θεοῦ
603 3488 741 3541 κατὰ
776 3488 935 3556 φύσιν
972 3488 1235 3556 ὑπάρχειν
1264 3487 1355 3538 τοῦ
1390 3488 1485 3557 τὴν
1518 3489 1636 3557 ἴσην
1671 3492 1754 3541 έν-

155 3584 392 3652 έργειαν
422 3580 631 3649 ἔχοντος
660 3579 736 3647 τῷ
763 3578 881 3647 Θεῷ
907 3577 1001 3630 καὶ
1029 3577 1221 3644 Πατρὶ,
1251 3577 1318 3629 τά
1339 3578 1565 3630 τοιαῦτά
1589 3596 1753 3648 φησιν

158 3681 187 3729 ὁ
241 3674 458 3743 Σωτήρ.
510 3670 948 3735 Σκανδαλιζέσθω
988 3670 1045 3721 δέ
1083 3669 1292 3738 μηδεὶς,
1337 3670 1464 3722 ὅταν
1494 3672 1750 3741 φαίνηται

156 3770 343 3836 λέγων
380 3764 765 3835 οἰκονομικῶς,
818 3764 893 3832 μὴ
935 3762 1193 3815 δύνασθαι
1228 3766 1401 3815 ποιεῖν
1432 3762 1523 3830 ἀφ’
1556 3763 1749 3816 ἑαυτοῦ

160 3860 361 3929 μηδὲν,
397 3857 489 3909 ἐὰν
536 3859 607 3926 μή
653 3873 704 3907 τι
737 3854 906 3925 βλέπῃ
938 3851 1029 3905 τὸν
1074 3853 1289 3923 Πατέρα
1329 3852 1587 3906 ποιοῦντα
1612 3869 1626 3883 ⁶
1676 3853 1750 3917 ὡς

157 3952 275 4019 γὰρ
306 3948 405 4017 ἤδη
440 3946 535 4015 τὴν
568 3945 661 3998 τοῦ
690 3945 874 3995 δούλου
910 3943 1120 4013 μορφὴν
1163 3943 1543 4013 περικείμενος
1573 3944 1658 3996 διὰ
1690 3943 1751 3996 τὸ

158 4039 439 4109 ἐνωθῆναι
498 4038 691 4106 σαρκὶ,
754 4036 853 4087 οὐκ
908 4034 1231 4103 ἐλευθέραν,
1288 4035 1407 4088 οὐδὲ
1460 4035 1751 4104 ἀνειμένην

158 4128 449 4189 παντελῶς
485 4130 561 4189 εἰς
589 4123 864 4193 θεοπρεπῆ
897 4123 1208 4192 παρρησίαν
1243 4124 1478 4175 ἐποιεῖτο
1506 4126 1602 4192 τὴν
1638 4123 1751 4175 διά-

154 4223 346 4287 λεξιν·
384 4219 578 4290 ἐχρῆτο
620 4218 675 4270 δὲ
715 4216 910 4286 μᾶλλον
938 4214 1163 4285 τοιαύτῃ
1189 4214 1254 4267 δι’
1286 4215 1594 4284 οἰκονομίαν
1637 4214 1748 4268 ἔσθ’

154 4320 277 4378 ὅτε,
330 4315 471 4384 ἥπερ
527 4312 590 4364 ἂν
623 4309 821 4380 πρέποι
868 4306 985 4375 Θεῷ
1029 4322 1088 4357 τε
1135 4305 1269 4376 ὁμοῦ
1313 4306 1408 4358 καὶ
1455 4305 1746 4377 ἀνθρώπῳ.

154 4409 277 4463 Καὶ
324 4406 433 4475 γὰρ
466 4400 532 4474 ἦν
558 4403 727 4463 ὅντως
765 4399 904 4453 κατά
938 4397 1134 4451 ταυτὸν
1167 4398 1448 4467 ἀμφότερα
1476 4414 1489 4428 ·
1540 4393 1617 4462 εἷς
1652 4400 1748 4468 μὲν

1864 3213 1919 3264 in
1951 3211 2211 3263 omnibus
2245 3208 2504 3269 ostendit,
2548 3216 2604 3259 ut
2646 3222 2741 3275 per
2798 3207 2902 3259 hoc
2940 3220 3089 3261 certe.
3123 3210 3444 3263 substantiae

1862 3317 2082 3371 quoque
2109 3298 2290 3352 Patris
2327 3300 2500 3351 haeres
2542 3307 2823 3366 appareat.
2860 3296 3114 3350 Salvator
3153 3299 3297 3351 enim
3330 3299 3444 3354 harc

1862 3393 1955 3452 ait,
2010 3389 2167 3457 quasi
2198 3403 2516 3441 necessario
2540 3398 2594 3440 et
2632 3388 2772 3440 citra
2807 3390 3241 3452 controversiam
3281 3390 3441 3444 intel-

1861 3484 2112 3553 Iigendus
2147 3482 2218 3535 sit
2249 3480 2390 3534 Deus
2420 3482 2723 3534 secundum
2760 3492 3010 3533 naturam
3035 3481 3323 3542 exsistere,
3353 3482 3440 3535 cui

1860 3576 2088 3646 arqualis
2118 3576 2189 3627 sit
2217 3590 2340 3627 cum
2378 3573 2490 3626 Deo
2512 3581 2566 3626 et
2593 3573 2757 3642 220
2780 3572 2939 3625 Patre
2971 3573 3242 3642 operatio.
3271 3572 3442 3629 Nemo

1860 3682 2037 3724 autem
2079 3668 2509 3731 scandalizetur,
2549 3684 2672 3721 cum
2723 3684 2817 3737 per
2844 3668 3316 3733 dispensationem
3359 3668 3441 3721 di-

1859 3778 1981 3817 cere
2008 3764 2226 3816 videtur
2250 3760 2425 3814 Filius
2457 3775 2565 3813 non
2590 3775 2755 3828 posse
2786 3774 2814 3811 a
2835 3774 2891 3812 se
2913 3758 3091 3813 facere
3117 3760 3439 3829 quidquam,

1858 3855 1965 3909 nisi
2013 3854 2162 3923 quod
2212 3853 2414 3907 viderit
2464 3850 2683 3904 Patrem
2737 3850 3073 3904 facientem:
3131 3866 3253 3903 nam
3312 3852 3439 3921 quia

1860 3949 2001 4003 servi
2039 3946 2268 4001 formam
2296 3946 2597 4014 assumpsit
2619 3942 2761 4005 “-",
2794 3952 2848 3995 et
2879 3943 3041 3995 homo
3074 3941 3251 3998 factus
3281 3952 3366 3997 est
3391 3943 3439 3975 “

1857 4048 2080 4109 prapter
2118 4039 2304 4092 carnis
2337 4034 2810 4103 conjunctionem,
2841 4048 2949 4090 non
2981 4048 3197 4101 seraper
3219 4048 3280 4087 ea
3317 4049 3439 4102 quae

1857 4131 1967 4185 Deo
2028 4129 2286 4183 convenit
2340 4128 2592 4182 libertate
2646 4135 2812 4195 atque
2862 4126 3192 4179 auctoritate
3247 4126 3299 4177 in
3359 4126 3443 4178 loc

1856 4222 2074 4291 quendo
2113 4221 2395 4285 utebatur,
2438 4220 2571 4288 quin
2606 4218 2791 4287 potius
2833 4233 2929 4287 per
2963 4217 3439 4285 dispensationem

1855 4328 1975 4367 eam
2021 4312 2292 4365 interdum
2335 4311 2651 4374 adhibebat,
2697 4324 2818 4379 qua:
2871 4307 2981 4363 Deo
3012 4310 3221 4378 pariter
3249 4319 3303 4364 et
3334 4310 3435 4365 ho-

1856 4403 1993 4458 mini
2020 4402 2327 4458 conveniat.
2362 4400 2491 4454 Erat
2514 4401 2660 4455 enim
2696 4408 2994 4469 utrumque
3027 4401 3191 4455 simul
3222 4417 3433 4459 revera.

152 4502 226 4571 δὴ
261 4500 425 4566 λόγος
446 4489 600 4557 οὗτος
626 4493 850 4561 ἀληθής
876 4486 1029 4561 οἶμαι
1058 4490 1115 4542 δὲ
1140 4490 1249 4543 δεῖν
1271 4490 1364 4542 καὶ
1394 4490 1562 4561 ἑτέρῳ
1588 4490 1749 4543 πάλιν

1863 4495 1982 4551 Haec
2022 4496 2240 4565 quidem
2281 4494 2536 4549 doctrina
2581 4507 2709 4548 vera
2752 4501 2869 4557 est;
2922 4492 3017 4547 sed
3062 4493 3170 4546 alio
3216 4508 3438 4564 quoque

152 4587 554 4657 ἐπεξηγεῖσθαι
606 4584 793 4654 τρόπῳ
824 4580 885 4633 τὸ
932 4580 1313 4650 προκείμενον,
1360 4582 1451 4632 καὶ
1496 4580 1749 4651 ὀξύτερόν

148 4700 283 4745 πως
321 4683 387 4750 τῇ
418 4678 510 4731 τοῦ
539 4676 891 4747 θεωρήματος
922 4672 1177 4743 ἀκριϐείᾳ.
1208 4672 1585 4742 προσϐάλλειν.
1629 4692 1647 4723 ‹
1672 4672 1746 4724 Οὐ

148 4775 417 4830 δύναται,
441 4788 457 4820 ι
494 4767 678 4836 φησὶν,
704 4784 721 4815 ι
746 4763 911 4825 om;
936 4765 1110 4815 ποιεῖν
1128 4760 1219 4830 ἀφ’
1249 4758 1440 4814 ἑαυτοῦ
1468 4760 1746 4822 οὐδὲν.ἐάν

150 4868 239 4939 μή
256 4880 314 4916 τι
338 4860 513 4931 βλέπῃ
530 4858 618 4910 τὸν
635 4856 852 4927 Πατέρα
870 4854 1143 4907 ποιοῦντα.
1173 4872 1190 4903 ι
1213 4851 1305 4917 Τὸ,
1331 4871 1348 4901 ι
1371 4852 1430 4905 οὐ
1458 4851 1698 4916 δύναται,
1722 4870 1740 4902 ι

145 4961 285 5028 ἦτοι
316 4953 377 5005 τὸ
406 4952 663 5005 ἀδύνατον
685 4948 1068 5018 κατηγορεῖται
1089 4943 1271 5008 τινῶν,
1304 4944 1421 5014 ἤτοι
1450 4943 1558 4996 τῶν
1581 4942 1747 4996 ὄντων

144 5048 308 5100 τισὶν
341 5043 677 5112 ἐπιφέρεται.
718 5039 887 5093 Τοῦτο
934 5038 1040 5108 γὰρ
1081 5036 1165 5106 δὴ,
1197 5034 1257 5087 τὸ
1302 5034 1744 5105 κατηγορεῖσθαι,

144 5137 370 5207 φαμὲν,
408 5134 526 5202 οὖχὶ
560 5132 777 5193 πάντως
810 5129 1087 5199 ἀνάγκης,
1142 5127 1263 5180 οὐδὲ
1308 5125 1590 5189 ἀσθενείας
1632 5126 1748 5178 ἐστὶ

143 5224 524 5298 σημαντικόν·
555 5223 793 5276 διδάσκει
814 5221 869 5273 δὲ
896 5220 1153 5283 πολλάκις
1178 5218 1273 5272 καὶ
1301 5218 1514 5287 φύσεων
1538 5218 1743 5289 ἑδραιό-

140 5337 325 5390 τητα,
376 5317 472 5369 καὶ
517 5313 714 5367 οὐσιῶν
746 5313 1040 5382 ἀκλόνητον
1086 5312 1295 5375 στάσιν,
1330 5310 1429 5382 τὴν
1473 5312 1556 5378 ἐφ’
1602 5304 1745 5381 οἷςῆ

142 5416 334 5472 ἔστιν,
361 5409 397 5479 ἢ
420 5409 640 5477 γέγονεν
666 5407 865 5476 ἐκάστη
889 5404 996 5457 τῶν
1024 5404 1457 5474 σημαινομένων,
1484 5403 1577 5455 καί
1603 5401 1747 5472 ἆπερ

138 5504 269 5561 οἶδε
307 5502 552 5573 φυσικῶς
599 5518 658 5552 τε
704 5499 798 5552 καὶ
833 5497 1187 5568 ἀμεταθέτως
1230 5498 1490 5567 ἐνεργεῖν.
1536 5494 1745 5548 Ἦκέτω

136 5600 235 5665 δὲ,
267 5600 318 5649 εξ
345 5596 515 5654 δοκεῖ,
558 5593 650 5646 καὶ
682 5592 768 5645 διὰ
808 5590 1264 5662 παραδειγμάτων
1297 5593 1324 5643 ὁ
1359 5589 1535 5656 λόγος.
1573 5588 1745 5640 Ὅταν

225 5850 271 5880 ³⁸
300 5857 467 5913 Jnan.
502 5872 529 5910 ι
560 5899 573 5922 ,
604 5856 691 5911 50.
720 5930 742 5955 ⁵
772 5858 818 5889 "°
849 5855 1006 5911 Joan.
1042 5873 1153 5924 ειν,
1184 5858 1235 5911 9.

1312 5858 1429 5889 ⁸¹·¹⁵¹
1463 5856 1655 5928 Philip.
1702 5872 1735 5910 ll
1764 5903 1775 5921 ,
1812 5858 1863 5911 τ.

1854 4587 2020 4640 modo
2068 4602 2181 4640 rem
2221 4586 2557 4655 propositam
2610 4584 2837 4653 insuper
2884 4582 3266 4653 explicandam
3310 4600 3437 4641 esse

1854 4694 1999 4743 reor,
2040 4684 2095 4733 et
2126 4678 2342 4731 acutius
2375 4676 2523 4730 illius
2569 4674 2930 4730 theorematis
2969 4677 3241 4729 rationem
3281 4677 3430 4730 intu-

1853 4768 2073 4824 endam.
2107 4786 2125 4819 ι
2152 4766 2267 4822 Νοη
2300 4775 2504 4836 potest,
2557 4786 2573 4818 ι
2605 4766 2808 4836 inquit,
2838 4785 2855 4817 ι
2892 4765 3065 4821 Filius
3089 4782 3116 4820 a
3158 4783 3216 4822 se
3253 4766 3434 4823 facere

1854 4860 2178 4929 quidquam,
2208 4859 2312 4912 nisi
2349 4859 2494 4930 quod
2542 4858 2742 4913 viderit
2782 4856 2998 4912 Patrem
3052 4856 3363 4912 facientem.
3406 4874 3426 4910 ι

1855 4950 1993 5005 Illud
2029 4970 2046 5002 ι
2086 4949 2205 5005 Non
2240 4958 2440 5020 potest,
2491 4969 2509 5002 ι
2547 4950 2662 5005 sive
2700 4948 3025 5017 impossibile
3069 4959 3168 5015 est,
3198 4949 3266 5004 de
3304 4951 3424 5019 quia

1855 5041 2086 5096 busdam
2112 5040 2463 5110 praedicatur,
2488 5040 2605 5096 sive
2637 5040 2920 5097 nonnullis
2945 5042 3112 5097 rebus
3146 5041 3429 5096 tribuitur.

1852 5132 1989 5188 Illud
2014 5134 2181 5196 enim,
2217 5133 2529 5203 praedicari,
2560 5150 2668 5189 non
2700 5134 2890 5204 utique
2918 5134 3301 5189 necessitatem
3334 5142 3430 5189 aut

1854 5223 2282 5278 imbecillitatem
2327 5223 2644 5294 signiﬁcare
2677 5226 2934 5290 dicimus,
2971 5224 3066 5281 sed
3109 5226 3430 5295 plerumque

1851 5314 2071 5369 denotat
2111 5324 2438 5370 naturarum
2469 5316 2852 5383 stabilitatem,
2901 5325 2955 5371 et
2994 5318 3426 5373 substantiarum

1849 5416 2050 5461 statum
2083 5407 2479 5462 inconcussum
2514 5409 2696 5479 quoad
2728 5410 3056 5477 essentiam,
3097 5417 3151 5465 et
3201 5418 3429 5464 natura-

1854 5499 1957 5554 lem
2010 5507 2176 5567 atque
2216 5499 2615 5556 immutabilem
2664 5501 3429 5571 operationemuniuscujus—

1852 5606 1975 5660 que.
1996 5589 2122 5654 Sed,
2154 5590 2198 5645 si
2225 5590 2399 5661 juvat,
2434 5592 2599 5646 etiam
2625 5591 2894 5662 exemplis
2924 5606 3038 5647 rem
3067 5592 3426 5665 explicemus.

1944 5859 1985 5888 ⁸⁸
2012 5856 2167 5912 Juan.
2205 5874 2242 5921 ι,
2278 5859 2363 5913 Η.
