4206 6510
222 412 318 468 561

1243 418 1623 479 lNJOANNIS
1662 418 2114 477 EVANGELIUM
2176 420 2303 475 LIB.
2364 421 2427 476 Il.

3383 427 3489 484 δεῖ

213 529 390 600 ιδικὴν
432 532 713 602 ἐνέργειαν
755 536 848 586 τοῦ
904 535 1116 606 Πατρδς
1166 540 1505 604 ἀπαιδεύτως
1531 542 1788 612 διισχυρί-

1904 552 2011 600 tur,
2055 540 2347 599 ostendant
2387 541 2546 595 nobis
2569 538 2783 595 Patrem
2804 543 3017 612 uspiam
3051 552 3336 613 operatum
3368 562 3491 603 esse

209 621 418 682 ζονται,
455 622 590 687 πρὸς
648 624 709 676 τὸ
754 624 865 677 ἴσον
904 628 1384 700 ἀπομιμήσασθαι,
1432 633 1799 689 δεικνύτωσαν

208 715 343 783 ἡμῖν
366 715 473 787 ἰδίᾳ
496 718 593 770 καὶ
617 718 736 771 καθ’
757 719 948 772 ἑαυτὸν
979 722 1353 794 ὲργασάμενόν
1384 743 1437 778 τι
1469 728 1559 780 τὸν
1578 729 1799 799 Πατέρα

208 801 522 876 πώποτε,ἢ
563 809 657 861 καὶ
688 811 838 863 ποῖον
884 811 1047 875 αὐτὸς
1108 815 1562 887 προθεραπεύσας
1620 822 1798 892 παρά-

206 890 387 958 λυτον,
438 895 668 950 δέδωκεν
711 898 787 962 ὡς
848 900 905 953 ὲν
935 901 1091 972 τύπῳ
1121 904 1183 957 τὸ
1236 909 1469 977 πρᾶγμα
1492 909 1571 979 τῷ
1600 890 1800 981 Γεννή-

210 1000 368 1051 ματα

294 1074 356 1128 '0
378 1076 488 1146 γὰρ
527 1080 728 1147 Πατὴρ
760 1082 925 1149 φιλεῖ
940 1084 1046 1138 τὸν
1078 1088 1233 1141 Υἱόν.

294 1166 595 1253 Ἀσυνὲτως
623 1171 1077 1244 ἐξαγοιουμένους
1100 1179 1180 1241 εἰς
1209 1180 1424 1233 εἰκαίαν
1455 1182 1647 1253 ὀργὴν,
1674 1187 1798 1249 τοὺς

210 1252 373 1322 οἵπερ
400 1250 541 1325 ἦσαν
571 1258 958 1327 δυσσεϐοῦντες
987 1266 1069 1328 είς
1094 1267 1254 1320 αὐτὸν
1287 1250 1609 1336 ἀφυλάκτως
1629 1274 1716 1329 διὰ
1740 1276 1799 1329 τὸ

212 1344 498 1398 Σάϐϐατον
557 1350 831 1422 ἐξελέγχει
896 1356 1161 1426 Χριστὸς,
1245 1360 1654 1433 ἐναργεστάτην
1704 1366 1798 1419 τοῦ

211 1434 538 1504 πράγματος
568 1442 887 1513 ποιούμενος
938 1447 1040 1517 τὴν
1078 1450 1362 1516 ἀπόδειξιν
1386 1454 1475 1507 διὰ
1504 1456 1598 1508 τοῦ
1625 1457 1798 1524 φιλεί-

212 1526 336 1578 σθαι
362 1529 540 1594 λέγειν
570 1535 698 1601 περὶ
736 1536 829 1588 τοῦ
857 1538 988 1592 ίδίου
1019 1542 1367 1614 Γεννήτορος.
1407 1546 1467 1597 Εἰ
1508 1546 1617 1616 γάρ
1661 1549 1799 1612 ὅλως

209 1618 357 1684 φιλεῖ
378 1620 468 1672 τὸν
497 1622 620 1675 Υἱδν
649 1628 675 1677 ό
698 1628 909 1699 Πατὴρ,
940 1632 1000 1684 οὺ
1034 1632 1309 1688 λυποῦντα
1333 1636 1494 1705 δῆλον
1527 1640 1610 1692 ὅτι
1630 1641 1794 1709 φιλεῖ,

208 1714 681 1781 κατευφραίνοντα
708 1719 981 1787 δὲμᾶλλον
1025 1726 1110 1793 ἐφ’
1133 1721 1213 1789 οἷς
1243 1727 1309 1780 ἂν
1337 1731 1462 1799 ποιῇ
1514 1732 1604 1783 καὶ
1633 1734 1798 1802 ἐργά-

206 1796 387 1866 ζηται.
426 1804 618 1873 Μάτην
647 1803 739 1860 οὖν
780 1809 888 1880 ἄρα
944 1812 1203 1867 διώκουσι
1229 1817 1320 1868 τὸν
1348 1818 1517 1872 ἐλεεῖν
1555 1822 1614 1873 ὲν
1659 1823 1796 1875 Σαϐ-

205 1888 357 1961 ϐάτῳ
382 1895 455 1964 μὴ
487 1901 945 1970 παραιτοὶμενον,
972 1906 1067 1958 καὶ
1092 1909 1211 1970 ταῖς
1236 1906 1328 1961 τοῦ
1362 1909 1497 1963 Θεοῦ
1551 1913 1645 1966 καὶ
1674 1915 1788 1967 Πα-

203 1983 335 2051 τρδς
358 1984 744 2052 ἀντιτείνοντες
776 1990 978 2062 ψήφοις
1007 1994 1096 2049 διὰ
1134 1996 1322 2050 τούτου
1350 1999 1512 2053 πάλιν
1534 2002 1789 2057 ἁλίσκον-

202 2089 319 2168 ται.
345 2076 555 2147 Χρῆναι
601 2080 709 2151 γάρ
753 2083 952 2138 οἴονται
1008 2091 1208 2157 μισεῖν,
1276 2090 1335 2145 ὃν
1373 2092 1537 2157 αὐτὸς
1579 2096 1790 2168 ἀγαπᾷ,

202 2163 362 2234 δῆλον
404 2167 459 2220 δὲ
505 2170 676 2241 δήπου
717 2176 936 2240 πάντως
987 2180 1156 2245 ἐστὶν,
1187 2181 1264 2245 ὠς
1288 2183 1388 2237 οὐκ
1428 2185 1493 2239 ἂν
1533 2163 1788 2261 ἠγάπησέ

204 2272 339 2310 ποτε
368 2260 466 2332 τὴν
506 2264 596 2316 τοῦ
622 2268 870 2332 τεκόντος
893 2271 1055 2325 αὑτὸν
1078 2278 1492 2346 παρατρέχοντα
1516 2260 1787 2353 βούλησιν,

207 2352 305 2403 καὶ
338 2352 443 2424 ἰδίᾳ
498 2358 589 2410 καὶ
634 2360 795 2428 μόνον
829 2364 965 2432 ὅπερ
1018 2364 1084 2418 ἂν
1131 2367 1296 2430 αὐτὸς
1331 2369 1587 2440 ἐθελήσαι
1619 2352 1790 2428 ποιεῖν

205 2442 532 2535 εἰθισμένον.
582 2451 796 2522 Ἐπειδὴ
827 2452 882 2505 δὲ
915 2453 1133 2519 δικαίως
1182 2457 1392 2527 ἀγαπᾷ,
1427 2466 1663 2516 συναινεί
1700 2464 1794 2535 δη-

1904 628 2163 699 quiddam
2203 630 2445 684 seorsim'
2460 643 2523 682 ac
2553 644 2649 699 per
2674 644 2752 691 se,
2787 631 3068 684 autetiam
3094 647 3332 701 quonam
3350 633 3489 703 ipse.

1906 721 2204 792 paralytico
2254 720 2411 790 prius
2472 731 2686 786 sanato,
2720 722 2865 777 istud
2894 724 3038 778 velut
3062 725 3117 779 in
3154 734 3285 796 typo
3312 726 3484 783 Geni-

1904 812 2036 865 tnini
2076 810 2352 866 tribuerit.

1980 1099 2042 1163 V,
2083 1099 2172 1154 20.
2210 1098 2373 1154 Pater
2402 1100 2541 1155 enim
2558 1099 2734 1171 diligit
2781 1099 3000 1154 Filium.

1978 1191 2131 1246 Vana
2197 1193 2277 1246 ira
2327 1194 2494 1249 stulte
2536 1192 2794 1248 efferatos
2821 1209 2914 1248 eos
2939 1209 2990 1263 ~a
3019 1193 3224 1264 quibus
3260 1203 3485 1264 propter

1905 1287 2207 1344 Sabbatum
2240 1296 2445 1344 temere
2465 1298 2517 1345 et
2544 1291 2709 1361 impie
2736 1290 3027 1345 lacessitus
3079 1297 3197 1345 erat
3228 1289 3485 1345 Christus

1903 1383 2162 1448 ostendit,
2193 1383 2355 1454 idque
2381 1384 2706 1450 clarissime,
2741 1397 2867 1438 cum
2904 1381 3000 1445 ait,
3034 1397 3092 1437 se
3119 1381 3268 1451 diligi
3319 1382 3485 1452 222

1903 1488 1932 1526 a
1963 1472 2145 1528 Patre.
2175 1470 2310 1525 Nam
2342 1473 2387 1527 si
2417 1471 2579 1526 Pater
2605 1469 3017 1542 diligitFilium,
3060 1468 3253 1537 utique
3282 1484 3398 1522 non
3424 1483 3487 1523 se

1904 1564 2323 1617 contristantem
2341 1562 2538 1634 diligit,
2576 1562 2671 1618 sed
2704 1562 3100 1616 exhilarantem
3122 1560 3329 1630 potius,
3360 1576 3487 1631 pro-

1901 1659 2021 1721 pter
2043 1666 2105 1706 ea
2135 1667 2256 1722 quae
2296 1650 2427 1705 facit
2454 1661 2507 1706 et
2544 1659 2822 1722 operatur.
2868 1649 3094 1706 Frustra
3137 1652 3319 1721 itaque
3364 1666 3490 1719 per-

1902 1752 2207 1812 sequuntur
2238 1760 2385 1810 cum,
2415 1744 2563 1814 quod
2604 1745 2659 1798 in
2707 1743 2950 1798 Sabbato
2981 1744 3232 1798 misereri
3269 1758 3378 1797 non
3397 1757 3487 1798 re-

1900 1844 2075 1903 cusct,
2111 1845 2166 1893 et
2196 1836 2289 1893 Dei
2323 1851 2387 1891 ac
2425 1836 2609 1892 Patris
2660 1837 2880 1906 placitis
2925 1849 3234 1905 repugnare
3274 1835 3486 1888 idcirco

1896 1922 2396 1993 deprehenduntur.
2442 1923 2771 1979 Existimant
2801 1924 2947 1979 enim
2995 1924 3122 1978 odio
3169 1923 3485 1977 habendum

1898 2028 2059 2082 quem
2094 2014 2214 2085 ipse
2246 2015 2455 2086 diligit;
2495 2014 2846 2070 manifestum
2868 2024 2951 2069 est
2978 2026 3165 2070 autem
3199 2016 3344 2085 quod
3371 2030 3485 2070 non

1897 2108 2183 2163 dilexisset
2240 2124 2388 2173 eum,
2447 2107 2627 2164 Patris
2659 2110 2743 2164 sui
2790 2108 3124 2163 voluntatem
3160 2119 3485 2181 prmtergre-

1896 2200 2159 2265 dientem,
2194 2204 2247 2255 et
2277 2202 2507 2257 seorsim
2524 2200 2669 2270 quod
2693 2200 2794 2255 sibi
2817 2201 3027 2270 placeat
3048 2215 3206 2272 agere
3237 2202 3480 2258 solitum.

1899 2289 2004 2345 Sed
2037 2305 2161 2344 cum
2190 2292 2312 2361 jure
2340 2292 2550 2364 diligat,
2584 2292 2862 2346 consentit
2902 2292 3162 2345 nimirum
3206 2298 3261 2346 et
3318 2292 3483 2345 simul
3523 2328 3527 2331 -

1898 2379 2092 2438 annuit
2121 2383 2256 2438 solvi
2283 2382 2604 2447 Sabbatum,
2630 2383 2877 2453 nihilque
2898 2384 3100 2439 habere
3114 2384 3482 2447 denionstrat,

1900 2474 1972 2528 ob
2004 2476 2149 2543 quod
2187 2475 2335 2531 Deus
2367 2475 2501 2545 legis
2534 2473 2940 2544 Dominusjure
2972 2475 3305 2545 indignetur.

207 2532 386 2637 λονότι
449 2538 544 2637 καὶ
605 2543 999 2637 συγκατανεύει
1024 2545 1119 2598 τοῦ
1153 2546 1434 2601 Σαϐϐάτου
1474 2549 1573 2620 τὴν
1624 2532 1796 2620 λύσιν,
1834 2561 1928 2612 καὶ
1966 2532 2119 2619 οὐδὲν
2152 2564 2383 2637 ἔχουσαν
2407 2532 2934 2634 ἔπιδεικνύειτὸνὲᾷ
2988 2532 3142 2635 ᾧπέρ
3163 2563 3229 2618 ἂν
3255 2563 3480 2626 εἰκότως

210 2628 591 2700 ἀγανακτῆσαι
624 2634 756 2698 Θεὸς
782 2638 809 2689 ὁ
831 2637 925 2690 τοῦ
957 2638 1122 2708 νόμου
1147 2638 1372 2711 Κύριος.

279 2723 391 2777 Καὶ
415 2725 609 2781 πάντα
638 2727 952 2784 δείκνυσιν
980 2732 1161 2799 αὐτῷ,
1193 2733 1232 2789 d
1254 2738 1439 2805 αὐτὸς
1467 2740 1645 2794 ποιεῖ,

294 2815 629 2881 Ἀναγκαίως
673 2820 766 2871 καὶ
806 2821 979 2874 ταῦτα
1006 2826 1118 2886 τοῖς
1158 2827 1520 2898 προλαϐοῦσιν
1574 2833 1789 2901 ἐπάγει,

207 2905 305 2958 καὶ
322 2905 410 2958 διὰ
438 2906 595 2960 ποίαν
619 2909 819 2976 αἰτίαν,
857 2912 967 2982 ἐρῶ
991 2914 1053 2985 δὴ
1082 2916 1259 2971 πάλιν.
1282 2920 1524 2991 Πατέρες
1555 2923 1653 2993 μὲν
1681 2927 1791 2997 γὰρ

205 2997 257 3048 οἱ
286 2998 418 3066 παρ’
447 2999 597 3067 ἡμῖν,
636 3005 898 3068 φυσικαῖς
930 3004 1042 3058 ἐσθ’
1064 3007 1152 3059 ὅτε
1172 3008 1578 3081 φιλοστοργίαις
1614 3012 1790 3080 ἡττώ-

209 3102 386 3155 μενοι,
416 3090 511 3141 καὶ
555 3088 868 3147 λυπούντων
906 3095 1187 3166 ἀνέχονται
1221 3100 1329 3154 τῶν
1364 3102 1517 3168 υἱῶν,
1555 3108 1647 3157 καὶ
1677 3110 1790 3171 τοῖς

205 3180 361 3247 παρὰ
389 3180 614 3252 γνώμην
654 3185 1058 3256 ἐπιχειροῦντες
1100 3190 1349 3260 δρῶντας
1402 3194 1785 3258 ἁνεξικακοῦσι

206 3269 490 3333 πολλάκις.
522 3275 728 3343 Δριμὺς
740 3276 846 3348 γάρ
868 3294 950 3340 τις
980 3258 1161 3343 αὐτοῖς
1180 3284 1347 3353 ὁπερὶ
1378 3287 1574 3349 παῖδας
1595 3288 1789 3359 ὲνῴκι-
1817 3258 1860 3319 C

208 3377 334 3414 σται
369 3362 742 3426 πόθος,πᾶσαν
762 3369 1071 3423 ἀναπείθων
1102 3372 1199 3443 τὴν
1216 3374 1305 3425 ἐπ’
1333 3375 1561 3441 ἐκείνοις
1597 3396 1789 3451 μικρο-

206 3452 414 3522 ψυχίαν
451 3455 809 3512 πλεονεκτεῖν.
859 3459 998 3513 Ἀλλ’
1036 3462 1133 3531 οὐχ
1166 3462 1360 3529 οὕτως,
1392 3467 1575 3537 φησιν,
1602 3470 1791 3542 ἀγαπᾷ

208 3542 303 3595 τὸν
332 3543 506 3600 Υἱὸνὸ
529 3545 660 3611 Θεὸς
689 3548 785 3602 καὶ
801 3550 1011 3622 Πατήρ.
1041 3552 1115 3605 υὺ
1138 3552 1360 3608 δύναται
1385 3559 1492 3627 γάρ
1518 3576 1571 3611 τι
1597 3563 1787 3628 ποιεῖν,

204 3631 234 3685 ὃ
267 3634 342 3703 μὴ
403 3635 645 3704 πέφυκεν
691 3638 1019 3709 ἐργάζεσθαι
1053 3645 1147 3696 καὶ
1198 3647 1364 3710 αὐτός
1388 3668 1400 3679 ο
1436 3650 1512 3713 ὡς
1567 3650 1624 3704 δὲ
1659 3652 1787 3721 μίαν

204 3722 347 3793 ἔχων
377 3726 512 3796 πρὸς
534 3729 695 3783 αὑτὸν
734 3730 833 3802 τὴν
867 3733 1074 3801 οὐσίαν,
1106 3742 1358 3805 φυσικοῖς
1392 3758 1557 3807 τισιν,
1600 3745 1666 3796 ἵν’
1694 3744 1786 3798 οὒ-

202 3829 314 3877 τως
343 3814 603 3886 εἴπωμεν,
653 3820 837 3891 νόμοις
882 3823 1018 3894 πρὸς
1067 3826 1486 3897 ἀπαράλλακτον
1540 3834 1785 3889 καλεῖται

203 3901 423 3996 θέλησιν
453 3922 511 3958 τε
551 3909 644 3961 καὶ
679 3909 930 3981 δύναμιν.
963 3914 1128 3969 Οὐδὲν
1165 3912 1259 3971 οὖν
1290 3919 1416 3989 ἄρα,
1447 3922 1602 3992 φησὶ,
1630 3925 1783 3996 παρά

199 3994 263 4047 τὺ
295 3996 373 4065 τῷ
399 3999 605 4053 τεκόντι
652 4001 839 4056 δοκοῦν
898 4006 931 4074 ἢ
992 4007 1197 4076 πρέπον
1226 4012 1253 4062 ὁ
1300 4010 1427 4073 Υἱὸς
1470 3994 1780 4083 ἐργάζεται,

385 4086 483 4155 τῆς
533 4088 625 4142 τοῦ
670 4092 883 4163 [ἰατρὸς
928 4095 1148 4167 ἀγάπης
1217 4105 1779 4175 καταπερπερεύεται,

202 4173 516 4240 φιλότεκνός
538 4195 622 4241 τις
652 4177 764 4251 [ton
792 4182 1101 4254 φιλότεκνός
1134 4186 1240 4259 τις]
1295 4173 1554 4260 ὑπάρχων
1586 4196 1644 4248 ὲν
1668 4173 1781 4261 τοῖς

198 4262 385 4359 ἔργοις
424 4268 519 4359 καὶ
540 4268 767 4341 ὲξήνιος·
796 4273 911 4326 ἀλλ’
942 4268 1125 4347 ὧνπερ
1163 4277 1293 4332 ὄντα
1325 4264 1577 4338 Θεάσαιτο
1620 4302 1783 4359 ποιη-

197 4353 323 4422 τὴν,
349 4353 425 4417 ὡς
465 4357 521 4409 ὲν
543 4359 772 4425 ἐννοίαις
789 4362 846 4417 δὲ
863 4365 1043 4428 πάλιν,
1059 4367 1231 4422 ταῦτα
1247 4369 1310 4442 δὴ
1338 4373 1510 4427 πάντα
1544 4353 1783 4432 ἐπιτελεῖ

196 4446 264 4514 τῇ
297 4447 587 4538 ταυτότητι
618 4452 717 4521 τῆς
763 4455 974 4521 οὐσίας,
996 4460 1075 4521 είς
1103 4461 1165 4513 τὸ
1207 4461 1458 4534 μηδαμοῦ
1505 4470 1779 4538 παρεκπε-

1976 2743 2038 2807 V,
2076 2743 2167 2797 20.
2214 2742 2279 2796 Et
2321 2742 2499 2797 omm‘a
2518 2742 2857 2796 demonstrat
2888 2742 2935 2795 ei
2965 2757 3080 2810 quae
3110 2741 3220 2809 ipse
3240 2742 3393 2810 facit.

1969 2836 2294 2891 Necessario
2360 2834 2475 2889 haec
2538 2832 2692 2887 addit
2747 2848 2966 2903 quoque
3017 2832 3477 2901 praecedentibus,

1892 2945 2056 3001 quam
2082 2938 2262 2984 autem
2309 2928 2381 2982 ob
2429 2941 2675 2989 causam,
2734 2925 2911 2981 dicam
2965 2924 3165 2981 denuo.
3212 2923 3477 2981 Parentes

1894 3022 2069 3077 nostri
2093 3020 2327 3075 naturali
2360 3034 2545 3074 amore
2598 3018 2728 3073 victi
2762 3018 3094 3089 quandoque
3132 3017 3276 3074 filios
3302 3019 3476 3077 mole-

1896 3122 2011 3169 stos
2052 3112 2256 3176 ferunt,
2290 3117 2345 3166 et
2406 3109 2727 3180 praefractus
2762 3116 2930 3179 atque
2959 3109 3335 3166 inobedientes
3361 3125 3475 3166 sa-

1894 3218 2190 3274 penumero
2217 3202 2518 3272 patiuntur.
2554 3199 3030 3257 Insitumeisenim
3063 3207 3150 3256 est
3177 3205 3471 3259 vehemens

1892 3310 2021 3365 erga
2051 3294 2253 3349 liberos
2292 3291 2557 3355 studium,
2610 3291 2758 3361 quod
2827 3305 2923 3347 eos
2963 3291 3134 3362 adigit
3184 3300 3243 3346 ut
3296 3292 3468 3347 animi

1893 3384 2201 3455 angustiam
2273 3389 2553 3453 superent.
2597 3382 2706 3438 Sed
2758 3396 2869 3437 non
2902 3384 2983 3438 sic
3014 3381 3235 3449 Filium,
3268 3383 3468 3454 inquit,

1894 3477 2040 3532 Deus
2095 3490 2161 3530 ac
2199 3473 2358 3530 Pater
2418 3473 2614 3544 diligit.
2666 3471 2811 3526 Nihil
2849 3472 2996 3528 enim
3040 3472 3225 3527 facere
3262 3481 3466 3543 potest,

1892 3566 2039 3636 quod
2065 3580 2176 3620 non
2217 3564 2335 3634 ipse
2356 3578 2577 3635 quoque
2607 3560 2771 3617 Pater
2798 3570 3055 3631 operetur
3080 3578 3095 3627 ;
3126 3575 3251 3615 cum
3281 3568 3467 3615 autem

1892 3671 2055 3711 unam
2124 3655 2322 3710 habeat
2353 3668 2478 3709 cum
2525 3652 2648 3721 ipso
2672 3650 3061 3713 substantiam,
3096 3657 3307 3705 naturae
3339 3650 3467 3720 qui~

1890 3745 2143 3813 busdam,
2202 3753 2262 3798 ut
2301 3745 2376 3798 ita
2426 3742 2699 3807 dicamus,
2740 3741 2948 3811 legibus
2976 3740 3043 3796 ad
3085 3741 3332 3797 eamdem
3368 3757 3467 3811 per

1889 3840 2073 3893 omnia
2104 3847 2331 3891 vocatur
2361 3836 2693 3889 voluntatem
2717 3847 2781 3886 ac
2806 3831 3082 3886 virtutem.
3102 3831 3253 3886 Nihil
3272 3833 3460 3902 igitur,

1890 3926 2091 3995 inquit,
2121 3933 2485 3995 praeterquam
2512 3926 2655 3993 quod
2681 3921 2928 3977 Geuitori
2952 3921 3219 3991 placuerit
3245 3930 3340 3983 aut
3368 3920 3463 3977 de-

1889 4021 2030 4080 ceat,
2049 4014 2220 4074 Filius
2249 4020 2529 4084 operatur,
2566 4016 2749 4079 neque
2774 4010 3038 4066 adversus
3070 4010 3249 4065 Patris
3276 4010 3462 4065 chari-

1888 4112 2053 4179 tatem
2069 4105 2181 4175 agit
2195 4117 2498 4173 perperam,
2527 4102 2812 4157 ambitiosa
2832 4100 3095 4170 cperandi
3116 4098 3462 4157 affectatione

1885 4206 1939 4250 et
1973 4195 2321 4249 contumacia
2351 4194 2483 4261 ;sed
2519 4208 2639 4264 quae
2671 4207 2795 4249 eum
2841 4192 3136 4250 facientem
3177 4193 3461 4249 intellectu

1885 4286 2054 4352 videt,
2084 4286 2200 4341 haec
2231 4285 2420 4355 utique
2459 4286 2717 4339 universa
2745 4282 2975 4353 perlicit,
3008 4297 3133 4338 cum
3164 4283 3235 4338 ob
3264 4282 3463 4338 identi-

1884 4384 2050 4431 tatem
2078 4377 2401 4432 substantiae
2425 4390 2696 4445 nusquam
2726 4375 2795 4429 ab
2815 4388 2883 4429 eo
2911 4375 3059 4445 quod
3077 4372 3186 4429 Deo
3205 4375 3463 4430 convenit

1883 4468 2136 4524 excidere
2158 4476 2341 4541 queat.
2374 4465 2565 4521 Omnis
2602 4465 2752 4521 enim
2796 4464 3121 4520 mutationis
3170 4472 3224 4520 et
3263 4466 3464 4521 altera-

197 4552 357 4646 ππειν
386 4537 449 4646 τὸ
475 4540 613 4646 Θεῷ.
640 4546 847 4646 πρξπον
884 4547 1362 4621 διακρατούμενος.
1409 4537 1629 4628 Τροπῆς
1671 4564 1779 4633 γὰρ

1891 4563 2052 4618 tionis
2082 4537 2409 4632 est—expers,
2440 4560 2535 4615 sed
2565 4566 2750 4613 manet
2781 4557 2923 4613 idem
2949 4572 3195 4628 semper,
3220 4566 3279 4612 ut
3308 4555 3463 4612 Psal-

194 4627 298 4693 τῆς
319 4627 478 4681 ὲπίτι
530 4631 623 4683 κα¹ι
652 4633 988 4702 ἀλλοιώσεως
1012 4640 1259 4713 ἀμοιρεῖ·
1289 4646 1438 4715 μένει
1463 4627 1528 4702 δὲ
1545 4627 1594 4703 ὀί
1612 4627 1774 4717 αὐτὸς

1891 4653 2046 4709 mista
2088 4627 2576 4707 canit-alicubi“.
2630 4650 2985 4705 Demonstrat
3035 4627 3217 4704 autem
3268 4662 3462 4705 rursus

195 4716 578 4786 ἀδιαλείπτως,
606 4723 681 4788 ὡς
710 4728 738 4779 6
789 4728 1093 4801 Ψαλμῳδός
1126 4736 1227 4788 πού
1275 4754 1426 4807 φησι.
1449 4741 1691 4797 Δεικνύει

194 4808 359 4905 πάλιν
382 4812 409 4862 ὁ
435 4812 624 4905 ξῑατὴρ
639 4817 717 4888 τῷ
754 4820 890 4889 Υίῷ,
928 4822 964 4875 ἃ
985 4824 1145 4889 αὐτὸς
1178 4831 1340 4893 ποιεῖ,
1353 4831 1414 4883 οὐ
1444 4832 1695 4905 καθάπερ
1714 4836 1770 4889 ὲν

192 4898 388 4990 πίνακι
434 4900 885 4977 διαγεγραμμένα
930 4914 1272 4982 παρατιθεὶς,
1306 4918 1337 4988 ἢ
1375 4920 1451 4983 ὼς
1474 4898 1770 4990 ἀγνοοῦντα

190 4986 461 5043 διδάσκων
485 4993 681 5060 (πάντα
701 4997 808 5068 γὰρ
834 4995 974 5053 οἶδεν
1002 5002 1087 5066 ὡς
1104 5004 1280 5075 Θεὸς),
1309 4986 1423 5061 ἀλλ’
1444 4986 1565 5064 ὅλον
1579 5012 1769 5066 ἑαυτὸν

188 5080 249 5133 ὲν
278 5085 347 5154 τῇ
380 5084 473 5137 τοῦ
496 5086 837 5161 Γεννήματος
859 5095 1020 5164 φύσει
1043 5099 1370 5171 ζωγραφῶν,
1414 5105 1506 5157 καὶ
1520 5104 1590 5157 τὰ
1621 5105 1767 5169 ἰδίως

188 5171 343 5264 αὕτῷ
375 5183 798 5249 προσπεφυκότα
854 5185 1115 5244 δεικνύων
1136 5192 1194 5245 ὲν
1235 5193 1434 5264 ἐαυτῷ,
1464 5195 1551 5249 ἵνα
1598 5196 1658 5260 ἐξ
1692 5190 1767 5251 ὧν

187 5262 355 5325 αὐτὸς
381 5265 613 5338 ὑπάρχει
642 5273 736 5326 καὶ
759 5276 1027 5345 φαίνεται,
1053 5283 1296 5346 ποταπὸς
1315 5302 1373 5337 τε
1386 5262 1487 5337 καὶ
1516 5286 1598 5350 τίς
1623 5289 1781 5353 κατά,

186 5359 352 5419 φύσιν
404 5355 551 5411 ἐστὶν
596 5361 762 5435 εἰδείη
820 5367 911 5421 τὸν
950 5371 1272 5443 Γεννήτορα.
1311 5377 1409 5431 Διά
1452 5378 1559 5447 γὰρ
1600 5379 1759 5433 τοῦτό

185 5458 353 5509 φησιν
384 5448 411 5497 ὀ
434 5448 686 5520 Χριστὸς,
736 5455 810 5520 ὼς
835 5475 854 5510 ι
898 5461 1084 5526 Οὐδεὶς
1122 5465 1380 5532 γινώσκει
1430 5470 1512 5533 τίς
1554 5472 1700 5525 ἐστιν
1731 5473 1760 5525 ὁ

184 5533 333 5631 ἴῖῑὺς,
364 5537 414 5589 εί
436 5539 512 5611 μὴ
530 5543 558 5594 ό
581 5544 788 5617 Πατὴρ,
811 5551 931 5605 οὐδὲ
944 5554 1035 5608 τδν
1053 5556 1267 5631 Πατέρα
1293 5578 1375 5624 τις
1387 5563 1758 5631 ἐπιγινώσκει,

180 5628 267 5692 τίς
295 5632 464 5697 ἐστιν,
494 5635 543 5687 εί
576 5637 649 5707 μὴ
675 5640 703 5691 ὁ
734 5641 877 5705 Υἱός.
904 5646 1093 5701 Κεῖται
1116 5628 1223 5721 γὰρ
1250 5651 1308 5705 ἐν
1337 5628 1537 5722 ἀμφοῖν
1563 5656 1595 5725 ἡ
1630 5628 1762 5709 ὲκαξ

252 5807 300 5839 ⁸⁸
331 5808 480 5867 Psal.
514 5829 589 5878 cn,
620 5830 739 5871 cun.

510 5904 785 5969 PATROL.
829 5909 942 5971 Gn.
976 5911 1229 5975 LXXIII.

1883 4744 2043 4799 I‘ater
2094 4743 2230 4799 Filio
2274 4758 2397 4814 quae
2444 4744 2561 4814 ipse
2589 4741 2744 4805 facit,
2790 4754 2899 4795 non
2930 4739 3354 4809 quasidepicta
3403 4738 3461 4792 in

1882 4835 2083 4890 tabulis
2131 4842 2422 4906 proponat,
2470 4818 2563 4888 aut
2622 4832 2779 4902 quasi
2841 4831 3036 4887 doceat
3092 4832 3459 4902 ignorantem,

1880 4934 2075 4981 cuncta
2102 4927 2249 4980 enim
2283 4927 2456 4992 novit,
2491 4934 2550 4980 ut
2578 4924 2751 4991 Deus;
2776 4923 2871 4979 sed
2902 4925 3149 4994 seipsum
3188 4930 3363 4977 totum
3402 4921 3461 4976 in

1879 5017 2185 5073 Geniminis
2212 5024 2410 5072 natura
2444 5018 2785 5086 exprimens,
2813 5023 2869 5071 et
2887 5028 3232 5086 quascunque
3254 5014 3307 5070 ei
3330 5028 3461 5083 pro-

1876 5110 1994 5178 prie
2044 5108 2255 5172 insunt,
2303 5108 2361 5161 in
2417 5106 2599 5177 seipso
2621 5107 3029 5168 demonstrans,
3060 5111 3119 5159 ut
3156 5101 3459 5173 exquibus

1877 5202 1993 5270 ipse
2042 5209 2127 5255 est
2170 5208 2227 5256 et
2253 5207 2498 5271 apparet,
2516 5200 2740 5270 quinam
2788 5205 2839 5253 et
2865 5202 3111 5267 quantus
3148 5194 3453 5252 secundum

1876 5301 2126 5347 naturam
2148 5291 2222 5349 sit
2249 5291 2431 5357 Pater,
2469 5298 2753 5362 agnoscat.
2780 5287 2992 5345 Idcirco
3026 5289 3175 5344 enim
3203 5286 3457 5343 Christus

1875 5383 1970 5451 ait,
1988 5383 2127 5455 quod
2138 5382 2340 5440 «Nemo
2355 5384 2505 5440 novit
2522 5384 2683 5455 223
2699 5384 2825 5454 quls
2840 5383 2913 5439 sit
2928 5380 3120 5447 Filius,
3139 5380 3244 5436 nisi
3258 5378 3444 5442 Pater;

1871 5490 2047 5546 neque
2073 5474 2289 5532 Patrem
2316 5477 2440 5547 quis
2472 5480 2623 5533 novit
2665 5476 2789 5547 quis
2818 5476 2910 5541 sit,
2939 5474 3043 5530 nisi
3069 5471 3281 5528 Filius?
3310 5490 3330 5524 ι
3354 5465 3454 5525 Est

1871 5571 2016 5625 enim
2052 5571 2108 5625 in
2160 5579 2393 5643 utroque
2424 5574 2712 5643 utriusque
2742 5569 3005 5642 cognitio,
3039 5583 3147 5625 non
3176 5568 3451 5628 doctrina,

1875 5658 1972 5714 sed
2017 5667 2213 5715 natura
2267 5668 2363 5718 :et
2396 5662 2545 5719 videt
2606 5661 2827 5733 quidem
2877 5659 3023 5717 Deus
3062 5672 3126 5713 ac
3179 5655 3358 5723 Pater,
3390 5653 3449 5710 in

3053 5926 3127 5993 12
