4206 6510
723 411 828 465 383

724 620 930 676 Idcirco
960 626 1033 674 ait
1060 641 1072 675 :
1106 639 1123 672 ι
1160 620 1270 690 Ego
1298 620 1350 672 in
1381 618 1562 683 Patre,
1591 630 1643 671 et
1674 617 1833 671 Pater
1862 618 1915 670 in
1950 634 2035 671 me
2056 628 2151 672 est
2182 620 2247 669 ".
2276 639 2295 671 υ

723 706 859 761 111υά
888 716 1091 770 autem.
1128 708 1298 761 videre
1324 716 1377 761 et
1428 708 1612 767 videri,
1655 704 1763 760 Deo
1795 708 2183 761 convenienter
2214 708 2301 762 hic

723 814 918 855 rursus
947 799 1272 869 capiendum
1308 809 1414 853 est.

794 1067 834 1119 ν
858 1109 873 1133 ,
909 1068 999 1124 ΞΟ.
1047 1068 1110 1122 Ει
1140 1069 1345 1136 majora
1380 1068 1461 1121 his
1500 1068 1883 1123 demonstrabit
1923 1072 1970 1123 ei
2010 1086 2166 1136 Opera
2190 1110 2204 1133 ,
2245 1082 2301 1123 ut

721 1178 810 1215 vos
837 1161 1120 1215 miremini.

795 1254 851 1308 In
896 1253 1275 1323 superioribus
1310 1252 1684 1306 rcfertbcalus
1719 1254 2049 1323 evangelista
2080 1253 2302 1309 ,Ιυιίαιοε

722 1344 911 1399 Jesum
960 1343 1403 1398 interficiendum
1440 1358 1714 1412 quaerere,
1762 1344 2019 1412 quoniam
2064 1359 2171 1398 non
2208 1360 2299 1397 so-

722 1440 833 1491 ium
859 1438 1102 1492 solvebat
1151 1435 1488 1499 Sabbatum,
1540 1435 1635 1490 sed
1682 1443 1735 1489 et
1761 1434 1977 1487 Patrem
2023 1450 2183 1489 suum
2217 1436 2300 1489 di-

721 1527 879 1581 cebat
900 1526 1089 1589 Deum,
1116 1528 1378 1594 :equalem
1410 1527 1653 1593 seipsum
1686 1524 1893 1578 faciens
1927 1525 2035 1580 Deo
2070 1526 2165 1578 δυ’.
2195 1528 2301 1581 Ac-

722 1619 1058 1671 cusalionem
1094 1618 1259 1688 igitur
1280 1617 1467 1670 violati
1505 1616 1730 1671 Sabbati
1763 1617 2024 1672 refutavit
2051 1657 2065 1682 ,
2109 1627 2300 1672 osten-

720 1711 859 1764 dens
902 1710 1081 1779 ipsum
1127 1724 1351 1778 quoque
1392 1708 1607 1762 Patrem
1657 1710 1873 1777 operari
1930 1709 1982 1761 in
2028 1708 2299 1774 Sabbato,

722 1805 884 1873 longa
944 1804 999 1856 in
1055 1803 1106 1856 id
1156 1803 1407 1856 oratione
1449 1809 1793 1871 consumpta.
1831 1800 2073 1855 Conatur
2120 1810 2300 1856 autem

1714 408 1768 462 S.
1810 407 2089 462 CYRILLI
2124 404 2598 465 ALEXANDRINI
2638 410 2963 470 ARCIIIEP.

722 533 907 601 scipso
930 528 1149 595 Filium,
1179 544 1242 583 ac
1276 529 1512 583 vicissim
1543 526 1713 580 Filius-
1756 528 1810 579 iu
1859 528 2043 596 sripso
2064 526 2299 582 Patrem.

2410 529 2575 599 τέρου
2607 530 2808 596 γνῶσις
2835 531 2893 582 οὑ
2944 529 3227 593 διδακτῶς,
3268 531 3402 583 ἀλλα
3452 531 3694 600 φυσικῶς
3716 547 3728 560 ·

3889 416 3988 467 364

3772 550 3868 585 και
3898 554 3994 602 ορᾳ

2409 620 2702 690 μένόθεὸς
2726 622 2819 673 καὶ
2846 622 3036 690 Πατὴρ
3078 624 3135 673 ἐν
3181 622 3359 691 ἑαυτῴ
3389 623 3477 674 τὸν
3512 622 3660 687 Υἰὸν,
3704 625 3808 693 ὁρᾷ
3840 625 3896 676 δὲ
3930 623 3991 678 αὖ

2405 713 2566 765 πάλιν
2611 714 2639 764 6
2690 712 2814 775 Υἱὸς
2860 715 2918 766 ἐν
2964 712 3140 782 ἑαυτῷ
3172 712 3261 764 τὸν
3318 714 3556 782 Πατέρα.
3583 714 3683 765 Διά
3714 732 3796 766 τοι
3838 715 3993 767 τοῦτό

2406 820 2590 872 φησιν’
2640 802 2779 871 Ἐγὼ
2803 804 2861 856 ἐν
2898 804 2977 872 τῷ
3005 803 3198 873 Πατρὶ,
3224 806 3317 855 καὶ
3339 806 3365 856 6
3396 804 3581 873 Πατὴρ
3613 808 3669 857 ἐν
3701 807 3825 875 ἐμοί
3857 810 3989 861 ἐστι.

2404 897 2477 950 Τὸ
2505 898 2559 950 δὲ
2591 894 2738 965 ὀρᾷν
2754 912 2834 960 τε,
2858 897 2948 947 καὶ
2972 894 3245 963 ὁρᾶσθαι,
3271 894 3436 947 πάλιν
3460 897 3516 947 ἐν
3538 895 3748 960 τούτοις
3767 899 3995 951 νοείσθω

2406 988 2753 1057 θεοπρεπῶς.

2474 1080 2584 1133 Καὶ
2598 1078 2837 1148 μείζονα
2860 1078 3082 1131 τούτων
3109 1079 3251 1147 ἔργα
3276 1078 3455 1143 δείξει
3482 1077 3643 1142 αὐτῷ
3666 1120 3680 1144 ,
3703 1080 3805 1132 ἵνα
3826 1077 3994 1146 ὑμεῖς

2405 1168 2752 1239 θαυμάζητε.

2488 1261 2575 1313 Ἐν
2601 1263 2714 1323 τοῖς
2735 1260 2992 1331 ἀνωτέρω
3017 1258 3224 1327 φησὶνό
3256 1259 3543 1328 Μακάριος
3573 1254 3989 1324 εὑαγγελιστὴς,

2404 1351 2477 1413 ὡς
2513 1353 2738 1422 ἐζήτουν
2779 1352 2828 1403 οί
2873 1350 3113 1402 Ἰουδαῖοι
3154 1348 3245 1402 τὸν
3288 1348 3495 1417 Ἰησοῦν
3527 1349 3870 1405 ἀποκτεῖναι,
3910 1347 3991 1397 ὅτι

2404 1442 2463 1492 οὐ
2507 1440 2664 1510 μόνον
2709 1440 2831 1493 ἔλυε
2864 1441 2926 1493 τὸ
2977 1439 3273 1502 Σάὀϐατον,
3300 1438 3434 1491 ἀλλὰ
3484 1438 3578 1490 καὶ
3609 1439 3828 1506 Πατέρα
3861 1438 3990 1490 ἰδίει

2405 1530 2556 1598 ἔλεγε
2586 1530 2677 1582 τὸν
2702 1529 2869 1591 Θεὸν,
2910 1531 3023 1582 ἴσον
3054 1528 3243 1581 ἐαυτὸν
3271 1527 3437 1578 ποιῶν
3464 1526 3541 1595 τῷ
3572 1526 3708 1593 Θεῷ.
3749 1526 3860 1594 Τὴν
3896 1526 3991 1593 μὲν

2404 1616 2496 1671 οῦν
2534 1620 2625 1671 ἐπὶ
2658 1619 2736 1689 τῷ
2763 1618 3023 1689 Σαὸϐἆτῳ
3063 1618 3400 1686 κατηγορίαν
3432 1616 3860 1680 ἀπεσκευάζετο,
3898 1620 3990 1669 καὶ

2405 1710 2566 1763 αὐτὸν
2615 1710 2920 1772 ἐπιδεικνὺς
2950 1709 3171 1777 ἐνεργὸν
3216 1711 3272 1761 ἐν
3316 1708 3579 1777 Σασὸἀτῳ
3624 1709 3713 1759 τὸν
3747 1709 3988 1777 Πατέρα.

2404 1802 2499 1853 καὶ
2528 1801 2741 1871 μακρὸν
2775 1801 2866 1853 ἐπί
2905 1800 3082 1869 τούτῳ
3108 1798 3531 1869 προσαναλώσας
3568 1798 3742 1866 λόγον.
3776 1799 3901 1851 Ὀτι
3934 1798 3992 1851 δέ

722 1895 1103 1948 demonsuare
1144 1894 1310 1947 etiam
1345 1893 1601 1962 quamvis
1635 1900 1859 1963 propter
1895 1907 1996 1947 nos
2035 1892 2198 1947 homo
2232 1893 2299 1947 sit

2409 1895 2555 1947 ἐστιν
2590 1896 2647 1946 ὲν
2689 1894 2893 1961 ἰσότητι
2922 1895 2986 1962 τῇ
3018 1891 3157 1963 πρὸς
3185 1891 3274 1944 τὸν
3304 1891 3545 1961 Πατέρα,
3582 1892 3677 1943 καὶ
3704 1890 3990 1960 ἄνθρωπος

723 1986 938 2049 factus,
980 1986 1245 2055 aequalem
1288 1995 1469 2039 tamen
1507 2001 1631 2039 esse
1664 1984 1832 2038 Patri.
1875 1984 1986 2039 lloc
2030 1985 2175 2039 enim
2212 1986 2303 2041 di-

720 2080 953 2135 cendum
991 2080 1251 2134 restabat.
1281 2078 1514 2147 Ideoque
1540 2080 1650 2131 ait:
1681 2098 1696 2128 ι
1725 2078 1931 2147 Majora
1956 2078 2040 2133 his
2070 2081 2302 2133 demon-

722 2175 921 2229 strabit
944 2174 991 2227 ei
1016 2187 1178 2243 opera
1199 2211 1213 2235 ,
1240 2178 1301 2223 ut
1330 2185 1425 2225 vos
1456 2169 1748 2224 miremini.
1779 2189 1796 2220 ι
1828 2171 1894 2223 At
1922 2169 2053 2238 quid
2082 2183 2299 2224 rursum

723 2268 809 2323 liis
842 2266 1021 2321 verbis
1051 2263 1156 2319 sibi
1185 2264 1341 2317 vult?
1377 2261 1618 2319 Sanatus
1646 2271 1729 2317 est
1752 2302 1766 2327 ,
1801 2262 2011 2331 inquit,
2042 2262 2303 2332 paralyti-

721 2374 854 2422 cus,
908 2358 1131 2428 triginta
1179 2365 1233 2412 et
1269 2364 1394 2410 octo
1434 2369 1610 2409 annos
1647 2354 1855 2409 habens
1891 2355 1945 2408 in
1984 2353 2303 2409 inﬁrmitate

722 2467 843 2507 sua.
872 2452 935 2506 Et
965 2452 1101 2505 mira
1128 2460 1213 2505 est
1244 2463 1377 2504 sane
1402 2446 1583 2501 virtus
1612 2445 1737 2512 ejus
1766 2446 1858 2514 qui
1891 2446 2139 2512 sanavit,
2164 2446 2302 2499 divi-

671 2542 681 2551 ’
721 2560 903 2615 naque
937 2543 1095 2612 plane
1136 2548 1403 2612 potestas.
1436 2536 1542 2593 Sed
1586 2547 1694 2592 tam
1738 2536 2075 2590 mirabilium
2114 2551 2298 2591 rerum

724 2644 1053 2707 patratorem
1081 2678 1094 2701 ,
1129 2650 1289 2690 nemo
1324 2646 1473 2687 sana:
1500 2632 1699 2686 mentis
1720 2670 1733 2695 ,
1766 2630 1983 2699 opinor,
2014 2629 2303 2699 reprelien-

719 2729 883 2794 derit,
920 2743 981 2782 se
1017 2726 1348 2781 Deumresse
1377 2723 1686 2788 dicentem,
1718 2728 1772 2773 et
1806 2720 1934 2789 quia
1965 2716 2143 2775 Filius
2176 2726 2296 2784 est,

717 2837 818 2891 per
849 2820 1036 2875 omnia
1072 2817 1219 2872 ΡΜίί
1261 2815 1550 2887 aequalem.
1593 2813 1867 2880 Quoniam
1904 2820 2085 2868 autem
2123 2812 2298 2882 pessi-

717 2926 812 2965 me
839 2925 903 2965 ac
933 2909 1261 2976 stultissime
1294 2904 1605 2971 sentiendo,
1638 2906 1834 2974 inquit,
1865 2915 2085 2973 propter
2106 2904 2299 2974 fragile

721 3007 826 3057 hoc
863 3015 1065 3070 corpus
1112 2997 1600 3061 scandalizamini,
1651 2998 1967 3051 necessario
2008 2996 2294 3052 sciendum

696 3090 875 3146 'vobis
904 3097 1011 3155 est,
1039 3089 1185 3142 hunc
1221 3102 1328 3142 non
1367 3086 1483 3141 fore
1512 3086 1803 3155 potestatis
1827 3098 1891 3138 ac
1921 3084 2141 3138 virtutis
2166 3099 2297 3139 mea:

718 3165 1016 3237 terminum
1046 3199 1059 3233 :
1092 3179 1300 3247 majora
1322 3191 1585 3246 namque,
1618 3176 1703 3230 vel
1739 3174 1918 3238 inviti,
1948 3175 2291 3245 spectabitis,

700 3280 1061 3335 ,mortuorum
1092 3271 1303 3326 scilicet
1332 3269 1832 3323 resurrectionem:
1863 3275 2091 3335 tumque
2123 3266 2296 3336 magis

719 3361 1088 3427 mirabimini,
1133 3359 1379 3413 divinam
1420 3359 1652 3429 gloriam
1694 3373 1760 3412 ac
1793 3358 2054 3412 virtutem
2112 3357 2170 3411 in
2217 3372 2302 3412 me

720 3462 1010 3512 cernentes
1028 3496 1042 3519 ,
1069 3466 1229 3521 quem
1258 3450 1613 3520 blasphemiae
1636 3450 1869 3504 crimine
1892 3464 2040 3504 nunc
2069 3448 2301 3503 involvi-

718 3547 811 3609 tis,
844 3555 897 3599 et
928 3542 1179 3614 persequi
1213 3556 1320 3595 non
1349 3541 1653 3606 veremini,
1689 3547 1986 3611 propterea
2021 3541 2167 3611 quod
2207 3556 2290 3597 so-

720 3640 831 3690 lum
861 3635 998 3699 dixi,
1021 3648 1109 3689 me
1132 3631 1223 3687 Dei
1252 3630 1449 3686 Filium
1481 3647 1628 3688 esse.
1652 3632 1774 3699 Quo
1797 3641 1959 3702 pacto
1986 3647 2118 3689 vero
2156 3632 2298 3689 Deus

720 3744 784 3784 ac
827 3727 987 3782 Pater
1027 3738 1195 3795 opera
1244 3723 1384 3779 Filio
1426 3724 1810 3791 demonstret,
1860 3726 2088 3796 copiose
2138 3735 2298 3781 antea

718 3823 978 3879 diximus.

793 4084 859 4148 ν,
884 4086 973 4139 ει.
1012 4083 1160 4139 Sicut
1185 4084 1323 4137 enim
1356 4082 1521 4136 Pater
1549 4083 1774 4137 suscitat
1803 4092 2059 4147 mortuos,
2086 4093 2136 4139 et
2168 4086 2297 4140 vivi-

719 4179 878 4246 ﬁcat.
910 4178 986 4230 sic
1015 4185 1065 4230 et
1102 4174 1280 4229 Filius
1305 4190 1435 4244 quos
1465 4174 1575 4227 vult
1607 4174 1857 4242 viviﬁcat.

794 4265 929 4320 Vide
951 4279 1148 4320 rursus
1177 4264 1543 4334 aequalitatem
1572 4263 1655 4318 bis
1684 4263 1863 4318 verbis
1891 4264 2041 4321 clare
2066 4266 2297 4323 demon-

721 4358 907 4411 strari.
927 4356 1031 4421 Qui
1051 4358 1196 4410 enim
1219 4354 1506 4423 aequaliter
1525 4354 1577 4407 in
1605 4354 1943 4411 suseitandis
1970 4356 2134 4427 225
2157 4374 2299 4412 mor-

720 4450 832 4503 tuis
860 4458 1158 4517 operatur,
1194 4446 1471 4515 quomodo
1511 4446 1620 4500 ulla
1662 4446 1715 4500 in
1756 4462 1816 4502 re
1849 4456 1996 4502 esset
2032 4448 2301 4504 inferior?

2405 1985 2643 2054 γεγονὼς
2667 1985 2733 2037 δι’
2761 1985 2907 2055 ἡμᾶς
2926 2026 2939 2049 ,
2977 1984 3234 2054 πειρᾶται
3259 1983 3551 2036 διδάσκειν.
3580 1982 3750 2035 Τοῦτο
3778 1982 3892 2052 γὰρ
3920 1976 3989 2050 ἦν

2406 2079 2497 2130 ἐπὶ
2530 2077 2605 2147 τῷ
2653 2077 2794 2147 λόγῳ
2822 2078 2883 2129 τὸ
2938 2076 3142 2130 λεῖπον.
3180 2076 3288 2128 Καὶ
3343 2075 3432 2128 διὰ
3465 2075 3623 2128 τοῦτό
3673 2092 3877 2144 φησιν,
3910 2075 3991 2125 ὅτι

2410 2186 2428 2218 ι
2464 2168 2701 2231 Μείζονα
2732 2167 2937 2220 τούτων
2965 2166 3128 2231 δείξει
3163 2166 3312 2237 αὐτῷ
3343 2167 3500 2238 ἔργα,
3542 2166 3628 2219 ἵνα
3662 2167 3819 2236 ὑμεῖς
3861 2164 3991 2218 θαυ-

2405 2257 2636 2328 μάζητε.
2673 2276 2691 2307 ι
2731 2257 2840 2311 Καὶ
2882 2260 2937 2310 τί
2994 2260 3154 2317 πάλιν
3195 2258 3327 2327 ἡμῖν
3365 2252 3614 2328 βούλεται
3656 2257 3745 2309 διὰ
3799 2256 3991 2309 τούτου

2404 2350 2593 2418 δηλοῦν
2630 2366 2645 2415 ;
2674 2350 3077 2419 Τεθεράπευται
3105 2390 3118 2412 ,
3149 2351 3313 2421 φησὶν
3336 2390 3351 2413 ,
3384 2351 3413 2403 ὁ
3461 2350 3797 2420 παράλυτος,
3834 2351 3993 2422 τριά-

2402 2458 2567 2494 κοντα
2599 2441 2692 2494 καὶ
2723 2441 2866 2495 ὀκτὼ
2897 2443 2990 2512 έτη
3023 2442 3161 2512 ἔχων
3197 2442 3254 2492 ἐν
3274 2444 3338 2511 τῇ
3376 2441 3628 2511 ἀσθενείᾳ
3661 2439 3848 2495 αὑτοῦ.
3884 2441 3994 2493 Καὶ

2403 2538 2688 2609 θαυμαστὴ
2734 2535 2832 2607 μὲν
2866 2536 3035 2600 ὅντως
3072 2539 3104 2607 ἡ
3151 2536 3245 2588 τοῦ
3279 2535 3711 2607 θεραπεύσαντος
3739 2535 3993 2605 δύναμις,

2402 2629 2714 2699 θεοπρεπὴς
2730 2645 2787 2681 τε
2808 2628 2926 2681 λίαν
2951 2630 2983 2698 ἡ
3008 2626 3243 2693 ἐξουσία.
3268 2627 3369 2680 Τὸν
3398 2628 3455 2680 δὲ
3473 2626 3615 2679 οὕτω
3642 2627 3991 2697 θαυματουρο

2400 2720 2495 2789 γὸν
2519 2760 2533 2784 ,
2566 2721 2665 2773 οὐκ
2706 2720 2772 2773 ἄν
2802 2735 2917 2783 τις,
2947 2714 3100 2789 οἶμαι
3123 2759 3137 2782 ,
3172 2716 3467 2787 σωφρονῶν
3501 2718 3807 2771 αἰτιάσαιτο
3858 2716 3994 2770 Θεὸν

2399 2811 2589 2865 ἐαυτὸν
2628 2806 2765 2865 εἶναι
2799 2810 3027 2879 λέγοντα
3053 2852 3068 2878 ,
3100 2810 3193 2863 καὶ
3226 2810 3455 2882 ἐπείπερ
3488 2810 3637 2862 ἐστὶν
3668 2809 3797 2872 Υἱὸς
3820 2852 3833 2873 ,
3877 2811 3992 2862 ἴσον

2400 2903 2541 2957 κατὰ
2569 2904 2748 2958 πάντα
2778 2903 2857 2974 τῷ
2887 2904 3269 2973 Γεγεννηκότι.
3316 2901 3533 2973 Ἐπειδὴ
3559 2902 3615 2955 δὲ
3644 2902 3993 2972 φρονοῦντες.

2400 2996 2553 3067 φησὶ,
2603 2996 2837 3049 κάκιστά
2866 3012 2922 3048 τε
2968 2996 3064 3048 καὶ
3107 2993 3448 3062 ἀλογώτατα,
3486 2994 3575 3047 διὰ
3629 2994 3691 3045 τὸ
3722 2994 3994 3065 ἐπίκηρον

2398 3090 2547 3142 τουτὶ
2572 3087 2991 3152 σκανδαλίζεσθε
3019 3088 3511 3157 σῶμα,ἀναγκαίον
3541 3086 3682 3155 ὑμᾶς
3706 3086 3991 3155 ἐκμαθεῖν,

2398 3182 2474 3244 ὼς
2490 3181 2551 3232 οὐ
2575 3181 2735 3250 μέχρι
2764 3177 2966 3232 τούτων
2986 3178 3055 3230 τὰ
3079 3177 3176 3247 τῆς
3192 3176 3332 3247 ἐμῆς
3348 3176 3594 3242 ἐξουσίας
3611 3192 3669 3227 τε
3692 3176 3785 3227 καὶ
3811 3174 3994 3244 ἰσχύος

2407 3274 2663 3344 στήσεται
2692 3289 2705 3304 ·
2740 3271 3004 3342 μειζόνων
3043 3269 3152 3339 γὰρ
3181 3267 3367 3321 ἔσεσθέ
3408 3266 3741 3337 παραδόξων,
3781 3265 3885 3319 κᾶν
3921 3265 3993 3333 μὴ

2405 3365 2691 3435 βούλησθε,
2732 3364 2961 3433 θεωροὶ,
2996 3362 3095 3430 τῆς
3127 3360 3236 3413 τῶν
3268 3360 3479 3429 νεκρῶν
3510 3361 3861 3420 ἀναστάσεως
3904 3357 3994 3425 δη-

2402 3456 2534 3527 λαδὴ
2559 3498 2573 3522 ,
2602 3457 2697 3509 καὶ
2745 3456 2865 3507 τότε
2907 3453 3169 3524 μειζόνως
3203 3449 3692 3521 καταπλαγήσεσθε
3716 3488 3730 3512 ,
3766 3450 3870 3520 τὴν
3915 3448 3994 3518 τῷ

2400 3549 2521 3619 Θεῷ
2550 3548 2865 3618 πρέπουσαν
2905 3548 3059 3618 ἰσχύν
3093 3563 3151 3598 τε
3186 3545 3279 3599 καὶ
3308 3543 3466 3608 δόξαν
3491 3545 3549 3595 ἐν
3581 3544 3703 3613 ἐμοὶ
3728 3543 3992 3613 κειμένην

2400 3641 2665 3712 ὁρῶντες,
2691 3641 2750 3695 ὃν
2793 3640 3105 3710 δυσφημίας
3138 3639 3442 3708 ἐγκλήματι
3485 3635 3841 3706 περιδάλλετε
3874 3633 3990 3695 νῦν.

2399 3733 2493 3786 καὶ⁵
2522 3731 2736 3786 διώκειν
2774 3732 2875 3785 οὐκ
2909 3728 3251 3801 αἰσχύνεσθε,
3282 3728 3370 3781 διὰ
3391 3729 3454 3781 τὸ
3478 3730 3638 3797 μόνον
3674 3728 3849 3780 εἰπεῖν
3868 3770 3883 3794 ,
3910 3727 3994 3779 ὅτι

2400 3823 2528 3889 Υἱὸς
2585 3822 2721 3877 Θεοῦ
2774 3825 2910 3894 εἰμι.
2947 3823 3192 3875 Δεικνύει
3233 3820 3288 3873 δέ
3331 3821 3479 3883 ὅπως
3511 3820 3539 3872 6
3574 3818 3708 3881 Θεὸς
3748 3822 3845 3872 καὶ
3875 3818 3992 3871 Ila-

2398 3917 2505 3987 τὴρ
2545 3916 2615 3970 τὰ
2646 3916 2787 3988 ἔργα
2827 3914 2907 3986 τῷ
2940 3913 3087 3984 Υἰῷ,
3119 3912 3483 3984 προλαῦόντες
3520 3911 3620 3982 ήδη
3656 3911 3743 3965 διὰ
3778 3910 3995 3964 πολλῶν

2400 4009 2724 4079 εἰρήκαμεν.

2470 4100 2701 4167 Ὠσπερ
2728 4098 2837 4168 γὰρ
2860 4099 2892 4151 ὁ
2924 4097 3124 4165 Πατὴρ
3159 4095 3372 4166 ἐγείρει
3411 4094 3551 4160 τοὺς
3584 4093 3838 4162 νεκροὺς
3891 4094 3991 4145 καὶ

2400 4189 2681 4253 ζωοποιεῖ,
2706 4190 2890 4254 οὕτως
2926 4189 3025 4243 καὶ
3048 4193 3080 4242 ό
3117 4188 3250 4255 Υἱὸς
3279 4187 3385 4253 οὓς
3411 4188 3570 4241 θέλει
3596 4184 3882 4247 ζωοποιεῖ.

2468 4281 2580 4336 Θέα
2606 4281 2670 4352 δὴ
2704 4281 2867 4334 πάλιν
2909 4282 2967 4333 ἐν
3011 4279 3224 4343 τούτοις
3268 4279 3415 4349 σαφῆ
3447 4278 3548 4349 τὴν
3591 4278 3690 4348 τῆς
3744 4278 3996 4347 ἰσότητος

2399 4368 2690 4435 ἀπόδειξιν.
2723 4370 2780 4422 Ὀ
2813 4369 2921 4439 γὰρ
2950 4369 3080 4431 ἴσως
3112 4366 3331 4439 ἐνεργὸς
3365 4368 3493 4437 περὶ
3515 4365 3614 4436 τὴν
3638 4364 3747 4416 τῶν
3777 4366 3998 4435 νεκρῶν

2398 4460 2715 4527 ἀναϐίωσιν,
2750 4460 2869 4523 πῶς
2899 4459 2965 4513 ἂν
3003 4460 3117 4529 ἐχοι
3156 4459 3296 4513 κατά
3325 4476 3378 4511 τι
3405 4457 3465 4510 τὸ
3507 4458 3726 4510 ἔλαττον
3756 4474 3771 4521 ς
3805 4456 3838 4526 ἢ
3875 4458 3998 4519 πῶς

718 4549 811 4595 aut
843 4538 1117 4610 quomodo
1143 4538 1375 4593 diversae
1400 4547 1548 4593 esset
1577 4552 1607 4590 a
1634 4537 1797 4595 Patre
1827 4540 2171 4608 substantiae,
2198 4542 2293 4613 qui

2402 4552 2466 4606 ἃν
2487 4553 2573 4621 εἴη
2601 4552 2737 4622 πρὸς
2767 4551 2858 4604 τὸν
2902 4551 3121 4621 Πατέρα
3151 4549 3336 4603 λοιπὸν
3375 4550 3670 4620 ἐτεροφυὴς
3695 4550 3790 4600 καὶ
3819 4549 3999 4617 ἔκφυ-

719 4631 917 4687 iisdem
944 4629 1177 4701 refulget
1208 4629 1679 4699 proprietatibus?
1725 4629 1957 4701 Propria
1998 4640 2179 4687 autem
2214 4644 2301 4691 est

718 4723 920 4777 divinae
955 4721 1280 4776 substantiae
1314 4720 1624 4775 vivificandi
1657 4729 1902 4791 potestas
1922 4762 1936 4785 ,
1964 4738 2090 4793 quae
2114 4739 2299 4795 aequa-

722 4816 847 4869 liter
871 4812 1020 4867 Patri
1054 4827 1120 4866 ac
1150 4810 1293 4867 Filio
1313 4813 1477 4867 inest.
1506 4811 1642 4867 Item
1664 4852 1679 4879 ,
1712 4828 1819 4868 non
1846 4829 1949 4884 per
1978 4830 2039 4870 se
2067 4818 2297 4872 seorsim

719 4903 989 4975 quosdam
1024 4902 1181 4957 Pater
1208 4904 1475 4965 vivificat,
1522 4918 1587 4957 ac
1636 4905 1866 4958 seorsim
1913 4904 2123 4961 Filius:
2171 4923 2298 4963 cum

720 4993 865 5046 enim
900 4990 1101 5045 habeat
1144 4992 1199 5044 in
1234 4992 1415 5060 seipse
1443 4990 1657 5046 Patrem
1696 4993 2052 5056 naturaliter,
2096 5007 2298 5051 cuncta

720 5089 999 5150 operatur,
1021 5088 1076 5133 et
1101 5078 1231 5134 facit
1252 5087 1453 5134 cuncta
1481 5079 1641 5135 Pater
1662 5095 1759 5150 per
1786 5080 2004 5136 Filium.
2033 5081 2140 5140 Sed
2168 5100 2294 5141 cum

722 5171 1035 5225 vivificandi
1062 5178 1387 5241 potestatem
1414 5171 1614 5225 habeat
1643 5169 1809 5229 Pater
1840 5173 1895 5227 in
1930 5189 2030 5228 sua
2070 5184 2294 5242 natura,

719 5262 1185 5334 quemadmodum
1247 5272 1301 5317 et
1364 5264 1530 5334 ipse,
1600 5263 1723 5318 ideo
1788 5264 2068 5322 vivificare
2133 5283 2297 5337 posse

719 5361 971 5407 mortuos
1005 5352 1225 5422 utrique
1268 5354 1460 5409 tribuit
1499 5356 1658 5424 quasi
1695 5354 1920 5424 utrique
1967 5361 2199 5414 seorsim
2240 5361 2293 5415 id

718 5446 869 5501 insit.

783 5628 827 5658 ⁸⁸
859 5629 1019 5679 Joan.
1056 5637 1167 5685 xlv,
1202 5624 1286 5678 11.
1328 5624 1392 5655 ⁸⁵⁸
1418 5622 1583 5679 Joan.
1618 5641 1671 5689 ν,
1705 5625 1796 5680 18.

2400 4643 2489 4704 λος
2514 4644 2546 4695 ὁ
2570 4644 2683 4706 τοῖς
2705 4643 2888 4704 αὐτοῖς
2907 4641 3230 4711 διαλάμπων
3262 4639 3581 4710 ἰδιώμασινς
3617 4639 3777 4690 Ἰδιον
3805 4637 3864 4689 δὲ
3895 4638 3997 4704 τῆς

2402 4732 2553 4795 θείας
2597 4732 2785 4794 οὐσίας
2843 4731 2907 4784 τὸ
2964 4730 3225 4783 δύνασθαι
3284 4728 3607 4797 ζωογονεῖν,
3651 4727 3791 4795 ὅπερ
3844 4727 3999 4778 ἐστὶν

2401 4824 2601 4892 ὁμοίως
2631 4824 2688 4874 ἐν
2752 4822 2929 4892 Πατρὶ
2968 4822 3063 4874 καὶ
3094 4820 3229 4890 Υἱῷ.
3284 4823 3552 4888 Ζωογονεῖ
3599 4819 3656 4870 δὲ
3686 4818 3850 4872 πάλιν
3895 4819 3997 4869 οὐκ

2405 4910 2548 4973 ἰδίως
2576 4912 2675 4980 μέν
2712 4926 2863 4972 τινας
2902 4908 3022 4961 καθ’
3051 4908 3243 4961 ἑαυτὸν
3334 4908 3545 4978 Πατὴρ,
3581 4906 3721 4968 ἰδίως
3748 4906 3805 4958 δέ
3839 4922 3999 4967 τινας

2402 5001 2821 5070 κεχωρισμένως
2847 5001 2876 5053 6
2911 5000 3037 5063 Υἰός
3058 5015 3072 5029 °
3114 4998 3252 5069 ἔχων
3288 5000 3395 5069 γὰρ
3434 5000 3493 5052 ὲν
3534 4996 3713 5066 ἐαυτῷ
3742 4997 3999 5065 φυσικῶς

2396 5093 2488 5143 τὸν
2527 5091 2775 5162 Πατέρα,
2807 5092 2874 5144 τὰ
2926 5093 3103 5145 πάντα
3149 5090 3482 5160 ἐργάζεται,
3509 5089 3603 5143 καὶ
3656 5090 3879 5157 ἐνεργεῖ
3928 5088 3999 5141 δι’

2400 5181 2530 5235 Υίοῦ
2558 5182 2627 5234 τὰ
2657 5183 2834 5236 πάντα
2859 5183 2887 5233 ὁ
2917 5183 3128 5253 Πατήρ.
3173 5182 3309 5235 Ἀλλ’
3336 5180 3568 5250 ἐπείπερ
3596 5180 3709 5249 ἔχει
3740 5179 3802 5232 τὸ
3827 5177 3994 5231 δύνα-

2399 5273 2520 5326 σθαι
2569 5274 2857 5342 ζωογονεῖν
2886 5277 2915 5329 ὁ
2950 5275 3137 5346 Πατὴρ
3171 5276 3229 5327 ἐν
3278 5276 3346 5345 τῇ
3384 5274 3488 5343 ἰδίᾳ
3520 5272 3701 5340 φύσει,
3736 5270 3995 5338 καθάπερ

2395 5361 2488 5417 οὖν
2520 5366 2614 5418 καὶ
2643 5366 2823 5429 αὐτὸς,
2858 5367 2933 5430 ὠς
2965 5368 3058 5421 καὶ
3092 5367 3234 5429 ἰδίως
3268 5365 3513 5435 ἐκατέρῳ
3551 5362 3754 5435 προσὸν
3790 5364 3990 5417 ἀπονέη

2408 5472 2496 5524 μει
2526 5456 2586 5507 τὸ
2622 5456 2879 5513 δύνασθαι
2907 5458 3191 5526 ζωογονεῖν
3221 5457 3345 5519 τοὺς
3371 5455 3615 5527 νεκρούς.
