4206 6510
222 429 332 488 365

824 546 1071 598 ΚΕΦΑᾹ.
1125 546 1195 597 Z'.

221 632 353 685 Ὀτι
379 632 496 685 τῶν
525 634 869 701 θεοπρεπῶν
892 634 1256 711 ἀξιωμάτων)
1278 636 1795 711 ἤτοι-πλεονεκτη-

283 702 508 770 μάτων,
538 703 720 756 οὐδὲν
754 705 820 757 ἐκ
846 704 1109 772 μετοχῆς
1140 705 1175 772 ἢ
1212 702 1471 757 ἐπακτὸν
1496 705 1565 756 ἐν
1594 703 1723 768 Υἱῷ.

289 816 444 869 Οὐδὲ
490 817 600 885 γὰρ
633 821 666 871 ό
713 817 916 886 Πατὴρ
963 818 1152 885 κρίνει
1200 818 1449 881 οὐδένα,
1479 809 1639 873 ἀλλὰ
1681 816 1796 886 τὴν

215 908 423 973 κρίσιν
464 906 671 961 πᾶσαν
706 906 926 961 δέδωκε
964 908 1043 973 τῷ
1077 909 1205 974 Υἱῷ.

288 999 512 1069 Ἕτερον
551 1000 793 1070 εἰσφέρει
833 1003 1065 1072 πρᾶγμα
1094 1001 1392 1071 θεοπρεπές
1433 1021 1482 1055 τε
1518 1004 1610 1057 καὶ
1641 1002 1790 1065 ἐξαί-

216 1102 350 1149 σιον,
382 1087 468 1139 διὰ
514 1087 724 1140 πολλῶν
752 1089 1080 1157 ἀναπείθων,
1114 1090 1197 1142 ὅτι
1225 1091 1356 1153 Θεός
1380 1094 1496 1144 ἐστι
1526 1091 1666 1144 κατὰ
1693 1092 1791 1159 φύ-

214 1191 297 1226 σιν
357 1174 451 1227 καὶ
478 1175 763 1244 ἀληθινῶς.
794 1178 911 1230 Τίνι
934 1177 1041 1249 γὰρ
1076 1178 1142 1231 ἂν
1182 1180 1277 1233 καὶ
1306 1181 1478 1251 ἑτέρῳ
1510 1182 1708 1252 πρέποι
1732 1181 1791 1234 τὸ

211 1270 393 1337 κρῖναι
422 1268 517 1338 τὴν
567 1270 913 1340 οἰκουμένην,
937 1274 985 1325 εἰ
1040 1273 1113 1341 μὴ
1146 1273 1289 1342 μόνῳ
1315 1275 1393 1344 τῷ
1445 1276 1538 1328 ἐπὶ
1584 1277 1789 1340 πάντας

207 1360 323 1411 ὄντι
370 1360 509 1429 Θεῷ,
545 1360 605 1413 ὃν
656 1360 720 1431 δὴ
770 1362 863 1415 καὶ
899 1362 1033 1434 πρὸς
1073 1362 1231 1416 τοῦτο
1274 1364 1529 1425 καλοῦσιν
1558 1366 1615 1419 αἱ
1648 1366 1788 1419 θεῖαι

206 1451 461 1517 λέγουσαι
496 1452 725 1521 Γραφαὶ,
755 1452 884 1503 ποτὲ
917 1454 1035 1522 μὲν,
1063 1473 1080 1505 ι
1104 1456 1334 1509 Ἀνάστα
1367 1458 1394 1508 ὁ
1425 1456 1576 1521 Θεὸς,
1605 1459 1787 1527 κρῖνον

203 1543 306 1611 τὴν
338 1544 475 1612 γῆν·
517 1563 534 1594 ι
570 1544 700 1597 ποτὲ
730 1544 787 1596 δὲ
826 1541 893 1596 αὖ
924 1545 1103 1611 πάλιν,
1140 1566 1156 1597 ι
1197 1548 1319 1601 ’Ότι
1358 1551 1385 1602 6
1421 1549 1553 1612 Θεὸς
1593 1551 1787 1621 κριτής

204 1634 322 1685 ἐστι
352 1673 366 1694 ,
400 1634 586 1687 τοῦτον
634 1639 896 1699 ταπεινοῖ,
932 1637 1023 1689 καὶ
1060 1637 1246 1690 τοῦτον
1288 1639 1429 1708 ὑψοῖ.
1474 1659 1492 1691 ι
1532 1642 1783 1695 Δεδόσθαι

200 1740 265 1789 γε
305 1724 411 1793 μὴν
434 1726 531 1793 τὴν
552 1724 732 1796 κρίσιν
754 1727 932 1797 ἐαυτῷ
963 1746 1094 1798 φησι
1126 1730 1279 1800 παρὰ
1307 1730 1400 1782 τοῦ
1437 1731 1666 1801 [Ιατρὺς.
1685 1734 1782 1803 οὐχ

200 1816 277 1877 ὡς
310 1814 413 1879 ἔξω
448 1819 547 1886 τῆς
588 1818 682 1869 ἐπὶ
729 1818 903 1889 τούτῳ
936 1820 1185 1889 κείμενος
1228 1821 1507 1887 ἐξουσίας,
1548 1821 1663 1875 ἀλλ’
1705 1824 1781 1886 ὡς

1272 429 1336 481 IN
1373 425 1658 482 JOANNIS
1698 426 2145 483 lCVANGELIUM
2210 428 2337 485 ΜΒ.
2377 431 2437 484 ll.

3377 439 3481 492 566

2525 544 2675 600 CAP.
2709 546 2821 601 VII.

1903 632 2050 697 Quod
2086 633 2234 711 nulla
2267 633 2499 711 dignitas
2530 647 2620 711 aut
2651 636 2965 711 excellentia
2992 637 3170 711 dicina
3207 657 3270 693 er
3306 648 3475 711 parti—

2172 704 2450 770 cipatione,
2484 706 2560 759 vel
2594 708 2829 758 ascititia
2854 710 2922 759 sit
2949 709 3000 760 in
3032 706 3198 765 Filio.

1970 813 2033 880 V,
2066 815 2156 870 2'2.
2198 814 2377 885 Neque
2403 820 2539 870 enim
2572 816 2732 872 Pater
2750 819 2961 888 judicat
3001 839 3346 894 quemquam,
3383 830 3473 881 sed

1896 920 2044 960 omne
2060 908 2327 975 judicium
2368 910 2509 962 dedit
2547 908 2711 963 Filio.

1962 997 2121 1053 Aliud
2165 1000 2427 1069 quiddam
2477 1001 2721 1055 divinum
2777 1018 2841 1057 ac
2890 1006 3223 1074 stupendum
3268 1009 3471 1077 aﬂ‘crt,

1893 1087 2054 1158 longo
2102 1106 2357 1145 sermone
2390 1107 2450 1146 se
2493 1101 2690 1145 natura
2733 1101 2787 1146 et
2819 1109 2947 1149 vere
2989 1094 3160 1150 Deum
3189 1111 3312 1153 esse
3348 1116 3469 1168 per-

1892 1180 2151 1236 suadens.
2194 1182 2293 1237 Cui
2341 1182 2490 1238 enim
2542 1183 2636 1238 alii
2675 1191 2947 1239 terrarum
2989 1188 3179 1243 orbem
3217 1188 3471 1258 judicare

1890 1270 2221 1336 conveniat,
2267 1272 2374 1326 nisi
2422 1274 2517 1326 uni
2558 1286 2728 1343 supra
2764 1288 2957 1330 omnes
2991 1277 3279 1333 cxsistenti
3317 1279 3467 1342 Deo,

1889 1375 2050 1429 quem
2075 1376 2206 1416 sane
2236 1363 2433 1418 divinae
2466 1364 2768 1436 Scriptura:
2795 1367 2862 1419 ad
2892 1368 2997 1422 hoc
3032 1370 3196 1423 etiam
3230 1382 3467 1437 vocant,

1888 1451 2053 1506 modo
2085 1453 2304 1522 quidem
2363 1456 2445 1510 his
2479 1455 2662 1512 verbis
2691 1476 2703 1512 :
2742 1478 2759 1509 ι
2797 1460 3009 1529 Surge,
3067 1459 3249 1525 Deus,
3276 1462 3465 1529 judica

1888 1550 2091 1596 terram
2119 1545 2192 1611 ‘6;
2218 1565 2234 1596 ι
2260 1557 2315 1602 et
2344 1562 2539 1602 rursus
2574 1565 2588 1602 :
2626 1567 2644 1600 ι
2674 1549 2944 1615 Quoniam
2982 1553 3126 1610 Deus
3149 1555 3320 1624 judex
3346 1566 3463 1613 est:

1884 1634 2031 1688 hunc
2065 1636 2347 1704 humiliat,
2382 1652 2435 1695 et
2466 1641 2613 1696 hunc
2644 1644 2851 1699 exaltat
2876 1646 2965 1698 ω’.
2993 1665 3011 1697 ι
3054 1646 3246 1701 Datum
3272 1660 3457 1705 autem

1884 1726 1987 1780 sibi
2010 1741 2039 1779 a
2072 1726 2232 1784 Patre
2259 1731 2336 1783 ait
2358 1731 2650 1801 judicium,
2673 1750 2779 1788 non
2814 1738 2972 1804 quasi
3004 1740 3071 1792 ab
3093 1755 3157 1795 ea
3188 1751 3462 1810 potestate

1883 1816 1955 1869 sit
1977 1817 2224 1885 alienus,
2257 1821 2352 1875 sed
2387 1823 2533 1892 quod
2564 1824 2727 1879 homo
2752 1840 2881 1879 cum
2918 1829 2990 1882 sit
3033 1846 3129 1899 per
3169 1833 3459 1904 dispensa-

198 1907 487 1976 ἄνθρωπος
532 1909 926 1980 οἰκονομικῶς,
963 1913 1407 1983 πρεπωδέστερον
1466 1914 1758 1967 ἀνακεῖσθα

1888 1910 2114 1973 tionem,
2140 1919 2350 1967 naturae
2387 1915 2584 1970 divinae
2623 1920 3013 1988 congruentius
3064 1925 3246 1978 omnia
3289 1928 3462 1982 tribui

194 2002 262 2068 τῇ
302 1998 419 2069 θείᾳ
444 1999 602 2067 φύσει
630 2000 699 2054 τὰ
726 2002 901 2055 πάντα
933 2002 1216 2069 διδάσκων,
1251 2000 1317 2075 ἦς
1350 2005 1441 2057 καὶ
1464 2006 1625 2066 αὐτὸς
1654 2006 1784 2059 εἵσω

196 2086 472 2156 βεϐηκὼς,
599 2087 699 2157 μὲν
734 2090 851 2143 ἔστι
894 2091 1065 2159 Λόγος
1098 2092 1193 2145 καὶ
1236 2093 1367 2157 Θεὸς
1391 2136 1405 2159 ,
1434 2094 1642 2147 οἴκοθεν
1672 2094 1781 2165 ἔχει

193 2174 301 2245 τὴν
335 2177 419 2242 ἐφ’
462 2175 664 2228 ἅπασιν
706 2176 953 2242 ἐξουσίαν
991 2172 1148 2252 ’δὲ
1186 2180 1409 2249 γέγονεν
1454 2182 1777 2250 ἄνθρωπος,

194 2266 336 2336 πρὸς
361 2265 420 2318 ὃν
443 2266 656 2338 εἴρηταί
685 2287 809 2322 που·
849 2289 867 2322 ‹
905 2271 971 2323 Τί
1006 2270 1114 2342 γὰρ
1140 2270 1301 2341 ἔχεις,
1331 2272 1358 2324 ὃ
1383 2274 1482 2325 οὐκ
1515 2273 1704 2337 ἔλαϐες
1724 2292 1773 2341 ;»

191 2356 440 2427 δεδέχθαι
481 2359 798 2428 πρεπόντως
827 2361 1096 2430 ὁμολογεῖ.
1133 2364 1273 2433 Πρὸς
1305 2363 1367 2432 δὴ
1404 2363 1575 2418 ταῦτα
1616 2366 1779 2418 πάλιν

191 2450 313 2518 ἐρεῖ
341 2468 422 2512 τις
474 2452 633 2521 τυχὸν
661 2453 768 2505 τῶν
802 2454 867 2505 δι’
916 2455 1186 2517 ἐναντίας·
1235 2456 1365 2509 Ἰδοὺ
1412 2457 1707 2528 διαρρήδην
1748 2459 1777 2510 6

196 2541 325 2603 Υἱὸς
372 2542 470 2611 τὴν
518 2543 696 2613 κρίσιν
741 2544 983 2616 δεδέχθαι
1026 2547 1159 2615 φησὶ
1208 2548 1358 2618 παρὰ
1400 2548 1493 2601 τοῦ
1542 2550 1772 2620 Πατρός.

191 2633 479 2701 Λαμϐάνει
514 2634 589 2699 δὲ,
622 2636 695 2697 ὡς
725 2636 825 2688 οὐκ
871 2636 1010 2707 ἔχων
1060 2638 1283 2709 δηλαδή.
1315 2638 1437 2701 Πῶς
1461 2636 1551 2693 οὖν
1581 2640 1679 2693 οὐκ
1708 2641 1773 2693 ἂν

188 2724 277 2791 εἴη
310 2724 531 2793 μείζων,
572 2727 664 2778 καὶ
694 2728 1194 2799 μεγαλοφυέστερος
1222 2732 1249 2782 ὀ
1276 2729 1448 2793 διδοὺς
1476 2732 1594 2800 μετ’
1624 2731 1772 2796 ἐξου-

190 2817 333 2877 σίας,
369 2817 462 2869 τοῦ
493 2817 744 2887 δεομένου
780 2820 995 2885 λαϐεἰν;
1024 2821 1089 2873 Τί
1118 2821 1182 2893 δὴ
1213 2818 1304 2875 οὖν
1327 2821 1435 2893 ἄρα
1458 2823 1592 2893 πρὸς
1615 2823 1770 2877 τοῦτό

188 2921 374 2975 φαμεν
410 2922 424 2970 ;
485 2907 543 2960 '0
586 2908 684 2977 μὲν
719 2909 877 2977 λόγος
928 2911 1056 2981 ἡμῖν
1105 2913 1134 2963 6
1165 2913 1631 2983 προτεταγμένος,
1666 2914 1768 2968 οὐκ

184 2996 473 3065 ἀκόμψως,
522 3000 596 3062 ὠς
626 2995 776 3070 οἶμαι
810 3042 823 3064 ,
850 3001 1153 3073 διήρτισται
1174 3043 1187 3065 ,
1218 3001 1451 3072 θεωρίαν
1500 3005 1767 3076 εἰσφέρων

180 3090 285 3162 τὴν
317 3092 395 3162 τῷ
440 3091 616 3162 καιρῷ
661 3094 891 3163 μαλιστα
936 3094 1249 3168 πρέπουσαν
1288 3096 1386 3165 τῆς
1417 3096 1767 3168 ὲνανθρωπή-

184 3195 327 3245 σεως
382 3181 621 3252 δηλαδὴ,
654 3184 746 3235 καὶ
800 3184 1078 3254 οἰκονομίᾳ
1125 3166 1210 3255 τῇ.
1234 3185 1373 3255 μετὰ
1415 3166 1618 3255 σαρκὸς
1663 3166 1763 3256 ἁρ-

182 3274 557 3344 μυδιωτάτην,
611 3276 697 3327 ὅτε
758 3274 941 3339 δοῦλος
993 3277 1357 3347 ἐχρημάτισεν
1387 3317 1400 3340 ,
1448 3279 1535 3330 ὅτε
1598 3295 1759 3331 τετα-

180 3366 455 3417 πείνωκεν
512 3366 741 3429 ἑαυτὸν,
776 3368 831 3418 ἐν
887 3366 1196 3437 ὁμοιώματι
1248 3367 1326 3438 τῷ
1376 3368 1630 3440 ἡμετέρῳ
1667 3386 1761 3439 γε-

176 3455 425 3523 νόμενος.
475 3454 691 3525 Ἐπειδὴ
724 3455 778 3507 δέ
815 3471 895 3508 σοι
931 3457 1077 3509 δοκεῖ
1111 3456 1218 3510 τῶν
1249 3459 1345 3527 μὲν
1379 3459 1759 3531 ἁπλουστέρων

174 3546 582 3612 κατασοϐαρεύε
592 3546 711 3599 σθαι
724 3547 1027 3617 δογμάτων,
1047 3549 1467 3621 περιεργοτέραν
1486 3551 1541 3603 δὲ
1561 3552 1759 3621 μᾶλλον

176 3633 451 3691 ποιεῖσθαι
488 3638 585 3707 τὴν
615 3641 860 3710 ζήτησιν,
903 3641 1002 3708 ἄγε
1029 3640 1092 3711 δὴ
1123 3642 1282 3695 πάλιν
1316 3646 1428 3706 τοῖς
1460 3645 1573 3706 σοῖς
1609 3645 1758 3697 ἐναν-

172 3724 309 3787 τίως
364 3725 530 3788 ἰόντες
581 3728 947 3797 προϐλήμασι,
983 3729 1201 3798 πρῶτον
1251 3731 1425 3783 ἐκεῖνο
1474 3732 1749 3803 λέγωμεν·

172 3817 314 3887 Οὐχὶ
347 3818 581 3882 παντως,
614 3819 733 3871 οὐδὲ
774 3820 1105 3889 ἀναγκαίως,
1127 3814 1172 3873 ὦ
1221 3817 1396 3885 οὗτος,
1430 3823 1458 3874 6
1494 3822 1674 3876 δοῦναί
1700 3840 1751 3875 τι

171 3906 488 3975 λεγόμενος,
536 3908 611 3971 ὡς
639 3910 736 3962 οὐκ
761 3909 937 3979 ἔχοντι
980 3910 1057 3980 τῷ
1105 3910 1377 3981 δεχομένῳ
1432 3913 1749 3983 προσνέμει,

169 3998 290 4051 ἀλλ’
320 3999 440 4051 οῦδὲ
472 4000 670 4069 μείζων
701 4002 784 4054 αεὶ
805 4001 899 4053 τοῦ
921 4002 1290 4071 λαμϐάνοντος
1310 4006 1335 4055 6
1363 4004 1558 4067 διδούς.
1601 4005 1752 4058 Ἐπεὶ

168 4090 223 4141 τί
258 4091 522 4161 ποιήσεις,
555 4092 681 4143 ὃταν
711 4092 825 4162 ἴδῃς
847 4093 904 4144 ὲν
932 4091 1206 4162 Πνεύματι
1237 4093 1325 4145 τὸν
1355 4093 1499 4163 ἱερὸν
1526 4093 1751 4160 λέγοντα

168 4181 497 4249 Ψαλμῳδὸν,
527 4201 545 4231 ‹
588 4181 715 4234 Δότε
738 4183 895 4248 δόξαν
923 4183 1063 4253 Θεῴ;
1109 4202 1125 4234 ›
1156 4184 1324 4253 Δόξης
1347 4185 1454 4256 ἄρα
1480 4185 1757 4239 καθεστά..

166 4287 257 4323 ναι
291 4271 380 4321 τὸν
410 4270 542 4322 Θεὸν
588 4268 776 4325 ἐπιδεᾶ
824 4272 1171 4343 λογιούμεθα,
1200 4274 1231 4344 ἢ
1262 4276 1356 4327 καὶ
1393 4276 1611 4344 μείζους
1654 4277 1746 4330 τοῦ

166 4362 455 4424 κτίσαντος
503 4362 590 4415 διὰ
615 4362 773 4415 τοῦτο
805 4365 1019 4427 πάντως
1065 4366 1246 4434 ἡμεῖς,
1279 4367 1326 4418 οἱ
1352 4366 1555 4436 ταύτην
1598 4366 1747 4436 αὐτῷ

164 4451 471 4519 προσάγειν
508 4451 953 4521 ὲπιταττόμενοι;
999 4452 1136 4504 Ἀλλ’
1168 4453 1275 4504 οὐδ’
1328 4454 1393 4505 ἂν
1421 4453 1582 4517 αὐτὸς
1612 4456 1748 4508 ἁπο-

1886 2000 2118 2067 doceat;
2144 2018 2389 2072 quacum
2420 2006 2493 2061 sit
2519 2006 2634 2076 ipse
2666 2010 2927 2077 praeditus
2948 2053 2960 2076 ,
2998 2014 3051 2066 in
3084 2026 3348 2084 quantum
3374 2026 3459 2075 est

1886 2088 2123 2145 Verbum
2154 2106 2218 2147 ac
2252 2092 2420 2160 Deus,
2458 2109 2487 2147 a
2520 2111 2577 2150 se
2606 2097 2768 2152 habet
2799 2101 3043 2154 omnium
3082 2112 3406 2171 potestatem
3438 2126 3453 2160 :

1882 2190 2154 2251 quatenus
2187 2192 2366 2239 autem
2396 2186 2557 2241 homo
2584 2187 2765 2242 factus
2797 2198 2916 2258 est,
2960 2194 3025 2248 ad
3062 2210 3221 2264 quem
3257 2197 3457 2253 alicubi

1881 2274 2088 2328 dictum
2126 2285 2242 2330 est:
2292 2295 2308 2327 ι
2334 2276 2475 2343 Quid
2520 2281 2663 2334 enim
2698 2282 2867 2339 habes
2906 2287 3049 2354 quod
3086 2302 3194 2341 non
3239 2290 3456 2359 accepi-

1881 2365 1948 2419 sti
1976 2366 2106 2419 ⁸⁷³⁸)(
2156 2381 2216 2423 se
2264 2372 2543 2439 accepisse
2569 2414 2582 2437 ,
2625 2382 2683 2427 ut
2722 2375 2911 2443 decet,
2954 2378 3177 2434 fatetur.
3217 2382 3297 2437 Ad
3336 2383 3455 2439 haec

1878 2472 2099 2513 rursum
2140 2459 2284 2515 dicet
2318 2461 2503 2518 forsan
2546 2464 2989 2524 adversariorum
3025 2473 3224 2543 aliquis
3255 2493 3267 2529 :
3310 2475 3454 2532 Ecce

1876 2561 2062 2620 aperte
2104 2550 2277 2609 Filius
2309 2556 2385 2608 ait
2439 2572 2498 2612 se
2544 2558 2813 2627 judicium
2863 2579 2893 2617 a
2942 2564 3105 2621 Patre
3144 2570 3445 2637 accepisse.

1873 2644 2087 2714 Accipit
2118 2655 2341 2711 autem,
2389 2659 2448 2703 ut
2493 2653 2585 2720 qui
2622 2668 2731 2706 non
2763 2654 2960 2710 habeat
2989 2660 3257 2715 videlicet.
3296 2661 3447 2727 Quo-

1873 2733 2035 2787 modo
2072 2750 2202 2805 ergo
2237 2738 2415 2805 major
2451 2755 2561 2793 non
2607 2743 2713 2795 erit
2760 2758 2824 2797 ac
2871 2747 3309 2815 magniﬁcentior
3353 2753 3449 2820 qui

1870 2838 1994 2876 cum
2036 2835 2305 2895 potestate
2342 2830 2473 2894 dat,
2516 2846 2685 2901 quam
2729 2837 2819 2889 cui
2860 2839 3111 2907 accipere
3153 2851 3237 2895 est
3264 2841 3449 2912 opus?

1869 2914 2008 2978 Quid
2041 2917 2205 2986 igitur
2239 2919 2367 2973 huic
2403 2923 2837 2990 respondemus?
2865 2925 3038 2982 Antea
3074 2931 3291 3000 quidem
3334 2949 3441 2989 non

1868 3007 2098 3073 inscite,
2137 3018 2195 3065 ut
2229 3013 2502 3079 arbitror,
2536 3030 2600 3069 ea
2643 3016 2710 3071 de
2747 3033 2806 3072 re
2851 3019 3246 3091 disseruimus,
3280 3027 3440 3082 allata

1864 3101 2250 3159 observatione
2320 3106 2555 3162 maxime
2627 3110 2976 3166 convenienti
3037 3114 3441 3176 incarnationis

1863 3192 2092 3262 tempori
2127 3195 2408 3263 nimirum,
2437 3206 2489 3251 et
2513 3197 2907 3268 dispensationi
2937 3218 3061 3259 eum
3090 3220 3255 3262 carne
3278 3210 3443 3278 aptis-

1863 3283 2022 3346 sima,
2043 3300 2165 3339 cum
2193 3301 2384 3341 servus
2408 3298 2758 3359 nuncupatus
2781 3300 2883 3358 est,
2909 3308 3031 3348 cum
3063 3297 3303 3365 seipsum
3329 3299 3443 3355 exi-

3329 3390 3437 3448 Sed

1859 3471 2117 3537 quoniam
2161 3473 2497 3543 simpliciora
2536 3475 2791 3547 dogmata
2826 3481 3061 3550 superbe
3092 3481 3349 3554 despicis,
3382 3495 3440 3543 et

1858 3559 2192 3629 exquisitius
2222 3578 2282 3617 ea
2316 3564 2398 3618 vis
2425 3567 2755 3633 examinari,
2791 3583 2892 3641 age
2924 3570 3106 3626 denuo
3133 3579 3256 3630 tuas
3282 3576 3435 3647 obje-

1856 3652 2066 3709 ctiones
2093 3654 2418 3721 refutantes,
2456 3658 2696 3726 primum
2727 3658 2998 3717 dicamus.
3049 3660 3169 3719 Non
3214 3682 3434 3737 semper

1856 3757 2035 3812 neque
2071 3747 2391 3802 necessario
2433 3764 2558 3803 eum
2607 3751 2700 3820 qui
2746 3752 2879 3808 dare
2940 3754 3151 3824 aliquid
3202 3756 3429 3824 dicitur,

1854 3834 2142 3903 accipienti
2180 3838 2421 3894 tribuere
2453 3841 2611 3911 quasi
2658 3857 2766 3896 non
2819 3844 3070 3913 habenti,
3103 3848 3198 3903 sed
3252 3866 3432 3921 neque

1854 3923 2075 3980 dantem
2110 3929 2414 3999 accipiente
2456 3946 2673 4002 semper
2702 3948 2825 3990 esse
2870 3937 3160 4007 majorem.
3211 3942 3430 4011 Alioqui

1852 4015 2018 4081 enim,
2075 4017 2206 4086 quid
2255 4018 2423 4076 facies
2475 4036 2598 4075 cum
2636 4022 2845 4081 videbis
2902 4038 3151 4083 sanctum
3198 4029 3431 4086 Psalmi-

1852 4114 1990 4160 stam
2025 4108 2299 4165 dicentem
2333 4112 2387 4166 in
2420 4111 2632 4182 Spiritu
2656 4133 2668 4168 ι
2695 4115 2874 4188 «ραιε
2900 4121 3130 4190 gloriam
3165 4123 3273 4179 Deo
3291 4125 3375 4177 “?
3402 4146 3421 4179 ι

1849 4195 2004 4253 Anne
2028 4200 2203 4269 gloria
2230 4216 2369 4271 opus
2403 4218 2527 4260 esse
2560 4204 2671 4260 Deo
2701 4210 3040 4277 putabimus,
3074 4215 3425 4284 autmajores

1848 4287 2109 4345 Creatore
2142 4307 2245 4348 nos
2291 4309 2412 4350 esse
2453 4296 2546 4365 qui
2598 4297 2741 4353 hanc
2791 4301 2842 4355 ei
2872 4301 3092 4358 deferre
3131 4305 3431 4374 jubener

1848 4381 2013 4449 Atqui
2044 4389 2101 4436 tu
2136 4382 2189 4437 id
2216 4384 2463 4453 proferre
2495 4402 2605 4442 non
2640 4388 2893 4456 audebis,
2926 4393 3053 4448 licet
3082 4396 3137 4449 in
3169 4396 3428 4470 blasphe-

1846 4471 1974 4527 miis
2000 4476 2218 4544 egregie
2265 4477 2599 4534 exercitatus
2630 4498 2644 4534 :
2673 4480 2818 4537 Deus
2846 4484 2991 4539 enim
3024 4487 3197 4557 gloria
3227 4492 3425 4562 plenus

1860 3376 2089 3441 nanivit,
2111 3378 2165 3430 in
2189 3377 2549 3435 similitudine
2583 3392 2772 3436 nostra
2799 3384 2960 3455 225
2984 3386 3162 3443 factus
3178 3390 3242 3443 η.

161 4542 461 4610 τολμήσεις
487 4542 683 4602 εἰπεῖν,
710 4543 738 4594 6
762 4541 853 4594 τὸν
886 4543 976 4595 ἐπὶ
998 4546 1113 4604 ταῖς
1146 4543 1476 4612 δυσφημίαις
1508 4545 1662 4597 ὄκνον
1682 4546 1743 4598 οὐ

170 4627 621 4649 ___-_-..__'____,_-_
660 4629 979 4649 7‘9-__4_l,,
1028 4630 1111 4649 bll’
1230 4631 1264 4649 εὶ
1304 4631 1342 4649 ιδ
1377 4635 1397 4648 υ
1552 4633 1574 4649 n
1713 4635 1723 4649 I

2041 4541 2056 4543 _
2137 4541 2157 4544 ν
3024 4541 3054 4557 υ
3227 4541 3424 4562 r--__-

1863 4572 1954 4627 ast,
1984 4568 2237 4635 quamvis
2255 4584 2375 4624 eam
2404 4585 2434 4624 a
2459 4573 2618 4629 nobis
2640 4590 2752 4631 non
2779 4578 3035 4649 accipiat.
3060 4580 3215 4646 Quod
3240 4592 3425 4641 autem

164 4627 624 4697 παραιτούμενος·
653 4629 855 4699 πλῆρες
881 4629 988 4699 γὰρ
1024 4630 1180 4698 δόξης
1215 4631 1275 4683 τὸ
1303 4631 1475 4695 Θεῖον,
1512 4633 1614 4687 κᾶν
1666 4635 1740 4705 μὴ

162 4716 388 4784 δέχηται
418 4717 545 4786 παρ’
586 4718 761 4786 ἡμῶν.
800 4720 863 4771 Ὃ
888 4719 944 4771 δὲ
993 4720 1201 4773 οἴκοθεν
1233 4720 1343 4789 ἔχει
1364 4722 1656 4792 λαμϐάνων
1684 4727 1741 4777 ὲν

160 4808 317 4870 τάξει
353 4810 537 4877 τιμῆς,
561 4810 659 4861 οὑκ
694 4810 758 4861 ἂν
780 4810 1014 4863 ἐλάττων
1053 4814 1222 4865 νοοίτό
1251 4832 1378 4867 ποτε
1418 4816 1547 4879 τῶν,
1583 4817 1740 4888 οἵπερ

162 4898 316 4966 αὑτῷ
341 4898 442 4967 τὴν
470 4898 625 4965 δόξαν
666 4899 741 4962 ὡς
762 4899 931 4970 δῶρον
963 4903 1350 4971 προσάγουσιν.
1390 4906 1544 4959 Ἔστι
1562 4906 1740 4961 τοίνυν

159 4992 298 5059 ὀρᾷν
330 4989 422 5042 τὸν
463 4990 719 5058 εἰληφότα
768 5009 819 5045 τι
846 4992 941 5045 τοῦ
989 4993 1280 5058 δεδωκότος
1323 4998 1423 5050 οὐκ
1473 4998 1741 5068 αἰσχίονα,

161 5081 260 5132 καὶ
323 5081 385 5133 οὐ
436 5082 524 5136 διὰ
571 5082 729 5135 τοῦτο
784 5085 1284 5157 μεγαλοφυέστερος
1334 5090 1362 5141 6
1412 5090 1602 5161 Πατὴρ
1648 5091 1740 5144 τοῦ

165 5172 298 5223 ἰδίου
360 5173 731 5243 Γεννήματος,
796 5176 916 5228 ἐπεὶ
966 5178 1144 5229 πᾶσαν
1198 5178 1345 5249 αὐτῷ
1394 5180 1593 5234 δέδωκε
1641 5184 1741 5254 τὴν

161 5262 367 5331 κρίσιν.
405 5259 536 5315 Εἶτα
569 5265 702 5333 πρὸς
743 5266 915 5335 τούτῳ
968 5270 1187 5323 κάκεῖνο
1226 5274 1637 5341 περισκεπτέον·
1679 5276 1740 5328 τὸ

160 5355 391 5426 κρίνειν,
425 5356 540 5425 ἤτοι
593 5356 852 5421 δικάζειν,
908 5360 1174 5429 ἐνέργειαι
1221 5362 1417 5430 μᾶλλόν
1471 5368 1575 5417 εἱσι
1649 5369 1741 5420 καὶ

161 5447 467 5516 πράγματα
510 5446 616 5498 τῶν
658 5450 785 5519 περὶ
829 5450 927 5513 τὰς
956 5451 1141 5513 οὐσίας
1190 5455 1569 5526 νοουμένων,ἢ
1610 5458 1742 5510 αὐτὸ

160 5539 280 5590 κατ’
304 5537 559 5607 ἀλήθειαν
577 5540 773 5594 οὐσίαι.
817 5541 1174 5612 Ἐνεργοῢμεν
1204 5547 1312 5615 γάρ
1334 5563 1386 5599 τι
1408 5547 1740 5614 δικάζοντες,

163 5627 470 5691 ἰδιαζόντως
498 5630 832 5699 ὕπάρχοντες
872 5634 1008 5702 ὅπερ
1029 5634 1216 5703 ἐσμέν.
1244 5636 1303 5688 Εἰ
1330 5637 1385 5688 δὲ
1416 5637 1476 5690 τὸ
1508 5639 1732 5710 κρίνειν,

228 5816 271 5847 δ’
303 5815 449 5871 Psal.
482 5832 665 5887 um,
698 5820 750 5873 8.
829 5821 892 5853 ⁸⁸⁸
920 5820 1060 5876 Psal.
1102 5838 1284 5887 eriv,
1319 5823 1373 5880 8.
1447 5825 1490 5855 ⁸⁷
1530 5826 1543 5880 l
1585 5826 1707 5882 Cor.
1754 5846 1826 5897 Iv,
1876 5832 1924 5887 7.
2006 5833 2048 5864 ”
2082 5831 2278 5905 Philip.
2319 5853 2376 5902 ll,
2409 5838 2461 5893 7.

1848 4669 1880 4706 a
1918 4670 1979 4709 se
2031 4656 2224 4725 habet,
2260 4660 2307 4714 si
2348 4662 2400 4717 id
2445 4664 2673 4721 honoris
2731 4668 2853 4723 loco
2902 4669 3134 4739 accipit,
3184 4676 3292 4729 non
3341 4686 3425 4733 est

1847 4744 2075 4800 inferior
2114 4748 2320 4806 idcirco
2361 4756 2672 4813 censendus
2701 4758 2769 4813 its
2798 4761 2891 4829 qui
2921 4762 3150 4832 gloriam
3186 4766 3287 4834 ipsi
3322 4782 3423 4821 ceu

1849 4836 2052 4890 donum
2075 4838 2334 4896 offerunt.
2366 4842 2520 4901 Licet
2547 4863 2675 4919 ergo
2709 4850 2896 4906 videre
2924 4868 3049 4907 eum
3092 4857 3180 4924 qui
3217 4858 3422 4927 aliquid

1849 4927 2060 4997 accepit
2093 4929 2265 4986 nihilo
2298 4933 2614 4991 inferiorem
2659 4953 2783 4994 esse
2820 4956 2885 4996 eo
2914 4945 3006 5011 qui
3041 4946 3209 5011 dedit,
3248 4964 3423 5019 neque

1844 5015 2072 5082 proinde
2124 5020 2653 5086 magniﬁcentiorem
2701 5026 2922 5085 Patrem
2980 5048 3082 5087 suo
3110 5015 3419 5100 Genimine.

1843 5104 1989 5173 quod
2022 5106 2071 5161 ei
2103 5107 2317 5163 dederit
2347 5116 2823 5183 omnejudicium.
2854 5120 3080 5187 Deinde,
3120 5126 3255 5181 illud
3283 5146 3420 5200 quo-

1842 5210 1948 5263 que
1982 5196 2445 5256 considerandum
2479 5212 2596 5270 est,
2632 5206 2882 5275 judicare
2917 5212 3032 5267 sive
3078 5214 3172 5284 jus
3200 5196 3417 5287 dicere,

1841 5287 2188 5355 operationes
2220 5292 2405 5358 potius
2431 5309 2557 5350 esse
2596 5308 2690 5352 aut
2713 5308 2871 5355 actus
2898 5317 3093 5359 eorum
3125 5323 3243 5375 quae
3269 5311 3417 5366 circa

1842 5379 2182 5436 substantias
2222 5397 2348 5439 esse
2400 5386 2801 5457 intelliguntur,
2832 5409 2996 5462 quam
3037 5397 3186 5466 ipsas
3227 5416 3418 5459 revera

1841 5468 2198 5524 substantias.
2216 5472 2437 5543 Aliquid
2459 5476 2606 5530 enim
2631 5477 2865 5535 facimus
2886 5482 3014 5538 dum
3035 5484 3129 5554 jus
3153 5488 3413 5558 dicimus,

1841 5558 2005 5613 iidem
2035 5576 2267 5629 prorsus
2291 5566 2592 5621 secundum
2622 5570 2987 5630 substantiam
3009 5594 3412 5648 permanentes.

1843 5647 1999 5713 Quod
2048 5650 2095 5705 si
2140 5651 2391 5721 judicare
2430 5658 2800 5716 substantiam
2855 5680 2978 5721 esse
3024 5672 3412 5745 cont-edemus,

2543 5842 2585 5872 δ’
2624 5838 2769 5897 Psal.
2798 5859 2974 5912 vau,
3008 5848 3098 5905 55.
