4206 6510
224 423 324 481 369

1257 419 1319 473 ΙΝ
1363 416 1656 475 JOANNIS
1700 417 2157 474 EVANGELIL'M
2217 420 2343 476 LIB.
2383 421 2445 476 ll.

3384 427 3487 482 570

222 537 313 595 οὖν
367 538 477 607 ἄρα
527 537 687 590 πάλιν
719 538 810 590 καὶ
844 536 975 605 πρὲις
1031 536 1185 588 τοῦτό
1233 552 1395 605 φασιν
1441 536 1487 586 οξ
1530 538 1703 586 πάντα
1730 534 1797 585 τὰ

1908 534 2227 588 substantiae
2269 536 2461 591 deest?
2489 536 2629 601 Quid
2685 536 2849 605 igitur
2890 536 2957 591 ad
3002 536 3118 591 haec
3153 541 3489 607 respondent

222 628 352 697 ὀρθά
383 627 819 696 διαστρέφοντες,
858 625 932 689 ὼς
962 626 989 676 6
1020 625 1305 695 προφήτης
1331 624 1495 692 φησὶν
1543 624 1802 686 Ἠσαῖας;

223 719 283 775 Εἰ
320 719 407 771 διὰ
430 720 490 771 τὸ
515 718 791 786 λέγεσθαι,
830 717 994 787 φησίν
1015 732 1027 744 ·
1070 733 1088 767 t
1136 716 1251 769 ’Ὶνα
1285 717 1461 768 πάντα
1490 716 1687 785 τιμῶσι
1716 714 1805 765 τὸν

223 808 366 871 Υίὸν,
394 808 536 862 καθὰ
582 809 786 878 τιμῶσι
838 808 930 861 τὸν
968 807 1208 877 Πατέρα,
1249 826 1267 858 ι
1309 805 1559 877 νομίζετε
1603 806 1803 878 χρῆναι

222 901 307 954 τὸν
335 901 464 954 Υίὸν
497 901 801 972 ἰσομέτροις
833 899 908 969 τῷ
930 900 1104 972 Πατρὶ
1136 899 1566 968 κατασεμνύνειν
1594 901 1800 968 τιμαῖς,

220 995 462 1059 ἀγνοεῖτε
493 992 589 1063 τῆς
612 991 866 1059 ἀληθείας
898 991 1113 1061 μακράν
1143 1007 1239 1043 που
1264 989 1584 1059 βαδίζ.ντες.
1606 991 1677 1042 Οὐ
1698 991 1804 1059 γὰρ

222 1085 435 1148 πάντως
462 1086 521 1136 τὸ
562 1104 578 1135 ι
625 1082 806 1145 καθὼς
844 1103 862 1135 ›
902 1082 1120 1153 ἰσότητα
1170 1082 1510 1152 πραγμάτων
1539 1081 1802 1149 είσφέρει,

220 1177 344 1230 καθ’
368 1171 442 1230 ὦν
485 1177 548 1228 ἂν
595 1177 838 1244 φαίνοιτο
878 1174 1052 1237 τεθὲν,
1092 1174 1352 1241 ὁμοίωσιν
1392 1173 1448 1225 δέ
1486 1188 1608 1224 τινα
1637 1188 1807 1243 χαρα-

221 1265 471 1338 κτηρίζει
525 1267 802 1331 πολλάκις,
835 1261 966 1329 οἷον,
997 1265 1183 1336 φησὶν,
1213 1265 1241 1316 6
1274 1266 1465 1335 Σωτήρ
1515 1281 1616 1316 που
1670 1280 1805 1333 συμ-

221 1358 485 1424 6ουλεύει,
518 1360 692 1427 λέγων
725 1376 737 1388 ·
777 1377 795 1410 ι
834 1358 1054 1411 Γίνεσθε
1088 1358 1428 1427 οἰκτίρμονες
1450 1396 1462 1417 ,
1493 1354 1674 1419 καθὼς
1712 1355 1806 1407 καὶ

221 1453 249 1503 6
284 1452 476 1521 Πατὴρ
529 1451 682 1520 ὑμῶν
729 1452 758 1503 6
808 1449 1056 1519 οὐράνιος
1100 1450 1396 1518 οἰκτίρμων
1426 1446 1591 1498 ἐστίν.
1628 1464 1647 1495 ›
1688 1441 1807 1514 Ἆρ’

219 1536 313 1593 οὖν
337 1539 572 1609 ἐσόμεθα
598 1540 1033 1609 φιλοικτίρμονες
1069 1539 1239 1602 οὕτως
1259 1580 1274 1603 ,
1301 1538 1376 1599 ὡς
1414 1539 1443 1589 6
1472 1537 1683 1606 Πατὴρ,
1719 1536 1805 1587 διὰ

217 1631 281 1684 τὸ
316 1651 336 1682 ι
374 1632 585 1696 καθώςς
629 1652 646 1683 ι
685 1631 795 1685 Καὶ
823 1631 983 1685 πάλιν
1016 1634 1044 1684 6
1086 1631 1318 1700 Χριστὸς
1341 1630 1490 1697 λέγει
1531 1629 1667 1698 πρὸς
1716 1626 1805 1677 τὸν

219 1722 419 1775 ἑαυτοῦ
456 1724 676 1793 Πατέρα
722 1723 849 1793 περί
886 1721 996 1774 τῶν
1051 1718 1341 1791 μαθητῶν·
1415 1738 1431 1769 ι
1488 1718 1807 1783 Ὴγάπησας

215 1816 439 1877 αὐτοὺς,
464 1814 645 1879 καθὼς
674 1815 773 1884 ἐμὲ
806 1814 1124 1882 ἠγάπησας.
1162 1830 1181 1863 ι
1222 1811 1364 1864 Ἀλλ’
1394 1812 1493 1880 οὐχ
1523 1809 1666 1863 οὓτω
1701 1806 1803 1859 δώ-

220 1921 389 1974 σομεν
418 1904 734 1973 ὴγαπῆσθαι
776 1904 899 1965 τοὺς
938 1902 1203 1972 μιθητὰς,
1235 1901 1311 1962 ὼς
1332 1901 1421 1953 τὸν
1454 1899 1581 1952 Υίὸν
1614 1898 1798 1961 πάλιν,

216 1994 308 2047 διὰ
336 1994 397 2046 τὸ
430 2013 449 2046 ι
494 1993 694 2055 καθώς,
736 2011 754 2044 ι
786 1993 851 2045 Τί
886 1987 975 2046 οὖν
1007 1983 1389 2061 εὑρεσιλογεῖς,
1410 1989 1505 2041 καὶ
1530 1986 1801 2057 ἀποϐιάζῃ

215 2085 321 2155 τὴν
349 2084 490 2150 λέξιν
519 2088 598 2157 ei;
629 2084 962 2154 δυσφημίαν,
992 2082 1249 2152 οὐδεμίαν
1278 2083 1391 2143 τοῖς
1430 2079 1800 2149 ἀκροωμένοις

219 2177 471 2247 ἀνάγκην
495 2177 875 2245 εἰσφέρουσαν,
910 2175 989 2240 είς
1022 2174 1082 2228 τὸ
1115 2173 1315 2244 χρῆναι
1343 2174 1506 2243 τιμᾷν
1536 2171 1625 2224 τὸν
1651 2170 1798 2236 Υἱὸν,

188 2269 278 2320 ’ἐν
313 2268 413 2338 ἴσῳ
450 2267 631 2338 μέτρῳ
678 2265 756 2337 τῷ
803 2265 1071 2336 φύσαντις
1103 2263 1176 2317 Τί
1200 2258 1290 2316 οὖν
1322 2262 1455 2333 πρὸς
1488 2259 1659 2314 ταῦτα
1708 2260 1799 2311 καὶ

220 2360 354 2429 παρ’
376 2358 567 2429 ήμὼν;
603 2361 823 2429 Πικροίς
857 2359 955 2428 μὲν
1001 2356 1157 2427 ἡμῶν
1188 2353 1588 2408 καθυλακτοῦσι
1623 2352 1799 2421 λόγοις

216 2454 266 2503 ο]
301 2449 580 2519 θεομάχοι,
601 2449 712 2501 ἀλλ’
736 2448 840 2512 ἔξω
862 2448 989 2511 τοὺς
1015 2447 1293 2512 κύνας,ὠς
1316 2448 1343 2499 6
1375 2446 1583 2511 Παῦλός
1614 2434 1795 2517 φησιν,

219 2542 329 2605 ἔξω
356 2542 483 2604 τοὺς
534 2540 737 2602 κακοὺς
779 2540 1019 2609 ἐργάτας
1044 2578 1059 2600 ,
1094 2538 1198 2604 ἔξω
1228 2540 1325 2605 τῆς
1357 2538 1521 2608 ὀρθῆς
1567 2539 1801 2601 πίστεως

219 2633 321 2702 τὴν
350 2633 663 2701 κατατομήν
682 2647 693 2658 ’
719 2634 881 2701 ἡμεῖς
915 2630 1025 2702 γάρ
1071 2632 1235 2699 ἐσμεν
1267 2628 1522 2698 ἀληθείας
1548 2630 1673 2691 uici,
1707 2630 1799 2681 καὶ

217 2725 389 2776 τέκνα
415 2725 608 2792 φωτός.
634 2722 817 2776 Διάτοι
846 2723 1005 2776 τοῦτο
1039 2722 1128 2775 τὸν
1159 2723 1438 2790 Μονογενῆ
1464 2719 1542 2789 τῷ
1566 2719 1684 2789 Θεῷ
1708 2719 1800 2771 καὶ

220 2814 401 2883 Πατρλ
458 2813 865 2882 συνδοξάζομεν,
893 2813 954 2864 οὐ
1002 2811 1144 2864 κατά
1191 2828 1312 2862 τινα
1358 2810 1654 2878 διαφορὰν,
1685 2809 1798 2861 ἀλλ’

220 2907 281 2957 ἐν
318 2904 521 2973 ἰσότητι
553 2904 716 2974 τιμῆς
743 2921 800 2957 τε
830 2904 924 2956 καὶ
955 2902 1131 2971 δόξης,
1159 2904 1233 2963 ὡς
1265 2901 1395 2953 Θεὸν
1425 2903 1488 2953 ἐκ
1521 2900 1677 2962 Θεοῦ,
1707 2900 1800 2953 καὶ

221 2994 341 3061 φῶς
368 2996 433 3047 ἐκ
467 2994 664 3063 φωτὸς,
698 2996 793 3048 καὶ
828 2994 971 3064 ζωὴν
1000 2997 1062 3046 ἐκ
1108 2993 1270 3062 ζωῆς.
1302 2994 1412 3045 Καὶ
1440 2992 1796 3062 περιεργάζε-

221 3086 349 3139 σθαι
376 3087 473 3156 μέν
505 3088 565 3139 τὸ
597 3088 775 3140 πίστει
807 3086 1165 3157 παραδεκτὸν,
1208 3085 1279 3146 ὡς
1312 3085 1402 3137 ἐπὶ
1430 3084 1675 3137 πλεῖστον
1700 3086 1799 3136 οὐκ

220 3179 469 3247 ἀσῳαὶές
490 3195 501 3207 ·
540 3177 887 3248 βασανιστέον
914 3177 959 3229 δ’
980 3171 1071 3229 οὖν
1101 3177 1247 3245 ὅμως
1274 3177 1365 3228 καὶ
1388 3174 1481 3227 τοῦ
1514 3193 1532 3225 ‹
1569 3173 1749 3237 καθὼς
1776 3194 1792 3225 ι

218 3270 325 3338 τὴν
375 3269 602 3339 δύναμιν
629 3308 643 3330 ,
672 3270 758 3322 ἵνα
804 3270 878 3339 μὴ
921 3267 1060 3337 μέγα
1094 3266 1363 3336 φρονῶσιν
1398 3267 1481 3334 ἐφ’
1508 3266 1719 3327 ἑαυτοῖς
1753 3265 1800 3316 oi

218 3361 286 3413 δι’
323 3361 589 3423 ἐναντίας.

294 3533 504 3585 Οὐκοῦν
537 3534 627 3583 ἐπὶ
656 3536 752 3601 μὲν
778 3530 881 3582 τῶν
909 3528 1172 3597 ἀνομοίων
1212 3522 1350 3580 κατὰ
1374 3529 1471 3597 τὴν
1505 3528 1665 3594 φύσιν
1704 3529 1793 3579 ὅτε

220 3624 479 3674 τάττεται
530 3621 588 3673 τὸ
640 3642 655 3670 ι
701 3619 899 3685 καθὼς,
939 3638 954 3669 ›
1019 3620 1078 3672 οὐ
1120 3621 1337 3682 πάντως
1389 3618 1804 3689 ἀπαράλλακτον

219 3716 359 3783 ἡμῖν
386 3712 625 3781 εἰσφέρει
656 3712 753 3781 τὴν
785 3712 1027 3779 ἰσότητα,
1058 3712 1353 3781 ὁμοιότητα
1379 3711 1435 3762 δὲ
1466 3711 1662 3779 μᾶλλον
1713 3711 1805 3762 καὶ

215 3805 557 3873 εἰκονισμου,
592 3805 665 3867 ὼς
699 3804 794 3856 καὶ
829 3802 979 3855 αὐτοὶ
1004 3804 1368 3873 προλαςὸντες
1394 3802 1802 3872 ὠμολογήκατε.

214 3902 352 3952 Ἐπὶ
410 3898 464 3949 δὲ
522 3896 627 3950 τῶν
687 3896 935 3966 ἀλλήλοις
984 3896 1120 3948 κατὰ
1176 3896 1352 3947 πάντα
1410 3895 1806 3965 προσεοικότων

214 3990 383 4060 εἴπερ
435 3988 606 4057 ὁρῷτο
661 3988 833 4051 τεθὲν,
879 3986 971 4040 καὶ
1013 3987 1232 4055 ἰσότητα
1286 3989 1382 4056 τὴν
1436 3987 1493 4038 ἐν
1546 3989 1675 4039 πᾶσι
1714 3989 1806 4039 καὶ

212 4082 515 4149 ὁμοιότητα
554 4080 723 4149 δηλοῖ,
772 4080 865 4130 καὶ
915 4079 966 4130 εί
1007 4097 1058 4130 τι
1094 4077 1299 4140 τούτοις
1330 4079 1516 4149 ἕτερον
1566 4079 1806 4131 ἰσοδυναο

218 4172 365 4242 μοῦι
387 4172 721 4241 εὑρίσκεται.
750 4166 873 4222 υἷὸν
906 4169 1116 4239 τίφημι
1140 4187 1151 4198 ·
1180 4170 1444 4240 Λαμπρδς
1498 4171 1593 4238 μὲν
1622 4172 1650 4221 6
1688 4172 1806 4222 κατ’

211 4264 454 4332 οὐρανὸν
490 4266 635 4314 εστιν
664 4261 835 4331 ἥλιος,
866 4260 1115 4331 λαμπρὸς
1137 4260 1192 4313 δὲ
1212 4261 1416 4329 ὁμοίως
1446 4262 1540 4313 καὶ
1590 4264 1616 4315 6
1642 4260 1808 4331 γῆθεν

210 4358 489 4426 ἄργυρος,
525 4354 637 4407 ἀλλ’
663 4356 694 4421 ἡ
731 4355 829 4423 μὲν
860 4353 1019 4421 φύσις
1047 4353 1152 4407 τῶν
1179 4353 1487 4425 εἰρημένων
1529 4355 1807 4426 διάφορος.

212 4444 470 4501 Νοείσθω
498 4445 554 4497 δέ
577 4463 654 4507 τις
681 4445 840 4513 τυχὸν
868 4443 1083 4496 τῶνέπὶ
1111 4444 1213 4513 γῆς
1241 4444 1653 4510 πλουσίων,τοῖς
1684 4447 1805 4499 κατ’

1836 1874 1878 1928 Β

1908 640 2131 679 rursum
2179 626 2271 693 qui
2325 627 2509 680 omnia
2559 638 2704 681 recta
2741 634 3078 695 pervertunt,
3118 635 3176 681 ut
3206 627 3286 681 ait
3316 628 3487 683 isaias

1910 719 2173 785 prepheta
2200 716 2283 769 ⁵⁵2
2306 715 2360 769 Si
2393 732 2460 770 ex
2491 733 2554 771 eo
2578 716 2725 788 quod
2753 719 3017 786 scriptum
3045 726 3153 781 est,
3192 718 3488 790 inquiunt:

1913 827 1928 858 ι
1972 806 2041 861 Ut
2080 806 2448 861 honoriﬁcent
2496 806 2716 869 Filium,
2764 808 2911 862 sicut
2962 807 3331 864 honoriﬁcant
3381 807 3487 863 Pa-

1907 909 2067 967 trem,
2112 920 2131 953 ›
2166 901 2503 956 existimatis
2549 898 2749 955 Filium
2799 900 3107 971 aequalibus
3160 916 3283 955 cum
3327 900 3489 956 Patro

1908 993 2209 1048 honoribus
2259 1007 2384 1047 esse
2435 991 2842 1054 decorandum,
2902 991 3133 1047 nescitis
3178 1006 3207 1044 a
3260 993 3491 1048 veritate

1908 1085 2068 1152 longe
2091 1097 2190 1136 vos
2226 1083 2441 1137 abesse.
2473 1079 2591 1134 Non
2624 1080 2770 1133 enim
2800 1094 2931 1133 sane
2963 1079 3135 1134 dictio
3173 1080 3298 1142 ista,
3329 1099 3346 1129 ι
3374 1081 3487 1134 sic-

1909 1184 1989 1240 ut,
2032 1192 2050 1225 ›
2094 1172 2464 1243 aequalitatem
2504 1186 2693 1225 earum
2744 1185 2928 1223 rerum
2962 1170 3029 1226 de
3059 1171 3260 1241 quibus
3288 1170 3492 1224 dicitur

1908 1265 2201 1334 signiﬁcat,
2233 1262 2329 1318 sed
2352 1262 2646 1333 quamdam
2674 1262 2834 1331 227
2861 1260 3279 1316 similitudinem
3305 1263 3491 1330 potius

1907 1356 2138 1417 indicat,
2179 1354 2453 1425 quomodo
2485 1351 2756 1418 Salvator,
2797 1352 3079 1420 inquiunt,
3113 1352 3315 1406 alicubi
3355 1366 3489 1405 con-

1909 1448 2061 1512 sulit,
2086 1447 2279 1501 dicens
2315 1466 2327 1499 :
2362 1463 2379 1495 ι
2412 1444 2602 1499 Estote
2633 1444 3052 1509 misericordes,
3085 1444 3230 1500 sicut
3257 1453 3310 1498 et
3333 1444 3494 1498 Pater

1907 1548 2091 1595 vester
2141 1540 2232 1593 ille
2268 1538 2514 1593 caelestis
2546 1547 2631 1591 est
2656 1538 2723 1590 ⁵⁵.
2770 1560 2787 1589 ι
2818 1540 2899 1591 An
2936 1553 3065 1607 ergo
3097 1536 3493 1594 misericordia:

1908 1638 2157 1686 amantes
2182 1631 2414 1692 erimus,
2449 1630 2677 1699 perinde
2711 1636 2878 1697 atque
2921 1627 3106 1691 Pater,
3149 1636 3372 1697 propter
3406 1626 3493 1680 di-

1908 1724 2150 1779 ctionem
2190 1724 2360 1786 illam,
2400 1739 2419 1771 ‹
2466 1722 2650 1776 sicut?
2684 1740 2701 1773 ι
2742 1721 2897 1784 Item,
2938 1718 3196 1775 Christus
3228 1719 3295 1772 ad
3329 1733 3492 1773 suum

1908 1815 2124 1869 Patrem
2149 1813 2216 1868 de
2238 1813 2530 1883 discipulis
2553 1812 2627 1864 ait
2651 1829 2664 1865 :
2699 1829 2717 1862 ι
2748 1810 2997 1867 Dilexisti
3022 1826 3139 1874 eos,
3167 1810 3309 1865 sicut
3328 1819 3381 1864 et
3409 1824 3495 1862 me

1908 1906 2146 1961 dilexisti
2178 1906 2246 1957 ⁸⁸.
2286 1920 2304 1956 ι
2340 1910 2409 1956 At
2469 1917 2817 1971 nequaquam
2859 1903 3231 1956 concedemus
3259 1900 3494 1955 dilectos

1907 2011 2030 2051 esse
2091 1995 2396 2065 discipulos
2451 1992 2680 2064 perinde
2736 2007 2800 2049 ac
2856 1990 3057 2048 Filium
3132 2000 3353 2062 propter
3405 1991 3498 2045 di-

1906 2088 2144 2142 ctionem
2204 2087 2385 2151 illam,
2441 2104 2459 2136 ι
2521 2085 2685 2139 sicut.
2735 2102 2753 2135 ι
2802 2081 2945 2149 Quid
3003 2097 3133 2153 ergo
3189 2081 3390 2136 frustra
3444 2092 3497 2136 te

1906 2178 2085 2248 augis,
2114 2184 2168 2231 et
2210 2176 2509 2231 dictionem
2544 2174 2595 2227 vi
2625 2179 2923 2243 detorques
2972 2172 3027 2226 in
3073 2170 3497 2241 blasphemiam,

1907 2284 2031 2339 qua:
2071 2269 2281 2322 nullam
2311 2265 2664 2321 auditoribus
2714 2265 3106 2319 necessitatem
3159 2262 3321 2317 all‘ert
3370 2260 3496 2315 Filii

1906 2354 2192 2423 aaqualiter
2240 2368 2365 2407 cum
2418 2352 2581 2407 Patre
2614 2350 2961 2407 honorandi!
3004 2351 3146 2417 Quid
3189 2351 3359 2421 igitur
3406 2350 3500 2406 his

1908 2444 2277 2514 reponimus?
2326 2442 2559 2497 Acerbis
2612 2441 2836 2510 quidem
2894 2440 2948 2494 in
2998 2454 3099 2495 nos
3143 2439 3346 2495 latrant
3399 2438 3498 2496 Dei

1908 2535 2097 2590 hostes
2136 2534 2486 2589 sermonibus
2531 2552 2545 2587 :
2589 2532 2682 2588 sed
2730 2532 2879 2587 foras
2929 2546 3135 2595 canes,
3176 2542 3235 2586 ut
3283 2530 3488 2587 Paulus

1906 2627 2075 2689 ait",
2108 2626 2255 2681 foras
2287 2626 2418 2679 mali
2455 2624 2715 2694 operarii,
2759 2623 2909 2678 foras
2942 2632 3107 2677 recta:
3144 2623 3267 2678 ﬁdei
3304 2623 3498 2693 depra-

1907 2718 2054 2770 vatio
2086 2735 2098 2769 :
2128 2732 2228 2771 nos
2255 2716 2401 2771 enim
2436 2717 2685 2771 veritatis
2721 2714 2817 2770 ﬁlii
2845 2731 3061 2777 sumus,
3095 2723 3150 2768 et
3182 2715 3323 2769 lucis
3356 2729 3492 2784 prou

1908 2810 2007 2863 les.
2069 2809 2275 2862 Idcirco
2316 2806 2665 2877 Unigenitum
2733 2822 2839 2861 una
2898 2822 3023 2860 cum
3074 2806 3186 2861 Deo
3226 2815 3281 2861 et
3329 2807 3494 2861 Patre

1906 2899 2410 2966 conglorilicamus,
2432 2912 2543 2952 non
2577 2896 2881 2952 secundum
2908 2897 3075 2951 ullam
3110 2896 3494 2951 differentiam.

1906 2989 1999 3043 sed
2040 2988 2352 3055 aequalitate
2382 2988 2611 3041 honoris
2650 2993 2704 3041 et
2730 2986 2939 3055 gloriae,
2966 2994 3033 3039 ut
3064 2983 3235 3041 Deum
3261 2987 3327 3041 de
3361 2985 3495 3051 Deo,

1904 3090 1959 3134 et
1991 3081 2169 3133 lumen
2200 3078 2267 3133 de
2307 3080 2535 3141 lumine,
2572 3086 2626 3133 et
2652 3080 2816 3133 vitam
2846 3096 2909 3134 ex
2943 3079 3077 3132 vita.
3109 3078 3173 3130 Et
3201 3086 3352 3132 certe
3404 3091 3498 3130 cu-

1915 3170 2117 3225 riosius
2144 3170 2379 3223 scrutari
2417 3169 2563 3239 quod
2608 3168 2712 3223 ﬁde
2759 3170 3067 3239 suscipitur
3093 3176 3153 3221 ut
3200 3167 3496 3237 plurimum

1908 3270 2081 3315 tutum
2148 3277 2257 3314 non
2310 3268 2436 3327 est;
2475 3271 2867 3315 verumtamen
2908 3257 3281 3315 examinanda
3332 3259 3498 3315 nobis

1904 3362 1989 3409 est
2023 3354 2106 3408 vis
2142 3353 2290 3407 illius
2330 3352 2590 3406 dictionis
2623 3372 2640 3403 ι
2684 3352 2852 3419 sicut,
2900 3371 2917 3402 ›
2965 3367 3033 3407 ne
3074 3350 3379 3405 adversarii
3412 3350 3498 3404 ni-

1905 3446 2047 3499 mios
2079 3444 2187 3499 sibi
2215 3444 2447 3513 spiritus
2478 3450 2787 3499 assumant.

1977 3536 2165 3606 Igitur,
2202 3550 2327 3588 cum
2363 3535 2453 3587 illa
2482 3534 2673 3596 dictio,
2722 3555 2739 3586 ι
2778 3536 2943 3598 sicut,
2986 3554 3003 3585 ι
3058 3533 3125 3590 de
3160 3547 3359 3589 natura
3393 3534 3482 3588 di-

1905 3628 2080 3683 versis
2107 3625 2355 3691 eﬁ'ertur,
2389 3634 2521 3680 tunc
2553 3642 2660 3679 non
2696 3625 3066 3680 omnimodam
3092 3627 3484 3697 :equalitatem,

1906 3721 2000 3775 sed
2034 3718 2458 3774 similitudinem
2498 3718 2681 3788 potius
2721 3727 2775 3772 et
2829 3720 3118 3789 imaginem
3184 3719 3498 3790 signiﬁcat,

1908 3818 1966 3863 ut
1995 3818 2048 3863 et
2075 3810 2178 3878 ipsi
2223 3809 2377 3878 prius
2408 3808 2654 3863 confessi
2690 3810 2847 3865 estis.
2876 3809 3034 3876 Quod
3060 3812 3102 3865 si
3132 3810 3197 3865 de
3225 3811 3291 3864 iis
3317 3810 3494 3878 posita

1908 3902 2157 3954 videatur
2189 3914 2311 3970 qua:
2348 3900 2721 3954 omnimodam
2782 3902 2925 3955 inter
2959 3918 3017 3956 se
3073 3902 3493 3956 similitudinem

1910 3993 2135 4059 habent,
2178 4001 2232 4047 et
2262 3993 2632 4062 aequalitatem
2668 3994 2721 4045 in
2756 3994 3033 4055 omnibus,
3060 4006 3113 4048 et
3167 3993 3488 4047 similitudi~

1910 4098 2030 4137 nem
2060 4083 2353 4153 signiﬁcat,
2374 4084 2499 4136 etsi
2533 4081 2661 4151 quid
2690 4082 2778 4135 his
2800 4084 2943 4137 aliud
2975 4082 3257 4150 cujusdam
3277 4081 3499 4135 virtutis

1910 4174 2200 4244 reperitur.
2252 4174 2503 4245 Exempli
2561 4175 2779 4244 gratia:
2817 4176 2899 4229 sol
2962 4177 3017 4229 in
3048 4176 3189 4229 coelo
3249 4176 3414 4247 nitet,
3442 4186 3497 4229 et

1911 4273 2197 4335 argentum
2238 4264 2306 4319 de
2332 4276 2481 4319 terra
2515 4267 2809 4321 similiter:
2846 4266 2941 4321 sed
2996 4267 3139 4319 inter
3201 4283 3259 4322 se
3299 4277 3491 4322 natura

1911 4356 2250 4424 discrepant.
2286 4355 2590 4426 Fingamus
2620 4368 2802 4412 autem
2851 4359 3087 4427 aliquem
3124 4359 3343 4412 divitem
3376 4358 3513 4412 suis-

1911 4446 2229 4503 domesticis
2265 4448 2455 4503 forsan
2483 4448 2708 4503 dicere:
2747 4446 2973 4519 Fulgcat
3013 4457 3298 4519 argentum
3350 4450 3493 4503 sicut

211 4534 375 4589 οἷκον
402 4536 665 4596 οἰκέταις.
706 4535 1007 4603 Λαμπέτω,
1044 4533 1236 4603 λέγων,
1269 4536 1296 4586 6
1326 4536 1591 4605 ἄργυρος,
1630 4536 1802 4600 καθὼς

1917 4540 1999 4593 sol
2028 4556 2042 4605 ;
2072 4539 2196 4606 jure
2234 4538 2459 4607 quidem
2523 4546 2636 4593 tum
2674 4540 2925 4593 dicemus
2986 4541 3268 4593 materiam
3319 4547 3493 4593 terre-

210 4629 320 4681 καὶ
341 4628 368 4678 ὀ
391 4627 560 4695 ἣλιος·
592 4628 647 4678 ἐν
675 4626 847 4696 τούτῳ
884 4626 947 4697 δὴ
979 4626 1125 4697 μάλα
1168 4626 1390 4689 δικαίως
1437 4628 1537 4680 οὑκ
1579 4629 1658 4691 εἰς
1709 4627 1807 4698 τὴν

212 4721 351 4787 ῖσην
399 4718 711 4770 ἀναϐαίνειν
766 4718 1126 4787 λαμπρότητα
1162 4718 1240 4788 τῷ
1294 4718 1428 4788 ἡλίῳ
1469 4719 1567 4787 τὴν
1607 4721 1671 4772 ὲκ
1708 4722 1808 4791 γῆς

206 4810 358 4877 ὕλην
386 4807 588 4875 φαμὲν,
621 4807 733 4859 ἀλλ’
765 4809 842 4869 εἰς
861 4806 1117 4875 ὁμοίωσίν
1140 4823 1263 4860 τινα
1340 4810 1434 4860 καὶ
1487 4809 1805 4878 ἐμφέρειαν,

205 4901 319 4953 καὶ
342 4901 392 4951 ε]
416 4900 634 4968 φέροιτο
656 4900 773 4950 κατ’
808 4897 972 4950 αὑτοῦ
1002 4898 1061 4950 τὸ
1101 4916 1118 4948 ι
1154 4898 1358 4962 καθώς.
1409 4920 1426 4952 ι
1477 4900 1685 4971 Πέτρου
1728 4901 1806 4962 δὲ,

202 4993 315 5044 καὶ
342 4991 591 5044 Ἰωάννου
624 4990 785 5059 τυχὸν
805 4988 912 5042 τῶν
935 4989 1105 5057 ἁγίων
1138 4990 1399 5059 μαθητῶν
1448 4993 1804 5062 παρενεχθέν-

199 5101 332 5138 των
364 5085 446 5145 είς
474 5083 655 5151 μέσον,
686 5085 734 5135 οἳ
765 5085 860 5135 καὶ
893 5082 970 5151 τῷ
999 5083 1098 5151 τῆς
1147 5082 1361 5150 φύσεως
1399 5084 1560 5153 λόγῳ,
1614 5087 1704 5137 καὶ
1736 5088 1800 5155 τῇ

200 5178 302 5237 εἰς
346 5173 483 5226 Θεὸν
516 5174 765 5243 εὐσεϐείᾳ
785 5175 881 5243 τῆς
913 5173 1048 5244 πρὸς
1068 5174 1327 5243 ἀλλήλους
1348 5175 1604 5246 ἀκριϐοῦς
1625 5178 1804 5246 ὁμοιό-

197 5282 384 5335 τητος
414 5264 517 5317 οὐκ
545 5264 1035 5333 ἀπολιμπάνονται,
1084 5263 1328 5334 τετάχθω
1371 5266 1432 5317 τὸ
1483 5284 1499 5316 ι
1540 5266 1740 5329 καθὼς,
1781 5289 1797 5318 ι

196 5356 473 5424 λέγοντός
492 5371 637 5427 τινος
665 5355 792 5426 περὶ
815 5355 1017 5419 αὐτῶν,
1049 5355 1124 5417 ὼς
1162 5357 1218 5408 ἐν
1238 5356 1596 5427 ὑποκειμένῳ·
1634 5361 1804 5428 Τιμά-

200 5444 337 5497 σθω
380 5443 533 5512 παρὰ
560 5444 777 5497 πάντων
806 5444 1084 5514 Ἰωάννης,
1130 5444 1312 5507 καθὼς
1360 5448 1453 5498 καὶ
1491 5448 1518 5499 ὁ
1562 5448 1800 5519 Πέτρος·

195 5533 330 5605 ὅρα
361 5534 426 5585 τὸ
470 5556 487 5584 ι
523 5534 702 5598 καθὼς
747 5554 764 5586 ι
795 5537 1047 5605 ἀτονήσει
1083 5534 1243 5587 πάλιν
1278 5538 1355 5598 εἰς
1383 5537 1443 5588 τὸ
1482 5540 1555 5608 μὴ
1583 5539 1691 5592 δεῖν

194 5629 430 5696 ἀμφοῖν
470 5624 564 5693 τὴν
596 5625 715 5693 ἴσην
742 5626 967 5693 ἄγεσθαι
1014 5629 1210 5695 τεμή“ι;
1278 5627 1413 5678 Ἀλλ’
1450 5629 1546 5681 οὒκ
1591 5631 1675 5693 ἂν,
1736 5630 1802 5685 οἷ-

330 5807 380 5833 "
426 5804 534 5857 lum
570 5803 729 5860 Muli.
757 5825 835 5861 Ill.
869 5810 919 5859 9.
998 5809 1040 5835 ⁸⁵
1083 5807 1212 5861 Luc.
1252 5824 1320 5869 vt,
1360 5807 1445 5859 50'.

1523 5807 1564 5833 δη
1608 5803 1763 5860 dum.
1797 5825 1927 5874 xvn,
1964 5809 2052 5861 25.

1914 4639 2080 4684 strcm
2114 4628 2178 4683 ad
2210 4630 2477 4697 :rqualem
2502 4644 2626 4683 cum
2661 4631 2776 4685 sole
2814 4630 3167 4699 splendorem
3197 4645 3305 4683 non
3338 4646 3493 4684 accc-

1914 4720 2065 4786 dere,
2102 4719 2197 4774 sed
2228 4720 2293 4772 ad
2335 4719 2754 4774 similitudinem
2787 4720 3083 4791 quamdam
3136 4728 3189 4774 et
3238 4720 3491 4788 elligiem,

1914 4812 2131 4868 etiamsi
2166 4815 2229 4867 de
2271 4813 2390 4882 ipso
2425 4812 2687 4867 ell‘eratur
2719 4813 2810 4866 illa
2844 4813 3034 4873 dictio,
3072 4833 3087 4862 ι
3128 4811 3291 4868 sicut.
3336 4830 3355 4862 ι
3420 4810 3494 4864 De

1912 4904 2075 4957 Petro
2110 4918 2236 4956 vero
2263 4913 2315 4955 et
2349 4902 2564 4956 Joanne
2604 4905 2813 4958 sanctis
2845 4904 3139 4972 discipulis
3162 4941 3175 4966 ,
3219 4902 3328 4972 qui.
3361 4918 3487 4955 cum

1916 5006 2121 5051 natura:
2152 4996 2382 5054 ratione,
2441 5002 2556 5046 tum
2624 4994 2825 5063 pietate
2887 4998 2937 5048 in
2978 4994 3147 5049 Deum
3187 4993 3487 5063 perfectam

1914 5089 2058 5141 inter
2087 5102 2146 5140 se
2178 5084 2591 5140 similitudinem
2619 5086 2845 5150 habent,
2874 5084 3133 5139 eﬁeratur
3169 5085 3267 5140 illa
3294 5084 3487 5146 dictio.

1921 5200 1937 5231 ι
1980 5179 2143 5238 sicut,
2184 5196 2200 5225 ι
2238 5184 2292 5229 ει
2339 5176 2487 5230 dicat
2516 5177 2813 5246 quispiam,
2851 5177 3085 5246 exempli
3135 5192 3299 5231 causa
3333 5196 3345 5230 :
3382 5175 3491 5231 lio-

1916 5281 2140 5323 norctur
2170 5268 2237 5321 ab
2272 5267 2536 5321 omnibus
2582 5266 2823 5323 Joannes
2865 5268 3012 5322 sicut
3052 5276 3107 5322 et
3140 5266 3374 5333 Petrus;
3419 5282 3486 5320 an

1913 5359 2003 5411 illa
2035 5356 2225 5418 dictio,
2257 5376 2273 5406 ι
2318 5358 2484 5416 sicut,
2527 5374 2544 5405 ›
2580 5357 2898 5425 neutiquam
2935 5354 3270 5425 signiﬁcabit
3308 5371 3490 5422 aequa-

1914 5451 2018 5504 lem
2054 5448 2272 5515 utrique
2304 5464 2427 5504 esse
2460 5447 2808 5502 tribuendum
2849 5447 3013 5517 228
3046 5447 3350 5502 honorem?
3381 5445 3484 5501 Sed

1913 5557 2091 5603 nemo,
2130 5548 2187 5591 ιιι
2236 5555 2379 5602 reor,
2427 5539 2568 5593 istud
2608 5539 2847 5593 dixerit:
2904 5538 3042 5593 nihil
3093 5537 3239 5594 enim
3279 5538 3486 5595 videbit

1914 5630 2055 5703 quod
2095 5631 2382 5701 prohibeat
2416 5631 2459 5685 si
2520 5631 2658 5684 ratio
2701 5630 3122 5700 signiﬁcationis
3184 5618 3479 5699 specteiur.

2134 5809 2175 5837 δ’
2215 5806 2445 5878 Philipp.
2488 5824 2542 5860 ιιι
2575 5848 2586 5869 ,
2631 5809 2701 5872 2,
2740 5808 2910 5873 Aper.
2947 5825 3081 5872 ml,
3116 5807 3199 5863 15.
