  <div class='ocr_page' id='page_1' title='image "/cluster/home/n/w/nwhite01/storage/ocr_20150623/73/nnc1.0046980245/195.png"; bbox 0 0 4206 6510; ppageno 0'>
   <div class='ocr_carea' id='block_1_1' title="bbox 758 447 854 499">
    <p class='ocr_par' dir='ltr' id='par_1_1' title="bbox 758 447 854 499">
     <span class='ocr_line' id='line_1_1' title="bbox 758 447 854 499; baseline 0 0"><span class='ocrx_word' id='word_1_1' title='bbox 758 447 854 499; x_wconf 72' lang='grc'><strong>571</strong></span> 
     </span>
    </p>
   </div>
   <div class='ocr_carea' id='block_1_2' title="bbox 1759 434 2985 499">
    <p class='ocr_par' dir='ltr' id='par_1_2' title="bbox 1759 434 2985 499">
     <span class='ocr_line' id='line_1_2' title="bbox 1759 434 2985 499; baseline 0.001 -1"><span class='ocrx_word' id='word_1_2' title='bbox 1759 443 1814 497; x_wconf 91' lang='lat' dir='ltr'><strong>S.</strong></span> <span class='ocrx_word' id='word_1_3' title='bbox 1855 439 2133 498; x_wconf 70' lang='lat' dir='ltr'><strong>CYltILLl</strong></span> <span class='ocrx_word' id='word_1_4' title='bbox 2157 434 2630 496; x_wconf 75' lang='lat' dir='ltr'><strong>ALEXANDRINI</strong></span> <span class='ocrx_word' id='word_1_5' title='bbox 2664 438 2985 499; x_wconf 79' lang='lat' dir='ltr'><strong>ARCHIEP.</strong></span> 
     </span>
    </p>
   </div>
   <div class='ocr_carea' id='block_1_3' title="bbox 3913 444 4020 502">
    <p class='ocr_par' dir='ltr' id='par_1_3' title="bbox 3913 444 4020 502">
     <span class='ocr_line' id='line_1_3' title="bbox 3913 444 4020 502; baseline -0.028 -1"><span class='ocrx_word' id='word_1_6' title='bbox 3913 444 4020 502; x_wconf 70' lang='lat'><strong>572</strong></span> 
     </span>
    </p>
   </div>
   <div class='ocr_carea' id='block_1_4' title="bbox 753 559 2325 633">
    <p class='ocr_par' dir='ltr' id='par_1_4' title="bbox 753 559 2325 632">
     <span class='ocr_line' id='line_1_4' title="bbox 753 559 2325 632; baseline -0.003 -17"><span class='ocrx_word' id='word_1_7' title='bbox 753 561 894 615; x_wconf 77' lang='lat' dir='ltr'><strong>Cum</strong></span> <span class='ocrx_word' id='word_1_8' title='bbox 925 576 1056 632; x_wconf 89' lang='lat' dir='ltr'><strong>ergo</strong></span> <span class='ocrx_word' id='word_1_9' title='bbox 1079 561 1144 616; x_wconf 90' lang='lat' dir='ltr'><strong>de</strong></span> <span class='ocrx_word' id='word_1_10' title='bbox 1176 560 1310 616; x_wconf 84' lang='lat' dir='ltr'><strong>Filio</strong></span> <span class='ocrx_word' id='word_1_11' title='bbox 1362 569 1415 615; x_wconf 94' lang='lat' dir='ltr'><strong>et</strong></span> <span class='ocrx_word' id='word_1_12' title='bbox 1466 559 1631 616; x_wconf 98' lang='lat' dir='ltr'><strong>Patre</strong></span> <span class='ocrx_word' id='word_1_13' title='bbox 1665 560 1833 615; x_wconf 93' lang='lat' dir='ltr'><strong>dictio</strong></span> <span class='ocrx_word' id='word_1_14' title='bbox 1869 561 1986 624; x_wconf 91' lang='lat' dir='ltr'><strong>illa,</strong></span> <span class='ocrx_word' id='word_1_15' title='bbox 2049 580 2066 612; x_wconf 77' lang='grc' dir='ltr'><strong>ι</strong></span> <span class='ocrx_word' id='word_1_16' title='bbox 2102 559 2264 619; x_wconf 92' lang='lat' dir='ltr'><strong>sicut,</strong></span> <span class='ocrx_word' id='word_1_17' title='bbox 2308 574 2325 606; x_wconf 74' lang='grc' dir='ltr'><strong>ι</strong></span> 
     </span>
    </p>
   </div>
   <div class='ocr_carea' id='block_1_5' title="bbox 2419 559 4021 633">
    <p class='ocr_par' dir='ltr' id='par_1_5' title="bbox 2438 560 4021 633">
     <span class='ocr_line' id='line_1_5' title="bbox 2438 560 4021 633; baseline 0 -20"><span class='ocrx_word' id='word_1_18' title='bbox 2438 578 2569 629; x_wconf 87' lang='grc' dir='ltr'>μαι,</span> <span class='ocrx_word' id='word_1_19' title='bbox 2627 562 2710 624; x_wconf 86' lang='grc' dir='ltr'><strong>τίς</strong></span> <span class='ocrx_word' id='word_1_20' title='bbox 2751 562 2813 614; x_wconf 80' lang='grc' dir='ltr'><strong>τὸ</strong></span> <span class='ocrx_word' id='word_1_21' title='bbox 2858 560 3096 614; x_wconf 75' lang='grc' dir='ltr'>τοιοῦτον</span> <span class='ocrx_word' id='word_1_22' title='bbox 3146 562 3261 631; x_wconf 86' lang='grc' dir='ltr'>ἐρεῖ</span> <span class='ocrx_word' id='word_1_23' title='bbox 3290 577 3302 591; x_wconf 77' lang='grc' dir='ltr'><strong>ο</strong></span> <span class='ocrx_word' id='word_1_24' title='bbox 3368 561 3635 633; x_wconf 80' lang='grc' dir='ltr'>θεωρήσει</span> <span class='ocrx_word' id='word_1_25' title='bbox 3691 562 3799 631; x_wconf 86' lang='grc' dir='ltr'><strong>γάρ</strong></span> <span class='ocrx_word' id='word_1_26' title='bbox 3843 562 3908 632; x_wconf 81' lang='grc' dir='ltr'><strong>δὴ</strong></span> <span class='ocrx_word' id='word_1_27' title='bbox 3959 562 4021 613; x_wconf 75' lang='grc' dir='ltr'>τὸ</span> 
     </span>
    </p>
   </div>
   <div class='ocr_carea' id='block_1_6' title="bbox 754 650 2331 721">
    <p class='ocr_par' dir='ltr' id='par_1_6' title="bbox 754 650 2331 721">
     <span class='ocr_line' id='line_1_6' title="bbox 754 650 2331 721; baseline -0.003 -15"><span class='ocrx_word' id='word_1_28' title='bbox 754 650 1035 717; x_wconf 75' lang='lat' dir='ltr'><strong>efferatur,</strong></span> <span class='ocrx_word' id='word_1_29' title='bbox 1061 668 1222 721; x_wconf 85' lang='lat' dir='ltr'><strong>quam</strong></span> <span class='ocrx_word' id='word_1_30' title='bbox 1250 652 1320 707; x_wconf 89' lang='lat' dir='ltr'><strong>ob</strong></span> <span class='ocrx_word' id='word_1_31' title='bbox 1348 667 1570 707; x_wconf 77' lang='lat' dir='ltr'><strong>causam</strong></span> <span class='ocrx_word' id='word_1_32' title='bbox 1600 653 1900 721; x_wconf 69' lang='lat' dir='ltr'><strong>aequalibus</strong></span> <span class='ocrx_word' id='word_1_33' title='bbox 1933 652 2125 719; x_wconf 83' lang='lat' dir='ltr'><strong>ambos</strong></span> <span class='ocrx_word' id='word_1_34' title='bbox 2157 650 2331 703; x_wconf 87' lang='lat' dir='ltr'><strong>hono-</strong></span> 
     </span>
    </p>
   </div>
   <div class='ocr_carea' id='block_1_7' title="bbox 753 740 2327 811">
    <p class='ocr_par' dir='ltr' id='par_1_7' title="bbox 753 740 2327 811">
     <span class='ocr_line' id='line_1_7' title="bbox 753 740 2327 811; baseline -0.001 -17"><span class='ocrx_word' id='word_1_35' title='bbox 753 741 910 795; x_wconf 84' lang='lat' dir='ltr'><strong>ribus</strong></span> <span class='ocrx_word' id='word_1_36' title='bbox 945 757 1143 797; x_wconf 89' lang='lat' dir='ltr'><strong>ornare</strong></span> <span class='ocrx_word' id='word_1_37' title='bbox 1173 743 1603 797; x_wconf 75' lang='lat' dir='ltr'><strong>cunctabimur?</strong></span> <span class='ocrx_word' id='word_1_38' title='bbox 1630 740 1762 795; x_wconf 83' lang='lat' dir='ltr'><strong>Nam</strong></span> <span class='ocrx_word' id='word_1_39' title='bbox 1803 741 1983 796; x_wconf 88' lang='lat' dir='ltr'><strong>futura</strong></span> <span class='ocrx_word' id='word_1_40' title='bbox 2025 740 2327 811; x_wconf 66' lang='lat' dir='ltr'><strong>praevidens</strong></span> 
     </span>
    </p>
   </div>
   <div class='ocr_carea' id='block_1_8' title="bbox 756 829 2328 901">
    <p class='ocr_par' dir='ltr' id='par_1_8' title="bbox 756 829 2328 901">
     <span class='ocr_line' id='line_1_8' title="bbox 756 829 2328 901; baseline -0.001 -19"><span class='ocrx_word' id='word_1_41' title='bbox 756 838 815 883; x_wconf 90' lang='lat' dir='ltr'><strong>ut</strong></span> <span class='ocrx_word' id='word_1_42' title='bbox 843 829 1007 893; x_wconf 92' lang='lat' dir='ltr'><strong>Deus,</strong></span> <span class='ocrx_word' id='word_1_43' title='bbox 1042 839 1094 883; x_wconf 92' lang='lat' dir='ltr'><strong>et</strong></span> <span class='ocrx_word' id='word_1_44' title='bbox 1129 832 1425 901; x_wconf 91' lang='lat' dir='ltr'><strong>malignam</strong></span> <span class='ocrx_word' id='word_1_45' title='bbox 1458 840 1561 885; x_wconf 68' lang='lat' dir='ltr'><strong>tute</strong></span> <span class='ocrx_word' id='word_1_46' title='bbox 1599 832 1887 901; x_wconf 68' lang='lat' dir='ltr'><strong>imperitia:</strong></span> <span class='ocrx_word' id='word_1_47' title='bbox 1932 829 2328 885; x_wconf 88' lang='lat' dir='ltr'><strong>contradictio-</strong></span> 
     </span>
    </p>
   </div>
   <div class='ocr_carea' id='block_1_9' title="bbox 754 922 2359 990">
    <p class='ocr_par' dir='ltr' id='par_1_9' title="bbox 754 922 2359 990">
     <span class='ocr_line' id='line_1_9' title="bbox 754 922 2359 990; baseline 0 -16"><span class='ocrx_word' id='word_1_48' title='bbox 754 938 878 976; x_wconf 89' lang='lat' dir='ltr'><strong>nem</strong></span> <span class='ocrx_word' id='word_1_49' title='bbox 914 938 1020 977; x_wconf 93' lang='lat' dir='ltr'><strong>non</strong></span> <span class='ocrx_word' id='word_1_50' title='bbox 1058 922 1345 989; x_wconf 75' lang='lat' dir='ltr'><strong>ignorans,</strong></span> <span class='ocrx_word' id='word_1_51' title='bbox 1374 938 1480 976; x_wconf 92' lang='lat' dir='ltr'><strong>non</strong></span> <span class='ocrx_word' id='word_1_52' title='bbox 1502 923 1704 976; x_wconf 90' lang='lat' dir='ltr'><strong>nudam</strong></span> <span class='ocrx_word' id='word_1_53' title='bbox 1729 924 1935 984; x_wconf 88' lang='lat' dir='ltr'><strong>statim,</strong></span> <span class='ocrx_word' id='word_1_54' title='bbox 1976 937 2155 990; x_wconf 89' lang='lat' dir='ltr'><strong>neque</strong></span> <span class='ocrx_word' id='word_1_55' title='bbox 2193 936 2326 974; x_wconf 91' lang='lat' dir='ltr'><strong>con-</strong></span> <span class='ocrx_word' id='word_1_56' title='bbox 2347 972 2359 979; x_wconf 77' lang='grc'><em>,</em></span> 
     </span>
    </p>
   </div>
   <div class='ocr_carea' id='block_1_10' title="bbox 753 1012 2325 1083">
    <p class='ocr_par' dir='ltr' id='par_1_10' title="bbox 753 1012 2325 1083">
     <span class='ocr_line' id='line_1_10' title="bbox 753 1012 2325 1083; baseline 0.001 -19"><span class='ocrx_word' id='word_1_57' title='bbox 753 1014 989 1068; x_wconf 88' lang='lat' dir='ltr'><strong>venienti</strong></span> <span class='ocrx_word' id='word_1_58' title='bbox 1032 1014 1134 1068; x_wconf 87' lang='lat' dir='ltr'><strong>sibi</strong></span> <span class='ocrx_word' id='word_1_59' title='bbox 1170 1014 1423 1083; x_wconf 76' lang='lat' dir='ltr'><strong>praesidio</strong></span> <span class='ocrx_word' id='word_1_60' title='bbox 1450 1014 1767 1068; x_wconf 87' lang='lat' dir='ltr'><strong>destitutam</strong></span> <span class='ocrx_word' id='word_1_61' title='bbox 1803 1014 2102 1067; x_wconf 89' lang='lat' dir='ltr'><strong>dictionem</strong></span> <span class='ocrx_word' id='word_1_62' title='bbox 2149 1012 2325 1079; x_wconf 83' lang='lat' dir='ltr'><strong>illam,</strong></span> 
     </span>
    </p>
   </div>
   <div class='ocr_carea' id='block_1_11' title="bbox 760 1104 2322 1174">
    <p class='ocr_par' dir='ltr' id='par_1_11' title="bbox 760 1104 2322 1174">
     <span class='ocr_line' id='line_1_11' title="bbox 760 1104 2322 1174; baseline 0 -19"><span class='ocrx_word' id='word_1_63' title='bbox 760 1125 777 1155; x_wconf 78' lang='grc' dir='ltr'><strong>ι</strong></span> <span class='ocrx_word' id='word_1_64' title='bbox 826 1105 991 1171; x_wconf 82' lang='lat' dir='ltr'><strong>sicut,</strong></span> <span class='ocrx_word' id='word_1_65' title='bbox 1032 1125 1050 1155; x_wconf 74' lang='grc' dir='ltr'><strong>ι</strong></span> <span class='ocrx_word' id='word_1_66' title='bbox 1088 1106 1290 1169; x_wconf 89' lang='lat' dir='ltr'><strong>intulit,</strong></span> <span class='ocrx_word' id='word_1_67' title='bbox 1346 1105 1439 1159; x_wconf 91' lang='lat' dir='ltr'><strong>sed</strong></span> <span class='ocrx_word' id='word_1_68' title='bbox 1477 1120 1596 1159; x_wconf 89' lang='lat' dir='ltr'><strong>eam</strong></span> <span class='ocrx_word' id='word_1_69' title='bbox 1631 1104 1843 1159; x_wconf 89' lang='lat' dir='ltr'><strong>idoneis</strong></span> <span class='ocrx_word' id='word_1_70' title='bbox 1897 1104 2163 1157; x_wconf 86' lang='lat' dir='ltr'><strong>firmatam</strong></span> <span class='ocrx_word' id='word_1_71' title='bbox 2197 1118 2322 1174; x_wconf 89' lang='lat' dir='ltr'><strong>pro-</strong></span> 
     </span>
    </p>
   </div>
   <div class='ocr_carea' id='block_1_12' title="bbox 750 1194 2326 1266">
    <p class='ocr_par' dir='ltr' id='par_1_12' title="bbox 750 1194 2326 1266">
     <span class='ocr_line' id='line_1_12' title="bbox 750 1194 2326 1266; baseline -0.002 -16"><span class='ocrx_word' id='word_1_72' title='bbox 750 1196 1108 1261; x_wconf 86' lang='lat' dir='ltr'><strong>bationibus;</strong></span> <span class='ocrx_word' id='word_1_73' title='bbox 1142 1203 1195 1250; x_wconf 92' lang='lat' dir='ltr'><strong>et</strong></span> <span class='ocrx_word' id='word_1_74' title='bbox 1243 1210 1368 1249; x_wconf 90' lang='lat' dir='ltr'><strong>cum</strong></span> <span class='ocrx_word' id='word_1_75' title='bbox 1421 1194 1573 1266; x_wconf 88' lang='lat' dir='ltr'><strong>prius</strong></span> <span class='ocrx_word' id='word_1_76' title='bbox 1628 1194 1929 1248; x_wconf 82' lang='lat' dir='ltr'><strong>ostenderit</strong></span> <span class='ocrx_word' id='word_1_77' title='bbox 1988 1210 2047 1249; x_wconf 88' lang='lat' dir='ltr'><strong>se</strong></span> <span class='ocrx_word' id='word_1_78' title='bbox 2107 1209 2326 1263; x_wconf 91' lang='lat' dir='ltr'><strong>quoque</strong></span> 
     </span>
    </p>
   </div>
   <div class='ocr_carea' id='block_1_13' title="bbox 752 1283 2326 1353">
    <p class='ocr_par' dir='ltr' id='par_1_13' title="bbox 752 1283 2326 1353">
     <span class='ocr_line' id='line_1_13' title="bbox 752 1283 2326 1353; baseline -0.003 -10"><span class='ocrx_word' id='word_1_79' title='bbox 752 1287 920 1343; x_wconf 84' lang='lat' dir='ltr'><strong>Deum</strong></span> <span class='ocrx_word' id='word_1_80' title='bbox 962 1302 1085 1343; x_wconf 90' lang='lat' dir='ltr'><strong>esse</strong></span> <span class='ocrx_word' id='word_1_81' title='bbox 1120 1286 1423 1341; x_wconf 86' lang='lat' dir='ltr'><strong>secundum</strong></span> <span class='ocrx_word' id='word_1_82' title='bbox 1451 1297 1703 1341; x_wconf 90' lang='lat' dir='ltr'><strong>naturam</strong></span> <span class='ocrx_word' id='word_1_83' title='bbox 1759 1286 1955 1353; x_wconf 91' lang='lat' dir='ltr'><strong>(suum</strong></span> <span class='ocrx_word' id='word_1_84' title='bbox 1988 1285 2131 1339; x_wconf 89' lang='lat' dir='ltr'><strong>enim</strong></span> <span class='ocrx_word' id='word_1_85' title='bbox 2165 1283 2326 1339; x_wconf 86' lang='lat' dir='ltr'><strong>facie-</strong></span> 
     </span>
    </p>
   </div>
   <div class='ocr_carea' id='block_1_14' title="bbox 749 1374 2321 1448">
    <p class='ocr_par' dir='ltr' id='par_1_14' title="bbox 749 1374 2321 1448">
     <span class='ocr_line' id='line_1_14' title="bbox 749 1374 2321 1448; baseline -0.004 -15"><span class='ocrx_word' id='word_1_86' title='bbox 749 1380 844 1434; x_wconf 87' lang='lat' dir='ltr'><strong>bat</strong></span> <span class='ocrx_word' id='word_1_87' title='bbox 897 1377 1110 1432; x_wconf 68' lang='lat' dir='ltr'><strong>Patrem</strong></span> <span class='ocrx_word' id='word_1_88' title='bbox 1150 1378 1381 1448; x_wconf 85' lang='lat' dir='ltr'><strong>Deum),</strong></span> <span class='ocrx_word' id='word_1_89' title='bbox 1420 1376 1878 1446; x_wconf 85' lang='lat' dir='ltr'><strong>allirmaveritque</strong></span> <span class='ocrx_word' id='word_1_90' title='bbox 1942 1390 2002 1430; x_wconf 87' lang='lat' dir='ltr'><strong>se</strong></span> <span class='ocrx_word' id='word_1_91' title='bbox 2051 1385 2106 1429; x_wconf 90' lang='lat' dir='ltr'><strong>et</strong></span> <span class='ocrx_word' id='word_1_92' title='bbox 2155 1374 2321 1429; x_wconf 89' lang='lat' dir='ltr'><strong>Deum</strong></span> 
     </span>
    </p>
   </div>
   <div class='ocr_carea' id='block_1_15' title="bbox 748 1466 2323 1542">
    <p class='ocr_par' dir='ltr' id='par_1_15' title="bbox 748 1466 2323 1542">
     <span class='ocr_line' id='line_1_15' title="bbox 748 1466 2323 1542; baseline -0.004 -16"><span class='ocrx_word' id='word_1_93' title='bbox 748 1471 1023 1542; x_wconf 86' lang='lat' dir='ltr'><strong>opificem,</strong></span> <span class='ocrx_word' id='word_1_94' title='bbox 1061 1482 1116 1527; x_wconf 93' lang='lat' dir='ltr'><strong>et</strong></span> <span class='ocrx_word' id='word_1_95' title='bbox 1141 1472 1411 1526; x_wconf 83' lang='lat' dir='ltr'><strong>viventem</strong></span> <span class='ocrx_word' id='word_1_96' title='bbox 1444 1484 1633 1525; x_wconf 86' lang='lat' dir='ltr'><strong>revera</strong></span> <span class='ocrx_word' id='word_1_97' title='bbox 1657 1484 1799 1531; x_wconf 89' lang='lat' dir='ltr'><strong>esse,</strong></span> <span class='ocrx_word' id='word_1_98' title='bbox 1832 1478 2015 1539; x_wconf 89' lang='lat' dir='ltr'><strong>atque,</strong></span> <span class='ocrx_word' id='word_1_99' title='bbox 2057 1478 2115 1521; x_wconf 89' lang='lat' dir='ltr'><strong>ut</strong></span> <span class='ocrx_word' id='word_1_100' title='bbox 2147 1467 2220 1521; x_wconf 90' lang='lat' dir='ltr'><strong>ita</strong></span> <span class='ocrx_word' id='word_1_101' title='bbox 2239 1466 2323 1520; x_wconf 91' lang='lat' dir='ltr'><strong>di-</strong></span> 
     </span>
    </p>
   </div>
   <div class='ocr_carea' id='block_1_16' title="bbox 746 1560 2320 1631">
    <p class='ocr_par' dir='ltr' id='par_1_16' title="bbox 746 1560 2320 1631">
     <span class='ocr_line' id='line_1_16' title="bbox 746 1560 2320 1631; baseline -0.004 -13"><span class='ocrx_word' id='word_1_102' title='bbox 746 1580 893 1631; x_wconf 87' lang='lat' dir='ltr'><strong>cam,</strong></span> <span class='ocrx_word' id='word_1_103' title='bbox 957 1562 1050 1619; x_wconf 87' lang='lat' dir='ltr'><strong>Dei</strong></span> <span class='ocrx_word' id='word_1_104' title='bbox 1098 1580 1162 1617; x_wconf 91' lang='lat' dir='ltr'><strong>ac</strong></span> <span class='ocrx_word' id='word_1_105' title='bbox 1200 1563 1379 1617; x_wconf 85' lang='lat' dir='ltr'><strong>Patris</strong></span> <span class='ocrx_word' id='word_1_106' title='bbox 1442 1562 1879 1631; x_wconf 87' lang='lat' dir='ltr'><strong>proprietatibus</strong></span> <span class='ocrx_word' id='word_1_107' title='bbox 1933 1560 2320 1629; x_wconf 90' lang='lat' dir='ltr'><strong>conspicuum,</strong></span> 
     </span>
    </p>
   </div>
   <div class='ocr_carea' id='block_1_17' title="bbox 746 1648 2322 1723">
    <p class='ocr_par' dir='ltr' id='par_1_17' title="bbox 746 1648 2322 1723">
     <span class='ocr_line' id='line_1_17' title="bbox 746 1648 2322 1723; baseline -0.004 -16"><span class='ocrx_word' id='word_1_108' title='bbox 746 1663 1055 1723; x_wconf 90' lang='lat' dir='ltr'><strong>opportune</strong></span> <span class='ocrx_word' id='word_1_109' title='bbox 1109 1652 1325 1707; x_wconf 81' lang='lat' dir='ltr'><strong>tandem</strong></span> <span class='ocrx_word' id='word_1_110' title='bbox 1389 1651 1590 1705; x_wconf 90' lang='lat' dir='ltr'><strong>infert:</strong></span> <span class='ocrx_word' id='word_1_111' title='bbox 1662 1671 1678 1701; x_wconf 85' lang='grc'><strong>‹</strong></span> <span class='ocrx_word' id='word_1_112' title='bbox 1740 1648 1805 1705; x_wconf 94' lang='lat' dir='ltr'><strong>Ut</strong></span> <span class='ocrx_word' id='word_1_113' title='bbox 1858 1664 2050 1703; x_wconf 78' lang='lat' dir='ltr'><strong>omnes</strong></span> <span class='ocrx_word' id='word_1_114' title='bbox 2096 1648 2322 1702; x_wconf 90' lang='lat' dir='ltr'><strong>honori-</strong></span> 
     </span>
    </p>
   </div>
   <div class='ocr_carea' id='block_1_18' title="bbox 746 1738 2318 1810">
    <p class='ocr_par' dir='ltr' id='par_1_18' title="bbox 746 1738 2318 1810">
     <span class='ocr_line' id='line_1_18' title="bbox 746 1738 2318 1810; baseline -0.004 -11"><span class='ocrx_word' id='word_1_115' title='bbox 746 1747 911 1799; x_wconf 87' lang='lat' dir='ltr'><strong>ticent</strong></span> <span class='ocrx_word' id='word_1_116' title='bbox 964 1744 1195 1810; x_wconf 80' lang='lat' dir='ltr'><strong>Filium,</strong></span> <span class='ocrx_word' id='word_1_117' title='bbox 1232 1743 1377 1797; x_wconf 89' lang='lat' dir='ltr'><strong>sicut</strong></span> <span class='ocrx_word' id='word_1_118' title='bbox 1418 1742 1785 1797; x_wconf 83' lang='lat' dir='ltr'><strong>honorificant</strong></span> <span class='ocrx_word' id='word_1_119' title='bbox 1840 1740 2077 1795; x_wconf 86' lang='lat' dir='ltr'><strong>Patrem.</strong></span> <span class='ocrx_word' id='word_1_120' title='bbox 2117 1759 2134 1789; x_wconf 74' lang='grc' dir='ltr'><strong>ι</strong></span> <span class='ocrx_word' id='word_1_121' title='bbox 2178 1738 2318 1804; x_wconf 86' lang='lat' dir='ltr'><strong>Quid</strong></span> 
     </span>
    </p>
   </div>
   <div class='ocr_carea' id='block_1_19' title="bbox 744 1828 2317 1899">
    <p class='ocr_par' dir='ltr' id='par_1_19' title="bbox 744 1828 2317 1899">
     <span class='ocr_line' id='line_1_19' title="bbox 744 1828 2317 1899; baseline -0.005 -12"><span class='ocrx_word' id='word_1_122' title='bbox 744 1841 926 1887; x_wconf 88' lang='lat' dir='ltr'><strong>autem</strong></span> <span class='ocrx_word' id='word_1_123' title='bbox 989 1847 1137 1886; x_wconf 92' lang='lat' dir='ltr'><strong>nunc</strong></span> <span class='ocrx_word' id='word_1_124' title='bbox 1203 1831 1483 1886; x_wconf 87' lang='lat' dir='ltr'><strong>adversari</strong></span> <span class='ocrx_word' id='word_1_125' title='bbox 1538 1830 1806 1885; x_wconf 84' lang='lat' dir='ltr'><strong>videtur?</strong></span> <span class='ocrx_word' id='word_1_126' title='bbox 1853 1833 1921 1883; x_wconf 83' lang='lat' dir='ltr'><strong>At</strong></span> <span class='ocrx_word' id='word_1_127' title='bbox 1998 1828 2129 1899; x_wconf 91' lang='lat' dir='ltr'><strong>quid</strong></span> <span class='ocrx_word' id='word_1_128' title='bbox 2194 1842 2317 1897; x_wconf 90' lang='lat' dir='ltr'><strong>pro-</strong></span> 
     </span>
    </p>
   </div>
   <div class='ocr_carea' id='block_1_20' title="bbox 742 1921 2318 1993">
    <p class='ocr_par' dir='ltr' id='par_1_20' title="bbox 742 1921 2318 1993">
     <span class='ocr_line' id='line_1_20' title="bbox 742 1921 2318 1993; baseline -0.004 -16"><span class='ocrx_word' id='word_1_129' title='bbox 742 1924 952 1977; x_wconf 87' lang='lat' dir='ltr'><strong>hibebit</strong></span> <span class='ocrx_word' id='word_1_130' title='bbox 996 1923 1292 1993; x_wconf 85' lang='lat' dir='ltr'><strong>quominus</strong></span> <span class='ocrx_word' id='word_1_131' title='bbox 1345 1924 1414 1985; x_wconf 87' lang='lat' dir='ltr'><strong>is,</strong></span> <span class='ocrx_word' id='word_1_132' title='bbox 1483 1924 1573 1975; x_wconf 91' lang='lat' dir='ltr'><strong>cui</strong></span> <span class='ocrx_word' id='word_1_133' title='bbox 1632 1922 2076 1976; x_wconf 75' lang='lat' dir='ltr'><strong>substantialitcr</strong></span> <span class='ocrx_word' id='word_1_134' title='bbox 2129 1921 2318 1974; x_wconf 91' lang='lat' dir='ltr'><strong>insunt</strong></span> 
     </span>
    </p>
   </div>
   <div class='ocr_carea' id='block_1_21' title="bbox 740 2015 2315 2089">
    <p class='ocr_par' dir='ltr' id='par_1_21' title="bbox 740 2015 2315 2089">
     <span class='ocr_line' id='line_1_21' title="bbox 740 2015 2315 2089; baseline -0.002 -18"><span class='ocrx_word' id='word_1_135' title='bbox 740 2032 1081 2089; x_wconf 67' lang='lat' dir='ltr'><strong>qumcunque</strong></span> <span class='ocrx_word' id='word_1_136' title='bbox 1124 2016 1306 2074; x_wconf 84' lang='lat' dir='ltr'><strong>Patris</strong></span> <span class='ocrx_word' id='word_1_137' title='bbox 1342 2016 1638 2086; x_wconf 81' lang='lat' dir='ltr'><strong>peculiaria</strong></span> <span class='ocrx_word' id='word_1_138' title='bbox 1697 2024 1749 2069; x_wconf 92' lang='lat' dir='ltr'><strong>et</strong></span> <span class='ocrx_word' id='word_1_139' title='bbox 1785 2016 1983 2069; x_wconf 78' lang='lat' dir='ltr'><strong>eximia</strong></span> <span class='ocrx_word' id='word_1_140' title='bbox 2030 2025 2192 2079; x_wconf 90' lang='lat' dir='ltr'><strong>sunt,</strong></span> <span class='ocrx_word' id='word_1_141' title='bbox 2247 2015 2315 2068; x_wconf 90' lang='lat' dir='ltr'><strong>ad</strong></span> 
     </span>
    </p>
   </div>
   <div class='ocr_carea' id='block_1_22' title="bbox 740 2104 2312 2181">
    <p class='ocr_par' dir='ltr' id='par_1_22' title="bbox 740 2104 2312 2181">
     <span class='ocr_line' id='line_1_22' title="bbox 740 2104 2312 2181; baseline -0.006 -16"><span class='ocrx_word' id='word_1_142' title='bbox 740 2112 1008 2181; x_wconf 69' lang='lat' dir='ltr'><strong>aequalem</strong></span> <span class='ocrx_word' id='word_1_143' title='bbox 1076 2109 1300 2162; x_wconf 85' lang='lat' dir='ltr'><strong>honoris</strong></span> <span class='ocrx_word' id='word_1_144' title='bbox 1364 2108 1625 2160; x_wconf 65' lang='lat' dir='ltr'><strong>ascendat</strong></span> <span class='ocrx_word' id='word_1_145' title='bbox 1702 2106 2077 2161; x_wconf 75' lang='lat' dir='ltr'><strong>mensuram?</strong></span> <span class='ocrx_word' id='word_1_146' title='bbox 2138 2104 2312 2172; x_wconf 86' lang='lat' dir='ltr'><strong>Ipsam</strong></span> 
     </span>
    </p>
   </div>
   <div class='ocr_carea' id='block_1_23' title="bbox 739 2197 2312 2271">
    <p class='ocr_par' dir='ltr' id='par_1_23' title="bbox 739 2197 2312 2271">
     <span class='ocr_line' id='line_1_23' title="bbox 739 2197 2312 2271; baseline -0.003 -17"><span class='ocrx_word' id='word_1_147' title='bbox 739 2203 942 2271; x_wconf 84' lang='lat' dir='ltr'><strong>quippe</strong></span> <span class='ocrx_word' id='word_1_148' title='bbox 1000 2200 1089 2255; x_wconf 88' lang='lat' dir='ltr'><strong>Dei</strong></span> <span class='ocrx_word' id='word_1_149' title='bbox 1131 2214 1194 2253; x_wconf 85' lang='lat' dir='ltr'><strong>ac</strong></span> <span class='ocrx_word' id='word_1_150' title='bbox 1244 2197 1424 2254; x_wconf 89' lang='lat' dir='ltr'><strong>Patris</strong></span> <span class='ocrx_word' id='word_1_151' title='bbox 1457 2200 1738 2253; x_wconf 90' lang='lat' dir='ltr'><strong>honorare</strong></span> <span class='ocrx_word' id='word_1_152' title='bbox 1778 2206 2035 2251; x_wconf 89' lang='lat' dir='ltr'><strong>naturam</strong></span> <span class='ocrx_word' id='word_1_153' title='bbox 2090 2210 2312 2264; x_wconf 86' lang='lat' dir='ltr'><strong>compe-</strong></span> 
     </span>
    </p>
   </div>
   <div class='ocr_carea' id='block_1_24' title="bbox 738 2287 2311 2361">
    <p class='ocr_par' dir='ltr' id='par_1_24' title="bbox 738 2287 2311 2361">
     <span class='ocr_line' id='line_1_24' title="bbox 738 2287 2311 2361; baseline -0.004 -16"><span class='ocrx_word' id='word_1_154' title='bbox 738 2293 947 2345; x_wconf 88' lang='lat' dir='ltr'><strong>riemur</strong></span> <span class='ocrx_word' id='word_1_155' title='bbox 982 2292 1036 2345; x_wconf 93' lang='lat' dir='ltr'><strong>in</strong></span> <span class='ocrx_word' id='word_1_156' title='bbox 1068 2290 1204 2345; x_wconf 84' lang='lat' dir='ltr'><strong>Filio</strong></span> <span class='ocrx_word' id='word_1_157' title='bbox 1244 2292 1462 2361; x_wconf 88' lang='lat' dir='ltr'><strong>egregie</strong></span> <span class='ocrx_word' id='word_1_158' title='bbox 1521 2290 1875 2345; x_wconf 87' lang='lat' dir='ltr'><strong>relucentem.</strong></span> <span class='ocrx_word' id='word_1_159' title='bbox 1906 2288 2114 2342; x_wconf 90' lang='lat' dir='ltr'><strong>Idcirco</strong></span> <span class='ocrx_word' id='word_1_160' title='bbox 2167 2287 2311 2341; x_wconf 91' lang='lat' dir='ltr'><strong>enim</strong></span> 
     </span>
    </p>
   </div>
   <div class='ocr_carea' id='block_1_25' title="bbox 739 2380 2311 2453">
    <p class='ocr_par' dir='ltr' id='par_1_25' title="bbox 739 2380 2311 2453">
     <span class='ocr_line' id='line_1_25' title="bbox 739 2380 2311 2453; baseline -0.005 -14"><span class='ocrx_word' id='word_1_161' title='bbox 739 2384 963 2453; x_wconf 82' lang='lat' dir='ltr'><strong>subjicit</strong></span> <span class='ocrx_word' id='word_1_162' title='bbox 992 2404 1004 2438; x_wconf 86' lang='lat'>:</span> <span class='ocrx_word' id='word_1_163' title='bbox 1046 2404 1063 2435; x_wconf 84' lang='grc'><strong>(</strong></span> <span class='ocrx_word' id='word_1_164' title='bbox 1098 2384 1200 2449; x_wconf 88' lang='lat' dir='ltr'><strong>Qui</strong></span> <span class='ocrx_word' id='word_1_165' title='bbox 1240 2399 1347 2437; x_wconf 91' lang='lat' dir='ltr'><strong>non</strong></span> <span class='ocrx_word' id='word_1_166' title='bbox 1374 2382 1701 2437; x_wconf 88' lang='lat' dir='ltr'><strong>honorilicat</strong></span> <span class='ocrx_word' id='word_1_167' title='bbox 1738 2380 1960 2442; x_wconf 88' lang='lat' dir='ltr'><strong>Filium,</strong></span> <span class='ocrx_word' id='word_1_168' title='bbox 1992 2395 2099 2433; x_wconf 92' lang='lat' dir='ltr'><strong>non</strong></span> <span class='ocrx_word' id='word_1_169' title='bbox 2136 2380 2311 2431; x_wconf 86' lang='lat' dir='ltr'><strong>hono-</strong></span> 
     </span>
    </p>
   </div>
   <div class='ocr_carea' id='block_1_26' title="bbox 737 2468 2309 2543">
    <p class='ocr_par' dir='ltr' id='par_1_26' title="bbox 737 2468 2309 2543">
     <span class='ocr_line' id='line_1_26' title="bbox 737 2468 2309 2543; baseline -0.004 -15"><span class='ocrx_word' id='word_1_170' title='bbox 737 2476 918 2529; x_wconf 87' lang='lat' dir='ltr'><strong>rilicat</strong></span> <span class='ocrx_word' id='word_1_171' title='bbox 944 2474 1184 2538; x_wconf 84' lang='lat' dir='ltr'><strong>Patrem,</strong></span> <span class='ocrx_word' id='word_1_172' title='bbox 1214 2474 1306 2543; x_wconf 92' lang='lat' dir='ltr'><strong>qui</strong></span> <span class='ocrx_word' id='word_1_173' title='bbox 1340 2472 1490 2527; x_wconf 88' lang='lat' dir='ltr'><strong>misit</strong></span> <span class='ocrx_word' id='word_1_174' title='bbox 1539 2473 1713 2525; x_wconf 89' lang='lat' dir='ltr'><strong>illum.</strong></span> <span class='ocrx_word' id='word_1_175' title='bbox 1758 2489 1774 2521; x_wconf 74' lang='grc' dir='ltr'><strong>ι</strong></span> <span class='ocrx_word' id='word_1_176' title='bbox 1808 2468 1929 2523; x_wconf 86' lang='lat' dir='ltr'><strong>Filii</strong></span> <span class='ocrx_word' id='word_1_177' title='bbox 1963 2471 2111 2524; x_wconf 87' lang='lat' dir='ltr'><strong>enim</strong></span> <span class='ocrx_word' id='word_1_178' title='bbox 2176 2485 2309 2522; x_wconf 88' lang='lat' dir='ltr'><strong>con-</strong></span> 
     </span>
    </p>
   </div>
   <div class='ocr_carea' id='block_1_27' title="bbox 737 2563 2308 2636">
    <p class='ocr_par' dir='ltr' id='par_1_27' title="bbox 737 2563 2308 2636">
     <span class='ocr_line' id='line_1_27' title="bbox 737 2563 2308 2636; baseline -0.001 -18"><span class='ocrx_word' id='word_1_179' title='bbox 737 2574 978 2636; x_wconf 89' lang='lat' dir='ltr'><strong>temptus</strong></span> <span class='ocrx_word' id='word_1_180' title='bbox 1005 2575 1101 2621; x_wconf 91' lang='lat' dir='ltr'><strong>aut</strong></span> <span class='ocrx_word' id='word_1_181' title='bbox 1140 2566 1496 2636; x_wconf 70' lang='lat' dir='ltr'><strong>blasphemia:</strong></span> <span class='ocrx_word' id='word_1_182' title='bbox 1532 2564 1616 2619; x_wconf 84' lang='lat' dir='ltr'><strong>vis</strong></span> <span class='ocrx_word' id='word_1_183' title='bbox 1647 2574 1700 2620; x_wconf 90' lang='lat' dir='ltr'><strong>et</strong></span> <span class='ocrx_word' id='word_1_184' title='bbox 1736 2564 1877 2618; x_wconf 90' lang='lat' dir='ltr'><strong>ratio</strong></span> <span class='ocrx_word' id='word_1_185' title='bbox 1904 2563 1968 2617; x_wconf 88' lang='lat' dir='ltr'><strong>ad</strong></span> <span class='ocrx_word' id='word_1_186' title='bbox 2001 2565 2167 2617; x_wconf 89' lang='lat' dir='ltr'><strong>alium</strong></span> <span class='ocrx_word' id='word_1_187' title='bbox 2203 2579 2308 2617; x_wconf 85' lang='lat' dir='ltr'><strong>non</strong></span> 
     </span>
    </p>
   </div>
   <div class='ocr_carea' id='block_1_28' title="bbox 735 2657 2309 2730">
    <p class='ocr_par' dir='ltr' id='par_1_28' title="bbox 735 2657 2309 2730">
     <span class='ocr_line' id='line_1_28' title="bbox 735 2657 2309 2730; baseline -0.003 -17"><span class='ocrx_word' id='word_1_188' title='bbox 735 2660 1051 2730; x_wconf 84' lang='lat' dir='ltr'><strong>pertinebit,</strong></span> <span class='ocrx_word' id='word_1_189' title='bbox 1097 2674 1262 2730; x_wconf 89' lang='lat' dir='ltr'><strong>quam</strong></span> <span class='ocrx_word' id='word_1_190' title='bbox 1320 2659 1387 2711; x_wconf 88' lang='lat' dir='ltr'><strong>ad</strong></span> <span class='ocrx_word' id='word_1_191' title='bbox 1451 2657 1630 2727; x_wconf 92' lang='lat' dir='ltr'><strong>ipsum</strong></span> <span class='ocrx_word' id='word_1_192' title='bbox 1670 2657 1914 2718; x_wconf 85' lang='lat' dir='ltr'><strong>Patrem,</strong></span> <span class='ocrx_word' id='word_1_193' title='bbox 1980 2658 2069 2727; x_wconf 91' lang='lat' dir='ltr'><strong>qui</strong></span> <span class='ocrx_word' id='word_1_194' title='bbox 2129 2674 2157 2710; x_wconf 90' lang='lat' dir='ltr'><strong>a</strong></span> <span class='ocrx_word' id='word_1_195' title='bbox 2211 2672 2309 2713; x_wconf 87' lang='lat' dir='ltr'><strong>sua</strong></span> 
     </span>
    </p>
   </div>
   <div class='ocr_carea' id='block_1_29' title="bbox 736 2748 2309 2821">
    <p class='ocr_par' dir='ltr' id='par_1_29' title="bbox 736 2748 2309 2821">
     <span class='ocr_line' id='line_1_29' title="bbox 736 2748 2309 2821; baseline -0.003 -13"><span class='ocrx_word' id='word_1_196' title='bbox 736 2761 935 2808; x_wconf 89' lang='lat' dir='ltr'><strong>natura</strong></span> <span class='ocrx_word' id='word_1_197' title='bbox 972 2760 1229 2821; x_wconf 90' lang='lat' dir='ltr'><strong>tanquam</strong></span> <span class='ocrx_word' id='word_1_198' title='bbox 1260 2768 1291 2805; x_wconf 91' lang='lat' dir='ltr'><strong>a</strong></span> <span class='ocrx_word' id='word_1_199' title='bbox 1344 2750 1494 2805; x_wconf 85' lang='lat' dir='ltr'><strong>fonte</strong></span> <span class='ocrx_word' id='word_1_200' title='bbox 1528 2748 1727 2803; x_wconf 90' lang='lat' dir='ltr'><strong>Filium</strong></span> <span class='ocrx_word' id='word_1_201' title='bbox 1760 2748 1952 2812; x_wconf 87' lang='lat' dir='ltr'><strong>edidit,</strong></span> <span class='ocrx_word' id='word_1_202' title='bbox 2006 2750 2129 2803; x_wconf 88' lang='lat' dir='ltr'><strong>licet</strong></span> <span class='ocrx_word' id='word_1_203' title='bbox 2160 2750 2206 2804; x_wconf 91' lang='lat' dir='ltr'><strong>ei</strong></span> <span class='ocrx_word' id='word_1_204' title='bbox 2242 2750 2309 2804; x_wconf 91' lang='lat' dir='ltr'><strong>ab</strong></span> 
     </span>
    </p>
   </div>
   <div class='ocr_carea' id='block_1_30' title="bbox 733 2838 2306 2909">
    <p class='ocr_par' dir='ltr' id='par_1_30' title="bbox 733 2838 2306 2909">
     <span class='ocr_line' id='line_1_30' title="bbox 733 2838 2306 2909; baseline -0.003 -12"><span class='ocrx_word' id='word_1_205' title='bbox 733 2852 941 2898; x_wconf 65' lang='lat' dir='ltr'><strong>aeterno</strong></span> <span class='ocrx_word' id='word_1_206' title='bbox 1001 2842 1345 2897; x_wconf 79' lang='lat' dir='ltr'><strong>coexsistens</strong></span> <span class='ocrx_word' id='word_1_207' title='bbox 1404 2840 1609 2909; x_wconf 90' lang='lat' dir='ltr'><strong>ubique</strong></span> <span class='ocrx_word' id='word_1_208' title='bbox 1661 2839 1715 2892; x_wconf 93' lang='lat' dir='ltr'><strong>in</strong></span> <span class='ocrx_word' id='word_1_209' title='bbox 1804 2838 2091 2907; x_wconf 86' lang='lat' dir='ltr'><strong>Scriptura</strong></span> <span class='ocrx_word' id='word_1_210' title='bbox 2150 2854 2306 2893; x_wconf 86' lang='lat' dir='ltr'><strong>sacra</strong></span> 
     </span>
    </p>
   </div>
   <div class='ocr_carea' id='block_1_31' title="bbox 736 2930 2305 3005">
    <p class='ocr_par' dir='ltr' id='par_1_31' title="bbox 736 2930 2305 3005">
     <span class='ocr_line' id='line_1_31' title="bbox 736 2930 2305 3005; baseline -0.001 -20"><span class='ocrx_word' id='word_1_211' title='bbox 736 2933 1087 3005; x_wconf 58' lang='lat' dir='ltr'><strong>prtezlicetur.</strong></span> <span class='ocrx_word' id='word_1_212' title='bbox 1124 2932 1229 2988; x_wconf 85' lang='lat' dir='ltr'><strong>Sed</strong></span> <span class='ocrx_word' id='word_1_213' title='bbox 1269 2941 1410 2995; x_wconf 90' lang='lat' dir='ltr'><strong>esto,</strong></span> <span class='ocrx_word' id='word_1_214' title='bbox 1439 2932 1616 2998; x_wconf 86' lang='lat' dir='ltr'><strong>inquit</strong></span> <span class='ocrx_word' id='word_1_215' title='bbox 1645 2930 2020 2995; x_wconf 88' lang='lat' dir='ltr'><strong>adversarius,</strong></span> <span class='ocrx_word' id='word_1_216' title='bbox 2055 2940 2305 2985; x_wconf 85' lang='lat' dir='ltr'><strong>contem-</strong></span> 
     </span>
    </p>
   </div>
   <div class='ocr_carea' id='block_1_32' title="bbox 739 3022 2303 3093">
    <p class='ocr_par' dir='ltr' id='par_1_32' title="bbox 739 3022 2303 3093">
     <span class='ocr_line' id='line_1_32' title="bbox 739 3022 2303 3093; baseline -0.003 -16"><span class='ocrx_word' id='word_1_217' title='bbox 739 3035 864 3091; x_wconf 87' lang='lat' dir='ltr'><strong>ptus</strong></span> <span class='ocrx_word' id='word_1_218' title='bbox 894 3024 1016 3079; x_wconf 85' lang='lat' dir='ltr'><strong>Filii</strong></span> <span class='ocrx_word' id='word_1_219' title='bbox 1043 3038 1151 3093; x_wconf 92' lang='lat' dir='ltr'><strong>quo</strong></span> <span class='ocrx_word' id='word_1_220' title='bbox 1191 3023 1327 3078; x_wconf 86' lang='lat' dir='ltr'><strong>velis</strong></span> <span class='ocrx_word' id='word_1_221' title='bbox 1368 3022 1663 3092; x_wconf 85' lang='lat' dir='ltr'><strong>pertineat,</strong></span> <span class='ocrx_word' id='word_1_222' title='bbox 1701 3022 1812 3076; x_wconf 90' lang='lat' dir='ltr'><strong>imo</strong></span> <span class='ocrx_word' id='word_1_223' title='bbox 1842 3038 1971 3077; x_wconf 83' lang='lat' dir='ltr'><strong>vero</strong></span> <span class='ocrx_word' id='word_1_224' title='bbox 2006 3022 2071 3075; x_wconf 89' lang='lat' dir='ltr'><strong>ad</strong></span> <span class='ocrx_word' id='word_1_225' title='bbox 2124 3023 2303 3091; x_wconf 81' lang='lat' dir='ltr'><strong>ipsum</strong></span> 
     </span>
    </p>
   </div>
   <div class='ocr_carea' id='block_1_33' title="bbox 739 3112 2307 3184">
    <p class='ocr_par' dir='ltr' id='par_1_33' title="bbox 739 3112 2307 3184">
     <span class='ocr_line' id='line_1_33' title="bbox 739 3112 2307 3184; baseline -0.001 -16"><span class='ocrx_word' id='word_1_226' title='bbox 739 3116 906 3170; x_wconf 92' lang='lat' dir='ltr'><strong>Deum</strong></span> <span class='ocrx_word' id='word_1_227' title='bbox 940 3130 1003 3170; x_wconf 89' lang='lat' dir='ltr'><strong>ac</strong></span> <span class='ocrx_word' id='word_1_228' title='bbox 1030 3115 1247 3170; x_wconf 84' lang='lat' dir='ltr'><strong>Patrem</strong></span> <span class='ocrx_word' id='word_1_229' title='bbox 1304 3116 1596 3184; x_wconf 90' lang='lat' dir='ltr'><strong>pertingat.</strong></span> <span class='ocrx_word' id='word_1_230' title='bbox 1643 3112 1966 3183; x_wconf 85' lang='lat' dir='ltr'><strong>indignatur</strong></span> <span class='ocrx_word' id='word_1_231' title='bbox 2005 3112 2151 3167; x_wconf 86' lang='lat' dir='ltr'><strong>enim</strong></span> <span class='ocrx_word' id='word_1_232' title='bbox 2184 3112 2307 3182; x_wconf 87' lang='lat' dir='ltr'><strong>jure</strong></span> 
     </span>
    </p>
   </div>
   <div class='ocr_carea' id='block_1_34' title="bbox 735 3202 2302 3272">
    <p class='ocr_par' dir='ltr' id='par_1_34' title="bbox 735 3202 2302 3272">
     <span class='ocr_line' id='line_1_34' title="bbox 735 3202 2302 3272; baseline 0 -16"><span class='ocrx_word' id='word_1_233' title='bbox 735 3203 954 3268; x_wconf 87' lang='lat' dir='ltr'><strong>merito,</strong></span> <span class='ocrx_word' id='word_1_234' title='bbox 988 3218 1096 3257; x_wconf 91' lang='lat' dir='ltr'><strong>non</strong></span> <span class='ocrx_word' id='word_1_235' title='bbox 1134 3212 1317 3257; x_wconf 83' lang='lat' dir='ltr'><strong>tamen</strong></span> <span class='ocrx_word' id='word_1_236' title='bbox 1349 3203 1505 3272; x_wconf 90' lang='lat' dir='ltr'><strong>quasi</strong></span> <span class='ocrx_word' id='word_1_237' title='bbox 1538 3202 1727 3257; x_wconf 90' lang='lat' dir='ltr'><strong>eadem</strong></span> <span class='ocrx_word' id='word_1_238' title='bbox 1762 3210 1958 3256; x_wconf 88' lang='lat' dir='ltr'><strong>natura</strong></span> <span class='ocrx_word' id='word_1_239' title='bbox 1990 3203 2219 3256; x_wconf 68' lang='lat' dir='ltr'><strong>laedatur</strong></span> <span class='ocrx_word' id='word_1_240' title='bbox 2249 3204 2302 3257; x_wconf 92' lang='lat' dir='ltr'><strong>in</strong></span> 
     </span>
    </p>
   </div>
   <div class='ocr_carea' id='block_1_35' title="bbox 734 3292 2311 3364">
    <p class='ocr_par' dir='ltr' id='par_1_35' title="bbox 734 3292 2311 3364">
     <span class='ocr_line' id='line_1_35' title="bbox 734 3292 2311 3364; baseline 0.001 -18"><span class='ocrx_word' id='word_1_241' title='bbox 734 3293 894 3357; x_wconf 83' lang='lat' dir='ltr'><strong>Filio,</strong></span> <span class='ocrx_word' id='word_1_242' title='bbox 926 3301 986 3348; x_wconf 90' lang='lat' dir='ltr'><strong>ut</strong></span> <span class='ocrx_word' id='word_1_243' title='bbox 1009 3294 1169 3350; x_wconf 92' lang='lat' dir='ltr'><strong>modo</strong></span> <span class='ocrx_word' id='word_1_244' title='bbox 1194 3294 1581 3360; x_wconf 89' lang='lat' dir='ltr'><strong>disseruimus;</strong></span> <span class='ocrx_word' id='word_1_245' title='bbox 1611 3293 1705 3348; x_wconf 86' lang='lat' dir='ltr'><strong>sed</strong></span> <span class='ocrx_word' id='word_1_246' title='bbox 1727 3292 1984 3363; x_wconf 90' lang='lat' dir='ltr'><strong>quoniam</strong></span> <span class='ocrx_word' id='word_1_247' title='bbox 2013 3305 2096 3347; x_wconf 91' lang='lat' dir='ltr'><strong>est</strong></span> <span class='ocrx_word' id='word_1_248' title='bbox 2133 3294 2311 3364; x_wconf 91' lang='lat' dir='ltr'><strong>imago</strong></span> 
     </span>
    </p>
   </div>
   <div class='ocr_carea' id='block_1_36' title="bbox 733 3377 2311 3455">
    <p class='ocr_par' dir='ltr' id='par_1_36' title="bbox 733 3377 2311 3455">
     <span class='ocr_line' id='line_1_36' title="bbox 733 3377 2311 3455; baseline 0.001 -18"><span class='ocrx_word' id='word_1_249' title='bbox 733 3382 857 3453; x_wconf 87' lang='lat' dir='ltr'><strong>ejus</strong></span> <span class='ocrx_word' id='word_1_250' title='bbox 887 3391 940 3439; x_wconf 91' lang='lat' dir='ltr'><strong>et</strong></span> <span class='ocrx_word' id='word_1_251' title='bbox 967 3384 1339 3448; x_wconf 74' lang='lat' dir='ltr'><strong>character&quot;,</strong></span> <span class='ocrx_word' id='word_1_252' title='bbox 1377 3383 1444 3437; x_wconf 91' lang='lat' dir='ltr'><strong>ad</strong></span> <span class='ocrx_word' id='word_1_253' title='bbox 1476 3377 1718 3438; x_wconf 82' lang='lat' dir='ltr'><strong>divinam</strong></span> <span class='ocrx_word' id='word_1_254' title='bbox 1740 3392 1792 3438; x_wconf 90' lang='lat' dir='ltr'><strong>et</strong></span> <span class='ocrx_word' id='word_1_255' title='bbox 1833 3382 2162 3439; x_wconf 82' lang='lat' dir='ltr'><strong>ineﬂ&#39;abilem</strong></span> <span class='ocrx_word' id='word_1_256' title='bbox 2193 3385 2311 3455; x_wconf 85' lang='lat' dir='ltr'><strong>ejus</strong></span> 
     </span>
    </p>
   </div>
   <div class='ocr_carea' id='block_1_37' title="bbox 736 3474 2308 3545">
    <p class='ocr_par' dir='ltr' id='par_1_37' title="bbox 736 3474 2308 3545">
     <span class='ocr_line' id='line_1_37' title="bbox 736 3474 2308 3545; baseline 0.001 -18"><span class='ocrx_word' id='word_1_257' title='bbox 736 3482 991 3528; x_wconf 89' lang='lat' dir='ltr'><strong>naturam</strong></span> <span class='ocrx_word' id='word_1_258' title='bbox 1030 3476 1233 3545; x_wconf 85' lang='lat' dir='ltr'><strong>Optime</strong></span> <span class='ocrx_word' id='word_1_259' title='bbox 1263 3474 1553 3537; x_wconf 86' lang='lat' dir='ltr'><strong>formatus,</strong></span> <span class='ocrx_word' id='word_1_260' title='bbox 1574 3475 1700 3544; x_wconf 91' lang='lat' dir='ltr'><strong>jure</strong></span> <span class='ocrx_word' id='word_1_261' title='bbox 1727 3474 1948 3544; x_wconf 90' lang='lat' dir='ltr'><strong>quidem</strong></span> <span class='ocrx_word' id='word_1_262' title='bbox 1974 3474 2308 3545; x_wconf 81' lang='lat' dir='ltr'><strong>indignatur,</strong></span> 
     </span>
    </p>
   </div>
   <div class='ocr_carea' id='block_1_38' title="bbox 735 3563 2345 3633">
    <p class='ocr_par' dir='ltr' id='par_1_38' title="bbox 735 3563 2345 3633">
     <span class='ocr_line' id='line_1_38' title="bbox 735 3563 2345 3633; baseline 0.001 -17"><span class='ocrx_word' id='word_1_263' title='bbox 735 3573 790 3617; x_wconf 87' lang='lat' dir='ltr'><strong>et</strong></span> <span class='ocrx_word' id='word_1_264' title='bbox 827 3564 881 3617; x_wconf 93' lang='lat' dir='ltr'><strong>in</strong></span> <span class='ocrx_word' id='word_1_265' title='bbox 921 3580 980 3619; x_wconf 86' lang='lat' dir='ltr'><strong>se</strong></span> <span class='ocrx_word' id='word_1_266' title='bbox 1018 3567 1245 3619; x_wconf 83' lang='lat' dir='ltr'><strong>omnino</strong></span> <span class='ocrx_word' id='word_1_267' title='bbox 1281 3564 1536 3633; x_wconf 87' lang='lat' dir='ltr'><strong>injuriam</strong></span> <span class='ocrx_word' id='word_1_268' title='bbox 1587 3563 1775 3619; x_wconf 87' lang='lat' dir='ltr'><strong>refert.</strong></span> <span class='ocrx_word' id='word_1_269' title='bbox 1839 3563 2307 3619; x_wconf 84' lang='lat' dir='ltr'><strong>Absurdissimum</strong></span> <span class='ocrx_word' id='word_1_270' title='bbox 2342 3582 2345 3587; x_wconf 55' lang='grc' dir='ltr'><strong>ν</strong></span> 
     </span>
    </p>
   </div>
   <div class='ocr_carea' id='block_1_39' title="bbox 734 3653 2309 3724">
    <p class='ocr_par' dir='ltr' id='par_1_39' title="bbox 734 3653 2309 3724">
     <span class='ocr_line' id='line_1_39' title="bbox 734 3653 2309 3724; baseline 0.001 -18"><span class='ocrx_word' id='word_1_271' title='bbox 734 3655 937 3724; x_wconf 91' lang='lat' dir='ltr'><strong>quippe</strong></span> <span class='ocrx_word' id='word_1_272' title='bbox 989 3666 1134 3709; x_wconf 87' lang='lat' dir='ltr'><strong>esset</strong></span> <span class='ocrx_word' id='word_1_273' title='bbox 1188 3670 1335 3719; x_wconf 89' lang='lat' dir='ltr'><strong>eum,</strong></span> <span class='ocrx_word' id='word_1_274' title='bbox 1378 3655 1472 3724; x_wconf 91' lang='lat' dir='ltr'><strong>qui</strong></span> <span class='ocrx_word' id='word_1_275' title='bbox 1525 3654 1727 3708; x_wconf 77' lang='lat' dir='ltr'><strong>divinis</strong></span> <span class='ocrx_word' id='word_1_276' title='bbox 1780 3653 2192 3709; x_wconf 87' lang='lat' dir='ltr'><strong>eharacteribus</strong></span> <span class='ocrx_word' id='word_1_277' title='bbox 2225 3655 2309 3709; x_wconf 86' lang='lat' dir='ltr'><strong>in-</strong></span> 
     </span>
    </p>
   </div>
   <div class='ocr_carea' id='block_1_40' title="bbox 734 3746 2309 3818">
    <p class='ocr_par' dir='ltr' id='par_1_40' title="bbox 734 3746 2309 3818">
     <span class='ocr_line' id='line_1_40' title="bbox 734 3746 2309 3818; baseline -0.001 -16"><span class='ocrx_word' id='word_1_278' title='bbox 734 3746 921 3811; x_wconf 88' lang='lat' dir='ltr'><strong>sultat,</strong></span> <span class='ocrx_word' id='word_1_279' title='bbox 955 3748 1163 3817; x_wconf 89' lang='lat' dir='ltr'><strong>peccati</strong></span> <span class='ocrx_word' id='word_1_280' title='bbox 1205 3748 1259 3801; x_wconf 92' lang='lat' dir='ltr'><strong>in</strong></span> <span class='ocrx_word' id='word_1_281' title='bbox 1306 3747 1665 3818; x_wconf 83' lang='lat' dir='ltr'><strong>archetypum</strong></span> <span class='ocrx_word' id='word_1_282' title='bbox 1701 3746 1932 3801; x_wconf 90' lang='lat' dir='ltr'><strong>admissi</strong></span> <span class='ocrx_word' id='word_1_283' title='bbox 1972 3761 2165 3816; x_wconf 75' lang='lat' dir='ltr'><strong>pteuas</strong></span> <span class='ocrx_word' id='word_1_284' title='bbox 2197 3763 2309 3801; x_wconf 94' lang='lat' dir='ltr'><strong>non</strong></span> 
     </span>
    </p>
   </div>
   <div class='ocr_carea' id='block_1_41' title="bbox 734 3837 2307 3909">
    <p class='ocr_par' dir='ltr' id='par_1_41' title="bbox 734 3837 2307 3909">
     <span class='ocr_line' id='line_1_41' title="bbox 734 3837 2307 3909; baseline 0.001 -18"><span class='ocrx_word' id='word_1_285' title='bbox 734 3837 909 3893; x_wconf 87' lang='lat' dir='ltr'><strong>luere.</strong></span> <span class='ocrx_word' id='word_1_286' title='bbox 942 3838 1413 3906; x_wconf 72' lang='lat' dir='ltr'><strong>Quemadmodum</strong></span> <span class='ocrx_word' id='word_1_287' title='bbox 1448 3854 1664 3907; x_wconf 90' lang='lat' dir='ltr'><strong>nempe,</strong></span> <span class='ocrx_word' id='word_1_288' title='bbox 1702 3840 1748 3894; x_wconf 92' lang='lat' dir='ltr'><strong>si</strong></span> <span class='ocrx_word' id='word_1_289' title='bbox 1788 3841 1911 3909; x_wconf 87' lang='lat' dir='ltr'><strong>quis</strong></span> <span class='ocrx_word' id='word_1_290' title='bbox 1967 3850 2307 3895; x_wconf 89' lang='lat' dir='ltr'><strong>terrenorum</strong></span> 
     </span>
    </p>
   </div>
   <div class='ocr_carea' id='block_1_42' title="bbox 732 3930 2303 4002">
    <p class='ocr_par' dir='ltr' id='par_1_42' title="bbox 732 3930 2303 4002">
     <span class='ocr_line' id='line_1_42' title="bbox 732 3930 2303 4002; baseline 0.003 -21"><span class='ocrx_word' id='word_1_291' title='bbox 732 3944 925 3999; x_wconf 83' lang='lat' dir='ltr'><strong>regum</strong></span> <span class='ocrx_word' id='word_1_292' title='bbox 951 3930 1215 4001; x_wconf 82' lang='lat' dir='ltr'><strong>imagines</strong></span> <span class='ocrx_word' id='word_1_293' title='bbox 1244 3931 1483 3985; x_wconf 90' lang='lat' dir='ltr'><strong>ludibrio</strong></span> <span class='ocrx_word' id='word_1_294' title='bbox 1510 3930 1786 3994; x_wconf 87' lang='lat' dir='ltr'><strong>habuerit,</strong></span> <span class='ocrx_word' id='word_1_295' title='bbox 1816 3947 1926 3985; x_wconf 91' lang='lat' dir='ltr'><strong>non</strong></span> <span class='ocrx_word' id='word_1_296' title='bbox 1951 3932 2111 3985; x_wconf 85' lang='lat' dir='ltr'><strong>aliter</strong></span> <span class='ocrx_word' id='word_1_297' title='bbox 2138 3948 2303 4002; x_wconf 90' lang='lat' dir='ltr'><strong>quam</strong></span> 
     </span>
    </p>
   </div>
   <div class='ocr_carea' id='block_1_43' title="bbox 735 4022 2308 4093">
    <p class='ocr_par' dir='ltr' id='par_1_43' title="bbox 735 4022 2308 4093">
     <span class='ocr_line' id='line_1_43' title="bbox 735 4022 2308 4093; baseline 0.002 -18"><span class='ocrx_word' id='word_1_298' title='bbox 735 4022 782 4075; x_wconf 88' lang='lat' dir='ltr'><strong>si</strong></span> <span class='ocrx_word' id='word_1_299' title='bbox 812 4024 865 4075; x_wconf 90' lang='lat' dir='ltr'><strong>in</strong></span> <span class='ocrx_word' id='word_1_300' title='bbox 903 4038 1085 4092; x_wconf 81' lang='lat' dir='ltr'><strong>regem</strong></span> <span class='ocrx_word' id='word_1_301' title='bbox 1126 4024 1301 4093; x_wconf 71' lang='lat' dir='ltr'><strong>ipsum</strong></span> <span class='ocrx_word' id='word_1_302' title='bbox 1347 4022 1657 4092; x_wconf 87' lang='lat' dir='ltr'><strong>peccaverit</strong></span> <span class='ocrx_word' id='word_1_303' title='bbox 1698 4022 1944 4091; x_wconf 91' lang='lat' dir='ltr'><strong>punitur.</strong></span> <span class='ocrx_word' id='word_1_304' title='bbox 1995 4022 2126 4077; x_wconf 87' lang='lat' dir='ltr'><strong>Tale</strong></span> <span class='ocrx_word' id='word_1_305' title='bbox 2183 4039 2308 4078; x_wconf 78' lang='lat' dir='ltr'><strong>vero</strong></span> 
     </span>
    </p>
   </div>
   <div class='ocr_carea' id='block_1_44' title="bbox 737 4112 2314 4186">
    <p class='ocr_par' dir='ltr' id='par_1_44' title="bbox 737 4112 2314 4186">
     <span class='ocr_line' id='line_1_44' title="bbox 737 4112 2314 4186; baseline 0.003 -21"><span class='ocrx_word' id='word_1_306' title='bbox 737 4112 1000 4181; x_wconf 84' lang='lat' dir='ltr'><strong>quiddam</strong></span> <span class='ocrx_word' id='word_1_307' title='bbox 1034 4129 1063 4167; x_wconf 93' lang='lat' dir='ltr'><strong>a</strong></span> <span class='ocrx_word' id='word_1_308' title='bbox 1100 4112 1212 4167; x_wconf 88' lang='lat' dir='ltr'><strong>Deo</strong></span> <span class='ocrx_word' id='word_1_309' title='bbox 1246 4129 1465 4183; x_wconf 82' lang='lat' dir='ltr'><strong>quoque</strong></span> <span class='ocrx_word' id='word_1_310' title='bbox 1506 4114 1573 4167; x_wconf 91' lang='lat' dir='ltr'><strong>de</strong></span> <span class='ocrx_word' id='word_1_311' title='bbox 1602 4113 1761 4167; x_wconf 92' lang='lat' dir='ltr'><strong>nobis</strong></span> <span class='ocrx_word' id='word_1_312' title='bbox 1794 4122 2060 4168; x_wconf 91' lang='lat' dir='ltr'><strong>statutum</strong></span> <span class='ocrx_word' id='word_1_313' title='bbox 2098 4130 2314 4186; x_wconf 87' lang='lat' dir='ltr'><strong>compe-</strong></span> 
     </span>
    </p>
   </div>
   <div class='ocr_carea' id='block_1_45' title="bbox 736 4206 2309 4277">
    <p class='ocr_par' dir='ltr' id='par_1_45' title="bbox 736 4206 2309 4277">
     <span class='ocr_line' id='line_1_45' title="bbox 736 4206 2309 4277; baseline 0.001 -19"><span class='ocrx_word' id='word_1_314' title='bbox 736 4207 966 4260; x_wconf 90' lang='lat' dir='ltr'><strong>ricmus.</strong></span> <span class='ocrx_word' id='word_1_315' title='bbox 1000 4228 1017 4257; x_wconf 74' lang='grc' dir='ltr'><strong>ε</strong></span> <span class='ocrx_word' id='word_1_316' title='bbox 1060 4206 1161 4272; x_wconf 89' lang='lat' dir='ltr'><strong>Qui</strong></span> <span class='ocrx_word' id='word_1_317' title='bbox 1232 4207 1376 4261; x_wconf 90' lang='lat' dir='ltr'><strong>enim</strong></span> <span class='ocrx_word' id='word_1_318' title='bbox 1418 4207 1745 4276; x_wconf 88' lang='lat' dir='ltr'><strong>sanguinem</strong></span> <span class='ocrx_word' id='word_1_319' title='bbox 1791 4207 2052 4269; x_wconf 86' lang='lat' dir='ltr'><strong>hominis,</strong></span> <span class='ocrx_word' id='word_1_320' title='bbox 2115 4208 2309 4277; x_wconf 90' lang='lat' dir='ltr'><strong>inquit,</strong></span> 
     </span>
    </p>
   </div>
   <div class='ocr_carea' id='block_1_46' title="bbox 732 4294 2309 4366">
    <p class='ocr_par' dir='ltr' id='par_1_46' title="bbox 732 4294 2309 4366">
     <span class='ocr_line' id='line_1_46' title="bbox 732 4294 2309 4366; baseline -0.002 -15"><span class='ocrx_word' id='word_1_321' title='bbox 732 4296 1001 4361; x_wconf 74' lang='lat' dir='ltr'><strong>effuderit,</strong></span> <span class='ocrx_word' id='word_1_322' title='bbox 1065 4312 1162 4365; x_wconf 87' lang='lat' dir='ltr'><strong>pro</strong></span> <span class='ocrx_word' id='word_1_323' title='bbox 1218 4296 1485 4365; x_wconf 85' lang='lat' dir='ltr'><strong>sanguine</strong></span> <span class='ocrx_word' id='word_1_324' title='bbox 1557 4296 1719 4366; x_wconf 78' lang='lat'><strong>229</strong></span> <span class='ocrx_word' id='word_1_325' title='bbox 1788 4295 1910 4365; x_wconf 90' lang='lat' dir='ltr'><strong>ejus</strong></span> <span class='ocrx_word' id='word_1_326' title='bbox 1965 4294 2309 4361; x_wconf 83' lang='lat' dir='ltr'><strong>cﬂ&#39;undctur,</strong></span> 
     </span>
    </p>
   </div>
   <div class='ocr_carea' id='block_1_47' title="bbox 737 4385 2312 4458">
    <p class='ocr_par' dir='ltr' id='par_1_47' title="bbox 737 4385 2312 4458">
     <span class='ocr_line' id='line_1_47' title="bbox 737 4385 2312 4458; baseline 0 -16"><span class='ocrx_word' id='word_1_327' title='bbox 737 4389 867 4458; x_wconf 86' lang='lat' dir='ltr'><strong>quia</strong></span> <span class='ocrx_word' id='word_1_328' title='bbox 921 4390 976 4442; x_wconf 91' lang='lat' dir='ltr'><strong>in</strong></span> <span class='ocrx_word' id='word_1_329' title='bbox 1026 4389 1267 4456; x_wconf 88' lang='lat' dir='ltr'><strong>imagine</strong></span> <span class='ocrx_word' id='word_1_330' title='bbox 1327 4386 1421 4441; x_wconf 88' lang='lat' dir='ltr'><strong>Dei</strong></span> <span class='ocrx_word' id='word_1_331' title='bbox 1490 4386 1593 4441; x_wconf 89' lang='lat' dir='ltr'><strong>feci</strong></span> <span class='ocrx_word' id='word_1_332' title='bbox 1645 4387 2010 4441; x_wconf 69' lang='lat' dir='ltr'><strong>hominem”.</strong></span> <span class='ocrx_word' id='word_1_333' title='bbox 2066 4406 2081 4437; x_wconf 76' lang='grc' dir='ltr'><strong>ι</strong></span> <span class='ocrx_word' id='word_1_334' title='bbox 2145 4385 2312 4442; x_wconf 78' lang='lat' dir='ltr'><strong>Vides</strong></span> 
     </span>
    </p>
   </div>
   <div class='ocr_carea' id='block_1_48' title="bbox 734 4476 2309 4550">
    <p class='ocr_par' dir='ltr' id='par_1_48' title="bbox 734 4476 2309 4550">
     <span class='ocr_line' id='line_1_48' title="bbox 734 4476 2309 4550; baseline -0.002 -16"><span class='ocrx_word' id='word_1_335' title='bbox 734 4480 903 4550; x_wconf 86' lang='lat' dir='ltr'><strong>igitur</strong></span> <span class='ocrx_word' id='word_1_336' title='bbox 936 4494 999 4534; x_wconf 78' lang='lat' dir='ltr'><strong>ex</strong></span> <span class='ocrx_word' id='word_1_337' title='bbox 1032 4479 1154 4543; x_wconf 92' lang='lat' dir='ltr'><strong>hoc,</strong></span> <span class='ocrx_word' id='word_1_338' title='bbox 1203 4478 1403 4548; x_wconf 90' lang='lat' dir='ltr'><strong>inquit,</strong></span> <span class='ocrx_word' id='word_1_339' title='bbox 1458 4477 1748 4531; x_wconf 89' lang='lat' dir='ltr'><strong>manifeste</strong></span> <span class='ocrx_word' id='word_1_340' title='bbox 1781 4476 1945 4533; x_wconf 90' lang='lat' dir='ltr'><strong>Deum</strong></span> <span class='ocrx_word' id='word_1_341' title='bbox 2000 4493 2063 4532; x_wconf 89' lang='lat' dir='ltr'><strong>ac</strong></span> <span class='ocrx_word' id='word_1_342' title='bbox 2094 4476 2309 4533; x_wconf 89' lang='lat' dir='ltr'><strong>Patrem</strong></span> 
     </span>
    </p>
   </div>
   <div class='ocr_carea' id='block_1_49' title="bbox 2435 652 4020 724">
    <p class='ocr_par' dir='ltr' id='par_1_49' title="bbox 2435 652 4020 724">
     <span class='ocr_line' id='line_1_49' title="bbox 2435 652 4020 724; baseline -0.001 -19"><span class='ocrx_word' id='word_1_343' title='bbox 2435 652 2641 705; x_wconf 84' lang='grc' dir='ltr'>κωλύον</span> <span class='ocrx_word' id='word_1_344' title='bbox 2682 652 2833 706; x_wconf 81' lang='grc' dir='ltr'>οὐδὲν</span> <span class='ocrx_word' id='word_1_345' title='bbox 2876 654 2998 705; x_wconf 82' lang='grc' dir='ltr'>κατ’</span> <span class='ocrx_word' id='word_1_346' title='bbox 3052 652 3221 723; x_wconf 80' lang='grc' dir='ltr'>αὐτὴν</span> <span class='ocrx_word' id='word_1_347' title='bbox 3282 652 3379 705; x_wconf 83' lang='grc' dir='ltr'>τοῦ</span> <span class='ocrx_word' id='word_1_348' title='bbox 3426 656 3691 724; x_wconf 76' lang='grc' dir='ltr'><strong>νοήματος</strong></span> <span class='ocrx_word' id='word_1_349' title='bbox 3746 652 3846 722; x_wconf 81' lang='grc' dir='ltr'>τὴν</span> <span class='ocrx_word' id='word_1_350' title='bbox 3888 652 4020 703; x_wconf 85' lang='grc' dir='ltr'>ἀνα-</span> 
     </span>
    </p>
   </div>
   <div class='ocr_carea' id='block_1_50' title="bbox 2432 742 4021 815">
    <p class='ocr_par' dir='ltr' id='par_1_50' title="bbox 2432 742 4021 815">
     <span class='ocr_line' id='line_1_50' title="bbox 2432 742 4021 815; baseline -0.001 -20"><span class='ocrx_word' id='word_1_351' title='bbox 2432 743 2635 811; x_wconf 87' lang='grc' dir='ltr'>λογίαν.</span> <span class='ocrx_word' id='word_1_352' title='bbox 2674 743 2839 798; x_wconf 83' lang='grc' dir='ltr'><strong>Ὅταν</strong></span> <span class='ocrx_word' id='word_1_353' title='bbox 2864 744 2948 812; x_wconf 83' lang='grc' dir='ltr'><strong>ἐφ’</strong></span> <span class='ocrx_word' id='word_1_354' title='bbox 2984 742 3113 796; x_wconf 84' lang='grc' dir='ltr'><strong>Υίοῦ</strong></span> <span class='ocrx_word' id='word_1_355' title='bbox 3158 744 3249 797; x_wconf 80' lang='grc' dir='ltr'><strong>καὶ</strong></span> <span class='ocrx_word' id='word_1_356' title='bbox 3279 743 3489 814; x_wconf 75' lang='grc' dir='ltr'>[ἰατρὸς</span> <span class='ocrx_word' id='word_1_357' title='bbox 3523 745 3751 815; x_wconf 81' lang='grc' dir='ltr'><strong>φέρηται</strong></span> <span class='ocrx_word' id='word_1_358' title='bbox 3776 743 3836 795; x_wconf 80' lang='grc' dir='ltr'><strong>τὸ</strong></span> <span class='ocrx_word' id='word_1_359' title='bbox 3868 762 3885 793; x_wconf 76' lang='grc' dir='ltr'><strong>ι</strong></span> <span class='ocrx_word' id='word_1_360' title='bbox 3917 758 4021 794; x_wconf 87' lang='grc' dir='ltr'>κα-</span> 
     </span>
    </p>
   </div>
   <div class='ocr_carea' id='block_1_51' title="bbox 2432 832 4014 905">
    <p class='ocr_par' dir='ltr' id='par_1_51' title="bbox 2432 832 4014 905">
     <span class='ocr_line' id='line_1_51' title="bbox 2432 832 4014 905; baseline -0.003 -17"><span class='ocrx_word' id='word_1_361' title='bbox 2432 835 2639 897; x_wconf 48' lang='lat' dir='ltr'><strong>om,»</strong></span> <span class='ocrx_word' id='word_1_362' title='bbox 2714 835 2800 888; x_wconf 72' lang='grc' dir='ltr'><strong>διὰ</strong></span> <span class='ocrx_word' id='word_1_363' title='bbox 2859 836 3019 888; x_wconf 83' lang='grc' dir='ltr'>ποίαν</span> <span class='ocrx_word' id='word_1_364' title='bbox 3070 834 3247 887; x_wconf 77' lang='grc' dir='ltr'>αἰτίαν</span> <span class='ocrx_word' id='word_1_365' title='bbox 3317 834 3773 905; x_wconf 78' lang='grc' dir='ltr'>ἀποναρκήσομεν</span> <span class='ocrx_word' id='word_1_366' title='bbox 3831 832 4014 900; x_wconf 76' lang='grc' dir='ltr'>ἰσομέ-</span> 
     </span>
    </p>
   </div>
   <div class='ocr_carea' id='block_1_52' title="bbox 2428 921 4012 995">
    <p class='ocr_par' dir='ltr' id='par_1_52' title="bbox 2428 921 4012 995">
     <span class='ocr_line' id='line_1_52' title="bbox 2428 921 4012 995; baseline -0.002 -20"><span class='ocrx_word' id='word_1_367' title='bbox 2428 942 2577 995; x_wconf 88' lang='grc' dir='ltr'>τροις</span> <span class='ocrx_word' id='word_1_368' title='bbox 2616 925 2781 995; x_wconf 76' lang='grc' dir='ltr'>ἄμφω</span> <span class='ocrx_word' id='word_1_369' title='bbox 2804 924 3164 992; x_wconf 84' lang='grc' dir='ltr'><strong>καταστέφειν</strong></span> <span class='ocrx_word' id='word_1_370' title='bbox 3184 926 3369 993; x_wconf 84' lang='grc' dir='ltr'><strong>τιμαῖς</strong></span> <span class='ocrx_word' id='word_1_371' title='bbox 3394 940 3407 988; x_wconf 91' lang='grc'>;</span> <span class='ocrx_word' id='word_1_372' title='bbox 3452 921 4012 994; x_wconf 67' lang='grc' dir='ltr'><strong>Προανασκειζ.ιάμενο;⁸</strong></span> 
     </span>
    </p>
   </div>
   <div class='ocr_carea' id='block_1_53' title="bbox 2428 1014 4013 1088">
    <p class='ocr_par' dir='ltr' id='par_1_53' title="bbox 2428 1014 4013 1088">
     <span class='ocr_line' id='line_1_53' title="bbox 2428 1014 4013 1088; baseline -0.003 -20"><span class='ocrx_word' id='word_1_373' title='bbox 2428 1016 2534 1088; x_wconf 87' lang='grc' dir='ltr'><strong>γάρ</strong></span> <span class='ocrx_word' id='word_1_374' title='bbox 2580 1016 2655 1079; x_wconf 86' lang='grc' dir='ltr'>ὼς</span> <span class='ocrx_word' id='word_1_375' title='bbox 2705 1016 2837 1079; x_wconf 83' lang='grc' dir='ltr'><strong>Θεὸς</strong></span> <span class='ocrx_word' id='word_1_376' title='bbox 2884 1016 2951 1069; x_wconf 85' lang='grc' dir='ltr'><strong>τά</strong></span> <span class='ocrx_word' id='word_1_377' title='bbox 2994 1016 3247 1085; x_wconf 82' lang='grc' dir='ltr'>ἐσόμενα,</span> <span class='ocrx_word' id='word_1_378' title='bbox 3285 1016 3379 1067; x_wconf 74' lang='grc' dir='ltr'><strong>καὶ</strong></span> <span class='ocrx_word' id='word_1_379' title='bbox 3428 1016 3524 1084; x_wconf 77' lang='grc' dir='ltr'><strong>τὴν</strong></span> <span class='ocrx_word' id='word_1_380' title='bbox 3578 1014 3848 1084; x_wconf 88' lang='grc' dir='ltr'>βάσκανον</span> <span class='ocrx_word' id='word_1_381' title='bbox 3909 1014 4013 1081; x_wconf 77' lang='grc' dir='ltr'><strong>τῆς</strong></span> 
     </span>
    </p>
   </div>
   <div class='ocr_carea' id='block_1_54' title="bbox 2429 1105 4014 1177">
    <p class='ocr_par' dir='ltr' id='par_1_54' title="bbox 2429 1105 4014 1177">
     <span class='ocr_line' id='line_1_54' title="bbox 2429 1105 4014 1177; baseline -0.002 -18"><span class='ocrx_word' id='word_1_382' title='bbox 2429 1108 2526 1177; x_wconf 80' lang='grc' dir='ltr'>σῆς</span> <span class='ocrx_word' id='word_1_383' title='bbox 2557 1107 2797 1177; x_wconf 83' lang='grc' dir='ltr'>ἀμαθίας</span> <span class='ocrx_word' id='word_1_384' title='bbox 2851 1106 3225 1177; x_wconf 81' lang='grc' dir='ltr'>περιαθρήσας</span> <span class='ocrx_word' id='word_1_385' title='bbox 3253 1106 3581 1173; x_wconf 80' lang='grc' dir='ltr'><strong>ἀντιλογίαν,</strong></span> <span class='ocrx_word' id='word_1_386' title='bbox 3605 1106 3664 1158; x_wconf 82' lang='grc' dir='ltr'><strong>οὐ</strong></span> <span class='ocrx_word' id='word_1_387' title='bbox 3694 1105 3899 1173; x_wconf 82' lang='grc' dir='ltr'>γυμνὸν</span> <span class='ocrx_word' id='word_1_388' title='bbox 3926 1105 4014 1156; x_wconf 77' lang='grc' dir='ltr'>εὑ-</span> 
     </span>
    </p>
   </div>
   <div class='ocr_carea' id='block_1_55' title="bbox 2427 1194 4077 1272">
    <p class='ocr_par' dir='ltr' id='par_1_55' title="bbox 2427 1194 4077 1272">
     <span class='ocr_line' id='line_1_55' title="bbox 2427 1194 4077 1272; baseline -0.002 -21"><span class='ocrx_word' id='word_1_389' title='bbox 2427 1199 2543 1264; x_wconf 81' lang='grc' dir='ltr'>θὺς,</span> <span class='ocrx_word' id='word_1_390' title='bbox 2587 1198 2705 1252; x_wconf 82' lang='grc' dir='ltr'><strong>οὐδέ</strong></span> <span class='ocrx_word' id='word_1_391' title='bbox 2738 1199 2835 1269; x_wconf 85' lang='grc' dir='ltr'>τῆς</span> <span class='ocrx_word' id='word_1_392' title='bbox 2895 1199 3045 1270; x_wconf 82' lang='grc' dir='ltr'>αὐτῷ</span> <span class='ocrx_word' id='word_1_393' title='bbox 3078 1199 3392 1270; x_wconf 75' lang='grc' dir='ltr'>πρεπούσης</span> <span class='ocrx_word' id='word_1_394' title='bbox 3433 1200 3635 1272; x_wconf 71' lang='grc' dir='ltr'>ἔρημον</span> <span class='ocrx_word' id='word_1_395' title='bbox 3663 1198 4005 1267; x_wconf 82' lang='grc' dir='ltr'>ἐπικουρίας,</span> <span class='ocrx_word' id='word_1_396' title='bbox 4063 1194 4077 1204; x_wconf 59' lang='grc'><strong>⁵</strong></span> 
     </span>
    </p>
   </div>
   <div class='ocr_carea' id='block_1_56' title="bbox 2424 1291 4019 1363">
    <p class='ocr_par' dir='ltr' id='par_1_56' title="bbox 2424 1291 4019 1363">
     <span class='ocr_line' id='line_1_56' title="bbox 2424 1291 4019 1363; baseline -0.003 -19"><span class='ocrx_word' id='word_1_397' title='bbox 2424 1291 2486 1344; x_wconf 81' lang='grc' dir='ltr'><strong>τὸ</strong></span> <span class='ocrx_word' id='word_1_398' title='bbox 2526 1311 2544 1343; x_wconf 90' lang='grc'><strong>‹</strong></span> <span class='ocrx_word' id='word_1_399' title='bbox 2578 1292 2761 1355; x_wconf 85' lang='grc' dir='ltr'>καθὼς</span> <span class='ocrx_word' id='word_1_400' title='bbox 2789 1312 2807 1344; x_wconf 71' lang='grc' dir='ltr'><strong>ι</strong></span> <span class='ocrx_word' id='word_1_401' title='bbox 2862 1294 3220 1363; x_wconf 79' lang='grc' dir='ltr'>εἰσενήνοχεν,</span> <span class='ocrx_word' id='word_1_402' title='bbox 3250 1292 3383 1345; x_wconf 84' lang='grc' dir='ltr'><strong>ἀλλά</strong></span> <span class='ocrx_word' id='word_1_403' title='bbox 3427 1295 3548 1354; x_wconf 82' lang='grc' dir='ltr'>ταῖς</span> <span class='ocrx_word' id='word_1_404' title='bbox 3597 1292 3694 1360; x_wconf 78' lang='grc' dir='ltr'><strong>μὲν</strong></span> <span class='ocrx_word' id='word_1_405' title='bbox 3738 1291 4019 1360; x_wconf 75' lang='grc' dir='ltr'>καθηκού-</span> 
     </span>
    </p>
   </div>
   <div class='ocr_carea' id='block_1_57' title="bbox 2428 1383 4007 1455">
    <p class='ocr_par' dir='ltr' id='par_1_57' title="bbox 2428 1383 4007 1455">
     <span class='ocr_line' id='line_1_57' title="bbox 2428 1383 4007 1455; baseline 0.001 -21"><span class='ocrx_word' id='word_1_406' title='bbox 2428 1400 2550 1447; x_wconf 89' lang='grc' dir='ltr'>σαις</span> <span class='ocrx_word' id='word_1_407' title='bbox 2578 1384 2969 1455; x_wconf 68' lang='grc' dir='ltr'>προπχυρὼσας</span> <span class='ocrx_word' id='word_1_408' title='bbox 3013 1384 3429 1455; x_wconf 78' lang='grc' dir='ltr'>πληροφορίαις,</span> <span class='ocrx_word' id='word_1_409' title='bbox 3490 1384 3889 1455; x_wconf 71' lang='grc' dir='ltr'>προαποδείξας</span> <span class='ocrx_word' id='word_1_410' title='bbox 3949 1383 4007 1436; x_wconf 80' lang='grc' dir='ltr'><strong>δὲ</strong></span> 
     </span>
    </p>
   </div>
   <div class='ocr_carea' id='block_1_58' title="bbox 2427 1472 4011 1544">
    <p class='ocr_par' dir='ltr' id='par_1_58' title="bbox 2427 1472 4011 1544">
     <span class='ocr_line' id='line_1_58' title="bbox 2427 1472 4011 1544; baseline -0.003 -17"><span class='ocrx_word' id='word_1_411' title='bbox 2427 1475 2507 1527; x_wconf 81' lang='grc' dir='ltr'>ὅτι</span> <span class='ocrx_word' id='word_1_412' title='bbox 2547 1475 2638 1526; x_wconf 73' lang='grc' dir='ltr'>καὶ</span> <span class='ocrx_word' id='word_1_413' title='bbox 2675 1474 2807 1536; x_wconf 74' lang='grc' dir='ltr'>Θεὸς</span> <span class='ocrx_word' id='word_1_414' title='bbox 2840 1474 3076 1544; x_wconf 83' lang='grc' dir='ltr'>ὑπάρχοι</span> <span class='ocrx_word' id='word_1_415' title='bbox 3111 1475 3252 1527; x_wconf 86' lang='grc' dir='ltr'><strong>κατά</strong></span> <span class='ocrx_word' id='word_1_416' title='bbox 3288 1474 3448 1542; x_wconf 80' lang='grc' dir='ltr'>φύσιν</span> <span class='ocrx_word' id='word_1_417' title='bbox 3484 1490 3497 1503; x_wconf 91' lang='grc'><strong>·</strong></span> <span class='ocrx_word' id='word_1_418' title='bbox 3536 1474 3666 1526; x_wconf 74' lang='grc' dir='ltr'>ἴδιον</span> <span class='ocrx_word' id='word_1_419' title='bbox 3698 1472 3807 1541; x_wconf 76' lang='grc' dir='ltr'><strong>γὰρ</strong></span> <span class='ocrx_word' id='word_1_420' title='bbox 3862 1474 4011 1524; x_wconf 70' lang='grc' dir='ltr'>ἐποισ</span> 
     </span>
    </p>
   </div>
   <div class='ocr_carea' id='block_1_59' title="bbox 2427 1563 4005 1637">
    <p class='ocr_par' dir='ltr' id='par_1_59' title="bbox 2427 1563 4005 1637">
     <span class='ocr_line' id='line_1_59' title="bbox 2427 1563 4005 1637; baseline -0.004 -18"><span class='ocrx_word' id='word_1_421' title='bbox 2427 1568 2538 1619; x_wconf 90' lang='grc' dir='ltr'>εῖτο</span> <span class='ocrx_word' id='word_1_422' title='bbox 2567 1565 2787 1637; x_wconf 76' lang='grc' dir='ltr'>Πατέρα</span> <span class='ocrx_word' id='word_1_423' title='bbox 2830 1565 2923 1617; x_wconf 84' lang='grc' dir='ltr'><strong>τὸν</strong></span> <span class='ocrx_word' id='word_1_424' title='bbox 2954 1564 3085 1618; x_wconf 84' lang='grc' dir='ltr'>Θεόν</span> <span class='ocrx_word' id='word_1_425' title='bbox 3108 1578 3123 1594; x_wconf 85' lang='grc'><em>’</em></span> <span class='ocrx_word' id='word_1_426' title='bbox 3170 1567 3692 1636; x_wconf 72' lang='grc' dir='ltr'>προκατασκευάσας</span> <span class='ocrx_word' id='word_1_427' title='bbox 3727 1565 3782 1617; x_wconf 80' lang='grc' dir='ltr'><strong>δὲ</strong></span> <span class='ocrx_word' id='word_1_428' title='bbox 3819 1563 4005 1625; x_wconf 85' lang='grc' dir='ltr'>πάλιν,</span> 
     </span>
    </p>
   </div>
   <div class='ocr_carea' id='block_1_60' title="bbox 2424 1657 4003 1730">
    <p class='ocr_par' dir='ltr' id='par_1_60' title="bbox 2424 1657 4003 1730">
     <span class='ocr_line' id='line_1_60' title="bbox 2424 1657 4003 1730; baseline -0.003 -18"><span class='ocrx_word' id='word_1_429' title='bbox 2424 1660 2503 1713; x_wconf 76' lang='grc' dir='ltr'><strong>ὅτι</strong></span> <span class='ocrx_word' id='word_1_430' title='bbox 2534 1660 2623 1712; x_wconf 77' lang='grc' dir='ltr'><strong>καὶ</strong></span> <span class='ocrx_word' id='word_1_431' title='bbox 2644 1658 2777 1720; x_wconf 83' lang='grc' dir='ltr'>Θεὸς</span> <span class='ocrx_word' id='word_1_432' title='bbox 2791 1657 3125 1730; x_wconf 81' lang='grc' dir='ltr'>δημιουργὸς</span> <span class='ocrx_word' id='word_1_433' title='bbox 3166 1660 3259 1711; x_wconf 71' lang='grc' dir='ltr'><strong>καὶ</strong></span> <span class='ocrx_word' id='word_1_434' title='bbox 3289 1657 3397 1722; x_wconf 78' lang='grc' dir='ltr'>ζῶν</span> <span class='ocrx_word' id='word_1_435' title='bbox 3428 1658 3548 1711; x_wconf 80' lang='grc' dir='ltr'>κατ’</span> <span class='ocrx_word' id='word_1_436' title='bbox 3576 1657 3835 1727; x_wconf 83' lang='grc' dir='ltr'>ἀλήθειάν</span> <span class='ocrx_word' id='word_1_437' title='bbox 3860 1658 4003 1716; x_wconf 83' lang='grc' dir='ltr'>ἐστι,</span> 
     </span>
    </p>
   </div>
   <div class='ocr_carea' id='block_1_61' title="bbox 2424 1748 4005 1816">
    <p class='ocr_par' dir='ltr' id='par_1_61' title="bbox 2424 1748 4005 1816">
     <span class='ocr_line' id='line_1_61' title="bbox 2424 1748 4005 1816; baseline -0.005 -10"><span class='ocrx_word' id='word_1_438' title='bbox 2424 1754 2516 1806; x_wconf 81' lang='grc' dir='ltr'><strong>καὶ</strong></span> <span class='ocrx_word' id='word_1_439' title='bbox 2553 1752 2710 1815; x_wconf 84' lang='grc' dir='ltr'>ὅλως,</span> <span class='ocrx_word' id='word_1_440' title='bbox 2750 1753 2820 1803; x_wconf 82' lang='grc' dir='ltr'>ἵν’</span> <span class='ocrx_word' id='word_1_441' title='bbox 2844 1752 3016 1814; x_wconf 77' lang='grc' dir='ltr'>οὕτως</span> <span class='ocrx_word' id='word_1_442' title='bbox 3040 1751 3199 1813; x_wconf 77' lang='grc' dir='ltr'>εἴπω,</span> <span class='ocrx_word' id='word_1_443' title='bbox 3238 1752 3350 1813; x_wconf 87' lang='grc' dir='ltr'>τοῖς</span> <span class='ocrx_word' id='word_1_444' title='bbox 3384 1749 3480 1802; x_wconf 82' lang='grc' dir='ltr'>τοῦ</span> <span class='ocrx_word' id='word_1_445' title='bbox 3509 1749 3641 1801; x_wconf 75' lang='grc' dir='ltr'>Θεοῦ</span> <span class='ocrx_word' id='word_1_446' title='bbox 3673 1749 3766 1801; x_wconf 78' lang='grc' dir='ltr'>καὶ</span> <span class='ocrx_word' id='word_1_447' title='bbox 3786 1748 4005 1816; x_wconf 81' lang='grc' dir='ltr'>Πατρδς</span> 
     </span>
    </p>
   </div>
   <div class='ocr_carea' id='block_1_62' title="bbox 2423 1838 4006 1913">
    <p class='ocr_par' dir='ltr' id='par_1_62' title="bbox 2423 1838 4006 1913">
     <span class='ocr_line' id='line_1_62' title="bbox 2423 1838 4006 1913; baseline -0.004 -17"><span class='ocrx_word' id='word_1_448' title='bbox 2423 1842 2885 1913; x_wconf 71' lang='grc' dir='ltr'>ἐπαγλαῖζόμενον</span> <span class='ocrx_word' id='word_1_449' title='bbox 2932 1842 3183 1912; x_wconf 82' lang='grc' dir='ltr'>ίδιὼμασι</span> <span class='ocrx_word' id='word_1_450' title='bbox 3232 1840 3684 1911; x_wconf 83' lang='grc' dir='ltr'>προεισενεγκὼν,</span> <span class='ocrx_word' id='word_1_451' title='bbox 3728 1838 4006 1908; x_wconf 77' lang='grc' dir='ltr'>εὐκαίρως</span> 
     </span>
    </p>
   </div>
   <div class='ocr_carea' id='block_1_63' title="bbox 2425 1927 4005 2002">
    <p class='ocr_par' dir='ltr' id='par_1_63' title="bbox 2425 1927 4005 2002">
     <span class='ocr_line' id='line_1_63' title="bbox 2425 1927 4005 2002; baseline -0.005 -14"><span class='ocrx_word' id='word_1_452' title='bbox 2425 1937 2617 2002; x_wconf 76' lang='grc' dir='ltr'>ἐπάγει</span> <span class='ocrx_word' id='word_1_453' title='bbox 2654 1936 2857 1988; x_wconf 73' lang='grc' dir='ltr'>λοιπὸψ</span> <span class='ocrx_word' id='word_1_454' title='bbox 2895 1934 3044 1987; x_wconf 74' lang='grc' dir='ltr'>«Ἵνα</span> <span class='ocrx_word' id='word_1_455' title='bbox 3076 1934 3275 1995; x_wconf 90' lang='grc' dir='ltr'>πάντες</span> <span class='ocrx_word' id='word_1_456' title='bbox 3298 1932 3500 2002; x_wconf 84' lang='grc' dir='ltr'>τιμῶσι</span> <span class='ocrx_word' id='word_1_457' title='bbox 3531 1933 3621 1985; x_wconf 77' lang='grc' dir='ltr'><strong>τὸν</strong></span> <span class='ocrx_word' id='word_1_458' title='bbox 3642 1931 3787 1991; x_wconf 75' lang='grc' dir='ltr'>Υίδν,</span> <span class='ocrx_word' id='word_1_459' title='bbox 3816 1927 4005 1989; x_wconf 86' lang='grc' dir='ltr'>καθὼς</span> 
     </span>
    </p>
   </div>
   <div class='ocr_carea' id='block_1_64' title="bbox 2422 2019 4005 2095">
    <p class='ocr_par' dir='ltr' id='par_1_64' title="bbox 2422 2019 4005 2095">
     <span class='ocr_line' id='line_1_64' title="bbox 2422 2019 4005 2095; baseline -0.004 -17"><span class='ocrx_word' id='word_1_460' title='bbox 2422 2026 2623 2094; x_wconf 86' lang='grc' dir='ltr'>τιμῶσι</span> <span class='ocrx_word' id='word_1_461' title='bbox 2646 2025 2736 2078; x_wconf 87' lang='grc' dir='ltr'>τδν</span> <span class='ocrx_word' id='word_1_462' title='bbox 2765 2025 3009 2095; x_wconf 89' lang='grc' dir='ltr'>Πατέρα.</span> <span class='ocrx_word' id='word_1_463' title='bbox 3045 2044 3065 2073; x_wconf 77' lang='grc' dir='ltr'><strong>ι</strong></span> <span class='ocrx_word' id='word_1_464' title='bbox 3122 2019 3257 2076; x_wconf 78' lang='grc' dir='ltr'>Εἶτα</span> <span class='ocrx_word' id='word_1_465' title='bbox 3293 2023 3346 2075; x_wconf 87' lang='grc' dir='ltr'><strong>τί</strong></span> <span class='ocrx_word' id='word_1_466' title='bbox 3379 2023 3439 2075; x_wconf 72' lang='grc' dir='ltr'>τὸ</span> <span class='ocrx_word' id='word_1_467' title='bbox 3479 2022 3835 2075; x_wconf 84' lang='grc' dir='ltr'>ἀντιστατοῦν</span> <span class='ocrx_word' id='word_1_468' title='bbox 3871 2024 4005 2074; x_wconf 89' lang='grc' dir='ltr'>ἀνα-</span> 
     </span>
    </p>
   </div>
   <div class='ocr_carea' id='block_1_65' title="bbox 2423 2106 4003 2183">
    <p class='ocr_par' dir='ltr' id='par_1_65' title="bbox 2423 2106 4003 2183">
     <span class='ocr_line' id='line_1_65' title="bbox 2423 2106 4003 2183; baseline -0.002 -17"><span class='ocrx_word' id='word_1_469' title='bbox 2423 2117 2670 2183; x_wconf 79' lang='grc' dir='ltr'>φανεῖται</span> <span class='ocrx_word' id='word_1_470' title='bbox 2725 2113 2940 2178; x_wconf 84' lang='grc' dir='ltr'>λοιπόν;</span> <span class='ocrx_word' id='word_1_471' title='bbox 2989 2112 3043 2165; x_wconf 87' lang='grc' dir='ltr'><strong>τί</strong></span> <span class='ocrx_word' id='word_1_472' title='bbox 3100 2112 3157 2165; x_wconf 74' lang='grc' dir='ltr'>δὲ</span> <span class='ocrx_word' id='word_1_473' title='bbox 3199 2113 3261 2165; x_wconf 82' lang='grc' dir='ltr'><strong>τὸ</strong></span> <span class='ocrx_word' id='word_1_474' title='bbox 3297 2113 3503 2165; x_wconf 76' lang='grc' dir='ltr'>κωλύον</span> <span class='ocrx_word' id='word_1_475' title='bbox 3534 2114 3649 2165; x_wconf 73' lang='grc' dir='ltr'>ἐστὶ</span> <span class='ocrx_word' id='word_1_476' title='bbox 3693 2114 3806 2173; x_wconf 71' lang='grc' dir='ltr'>τὸν,</span> <span class='ocrx_word' id='word_1_477' title='bbox 3842 2106 4003 2179; x_wconf 75' lang='grc' dir='ltr'>ᾧπερ</span> 
     </span>
    </p>
   </div>
   <div class='ocr_carea' id='block_1_66' title="bbox 2420 2202 4003 2275">
    <p class='ocr_par' dir='ltr' id='par_1_66' title="bbox 2420 2202 4003 2275">
     <span class='ocr_line' id='line_1_66' title="bbox 2420 2202 4003 2275; baseline -0.003 -17"><span class='ocrx_word' id='word_1_478' title='bbox 2420 2205 2691 2269; x_wconf 79' lang='grc' dir='ltr'>οὑσιωδῶς</span> <span class='ocrx_word' id='word_1_479' title='bbox 2750 2205 3043 2275; x_wconf 74' lang='grc' dir='ltr'>ἐνυπάρχει</span> <span class='ocrx_word' id='word_1_480' title='bbox 3081 2204 3149 2258; x_wconf 87' lang='grc' dir='ltr'><strong>τά</strong></span> <span class='ocrx_word' id='word_1_481' title='bbox 3198 2204 3296 2257; x_wconf 83' lang='grc' dir='ltr'>τοῦ</span> <span class='ocrx_word' id='word_1_482' title='bbox 3338 2206 3699 2272; x_wconf 79' lang='grc' dir='ltr'>γεννήσαντος</span> <span class='ocrx_word' id='word_1_483' title='bbox 3748 2204 3857 2255; x_wconf 80' lang='grc' dir='ltr'>ίδια</span> <span class='ocrx_word' id='word_1_484' title='bbox 3904 2202 4003 2255; x_wconf 76' lang='grc' dir='ltr'><strong>καὶ</strong></span> 
     </span>
    </p>
   </div>
   <div class='ocr_carea' id='block_1_67' title="bbox 2420 2292 3998 2364">
    <p class='ocr_par' dir='ltr' id='par_1_67' title="bbox 2420 2292 3998 2364">
     <span class='ocr_line' id='line_1_67' title="bbox 2420 2292 3998 2364; baseline -0.004 -15"><span class='ocrx_word' id='word_1_485' title='bbox 2420 2295 2689 2364; x_wconf 80' lang='grc' dir='ltr'>ἐξαίρετα,</span> <span class='ocrx_word' id='word_1_486' title='bbox 2715 2294 2849 2364; x_wconf 77' lang='grc' dir='ltr'>πρὸς</span> <span class='ocrx_word' id='word_1_487' title='bbox 2862 2293 2923 2346; x_wconf 81' lang='grc' dir='ltr'><strong>τὸ</strong></span> <span class='ocrx_word' id='word_1_488' title='bbox 2958 2292 3072 2345; x_wconf 78' lang='grc' dir='ltr'>ἴσον</span> <span class='ocrx_word' id='word_1_489' title='bbox 3097 2294 3194 2363; x_wconf 78' lang='grc' dir='ltr'><strong>τῆς</strong></span> <span class='ocrx_word' id='word_1_490' title='bbox 3226 2294 3388 2363; x_wconf 86' lang='grc' dir='ltr'>τιμῆς</span> <span class='ocrx_word' id='word_1_491' title='bbox 3416 2292 3724 2345; x_wconf 78' lang='grc' dir='ltr'>ἀναϐαίνειν</span> <span class='ocrx_word' id='word_1_492' title='bbox 3753 2292 3956 2361; x_wconf 78' lang='grc' dir='ltr'>μέτρον</span> <span class='ocrx_word' id='word_1_493' title='bbox 3981 2308 3998 2355; x_wconf 75' lang='grc' dir='ltr'><strong>ς</strong></span> 
     </span>
    </p>
   </div>
   <div class='ocr_carea' id='block_1_68' title="bbox 2419 2382 4000 2457">
    <p class='ocr_par' dir='ltr' id='par_1_68' title="bbox 2419 2382 4000 2457">
     <span class='ocr_line' id='line_1_68' title="bbox 2419 2382 4000 2457; baseline -0.004 -17"><span class='ocrx_word' id='word_1_494' title='bbox 2419 2388 2599 2457; x_wconf 82' lang='grc' dir='ltr'>Αὐτὴν</span> <span class='ocrx_word' id='word_1_495' title='bbox 2624 2388 2731 2457; x_wconf 70' lang='grc' dir='ltr'><strong>γὰρ</strong></span> <span class='ocrx_word' id='word_1_496' title='bbox 2758 2386 2858 2457; x_wconf 68' lang='grc' dir='ltr'>ἤδη</span> <span class='ocrx_word' id='word_1_497' title='bbox 2903 2386 3169 2455; x_wconf 88' lang='grc' dir='ltr'>τιμῶντες</span> <span class='ocrx_word' id='word_1_498' title='bbox 3196 2386 3293 2457; x_wconf 82' lang='grc' dir='ltr'>τὴν</span> <span class='ocrx_word' id='word_1_499' title='bbox 3327 2384 3420 2439; x_wconf 83' lang='grc' dir='ltr'>τοῦ</span> <span class='ocrx_word' id='word_1_500' title='bbox 3447 2384 3581 2439; x_wconf 74' lang='grc' dir='ltr'>Θεοῦ</span> <span class='ocrx_word' id='word_1_501' title='bbox 3629 2385 3723 2437; x_wconf 76' lang='grc' dir='ltr'>καὶ</span> <span class='ocrx_word' id='word_1_502' title='bbox 3780 2382 4000 2453; x_wconf 70' lang='grc' dir='ltr'>Πατρὸς</span> 
     </span>
    </p>
   </div>
   <div class='ocr_carea' id='block_1_69' title="bbox 2418 2471 4001 2548">
    <p class='ocr_par' dir='ltr' id='par_1_69' title="bbox 2418 2471 4001 2548">
     <span class='ocr_line' id='line_1_69' title="bbox 2418 2471 4001 2548; baseline -0.006 -15"><span class='ocrx_word' id='word_1_503' title='bbox 2418 2479 2738 2548; x_wconf 85' lang='grc' dir='ltr'>ἀλωσόμεθα</span> <span class='ocrx_word' id='word_1_504' title='bbox 2764 2478 2946 2546; x_wconf 78' lang='grc' dir='ltr'>φύσιν.</span> <span class='ocrx_word' id='word_1_505' title='bbox 2980 2477 3160 2539; x_wconf 87' lang='grc' dir='ltr'>καλῶς</span> <span class='ocrx_word' id='word_1_506' title='bbox 3181 2478 3238 2528; x_wconf 86' lang='grc' dir='ltr'><strong>ἐν</strong></span> <span class='ocrx_word' id='word_1_507' title='bbox 3270 2476 3384 2545; x_wconf 84' lang='grc' dir='ltr'><strong>Υἱῷ</strong></span> <span class='ocrx_word' id='word_1_508' title='bbox 3424 2475 3852 2544; x_wconf 80' lang='grc' dir='ltr'>διαλάμπουσαν.</span> <span class='ocrx_word' id='word_1_509' title='bbox 3898 2471 4001 2525; x_wconf 69' lang='grc' dir='ltr'><strong>Διὰ</strong></span> 
     </span>
    </p>
   </div>
   <div class='ocr_carea' id='block_1_70' title="bbox 2418 2564 3998 2641">
    <p class='ocr_par' dir='ltr' id='par_1_70' title="bbox 2418 2564 3998 2641">
     <span class='ocr_line' id='line_1_70' title="bbox 2418 2564 3998 2641; baseline -0.005 -18"><span class='ocrx_word' id='word_1_510' title='bbox 2418 2572 2526 2641; x_wconf 78' lang='grc' dir='ltr'>γὰρ</span> <span class='ocrx_word' id='word_1_511' title='bbox 2556 2570 2713 2623; x_wconf 75' lang='grc' dir='ltr'>τοῦτό</span> <span class='ocrx_word' id='word_1_512' title='bbox 2737 2585 2902 2637; x_wconf 79' lang='grc' dir='ltr'>φησιν</span> <span class='ocrx_word' id='word_1_513' title='bbox 2930 2568 3148 2636; x_wconf 74' lang='grc' dir='ltr'>ἐφεξῆςο</span> <span class='ocrx_word' id='word_1_514' title='bbox 3186 2587 3203 2618; x_wconf 84' lang='grc'><strong><em>‹</em></strong></span> <span class='ocrx_word' id='word_1_515' title='bbox 3262 2568 3321 2619; x_wconf 89' lang='grc' dir='ltr'><strong>Ὀ</strong></span> <span class='ocrx_word' id='word_1_516' title='bbox 3350 2567 3422 2637; x_wconf 82' lang='grc' dir='ltr'>μὴ</span> <span class='ocrx_word' id='word_1_517' title='bbox 3451 2565 3621 2635; x_wconf 81' lang='grc' dir='ltr'>τιμῶν</span> <span class='ocrx_word' id='word_1_518' title='bbox 3644 2564 3733 2617; x_wconf 82' lang='grc' dir='ltr'><strong>τὸν</strong></span> <span class='ocrx_word' id='word_1_519' title='bbox 3751 2565 3901 2622; x_wconf 80' lang='grc' dir='ltr'>Υἱὸν,</span> <span class='ocrx_word' id='word_1_520' title='bbox 3931 2564 3998 2616; x_wconf 77' lang='grc' dir='ltr'><strong>οὐ</strong></span> 
     </span>
    </p>
   </div>
   <div class='ocr_carea' id='block_1_71' title="bbox 2415 2655 3995 2731">
    <p class='ocr_par' dir='ltr' id='par_1_71' title="bbox 2415 2655 3995 2731">
     <span class='ocr_line' id='line_1_71' title="bbox 2415 2655 3995 2731; baseline -0.004 -17"><span class='ocrx_word' id='word_1_521' title='bbox 2415 2663 2549 2731; x_wconf 81' lang='grc' dir='ltr'>τιμᾷ</span> <span class='ocrx_word' id='word_1_522' title='bbox 2572 2661 2662 2713; x_wconf 86' lang='grc' dir='ltr'><strong>τὸν</strong></span> <span class='ocrx_word' id='word_1_523' title='bbox 2686 2661 2902 2730; x_wconf 79' lang='grc' dir='ltr'>Πατέρα</span> <span class='ocrx_word' id='word_1_524' title='bbox 2938 2658 3029 2711; x_wconf 85' lang='grc' dir='ltr'><strong>τὸν</strong></span> <span class='ocrx_word' id='word_1_525' title='bbox 3064 2659 3357 2727; x_wconf 61' lang='grc' dir='ltr'>πέμψαντα</span> <span class='ocrx_word' id='word_1_526' title='bbox 3396 2658 3573 2710; x_wconf 75' lang='grc' dir='ltr'>αὐτόν.</span> <span class='ocrx_word' id='word_1_527' title='bbox 3626 2675 3643 2708; x_wconf 69' lang='grc' dir='ltr'><strong>ι</strong></span> <span class='ocrx_word' id='word_1_528' title='bbox 3692 2655 3995 2722; x_wconf 75' lang='grc' dir='ltr'>Ἀναϐήσε-</span> 
     </span>
    </p>
   </div>
   <div class='ocr_carea' id='block_1_72' title="bbox 2415 2746 3997 2822">
    <p class='ocr_par' dir='ltr' id='par_1_72' title="bbox 2415 2746 3997 2822">
     <span class='ocr_line' id='line_1_72' title="bbox 2415 2746 3997 2822; baseline -0.007 -16"><span class='ocrx_word' id='word_1_529' title='bbox 2415 2772 2502 2806; x_wconf 84' lang='grc' dir='ltr'><strong>ται</strong></span> <span class='ocrx_word' id='word_1_530' title='bbox 2565 2752 2672 2822; x_wconf 82' lang='grc' dir='ltr'>γὰρ</span> <span class='ocrx_word' id='word_1_531' title='bbox 2715 2751 2815 2803; x_wconf 84' lang='grc' dir='ltr'><strong>οὐκ</strong></span> <span class='ocrx_word' id='word_1_532' title='bbox 2859 2750 2943 2818; x_wconf 78' lang='grc' dir='ltr'><strong>ἐφ’</strong></span> <span class='ocrx_word' id='word_1_533' title='bbox 2977 2749 3165 2817; x_wconf 77' lang='grc' dir='ltr'>ἔτερόν</span> <span class='ocrx_word' id='word_1_534' title='bbox 3221 2766 3344 2801; x_wconf 90' lang='grc' dir='ltr'>τινα</span> <span class='ocrx_word' id='word_1_535' title='bbox 3382 2748 3579 2819; x_wconf 78' lang='grc' dir='ltr'>μᾶλλον</span> <span class='ocrx_word' id='word_1_536' title='bbox 3621 2748 3718 2816; x_wconf 80' lang='grc' dir='ltr'>τῆς</span> <span class='ocrx_word' id='word_1_537' title='bbox 3753 2748 3833 2808; x_wconf 82' lang='grc' dir='ltr'><strong>είς</strong></span> <span class='ocrx_word' id='word_1_538' title='bbox 3866 2746 3997 2799; x_wconf 78' lang='grc' dir='ltr'>Υίὺν</span> 
     </span>
    </p>
   </div>
   <div class='ocr_carea' id='block_1_73' title="bbox 2416 2838 3989 2917">
    <p class='ocr_par' dir='ltr' id='par_1_73' title="bbox 2416 2838 3989 2917">
     <span class='ocr_line' id='line_1_73' title="bbox 2416 2838 3989 2917; baseline -0.009 -16"><span class='ocrx_word' id='word_1_539' title='bbox 2416 2848 2640 2917; x_wconf 80' lang='grc' dir='ltr'>ἀτιμίας</span> <span class='ocrx_word' id='word_1_540' title='bbox 2669 2846 2729 2899; x_wconf 76' lang='grc' dir='ltr'>τὸ</span> <span class='ocrx_word' id='word_1_541' title='bbox 2748 2843 3020 2914; x_wconf 79' lang='grc' dir='ltr'>ἔγκλημα,</span> <span class='ocrx_word' id='word_1_542' title='bbox 3050 2843 3145 2895; x_wconf 68' lang='grc' dir='ltr'>καὶ</span> <span class='ocrx_word' id='word_1_543' title='bbox 3187 2842 3285 2911; x_wconf 78' lang='grc' dir='ltr'><strong>τῆς</strong></span> <span class='ocrx_word' id='word_1_544' title='bbox 3322 2841 3629 2911; x_wconf 72' lang='grc' dir='ltr'>δυσφημίας</span> <span class='ocrx_word' id='word_1_545' title='bbox 3676 2841 3707 2908; x_wconf 76' lang='grc' dir='ltr'><strong>ἡ</strong></span> <span class='ocrx_word' id='word_1_546' title='bbox 3735 2838 3989 2907; x_wconf 75' lang='grc' dir='ltr'>δύναμις,</span> 
     </span>
    </p>
   </div>
   <div class='ocr_carea' id='block_1_74' title="bbox 2414 2929 3993 3010">
    <p class='ocr_par' dir='ltr' id='par_1_74' title="bbox 2414 2929 3993 3010">
     <span class='ocr_line' id='line_1_74' title="bbox 2414 2929 3993 3010; baseline -0.006 -19"><span class='ocrx_word' id='word_1_547' title='bbox 2414 2940 2446 3010; x_wconf 85' lang='grc' dir='ltr'><strong>ἧ</strong></span> <span class='ocrx_word' id='word_1_548' title='bbox 2483 2941 2560 3001; x_wconf 86' lang='grc' dir='ltr'>εἰς</span> <span class='ocrx_word' id='word_1_549' title='bbox 2582 2938 2743 2991; x_wconf 84' lang='grc' dir='ltr'>αὑτὸν</span> <span class='ocrx_word' id='word_1_550' title='bbox 2770 2936 3131 3007; x_wconf 83' lang='grc' dir='ltr'>ἀληθέστερον</span> <span class='ocrx_word' id='word_1_551' title='bbox 3180 2936 3272 2987; x_wconf 69' lang='grc' dir='ltr'><strong>τὸν</strong></span> <span class='ocrx_word' id='word_1_552' title='bbox 3303 2934 3543 3003; x_wconf 80' lang='grc' dir='ltr'>Πατέρα,</span> <span class='ocrx_word' id='word_1_553' title='bbox 3584 2930 3831 2999; x_wconf 81' lang='grc' dir='ltr'>καθάπερ</span> <span class='ocrx_word' id='word_1_554' title='bbox 3882 2929 3993 2982; x_wconf 75' lang='grc' dir='ltr'><strong>ἀπὸ</strong></span> 
     </span>
    </p>
   </div>
   <div class='ocr_carea' id='block_1_75' title="bbox 2416 3017 3995 3099">
    <p class='ocr_par' dir='ltr' id='par_1_75' title="bbox 2416 3017 3995 3099">
     <span class='ocr_line' id='line_1_75' title="bbox 2416 3017 3995 3099; baseline -0.009 -18"><span class='ocrx_word' id='word_1_555' title='bbox 2416 3029 2597 3099; x_wconf 82' lang='grc' dir='ltr'>πηγῆς</span> <span class='ocrx_word' id='word_1_556' title='bbox 2642 3028 2739 3098; x_wconf 78' lang='grc' dir='ltr'>τῆς</span> <span class='ocrx_word' id='word_1_557' title='bbox 2786 3024 2993 3088; x_wconf 86' lang='grc' dir='ltr'>οίκείας</span> <span class='ocrx_word' id='word_1_558' title='bbox 3025 3024 3238 3094; x_wconf 80' lang='grc' dir='ltr'>φύσεως</span> <span class='ocrx_word' id='word_1_559' title='bbox 3270 3023 3465 3076; x_wconf 80' lang='grc' dir='ltr'>ἀνέντα</span> <span class='ocrx_word' id='word_1_560' title='bbox 3509 3020 3599 3073; x_wconf 74' lang='grc' dir='ltr'>τὸν</span> <span class='ocrx_word' id='word_1_561' title='bbox 3641 3020 3791 3077; x_wconf 77' lang='grc' dir='ltr'>Υίδν,</span> <span class='ocrx_word' id='word_1_562' title='bbox 3822 3019 3871 3069; x_wconf 89' lang='grc' dir='ltr'><strong>εί</strong></span> <span class='ocrx_word' id='word_1_563' title='bbox 3897 3017 3995 3068; x_wconf 70' lang='grc' dir='ltr'><strong>καὶ</strong></span> 
     </span>
    </p>
   </div>
   <div class='ocr_carea' id='block_1_76' title="bbox 2418 3108 3993 3189">
    <p class='ocr_par' dir='ltr' id='par_1_76' title="bbox 2418 3108 3993 3189">
     <span class='ocr_line' id='line_1_76' title="bbox 2418 3108 3993 3189; baseline -0.008 -17"><span class='ocrx_word' id='word_1_564' title='bbox 2418 3120 2777 3189; x_wconf 83' lang='grc' dir='ltr'>συνυπάρχων</span> <span class='ocrx_word' id='word_1_565' title='bbox 2833 3118 3017 3179; x_wconf 83' lang='grc' dir='ltr'>ἀϊδίως</span> <span class='ocrx_word' id='word_1_566' title='bbox 3073 3115 3219 3185; x_wconf 78' lang='grc' dir='ltr'>αὑτῷ</span> <span class='ocrx_word' id='word_1_567' title='bbox 3266 3113 3355 3167; x_wconf 75' lang='grc' dir='ltr'>διὰ</span> <span class='ocrx_word' id='word_1_568' title='bbox 3401 3114 3580 3180; x_wconf 82' lang='grc' dir='ltr'>πάσης</span> <span class='ocrx_word' id='word_1_569' title='bbox 3642 3112 3839 3180; x_wconf 74' lang='grc' dir='ltr'>ὁρᾶται</span> <span class='ocrx_word' id='word_1_570' title='bbox 3890 3108 3993 3176; x_wconf 75' lang='grc' dir='ltr'>τῆς</span> 
     </span>
    </p>
   </div>
   <div class='ocr_carea' id='block_1_77' title="bbox 2414 3196 3994 3280">
    <p class='ocr_par' dir='ltr' id='par_1_77' title="bbox 2414 3196 3994 3280">
     <span class='ocr_line' id='line_1_77' title="bbox 2414 3196 3994 3280; baseline -0.012 -15"><span class='ocrx_word' id='word_1_571' title='bbox 2414 3211 2572 3278; x_wconf 85' lang='grc' dir='ltr'>ἁγίας</span> <span class='ocrx_word' id='word_1_572' title='bbox 2596 3210 2837 3280; x_wconf 85' lang='grc' dir='ltr'>Γραφῆς.</span> <span class='ocrx_word' id='word_1_573' title='bbox 2878 3206 3036 3259; x_wconf 82' lang='grc' dir='ltr'>Ἀλλὰ</span> <span class='ocrx_word' id='word_1_574' title='bbox 3063 3206 3171 3267; x_wconf 69' lang='grc' dir='ltr'>ναὶ,</span> <span class='ocrx_word' id='word_1_575' title='bbox 3192 3203 3353 3273; x_wconf 73' lang='grc' dir='ltr'>φησὶν</span> <span class='ocrx_word' id='word_1_576' title='bbox 3384 3204 3410 3256; x_wconf 86' lang='grc' dir='ltr'>ὁ</span> <span class='ocrx_word' id='word_1_577' title='bbox 3439 3199 3789 3260; x_wconf 80' lang='grc' dir='ltr'>δι’ἐναντίας,</span> <span class='ocrx_word' id='word_1_578' title='bbox 3807 3196 3994 3265; x_wconf 79' lang='grc' dir='ltr'>ἡκέτω</span> 
     </span>
    </p>
   </div>
   <div class='ocr_carea' id='block_1_78' title="bbox 2412 3282 3991 3368">
    <p class='ocr_par' dir='ltr' id='par_1_78' title="bbox 2412 3282 3991 3368">
     <span class='ocr_line' id='line_1_78' title="bbox 2412 3282 3991 3368; baseline -0.013 -16"><span class='ocrx_word' id='word_1_579' title='bbox 2412 3300 2513 3368; x_wconf 79' lang='grc' dir='ltr'>τῆς</span> <span class='ocrx_word' id='word_1_580' title='bbox 2541 3301 2618 3362; x_wconf 91' lang='grc' dir='ltr'><strong>είς</strong></span> <span class='ocrx_word' id='word_1_581' title='bbox 2660 3299 2786 3351; x_wconf 80' lang='grc' dir='ltr'>Υἱὸν</span> <span class='ocrx_word' id='word_1_582' title='bbox 2816 3296 3038 3366; x_wconf 85' lang='grc' dir='ltr'>ἀτιμίας</span> <span class='ocrx_word' id='word_1_583' title='bbox 3059 3295 3119 3346; x_wconf 85' lang='grc' dir='ltr'><strong>τὸ</strong></span> <span class='ocrx_word' id='word_1_584' title='bbox 3150 3292 3399 3361; x_wconf 79' lang='grc' dir='ltr'>ἔγκλημα</span> <span class='ocrx_word' id='word_1_585' title='bbox 3432 3288 3568 3357; x_wconf 72' lang='grc' dir='ltr'>πρὸς</span> <span class='ocrx_word' id='word_1_586' title='bbox 3602 3288 3738 3355; x_wconf 83' lang='grc' dir='ltr'>ὅπερ</span> <span class='ocrx_word' id='word_1_587' title='bbox 3773 3285 3837 3337; x_wconf 76' lang='grc' dir='ltr'><strong>ἂν</strong></span> <span class='ocrx_word' id='word_1_588' title='bbox 3864 3282 3991 3351; x_wconf 72' lang='grc' dir='ltr'><strong>βού-</strong></span> 
     </span>
    </p>
   </div>
   <div class='ocr_carea' id='block_1_79' title="bbox 2410 3374 3994 3459">
    <p class='ocr_par' dir='ltr' id='par_1_79' title="bbox 2410 3374 3994 3459">
     <span class='ocr_line' id='line_1_79' title="bbox 2410 3374 3994 3459; baseline -0.011 -17"><span class='ocrx_word' id='word_1_589' title='bbox 2410 3392 2541 3452; x_wconf 90' lang='grc' dir='ltr'>λοιο,</span> <span class='ocrx_word' id='word_1_590' title='bbox 2579 3389 2776 3459; x_wconf 85' lang='grc' dir='ltr'>μᾶλλον</span> <span class='ocrx_word' id='word_1_591' title='bbox 2804 3387 2859 3438; x_wconf 83' lang='grc' dir='ltr'><strong>δὲ</strong></span> <span class='ocrx_word' id='word_1_592' title='bbox 2899 3388 2977 3449; x_wconf 90' lang='grc' dir='ltr'><strong>είς</strong></span> <span class='ocrx_word' id='word_1_593' title='bbox 3016 3384 3178 3437; x_wconf 75' lang='grc' dir='ltr'>αὐτὸν</span> <span class='ocrx_word' id='word_1_594' title='bbox 3218 3379 3553 3449; x_wconf 75' lang='grc' dir='ltr'>ἀφικνείσθω</span> <span class='ocrx_word' id='word_1_595' title='bbox 3582 3377 3671 3430; x_wconf 80' lang='grc' dir='ltr'><strong>τὸν</strong></span> <span class='ocrx_word' id='word_1_596' title='bbox 3708 3375 3845 3427; x_wconf 68' lang='grc' dir='ltr'>Θεὸν</span> <span class='ocrx_word' id='word_1_597' title='bbox 3897 3374 3994 3425; x_wconf 79' lang='grc' dir='ltr'>καὶ</span> 
     </span>
    </p>
   </div>
   <div class='ocr_carea' id='block_1_80' title="bbox 2411 3466 3989 3549">
    <p class='ocr_par' dir='ltr' id='par_1_80' title="bbox 2411 3466 3989 3549">
     <span class='ocr_line' id='line_1_80' title="bbox 2411 3466 3989 3549; baseline -0.004 -17"><span class='ocrx_word' id='word_1_598' title='bbox 2411 3479 2649 3549; x_wconf 87' lang='grc' dir='ltr'>Πατέρα.</span> <span class='ocrx_word' id='word_1_599' title='bbox 2706 3477 3103 3545; x_wconf 83' lang='grc' dir='ltr'>Ἀγανακτήσει</span> <span class='ocrx_word' id='word_1_600' title='bbox 3137 3474 3246 3544; x_wconf 75' lang='grc' dir='ltr'><strong>γὰρ</strong></span> <span class='ocrx_word' id='word_1_601' title='bbox 3293 3472 3357 3541; x_wconf 83' lang='grc' dir='ltr'><strong>δὴ</strong></span> <span class='ocrx_word' id='word_1_602' title='bbox 3396 3470 3488 3522; x_wconf 77' lang='grc' dir='ltr'>καὶ</span> <span class='ocrx_word' id='word_1_603' title='bbox 3538 3468 3681 3538; x_wconf 85' lang='grc' dir='ltr'>μάλα</span> <span class='ocrx_word' id='word_1_604' title='bbox 3737 3466 3989 3529; x_wconf 69' lang='grc' dir='ltr'>εἰκότως.</span> 
     </span>
    </p>
   </div>
   <div class='ocr_carea' id='block_1_81' title="bbox 2412 3556 3995 3639">
    <p class='ocr_par' dir='ltr' id='par_1_81' title="bbox 2412 3556 3995 3639">
     <span class='ocr_line' id='line_1_81' title="bbox 2412 3556 3995 3639; baseline -0.012 -15"><span class='ocrx_word' id='word_1_605' title='bbox 2412 3571 2525 3624; x_wconf 86' lang='grc' dir='ltr'>ἀλλ’</span> <span class='ocrx_word' id='word_1_606' title='bbox 2559 3570 2679 3639; x_wconf 71' lang='grc' dir='ltr'>οὐχὶ</span> <span class='ocrx_word' id='word_1_607' title='bbox 2708 3570 2942 3631; x_wconf 86' lang='grc' dir='ltr'>πάντως,</span> <span class='ocrx_word' id='word_1_608' title='bbox 2974 3567 3050 3628; x_wconf 82' lang='grc' dir='ltr'>ὡς</span> <span class='ocrx_word' id='word_1_609' title='bbox 3080 3567 3176 3634; x_wconf 78' lang='grc' dir='ltr'>τῆς</span> <span class='ocrx_word' id='word_1_610' title='bbox 3202 3564 3368 3631; x_wconf 75' lang='grc' dir='ltr'>αὐτῆς</span> <span class='ocrx_word' id='word_1_611' title='bbox 3394 3560 3609 3629; x_wconf 77' lang='grc' dir='ltr'>φύσεως</span> <span class='ocrx_word' id='word_1_612' title='bbox 3648 3556 3995 3626; x_wconf 77' lang='grc' dir='ltr'>ὑϐρισμένης</span> 
     </span>
    </p>
   </div>
   <div class='ocr_carea' id='block_1_82' title="bbox 2412 3646 3985 3732">
    <p class='ocr_par' dir='ltr' id='par_1_82' title="bbox 2412 3646 3985 3732">
     <span class='ocr_line' id='line_1_82' title="bbox 2412 3646 3985 3732; baseline -0.013 -17"><span class='ocrx_word' id='word_1_613' title='bbox 2412 3665 2468 3715; x_wconf 84' lang='grc' dir='ltr'><strong>ἐν</strong></span> <span class='ocrx_word' id='word_1_614' title='bbox 2490 3661 2625 3732; x_wconf 81' lang='grc' dir='ltr'>Υἰῷ,</span> <span class='ocrx_word' id='word_1_615' title='bbox 2654 3661 2797 3715; x_wconf 83' lang='grc' dir='ltr'><strong>κατά</strong></span> <span class='ocrx_word' id='word_1_616' title='bbox 2824 3660 2913 3712; x_wconf 81' lang='grc' dir='ltr'><strong>τὸν</strong></span> <span class='ocrx_word' id='word_1_617' title='bbox 2933 3658 3131 3728; x_wconf 83' lang='grc' dir='ltr'>ἀρτίως</span> <span class='ocrx_word' id='word_1_618' title='bbox 3165 3657 3295 3725; x_wconf 75' lang='grc' dir='ltr'>ἡμῖν</span> <span class='ocrx_word' id='word_1_619' title='bbox 3320 3648 3767 3720; x_wconf 72' lang='grc' dir='ltr'>φιλοτεχνηθέντα</span> <span class='ocrx_word' id='word_1_620' title='bbox 3801 3646 3985 3713; x_wconf 72' lang='grc' dir='ltr'>λόγον’</span> 
     </span>
    </p>
   </div>
   <div class='ocr_carea' id='block_1_83' title="bbox 2414 3737 3994 3821">
    <p class='ocr_par' dir='ltr' id='par_1_83' title="bbox 2414 3737 3994 3821">
     <span class='ocr_line' id='line_1_83' title="bbox 2414 3737 3994 3821; baseline -0.014 -13"><span class='ocrx_word' id='word_1_621' title='bbox 2414 3754 2528 3807; x_wconf 80' lang='grc' dir='ltr'>ἀλλ’</span> <span class='ocrx_word' id='word_1_622' title='bbox 2556 3754 2785 3821; x_wconf 89' lang='grc' dir='ltr'>ἐπείπερ</span> <span class='ocrx_word' id='word_1_623' title='bbox 2818 3752 2963 3804; x_wconf 68' lang='grc' dir='ltr'>ἐστὶν</span> <span class='ocrx_word' id='word_1_624' title='bbox 3011 3748 3172 3800; x_wconf 81' lang='grc' dir='ltr'>εἰκὼν</span> <span class='ocrx_word' id='word_1_625' title='bbox 3204 3743 3369 3798; x_wconf 69' lang='grc' dir='ltr'>αὐτοῦ</span> <span class='ocrx_word' id='word_1_626' title='bbox 3412 3743 3506 3795; x_wconf 72' lang='grc' dir='ltr'><strong>καὶ</strong></span> <span class='ocrx_word' id='word_1_627' title='bbox 3554 3739 3862 3810; x_wconf 71' lang='grc' dir='ltr'>χαρακτὴρ,</span> <span class='ocrx_word' id='word_1_628' title='bbox 3912 3737 3994 3797; x_wconf 85' lang='grc' dir='ltr'><strong>ὡς</strong></span> 
     </span>
    </p>
   </div>
   <div class='ocr_carea' id='block_1_84' title="bbox 2414 3830 3993 3916">
    <p class='ocr_par' dir='ltr' id='par_1_84' title="bbox 2414 3830 3993 3916">
     <span class='ocr_line' id='line_1_84' title="bbox 2414 3830 3993 3916; baseline -0.014 -16"><span class='ocrx_word' id='word_1_629' title='bbox 2414 3847 2549 3916; x_wconf 75' lang='grc' dir='ltr'>πρὸς</span> <span class='ocrx_word' id='word_1_630' title='bbox 2568 3845 2664 3916; x_wconf 79' lang='grc' dir='ltr'>τὴν</span> <span class='ocrx_word' id='word_1_631' title='bbox 2701 3843 2847 3895; x_wconf 80' lang='grc' dir='ltr'>θείαν</span> <span class='ocrx_word' id='word_1_632' title='bbox 2869 3859 2926 3893; x_wconf 88' lang='grc' dir='ltr'><strong>τε</strong></span> <span class='ocrx_word' id='word_1_633' title='bbox 2961 3840 3055 3892; x_wconf 68' lang='grc' dir='ltr'><strong>καὶ</strong></span> <span class='ocrx_word' id='word_1_634' title='bbox 3095 3838 3331 3908; x_wconf 64' lang='grc' dir='ltr'>ἄρρητον</span> <span class='ocrx_word' id='word_1_635' title='bbox 3377 3833 3539 3887; x_wconf 75' lang='grc' dir='ltr'>αὐτοῦ</span> <span class='ocrx_word' id='word_1_636' title='bbox 3587 3831 3747 3899; x_wconf 74' lang='grc' dir='ltr'>φύσιν</span> <span class='ocrx_word' id='word_1_637' title='bbox 3787 3830 3993 3897; x_wconf 71' lang='grc' dir='ltr'>ἄριστα</span> 
     </span>
    </p>
   </div>
   <div class='ocr_carea' id='block_1_85' title="bbox 2417 3916 3992 4007">
    <p class='ocr_par' dir='ltr' id='par_1_85' title="bbox 2417 3916 3992 4007">
     <span class='ocr_line' id='line_1_85' title="bbox 2417 3916 3992 4007; baseline -0.013 -19"><span class='ocrx_word' id='word_1_638' title='bbox 2417 3933 2867 4007; x_wconf 80' lang='grc' dir='ltr'>μεμορφωμένος,</span> <span class='ocrx_word' id='word_1_639' title='bbox 2920 3927 3233 3999; x_wconf 78' lang='grc' dir='ltr'>χαλεπαίνει</span> <span class='ocrx_word' id='word_1_640' title='bbox 3261 3926 3358 3995; x_wconf 82' lang='grc' dir='ltr'><strong>μὲν</strong></span> <span class='ocrx_word' id='word_1_641' title='bbox 3393 3922 3651 3989; x_wconf 72' lang='grc' dir='ltr'>εὐλόγως,</span> <span class='ocrx_word' id='word_1_642' title='bbox 3680 3920 3886 4007; x_wconf 72' lang='grc' dir='ltr'>ἀνοίσει</span> <span class='ocrx_word' id='word_1_643' title='bbox 3934 3916 3992 3968; x_wconf 82' lang='grc' dir='ltr'><strong>δὲ</strong></span> 
     </span>
    </p>
   </div>
   <div class='ocr_carea' id='block_1_86' title="bbox 2416 4005 3995 4086">
    <p class='ocr_par' dir='ltr' id='par_1_86' title="bbox 2416 4005 3995 4086">
     <span class='ocr_line' id='line_1_86' title="bbox 2416 4005 3995 4086; baseline -0.014 -7"><span class='ocrx_word' id='word_1_644' title='bbox 2416 4005 2629 4086; x_wconf 80' lang='grc' dir='ltr'>πάντως</span> <span class='ocrx_word' id='word_1_645' title='bbox 2654 4025 2731 4084; x_wconf 89' lang='grc' dir='ltr'><strong>είς</strong></span> <span class='ocrx_word' id='word_1_646' title='bbox 2778 4020 2967 4074; x_wconf 80' lang='grc' dir='ltr'>ἑαυτὸν</span> <span class='ocrx_word' id='word_1_647' title='bbox 3000 4019 3058 4071; x_wconf 73' lang='grc' dir='ltr'><strong>τὸ</strong></span> <span class='ocrx_word' id='word_1_648' title='bbox 3089 4014 3348 4084; x_wconf 85' lang='grc' dir='ltr'>ἀδίκημα.</span> <span class='ocrx_word' id='word_1_649' title='bbox 3396 4013 3506 4066; x_wconf 76' lang='grc' dir='ltr'><strong>Καὶ</strong></span> <span class='ocrx_word' id='word_1_650' title='bbox 3553 4012 3661 4078; x_wconf 72' lang='grc' dir='ltr'>γὰρ</span> <span class='ocrx_word' id='word_1_651' title='bbox 3708 4005 3775 4079; x_wconf 71' lang='grc' dir='ltr'>ἦν</span> <span class='ocrx_word' id='word_1_652' title='bbox 3819 4009 3995 4067; x_wconf 80' lang='grc' dir='ltr'>ὅντως</span> 
     </span>
    </p>
   </div>
   <div class='ocr_carea' id='block_1_87' title="bbox 2412 4098 3990 4172">
    <p class='ocr_par' dir='ltr' id='par_1_87' title="bbox 2412 4098 3990 4172">
     <span class='ocr_line' id='line_1_87' title="bbox 2412 4098 3990 4172; baseline -0.014 -4"><span class='ocrx_word' id='word_1_653' title='bbox 2412 4116 2519 4168; x_wconf 90' lang='grc' dir='ltr'><strong>τῶν</strong></span> <span class='ocrx_word' id='word_1_654' title='bbox 2546 4112 2927 4172; x_wconf 88' lang='grc' dir='ltr'>ἀτοπωτάτων,</span> <span class='ocrx_word' id='word_1_655' title='bbox 2966 4109 3057 4161; x_wconf 83' lang='grc' dir='ltr'><strong>τὸν</strong></span> <span class='ocrx_word' id='word_1_656' title='bbox 3089 4109 3200 4169; x_wconf 83' lang='grc' dir='ltr'>τοῖς</span> <span class='ocrx_word' id='word_1_657' title='bbox 3233 4105 3399 4166; x_wconf 84' lang='grc' dir='ltr'>θείοις</span> <span class='ocrx_word' id='word_1_658' title='bbox 3445 4103 3823 4171; x_wconf 68' lang='grc' dir='ltr'>χαρακτῆρσιν</span> <span class='ocrx_word' id='word_1_659' title='bbox 3884 4098 3990 4164; x_wconf 84' lang='grc' dir='ltr'>ἐμ-</span> 
     </span>
    </p>
   </div>
   <div class='ocr_carea' id='block_1_88' title="bbox 2416 4191 3995 4278">
    <p class='ocr_par' dir='ltr' id='par_1_88' title="bbox 2416 4191 3995 4278">
     <span class='ocr_line' id='line_1_88' title="bbox 2416 4191 3995 4278; baseline -0.013 -20"><span class='ocrx_word' id='word_1_660' title='bbox 2416 4205 2842 4278; x_wconf 82' lang='grc' dir='ltr'>παροινήσαντα,</span> <span class='ocrx_word' id='word_1_661' title='bbox 2887 4202 2960 4272; x_wconf 87' lang='grc' dir='ltr'>μὴ</span> <span class='ocrx_word' id='word_1_662' title='bbox 2986 4200 3105 4269; x_wconf 74' lang='grc' dir='ltr'>οὐχὶ</span> <span class='ocrx_word' id='word_1_663' title='bbox 3154 4198 3371 4259; x_wconf 89' lang='grc' dir='ltr'>πάντως</span> <span class='ocrx_word' id='word_1_664' title='bbox 3415 4197 3512 4264; x_wconf 74' lang='grc' dir='ltr'>τῆς</span> <span class='ocrx_word' id='word_1_665' title='bbox 3562 4195 3640 4254; x_wconf 85' lang='grc' dir='ltr'><strong>είς</strong></span> <span class='ocrx_word' id='word_1_666' title='bbox 3680 4191 3995 4261; x_wconf 67' lang='grc' dir='ltr'>άρχέτυπςν</span> 
     </span>
    </p>
   </div>
   <div class='ocr_carea' id='block_1_89' title="bbox 2414 4278 3989 4366">
    <p class='ocr_par' dir='ltr' id='par_1_89' title="bbox 2414 4278 3989 4366">
     <span class='ocr_line' id='line_1_89' title="bbox 2414 4278 3989 4366; baseline -0.011 -18"><span class='ocrx_word' id='word_1_667' title='bbox 2414 4295 2687 4366; x_wconf 84' lang='grc' dir='ltr'>ἁμαρτίας</span> <span class='ocrx_word' id='word_1_668' title='bbox 2751 4290 3096 4345; x_wconf 76' lang='grc' dir='ltr'>ἀποτιννύναι</span> <span class='ocrx_word' id='word_1_669' title='bbox 3140 4289 3315 4349; x_wconf 82' lang='grc' dir='ltr'>δίκας.</span> <span class='ocrx_word' id='word_1_670' title='bbox 3360 4287 3573 4354; x_wconf 83' lang='grc' dir='ltr'>Ὥσπερ</span> <span class='ocrx_word' id='word_1_671' title='bbox 3622 4278 3714 4335; x_wconf 71' lang='grc' dir='ltr'>οὖν</span> <span class='ocrx_word' id='word_1_672' title='bbox 3770 4281 3989 4349; x_wconf 78' lang='grc' dir='ltr'>ἀμέλει,</span> 
     </span>
    </p>
   </div>
   <div class='ocr_carea' id='block_1_90' title="bbox 2414 4370 3995 4446">
    <p class='ocr_par' dir='ltr' id='par_1_90' title="bbox 2414 4370 3995 4446">
     <span class='ocr_line' id='line_1_90' title="bbox 2414 4370 3995 4446; baseline -0.013 -7"><span class='ocrx_word' id='word_1_673' title='bbox 2414 4386 2508 4439; x_wconf 73' lang='grc' dir='ltr'><strong>καὶ</strong></span> <span class='ocrx_word' id='word_1_674' title='bbox 2538 4387 2565 4438; x_wconf 85' lang='grc' dir='ltr'>ὁ</span> <span class='ocrx_word' id='word_1_675' title='bbox 2589 4385 2707 4446; x_wconf 88' lang='grc' dir='ltr'>ταῖς</span> <span class='ocrx_word' id='word_1_676' title='bbox 2727 4382 2895 4434; x_wconf 84' lang='grc' dir='ltr'>είκόσι</span> <span class='ocrx_word' id='word_1_677' title='bbox 2925 4380 3031 4433; x_wconf 88' lang='grc' dir='ltr'><strong>τῶν</strong></span> <span class='ocrx_word' id='word_1_678' title='bbox 3060 4378 3153 4431; x_wconf 74' lang='grc' dir='ltr'><strong>ἐπὶ</strong></span> <span class='ocrx_word' id='word_1_679' title='bbox 3204 4378 3305 4445; x_wconf 73' lang='grc' dir='ltr'><strong>γῆς</strong></span> <span class='ocrx_word' id='word_1_680' title='bbox 3349 4374 3612 4444; x_wconf 85' lang='grc' dir='ltr'>βασιλέων</span> <span class='ocrx_word' id='word_1_681' title='bbox 3651 4370 3995 4441; x_wconf 71' lang='grc' dir='ltr'>ἐμπαροινή-</span> 
     </span>
    </p>
   </div>
   <div class='ocr_carea' id='block_1_91' title="bbox 2416 4461 3995 4539">
    <p class='ocr_par' dir='ltr' id='par_1_91' title="bbox 2416 4461 3995 4539">
     <span class='ocr_line' id='line_1_91' title="bbox 2416 4461 3995 4539; baseline -0.012 -12"><span class='ocrx_word' id='word_1_682' title='bbox 2416 4492 2533 4537; x_wconf 92' lang='grc' dir='ltr'>σας,</span> <span class='ocrx_word' id='word_1_683' title='bbox 2600 4475 2675 4538; x_wconf 80' lang='grc' dir='ltr'>ὡς</span> <span class='ocrx_word' id='word_1_684' title='bbox 2732 4474 2810 4535; x_wconf 87' lang='grc' dir='ltr'><strong>είς</strong></span> <span class='ocrx_word' id='word_1_685' title='bbox 2856 4471 3017 4524; x_wconf 79' lang='grc' dir='ltr'>αὐτὸν</span> <span class='ocrx_word' id='word_1_686' title='bbox 3070 4470 3168 4539; x_wconf 71' lang='grc' dir='ltr'><strong>ἤδη</strong></span> <span class='ocrx_word' id='word_1_687' title='bbox 3217 4461 3700 4534; x_wconf 75' lang='grc' dir='ltr'>πεπλημμεληκὼς</span> <span class='ocrx_word' id='word_1_688' title='bbox 3725 4461 3817 4513; x_wconf 67' lang='grc' dir='ltr'><strong>τὸν</strong></span> <span class='ocrx_word' id='word_1_689' title='bbox 3854 4478 3995 4527; x_wconf 84' lang='grc' dir='ltr'>κρα-</span> 
     </span>
    </p>
   </div>
   <div class='ocr_carea' id='block_1_92' title="bbox 735 4549 2325 4642">
    <p class='ocr_par' dir='ltr' id='par_1_92' title="bbox 735 4569 2307 4641">
     <span class='ocr_line' id='line_1_92' title="bbox 735 4569 2307 4641; baseline -0.001 -16"><span class='ocrx_word' id='word_1_690' title='bbox 735 4571 1051 4625; x_wconf 79' lang='lat' dir='ltr'><strong>existimare</strong></span> <span class='ocrx_word' id='word_1_691' title='bbox 1106 4569 1381 4641; x_wconf 85' lang='lat' dir='ltr'><strong>indignari</strong></span> <span class='ocrx_word' id='word_1_692' title='bbox 1438 4569 1634 4623; x_wconf 90' lang='lat' dir='ltr'><strong>debere</strong></span> <span class='ocrx_word' id='word_1_693' title='bbox 1686 4569 1813 4624; x_wconf 74' lang='lat' dir='ltr'><strong>lresa</strong></span> <span class='ocrx_word' id='word_1_694' title='bbox 1876 4570 2131 4639; x_wconf 87' lang='lat' dir='ltr'><strong>imagine,</strong></span> <span class='ocrx_word' id='word_1_695' title='bbox 2198 4585 2307 4623; x_wconf 92' lang='lat' dir='ltr'><strong>non</strong></span> 
     </span>
    </p>
   </div>
   <div class='ocr_carea' id='block_1_93' title="bbox 2419 4549 3994 4642">
    <p class='ocr_par' dir='ltr' id='par_1_93' title="bbox 2419 4549 3994 4624">
     <span class='ocr_line' id='line_1_93' title="bbox 2419 4549 3994 4624; baseline -0.011 -9"><span class='ocrx_word' id='word_1_696' title='bbox 2419 4563 2607 4615; x_wconf 77' lang='grc' dir='ltr'>τοῦντα</span> <span class='ocrx_word' id='word_1_697' title='bbox 2638 4560 2943 4622; x_wconf 78' lang='grc' dir='ltr'>κολάζεται.</span> <span class='ocrx_word' id='word_1_698' title='bbox 3020 4556 3336 4624; x_wconf 81' lang='grc' dir='ltr'>Ὠρισμένον</span> <span class='ocrx_word' id='word_1_699' title='bbox 3387 4554 3443 4605; x_wconf 88' lang='grc' dir='ltr'>δέ</span> <span class='ocrx_word' id='word_1_700' title='bbox 3486 4569 3536 4603; x_wconf 91' lang='grc' dir='ltr'><strong>τι</strong></span> <span class='ocrx_word' id='word_1_701' title='bbox 3576 4549 3818 4602; x_wconf 75' lang='grc' dir='ltr'>τοιοῦτον</span> <span class='ocrx_word' id='word_1_702' title='bbox 3884 4566 3994 4599; x_wconf 65' lang='grc' dir='ltr'>πα-</span> 
     </span>
    </p>
   </div>
   <div class='ocr_carea' id='block_1_94' title="bbox 736 4659 2306 4729">
    <p class='ocr_par' dir='ltr' id='par_1_94' title="bbox 736 4659 2306 4729">
     <span class='ocr_line' id='line_1_94' title="bbox 736 4659 2306 4729; baseline 0.001 -17"><span class='ocrx_word' id='word_1_703' title='bbox 736 4671 918 4723; x_wconf 74' lang='lat' dir='ltr'><strong>autem</strong></span> <span class='ocrx_word' id='word_1_704' title='bbox 951 4660 1134 4714; x_wconf 86' lang='lat' dir='ltr'><strong>divina</strong></span> <span class='ocrx_word' id='word_1_705' title='bbox 1168 4675 1267 4714; x_wconf 88' lang='lat' dir='ltr'><strong>sua</strong></span> <span class='ocrx_word' id='word_1_706' title='bbox 1300 4673 1519 4714; x_wconf 87' lang='lat' dir='ltr'><strong>natura.</strong></span> <span class='ocrx_word' id='word_1_707' title='bbox 1555 4659 1669 4713; x_wconf 93' lang='lat' dir='ltr'><strong>lloe</strong></span> <span class='ocrx_word' id='word_1_708' title='bbox 1718 4660 1903 4729; x_wconf 87' lang='lat' dir='ltr'><strong>itaque</strong></span> <span class='ocrx_word' id='word_1_709' title='bbox 1939 4662 2104 4714; x_wconf 90' lang='lat' dir='ltr'><strong>modo</strong></span> <span class='ocrx_word' id='word_1_710' title='bbox 2135 4678 2306 4729; x_wconf 78' lang='lat' dir='ltr'><strong>expo-</strong></span> 
     </span>
    </p>
   </div>
   <div class='ocr_carea' id='block_1_95' title="bbox 734 4751 2307 4820">
    <p class='ocr_par' dir='ltr' id='par_1_95' title="bbox 734 4751 2307 4820">
     <span class='ocr_line' id='line_1_95' title="bbox 734 4751 2307 4820; baseline 0 -12"><span class='ocrx_word' id='word_1_711' title='bbox 734 4753 974 4808; x_wconf 89' lang='lat' dir='ltr'><strong>nendum</strong></span> <span class='ocrx_word' id='word_1_712' title='bbox 1006 4762 1089 4806; x_wconf 86' lang='lat' dir='ltr'><strong>est</strong></span> <span class='ocrx_word' id='word_1_713' title='bbox 1118 4751 1253 4805; x_wconf 93' lang='lat' dir='ltr'><strong>illud</strong></span> <span class='ocrx_word' id='word_1_714' title='bbox 1279 4752 1421 4818; x_wconf 82' lang='lat' dir='ltr'><strong>quod</strong></span> <span class='ocrx_word' id='word_1_715' title='bbox 1448 4751 1655 4806; x_wconf 89' lang='lat' dir='ltr'><strong>dictum</strong></span> <span class='ocrx_word' id='word_1_716' title='bbox 1688 4760 1773 4806; x_wconf 78' lang='lat' dir='ltr'><strong>est</strong></span> <span class='ocrx_word' id='word_1_717' title='bbox 1796 4768 1824 4805; x_wconf 92' lang='lat' dir='ltr'><strong>a</strong></span> <span class='ocrx_word' id='word_1_718' title='bbox 1846 4751 2069 4807; x_wconf 91' lang='lat' dir='ltr'><strong>Christo</strong></span> <span class='ocrx_word' id='word_1_719' title='bbox 2102 4773 2114 4808; x_wconf 90' lang='lat'><strong>:</strong></span> <span class='ocrx_word' id='word_1_720' title='bbox 2156 4773 2173 4804; x_wconf 84' lang='grc'><em>‹</em></span> <span class='ocrx_word' id='word_1_721' title='bbox 2205 4753 2307 4820; x_wconf 88' lang='lat' dir='ltr'><strong>Qui</strong></span> 
     </span>
    </p>
   </div>
   <div class='ocr_carea' id='block_1_96' title="bbox 738 4842 2305 4913">
    <p class='ocr_par' dir='ltr' id='par_1_96' title="bbox 738 4842 2305 4913">
     <span class='ocr_line' id='line_1_96' title="bbox 738 4842 2305 4913; baseline -0.001 -15"><span class='ocrx_word' id='word_1_722' title='bbox 738 4860 844 4899; x_wconf 83' lang='lat' dir='ltr'><strong>non</strong></span> <span class='ocrx_word' id='word_1_723' title='bbox 883 4843 1209 4898; x_wconf 85' lang='lat' dir='ltr'><strong>honorificat</strong></span> <span class='ocrx_word' id='word_1_724' title='bbox 1231 4843 1450 4907; x_wconf 89' lang='lat' dir='ltr'><strong>Filium,</strong></span> <span class='ocrx_word' id='word_1_725' title='bbox 1470 4859 1650 4913; x_wconf 87' lang='lat' dir='ltr'><strong>neque</strong></span> <span class='ocrx_word' id='word_1_726' title='bbox 1670 4842 1885 4905; x_wconf 87' lang='lat' dir='ltr'><strong>Patrem</strong></span> <span class='ocrx_word' id='word_1_727' title='bbox 1916 4845 2259 4901; x_wconf 81' lang='lat' dir='ltr'><strong>honorificat.</strong></span> <span class='ocrx_word' id='word_1_728' title='bbox 2286 4865 2305 4897; x_wconf 74' lang='grc' dir='ltr'><strong>ι</strong></span> 
     </span>
    </p>
   </div>
   <div class='ocr_carea' id='block_1_97' title="bbox 736 4934 2310 5003">
    <p class='ocr_par' dir='ltr' id='par_1_97' title="bbox 736 4934 2310 5003">
     <span class='ocr_line' id='line_1_97' title="bbox 736 4934 2310 5003; baseline 0.003 -15"><span class='ocrx_word' id='word_1_729' title='bbox 736 4938 816 4988; x_wconf 86' lang='lat' dir='ltr'><strong>An</strong></span> <span class='ocrx_word' id='word_1_730' title='bbox 853 4935 1021 5003; x_wconf 84' lang='lat' dir='ltr'><strong>igitur</strong></span> <span class='ocrx_word' id='word_1_731' title='bbox 1046 4950 1075 4987; x_wconf 88' lang='lat' dir='ltr'><strong>a</strong></span> <span class='ocrx_word' id='word_1_732' title='bbox 1107 4934 1291 4989; x_wconf 89' lang='lat' dir='ltr'><strong>Patris</strong></span> <span class='ocrx_word' id='word_1_733' title='bbox 1320 4938 1632 4991; x_wconf 89' lang='lat' dir='ltr'><strong>substantia</strong></span> <span class='ocrx_word' id='word_1_734' title='bbox 1658 4936 1871 4992; x_wconf 88' lang='lat' dir='ltr'><strong>alienus</strong></span> <span class='ocrx_word' id='word_1_735' title='bbox 1892 4937 1997 4992; x_wconf 82' lang='lat' dir='ltr'><strong>erit</strong></span> <span class='ocrx_word' id='word_1_736' title='bbox 2024 4939 2310 4995; x_wconf 90' lang='lat' dir='ltr'><strong>nobiscum</strong></span> 
     </span>
    </p>
   </div>
   <div class='ocr_carea' id='block_1_98' title="bbox 736 5026 2309 5096">
    <p class='ocr_par' dir='ltr' id='par_1_98' title="bbox 736 5026 2309 5096">
     <span class='ocr_line' id='line_1_98' title="bbox 736 5026 2309 5096; baseline 0.001 -14"><span class='ocrx_word' id='word_1_737' title='bbox 736 5026 1106 5096; x_wconf 85' lang='lat' dir='ltr'><strong>Unigenitus?</strong></span> <span class='ocrx_word' id='word_1_738' title='bbox 1137 5026 1423 5092; x_wconf 87' lang='lat' dir='ltr'><strong>Quomodo</strong></span> <span class='ocrx_word' id='word_1_739' title='bbox 1468 5043 1598 5095; x_wconf 84' lang='lat' dir='ltr'><strong>ergo</strong></span> <span class='ocrx_word' id='word_1_740' title='bbox 1642 5028 1754 5095; x_wconf 90' lang='lat' dir='ltr'><strong>jam</strong></span> <span class='ocrx_word' id='word_1_741' title='bbox 1794 5029 2097 5083; x_wconf 88' lang='lat' dir='ltr'><strong>secundum</strong></span> <span class='ocrx_word' id='word_1_742' title='bbox 2152 5039 2309 5083; x_wconf 91' lang='lat' dir='ltr'><strong>natu-</strong></span> 
     </span>
    </p>
   </div>
   <div class='ocr_carea' id='block_1_99' title="bbox 733 5115 2308 5184">
    <p class='ocr_par' dir='ltr' id='par_1_99' title="bbox 733 5115 2308 5184">
     <span class='ocr_line' id='line_1_99' title="bbox 733 5115 2308 5184; baseline 0.002 -12"><span class='ocrx_word' id='word_1_743' title='bbox 733 5132 851 5172; x_wconf 89' lang='lat' dir='ltr'><strong>ram</strong></span> <span class='ocrx_word' id='word_1_744' title='bbox 889 5116 1032 5173; x_wconf 88' lang='lat' dir='ltr'><strong>Deus</strong></span> <span class='ocrx_word' id='word_1_745' title='bbox 1065 5124 1171 5182; x_wconf 89' lang='lat' dir='ltr'><strong>est,</strong></span> <span class='ocrx_word' id='word_1_746' title='bbox 1198 5120 1242 5173; x_wconf 90' lang='lat' dir='ltr'><strong>si</strong></span> <span class='ocrx_word' id='word_1_747' title='bbox 1272 5115 1342 5172; x_wconf 90' lang='lat' dir='ltr'><strong>de</strong></span> <span class='ocrx_word' id='word_1_748' title='bbox 1372 5118 1683 5173; x_wconf 85' lang='lat' dir='ltr'><strong>rationibus</strong></span> <span class='ocrx_word' id='word_1_749' title='bbox 1729 5118 1951 5174; x_wconf 86' lang='lat' dir='ltr'><strong>deitatis</strong></span> <span class='ocrx_word' id='word_1_750' title='bbox 1990 5121 2217 5184; x_wconf 80' lang='lat' dir='ltr'><strong>excidit,</strong></span> <span class='ocrx_word' id='word_1_751' title='bbox 2254 5122 2308 5176; x_wconf 94' lang='lat' dir='ltr'><strong>in</strong></span> 
     </span>
    </p>
   </div>
   <div class='ocr_carea' id='block_1_100' title="bbox 734 5208 2307 5282">
    <p class='ocr_par' dir='ltr' id='par_1_100' title="bbox 734 5208 2307 5282">
     <span class='ocr_line' id='line_1_100' title="bbox 734 5208 2307 5282; baseline 0.003 -19"><span class='ocrx_word' id='word_1_752' title='bbox 734 5208 960 5280; x_wconf 88' lang='lat' dir='ltr'><strong>propria</strong></span> <span class='ocrx_word' id='word_1_753' title='bbox 991 5208 1225 5279; x_wconf 88' lang='lat' dir='ltr'><strong>quadam</strong></span> <span class='ocrx_word' id='word_1_754' title='bbox 1274 5216 1327 5263; x_wconf 91' lang='lat' dir='ltr'><strong>ct</strong></span> <span class='ocrx_word' id='word_1_755' title='bbox 1375 5210 1480 5263; x_wconf 87' lang='lat' dir='ltr'><strong>alia</strong></span> <span class='ocrx_word' id='word_1_756' title='bbox 1529 5225 1689 5279; x_wconf 89' lang='lat' dir='ltr'><strong>quam</strong></span> <span class='ocrx_word' id='word_1_757' title='bbox 1739 5212 1791 5264; x_wconf 94' lang='lat' dir='ltr'><strong>in</strong></span> <span class='ocrx_word' id='word_1_758' title='bbox 1833 5226 1941 5282; x_wconf 91' lang='lat' dir='ltr'><strong>qua</strong></span> <span class='ocrx_word' id='word_1_759' title='bbox 1996 5210 2157 5267; x_wconf 87' lang='lat' dir='ltr'><strong>Pater</strong></span> <span class='ocrx_word' id='word_1_760' title='bbox 2203 5222 2307 5278; x_wconf 88' lang='lat' dir='ltr'><strong>est,</strong></span> 
     </span>
    </p>
   </div>
   <div class='ocr_carea' id='block_1_101' title="bbox 735 5296 2306 5374">
    <p class='ocr_par' dir='ltr' id='par_1_101' title="bbox 735 5296 2306 5374">
     <span class='ocr_line' id='line_1_101' title="bbox 735 5296 2306 5374; baseline 0.004 -21"><span class='ocrx_word' id='word_1_761' title='bbox 735 5309 931 5353; x_wconf 86' lang='lat' dir='ltr'><strong>natura</strong></span> <span class='ocrx_word' id='word_1_762' title='bbox 966 5298 1297 5355; x_wconf 73' lang='lat' dir='ltr'><strong>conSIitutus</strong></span> <span class='ocrx_word' id='word_1_763' title='bbox 1322 5300 1343 5351; x_wconf 85' lang='lat'><strong>‘!</strong></span> <span class='ocrx_word' id='word_1_764' title='bbox 1365 5296 1541 5368; x_wconf 88' lang='lat' dir='ltr'><strong>Iniqui</strong></span> <span class='ocrx_word' id='word_1_765' title='bbox 1569 5315 1696 5354; x_wconf 91' lang='lat' dir='ltr'><strong>vero</strong></span> <span class='ocrx_word' id='word_1_766' title='bbox 1729 5316 1920 5356; x_wconf 88' lang='lat' dir='ltr'><strong>sumus</strong></span> <span class='ocrx_word' id='word_1_767' title='bbox 1950 5302 2181 5367; x_wconf 87' lang='lat' dir='ltr'><strong>scilicet,</strong></span> <span class='ocrx_word' id='word_1_768' title='bbox 2215 5306 2306 5374; x_wconf 89' lang='lat' dir='ltr'><strong>qui</strong></span> 
     </span>
    </p>
   </div>
   <div class='ocr_carea' id='block_1_102' title="bbox 733 5390 2308 5450">
    <p class='ocr_par' dir='ltr' id='par_1_102' title="bbox 733 5390 2308 5450">
     <span class='ocr_line' id='line_1_102' title="bbox 733 5390 2308 5450; baseline 0.004 -6"><span class='ocrx_word' id='word_1_769' title='bbox 733 5392 787 5444; x_wconf 93' lang='lat' dir='ltr'><strong>in</strong></span> <span class='ocrx_word' id='word_1_770' title='bbox 833 5406 995 5443; x_wconf 90' lang='lat' dir='ltr'><strong>unam</strong></span> <span class='ocrx_word' id='word_1_771' title='bbox 1028 5390 1251 5445; x_wconf 89' lang='lat' dir='ltr'><strong>deitatis</strong></span> <span class='ocrx_word' id='word_1_772' title='bbox 1280 5391 1546 5444; x_wconf 91' lang='lat' dir='ltr'><strong>rationem</strong></span> <span class='ocrx_word' id='word_1_773' title='bbox 1582 5398 1783 5445; x_wconf 67' lang='lat' dir='ltr'><strong>sancta:</strong></span> <span class='ocrx_word' id='word_1_774' title='bbox 1831 5392 2119 5450; x_wconf 89' lang='lat' dir='ltr'><strong>Trinitatis</strong></span> <span class='ocrx_word' id='word_1_775' title='bbox 2151 5398 2308 5450; x_wconf 91' lang='lat' dir='ltr'><strong>unio-</strong></span> 
     </span>
    </p>
   </div>
   <div class='ocr_carea' id='block_1_103' title="bbox 737 5480 2310 5557">
    <p class='ocr_par' dir='ltr' id='par_1_103' title="bbox 737 5480 2310 5557">
     <span class='ocr_line' id='line_1_103' title="bbox 737 5480 2310 5557; baseline 0.003 -21"><span class='ocrx_word' id='word_1_776' title='bbox 737 5498 856 5536; x_wconf 90' lang='lat' dir='ltr'><strong>nem</strong></span> <span class='ocrx_word' id='word_1_777' title='bbox 913 5480 1263 5535; x_wconf 88' lang='lat' dir='ltr'><strong>addueimus.</strong></span> <span class='ocrx_word' id='word_1_778' title='bbox 1320 5480 1566 5535; x_wconf 79' lang='lat' dir='ltr'><strong>Adorare</strong></span> <span class='ocrx_word' id='word_1_779' title='bbox 1618 5482 1823 5552; x_wconf 90' lang='lat' dir='ltr'><strong>quippe</strong></span> <span class='ocrx_word' id='word_1_780' title='bbox 1880 5499 1977 5539; x_wconf 89' lang='lat' dir='ltr'><strong>nos</strong></span> <span class='ocrx_word' id='word_1_781' title='bbox 2034 5498 2310 5557; x_wconf 87' lang='lat' dir='ltr'><strong>oporteret</strong></span> 
     </span>
    </p>
   </div>
   <div class='ocr_carea' id='block_1_104' title="bbox 741 5574 2312 5649">
    <p class='ocr_par' dir='ltr' id='par_1_104' title="bbox 741 5574 2312 5649">
     <span class='ocr_line' id='line_1_104' title="bbox 741 5574 2312 5649; baseline 0.003 -21"><span class='ocrx_word' id='word_1_782' title='bbox 741 5584 976 5638; x_wconf 75' lang='lat' dir='ltr'><strong>Patrem,</strong></span> <span class='ocrx_word' id='word_1_783' title='bbox 1011 5583 1070 5627; x_wconf 92' lang='lat' dir='ltr'><strong>ut</strong></span> <span class='ocrx_word' id='word_1_784' title='bbox 1103 5575 1306 5629; x_wconf 89' lang='lat' dir='ltr'><strong>Deum:</strong></span> <span class='ocrx_word' id='word_1_785' title='bbox 1344 5574 1572 5643; x_wconf 80' lang='lat' dir='ltr'><strong>gloriam</strong></span> <span class='ocrx_word' id='word_1_786' title='bbox 1602 5582 1782 5628; x_wconf 88' lang='lat' dir='ltr'><strong>autem</strong></span> <span class='ocrx_word' id='word_1_787' title='bbox 1821 5576 2109 5643; x_wconf 90' lang='lat' dir='ltr'><strong>quamdam</strong></span> <span class='ocrx_word' id='word_1_788' title='bbox 2147 5595 2312 5649; x_wconf 81' lang='lat' dir='ltr'><strong>pecu-</strong></span> 
     </span>
    </p>
   </div>
   <div class='ocr_carea' id='block_1_105' title="bbox 739 5664 2306 5738">
    <p class='ocr_par' dir='ltr' id='par_1_105' title="bbox 739 5664 2306 5738">
     <span class='ocr_line' id='line_1_105' title="bbox 739 5664 2306 5738; baseline 0.001 -18"><span class='ocrx_word' id='word_1_789' title='bbox 739 5667 923 5723; x_wconf 78' lang='lat' dir='ltr'><strong>liarem</strong></span> <span class='ocrx_word' id='word_1_790' title='bbox 961 5683 1022 5721; x_wconf 89' lang='lat' dir='ltr'><strong>ac</strong></span> <span class='ocrx_word' id='word_1_791' title='bbox 1058 5667 1330 5738; x_wconf 86' lang='lat' dir='ltr'><strong>propriam</strong></span> <span class='ocrx_word' id='word_1_792' title='bbox 1380 5664 1520 5719; x_wconf 88' lang='lat' dir='ltr'><strong>Filio</strong></span> <span class='ocrx_word' id='word_1_793' title='bbox 1560 5680 1620 5717; x_wconf 87' lang='lat' dir='ltr'><strong>ac</strong></span> <span class='ocrx_word' id='word_1_794' title='bbox 1657 5665 1882 5733; x_wconf 84' lang='lat' dir='ltr'><strong>Spiritui</strong></span> <span class='ocrx_word' id='word_1_795' title='bbox 1936 5670 2192 5736; x_wconf 79' lang='lat' dir='ltr'><strong>tribucre,</strong></span> <span class='ocrx_word' id='word_1_796' title='bbox 2254 5674 2306 5729; x_wconf 79' lang='lat' dir='ltr'><strong>in</strong></span> 
     </span>
    </p>
   </div>
   <div class='ocr_carea' id='block_1_106' title="bbox 818 5818 1809 5888">
    <p class='ocr_par' dir='ltr' id='par_1_106' title="bbox 818 5818 1809 5888">
     <span class='ocr_line' id='line_1_106' title="bbox 818 5818 1809 5888; baseline -0.001 -11"><span class='ocrx_word' id='word_1_797' title='bbox 818 5818 863 5845; x_wconf 54' lang='grc' dir='ltr'>Η</span> <span class='ocrx_word' id='word_1_798' title='bbox 894 5824 934 5877; x_wconf 91' lang='lat' dir='ltr'><strong>ll</strong></span> <span class='ocrx_word' id='word_1_799' title='bbox 975 5823 1100 5879; x_wconf 79' lang='lat' dir='ltr'><strong>Cor.</strong></span> <span class='ocrx_word' id='word_1_800' title='bbox 1140 5840 1211 5888; x_wconf 62' lang='grc' dir='ltr'><strong>ιν,</strong></span> <span class='ocrx_word' id='word_1_801' title='bbox 1252 5824 1296 5879; x_wconf 65' lang='grc'><strong>4,</strong></span> <span class='ocrx_word' id='word_1_802' title='bbox 1381 5826 1420 5846; x_wconf 69' lang='lat'><strong>“&#39;</strong></span> <span class='ocrx_word' id='word_1_803' title='bbox 1464 5819 1595 5877; x_wconf 88' lang='lat' dir='ltr'><strong>Gen.</strong></span> <span class='ocrx_word' id='word_1_804' title='bbox 1643 5836 1713 5881; x_wconf 75' lang='lat' dir='ltr'><strong>Ix,</strong></span> <span class='ocrx_word' id='word_1_805' title='bbox 1757 5822 1809 5876; x_wconf 78' lang='lat' dir='ltr'><strong>li.</strong></span> 
     </span>
    </p>
   </div>
   <div class='ocr_carea' id='block_1_107' title="bbox 2417 4640 3994 4723">
    <p class='ocr_par' dir='ltr' id='par_1_107' title="bbox 2417 4640 3994 4723">
     <span class='ocr_line' id='line_1_107' title="bbox 2417 4640 3994 4723; baseline -0.011 -16"><span class='ocrx_word' id='word_1_806' title='bbox 2417 4654 2483 4723; x_wconf 79' lang='grc' dir='ltr'>ρὰ</span> <span class='ocrx_word' id='word_1_807' title='bbox 2504 4652 2637 4705; x_wconf 84' lang='grc' dir='ltr'>Θεοῦ</span> <span class='ocrx_word' id='word_1_808' title='bbox 2666 4650 2864 4718; x_wconf 76' lang='grc' dir='ltr'>κα“ιέφ’</span> <span class='ocrx_word' id='word_1_809' title='bbox 2891 4648 3049 4719; x_wconf 82' lang='grc' dir='ltr'>ἡμῶν</span> <span class='ocrx_word' id='word_1_810' title='bbox 3088 4646 3263 4699; x_wconf 73' lang='grc' dir='ltr'>αὐτῶν</span> <span class='ocrx_word' id='word_1_811' title='bbox 3322 4645 3626 4714; x_wconf 78' lang='grc' dir='ltr'>εὑρήσομεν</span> <span class='ocrx_word' id='word_1_812' title='bbox 3695 4660 3712 4690; x_wconf 71' lang='grc' dir='ltr'><strong>ε</strong></span> <span class='ocrx_word' id='word_1_813' title='bbox 3772 4640 3832 4692; x_wconf 84' lang='grc' dir='ltr'><strong>Ὀ</strong></span> <span class='ocrx_word' id='word_1_814' title='bbox 3883 4641 3994 4707; x_wconf 70' lang='grc' dir='ltr'><strong>γὰρ</strong></span> 
     </span>
    </p>
   </div>
   <div class='ocr_carea' id='block_1_108' title="bbox 2414 4726 3993 4813">
    <p class='ocr_par' dir='ltr' id='par_1_108' title="bbox 2414 4726 3993 4813">
     <span class='ocr_line' id='line_1_108' title="bbox 2414 4726 3993 4813; baseline -0.013 -17"><span class='ocrx_word' id='word_1_815' title='bbox 2414 4744 2635 4813; x_wconf 83' lang='grc' dir='ltr'>ἐκχέων,</span> <span class='ocrx_word' id='word_1_816' title='bbox 2696 4740 2879 4810; x_wconf 61' lang='grc' dir='ltr'>φησιν,</span> <span class='ocrx_word' id='word_1_817' title='bbox 2923 4732 3060 4805; x_wconf 75' lang='grc' dir='ltr'>αἷμα</span> <span class='ocrx_word' id='word_1_818' title='bbox 3103 4732 3411 4804; x_wconf 84' lang='grc' dir='ltr'>ἀνθρώπου,</span> <span class='ocrx_word' id='word_1_819' title='bbox 3460 4730 3581 4783; x_wconf 77' lang='grc' dir='ltr'>ἀντὶ</span> <span class='ocrx_word' id='word_1_820' title='bbox 3626 4726 3720 4779; x_wconf 74' lang='grc' dir='ltr'>τοῦ</span> <span class='ocrx_word' id='word_1_821' title='bbox 3757 4727 3993 4794; x_wconf 77' lang='grc' dir='ltr'>αἵματος</span> 
     </span>
    </p>
   </div>
   <div class='ocr_carea' id='block_1_109' title="bbox 2416 4818 3993 4903">
    <p class='ocr_par' dir='ltr' id='par_1_109' title="bbox 2416 4818 3993 4903">
     <span class='ocr_line' id='line_1_109' title="bbox 2416 4818 3993 4903; baseline -0.015 -14"><span class='ocrx_word' id='word_1_822' title='bbox 2416 4835 2579 4889; x_wconf 76' lang='grc' dir='ltr'><strong>αὐτοῦ</strong></span> <span class='ocrx_word' id='word_1_823' title='bbox 2632 4833 3014 4903; x_wconf 84' lang='grc' dir='ltr'>ἐκχυθήσεται·</span> <span class='ocrx_word' id='word_1_824' title='bbox 3066 4828 3147 4880; x_wconf 82' lang='grc' dir='ltr'><strong>ὅτι</strong></span> <span class='ocrx_word' id='word_1_825' title='bbox 3183 4828 3241 4878; x_wconf 89' lang='grc' dir='ltr'><strong>ἐν</strong></span> <span class='ocrx_word' id='word_1_826' title='bbox 3308 4824 3476 4877; x_wconf 79' lang='grc' dir='ltr'>εἰκόνι</span> <span class='ocrx_word' id='word_1_827' title='bbox 3548 4819 3682 4873; x_wconf 73' lang='grc' dir='ltr'>Θεοῦ</span> <span class='ocrx_word' id='word_1_828' title='bbox 3750 4818 3993 4885; x_wconf 72' lang='grc' dir='ltr'>ἐποίησα</span> 
     </span>
    </p>
   </div>
   <div class='ocr_carea' id='block_1_110' title="bbox 2414 4908 3991 4994">
    <p class='ocr_par' dir='ltr' id='par_1_110' title="bbox 2414 4908 3991 4994">
     <span class='ocr_line' id='line_1_110' title="bbox 2414 4908 3991 4994; baseline -0.015 -14"><span class='ocrx_word' id='word_1_829' title='bbox 2414 4927 2504 4979; x_wconf 81' lang='grc' dir='ltr'><strong>τὸν</strong></span> <span class='ocrx_word' id='word_1_830' title='bbox 2536 4925 2841 4994; x_wconf 86' lang='grc' dir='ltr'>ἄνθρωπον.</span> <span class='ocrx_word' id='word_1_831' title='bbox 2880 4941 2897 4972; x_wconf 75' lang='grc' dir='ltr'><strong>ι</strong></span> <span class='ocrx_word' id='word_1_832' title='bbox 2948 4921 3108 4990; x_wconf 83' lang='grc' dir='ltr'>Ὀρᾷς</span> <span class='ocrx_word' id='word_1_833' title='bbox 3144 4914 3256 4983; x_wconf 80' lang='grc' dir='ltr'>οὖν,</span> <span class='ocrx_word' id='word_1_834' title='bbox 3299 4917 3485 4984; x_wconf 77' lang='grc' dir='ltr'>φησὶν,</span> <span class='ocrx_word' id='word_1_835' title='bbox 3522 4912 3620 4982; x_wconf 63' lang='grc' dir='ltr'><strong>ἤδη</strong></span> <span class='ocrx_word' id='word_1_836' title='bbox 3648 4911 3737 4962; x_wconf 73' lang='grc' dir='ltr'><strong>διὰ</strong></span> <span class='ocrx_word' id='word_1_837' title='bbox 3763 4908 3991 4969; x_wconf 74' lang='grc' dir='ltr'>τούτου,</span> 
     </span>
    </p>
   </div>
   <div class='ocr_carea' id='block_1_111' title="bbox 2416 4999 3990 5083">
    <p class='ocr_par' dir='ltr' id='par_1_111' title="bbox 2416 4999 3990 5083">
     <span class='ocr_line' id='line_1_111' title="bbox 2416 4999 3990 5083; baseline -0.013 -15"><span class='ocrx_word' id='word_1_838' title='bbox 2416 5015 2510 5067; x_wconf 70' lang='grc' dir='ltr'><strong>καὶ</strong></span> <span class='ocrx_word' id='word_1_839' title='bbox 2538 5013 2682 5083; x_wconf 86' lang='grc' dir='ltr'>μάλα</span> <span class='ocrx_word' id='word_1_840' title='bbox 2726 5011 2929 5080; x_wconf 80' lang='grc' dir='ltr'>σαφῶς,</span> <span class='ocrx_word' id='word_1_841' title='bbox 2974 5010 3055 5062; x_wconf 82' lang='grc' dir='ltr'>ὅτι</span> <span class='ocrx_word' id='word_1_842' title='bbox 3089 5008 3186 5077; x_wconf 81' lang='grc' dir='ltr'><strong>τῆς</strong></span> <span class='ocrx_word' id='word_1_843' title='bbox 3215 5006 3420 5067; x_wconf 86' lang='grc' dir='ltr'>είκόνος</span> <span class='ocrx_word' id='word_1_844' title='bbox 3461 4999 3825 5067; x_wconf 70' lang='grc' dir='ltr'>ἀδικουμένης</span> <span class='ocrx_word' id='word_1_845' title='bbox 3848 5036 3862 5059; x_wconf 85' lang='grc'><strong>,</strong></span> <span class='ocrx_word' id='word_1_846' title='bbox 3898 4999 3990 5049; x_wconf 59' lang='grc' dir='ltr'><strong>καὶ</strong></span> 
     </span>
    </p>
   </div>
   <div class='ocr_carea' id='block_1_112' title="bbox 2414 5092 3991 5173">
    <p class='ocr_par' dir='ltr' id='par_1_112' title="bbox 2414 5092 3991 5173">
     <span class='ocr_line' id='line_1_112' title="bbox 2414 5092 3991 5173; baseline -0.016 -10"><span class='ocrx_word' id='word_1_847' title='bbox 2414 5106 2532 5173; x_wconf 77' lang='grc' dir='ltr'>οὐχὶ</span> <span class='ocrx_word' id='word_1_848' title='bbox 2577 5106 2793 5165; x_wconf 74' lang='grc' dir='ltr'>’πάντως</span> <span class='ocrx_word' id='word_1_849' title='bbox 2826 5104 2923 5170; x_wconf 88' lang='grc' dir='ltr'><strong>τῆς</strong></span> <span class='ocrx_word' id='word_1_850' title='bbox 2961 5100 3110 5161; x_wconf 86' lang='grc' dir='ltr'>θείας</span> <span class='ocrx_word' id='word_1_851' title='bbox 3154 5096 3318 5150; x_wconf 78' lang='grc' dir='ltr'>αὑτοῦ</span> <span class='ocrx_word' id='word_1_852' title='bbox 3353 5095 3566 5163; x_wconf 75' lang='grc' dir='ltr'>φύσεως</span> <span class='ocrx_word' id='word_1_853' title='bbox 3592 5133 3606 5153; x_wconf 86' lang='grc'><strong>,</strong></span> <span class='ocrx_word' id='word_1_854' title='bbox 3649 5092 3991 5152; x_wconf 71' lang='grc' dir='ltr'>ἀγανακτεῖν</span> 
     </span>
    </p>
   </div>
   <div class='ocr_carea' id='block_1_113' title="bbox 2414 5178 3996 5258">
    <p class='ocr_par' dir='ltr' id='par_1_113' title="bbox 2414 5178 3996 5258">
     <span class='ocr_line' id='line_1_113' title="bbox 2414 5178 3996 5258; baseline -0.013 -9"><span class='ocrx_word' id='word_1_855' title='bbox 2414 5196 2587 5249; x_wconf 80' lang='grc' dir='ltr'>οἴεται</span> <span class='ocrx_word' id='word_1_856' title='bbox 2626 5196 2734 5247; x_wconf 86' lang='grc' dir='ltr'>δεῖν</span> <span class='ocrx_word' id='word_1_857' title='bbox 2774 5197 2801 5247; x_wconf 86' lang='grc' dir='ltr'>ὁ</span> <span class='ocrx_word' id='word_1_858' title='bbox 2829 5194 2960 5256; x_wconf 84' lang='grc' dir='ltr'>Θεὸς</span> <span class='ocrx_word' id='word_1_859' title='bbox 2999 5192 3091 5245; x_wconf 76' lang='grc' dir='ltr'><strong>καὶ</strong></span> <span class='ocrx_word' id='word_1_860' title='bbox 3134 5192 3341 5258; x_wconf 78' lang='grc' dir='ltr'>Πατήρ.</span> <span class='ocrx_word' id='word_1_861' title='bbox 3374 5184 3581 5238; x_wconf 68' lang='grc' dir='ltr'>Οὐκοῦν</span> <span class='ocrx_word' id='word_1_862' title='bbox 3615 5181 3758 5234; x_wconf 74' lang='grc' dir='ltr'><strong>κατὰ</strong></span> <span class='ocrx_word' id='word_1_863' title='bbox 3801 5178 3996 5230; x_wconf 76' lang='grc' dir='ltr'>τοῦτον</span> 
     </span>
    </p>
   </div>
   <div class='ocr_carea' id='block_1_114' title="bbox 2416 5274 3994 5353">
    <p class='ocr_par' dir='ltr' id='par_1_114' title="bbox 2416 5274 3994 5353">
     <span class='ocr_line' id='line_1_114' title="bbox 2416 5274 3994 5353; baseline -0.013 -12"><span class='ocrx_word' id='word_1_864' title='bbox 2416 5289 2643 5342; x_wconf 87' lang='grc' dir='ltr'>νοείσθω</span> <span class='ocrx_word' id='word_1_865' title='bbox 2670 5304 2728 5339; x_wconf 90' lang='grc' dir='ltr'><strong>τε</strong></span> <span class='ocrx_word' id='word_1_866' title='bbox 2751 5286 2844 5338; x_wconf 76' lang='grc' dir='ltr'><strong>καὶ</strong></span> <span class='ocrx_word' id='word_1_867' title='bbox 2872 5282 3257 5353; x_wconf 80' lang='grc' dir='ltr'>ἐσχηματίσθω</span> <span class='ocrx_word' id='word_1_868' title='bbox 3286 5280 3374 5332; x_wconf 84' lang='grc' dir='ltr'><strong>τὸν</strong></span> <span class='ocrx_word' id='word_1_869' title='bbox 3395 5278 3592 5348; x_wconf 74' lang='grc' dir='ltr'>τρόπον</span> <span class='ocrx_word' id='word_1_870' title='bbox 3615 5274 3672 5327; x_wconf 78' lang='grc' dir='ltr'><strong>τὸ</strong></span> <span class='ocrx_word' id='word_1_871' title='bbox 3699 5274 3994 5341; x_wconf 62' lang='grc' dir='ltr'>εἰρημένω</span> 
     </span>
    </p>
   </div>
   <div class='ocr_carea' id='block_1_115' title="bbox 2417 5364 3994 5451">
    <p class='ocr_par' dir='ltr' id='par_1_115' title="bbox 2417 5364 3994 5451">
     <span class='ocr_line' id='line_1_115' title="bbox 2417 5364 3994 5451; baseline -0.015 -18"><span class='ocrx_word' id='word_1_872' title='bbox 2417 5381 2567 5451; x_wconf 73' lang='grc' dir='ltr'>παρὰ</span> <span class='ocrx_word' id='word_1_873' title='bbox 2612 5378 2869 5449; x_wconf 74' lang='grc' dir='ltr'>Χριστοῦο</span> <span class='ocrx_word' id='word_1_874' title='bbox 2922 5394 2939 5426; x_wconf 73' lang='grc' dir='ltr'><strong>ι</strong></span> <span class='ocrx_word' id='word_1_875' title='bbox 2991 5376 3048 5427; x_wconf 89' lang='lat'><strong>&#39;0</strong></span> <span class='ocrx_word' id='word_1_876' title='bbox 3076 5374 3149 5443; x_wconf 84' lang='grc' dir='ltr'>μὴ</span> <span class='ocrx_word' id='word_1_877' title='bbox 3194 5371 3369 5440; x_wconf 81' lang='grc' dir='ltr'>τιμῶν</span> <span class='ocrx_word' id='word_1_878' title='bbox 3405 5370 3496 5422; x_wconf 71' lang='grc' dir='ltr'>τὸν</span> <span class='ocrx_word' id='word_1_879' title='bbox 3547 5367 3705 5426; x_wconf 67' lang='grc' dir='ltr'>Υἱὸν,</span> <span class='ocrx_word' id='word_1_880' title='bbox 3734 5364 3856 5415; x_wconf 65' lang='grc' dir='ltr'>οὐδὲ</span> <span class='ocrx_word' id='word_1_881' title='bbox 3898 5364 3994 5415; x_wconf 60' lang='grc' dir='ltr'>τὸν</span> 
     </span>
    </p>
   </div>
   <div class='ocr_carea' id='block_1_116' title="bbox 2419 5454 3991 5543">
    <p class='ocr_par' dir='ltr' id='par_1_116' title="bbox 2419 5454 3991 5543">
     <span class='ocr_line' id='line_1_116' title="bbox 2419 5454 3991 5543; baseline -0.013 -18"><span class='ocrx_word' id='word_1_882' title='bbox 2419 5473 2635 5543; x_wconf 82' lang='grc' dir='ltr'>Πατέρα</span> <span class='ocrx_word' id='word_1_883' title='bbox 2663 5471 2813 5539; x_wconf 76' lang='grc' dir='ltr'>τιμᾷ.</span> <span class='ocrx_word' id='word_1_884' title='bbox 2850 5486 2867 5518; x_wconf 84' lang='grc'><strong>›</strong></span> <span class='ocrx_word' id='word_1_885' title='bbox 2905 5464 2972 5517; x_wconf 74' lang='grc' dir='ltr'><strong>’Ἃ</strong></span> <span class='ocrx_word' id='word_1_886' title='bbox 2986 5467 3029 5536; x_wconf 78' lang='grc' dir='ltr'>ρ’</span> <span class='ocrx_word' id='word_1_887' title='bbox 3055 5462 3145 5517; x_wconf 75' lang='grc' dir='ltr'>οὖν</span> <span class='ocrx_word' id='word_1_888' title='bbox 3168 5463 3271 5527; x_wconf 75' lang='grc' dir='ltr'>ἔξω</span> <span class='ocrx_word' id='word_1_889' title='bbox 3294 5463 3530 5514; x_wconf 85' lang='grc' dir='ltr'>κείσεται</span> <span class='ocrx_word' id='word_1_890' title='bbox 3558 5457 3675 5527; x_wconf 80' lang='grc' dir='ltr'>μεθ’</span> <span class='ocrx_word' id='word_1_891' title='bbox 3702 5454 3860 5524; x_wconf 78' lang='grc' dir='ltr'>ἡμῶν</span> <span class='ocrx_word' id='word_1_892' title='bbox 3888 5454 3991 5520; x_wconf 73' lang='grc' dir='ltr'>τῆς</span> 
     </span>
    </p>
   </div>
   <div class='ocr_carea' id='block_1_117' title="bbox 2420 5552 3991 5641">
    <p class='ocr_par' dir='ltr' id='par_1_117' title="bbox 2420 5552 3991 5641">
     <span class='ocr_line' id='line_1_117' title="bbox 2420 5552 3991 5641; baseline -0.013 -17"><span class='ocrx_word' id='word_1_893' title='bbox 2420 5571 2510 5625; x_wconf 75' lang='grc' dir='ltr'>τοῦ</span> <span class='ocrx_word' id='word_1_894' title='bbox 2543 5570 2751 5641; x_wconf 78' lang='grc' dir='ltr'>Πατρδς</span> <span class='ocrx_word' id='word_1_895' title='bbox 2786 5569 2971 5631; x_wconf 73' lang='grc' dir='ltr'>οὐσίας</span> <span class='ocrx_word' id='word_1_896' title='bbox 3000 5567 3026 5617; x_wconf 86' lang='grc' dir='ltr'>ὁ</span> <span class='ocrx_word' id='word_1_897' title='bbox 3054 5563 3362 5632; x_wconf 70' lang='grc' dir='ltr'>Μονογενής</span> <span class='ocrx_word' id='word_1_898' title='bbox 3390 5578 3402 5625; x_wconf 90' lang='lat'><strong>;</strong></span> <span class='ocrx_word' id='word_1_899' title='bbox 3447 5557 3570 5619; x_wconf 88' lang='grc' dir='ltr'><strong>Πῶς</strong></span> <span class='ocrx_word' id='word_1_900' title='bbox 3607 5552 3697 5608; x_wconf 64' lang='grc' dir='ltr'>οὖν</span> <span class='ocrx_word' id='word_1_901' title='bbox 3737 5554 3815 5605; x_wconf 79' lang='grc' dir='ltr'>ἔτι</span> <span class='ocrx_word' id='word_1_902' title='bbox 3846 5556 3991 5605; x_wconf 67' lang='grc' dir='ltr'>κατὰ</span> 
     </span>
    </p>
   </div>
   <div class='ocr_carea' id='block_1_118' title="bbox 2418 5655 3994 5739">
    <p class='ocr_par' dir='ltr' id='par_1_118' title="bbox 2418 5655 3994 5739">
     <span class='ocr_line' id='line_1_118' title="bbox 2418 5655 3994 5739; baseline -0.014 -14"><span class='ocrx_word' id='word_1_903' title='bbox 2418 5673 2573 5739; x_wconf 62' lang='grc' dir='ltr'>φύσιν</span> <span class='ocrx_word' id='word_1_904' title='bbox 2620 5672 2748 5733; x_wconf 59' lang='lat' dir='ltr'><strong>ﬁeri;</strong></span> <span class='ocrx_word' id='word_1_905' title='bbox 2808 5673 2986 5723; x_wconf 70' lang='grc' dir='ltr'>ἐστιν.</span> <span class='ocrx_word' id='word_1_906' title='bbox 3049 5668 3202 5736; x_wconf 66' lang='grc' dir='ltr'>εἴπερ</span> <span class='ocrx_word' id='word_1_907' title='bbox 3246 5665 3376 5727; x_wconf 70' lang='grc' dir='ltr'>ξλως</span> <span class='ocrx_word' id='word_1_908' title='bbox 3429 5658 3681 5726; x_wconf 70' lang='grc' dir='ltr'>ἐξώλιςθε</span> <span class='ocrx_word' id='word_1_909' title='bbox 3735 5655 3841 5708; x_wconf 74' lang='grc' dir='ltr'><strong>τῶν</strong></span> <span class='ocrx_word' id='word_1_910' title='bbox 3896 5659 3994 5721; x_wconf 68' lang='grc' dir='ltr'>τῆς</span> 
     </span>
    </p>
   </div>
  </div>
