4206 6510
280 413 347 468 73
1300 409 1367 465 ΙΝ
1397 409 1689 469 JOANNIS
1727 409 1807 465 Εν

1900 409 2216 483 tomum}
2248 408 2352 466 ιιι
2421 410 2461 468 ιι

3377 418 3483 472 574

239 524 491 595 θεότητος
525 524 689 596 ὅρων,
731 523 789 577 ὲν
836 524 943 595 ἰδίᾳ
974 525 1081 578 τινὶ
1122 525 1282 594 φύσει
1328 527 1421 582 καὶ
1454 528 1673 600 ὲτεροίᾳ
1704 526 1807 582 κεί-

1920 527 2238 584 dili‘erentes
2271 540 2495 583 naturas
2535 541 2630 583 eos
2662 528 2980 598 partientes,
3021 534 3074 583 et
3102 542 3257 581 suam
3286 528 3485 596 cuique

241 614 497 683 μενος,ἢ
542 616 600 667 ὲν
638 609 782 687 ᾖπέρ
827 616 975 670 ἔστιν
1006 616 1034 668 6
1074 614 1300 687 Πατήρς
1356 617 1674 689 Ἀδικοῦμεν
1720 618 1805 683 δὲ,

236 705 379 758 κατά
407 706 468 758 τὸ
495 707 662 770 εἰκὸς,
692 708 771 770 εἰς
791 706 887 761 ἕνα
908 707 1161 778 θεότητος
1181 708 1603 773 ἀναϐιϐάζοντες
1632 710 1808 779 λόγον,

234 798 336 863 τῆς
371 797 533 864 ἁγίας
575 798 801 868 Τριάδος
845 799 944 871 τὴν
991 799 1258 862 σύνταξιν.
1303 801 1451 853 Ἔδει
1507 801 1648 870 γὰρ,
1703 801 1810 853 ἔδει

234 885 420 940 λοιπὸν
467 892 791 958 προσκυνεῖν
826 890 925 960 μὲν
952 893 1097 961 ἡμᾶς
1136 892 1212 955 ὡς
1247 892 1379 946 Θεὸν
1424 892 1515 945 τὸν
1562 892 1807 962 Πατέρα,

231 977 390 1041 δόξαν
428 978 486 1031 δέ
524 995 646 1033 τινα
692 980 854 1035 πάλιν
899 982 1035 1035 ἰδίαν
1068 983 1366 1053 ἀπονέμειν
1405 984 1484 1050 τῷ
1523 983 1638 1054 Υἱῷ
1714 985 1809 1039 καὶ

232 1069 314 1140 τῷ
354 1069 629 1141 Πνεύματι
649 1112 663 1135 ,
707 1073 784 1136 ὡς
810 1074 891 1137 εἰς
922 1074 1209 1146 διαφόρους
1241 1075 1673 1146 κατασχίζοντας
1708 1076 1809 1146 φύ-

234 1179 372 1228 σεις,
414 1163 506 1216 καὶ
535 1163 666 1217 ἴδιον
690 1165 907 1238 ἑκάστῳ
940 1168 1032 1220 τὸν
1059 1167 1153 1220 τοῦ
1184 1168 1300 1232 πῶς
1336 1172 1451 1222 ἐστι
1477 1169 1807 1239 διορίζοντας

232 1255 394 1324 λόγον
417 1271 430 1285 ·
457 1256 570 1309 ἀλλ’
595 1257 690 1309 ἕνα
717 1257 848 1311 Θεὸν
878 1261 1007 1329 ἡμῖν
1037 1261 1093 1312 αἰ
1114 1260 1254 1313 θεῖαι
1291 1261 1654 1331 πρεσϐεύουσι
1674 1263 1809 1333 Γρα-

233 1348 358 1414 φαί,
382 1347 472 1400 τὸν
494 1347 621 1401 Υἰὸν
652 1349 731 1419 τῷ
750 1350 926 1421 Πατρὶ
951 1352 1047 1405 καί
1068 1351 1128 1404 τὸ
1147 1352 1373 1424 Πνεῦμα
1394 1353 1803 1418 συντάττουσαι,

231 1439 311 1500 ὡς
333 1438 421 1493 διὰ
439 1441 537 1510 τῆς
557 1440 846 1505 ούσιώδους
873 1444 968 1497 καὶ
994 1444 1417 1515 ἀπαραλλάκτου
1451 1447 1803 1517 ταυτότητος,

230 1532 316 1591 εἰς
361 1529 456 1584 ἕνα
501 1529 755 1599 θεότητος
814 1532 1225 1604 ἀναφερομένης
1276 1535 1432 1603 λόγον
1491 1536 1590 1606 τῆς
1646 1537 1807 1605 ἁγίας

229 1620 482 1689 Τριάδος.
523 1621 637 1673 Οὐκ
656 1620 762 1692 ἀρα
796 1621 911 1674 ἐστὶ
947 1623 1046 1691 τῆς
1068 1622 1162 1676 τοῦ
1194 1624 1559 1694 Γεννήσαντος
1589 1626 1805 1693 φύσεως

228 1710 510 1781 ἀλλότριος
538 1713 567 1764 6
589 1712 918 1781 Μονογενὴς,
952 1713 1066 1767 ἀλλ’
1092 1714 1203 1767 οὐδ’
1231 1715 1297 1768 ἂν
1325 1716 1460 1779 ὅλως
1480 1715 1606 1779 Υἰὸς
1628 1716 1805 1787 ὑπάρ-

227 1821 343 1872 χων
362 1806 533 1856 νοοῖτο
549 1805 692 1858 κατά
712 1805 989 1876 ἀλήθειαν,
1028 1807 1077 1858 εἰ
1117 1806 1190 1876 μὴ
1215 1808 1279 1858 ἐκ
1300 1807 1401 1875 τῆς
1422 1807 1515 1860 τοῦ
1553 1809 1803 1871 τεκόντος

1914 619 2133 675 essendi
2187 619 2455 675 rationem
2516 619 2842 675 tribuentes.
2897 618 3063 688 Atqui
3118 632 3285 672 unum
3324 619 3483 673 nobis

1916 708 2083 764 Deum
2119 710 2314 764 divinae
2370 708 2668 781 Scriptura:
2727 710 3046 780 pradicant,
3103 709 3309 763 Filium
3355 723 3482 763 cum

1914 800 2072 858 Patre
2103 810 2157 858 et
2188 802 2455 873 Spiritum
2491 802 2849 865 collocautes,
2892 801 3052 870 quasi
3099 814 3196 871 per
3222 799 3483 855 substan-

1911 893 2093 948 tialem
2125 901 2180 949 et
2210 892 2586 948 omnimodam
2621 891 2963 948 identitatem
2993 896 3182 945 sancta
3214 889 3487 942 Trinitate

1913 983 1967 1036 in
2006 999 2164 1037 unam
2193 983 2413 1041 deitatis
2454 981 2654 1038 collata
2685 982 2971 1037 rationem.
3024 978 3151 1034 Non
3175 986 3259 1034 est
3287 993 3417 1049 ergo
3452 994 3484 1032 a

1911 1082 2111 1128 natura
2141 1074 2419 1130 Geuitoris
2450 1074 2663 1129 alienus
2688 1070 3040 1143 Unigenitus,
3076 1069 3174 1127 sed
3221 1085 3321 1125 nec
3357 1086 3481 1124 om-

1910 1166 2041 1221 nino
2074 1165 2246 1222 Filius
2285 1181 2409 1223 esse
2438 1180 2625 1221 revera
2667 1166 2981 1221 censebitur
3011 1166 3058 1219 si
3103 1178 3169 1218 ex
3204 1160 3487 1217 Genitoris

1910 1258 2217 1314 substantia
2256 1273 2367 1312 non
2402 1257 2648 1323 eﬂ‘ulsit;
2684 1273 2783 1311 nec
2810 1258 2957 1312 enim
2976 1257 3085 1309 alia
3112 1254 3277 1310 estin
3309 1253 3484 1307 omni-

1909 1349 2013 1404 bus
2054 1365 2196 1404 νει-ω
2231 1350 2511 1405 liliationis
2547 1350 2791 1404 deﬁnitio
2829 1364 2894 1403 ac
2933 1344 3149 1401 modus.
3202 1344 3261 1399 Si
3300 1352 3481 1400 autem

1908 1439 2079 1497 Filius
2112 1457 2219 1495 non
2250 1449 2357 1506 est,
2390 1441 2663 1510 sequitur
2724 1451 2781 1493 ut
2816 1455 2883 1494 ne
2916 1439 3074 1493 Pater
3131 1436 3353 1507 quidem
3410 1437 3484 1491 sit

1907 1533 2072 1585 etiam
2106 1531 2267 1588 Deus.
2310 1531 2593 1597 Quomodo
2654 1546 2799 1601 ergo
2823 1546 2986 1585 verax
3008 1528 3116 1584 erit
3171 1526 3376 1582 Paulus
3408 1526 3480 1582 de

1906 1624 2028 1694 ipso
2060 1622 2248 1677 dicens
2279 1641 2291 1676 :
2326 1642 2343 1675 ι
2371 1624 2447 1677 Ex
2482 1637 2592 1692 quo
2622 1624 2807 1676 omnis
2843 1620 3145 1690 paternitas
3170 1620 3222 1673 in
3252 1620 3394 1674 caalo
3430 1628 3486 1674 et

1910 1717 1963 1770 in
2022 1724 2167 1770 terra
2207 1716 2610 1769 nominatur“.
2657 1712 2847 1768 rNam
2909 1712 2954 1767 si
2994 1727 3101 1765 non
3161 1711 3354 1781 genuit
3414 1726 3484 1766 ex

1908 1809 2093 1878 seipso
2129 1807 2311 1861 divina
2342 1808 2553 1861 ratione
2587 1806 2806 1869 Filium,
2837 1803 3116 1874 quomodo
3146 1804 3198 1855 in
3246 1802 3367 1871 ipso
3398 1811 3484 1857 est

224 1892 531 1963 ἐξέλαμψεν
551 1895 767 1959 οὐσίας’
799 1894 1037 1958 τοιοῦτος
1074 1897 1203 1967 γὰρ,
1256 1898 1351 1951 καὶ
1388 1898 1488 1968 οὐχ
1526 1897 1715 1968 ἕτερος
1748 1899 1806 1951 έν

1909 1876 2253 1969 paternitatis
2286 1899 2530 1961 initium,
2558 1898 2705 1966 quod
2739 1912 2834 1966 per
2865 1895 3228 1971 imitationem
3263 1892 3333 1946 ad
3383 1907 3479 1947 eos

227 1986 399 2037 πᾶσιν
427 1988 455 2038 ό
486 1985 588 2055 τῆς
619 1985 856 2055 ἀληθοῦς
887 1987 1132 2057 υἰότητος
1173 1989 1297 2059 ὄρος
1347 2006 1408 2042 τε
1453 1990 1548 2043 καὶ
1580 1990 1803 2061 τρόπος.

227 2077 362 2130 Υίοῦ
400 2077 455 2129 δὲ
482 2079 581 2131 οὐκ
608 2077 780 2145 ὄντος,
812 2080 1334 2151 συναναιρεθήσεται
1372 2083 1587 2146 πάντως
1626 2083 1719 2136 καὶ
1744 2083 1806 2136 τὸ

225 2163 372 2221 εἶναι
402 2170 622 2240 Πατέρα
649 2171 741 2223 τὸν
770 2172 926 2226 Θεόν.
958 2174 1083 2236 Πῶς
1112 2170 1204 2227 οῦν
1236 2174 1526 2245 ἀληθεύσει
1570 2175 1746 2245 λέγων
1776 2179 1804 2229 ό

226 2259 440 2324 Παῦλος
497 2263 623 2333 περὶ
665 2264 831 2318 αὐτοῦ
856 2304 870 2329 ,
904 2285 922 2318 ι
957 2267 1047 2333 Ἐξ
1097 2262 1157 2322 οῦ
1192 2268 1342 2321 πᾶσα
1394 2269 1599 2339 πατριά
1644 2268 1701 2323 ἐν
1744 2286 1803 2321 τε

223 2348 461 2420 οὐρανῷ,
484 2351 577 2403 καί
604 2351 698 2404 ἐπὶ
716 2353 821 2424 γῆς
852 2355 1195 2425 ὀνομάζεται;
1227 2375 1245 2406 ι
1281 2358 1343 2410 Εἰ
1372 2357 1480 2429 γὰρ
1518 2358 1591 2429 μὴ
1615 2358 1803 2427 γεγέν-

224 2457 395 2509 νηκεν
425 2441 484 2505 ἐξ
514 2443 708 2497 ἑαυτοῦ
743 2446 1064 2518 θεοπρεπῶς
1099 2450 1191 2503 τὸν
1230 2452 1380 2516 Υἰὸν,
1416 2453 1533 2516 πῶς
1570 2455 1628 2506 ὲν
1654 2453 1802 2524 αὐτῷ

221 2535 328 2602 τῆς
358 2533 747 2606 πατρότητοςή
780 2537 920 2609 ἁρχὴ
953 2541 1214 2612 διήκουσα
1254 2544 1397 2597 κατά
1441 2544 1671 2617 μίμησιν
1707 2547 1801 2599 ἐπί

196 2640 285 2693 ,τε
331 2626 458 2687 τοὺς
504 2626 658 2691 δντας
697 2630 757 2683 έν
786 2630 1001 2702 οὐρανῷ
1072 2634 1167 2686 καὶ
1206 2634 1298 2687 ἐπὶ
1339 2635 1439 2705 τῆς
1475 2637 1610 2706 γῆς;
1659 2638 1800 2692 Ἀλλ’

222 2714 345 2766 ἔστι
394 2716 581 2787 Πατὴρ
630 2721 751 2772 κατ’
797 2720 1053 2791 ἀλήθειαν
1094 2726 1122 2777 ό
1153 2724 1315 2789 Θεός·
1356 2727 1482 2791 Υἰὸς
1520 2728 1625 2798 ἄρα
1659 2733 1800 2784 κατά

223 2801 392 2869 φύσιν
420 2804 448 2855 6
477 2805 811 2876 Μονογενὴς,
852 2808 982 2861 εἴσω
1021 2810 1082 2862 τέ
1125 2811 1240 2875 πώς
1262 2814 1377 2866 ἐστι
1401 2815 1510 2868 τῶν
1538 2816 1637 2885 τῆς
1671 2817 1797 2870 θεό-

222 2909 391 2961 τητος
416 2895 578 2965 ὅρων.
607 2896 740 2960 Θεὸς
764 2897 874 2970 γὰρ
897 2901 962 2952 ὲκ
1002 2900 1135 2954 Θεοῦ
1176 2904 1516 2974 τεχθήσεται,
1550 2908 1797 2980 καθάπερ

216 2985 321 3039 οὖν
346 2990 629 3060 ἄνθρωπος
653 2992 710 3058 ἐξ
727 2993 1016 3065 ἀνθρώπου
1037 2998 1216 3068 τυχὸν,
1242 3000 1337 3053 καὶ
1358 3002 1418 3055 οὐ
1449 3003 1796 3073 διαψεύσεται

217 3079 321 3131 τοῦ
352 3079 486 3132 Θεοῦ
513 3084 603 3134 καὶ
630 3084 841 3153 Πατρὸς
866 3087 985 3155 ήτὰ
1011 3088 1187 3153 πάντα
1210 3091 1581 3165 ὑπερκειμένη
1610 3097 1794 3164 φύσις,

1906 1993 2220 2062 quicunque
2253 1990 2309 2045 in
2333 1991 2475 2046 caelo
2504 1991 2635 2045 etin
2673 1997 2819 2045 terra
2842 1998 2972 2043 sunt
3009 1992 3300 2057 permanat
3328 1984 3352 2036 ἲ
3383 1988 3484 2037 At-

1907 2082 2000 2152 qui
2032 2080 2192 2136 Pater
2235 2094 2424 2136 revera
2454 2086 2549 2135 est.
2576 2078 2719 2135 Deus
2746 2096 2759 2133 :
2794 2077 2971 2131 Filius
2998 2091 3131 2145 ergo
3180 2073 3484 2130 secundum

1904 2182 2157 2228 naturam
2184 2180 2266 2227 est
2299 2170 2652 2241 Unigenitus,
2684 2178 2737 2224 et
2789 2169 2934 2223 intra
2975 2167 3202 2221 deitatis
3239 2166 3484 2219 rationes

1905 2265 2264 2321 constitutus.
2293 2263 2511 2333 Alioqui
2562 2262 2709 2317 enim
2762 2260 2907 2316 Deus
2950 2276 3020 2315 rex
3073 2258 3181 2314 Deo
3208 2258 3487 2328 gignetur,

1904 2359 2067 2415 sicuti
2092 2359 2277 2413 forsan
2306 2357 2469 2411 homo
2500 2370 2564 2411 ex
2595 2356 2818 2409 ltotnine
2846 2371 2860 2417 ;
2891 2367 3078 2422 neque
3134 2360 3315 2405 tamen
3370 2347 3485 2401 [ru-

1903 2451 2167 2509 strabitur
2190 2448 2279 2504 Dei
2306 2462 2369 2502 ac
2388 2445 2569 2501 Patris
2592 2461 2805 2501 summa
2835 2445 2925 2499 illa
2951 2452 3168 2508 natura,
3203 2441 3479 2512 gignendo

1904 2544 2071 2599 fetum
2107 2552 2451 2608 nequaquam
2483 2536 2586 2592 sibi
2610 2536 3051 2590 convenientem.
3083 2533 3189 2588 Sed
3212 2532 3479 2602 quoniam

1903 2638 2070 2693 stulte
2103 2643 2157 2690 et
2213 2633 2380 2703 impie
2415 2632 2720 2701 praedicant
2774 2628 2869 2683 Dei
2905 2644 2969 2682 ac
3004 2627 3187 2682 Patris
3228 2634 3483 2679 naturam

1901 2726 2126 2780 minime
2154 2722 2279 2777 laedi
2317 2723 2370 2776 in
2407 2720 2568 2799 Pilio,
2612 2721 2701 2774 cui
2729 2720 2914 2774 minus
2944 2732 3188 2789 congrua
3227 2718 3293 2771 ab
3345 2734 3483 2770 non-

1867 2879 1872 2883 ,
1901 2818 2063 2872 nullis
2093 2816 2265 2886 gloria
2303 2814 2599 2876 tribuatur,
2623 2812 2718 2866 sed
2738 2812 2863 2881 jure
2893 2811 3089 2864 merito
3120 2811 3305 2879 potius
3340 2808 3481 2861 indi-

1899 2910 2071 2981 gnari,
2089 2908 2231 2978 quod
2260 2908 2311 2961 in
2333 2908 2449 2975 ipso
2474 2904 2766 2974 imaginem
2789 2918 2941 2957 suam
2965 2909 3333 2977 contemptam
3364 2915 3489 2955 cer-

1899 2997 2397 3068 nat,interrogandi
2432 3004 2563 3051 sunt
2600 2996 3104 3063 demum,quonam
3133 3001 3293 3062 pacto
3317 2993 3495 3047 velint.

1898 3092 2187 3162 imaginem
2209 3089 2385 3143 Patris
2404 3103 2525 3143 esse
2558 3100 2621 3140 ac
2663 3085 2772 3140 dici
2792 3083 3013 3139 Filium.
3042 3084 3144 3138 Sed
3166 3083 3479 3152 responsio-

215 3170 317 3263 τὸν
352 3170 489 3263 wit—ﬁ
527 3172 599 3241 μὴ
627 3172 905 3242 πρέποντα
937 3176 1173 3230 τεκοῦσα
1200 3182 1433 3250 καρπόν,
1479 3184 1697 3253 Ἐπειδὴ
1738 3188 1793 3239 δὲ

1900 3200 2019 3240 nem
2033 3178 2712 3254 prmveniamusz30ipsi
2735 3179 2938 3247 potius,
2958 3188 3010 3231 et
3036 3176 3335 3246 imaginum
3356 3191 3487 3245 spe-

214 3255 503 3320 δυσσεϐῶς
532 3275 590 3310 τε
626 3260 721 3312 καὶ
750 3262 991 3333 ἀνοήτως
1019 3265 1269 3331 φασιν,οὐ
1293 3270 1391 3338 τὴν
1420 3269 1513 3321 τοῦ
1540 3270 1673 3325 Θεοῦ
1702 3275 1795 3327 καὶ

218 3348 442 3417 ιΙατρὸς
487 3348 862 3420 ἐξυϐρίςεσθαι
915 3352 1076 3420 φύσιν
1117 3356 1175 3407 ἐν
1213 3356 1358 3427 Υἰῴ,
1390 3358 1465 3429 μῆ
1493 3362 1591 3431 τῆς
1624 3380 1794 3431 προσ-

1902 3277 2034 3337 cies,
2054 3272 2229 3343 quoad
2251 3271 2364 3326 ﬁeri
2387 3278 2583 3340 potest,
2606 3270 2759 3340 prius
2775 3269 3175 3338 disﬁnguamus
3199 3284 3211 3328 ;
3236 3268 3313 3320 sic
3332 3267 3477 3320 enim

1902 3366 2101 3420 clarior
2121 3371 2173 3417 et
2207 3362 2445 3431 apertior
2463 3360 2645 3413 futura
2662 3368 2745 3413 est
2773 3358 2938 3426 hujus
2961 3358 3283 3426 quaestionis
3318 3356 3499 3409 ratio..

216 3439 470 3507 ηκούσης
513 3442 835 3497 ἀπολαύοντι
882 3445 1038 3517 δόξης
1068 3449 1203 3518 πρός
1242 3468 1423 3503 τινων·
1474 3454 1551 3517 ὡς
1623 3459 1830 3522 εἰκόνος
1868 3460 1923 3513 δὲ
1965 3458 2161 3529 μᾶλλον
2202 3457 2340 3517 ἰδίας
2408 3453 2781 3523 ἢτιμασμένης
2823 3454 2880 3505 ὲν
2921 3437 3070 3521 αύτῷ
3120 3450 3484 3520 χαλεπαίνειν,

214 3536 453 3597 εἰκότως
513 3555 574 3605 γε
619 3539 681 3609 δὴ
731 3540 989 3594 ποιοῦντα
1061 3545 1151 3596 καὶ
1231 3546 1446 3610 καλῶς’

1535 3553 1836 3623 ἐρωτητέον
1910 3555 2143 3616 αὐτοὺς,
2204 3551 2343 3605 κατά
2390 3550 2511 3602 τίνα
2569 3548 2769 3619 τρόπον
2825 3546 3006 3600 εἰκόνα
3066 3546 3337 3615 βούλονται
3385 3544 3495 3597 τοῦο

220 3628 444 3691 Πατρὸς
484 3625 623 3681 εἷναί
652 3646 710 3681 τε
753 3631 845 3683 καὶ
880 3632 1133 3699 λέγεσθαι
1178 3636 1269 3687 τὸν
1318 3637 1464 3693 Υἰόν.
1534 3644 1748 3697 Μᾶλλον
1775 3646 1831 3697 δὲ
1870 3646 2022 3697 αὐτοὶ
2081 3644 2171 3695 τὸν
2232 3643 2362 3711 παρ’
2416 3640 2626 3693 ἐκείνου
2705 3639 3005 3707 φθάσαντες
3053 3638 3209 3705 λόγον
3262 3636 3481 3707 προδια-

213 3715 541 3785 στὲλλωμεν
610 3720 707 3788 τῆς
779 3723 985 3786 εἰκόνος
1040 3725 1108 3776 τά
1167 3726 1307 3794 εἴδη,

1391 3733 1534 3784 κατά
1594 3752 1657 3803 γε
1713 3736 1803 3789 τὸν
1873 3734 2218 3806 ὲγχωροῦντα
2269 3732 2426 3799 λόγον
2452 3749 2464 3761 ο

2552 3730 2691 3783 οὕτω
2757 3730 2865 3799 γὰρ
2926 3730 2989 3782 ἂν
3049 3728 3257 3796 γένοιτο
3303 3730 3480 3797 σαφής

215 3828 281 3863 τε
343 3814 438 3864 καὶ
490 3812 609 3866 λίαν
662 3816 1053 3889 εὐκρινεστέρα
1092 3819 1198 3873 τῶν
1234 3822 1584 3895 ζητουμένων
1632 3833 1663 3899 ὴ
1719 3832 1955 3903 εὕρεσις.

296 3903 508 3955 Οὐκοῦν
542 3905 639 3973 μία
678 3906 775 3973 μὲν
837 3908 934 3978 ἤδη
988 3912 1079 3962 καὶ
1112 3912 1299 3982 πρώτη
1342 3917 1440 3985 τῆς
1469 3920 1609 3972 κατά
1643 3922 1804 3988 φύσιν

213 3997 553 4062 ταυτότητος
605 3997 661 4048 ἐν
706 3998 1145 4067 ἀπαραλλάκτοις
1193 4007 1304 4068 τοῖς
1358 4007 1639 4078 ἰδιώμασιν
1667 4012 1699 4082 ἡ
1731 4016 1804 4065 εἰ-

218 4084 338 4137 κὼν
367 4126 379 4147 ,
417 4085 492 4147 ὡς
526 4086 582 4152 ἐξ
624 4088 792 4157 Ἀδὰμ
834 4092 861 4142 6
896 4090 1083 4154 Ἀϐελ,
1120 4094 1151 4162 ἦ
1204 4096 1389 4150 Ἰσαὰκ
1427 4100 1487 4164 ἐξ
1530 4102 1799 4174 Ἀϐραάμ.

215 4176 466 4267 Δευτέρα
489 4177 544 4229 δὲ
578 4178 735 4232 πάλιν
772 4182 803 4249 ἡ
832 4182 970 4235 κατὰ
1008 4186 1176 4254 μόνην
1202 4189 1297 4258 τὴν
1331 4190 1422 4244 τοῦ
1454 4196 1801 4267 χαρακτῆρος

216 4266 527 4335 ἐμφέρειαν
554 4310 568 4331 ,
620 4271 711 4321 καὶ
756 4272 817 4323 τὸ
860 4273 1087 4342 ἀκριϐὲς
1118 4278 1212 4330 τοῦ
1254 4280 1428 4345 εἴδους
1475 4286 1799 4357 ἐκτύπωμα,

218 4358 533 4428 καθάπερὴ
567 4360 661 4413 τοῦ
697 4364 960 4429 βασιλέως
993 4368 1050 4418 έν
1082 4368 1222 4439 ξύλῳ
1253 4374 1457 4445 γραφὴ,
1492 4376 1522 4446 ἢ
1553 4378 1647 4429 καὶ
1681 4378 1801 4432 καθ’

214 4450 417 4519 ἕτερόν
470 4467 593 4504 τινα
643 4456 986 4527 πεποιημένη
1044 4460 1280 4530 τρόπον,
1327 4464 1403 4527 ὡς
1452 4467 1586 4535 πρὸς
1620 4469 1799 4534 αὑτὸν,

210 4543 428 4611 ἄριστά
458 4560 517 4594 τε
566 4545 657 4597 καί
694 4547 1104 4617 ὲντεχνέστατα.
1148 4553 1324 4607 Εἰκὼν
1360 4555 1416 4608 δὲ
1453 4560 1618 4628 ἑτέρα
1659 4560 1795 4631 λαμο

208 4631 449 4683 ﬂaverat
498 4633 657 4687 πάλιν
713 4636 847 4703 πρὸς
891 4639 1033 4708 ἢθη,
1085 4642 1178 4693 καὶ
1208 4645 1477 4713 τρόπους,
1524 4651 1616 4701 καὶ
1645 4650 1797 4702 πολι-

206 4720 408 4783 τείαν,
442 4722 535 4773 καὶ
565 4722 774 4794 θέλημα
801 4725 862 4777 τὸ
895 4728 985 4780 ὲπί
1023 4747 1163 4782 τισιν
1203 4733 1428 4800 ἀγαθοῖς
1470 4738 1502 4808 ἢ
1559 4734 1800 4806 φαύλόις,
1837 4748 1878 4801 ῐι

203 4812 293 4872 ὡς
333 4811 578 4864 ἐοικέναι
628 4814 881 4882 λέγεσθαι
914 4820 1076 4889 τυχὸν
1111 4823 1201 4874 τὸν
1232 4825 1331 4893 μὲν
1361 4826 1805 4898 ἀγαθοεργοῦντοι

201 4902 294 4969 τῷ
328 4903 550 4992 Παύλῳ,
585 4904 677 4957 τὸν
704 4908 760 4959 δὲ
789 4909 862 4979 μὴ
892 4912 1152 4976 τοιοῦτον,
1184 4914 1263 4983 τῷ
1294 4917 1456 4970 Κάῖν.
1489 4919 1560 4972 Τὸ
1590 4921 1698 4992 γὰρ
1744 4925 1804 4975 ἐν

202 5009 334 5054 τοις
397 4991 534 5056 ἴσοις
580 4997 810 5065 ὁρᾶσθαι
859 5000 1083 5066 φαύλοις
1128 5021 1187 5055 τε
1244 5007 1337 5058 καὶ
1391 5009 1647 5075 ἀγαθοῖς,
1704 5013 1802 5081 τὴν

200 5082 485 5149 ὁμοὶωσιν
554 5085 770 5156 ἑκάστῳ
825 5091 1274 5158 πραγματεύεται
1339 5095 1433 5148 καὶ
1460 5099 1802 5168 περιτίθησιν

199 5174 471 5236 εἰκότως.
504 5169 655 5239 Εἶδος
689 5178 745 5231 δέ
780 5196 898 5242 πως
928 5182 1133 5244 εἰκόνος
1176 5185 1326 5237 ἐστὶν
1359 5187 1543 5258 ἕτερον
1568 5230 1582 5253 ,
1618 5193 1712 5244 καὶ
1741 5194 1801 5246 τὸ

199 5267 274 5315 ὲν
316 5262 633 5333 ἀξιώματι,
688 5268 781 5319 καὶ
812 5273 945 5339 τιμῇ
973 5308 987 5331 ,
1036 5274 1130 5325 καὶ
1167 5274 1327 5346 δόξῃ,
1385 5280 1479 5333 καὶ
1534 5282 1797 5353 ὑπεροχῇ,

198 5357 416 5423 (Ὠσπερ
446 5354 514 5407 ἂν
554 5356 713 5421 εἴτις
751 5360 911 5427 τυχὸν
944 5364 1041 5431 τήν
1081 5380 1221 5428 τινος
1270 5369 1445 5439 ἀρχὴν
1481 5343 1794 5441 διαδέχοιτο,

200 5446 311 5499 καὶ
340 5445 523 5497 πάντα
546 5446 692 5517 δρῴη
725 5452 844 5518 μετ’
874 5452 1141 5520 ἐξουσίας,
1171 5460 1314 5531 ἅπερ
1332 5462 1397 5515 ἂν
1425 5464 1615 5533 ἐκείνῳ
1642 5483 1745 5536 προ
1760 5485 1800 5517 το

197 5542 237 5607 ἢ
264 5554 344 5589 τοι
370 5554 435 5588 τε
483 5540 577 5591 καὶ
609 5543 826 5609 πρέποι.
858 5546 1033 5599 Εἰκὼν
1064 5550 1120 5601 δὲ
1153 5553 1372 5625 ἑτέρως,
1399 5556 1429 5625 ἢ
1464 5556 1581 5609 καθ’
1604 5560 1796 5629 ἑτέραν

196 5628 341 5683 τινᾶ
373 5630 637 5698 ποιότητα
689 5636 1010 5704 πράγματος
1039 5683 1050 5703 ,
1105 5642 1133 5710 ἦ
1186 5647 1450 5717 ποςζτητα
1474 5690 1483 5708 υ
1741 5670 1790 5703 τε

307 5819 349 5842 "
392 5806 589 5873 mltis,
631 5826 684 5864 ἰι
712 5850 723 5868 ,
768 5812 828 5864 lii

1982 3922 2155 3991 Igitur
2192 3935 2297 3973 una
2322 3917 2541 3988 quidem
2577 3927 2659 3971 est
2685 3932 2746 3968 ac
2779 3915 2952 3984 prima
2983 3912 3249 3966 naturalis
3278 3908 3489 3964 identi-

1911 4013 2036 4065 tatis
2073 4011 2128 4064 in
2183 4007 2609 4080 proprietatibus
2644 4003 2837 4060 iisdem
2875 4004 3083 4071 imago,
3136 4000 3295 4055 sicuti
3345 3998 3480 4052 Abel

1909 4118 1973 4156 ex
2002 4101 2196 4163 Adam,
2230 4108 2323 4152 aut
2350 4099 2502 4151 Isaac
2532 4113 2597 4151 ex
2627 4096 2923 4149 Abraham.
2964 4094 3167 4155 Altera,
3201 4108 3321 4162 qua:
3349 4106 3482 4144 eon-

1910 4192 2056 4246 sistit
2087 4192 2139 4243 iu
2184 4191 2298 4245 sola
2333 4189 2672 4242 characteris
2699 4187 2893 4256 elligie,
2952 4196 3001 4238 et
3034 4192 3225 4238 exacta
3291 4184 3482 4236 formm

1908 4287 2278 4357 expressione,
2320 4285 2481 4339 veluti
2511 4284 2654 4353 regis
2688 4285 2740 4337 in
2776 4284 2919 4352 ligno
2952 4280 3194 4350 pictura,
3227 4285 3321 4330 aut
3363 4276 3471 4329 alia

1909 4378 2143 4445 quadam
2176 4376 2386 4429 ratione
2427 4374 2685 4443 praclare
2707 4379 2760 4426 et
2788 4370 3086 4424 artiﬁciose
3124 4368 3291 4423 facta.
3325 4366 3473 4419 Prae-

1908 4477 2054 4521 terea
2084 4469 2260 4537 imago
2321 4466 2522 4519 dicitttr
2587 4470 2839 4532 respectu
2895 4462 3019 4515 vita:
3054 4475 3118 4514 ac
3177 4473 3391 4511 morum
3424 4465 3479 4511 et

1909 4560 2205 4612 voluntatis
2233 4573 2363 4627 erga
2396 4558 2649 4613 virtutem
2678 4570 2741 4607 ac
2773 4554 3135 4609 honestatem.
3170 4563 3236 4602 ac
3263 4548 3426 4602 studii
3464 4568 3475 4601 :

1908 4652 1980 4703 ita
2010 4658 2068 4703 ttt
2095 4650 2304 4717 probus
2336 4648 2420 4701 vir
2467 4645 2634 4699 Paulo
2669 4645 2863 4699 similis
2895 4658 3018 4696 esse
3066 4640 3320 4700 dicatur;
3378 4642 3481 4691 itu-

1915 4742 2119 4811 probus
2152 4755 2297 4801 vero,
2350 4738 2507 4792 Cain.
2568 4735 2711 4791 Idem
2755 4735 2899 4789 enim
2949 4733 3164 4787 virtutis
3218 4739 3314 4783 aut
3366 4731 3482 4784 vitii

1910 4832 2150 4887 studium
2200 4829 2617 4885 similitudinem
2664 4827 2961 4892 unicuique
3010 4825 3138 4895 jure
3202 4823 3481 4877 conciliat.

1913 4924 2006 4977 lel
2034 4934 2087 4977 et
2118 4922 2266 4975 aliud
2307 4918 2715 4990 quodammodo
2745 4934 2917 4987 genus
2950 4917 3225 4986 imaginis,
3255 4915 3396 4983 quod
3428 4915 3482 4967 in

1909 5015 2199 5084 dignitate,
2233 5013 2460 5072 honore,
2522 5011 2695 5079 gloria
2740 5020 2795 5063 et
2841 4990 3162 5063 ex'cellcntia
3204 5016 3480 5070 versatur,

1907 5118 1962 5160 ut
1984 5107 2025 5158 si
2046 5100 2190 5174 quis,
2213 5104 2444 5172 exempli
2468 5103 2663 5172 gratia,
2691 5100 2925 5168 alicujus
2954 5099 3483 5168 principatumexei-

1907 5194 2338 5264 piat,omuiaque
2358 5210 2479 5247 cum
2499 5201 2767 5262 potestate
2786 5191 2946 5245 faciat
2965 5206 3083 5259 quae
3100 5190 3249 5242 illum
3265 5189 3476 5243 decent.

1913 5285 2176 5336 l’rzeterea
2213 5283 2393 5351 imago
2441 5281 2661 5343 dicitur,
2690 5297 2809 5350 qtne
2838 5290 3086 5334 versatur
3117 5281 3168 5331 in
3200 5280 3302 5331 alia
3340 5294 3476 5347 qua-

1905 5376 2026 5427 dam
2055 5375 2128 5427 rei
2148 5375 2411 5442 qualitate
2433 5374 2860 5442 autquantitate,
2884 5373 3159 5440 figuraque
3178 5379 3230 5423 et
3254 5385 3477 5439 propor-

1909 5469 2073 5530 tione,
2111 5474 2166 5519 ut
2198 5465 2510 5519 summatim
2549 5464 2747 5518 dicam.
2806 5460 3044 5515 Dec-eaut
3088 5476 3221 5530 ergo
3254 5476 3353 5514 nos
3397 5460 3473 5513 illi

1909 5559 2103 5611 divina:
2158 5557 2413 5626 imaginis
2460 5554 2830 5613 subtilissimi.
2873 5553 3248 5622 inquisitores,
3289 5560 3472 5605 utrum

1908 5651 2121 5704 tandem
2160 5650 2573 5705 διιίιειίηιιίιιιυιιι
2624 5658 2671 5700 νι
2726 5647 3025 5701 naturalem
3065 5646 3469 5700 similitudinem
