4206 6510
208 409 308 450 ὁδί

212 397 266 450 Ξ]
285 395 310 447 7
1263 388 1332 446 IN
1367 390 1650 446 JOAN'NIS
1689 390 1814 446 ΕνΑ

1918 393 2142 452 ξΕΙλΙυΜ
2182 396 2313 454 LIB.
2366 398 2431 454 ll.

3357 409 3461 464 378

211 509 355 571 ἰδίως
379 507 553 561 ἐστίν’
592 508 650 560 ὲν
682 507 737 560 δὲ
789 506 1027 577 γυμνοῖς’
1072 507 1166 560 καὶ
1202 508 1385 578 μόνοις
1412 510 1523 571 τοῖς
1556 507 1781 580 θεοπρε-
1809 564 1814 573 ι

1918 523 2062 568 nstar
2109 518 2472 584 quorumdam
2527 502 2774 575 Colorum
2825 521 3314 592 superinducitur,
3353 526 3464 584 imo

209 600 369 653 πέσιν
420 603 613 671 ὁρᾶται
664 603 1022 672 καυχήμασι,
1069 600 1163 654 καὶ
1199 600 1335 670 ὅπερ
1377 601 1494 652 ἐστὶ
1553 603 1673 664 ταῖς
1724 603 1782 655 ὲν

209 691 395 756 πίναξι
433 695 670 761 γραφαῖς
713 694 746 764 ἡ
778 693 889 747 τῶν
943 693 1248 764 χρωμάτων
1295 693 1519 765 ἐπιϐολὴ
1544 735 1558 759 ,
1593 694 1785 764 μόναις

209 783 405 846 αὑταῖς
439 783 548 835 τῶν
587 784 880 855 ὁρωμένων
917 784 1212 848 ποικιλίαις
1240 784 1651 855 ὲξωραῖζουσα,
1689 803 1785 854 φο-

211 871 384 940 ροῦσα
415 871 470 924 δὲ
510 872 708 943 ἀληθὲς
745 874 930 926 οὐδέν·
974 873 1133 927 τοῦτο
1177 875 1274 928 καὶ
1307 875 1364 926 ὲν
1394 873 1509 944 Υίῷ
1546 874 1656 928 τῶν
1686 872 1781 926 τοῦ

210 962 348 1015 Θεοῦ
396 964 491 1017 καὶ
543 965 757 1034 Πατρὸς
808 965 1132 1036 ἀξιωμάτων
1184 967 1244 1018 τὸ
1287 966 1517 1028 κάλλος·
1577 968 1634 1018 ὲν
1686 966 1785 1034 μὲν

209 1048 387 1116 ψιλοῖς
438 1053 529 1104 καὶ
562 1053 744 1122 μόνοις
780 1053 1002 1123 ὀνόμασι
1032 1054 1459 1126 περιανθίζεται,
1496 1054 1694 1119 ἔξωθεν
1729 1056 1784 1108 δὲ

212 1139 404 1212 ὥσπερ
439 1144 746 1213 χρωμάτων
783 1146 945 1198 τινῶν
980 1147 1332 1216 ὲπαλείφεται
1381 1147 1536 1218 δίκην
1558 1164 1571 1176 ·
1626 1163 1783 1202 σκια-

210 1237 506 1302 γραφεῑται
546 1235 602 1288 δῖε
636 1236 836 1305 μᾶλλον
881 1239 912 1308 ἡ
957 1238 1076 1293 Θεία
1100 1239 1260 1308 φύσις
1295 1241 1351 1292 ὲν
1379 1241 1550 1311 αὐτῷ.
1581 1242 1677 1294 καὶ
1711 1241 1786 1304 ὼς

213 1324 272 1373 ἐν
319 1323 459 1393 ψιλῷ
505 1325 755 1392 φαίνεται
815 1325 988 1396 τύπῳ.
1036 1323 1169 1382 Εἶτα
1215 1328 1334 1393 πῶς
1383 1330 1482 1382 οὐκ
1526 1331 1786 1399 ἄντικρυς

209 1415 453 1479 άπάσαις
475 1418 776 1486 φανήσεσθε
797 1421 916 1480 ταῖς
937 1419 1117 1486 ἁγίαις
1140 1418 1502 1491 πολεμοῦντες
1521 1421 1783 1491 Γραφαῖς,

213 1505 306 1559 ἵνα
349 1507 411 1576 δὴ
460 1508 554 1561 καὶ
601 1509 824 1573 δικαίως
873 1510 1143 1582 ἀκούσητε
1174 1527 1187 1542 ’
1225 1530 1243 1562 t
1286 1511 1783 1582 Σκληροτράχηλοι,

211 1598 312 1650 καὶ
339 1601 703 1671 ἀπερίτμητοι
735 1601 980 1669 καρδίαις
1028 1602 1122 1655 καὶ
1157 1603 1268 1664 τοῖς
1315 1601 1469 1665 ὠσὶν,
1508 1602 1668 1671 ὑμεῖς
1699 1601 1786 1654 ἀεὶ

210 1687 295 1758 τῷ
326 1689 602 1759 Πνεύματι
633 1691 710 1761 τῷ
735 1691 876 1761 ἁγίῳ
919 1691 1274 1744 ἀντιπίπτετε
1300 1731 1316 1755 ,
1352 1691 1428 1753 ὡς
1460 1693 1507 1744 οἱ
1550 1692 1787 1762 πατέρες

212 1781 392 1851 ὑμῶν,
421 1782 512 1834 καὶ
548 1781 728 1851 ὑμεῖς,
763 1802 781 1834 ι
826 1783 965 1835 Πότε
995 1782 1102 1853 γὰρ
1139 1784 1200 1837 οὐ
1230 1782 1360 1835 Θεὸν
1388 1782 1640 1854 ἀληθινὸν
1666 1783 1785 1836 ὀνοο

1890 620 2023 658 vero
2055 614 2249 661 natura
2294 607 2480 663 divina
2522 609 2581 665 in
2613 610 2734 680 ipso
2780 612 3162 678 adumbratur,
3207 629 3270 670 ac
3298 617 3464 671 veluti

1892 693 2064 763 figura
2109 705 2271 751 tenus
2302 706 2512 753 tantum
2568 708 2872 770 spectatur.
2917 702 2986 755 At
3027 705 3303 773 quomodo
3353 721 3464 760 non

1891 799 2015 839 cum
2057 788 2314 843 omnibus
2360 787 2661 859 Scripturis
2708 791 3003 847 manifeste
3037 809 3283 865 pugnare
3312 811 3466 851 eom-

1893 874 2198 943 periemini,
2230 878 2302 931 ita
2340 884 2398 930 ut
2428 877 2552 946 jure
2588 879 2865 934 audiatis:
2908 898 2926 931 ι
2968 878 3112 933 Dura
3149 883 3384 949 cervice,
3409 893 3465 938 et

1893 964 2262 1020 incircumcisi
2321 967 2580 1022 cordibus
2647 976 2700 1022 et
2751 969 3017 1032 auribus,
3089 985 3185 1024 vos
3249 987 3465 1040 semper

1892 1053 2122 1125 Spiritui
2167 1067 2357 1111 sancto
2400 1059 2690 1124 resistitis;
2741 1059 2883 1112 sicut
2921 1068 3112 1129 patres
3143 1061 3343 1125 vestri,
3389 1062 3464 1115 ita

1893 1156 1948 1202 et
1985 1163 2082 1202 vos
2111 1148 2173 1202 ⁸³.
2214 1167 2232 1198 ι
2272 1148 2501 1214 Quando
2534 1151 2814 1205 enimnon
2847 1149 3014 1204 Deum
3042 1166 3233 1205 verum
3283 1151 3463 1204 nomi-

1892 1246 2026 1294 nant
2077 1239 2236 1310 232
2280 1239 2516 1305 Filium,
2575 1249 2670 1295 aut
2735 1241 3084 1312 quandonam
3151 1243 3327 1306 ipsum
3394 1243 3465 1297 ab

1893 1333 2131 1386 essentia
2173 1329 2477 1387 Genitoris'
2505 1332 2856 1386 excludunt?
2907 1331 3042 1398 Quis
3095 1348 3250 1387 vero-
3283 1334 3466 1389 dicere

1895 1437 2064 1478 ausus
2085 1429 2167 1476 est
2193 1437 2318 1477 eum
2343 1438 2520 1494 neque
2542 1431 2737 1477 natura
2760 1425 3030 1493 Opilicem,
3056 1439 3233 1494 neque
3259 1439 3462 1494 regem,

1895 1530 2074 1586 neque
2105 1517 2569 1585 eunctipotentem
2599 1530 2742 1581 esse,
2773 1523 2867 1569 aut
2905 1517 3281 1572 adorabilem?
3319 1516 3466 1570 Divi-

1896 1623 2000 1662 nns
2027 1607 2229 1677 quippe
2261 1605 2470 1662 Psaltes
2499 1615 2762 1676 tanquam
2803 1607 2870 1660 ad
2903 1606 3081 1677 ipsum
3115 1605 3464 1677 Unigenitum

1895 1697 1972 1750 ait
2019 1697 2216 1752 alicubi
2253 1717 2266 1752 :
2304 1716 2320 1748 ι
2360 1696 2532 1753 Sedes
2581 1706 2696 1761 tua,
2733 1695 2896 1759 Deus,
2935 1696 2992 1750 in
3049 1695 3307 1750 naculum
3362 1707 3465 1748 sa:-

1895 1787 2006 1841 culi
2042 1786 2106 1841 εδ.
2159 1806 2178 1839 ›
2212 1785 2453 1842 Thomas
2478 1795 2659 1842 autem
2692 1787 2970 1850 similiter,
3003 1784 3466 1855 prudentissimus

216 1871 451 1940 μάζουσι
498 1872 588 1925 τὸν
629 1873 785 1937 Υίὸν,
813 1874 846 1943 ἦ
877 1874 1005 1927 πότε
1052 1875 1150 1944 τῆς
1182 1873 1275 1927 τοῦ
1317 1874 1570 1937 τεκόντος
1598 1875 1787 1938 οὐσίας

1918 1878 1985 1932 lle
2014 1877 2352 1948 discipulus,
2383 1885 2438 1933 et
2477 1877 2646 1933 Deum
2683 1879 2847 1932 simul
2873 1887 2926 1933 et
2957 1878 3245 1933 Dominum
3281 1879 3468 1948 appel-

212 1963 324 2027 ἔξω
359 1964 614 2033 φέρουσιν
642 1965 841 2032 αὑτόν;
894 1967 991 2030 Τίς
1019 1966 1076 2019 δὲ
1102 1968 1131 2020 ὁ
1167 1965 1445 2037 τολμήσας
1475 1967 1650 2018 εἰπεῖν
1671 2005 1685 2030 ,
1719 1965 1794 2030 ὡς

211 2052 343 2106 οὔτε
373 2054 529 2123 φύσει
575 2057 928 2128 δημιουργὸς,
959 2057 1082 2110 οὔτε
1119 2056 1394 2128 βασιλεὺς,
1434 2053 1558 2110 οὔτε
1593 2075 1794 2112 παντο-

216 2147 444 2217 κράτωρ
508 2149 542 2218 ἢ
580 2150 954 2221 προσκννητός
1003 2152 1190 2216 tactv;
1229 2150 1286 2204 ’0
1326 2149 1422 2220 μὲν
1453 2150 1563 2220 γὰρ
1597 2149 1794 2202 θεσπέ-

217 2253 336 2299 σιος
379 2239 632 2308 Μελῳδὸς
694 2241 770 2304 ὡς
824 2242 960 2312 πρὸς
1002 2242 1165 2298 αὐτόν
1195 2242 1297 2296 πού
1329 2260 1462 2311 φησι
1495 2241 1584 2294 τὸν
1619 2242 1796 2294 Μονο-

215 2329 353 2398 γενῆ
383 2347 396 2360 ·
433 2349 450 2381 ‹
521 2331 578 2383 '0
614 2332 800 2402 θρόνος
851 2350 944 2386 σου
977 2334 1162 2397 ὁΘεὸς
1211 2336 1290 2398 είς
1345 2333 1436 2387 τὸν
1483 2333 1659 2388 αἰῶνα
1704 2333 1797 2387 τοῦ

218 2422 439 2486 αἰῶνος.
484 2443 502 2474 ι
541 2424 742 2494 Θωμᾶς
786 2427 841 2480 δὲ
876 2428 1038 2482 πάλιν
1079 2429 1280 2498 ὁμοίως
1326 2430 1353 2481 ὁ
1387 2429 1798 2497 νουνεχέστατος

222 2514 516 2584 μαθητὴς,
572 2516 666 2569 καὶ
719 2516 851 2569 Θεὸν
903 2517 1075 2588 ὁμοῦ,
1129 2519 1224 2571 καὶ
1266 2519 1472 2590 Κύριον
1515 2519 1796 2572 ἀποκαλεῖ.

220 2605 632 2677 Παντοκράτωρ
677 2607 734 2659 δὲ
769 2609 862 2662 καὶ
891 2609 1244 2680 δημιουργὸς,
1293 2610 1382 2664 διὰ
1433 2611 1613 2679 πάσης
1645 2612 1800 2678 ἁγίου

220 2697 471 2749 καλεῖται
501 2699 702 2768 φωνῆς,
737 2701 832 2752 καὶ
862 2700 934 2762 ὡς
957 2701 1056 2753 ούκ
1077 2700 1312 2753 ἐπακτὸν
1341 2700 1478 2770 ἔχων
1506 2701 1626 2752 καθ’
1661 2701 1804 2770 ὑμᾶς

220 2789 290 2840 τὸ
324 2788 565 2858 ἀξίωμα,
615 2791 731 2843 ἀλλ’
776 2792 851 2853 ὡς
896 2792 1055 2844 τοῦτο
1111 2792 1252 2846 κατὰ
1309 2793 1468 2860 φύσιν
1520 2792 1802 2861 ὑπάρχων,

218 2882 363 2951 ὅπερ
401 2879 537 2933 εἶναι
563 2881 815 2949 λέγεται,
846 2883 932 2937 διά
963 2901 1026 2937 τε
1058 2885 1216 2937 τοῦτο
1247 2886 1631 2954 προσκυνεῖται
1656 2883 1807 2951 παρά

220 2989 286 3023 τε
344 2971 452 3024 τῶν
502 2973 674 3040 ἁγίων
731 2975 1016 3042 ἀγγέλων,
1073 2977 1165 3029 καὶ
1215 2975 1350 3046 πρὸς
1384 2975 1577 3044 ἡμῶν,
1631 2973 1807 3026 καίτοι

225 3060 421 3130 μηδενὶ
448 3066 770 3130 προσκυνεῖν
801 3065 972 3135 ἑτέρῳ
1003 3066 1103 3135 τῆς
1134 3065 1284 3129 θείας
1313 3065 1578 3133 λεγούσης
1606 3067 1806 3134 χρῆναι

224 3150 491 3219 Γραφῆς,
544 3153 680 3222 πλὴν
729 3155 876 3224 μόνῳ
924 3157 1114 3226 Κυρίῳ
1159 3156 1237 3226 τῷ
1289 3155 1426 3226 Θεῷ.
1471 3158 1532 3209 Εἰ
1573 3158 1669 3226 μὲν
1713 3152 1805 3208 οὖν

1895 1969 1994 2026 lat.
2033 1966 2394 2039 Omnipotens
2433 1983 2563 2024 vero
2593 1976 2648 2024 et
2690 1968 2920 2046 Creator
2951 1969 3020 2022 ab
3052 1969 3308 2022 omnibus
3337 1983 3468 2022 san-

1896 2060 2000 2115 ctis
2051 2073 2302 2126 vocatur,
2353 2061 2521 2132 idque
2567 2076 2680 2116 non
2729 2061 2885 2130 quasi
2939 2059 3259 2130 dignitatem
3319 2059 3468 2112 illam

1897 2152 2130 2218 habeat,
2178 2162 2237 2206 ut
2270 2167 2368 2208 vos
2415 2153 2604 2216 vultis,
2661 2153 2975 2217 ascititiam,
3021 2152 3117 2208 sed
3168 2151 3317 2222 quod
3367 2151 3470 2206 hoc

1899 2247 2201 2302 secundum
2264 2253 2518 2299 naturam
2577 2243 2809 2298 exsistat
2863 2242 3010 2311 quod
3069 2257 3194 2297 esse
3241 2242 3470 2308 dicitur,

1899 2348 2064 2409 atque
2099 2338 2309 2393 idcirco
2341 2335 2600 2390 adoratur
2632 2350 2758 2388 cum
2793 2349 2821 2387 a
2853 2332 3064 2388 sanctis
3100 2333 3331 2401 angelis,
3355 2339 3471 2386 tum

1900 2443 1932 2483 a
1966 2428 2144 2492 nobis,
2191 2425 2440 2496 quamvis
2491 2423 2775 2494 Scriptura
2816 2414 2998 2474 divina
3057 2421 3332 2474 neminem
3377 2417 3471 2474 ad.

1901 2518 2170 2572 orandum
2203 2532 2324 2571 esse
2358 2523 2565 2571 statuat
2582 2523 2944 2584 praeterquam
2973 2513 3149 2567 solum
3181 2510 3473 2564 Dominum

1902 2609 2094 2664 Deum.
2123 2608 2178 2662 Si
2213 2623 2344 2678 ergo
2376 2607 2671 2662 ascititiam
2705 2613 2757 2660 et
2789 2605 3013 2658 aliunde
3046 2603 3315 2656 invectam
3349 2613 3475 2655 esse

1904 2701 2133 2755 credunt
2179 2700 2232 2754 in
2267 2715 2332 2754 eo
2375 2698 2614 2752 divinam
2651 2696 2996 2766 dignitatem,
3045 2703 3118 2760 et,
3149 2701 3331 2746 tamen
3377 2690 3476 2744 ad-

1905 2790 2174 2846 orandum
2205 2805 2328 2845 esse
2351 2798 2563 2860 putant,
2595 2789 2774 2843 sciant
2803 2802 2862 2842 se
2893 2795 3199 2840 creaturam
3248 2783 3480 2836 adorare

1905 2899 2016 2953 pra:
2047 2883 2343 2948 Creatore,
2380 2896 2695 2950 novumque
2743 2894 2806 2933 ac
2859 2884 3133 2932 recentem
3165 2874 3336 2929 Deum
3375 2871 3477 2927 sibi

1909 2974 2211 3037 delineare,
2251 2973 2433 3042 potius
2467 2987 2632 3040 quam
2678 2969 2984 3023 naturalem
3028 2979 3346 3035 agnoscere.
3381 2962 3479 3015 Sin

1910 3075 2087 3118 autem
2123 3078 2152 3116 a
2185 3062 2365 3118 Patris
2412 3061 2722 3117 substantia
2756 3059 2957 3114 Filium
2989 3056 3380 3120 excludentes,
3427 3061 3481 3108 et

1914 3153 2110 3208 Filium
2143 3156 2320 3223 ipsum
2342 3161 2396 3207 et
2427 3152 2593 3206 Deum
2628 3165 2814 3206 verum
2844 3164 2966 3204 esse
2994 3148 3254 3209 fatentur,
3283 3159 3484 3214 regem-

223 3243 521 3311 ἐπίκτητον
550 3244 697 3314 αὐτῷ
756 3247 851 3298 καὶ
876 3248 1026 3300 δοτὸν
1065 3251 1390 3319 ἐνυπάρχειν
1418 3249 1477 3301 τὸ
1507 3249 1805 3319 θεοπρεπὲς

1918 3262 2041 3316 que,
2066 3261 2126 3299 ac
2156 3218 2461 3307 dominum,
2486 3252 2539 3297 et
2571 3243 2842 3311 opificem,
2865 3248 3059 3308 etquaa
3081 3237 3262 3292 Patris
3283 3235 3483 3290 eximia

223 3333 446 3403 ἀξίωμα
475 3337 904 3389 πεπιστεύκασιν
923 3379 937 3402 ,
970 3333 1087 3390 εἶτα
1113 3339 1188 3409 τῷ
1213 3339 1439 3409 τοιούτῳ
1485 3343 1809 3409 προσκυνεῖν

224 3427 433 3479 οἴονται
465 3428 607 3493 δεῖν,
658 3429 892 3482 ἴστωσαν
935 3431 1088 3498 παρὰ
1130 3431 1222 3484 τὸν
1277 3433 1500 3500 κτίστην
1541 3435 1604 3500 τῇ
1639 3432 1811 3485 κτίσει

227 3517 610 3588 λατρεύοντες,
654 3521 965 3589 πρόσφατόν
1005 3537 1062 3572 τε
1101 3520 1194 3573 καὶ
1222 3522 1338 3572 νέον
1362 3522 1572 3581 ἑαυτοῖς
1596 3521 1812 3590 ζωγρα·

229 3607 463 3674 φοῦντ;ς
495 3608 642 3672 Θεὸν,
668 3612 809 3680 ἤπερ
845 3610 1015 3672 ὅντως
1051 3611 1139 3663 τὸν
1174 3611 1316 3664 κατὰ
1337 3611 1496 3679 φύσιν
1517 3611 1811 3679 γινώσκον-

229 3713 346 3759 τες.
385 3699 446 3749 Εἰ
478 3698 533 3749 δὲ
559 3699 657 3767 τῆς
679 3698 770 3751 τοῦ
799 3698 933 3750 Θεοῦ
964 3701 1056 3750 καί
1094 3699 1306 3768 Πατρὸς
1337 3699 1524 3761 οὐσίας
1556 3698 1659 3764 ἔξω
1700 3699 1813 3750 κεῖ-

233 3789 366 3843 σθαι
413 3790 659 3857 λέγοντες
694 3792 786 3842 τὸν
814 3792 975 3854 Υἱδν,
1021 3791 1114 3843 καὶ
1144 3791 1269 3843 Ti?”
1301 3791 1460 3844 αὐτὸν
1545 3791 1638 3842 καὶ
1687 3790 1816 3841 Θεὸν

231 3878 592 3946 ὁμολογοῦσιν
637 3879 903 3949 ὑπάρχειν
955 3879 1247 3947 ἀληθινὸν,
1289 3879 1382 3931 καὶ
1428 3877 1677 3947 βασιλέα,
1726 3879 1818 3930 καὶ

234 3970 432 4041 κύριον
455 4010 468 4031 ,
503 3971 596 4022 καὶ
625 3971 951 4042 δημιουργὸν
971 4011 985 4035 ,
1020 3973 1114 4024 καὶ
1138 3971 1410 4034 ούσιωδῶς
1454 3973 1510 4022 ὲν
1538 3970 1714 4038 ἐαυτῷ
1751 3971 1818 4023 τά

233 4065 337 4118 τοῦ
382 4065 597 4134 Πατρος
635 4065 779 4134 ἔχειν
811 4067 916 4118 ἴδια
997 4067 1091 4118 καὶ
1133 4063 1423 4134 ὲξαίρετα’
1473 4066 1819 4134 βλεπέτωσαν

233 4156 363 4208 ὅποι
398 4155 526 4206 ποτὲ
567 4155 727 4207 πάλιν
762 4156 944 4218 αὐτοῖς
978 4155 1037 4208 τὺ
1063 4155 1169 4206 τῶν
1196 4155 1319 4224 τῇδε
1356 4155 1654 4208 δοκούντων
1685 4158 1822 4206 ἁπο-

235 4245 579 4298 κινδυνεύσει
612 4246 782 4308 τέλος.
810 4247 975 4299 Οὐδὲν
1010 4246 1294 4317 γὰρ.ὃλως
1329 4247 1385 4298 ἐν
1421 4249 1483 4316 τῇ
1517 4247 1634 4315 θείᾳ
1664 4245 1821 4314 φύσει

232 4335 303 4386 τὸ
338 4334 647 4396 ἀξιόπιστον
679 4335 1071 4407 εὑρεθήσεται,
1120 4336 1424 4406 δυναμένης
1456 4337 1554 4406 ἤδη
1596 4337 1691 4388 καὶ
1728 4327 1824 4405 τῆς

235 4427 352 4478 τῶν
395 4427 634 4495 γενητῶν
667 4428 880 4494 φύσεως
911 4428 1175 4497 ὑπάρχειν
1206 4428 1363 4481 τοῦτο
1393 4432 1510 4482 κατ’
1546 4429 1824 4501 ἀλήθειαν,

240 4517 388 4583 ὅπερ
416 4514 479 4566 ἂν
514 4518 684 4566 νοοῖτο
715 4516 806 4567 καὶ
846 4516 1002 4587 αὐτή.
1051 4517 1452 4570 Ἀποδέδεικται
1497 4517 1642 4588 γὰρ,
1681 4519 1825 4571 κατά

241 4621 312 4672 γε
348 4605 440 4654 τὸν
480 4603 628 4672 παρὰ
669 4607 781 4666 τοῖς
823 4605 889 4656 δι’
936 4606 1185 4668 ἐναντίας
1223 4606 1617 4675 άδρανέστατον
1647 4606 1823 4674 λόγον,

235 4697 343 4765 τῆς
378 4696 477 4764 μὲν
522 4694 670 4757 θείας
713 4696 924 4763 φύσεως
963 4699 1062 4767 οὑχ
1111 4698 1371 4766 ὑπάρχων
1411 4699 1438 4752 ὁ
1494 4698 1824 4768 Μονογενὴς,

234 4789 389 4858 ἔχων
431 4788 477 4839 δ’
513 4783 602 4839 οὖν
648 4789 796 4857 ὅμως
840 4789 1106 4857 ἀληθινῶς
1159 4791 1216 4842 ὲν
1273 4790 1450 4861 ἐαυτῷ
1492 4792 1559 4844 τὶι
1615 4793 1829 4860 ἐκείνης

234 4881 519 4949 ἐξαίρετα.
547 4877 679 4932 Εἶτα
715 4881 795 4943 τίς
827 4883 926 4933 ούκ
951 4883 1264 4952 ἁποφρίξει,
1299 4885 1392 4936 καὶ
1420 4884 1579 4953 μόνον
1614 4883 1828 4936 ἀκούων

234 4972 344 5042 τὴν
373 4970 481 5023 τῶν
525 4971 809 5041 δογμάτων
857 4973 1210 5041 δυσσέϐειαν;
1249 4976 1436 5029 Πάντα
1473 4976 1582 5046 γὰρ
1612 4976 1723 5029 ἅνω
1768 4994 1826 5029 τε

236 5061 340 5114 καὶ
370 5059 522 5113 κάτω
549 5064 841 5132 στρέφεται
871 5063 1181 5135 λοιπὸν,τῆς
1216 5067 1313 5136 μὲν
1341 5066 1410 5120 τὰ
1436 5069 1612 5121 πάντα
1655 5068 1826 5137 ὑπερ-

238 5153 514 5222 κειμένης
539 5153 752 5219 φύσεως
777 5154 1209 5226 καταϐαινούσης
1244 5157 1334 5210 ἐπὶ
1356 5157 1416 5211 τὸ
1445 5159 1829 5213 συντάττεσθαι

236 5247 362 5306 τοῖς
393 5249 675 5313 γενητοῖς,
714 5246 884 5316 αὐτῆς
911 5247 967 5300 δὲ
994 5252 1094 5318 τῆς
1137 5250 1368 5312 κτίσεως
1425 5251 1505 5312 εἰς
1548 5252 1608 5302 τὸ
1659 5251 1830 5321 ὑπερ-ο

239 5338 440 5390 ἑκεινα
484 5339 576 5390 καὶ
605 5340 702 5408 οὐχ
720 5340 1024 5410 ὡρισμένον
1053 5343 1187 5412 αὐτῇ
1211 5343 1532 5414 παραλόγως
1545 5343 1829 5413 ἀναπηδώ-

243 5446 354 5497 σης
389 5430 606 5500 μέτρον.
640 5431 848 5484 Ούκοῦν
873 5472 886 5496 ,
930 5431 1004 5496 ὡς
1033 5433 1255 5497 ὁλκάδος
1286 5435 1342 5486 ὲν
1377 5435 1602 5503 πελάγει
1641 5434 1830 5504 βαπτι-

241 5521 532 5591 ζομένης,
601 5523 698 5592 τῆς
761 5524 870 5576 τῶν
933 5525 1189 5578 τοιούτων
1258 5527 1543 5597 δογμάτων
1606 5527 1833 5589 ἀτοπίας

238 5613 687 5681 ἀπονηχὸμενοι.
741 5616 1059 5686 σπεύδωμεν
1094 5618 1166 5678 ὡς
1209 5619 1293 5670 ἐπ’
1329 5619 1544 5687 ἀσφαλῆ
1581 5619 1671 5670 καὶ
1703 5618 1830 5672 ἀκύ-

324 5795 371 5820 “
417 5794 540 5847 Διί.
576 5811 683 5856 ru,
726 5796 811 5859 fil,
893 5799 934 5826 ω
979 5795 1120 5851 Psal.
1164 5813 1305 5862 XLIV,
1340 5798 1387 5852 7.

1917 3345 2047 3393 sunt
2081 3351 2144 3390 ac
2178 3335 2398 3404 prepria
2443 3333 2880 3387 substantialiter
2929 3330 3130 3383 habere
3165 3328 3218 3380 in
3276 3326 3482 3395 seipso,

1913 3431 2134 3483 videant
2163 3441 2398 3496 quonam
2433 3425 2652 3479 demum
2691 3438 2880 3477 eorum
2927 3419 3136 3474 recidat
3175 3417 3362 3487 opinio
3391 3417 3485 3485 qui

1883 3518 1993 3574 ‘sic
2043 3517 2305 3571 sentiunt.
2351 3513 2496 3566 Nihil
2548 3513 2693 3566 enim
2753 3510 2910 3564 certi~
2951 3509 3002 3562 in
3065 3516 3260 3560 natura
3305 3504 3486 3557 divina

1913 3609 2238 3677 reperietur,
2268 3620 2392 3658 cum
2436 3619 2618 3658 rerum
2665 3610 2973 3656 crealarum
3020 3607 3212 3652 natura
3242 3595 3294 3650 id
3323 3595 3487 3650 etiam

1914 3713 2100 3753 revera
2134 3712 2254 3750 esse
2283 3705 2469 3763 queat,
2505 3692 2651 3762 quod
2683 3692 2821 3760 ipsa.
2867 3689 3312 3742 Demonstratum
3341 3683 3486 3737 enim

1916 3796 2000 3842 est
2025 3785 2468 3839 adversariorum
2499 3779 2792 3834 admodum
2827 3777 3042 3831 infirma
3074 3775 3321 3828 oratione
3355 3770 3488 3824 divi-

1919 3893 2001 3931 nae
2024 3885 2232 3930 natura:
2264 3891 2374 3928 non
2406 3889 2528 3928 esse
2552 3870 3062 3938 Unigenitum,vere
3089 3878 3267 3919 tamen
3293 3862 3493 3916 habere

1919 3968 1974 4021 in
2005 3969 2188 4035 scipso
2210 3978 2554 4034 quaecunque
2586 3961 2707 4029 ejus
2726 3967 2857 4014 sunt
2877 3957 3098 4011 eximia.
3130 3955 3201 4007 At
3230 3953 3351 4020 quis
3383 3964 3492 4002 non

1918 4059 2305 4120 cohorrescet,
2361 4055 2407 4109 si
2457 4055 2542 4108 vel
2586 4053 2758 4107 solam
2802 4049 3118 4118 dogmatum
3162 4044 3493 4112 impietatem

1918 4151 2145 4206 audiat?
2180 4148 2376 4203 Omnia
2410 4146 2554 4200 enim
2606 4157 2826 4198 sursum
2874 4154 2936 4192 ac
2983 4138 3240 4191 deorsum
3272 4140 3498 4186 vertun-

1922 4253 2030 4307 tur,
2071 4257 2191 4294 cum
2228 4249 2419 4292 natura
2453 4238 2543 4288 illa
2571 4236 2818 4288 omnium
2851 4241 3104 4298 suprema
3144 4239 3210 4278 eo
3237 4223 3496 4291 depressa

1924 4335 2020 4397 sit,
2053 4340 2112 4385 ut
2140 4332 2284 4384 inter
2311 4333 2599 4381 creaturas
2634 4328 2976 4383 numeretur,
3007 4323 3060 4370 et
3093 4314 3208 4382 ipsa
3243 4318 3498 4365 creatura

1925 4425 1988 4478 ad
2027 4412 2346 4492 supremum
2379 4432 2480 4472 nec
2517 4415 2622 4470 sibi
2647 4412 3009 4468 constitutum
3044 4405 3264 4461 modum
3297 4409 3502 4455 temere

1893 4491 2211 4575 ;evehatur.
2274 4509 2577 4575 Quocirca,
2617 4505 2772 4559 velut
2801 4505 2854 4555 in
2904 4496 3178 4569 profundo
3232 4493 3357 4548 navi
3403 4491 3501 4546 de-

1929 4621 2144 4668 mersa,
2211 4619 2278 4658 cx
2343 4597 2723 4670 hujuscemodi
2784 4593 3100 4663 (logmatum
3162 4584 3504 4640 absurditate

1925 4703 2288 4767 emergentes,
2319 4693 2384 4746 ad
2422 4700 2597 4745 lutum
2632 4696 2685 4743 et
2721 4687 2962 4756 quietum
3007 4677 3255 4734 veritatis
3283 4683 3502 4767 pprtttm
3547 4714 3554 4720 .

1925 4765 2359 4850 contendamus,
2395 4784 2606 4851 Deique
2651 4795 2713 4833 ac
2756 4775 2937 4829 Patris
2978 4769 3266 4840 imaginem
3306 4765 3506 4819 Filium

1925 4898 2049 4937 esse
2088 4881 2382 4944 fateamur,
2421 4891 2531 4930 non
2561 4871 2847 4941 fragilibus
2893 4860 3222 4934 quihusdam
3269 4857 3508 4926 dignita-

1931 4974 2082 5028 tibus
2109 4972 2432 5034 obductum,
2464 4980 2644 5036 neque
2675 4962 2809 5019 solis
2834 4953 3210 5030 prmrogativis
3241 4952 3347 5004 Deo
3376 4962 3509 5001 eou-

1935 5066 2280 5123 venientibus
2335 5062 2735 5131 conspicuum,
2791 5054 2886 5112 sed
2954 5043 3392 5105 substantialiter
3455 5043 3511 5093 et

1935 5160 2080 5216 omni
2111 5175 2175 5214 ex
2218 5163 2372 5228 parte
2419 5150 2823 5226 perfectissimo
2869 5139 3116 5198 Genitori
3169 5131 3509 5204 responden-

1937 5263 2076 5320 tem,
2131 5260 2186 5306 et
2224 5266 2322 5320 per
2357 5247 2543 5304 omnia
2599 5243 2958 5299 cxsistentem
3008 5228 3510 5320 secundutnAnatu-

1939 5360 2053 5398 ram
2093 5358 2248 5398 suam
2289 5343 2343 5397 id
2383 5339 2530 5410 quod
2567 5335 2732 5391 Pater
2769 5347 2893 5388 esse
2930 5330 3208 5384 censetur,
3241 5315 3401 5386 233
3427 5313 3514 5368 ni-

1940 5435 2136 5488 mirum
2168 5433 2336 5488 Deum
2364 5445 2554 5488 verum
2608 5442 2734 5482 vere
2777 5422 2845 5478 de
2876 5420 3005 5484 Deo.
3056 5410 3512 5480 οῐηηίΡοῑθηῐθιη.

1942 5533 2272 5590 creatorem,
2298 5525 2526 5587 bonum,
2552 5518 2914 5580 adorandum,
2965 5520 3021 5567 et
3044 5508 3090 5564 si
3114 5501 3244 5578 quid
3279 5495 3515 5566 amplius

1944 5618 2067 5674 addi
2096 5625 2273 5691 potest
2297 5617 2440 5689 quod
2474 5614 2582 5671 Deo
2610 5608 2924 5668 conveniat.
2961 5602 3116 5658 Tunc
3153 5591 3299 5651 enim
3339 5594 3526 5644 osten-
