4206 6510
745 422 851 477 379
1734 420 1789 475 S.
1822 418 2096 473 CYllll.Ll
2136 414 2606 473 ALEXANDRINI
2642 415 2963 474 ARCHIEP.
3897 425 4020 477 ἔδυ

748 533 943 586 dentes
998 547 1121 594 eum
1184 533 1239 587 in
1297 531 1551 587 omnibus
1614 531 1844 587 similem
1907 548 2031 587 esse
2096 532 2205 587 Deo
2259 547 2323 586 ac

2434 550 2565 602 μονα
2593 533 2787 603 λιμένα
2818 534 2915 604 τὴν
2952 532 3231 604 ἀλήθειαν,
3265 534 3361 588 καὶ
3402 534 3588 611 εἰκόνα
3619 534 3707 586 τοῦ
3742 530 3876 587 Θεοῦ
3908 530 4022 589 καὶ

750 622 921 689 Patri,
946 623 1107 677 etiam
1137 637 1262 677 vere
1292 622 1400 677 dici
1443 624 1511 678 ab
1534 639 1599 677 eo
1622 623 2144 686 demonstrabimus,
2175 623 2321 691 quod

2434 623 2640 693 Πατρδς
2667 624 3021 694 ὁμολογῶμεν
3056 625 3149 679 τὸν
3184 626 3335 692 Υἰὺν,
3370 628 3469 679 οὐκ
3494 628 3778 697 ὲπικήροις
3812 627 4022 694 ὥσπερ

755 731 772 761 ι
804 711 906 777 Qui
943 727 1049 765 non
1099 711 1423 766 honorifieat
1477 712 1695 777 Filium,
1733 729 1909 782 neque
1949 712 2167 766 Patrem
2223 713 2325 767 ho~

2434 715 2533 767 τισί
2568 716 3083 786 περιπεπλασμένον
3130 716 3469 787 ἀξιώμασιν,
3512 719 3632 770 οὐδὲ
3666 718 3845 786 μόνοις
3891 720 4021 777 τοῖς

752 803 1041 867 noriﬁcat,
1078 803 1170 872 qui
1202 804 1353 858 misit
1408 806 1580 858 illum.
1628 823 1645 855 ι
1684 804 1755 859 De
1787 805 1888 859 hoc
1926 804 2068 858 enim
2096 806 2328 875 quaestio

2434 795 2753 875 θεοπρέπέσι
2790 806 3257 877 κατηγλαῖσμένον
3285 807 3611 876 ἀξιώμασιν,
3656 806 3771 859 ἀλλ’
3810 806 4024 857 οῦσιω-

750 894 909 948 nobis
940 904 1044 959 est,
1071 910 1126 950 et
1166 910 1230 951 eo
1254 904 1466 967 spectat
1516 914 1636 967 quae
1680 913 1805 951 mox
1835 897 1974 951 facta
2013 905 2100 953 est
2133 898 2323 968 dispu~

2434 895 2528 959 δὼς
2549 896 2680 967 πρὸς
2704 898 2801 966 τὴν
2824 896 2917 949 τοῦ
2944 897 3193 960 τεκόντος
3215 897 3500 967 ἀκρίϐειαν
3520 888 4021 966 ἀπηκριϐωμένον,

752 986 905 1040 latio.
995 1001 1003 1006 '
1514 990 1517 993 ’
2429 989 2520 1040 καὶ
2547 988 2982 1059 ἀπαραλλάκτως
3011 990 3325 1060 ὑπάρχοντα
3379 989 3519 1041 κατά
3551 989 3729 1055 τύσιν,
3766 989 3906 1055 ὅπερ
3950 988 4027 1038 ἂν

751 1083 919 1131 νοοῖτο
946 1068 1094 1133 xui}
1116 1080 1383 1150 γεννήσας
1413 1080 1598 1147 αῦτὺνς
1626 1082 1868 1134 τουτέστι
1892 1081 2020 1133 Θεὸν
2045 1080 2318 1149 ἀληθινὸν,
2355 1082 2418 1131 ὲκ
2478 1080 2614 1132 Θεοῦ
2684 1080 3133 1152 κατὰ-ἀλήθειαν,
3169 1081 3603 1151 παντοκράτορα,
3652 1080 4024 1149 δημιουργδνι

750 1165 1165 1240 δεδοξασμένον,
1194 1170 1430 1237 ἀγαθὸν,
1474 1173 1846 1240 προσκυνητὸν
1872 1210 1886 1234 ,
1933 1172 2025 1223 καὶ
2056 1170 2185 1223 εἴτι
2246 1173 2358 1231 τοῖς
2396 1170 2705 1240 εἰρημένοις
2768 1170 2841 1233 ὡς
2886 1170 3006 1240 Θεῷ
3058 1173 3262 1241 πρέπον
3304 1170 3691 1239 παρέζευκται.
3735 1170 3866 1221 Τότε
3897 1167 4025 1238 γὰρ

750 1261 812 1330 δὴ
853 1263 993 1315 κατά
1052 1262 1228 1316 πάντα
1286 1265 1645 1332 προσεοικότα
1706 1266 2040 1327 δεικνύοντες
2081 1264 2158 1333 τῷ
2201 1263 2318 1332 Θεῷ
2358 1263 2451 1315 καὶ
2483 1265 2679 1335 Πατρὶ,
2726 1263 2818 1317 καὶ
2850 1264 3181 1335 ἀληθεύοντα
3227 1264 3672 1335 παραστήσομεν,
3739 1262 3811 1323 ὡς
3887 1278 3906 1310 ι
3958 1261 4025 1311 Εἰ

756 1358 829 1427 μή
896 1375 979 1421 τις
1046 1359 1285 1427 βούλοιτο
1333 1362 1497 1429 τιμᾷν
1529 1360 1619 1412 τὸν
1668 1360 1828 1424 Υἰὸν,
1869 1362 1989 1413 οὐδὲ
2034 1359 2124 1411 τὸν
2174 1358 2394 1428 Πατέρα
2432 1360 2566 1430 τιμᾷ
2604 1359 2695 1411 τὸν
2742 1358 3136 1413 ἀποστείλαντα
3189 1358 3369 1411 αὐτόν,
3424 1375 3440 1407 ι
3491 1356 3626 1425 Περί
3664 1354 3854 1407 τούτου
3901 1353 4028 1422 γάρ

756 1452 885 1519 ἡμῖν
933 1452 964 1521 ἡ
1008 1453 1270 1523 ζήτησις,
1313 1456 1407 1505 καὶ
1448 1456 1479 1521 ἡ
1535 1453 1642 1504 τῶν
1702 1453 1902 1522 ἀρτίως
1946 1453 2650 1523 ὲξητασμένων-κεκίνηται
2686 1453 2934 1522 βάσανος.

825 1544 888 1608 ν,
930 1545 1020 1599 24.
1066 1548 1251 1609 Amen,
1287 1564 1437 1599 amen
1483 1546 1599 1601 dico
1632 1547 1958 1617 vobis,quia
1987 1549 2079 1616 qui
2114 1547 2323 1601 verbum

758 1652 927 1688 meum
970 1638 1137 1700 audit,
1175 1649 1220 1690 et
1253 1639 1418 1690 credit
1456 1640 1502 1691 ei
1540 1640 1629 1705 qui
1662 1641 1805 1692 misit
1840 1656 1939 1704 me,
1973 1639 2123 1690 habet
2164 1640 2325 1690 vitam

2513 1546 2708 1615 Ἀμὴν,
2747 1547 2909 1615 ἀμὴν
2934 1545 3087 1614 λέγω
3126 1544 3280 1612 ὑμῖν,
3324 1542 3411 1595 ὅτι
3459 1542 3490 1593 ό
3537 1540 3642 1592 τὸν
3670 1540 3855 1606 λόγον
3890 1554 4025 1603 μου

2430 1641 2682 1700 ἀκούων,
2713 1640 2809 1691 καὶ
2840 1638 3138 1690 πιστεύων
3166 1634 3243 1699 τῷ
3273 1633 3576 1702 πέμψαντί
3593 1630 3817 1699 με,ἔχει
3855 1630 3931 1687 (to
3944 1627 4028 1691 Pp-

754 1738 1025 1791 cateruam,
1059 1738 1106 1781 et
1160 1731 1214 1783 in
1267 1732 1536 1799 judicium
1566 1748 1667 1783 non
1710 1732 1867 1796 venit,
1899 1730 1990 1783 sed
2033 1729 2247 1782 transiit
2293 1746 2325 1781 a

2434 1730 2686 1795 αἰώνιον,
2723 1731 2818 1783 καί
2854 1732 2941 1794 εἰς
2972 1728 3173 1795 κρίσιν
3207 1728 3317 1779 οὐκ
3351 1725 3601 1792 ἔρχεται,
3631 1723 3789 1775 ἀλλὰ
3832 1736 4028 1787 μετα-

755 1828 920 1871 morte
950 1818 1018 1871 ad
1053 1822 1237 1873 vitam.

826 1908 1124 1979 Postquam
1173 1911 1225 1963 in
1271 1912 1657 1979 Superioribus
1697 1912 1913 1967 abunde
1952 1912 2193 1966 ostendit
2228 1914 2329 1966 Ini-

756 2016 909 2058 scros
942 2000 1161 2056 Judaeos
1206 2019 1313 2057 non
1370 2005 1421 2056 in
1461 2006 1635 2057 solum
1672 2002 1870 2056 Filium
1922 2020 2168 2074 peccare,
2202 2018 2327 2056 cum

755 2092 959 2146 audent
990 2095 1390 2161 reprehendere
1432 2110 1552 2163 qua:
1580 2094 1831 2149 docendo
1863 2097 2204 2164 loqueretur,
2236 2104 2329 2148 aut

756 2184 899 2252 apud
931 2185 1077 2252 ipsos
1104 2196 1444 2253 operaretur,
1478 2186 1576 2241 sed
1608 2186 1662 2240 in
1694 2189 1870 2257 ipsum
1910 2187 2073 2241 etiam
2113 2186 2327 2240 Patrem

756 2275 923 2329 stulte
960 2290 1210 2344 peccare,
1246 2289 1319 2340 et,
1366 2278 1409 2331 si
1467 2278 1531 2333 ad
1580 2279 1689 2331 vim
1738 2279 2008 2333 dictorum
2041 2280 2325 2348 respicias,

754 2381 947 2420 eorum
982 2366 1270 2422 audaciam
1304 2370 1569 2436 coercuit,
1603 2385 1666 2423 ac
1698 2372 1981 2440 proposita
2016 2372 2327 2425 iuturorum

758 2470 854 2523 spe
894 2457 1091 2511 melius
1121 2459 1301 2513 vivere
1332 2461 1631 2529 persuasit,
1661 2462 1727 2515 ad
1755 2462 2080 2531 obsequium
2110 2463 2327 2517 tandem

756 2561 853 2600 eos
885 2547 1071 2617 adigit.
1098 2547 1412 2602 Artiﬁciosa
1440 2566 1566 2604 vero
1591 2551 1676 2604 hic
1701 2554 1954 2607 oratione
1991 2568 2185 2609 rursus
2218 2554 2327 2607 uti-

758 2648 865 2690 tur.
894 2637 1030 2691 Nain
1068 2655 1189 2693 cum
1223 2638 1442 2695 Judaeos
1482 2640 1662 2695 adhue
1700 2643 1951 2699 laborare
1982 2655 2191 2710 nosset,
2229 2646 2330 2699 hoc

758 2729 948 2783 estde
996 2746 1054 2784 se
1108 2732 1498 2795 scandalizari,
1538 2732 1696 2788 ﬁdem
1753 2750 1946 2789 rursus
2007 2737 2074 2788 ad
2126 2736 2218 2789 Dei
2267 2750 2330 2791 ac

761 2819 942 2875 Patris
976 2836 1268 2891 personam
1302 2826 1490 2889 refert,
1520 2841 1629 2879 non
1666 2828 1824 2895 quasi
1868 2829 2107 2896 seipsum
2142 2829 2329 2882 exclu-

758 2908 881 2971 dat,
936 2911 1030 2964 sed
1110 2911 1257 2978 quod
1317 2921 1544 2981 propter
1611 2915 1949 2967 identitatem
2012 2915 2331 2968 substantiae

759 2998 923 3052 etiam
975 3000 1026 3051 in
1060 2997 1220 3055 Patre
1271 3002 1690 3057 liouorilicetur.
1725 3003 2023 3057 Credentes
2052 3018 2180 3056 vero
2220 3018 2327 3057 non

2430 1822 2682 1887 ϐέϐηκεν
2704 1822 2771 1873 ἐιι
2805 1820 2912 1873 τοῦ
2946 1818 3205 1873 θανάτου
3232 1819 3319 1881 εἰς
3352 1814 3466 1881 τὴν
3496 1812 3663 1876 ζωήν.

2498 1910 2809 1975 ’Λποδείξας
2838 1912 2940 1980 ήδη
2972 1909 3059 1961 διά
3107 1908 3214 1961 τῶν
3248 1905 3626 1977 προλαϐόντων
3673 1900 4026 1971 ἀρκούντως,

2429 2004 2504 2066 ὡς
2546 2006 2644 2056 οὐκ
2690 2006 2769 2066 εἰς
2817 2003 2975 2072 μόνον
3017 2000 3389 2071 ἁμαρτάνουσι
3426 1998 3515 2049 τὸν
3543 1996 3667 2047 Υἰδν
3699 1995 3747 2045 οἱ
3781 1993 4029 2051 τάλανες

2442 2096 2697 2158 Ἰουδαῖοι,
2728 2094 3031 2164 τολμῶντες
3065 2093 3326 2163 ἐπιτιμᾷν
3374 2085 3568 2159 οἷσπερ
3596 2087 3661 2140 ἂν
3692 2086 3827 2156 λέγῃ
3865 2084 4031 2137 διδά-

2430 2189 2660 2258 σκων,ἢ
2712 2187 2805 2240 καὶ
2849 2187 3147 2256 ἐργάζηται
3198 2185 3328 2254 παρ’
3367 2182 3569 2243 αὐτοῖς,
3618 2178 3751 2232 ἀλλά
3790 2176 3886 2228 καὶ
3942 2178 4033 2236 εἰς

2429 2281 2589 2334 αὑτὸν
2633 2277 3021 2348 ἀμαθαίνοντες
3072 2272 3449 2344 πλημμελοῦσι
3489 2274 3577 2324 τὸν
3638 2268 3877 2336 Πατέρα,
3927 2265 4037 2317 καὶ

2428 2375 2550 2427 ὅσον
2579 2368 2711 2443 ἧκεν
2758 2373 2836 2433 εἰς
2884 2370 2982 2440 τὴν
3033 2368 3139 2420 τῶν
3172 2364 3472 2437 εἰρημένων
3528 2363 3828 2431 ἐνέργειαν,
3862 2373 4037 2423 περι-

2432 2465 2643 2527 στείλας
2668 2462 2744 2533 τῷ
2774 2462 2920 2532 φόϐῳ
2949 2462 3009 2513 τὸ
3036 2460 3253 2531 θράσος,
3304 2459 3397 2511 καὶ¹
3430 2457 3529 2526 ζῇν
3564 2452 3866 2512 ἀναπείσας
3894 2450 4038 2500 km-

2429 2556 2735 2627 εικέστερον
2786 2556 2851 2624 τῇ
2905 2552 3014 2605 τῶν
3062 2550 3334 2620 ἐσομένων
3379 2547 3584 2624 ἐλπίδιι
3618 2544 3799 2596 λοιπὸν
3838 2559 4034 2608 σαγη-

2430 2644 2572 2697 νεύει
2620 2643 2754 2714 πρὸς
2804 2642 3131 2695 εὐπείθειαν.
3178 2641 3292 2693 Οῦκ
3340 2638 3574 2705 ἀτέχνως
3615 2635 3670 2686 δὲ
3720 2633 3882 2684 πάλιν
3932 2631 4041 2681 τὸν

2430 2736 2521 2786 ἐπὶ
2565 2734 2772 2797 τούτοις
2810 2734 3101 2802 ἐποιήσατο
3138 2731 3315 2799 λόγον.
3360 2727 3575 2795 Ἐπειδὴ
3612 2725 3718 2794 γάρ
3756 2720 3901 2775 οἶδεν
3947 2724 4041 2774 ἔτι

2430 2826 2715 2887 νοσοῦντας
2743 2826 2867 2888 τοὺς
2895 2825 3203 2885 Ἰουδαίους,
3232 2815 3744 2886 σκανδαλιζομένους
3767 2814 4041 2866 τουτέστι

2432 2918 2559 2988 περὶ
2596 2917 2781 2981 αὑτοῦ,
2815 2917 2976 2970 πάλιν
3006 2914 3265 2983 ἀναφέρει
3311 2911 3408 2981 τὴν
3442 2909 3623 2961 πίστιν
3658 2910 3735 2968 εἰς
3763 2906 3823 2956 τὸ
3851 2906 4040 2975 πρόσ-

2431 3026 2577 3061 ωπον
2606 3008 2698 3061 τοῦ
2723 3008 2857 3060 Θεοῦ
2886 3008 2980 3060 καὶ
3008 3006 3239 3075 Πατρὸς,
3264 3004 3362 3071 οὐχ
3384 3003 3458 3065 ὡς
3485 3000 3672 3053 ἑαυτὸν
3698 2997 3802 3059 ἔξω
3825 2995 4042 3057 τιθεὶς,

763 3088 941 3141 solum
972 3097 1192 3143 (elerum
1229 3093 1351 3143 vitae
1389 3091 1504 3144 fore
1531 3092 1849 3161 participes,
1889 3094 1983 3147 sed
2032 3103 2085 3146 et
2137 3092 2328 3160 judicii

2436 3100 2545 3153 ἀλλ’
2576 3100 2649 3161 ὡς
2680 3098 2766 3151 διὰ
2806 3099 2901 3168 τὴν
2938 3097 3239 3165 ταυτότητα
3264 3095 3360 3163 τῆς
3391 3092 3574 3154 οὐσίας
3606 3089 3699 3142 καὶ
3746 3091 3801 3139 ἐν
3843 3088 4040 3155 Ila-:9!

762 3179 1037 3235 vitaturos
1069 3182 1397 3249 periculum,
1431 3183 1766 3250 justilieatos
1788 3184 2047 3236 nimirum
2074 3184 2328 3246 aﬂirmat,

762 3274 967 3321 metum
1010 3284 1105 3337 spe
1159 3271 1378 3323 mistuin
1416 3274 1687 3340 injiciens.
1725 3272 1818 3325 Sic
1863 3275 2006 3326 enim
2058 3271 2330 3327 eﬂicacior

759 3370 815 3413 et
850 3361 1165 3429 expressior
1217 3363 1271 3415 in
1339 3365 1650 3418 auditorum
1712 3365 1910 3417 animis
1975 3363 2156 3417 futura
2212 3372 2331 3419 erat

760 3452 961 3504 oratio.

2435 3188 2760 3259 τιμώμενος.
2806 3188 2943 3250 Τοὺς
2995 3186 3050 3237 δέ.
3094 3202 3157 3253 γε
3217 3182 3588 3242 πιστεύοντας,
3637 3178 3697 3229 οῦ
3758 3174 4042 3244 μετόχοις

2438 3280 2654 3332 ἔσεσθαι
2690 3279 2846 3349 μόνον
2883 3282 2981 3348 τῆς
3020 3277 3236 3329 αἰωνίου
3275 3274 3439 3343 ζωῆς,
3498 3271 3631 3325 ἀλλὰ
3678 3270 3771 3321 καὶ
3818 3268 3912 3319 τὸν
3973 3270 4040 3319 ἐν

2436 3370 2535 3437 τῆς
2591 3370 2820 3436 κρίσεως
2865 3365 3242 3433 διαφεύξεσθαι
3290 3364 3564 3422 κίνδυνον,
3607 3358 4039 3427 δικαιουμένους

2435 3458 2675 3527 δηλονότι
2724 3458 3129 3527 διισχυρίζεται,
3177 3454 3582 3525 κεκερασμένον
3635 3450 3807 3501 ἐλπίδι
3886 3464 4038 3515 τερ-σι

761 3541 949 3596 τείνων
994 3544 1083 3595 τὸν
1134 3544 1315 3613 φόϐον.
1364 3545 1520 3599 Οῦτω
1549 3546 1655 3617 γάρ
1706 3542 1773 3616 ἦν
1816 3546 2193 3617 ὲνεργέστερόν
2259 3563 2374 3609 πως
2412 3550 2506 3600 καὶ
2559 3548 2968 3617 δεικτικώτερον
3009 3549 3119 3609 τοῖς
3162 3545 3530 3616 ἀκροωμένοις
3603 3540 4036 3609 ἀπεργάταπῧαε

760 3634 849 3686 τὸν
870 3634 1045 3701 λόγον.

832 3724 900 3791 V,
924 3727 1015 3779 23.
1058 3726 1246 3789 Amen,
1276 3743 1427 3779 amen
1452 3726 1569 3781 dico
1601 3730 1766 3791 vobis,
1798 3731 1923 3799 quia
1948 3731 2079 3783 venit
2110 3730 2263 3791 liora,
2285 3738 2334 3781 et

764 3832 900 3868 nunc
936 3826 1033 3879 est,
1073 3816 1283 3885 quando
1317 3819 1512 3869 mortui
1560 3818 1774 3872 audient
1806 3836 1981 3873 vocem
2014 3818 2145 3873 Filii
2184 3820 2277 3873 Dei
2317 3836 2332 3872 :

759 3917 809 3961 et
838 3908 926 3976 qui
956 3908 1242 3971 audierint,
1276 3910 1463 3963 vivent.

830 3998 965 4051 Cum
1003 3998 1235 4052 dixisset
1282 3999 1571 4055 credentes
1604 4015 1632 4052 a
1668 4010 1845 4055 morte
1899 4004 2236 4055 transituros
2268 4000 2335 4054 ad

714 4160 733 4174 ’
761 4089 949 4153 vitam,
993 4089 1155 4142 modo
1208 4091 1451 4160 seipsum
1511 4092 1893 4161 promissionis
1924 4094 2072 4145 illius
2117 4092 2336 4147 eﬂ‘ecto-

760 4171 899 4243 rem,
924 4180 1205 4251 totiusque
1231 4182 1307 4235 rei
1332 4192 1829 4237 consummatorem
1855 4184 2147 4253 significat,
2171 4185 2334 4251 simul

760 4276 927 4329 etiam
959 4274 1167 4329 Iudaeis
1202 4276 1451 4330 indicans
1482 4276 1789 4331 mirabilem
1832 4294 2020 4331 revera
2060 4293 2178 4332 eam
2214 4295 2333 4348 quin

762 4367 1006 4435 spe'ctata
1055 4376 1140 4421 est
1195 4367 1250 4421 in
1300 4367 1601 4438 paralytico
1646 4370 1927 4433 virtutem,
1957 4362 2331 4423 verumtamen

762 4458 1103 4531 mirabiliora
1132 4458 1217 4511 his
1249 4472 1278 4510 a
1315 4457 1453 4511 Filio
1482 4467 1758 4528 patratum
1787 4460 1875 4521 iri,
1902 4461 1995 4529 qui
2036 4476 2147 4513 non
2187 4475 2331 4513 mor-

2505 3723 2895 3795 ’Λμὴν,ἁμὴν
2937 3721 3089 3791 λέγω
3140 3721 3302 3789 ὑμῖν,
3342 3720 3429 3771 ὅτι
3464 3718 3697 3785 ἔρχεται
3745 3716 3886 3783 ὥρα,
3929 3720 4031 3769 καὶ

2436 3819 2553 3871 νῦν
2580 3819 2770 3879 ἐστιν,
2798 3816 2895 3867 ὅτε
2931 3817 2985 3866 οἱ
3034 3813 3231 3879 νεκροὶ
3275 3811 3609 3864 ἀκούσουσι
3658 3808 3765 3875 τῆς
3812 3807 4029 3876 φωνῆς

2436 3910 2543 3962 τοῦ
2577 3906 2713 3960 Υἰοῦ
2754 3906 2859 3959 τοῦ
2887 3904 3053 3966 Θεοῦ,
3091 3903 3185 3955 καί
3221 3904 3272 3953 οἱ
3299 3901 3671 3965 ἀκούσαντες
3712 3897 4032 3962 ζήσογτίιί.

2507 4002 2601 4052 Ἐκ
2653 4000 2882 4051 θανάτου
2932 3995 3067 4065 πρὸς
3112 3991 3257 4066 ζωὴν
3306 3990 3705 4060 μεταϐήσεσθαι
3750 3991 3878 4051 τοὺς
3944 4010 4039 4043 Ἷ;.

2442 4093 2727 4154 στεῦοντας
2780 4087 2967 4151 εἰπὼν,
3012 4086 3201 4139 ἑαυτὸν
3255 4085 3494 4153 εἰσφέρει
3540 4083 3635 4150 τῆς
3688 4081 4036 4147 ἐπαγγελίας

2440 4185 2695 4255 ἐργάτην,
2716 4182 2807 4234 καὶ
2838 4181 2957 4232 ὅλου
2994 4178 3085 4230 τοῦ
3119 4176 3438 4246 πράγματος
3472 4172 3855 4241 ἀποτελεστὴν,
3884 4174 4036 4240 ἐμοῦ

2443 4280 2539 4347 μὲν
2588 4278 2761 4329 ἐκεῖνο
2797 4276 2907 4334 τοῖς
2958 4270 3229 4329 Ἰουδαίοις
3277 4266 3736 4333 ὑπαινιττόμενος,
3771 4264 3856 4315 ὅτι
3892 4264 4038 4314 θαυ-

2442 4368 2617 4439 μαστὴ
2652 4366 2747 4435 μὲν
2776 4364 2939 4424 ὅντως
2963 4364 3110 4413 ἐστὶν
3136 4361 3167 4429 ἡ
3196 4359 3286 4410 ἐπὶ
3314 4359 3389 4427 τῷ
3416 4355 3839 4424 παραλελυμένῳ
3858 4354 3962 4405 δέν
3980 4374 4037 4403 ι-

2442 4478 2553 4527 μις,
2590 4454 3021 4523 ἀξιολογωτέρων
3049 4452 3091 4503 δ’
3127 4447 3218 4504 οῦν
3251 4451 3397 4517 ὅμως
3446 4447 3893 4514 ἀναδειχθήσεται
3930 4446 4037 4513 δη·

762 4550 889 4603 bum
921 4550 1191 4603 duntaxat
1238 4558 1292 4603 et
1346 4551 1524 4605 morbi
1578 4551 1926 4604 inﬁrmitates
1964 4567 2028 4603 ex
2073 4551 2330 4605 humanis

2438 4549 2695 4621 μιουργὸς
2724 4551 2751 4600 ὁ
2771 4547 2917 4608 Υἱὸς,
2940 4546 3039 4595 οὑκ
3056 4542 3393 4612 ἀρρώστημα
3417 4538 3832 4607 μόνον,οὐδὲτὲις
3948 4540 4042 4590 νό-

760 4642 1089 4709 corporibus
1140 4640 1397 4710 depellat,
1426 4643 1519 4696 sed
1565 4653 1618 4697 et
1668 4644 1842 4712 ipsam
1879 4642 2041 4713 234
2075 4650 2327 4707 mortem,

759 4736 815 4784 ct
876 4730 1229 4784 incubantem
1308 4736 1716 4802 corruptionem
1792 4742 2018 4787 evertat.
2088 4733 2327 4801 Idipsum

759 4820 904 4873 enim
954 4830 1039 4875 cst
1081 4823 1225 4890 quod
1267 4824 1431 4891 paqu
1462 4832 1589 4878 ante
1635 4825 1842 4877 dictum
1872 4836 1954 4879 est
1980 4825 2024 4856 ⁸⁸
2063 4844 2074 4877 :
2112 4844 2151 4893 c_
2171 4823 2332 4877 Pater

757 4910 935 4979 diligit
982 4910 1204 4975 Filium,
1236 4922 1289 4966 ct
1340 4915 1525 4968 omnia
1570 4916 1906 4970 demonstrat
1956 4917 2004 4971 ei
2041 4933 2165 4986 qua:
2216 4917 2331 4986 ipse

758 4999 924 5068 facit;
952 5011 1005 5057 et
1039 5003 1248 5072 majora
1280 5004 1366 5057 liis
1401 4997 1809 5060 demonstrabit
1843 5006 1891 5061 ei
1926 5022 2111 5075 opera,
2142 5015 2201 5060 ut
2231 5023 2328 5061 vos

758 5092 1057 5146 miremini.
1098 5112 1116 5145 ι
1150 5094 1454 5150 Admiratio
1488 5098 1632 5149 enim
1686 5097 1772 5149 illa
1819 5098 1997 5166 major
2045 5098 2099 5150 in
2147 5113 2333 5152 resur-

758 5186 1005 5240 rectione
1057 5196 1397 5239 mortuorum
1442 5195 1745 5255 Spectatur.
1781 5187 1953 5241 Simul
1990 5190 2151 5241 etiam
2196 5188 2330 5242 illud

758 5287 1111 5341 astruens,cx
1138 5291 1248 5345 quo
1270 5278 1569 5331 verisimile
1601 5288 1717 5332 erat
1748 5296 1855 5333 non
1890 5280 2214 5333 mediocrem
2235 5296 2331 5333 au-

759 5368 1030 5422 ditoribus
1067 5369 1292 5421 allatum
1328 5369 1392 5421 iri
1423 5369 1865 5435 admirationem,
1887 5372 2143 5423 nimirum
2174 5372 2327 5425 exci-

757 5467 1001 5513 taturum
1034 5474 1091 5512 se
1120 5468 1393 5521 mortuos,
1427 5468 1481 5513 et
1510 5475 1605 5515 eos
1649 5462 1701 5515 in
1750 5462 2021 5531 judicium
2058 5463 2325 5516 adductu-

756 5562 904 5617 rum,
931 5547 1217 5601 maniicste
1249 5550 1527 5617 praedicat,
1562 5560 1619 5605 ut
1650 5567 1715 5605 ex
1762 5570 1826 5607 eo
1854 5554 1995 5621 quod
2028 5570 2085 5606 se
2140 5570 2325 5607 coram

754 5653 822 5693 et)
857 5640 1082 5695 stiluros
1112 5641 1435 5707 aliquando,
1463 5654 1511 5696 et
1546 5645 1811 5698 rationem
1842 5646 1907 5697 (ll'
1944 5647 2171 5713 singulis
2207 5646 2325 5699 red-

830 5819 871 5845 “
913 5820 1109 5887 Supra,
1141 5838 1277 5873 ηιμ.
1331 5824 1417 5872 ‘lll.

2440 4662 2532 4695 σου
2578 4639 2845 4711 μαλακίας
2878 4637 2984 4689 τῶν
3018 4634 3370 4703 ἀνθρωπίνων
3403 4632 3698 4699 ἐξελαύνων
3726 4631 4035 4697 σωμάτων,

2437 4734 2573 4788 ἀλλά
2604 4734 2695 4785 καὶ
2728 4730 2891 4784 αὑτὸν
2916 4730 3015 4798 ἥδη
3047 4727 3136 4779 τὸν
3160 4726 3386 4778 θάνατον
3413 4724 3503 4775 καὶ
3519 4723 3615 4791 τὴν
3633 4721 4037 4790 ὲπισκήᾲασαν

2436 4823 2754 4894 ἀνατρέπων
2780 4819 2983 4888 φθορὰν
3021 4818 3196 4885 (τοῦτο
3236 4817 3343 4885 γάρ
3366 4811 3430 4884 ἦν
3460 4815 3522 4865 τὸ
3558 4816 3649 4865 καὶ
3678 4813 3859 4879 μικρῷ
3886 4816 4036 4883 ττρὲ-

2436 4934 2489 4967 τε
2503 4933 2591 4983 ρον
2612 4912 2898 4982 εἰρημένον
2917 4928 2929 4940 ·
2959 4930 2975 4961 ι
2999 4910 3054 4963 Ὀ
3077 4909 3260 4977 Πατὴρ
3286 4908 3425 4974 φιλεῖ
3444 4908 3535 4958 τὸν
3559 4906 3703 4961 Υἰδιν,
3726 4906 3819 4955 καὶ
3841 4905 4034 4956 πάντα

2434 5006 2721 5066 δείκνυσιν,
2740 5003 2773 5056 ἃ
2796 5002 2955 5065 αὐτὸς
2976 5004 3136 5061 ποιεῖ,
3161 5000 3252 5051 καὶ
3277 4999 3494 5067 μείζονα
3516 4996 3715 5047 τοᾶτων
3741 4994 3909 5059 δείξει
3941 4997 4038 5047 αῦ-

2432 5099 2509 5167 τῴ
2527 5096 2684 5166 ἔργα,
2710 5096 2794 5147 ἵνα
2819 5095 2976 5162 ὑμεῖς
2999 5091 3334 5161 θαυμάζητε.
3368 5109 3383 5139 ι
3410 5088 3481 5139 Τὸ
3502 5088 3605 5155 γάρ
3623 5088 3676 5137 εν
3703 5085 3779 5152 τῷ
3799 5088 4030 5153 θαυμα-

2432 5188 2618 5251 ζεσθαι
2645 5185 2908 5253 μεῖζον,ὲν
2937 5186 2995 5253 τῇ
3025 5183 3132 5234 τῶν
3156 5180 3363 5249 νεκρῶν
3383 5179 3670 5230 ἀναστάσει
3708 5177 3972 5243 ψαίνεται
3992 5194 4027 5231 ἰ

2430 5280 2565 5348 ὁμοῦ
2623 5279 2679 5330 δὲ
2725 5277 2885 5329 πάλιν
2916 5276 3090 5327 ἐκεῖνο
3118 5270 3565 5333 κατασκευάζων,
3597 5270 3731 5336 ὅπερ
3762 5264 3830 5336 ἦν
3870 5269 4029 5331 εῐκὶς

2430 5373 2529 5424 οὐκ
2558 5372 2614 5422 ἐν
2638 5370 2802 5438 ὀλίγῳ
2826 5368 3009 5437 μέτρῳ
3032 5364 3426 5431 καταποήσειν
3453 5364 3574 5423 τοῦς
3605 5360 4023 5430 ἀκροωμένους·

2432 5458 2641 5529 ὅτιγὰρ
2663 5459 2752 5511 καὶ
2776 5458 3066 5525 ἀναστήσει
3098 5453 3222 5516 τοὺς
3258 5452 3499 5521 νεκροὺς,
3538 5452 3628 5501 καί
3667 5450 3802 5518 πρὸς
3835 5450 4029 5517 κρῖσιν

2433 5550 2550 5614 ἄξει
2575 5551 2635 5601 τὸ
2667 5545 3213 5617 ποίημα,διαγορεύει
3252 5544 3455 5611 σαφῶς,
3490 5543 3575 5594 ἵνα
3604 5541 3675 5609 τῷ
3710 5539 4027 5609 προτίοκςῖιι

2436 5642 2579 5713 αὐτῷ
2623 5638 3066 5711 παραστήσεσθαί
3124 5654 3267 5693 ποτε,
3326 5636 3414 5687 καὶ
3472 5633 3557 5687 τὸν
3766 5633 4026 5695 ﬁxisset;
