4206 6510
211 445 313 503 58!

1251 444 1317 501 IN
1340 443 1622 502 JOANNIS
1654 442 2100 507 EVANGELIL‘M
2145 452 2267 510 LIB.
2309 453 2373 509 ll.

3360 458 3464 515 382

207 560 513 614 ἀποδώσειν
545 562 720 629 λόγον,
746 562 1095 633 ὀκνηρότεροι
1139 563 1238 630 μέν
1283 580 1401 627 πως
1442 566 1520 626 εἰς
1560 564 1658 634 τὴν
1702 565 1779 616 ἐπ’

1898 560 2108 624 ditur05
2153 571 2467 637 sperabant,
2508 571 2865 642 persequendi
2899 570 3127 626 audacia
3162 571 3462 634 retardata,

206 650 273 703 τὸ
316 650 529 703 διώκειν
574 652 736 706 αὑτὸν
784 654 1124 724 εὑρίσκοιντο
1169 654 1410 723 τόλμαν,
1456 655 1690 722 δέχοιντο
1734 656 1791 707 δὲ

208 742 617 813 προθυμότερον
646 744 779 813 ’ἥδη
822 743 914 795 τὸν
949 745 1049 815 τῆς
1097 745 1443 807 διδασκαλίας
1472 763 1529 796 τε
1573 746 1665 797 καὶ
1692 745 1791 812 ὑφ-

203 835 463 903 ηγήσεως
506 833 680 902 λόγον.
710 835 802 897 Εἰς
826 834 994 887 ταῦτα
1041 836 1138 904 μὲν
1181 831 1272 888 οὖν
1315 838 1342 888 6
1372 836 1463 887 τοῦ
1498 836 1789 903 κεφαλαίου

206 925 409 987 σκοπὸς
446 927 632 995 ὁρᾶται
669 927 760 978 καὶ
813 925 1165 979 συντείνεται.
1222 926 1295 978 Τὸ
1345 926 1399 978 δὲ
1440 927 1575 997 πρὸς
1616 927 1784 990 λέξιν,

205 1016 357 1083 ἡμᾶς
406 1017 698 1082 ἀναγκαῖον
752 1016 1117 1071 ἀπολευκάναι
1175 1018 1375 1073 λοιπόν.
1420 1020 1479 1070 'U
1550 1019 1647 1089 μὲν
1697 1015 1790 1071 οὗν

205 1106 405 1168 κοινὸς,
438 1107 511 1169 ὡς
543 1108 737 1175 ἔοικεν,
765 1109 876 1178 ἔχει
923 1109 1075 1178 λόγος
1098 1150 1111 1171 ,
1155 1111 1229 1174 ώς
1262 1111 1380 1181 ῆξει
1416 1108 1546 1163 ποτὲ
1579 1112 1786 1181 καιρὸς,

201 1198 325 1249 καθ’
366 1199 425 1250 ὃν
458 1200 778 1253 ἀκούσονται
826 1200 926 1272 τῆς
963 1203 1053 1254 τοῦ
1105 1202 1482 1264 διανιστῶντος
1521 1203 1701 1272 φωνῆς
1740 1205 1787 1256 0i

202 1291 389 1359 νεκροί
414 1308 429 1321 ο
472 1295 722 1361 παρεῖναι
760 1292 815 1345 δὲ
844 1294 937 1345 καὶ
969 1293 1063 1347 νῦν
1102 1295 1252 1347 οὐδὲν
1287 1288 1446 1365 ἦττον
1475 1294 1788 1363 ὑπολαμϐά-

204 1401 389 1435 νουσιν
421 1385 599 1446 αὑτὸν,
630 1386 761 1455 ἢώς
796 1386 1051 1457 Λαζάρου
1082 1388 1240 1456 τυχὸν
1272 1387 1371 1455 τῆς
1411 1387 1505 1439 τοῦ
1539 1384 1786 1457 Σωτῆρος

202 1476 573 1542 ἁκουσομένου
624 1477 827 1545 φωνῆς,
868 1478 901 1548 ἢ
954 1479 1047 1531 καὶ
1087 1481 1314 1549 νεκροὺς
1360 1476 1497 1531 εἶναι
1539 1479 1787 1547 λέγοντες

201 1566 329 1627 τοὺς
355 1564 506 1618 οὔπω
535 1566 621 1619 διά
654 1570 752 1637 τῆς
782 1568 1017 1631 πίστεως
1050 1571 1129 1632 είς
1162 1570 1374 1622 αἰώνιον
1407 1570 1785 1638 ἀνακεκλημέ-

198 1672 327 1717 νους
365 1656 528 1727 ζωὴν,
576 1658 625 1710 οἳ
682 1658 746 1729 δὴ
805 1660 899 1712 καὶ⁸
952 1661 1170 1723 πάντως
1220 1662 1300 1724 εἰς
1343 1660 1512 1731 αὐτὴν
1564 1661 1785 1729 ἔμελλον

197 1746 586 1815 ἀναϐήσεσθαι,
620 1750 715 1819 τήν
776 1750 871 1803 τοῦ
904 1752 1156 1821 Σωτῆρος
1202 1752 1546 1805 διδασκαλίαν
1606 1770 1784 1822 παρα-

194 1832 499 1902 δεξάμενοι.
541 1838 649 1890 Καὶ
685 1838 845 1901 σώζει
882 1839 980 1908 μὲν
1016 1840 1183 1904 ὄντως
1208 1840 1307 1909 τῆς
1334 1841 1565 1912 θεωρίας
1599 1844 1628 1893 6
1656 1841 1785 1909 τρό-

1897 661 2140 717 alacrius
2173 664 2389 716 tandem
2439 662 2706 718 doctrinae
2753 673 2806 718 et
2840 665 3207 719 institutionis
3257 678 3467 719 sermo-

1896 766 2018 804 nem
2057 753 2333 807 audirent.
2360 754 2435 807 Eo
2467 754 2652 823 itaque
2681 754 2877 823 capitis
2919 756 3065 809 illius
3101 771 3303 825 scopus
3340 770 3464 824 per-

1895 840 2049 894 tinet.
2083 836 2239 908 Quod
2284 853 2466 898 autem
2515 844 2581 897 ad
2616 846 2780 899 verba
2813 852 3044 915 spectat,
3074 844 3461 915 explicandum

1894 934 2051 987 nobis
2080 945 2352 1003 superest.
2382 936 2701 991 Communis
2732 937 3003 1006 expositio
3032 945 3137 1000 est,
3171 946 3461 991 venturum

1893 1022 2191 1092 aliquando
2237 1033 2449 1093 tempus
2500 1042 2611 1096 quo
2651 1026 2855 1081 mortui
2900 1027 3223 1081 suscitantis
3270 1040 3460 1079 vocem

1891 1115 2118 1169 audient
2149 1135 2163 1173 :
2195 1118 2289 1172 sed
2329 1125 2385 1171 et
2426 1134 2570 1172 nunc
2614 1118 2811 1174 adesse
2858 1118 3216 1173 nihilominus
3283 1117 3461 1185 ipsum

1890 1207 2227 1272 existimant,
2254 1214 2349 1261 aut
2388 1209 2548 1277 quasi
2587 1208 2815 1273 Lazaro,
2842 1208 3079 1279 exempli
3114 1208 3311 1279 gratia,
3342 1206 3464 1260 Sal-

1890 1299 2099 1353 vatoris
2140 1313 2329 1352 vocem
2372 1297 2652 1364 audituro,
2707 1308 2801 1353 aut
2855 1298 3021 1353 etiam
3059 1296 3206 1367 quod
3259 1295 3460 1350 mortui

1889 1391 2142 1445 dicantur
2169 1391 2203 1443 ii
2236 1390 2330 1458 qui
2364 1390 2609 1445 nondum
2638 1405 2734 1459 per
2766 1390 2925 1444 [idem
2966 1388 3034 1443 ad
3064 1398 3325 1444 aeternam
3367 1402 3462 1440 vo-

1888 1481 1997 1535 cati
2027 1482 2137 1535 sint
2171 1480 2364 1545 vitam,
2390 1480 2594 1549 quique
2619 1480 2683 1533 ad
2711 1495 2829 1535 eam
2867 1486 3122 1549 suscepta
3158 1476 3460 1533 Salvatoris

1888 1570 2140 1624 doctrina
2168 1578 2324 1624 erant
2346 1569 2635 1624 evehendi.
2658 1568 2723 1623 Et
2753 1570 2869 1624 haec
2898 1570 3118 1639 quidem
3150 1565 3459 1638 explicandi

1888 1664 2029 1716 ratio
2067 1677 2178 1732 pra:
2224 1678 2283 1717 se
2325 1661 2430 1717 fert
2475 1663 2716 1732 aliquam
2770 1663 3329 1726 verisimilitmliuem,
3360 1658 3457 1715 sed

1887 1755 2169 1807 veritatem
2223 1754 2569 1821 neutiquam.
2602 1752 2783 1818 Quare
2829 1752 3100 1807 dictorum
3133 1754 3240 1805 vim
3275 1750 3455 1818 revol-

1886 1854 2075 1898 ventes
2101 1843 2310 1908 animo,
2336 1844 2835 1899 convenientiorem
2879 1846 2959 1899 eis
2983 1859 3203 1899 sensum
3246 1839 3455 1912 aptabi-

192 1941 298 1986 πος
332 1926 392 1977 τὸ
430 1928 486 1977 ἐν
515 1928 831 1997 πιθανότητι
863 1931 1068 2000 σχῆμα,
1095 1932 1156 1984 τὸ
1191 1932 1248 1983 δὲ
1275 1932 1501 2002 ἀκριϐὲς
1521 1933 1581 1985 οὐ
1608 1932 1771 1989 πάνυ.

1882 1948 2026 1998 Inus,
2073 1942 2128 1987 et
2167 1934 2460 1989 lectionem
2497 1935 2644 1988 hunc
2692 1935 2746 1988 in
2782 1934 3001 1989 modum
3038 1933 3452 2004 pate-faciemus.

190 2019 286 2072 Διὸ
332 2021 396 2090 δὴ
444 2023 604 2077 πάλιν
654 2025 754 2094 τὴν
797 2024 905 2077 τῶν
956 2024 1264 2094 λεγομένων
1312 2025 1767 2095 ἀναμασσώμενοι
1804 2025 2050 2097 δύναμιν,
2093 2027 2185 2079 τὸν
2258 2025 2701 2097 πρεπωδέστερόν
2776 2043 2892 2089 πως
2935 2027 3112 2090 αὐτοῖς
3151 2023 3456 2095 ἐφαρμόσοο

193 2129 297 2182 μεν
336 2112 478 2173 νοῦν,
512 2113 893 2185 διαστελοῦμεν
914 2115 970 2168 δὲ
1007 2116 1148 2168 οὕτω
1183 2116 1245 2169 τὺ
1275 2116 1630 2187 ἀνάγνωσμα.

271 2227 290 2258 ι
334 2209 527 2278 Ἀμὴν,
566 2207 711 2279 ἀμὴν
749 2208 891 2278 λέγω
938 2210 1088 2280 ὑμῖν,
1123 2210 1204 2262 ὅτι
1251 2209 1468 2281 ἔρχεται
1514 2210 1652 2283 ὥρα,
1687 2210 1782 2265 xui.

192 2299 291 2352 νῦν
317 2303 485 2363 ἐστιν,
526 2302 613 2355 ὅτε
660 2304 707 2354 οἱ
766 2303 949 2374 νεκροὶ
998 2301 1291 2355 ἀκούσουσι
1327 2304 1425 2373 τῆς
1468 2304 1648 2374 φωνῆς
1686 2301 1779 2357 τοῦ

194 2392 327 2444 Υίοῦ
370 2393 461 2444 τοῦ
494 2393 648 2445 Θεοῦ.
702 2413 720 2445 ι
760 2394 900 2465 Ὦρα
942 2394 1182 2465 δηλονότι
1231 2393 1413 2456 πάλιν,
1461 2395 1550 2447 ὅτε
1594 2395 1688 2448 καὶ
1730 2396 1781 2449 οἱ

195 2482 528 2546 ἀκούσαντες
566 2483 838 2553 ζήσονται.
870 2484 966 2536 Διά
1008 2483 1108 2554 μὲν
1136 2478 1231 2537 οὖν
1260 2484 1367 2536 τῶν
1406 2486 1463 2537 ὲν
1491 2484 1654 2557 ἀρχῇ,
1691 2486 1782 2540 τὸν

195 2574 299 2642 τῆς
349 2575 693 2636 ἀναστάσεως
742 2574 995 2645 σημαίνει
1037 2576 1246 2645 καιρὸν,
1283 2575 1405 2629 καθ’
1440 2577 1498 2629 ὃν
1532 2579 1611 2639 είς
1647 2578 1781 2629 ἀπο-

195 2662 383 2729 λογίαν
420 2662 519 2731 τῆς
544 2665 600 2714 ἐν
630 2663 817 2733 κόσμῳ
842 2662 984 2733 ζωῆς
1023 2664 1421 2734 ἀναστήσεσθαι
1452 2666 1577 2729 τοὺς
1608 2684 1783 2719 κεκοι-

200 2753 475 2823 μημένους
506 2754 591 2805 διὰ
618 2754 716 2822 τῆς
744 2755 837 2806 τοῦ
867 2754 1207 2819 διδάσκοντος
1237 2756 1542 2809 ἐκδιδάσκει
1573 2759 1776 2827 φωνῆς,

197 2845 285 2897 ἶνα
322 2844 568 2915 καθάπερ
599 2845 699 2915 ήδη
734 2848 1014 2915 προεῖπον,
1047 2838 1243 2915 ’ὥσπερ
1271 2846 1393 2900 τινὰ
1440 2848 1649 2917 χαλινὸν
1689 2848 1780 2900 τὸν

196 2934 446 2987 ἐντεῦθεν
478 2937 658 2999 αὐτοῖς
688 2938 982 3007 ἐπινοήσας
1014 2938 1195 3007 φόϐον,
1229 2937 1411 3001 καλῶς
1468 2938 1533 3009 δὴ
1579 2939 1782 3010 σφόδρα

196 3025 294 3077 καὶ
350 3025 725 3094 ἐπιστημόνως
767 3026 1034 3097 ἀναπείσῃ
1086 3025 1255 3095 βιοῦν.
1307 3027 1403 3080 Διά
1461 3028 1516 3080 δὲ
1562 3028 1668 3080 τῶν
1722 3030 1779 3079 ὲν

194 3116 446 3187 ὑστέροις
488 3119 577 3169 τὸν
619 3118 713 3170 τοῦ
774 3121 970 3188 χρῆναι
1022 3119 1298 3171 πιστεύειν
1353 3120 1500 3187 αὐτῷ
1542 3119 1777 3171 δείκνυσι

192 3208 441 3277 παρόντα
474 3208 683 3278 καιρὸν,
716 3209 851 3261 ἀλλά
878 3209 974 3261 καὶ
998 3208 1098 3277 τῆς
1127 3208 1436 3271 εὐπειθείας
1461 3208 1649 3278 μισθὸν
1677 3210 1776 3277 τὴν

191 3300 410 3353 αἰώνιον
450 3300 665 3352 ἔσεσθαί
720 3317 852 3369 φησι
895 3299 1068 3368 ζωὴν,
1112 3301 1394 3368 μονονουχὶ
1446 3300 1682 3351 τοιοῦτόν
1721 3315 1772 3350 τι

189 3390 396 3460 δηλῶν
429 3392 625 3456 Ἥξετε
661 3392 857 3454 πάντες
888 3392 966 3452 εἰς
999 3390 1198 3459 κρίσιν,
1228 3385 1272 3442 ὧ
1307 3383 1473 3453 οὗτοι,
1506 3390 1645 3443 κατά
1685 3390 1773 3441 τὸν

189 3484 291 3551 τῆς
322 3482 667 3544 ἀναστάσεως
689 3481 929 3552 δηλονότι
963 3485 1171 3550 καιρὸν,
1199 3481 1313 3533 ἀλλ’
1340 3483 1388 3533 εἰ
1419 3482 1610 3550 πικρὸν
1647 3482 1774 3549 ὑμῖν

188 3575 251 3626 τὸ
290 3572 611 3636 κολάζεσθαι
644 3572 806 3636 δοκεῖ,
843 3573 934 3625 καὶ
957 3574 1291 3642 ἀπεράντους
1320 3573 1674 3641 λελυπημένῳ
1698 3570 1773 3640 τῷ

190 3664 432 3735 κρίνοντι
476 3663 572 3727 τὰς
614 3665 766 3726 δίκας
817 3665 1057 3733 ὑπέχειν,
1106 3663 1180 3733 μὴ
1232 3665 1595 3734 παρατρέχειν
1645 3664 1772 3714 ἐᾶτε

185 3758 282 3810 τὸν
318 3759 415 3825 τῆς
464 3756 772 3818 εὐπειθείας
821 3757 1030 3826 καιρὸν,
1076 3757 1190 3809 ἀλλ’
1228 3756 1308 3808 ἔτι
1350 3755 1614 3825 παρόντος
1655 3756 1775 3806 ἐπι-

186 3848 562 3919 δραττόμενοι,
590 3849 724 3920 πρὸς
753 3848 848 3918 τὴν
871 3849 1085 3902 αἰώνιον
1115 3847 1257 3918 ζωὴν
1290 3846 1601 3901 ἀναϐαίνειν
1629 3846 1776 3898 ἐπεί-

188 3940 378 4009 γεσθε.

264 4033 495 4099 Ὠσπερ
526 4032 635 4100 γὰρ
666 4035 697 4085 ό
744 4032 944 4099 Πατὴρ
982 4035 1104 4100 ἕχει
1139 4031 1291 4098 ζωὴν
1316 4032 1400 4113 ,ἐν
1431 4029 1642 4095 ἑαυτῷ,
1676 4030 1778 4082 οὔ-

187 4140 305 4186 τως
355 4122 451 4174 καὶ
477 4121 555 4185 τῷ
596 4120 706 4186 Υἱῷ
733 4122 951 4174 δέδωκε
975 4121 1128 4188 ζωὴν
1151 4124 1311 4191 ἔχειν
1341 4122 1409 4174 ὲν
1437 4120 1650 4187 ἐαυτῷ,
1674 4120 1775 4173 καὶ

186 4217 484 4281 ἐξουσίαν
524 4216 749 4269 ἔδωκεν
796 4215 956 4279 αὐτῴ
1020 4216 1117 4269 καὶ
1172 4216 1372 4284 κρίσιν
1414 4215 1636 4277 ποιεῖν,
1687 4214 1775 4292 ὅτι

198 4308 333 4372 Υἱὸς
362 4305 672 4373 ἀνθρώπου
705 4306 894 4359 ἐστίν.

266 4399 409 4467 Ὅρα
438 4398 499 4465 δή
528 4414 616 4465 μοι
648 4396 805 4449 πάλιν
846 4397 937 4449 καὶ
988 4398 1084 4466 τὴν
1125 4398 1182 4449 ἐν
1205 4397 1413 4460 τούτοις
1444 4395 1774 4464 οἰκονομίαν,

191 4489 279 4541 ἵνα
317 4487 413 4539 τοῦ
466 4486 620 4553 λόγου
657 4485 943 4556 θαυμάσῃς
972 4484 1029 4537 τὸ
1078 4486 1280 4555 σχῆμα,
1319 4487 1411 4538 καὶ
1448 4486 1521 4556 μὴ
1570 4488 1680 4547 τοῖς
1718 4486 1777 4552 ἐξ

1958 2225 1977 2258 ι
2013 2206 2209 2271 Amen,
2241 2221 2398 2261 amen
2454 2208 2579 2264 dico
2630 2208 2805 2275 vobis,
2834 2208 2965 2279 quia
3024 2209 3172 2263 venit
3200 2209 3357 2276 hora,
3402 2217 3456 2265 et

1883 2316 2030 2354 nunc
2081 2308 2199 2365 est,
2242 2300 2467 2370 quando
2537 2301 2737 2355 mortui
2799 2300 3025 2354 audient
3082 2314 3275 2353 vocem
3330 2298 3453 2353 Filii

1884 2390 2002 2446 Dei.
2053 2411 2071 2443 ι
2109 2392 2253 2446 Hora
2304 2392 2558 2447 videlicet
2587 2394 2829 2457 ‘rursum
2882 2400 2983 2470 est,
3024 2390 3245 2461 quando
3272 2399 3326 2445 et
3357 2390 3454 2460 qui

1883 2483 2178 2549 audierint,
2221 2484 2424 2538 vivent.
2478 2484 2764 2539 Prioribus
2826 2482 2995 2553 igitur
3026 2482 3211 2537 verbis
3269 2496 3456 2538 resur-

1880 2573 2141 2627 rectionis
2172 2582 2385 2643 tempus
2424 2573 2719 2643 signiﬁcat,
2747 2587 2855 2641 quo
2889 2573 2957 2626 ad
2991 2572 3323 2627 reddendam
3360 2586 3451 2625 ra-

1879 2664 2082 2719 tionem
2118 2665 2245 2717 vitae
2286 2664 2339 2717 in
2374 2665 2477 2719 hoc
2513 2664 2718 2718 mundo
2747 2672 2982 2733 peracta:
3023 2664 3350 2717 suscitatum
3383 2663 3450 2717 iri

1882 2765 2128 2809 mortuos
2163 2756 2372 2821 edocet,
2412 2765 2469 2808 ut
2495 2770 2610 2817 eos,
2642 2754 3106 2825 quemadmodum
3138 2754 3290 2822 prius
3336 2754 3449 2822 jam

1880 2846 2017 2910 dixi,
2052 2847 2217 2915 hujus
2258 2849 2335 2901 rei
2386 2846 2679 2901 formidine
2721 2845 2877 2915 quasi
2937 2844 3347 2913 frenuquodam
3396 2844 3449 2897 in

1878 2946 2029 2992 recta
2057 2946 2111 2993 et
2147 2938 2379 2992 honesta
2410 2938 2631 2992 vivendi
2678 2937 2890 2990 ratione
2925 2936 3222 2990 contineat.
3264 2934 3453 2989 Poste-

1878 3029 2115 3083 rioribus
2164 3037 2343 3082 autem
2393 3029 2573 3083 verbis
2620 3035 2841 3096 tempus
2893 3027 2942 3080 ei
2994 3024 3248 3080 cre‘endi
3300 3039 3450 3078 nunc

1877 3116 2070 3171 adesse
2107 3116 2370 3180 declarat,
2397 3116 2490 3169 sed
2516 3123 2570 3169 et
2616 3115 2939 3168 obedientiae
2976 3114 3254 3183 pramrium
3291 3124 3450 3167 mter-

1880 3222 2000 3261 nam
2033 3209 2197 3260 vitam
2226 3206 2341 3260 fore
2376 3207 2471 3270 ait,
2499 3206 2606 3260 tale
2635 3205 2914 3275 quidpiam
2950 3198 3342 3274 propemodum
3373 3200 3457 3257 si-

1877 3302 2144 3373 gniﬁcans
2191 3301 2478 3357 :\'enieti's
2525 3316 2713 3357 omnes
2766 3302 2833 3354 ad
2883 3300 3175 3370 judicium,
3204 3306 3451 3368 tempore

1876 3392 2304 3448 resurrectionis
2338 3391 2609 3457 videlicet,
2655 3390 2751 3459 sed
2784 3392 2831 3445 si
2871 3391 3027 3444 vobis
3076 3390 3336 3444 acerbum
3370 3390 3451 3442 vi-

1877 3484 2036 3538 detur
2086 3482 2351 3537 oﬂ'eusum
2415 3482 2656 3550 judicem
2710 3497 2739 3534 a
2797 3482 2957 3536 vobis
3015 3479 3451 3535 interminabiles

1877 3591 2072 3646 pmnas
2105 3582 2368 3644 repetere,
2388 3574 2554 3627 nolite
2571 3573 2729 3643 235
2753 3572 3044 3627 obediendi
3075 3580 3289 3642 tempus
3314 3587 3451 3641 prae-

1878 3668 2201 3731 termittere,
2247 3665 2341 3719 sed
2393 3666 2525 3719 illud
2555 3666 2665 3732 jam
2698 3679 2942 3733 praesens
2979 3664 3338 3734 arripientes,
3381 3662 3448 3716 ad

1876 3768 2135 3812 aeternam
2179 3759 2343 3811 vitam
2380 3755 2680 3810 ascendere
2720 3756 2977 3809 uitimiui.

1950 4024 2015 4087 V,
2039 4021 2238 4087 26,27.
2272 4021 2423 4077 Sicut
2452 4022 2589 4075 enim
2612 4020 2773 4075 Pater
2804 4020 2957 4073 habet
2987 4020 3146 4073 vitam
3172 4018 3224 4071 in
3256 4026 3447 4071 semet-

1878 4117 1989 4184 ipso
2018 4155 2032 4178 ,
2072 4115 2149 4166 sic
2175 4113 2318 4167 dedit
2349 4122 2398 4166 et
2435 4112 2579 4166 Filio
2630 4112 2818 4165 habere
2848 4113 3009 4163 vitam
3040 4112 3093 4162 in
3138 4109 3447 4175 semetipso;

1877 4216 1927 4261 et
1968 4214 2276 4271 potestatem
2308 4203 2451 4259 dedit
2484 4204 2533 4257 ei
2564 4204 2825 4272 judicium
2870 4202 3061 4270 facere,
3102 4202 3225 4268 quia
3267 4200 3446 4253 Filius

1880 4298 2103 4351 hominis
2137 4305 2235 4351 est.

1948 4387 2337 4441 Animadverte
2386 4401 2584 4441 rursus
2622 4386 2818 4440 horum
2854 4388 3149 4439 verborum
3201 4384 3445 4453 disposi-

1880 4478 2119 4540 tionem,
2169 4486 2227 4531 ut
2273 4476 2494 4531 dicendi
2539 4477 2772 4530 formam
2826 4476 3076 4540 mireris,
3123 4485 3176 4530 et
3226 4492 3293 4529 ne
3336 4491 3449 4544 pra:

190 4578 434 4648 ἀμαθίας
478 4577 821 4645 περιπίπτων
863 4576 1196 4639 σκανδάλοις,
1234 4577 1395 4640 αὐτὸς
1430 4578 1520 4629 ἐπὶ
1564 4580 1776 4650 σεαυτῷ

1882 4571 2152 4641 imperitia
2198 4571 2252 4623 in
2286 4570 2619 4625 offensiones
2667 4570 2985 4631 incurrens,
3028 4568 3146 4636 ipse
3192 4566 3290 4619 tibi
3329 4566 3446 4620 exi-

189 4669 443 4730 καλέσεις
480 4670 576 4736 τὴν
634 4666 927 4722 ἀπώλειαν.
964 4668 1281 4736 Ἀνθρωπος
1325 4669 1606 4740 ὑπάρχων,
1648 4670 1770 4722 ὅσον

187 4763 270 4823 εἰς
301 4759 401 4829 τὴν
435 4759 593 4827 φύσιν
621 4759 713 4810 τοῦ
748 4760 1020 4829 σώματος,
1049 4761 1077 4811 6
1112 4760 1441 4828 Μονογενὴς,
1473 4761 1567 4813 καὶ
1593 4762 1667 4824 ὡς
1692 4758 1771 4828 εἷς

187 4854 250 4918 ἐξ
281 4852 444 4923 ἡμῶν
480 4851 571 4903 ἐπί
608 4851 703 4919 τῆς
732 4851 832 4919 γῆς
863 4850 942 4902 ἔτι
974 4850 1113 4919 μετά
1142 4852 1343 4921 σαρκὸς
1367 4851 1659 4922 ὁρώμενος,
1681 4856 1773 4908 καὶ

183 4948 303 5007 τοῖς
349 4942 619 5004 Ἰουδαίοις
660 4940 1010 5012 πολυτρόπως
1059 4941 1127 4993 τά
1172 4942 1305 5010 πρὸς
1346 4944 1618 5014 σωτηρίαν
1662 4947 1773 4997 eis-

186 5034 518 5105 ηγούμενος,
549 5033 640 5086 δύο
669 5032 1004 5102 πραγμάτων
1041 5033 1358 5103 θεοπρεπῶν
1387 5035 1566 5105 ἑαυτῷ
1614 5054 1771 5104 περι-

183 5126 409 5178 τέθεικε
454 5124 552 5195 τὴν
606 5124 982 5194 λαμπρότητα.
1017 5124 1137 5176 Ὀτι
1188 5127 1295 5195 γάρ
1340 5126 1433 5178 καὶ
1478 5127 1772 5196 ἀναστήσει

183 5220 319 5281 τους
371 5216 634 5285 νεκροὺς,
682 5218 777 5269 καὶ
833 5216 1262 5286 κριθησομένους
1310 5220 1650 5288 παραστήσει
1694 5219 1773 5289 τῷ

182 5304 383 5372 οίκείῳ
410 5303 1005 5373 βήματι,διε6ε6αιοῦτο
1034 5306 1218 5372 σαφῶς
1243 5322 1253 5333 ·
1285 5307 1397 5359 ἀλλ’
1431 5303 1497 5378 ἦν
1520 5309 1611 5360 καὶ
1646 5310 1775 5378 σφό-

181 5396 292 5465 δρα
327 5394 475 5456 εἰκὸς
501 5394 868 5465 δυσχεραίνειν
898 5397 987 5449 ἐπὶ
1014 5398 1185 5468 τούτῳ
1214 5398 1337 5461 τοὺς
1370 5400 1773 5469 ἀκροωμένους,

186 5484 565 5551 ἐγκαλοῦντας
613 5484 745 5552 ἥδη,
783 5484 874 5536 καὶ
920 5485 1133 5538 διώκειν
1177 5488 1406 5554 εὐλόγως
1448 5490 1610 5541 αὐτὸν
1642 5490 1774 5543 ὑπο-

189 5575 516 5639 πτευοντας,
550 5576 632 5628 ὅτι
686 5578 905 5647 Πατέρα
955 5579 1085 5631 ίδιον
1139 5579 1289 5647 ἔλεγε
1334 5580 1422 5632 τὸν
1469 5580 1633 5643 Θεὸν,
1665 5581 1776 5633 ἴσον

187 5669 391 5723 ἑαυτὸν
440 5668 607 5720 ποιῶν
655 5669 731 5738 τῷ
759 5670 893 5739 Θεῷ.
927 5673 1289 5743 Ἀνακεράσας
1332 5675 1506 5728 τοίνυν
1560 5675 1777 5744 ἐξουσίᾳ

275 5840 324 5869 ’⁸
363 5846 559 5914 Supra,
590 5863 639 5911 γ,
678 5847 757 5899 l8.

1879 4664 2016 4716 tium
2044 4676 2320 4717 arcessas.
2348 4661 2521 4715 Homo
2544 4676 2668 4715 cum
2696 4667 2841 4714 esset
2876 4659 3231 4729 Unigenitus,
3267 4657 3448 4727 quoad

1879 4752 2133 4822 corporis
2160 4762 2440 4814 naturam,
2482 4760 2537 4806 et
2567 4751 2708 4805 sicut
2739 4765 2883 4805 unus
2918 4766 2980 4805 ex
3008 4749 3167 4803 nobis
3202 4748 3257 4801 in
3300 4755 3446 4802 terra

1880 4859 2003 4897 cum
2046 4859 2213 4899 carne
2244 4844 2425 4898 adhuc
2453 4849 2763 4912 appareret,
2809 4856 2873 4894 ac
2920 4840 3127 4895 Iudaeis
3161 4840 3446 4907 multiplici

1879 4934 2095 4988 ratione
2131 4943 2431 5002 exponeret
2461 4947 2523 4987 ea
2571 4948 2694 5002 qua:
2746 4930 2811 4985 ad
2860 4931 3095 4984 salutem
3148 4931 3447 5000 pertinent,

1880 5022 2113 5076 duarum
2156 5037 2475 5091 magnarum
2516 5036 2698 5075 rerum
2746 5028 2801 5074 et
2848 5019 2956 5073 Deo
2998 5019 3447 5073 convenientium

1879 5117 2182 5173 claritatem
2224 5114 2329 5169 sibi
2378 5113 2719 5167 conciliavit.
2782 5113 2915 5166 Nam
2956 5120 3009 5165 ct
3041 5126 3071 5164 a
3104 5127 3163 5166 se
3198 5118 3447 5165 mortuos

1881 5209 2211 5266 suscitatum
2241 5208 2328 5266 iri.
2354 5215 2407 5259 et
2432 5204 2765 5275 judicandos
2791 5204 2863 5257 ad
2891 5220 3051 5258 suum
3082 5204 3320 5257 tribunal
3349 5214 3449 5279 aa:-

1881 5303 2103 5356 ductum
2140 5298 2205 5351 iri
2248 5297 2422 5366 palam
2489 5295 2832 5350 aﬂirmabat:
2865 5294 2959 5349 sed
2998 5294 3280 5364 probabile
3326 5300 3445 5349 erat

1883 5393 2164 5448 auditores
2194 5405 2315 5443 eam
2353 5404 2466 5443 rem
2521 5402 2663 5456 aegre
2702 5386 2996 5439 admodum
3057 5386 3288 5450 laturos,
3323 5399 3446 5438 cum

1877 5488 1990 5558 jam
2033 5500 2155 5539 eum
2204 5483 2706 5553 reprehenderent,
2754 5487 2809 5534 et
2854 5480 2978 5548 jure
3024 5477 3287 5533 insectari
3341 5477 3445 5532 sibi

1883 5577 2296 5651 persuaderent,
2315 5573 2571 5643 quoniam
2594 5571 2807 5625 Patrem
2832 5584 2991 5624 suum
3014 5568 3232 5623 dicebat
3254 5566 3445 5630 Deum,

1885 5671 2149 5742 :cqualem
2185 5685 2240 5723 sc
2268 5667 2476 5722 faciens
2514 5662 2706 5720 Deo“.
2748 5661 2940 5716 Divina
2983 5661 3164 5728 itaque
3203 5663 3442 5728 potesta-
