4206 6510
152 458 263 512 385

1203 443 1269 500 IN
1298 440 1583 498 HHNNIS
1625 437 2073 495 EVANGELIUM
2136 436 2267 493 LIB.
2311 436 2370 491 ΙΙ.

3303 436 3408 492 386

152 569 446 622 ἀναπεῖσαι
480 560 611 635 πρὸς
639 560 885 629 γένεσιν;
921 554 1036 611 Εἰεν
1078 560 1184 627 γὰρ
1220 554 1285 608 ἂν
1336 553 1477 606 οὕτω
1517 551 1613 621 τῆς
1643 550 1732 602 αὐ-

1846 556 2162 619 peccatores
2189 546 2429 616 quidem,
2464 552 2519 600 et
2555 552 2823 615 quotquot
2851 542 3097 611 improbe
3144 543 3406 604 vixerint.

148 661 259 729 1τῆς
304 656 585 727 ἐνεργείας
615 654 880 722 ἑκάτερα,
916 650 1008 703 καὶ
1058 650 1187 717 μιᾶς
1241 645 1489 712 ἐξουσίας
1542 642 1605 694 τὸ
1659 643 1744 694 ἐπ’

152 752 360 819 ἀμφοῖν
392 748 721 814 ἀξιάγαστον
746 742 1112 811 ἀποτέλεσμα,
1152 738 1429 805 Ἐπιλέγει
1461 736 1517 788 δὲ
1549 734 1745 806 χρησί-

154 858 295 911 μως,
335 840 415 893 ὅτι
468 835 888 908 προελεύσονται
915 834 1023 887 τῶν
1081 830 1407 903 μνημάτων,
1435 829 1483 882 οἰ
1516 827 1615 898 μὲν
1656 827 1741 879 ἐπ’

149 933 402 1001 αἰσχροῖς
430 928 669 991 ἁλόντες.
702 928 795 980 καὶ
826 924 1059 995 πονηρίᾳ
1102 921 1611 993 συμϐιοτεύσαντες,
1638 918 1738 988 τὴν

146 1020 507 1090 ἀτελεύτητον
535 1017 817 1087 ὑφέξονται
846 1012 1179 1087 [ὑφέξοντεςῖ
1202 1013 1322 1083 δίκη
1366 1033 1377 1043 ’
1419 1012 1468 1063 οἱ
1511 1010 1569 1061 δέ
1618 1009 1734 1063 δια-

148 1115 385 1184 πρεπεῖς
414 1112 470 1164 ἐν
488 1109 831 1181 ἀρεταῖς,τῆς
850 1107 1149 1169 ἐπιεικείας
1175 1105 1366 1176 μισθὸν
1393 1100 1735 1172 ἀντικομιού-

151 1218 308 1271 μενοι
363 1200 461 1270 τὴν
507 1198 722 1251 αἰώνιον
767 1197 947 1265 ζωήν·
980 1194 1114 1264 ὁμοῦ
1165 1192 1297 1262 μὲν,
1349 1188 1598 1259 καθάπερ
1632 1187 1733 1255 ἤδη

148 1291 508 1363 προείπομεν.
541 1287 735 1340 ἐαυτὸν
773 1286 1030 1354 διανομέα
1074 1283 1182 1335 τῶν
1231 1280 1444 1349 ἑκάστῳ
1500 1276 1736 1347 πρεπόν-

146 1402 260 1435 των
307 1384 400 1435 καὶ
431 1380 517 1433 διὰ
555 1378 760 1431 τούτων
805 1376 1107 1447 εῐσψέρων,
1148 1373 1282 1443 ὁμοῦ
1323 1372 1379 1425 δὲ
1408 1368 1735 1429 ἀναπείθων,

1843 646 1903 693 ut
1932 646 2170 693 aeternas
2204 650 2395 705 ptenas
2418 636 2592 698 luant,
2617 635 2776 689 bonis
2816 643 2997 688 autem
3027 642 3082 687 et
3106 633 3411 692 virtutibus

1839 729 2182 799 conspicuis,
2226 736 2285 780 ut
2315 726 2705 795 sempiternam
2746 727 2910 779 vitam
2948 725 3245 795 probitatis
3273 741 3413 796 prte-

1838 820 2008 872 mium
2053 816 2317 877 referant,
2355 813 2654 881 simulque,
2689 822 2747 865 ut
2791 813 2903 880 jam
2949 813 3106 883 prius
3144 811 3409 879 diximus.

1838 911 2086 979 seipsum
2117 908 2359 977 judicem
2391 920 2580 960 eorum
2622 918 2745 973 quae
2776 903 2976 972 cuique
3011 903 3281 959 debentur
3325 906 3411 960 his

1839 1015 2061 1071 quoque
2106 997 2293 1053 verbis
2341 995 2683 1066 signiﬁcans,
2728 1010 2793 1050 ac
2848 1003 3111 1065 praeterea
3170 997 3411 1053 suadens

1841 1100 1933 1144 aut
1965 1099 2112 1145 metu
2148 1090 2415 1143 malorum
2452 1088 2855 1155 improbitatem
2885 1087 3075 1157 fugere
3126 1095 3180 1142 et
3203 1088 3268 1141 ad
3299 1104 3411 1144 me-

1844 1182 2033 1235 liorem
2076 1180 2286 1250 l'rugem
2319 1194 2378 1233 se
2413 1176 2738 1239 transferre,
2771 1184 2865 1230 aut
2915 1187 3136 1231 eterna:
3159 1178 3283 1232 vitae
3312 1177 3412 1231 de-

1843 1274 2048 1328 siderio
2102 1268 2513 1342 quodammodo
2558 1268 2873 1325 stimulatos
2933 1269 3193 1324 virtutem
3246 1269 3412 1325 vehe-

1844 1364 2085 1418 mentius
2115 1376 2333 1431 cupere.

148 1478 181 1545 ῆ
224 1475 303 1546 τῷ
338 1474 486 1543 φόόῳ
516 1471 608 1524 τοῦ
645 1471 834 1525 παθεῖν
868 1470 936 1521 τὰ
964 1468 1129 1530 δεινὰ,
1166 1464 1546 1536 παραιτεῖσθαι
1573 1461 1633 1514 τὸ
1666 1458 1887 1528 φαῦλον,
1924 1458 2016 1511 καὶ
2050 1453 2465 1546 συνελαύνεσθαί
2500 1468 2617 1514 πως
2644 1452 2723 1514 εἰς
2779 1449 2840 1503 τὸ
2871 1447 3019 1524 βιοῦν
3083 1448 3284 1502 ἐθέλειν
3312 1448 3413 1519 ήδη

150 1567 613 1637 σωφρονέστερον,
662 1565 695 1634 ἦ
746 1563 927 1631 ἐφέσει
975 1561 1331 1630 νυττομένους
1361 1557 1561 1629 τρόπον
1606 1554 1727 1608 τινα
1765 1555 1829 1623 τῇ
1876 1552 2003 1622 περὶ
2033 1550 2131 1620 τὴν
2164 1537 2382 1603 ἆίώνιον
2425 1547 2571 1619 ζωὴν
2598 1585 2613 1611 ,
2682 1542 3083 1614 συντονωτέραν
3148 1542 3413 1596 ποιεῖσθαι

150 1659 479 1721 σπουδάζειν
506 1658 603 1726 τὴν
628 1656 714 1709 ἐπ’
749 1655 977 1722 ἀγαθοῖς
1009 1652 1337 1725 προθυμίαν.

751 1747 1000 1800 ΚΕΦΑΛ.
1054 1745 1131 1797 Θ¹.

2378 1727 2536 1797 237
2572 1724 2727 1777 CAP.
2770 1720 2861 1776 ιχ.

150 1861 285 1913 Ὀτι
313 1860 438 1912 κατ’
467 1859 646 1911 οὐδὲν
682 1857 946 1911 ἐλάττων
982 1856 1087 1909 τοῦ
1128 1855 1274 1909 Θεοῦ
1318 1854 1413 1906 καί
1445 1852 1675 1921 Πατρός
1703 1854 1735 1904 ό

1846 1840 1987 1909 Quod
2036 1839 2203 1921 nihilo
2232 1841 2411 1921 minor
2450 1839 2517 1889 sit
2542 1836 2666 1916 _Deo
2698 1850 2760 1887 ac
2803 1832 2965 1886 Patre
2988 1830 3189 1921 filius,
3224 1834 3318 1921 sed
3357 1835 3414 1887 in

232 1932 388 1994 Υἱὸς,
429 1930 567 1983 ἀλλ’
603 1926 927 1993 ἰσοσθενὴς
977 1928 1104 1979 κατ’
1142 1926 1447 1995 ἐνέργειαν
1491 1924 1605 1991 τὴν
1643 1921 1734 1990 ἐφ’

224 2000 462 2053 ἅπασίν
492 1999 681 2060 ἐστιν,
710 1998 789 2062 ὡς
824 1998 965 2061 Θεὸς
990 1997 1059 2049 ἐκ
1096 1996 1264 2049 Θεοῦ.

229 2094 313 2145 Οὐ
367 2091 619 2160 δύναμαι
667 2088 781 2158 ἐγὼ
840 2087 1031 2141 ποιεῖν
1070 2088 1169 2140 ἀπ’
1228 2084 1487 2154 ἐμαυτοῦ
1535 2081 1734 2137 οὐδέν.

152 2183 367 2249 Καθὼς
400 2183 615 2243 ἀκούω,
656 2182 857 2249 κρίνω,
890 2179 995 2232 ’καὶ
1036 2179 1070 2245 ἠ
1105 2180 1302 2247 κρίσις
1328 2178 1366 2244 ἡ
1397 2178 1509 2246 ἐμὴ
1542 2176 1738 2229 δικαία

1846 2182 2014 2236 quam.
2077 2161 2227 2217 Sicut
2284 2162 2479 2222 audio,
2524 2159 2711 2229 judico
2760 2174 2778 2212 .'

1908 1910 2150 2033 anubibus
2184 1908 2399 1978 agendis
2432 1909 2550 1975 pari
2580 1913 2838 1974 potestate
2866 1903 3148 1970 prmditus,
3180 1913 3236 1955 ut
3272 1903 3413 1957 Deus

1947 1998 1973 2033 e
2050 1996 2129 2032 eo.

1947 1998 1973 2034 e
2000 1996 2129 2032 υεο.

1908 2071 1985 2137 γ,
2036 2070 2124 2126 50.
2168 2068 2291 2124 Νοη
2336 2084 2548 2138 possum
2596 2083 2688 2137 ego
2734 2083 2765 2119 α
2816 2065 3012 2127 meipso
3047 2066 3219 2133 facere
3263 2064 3416 2133 quid-

2824 2166 2872 2212 et
2920 2155 3191 2225 judicium
3246 2171 3415 2207 nicum

152 2248 351 2329 εστινέ
382 2273 470 2327 ὅτι
503 2275 574 2327 οὐ
624 2248 770 2339 ζητῶ
807 2270 871 2323 τὸ
910 2271 1138 2338 θέλημα
1182 2269 1247 2322 τὸ
1283 2267 1639 2337 ἐμὸν,,ἁλλὰ
1672 2265 1738 2319 τὸ

1846 2257 2035 2318 iustum
2067 2264 2175 2317 est;
2205 2256 2332 2323 quia
2367 2270 2470 2306 non
2504 2267 2684 2321 quam
2718 2249 3046 2304 voluntatem
3094 2264 3288 2313 meam,
3327 2248 3416 2301 sed

153 2366 390 2434 θέλημα
417 2366 521 2419 τοῦ
553 2364 901 2433 πέμψαντός
928 2380 1004 2431 με
1031 2363 1281 2428 Πατρός.

244 2454 565 2523 Ἐπίστησον
614 2452 773 2506 πάλιν
815 2456 926 2514 τοῖς
964 2450 1279 2521 λεγομένοις
1324 2447 1737 2521 ἀκριῦέστερον,

155 2546 256 2600 καὶ
290 2546 446 2616 δέχου
479 2542 571 2598 τοῦ
608 2544 961 2614 θεωρήματος
984 2544 1057 2608 ὼς
1088 2547 1145 2596 ἐν
1175 2543 1420 2613 περινοίᾳ
1452 2542 1550 2611 τὴν
1584 2540 1741 2593 δύνα-

161 2659 280 2710 μιν.
319 2641 433 2691 υὺκ
470 2638 665 2699 εἰδότες
699 2637 939 2689 Ἰουδαῖοι
981 2636 1079 2705 τῆς
1120 2634 1258 2705 μετὰ
1297 2634 1495 2704 σαρκὸς
1541 2634 1741 2685 οἰκονοο

160 2733 295 2802 μίας
326 2730 387 2783 τὸ
427 2728 559 2797 βαθὺ
594 2729 910 2799 μυστήριον,
962 2727 1075 2779 ἀλλ’
1124 2726 1245 2779 οὐδέ
1293 2727 1383 2779 τὸν
1432 2724 1741 2777 ἐνοικοῦντα

156 2821 240 2887 τῷ
281 2822 344 2871 ἐκ
382 2818 653 2888 Παρθένου
706 2816 816 2886 ναῷ
869 2816 999 2869 Θεὸν
1052 2817 1222 2884 Λόγον
1272 2817 1738 2882 ἐπιγινώσκοντες,

159 2911 311 2981 ζήλῳ
345 2909 603 2971 πολλάκις
653 2906 1070 2977 πεπλανημένῳ,
1117 2906 1211 2957 καὶ
1255 2904 1316 2957 οὐ
1349 2903 1426 2975 τῷ
1474 2903 1593 2956 κατ’
1626 2902 1743 2953 ἐπί-

157 3018 386 3069 γνωσιν,
421 3000 492 3063 ὠς
526 3002 553 3052 ὁ
597 2997 806 3061 Παῦλός
838 3014 1023 3065 φησιν,
1055 2998 1132 3060 εἰς
1176 2995 1474 3066 ἀγριότητα
1525 2993 1743 3064 τρόπων

157 3095 259 3147 καὶ
292 3092 598 3162 ἀνημέρους
636 3091 802 3161 όργάς
835 3089 1171 3153 ἐξεκαίοντο·
1205 3089 1297 3140 καὶ
1340 3087 1403 3157 δὴ
1445 3086 1537 3138 καὶ
1580 3101 1745 3139 κατα-

1839 2350 2169 2406 voluntatem
2192 2346 2306 2417 ejus
2338 2346 2427 2415 qui
2459 2344 2603 2397 misit
2639 2358 2719 2396 me
2755 2341 2959 2395 Patris.

1912 2463 2145 2518 Attende
2179 2474 2402 2515 rursum
2436 2458 2625 2513 acrius
2665 2458 2721 2510 in
2766 2470 2830 2509 ea
2864 2469 2987 2524 qua;
3034 2453 3323 2516 dicuntur,
3364 2460 3421 2507 et

1840 2557 1948 2611 vim
1992 2556 2184 2609 horum
2218 2551 2510 2607 verborum
2547 2550 2825 2604 intellectu
2874 2547 3114 2617 percipe.
3149 2545 3285 2599 Cum
3321 2542 3418 2599 Ju-

1842 2647 1941 2702 daei
1970 2646 2137 2699 altum
2165 2641 2563 2698 incarnationis
2592 2640 2911 2710 mySterium
2961 2639 3299 2708 ignorarent,
3325 2637 3417 2691 sed

1845 2751 2026 2806 neque
2062 2736 2273 2789 scirent
2319 2732 2487 2785 Deum
2513 2730 2752 2782 Verbum
2782 2727 3093 2781 inhabitare
3136 2727 3190 2778 in
3220 2724 3419 2793 templo

1844 2827 2111 2899 Virginis,
2152 2838 2389 2880 erronco
2435 2822 2756 2888 plerumque
2801 2818 2938 2880 zelo,
2968 2824 3025 2872 et
3066 2829 3172 2869 non
3221 2829 3419 2869 secun-

1843 2920 1971 2971 dum
2008 2918 2320 2978 scientiam,
2357 2923 2418 2966 ut
2455 2912 2661 2966 Paulus
2694 2910 2769 2963 ait
2793 2913 2857 2976 “,
2897 2911 2955 2964 in
2991 2924 3204 2963 morum
3233 2908 3421 2963 ferita-

1844 3019 1955 3065 tem
1983 3016 2040 3064 et
2072 3007 2340 3061 immanes
2380 3006 2492 3059 i~ras
2524 3001 2963 3057 ex'ardescebant
2995 3017 3009 3053 :
3050 3001 3301 3068 adeoque
3344 3000 3422 3052 la-

1845 3100 2065 3171 pidibus
2082 3099 2257 3167 ipsum
2282 3096 2513 3149 obruere
2542 3093 2882 3155 nitebantur,
2907 3090 3079 3161 quod,
3111 3104 3272 3145 nomo
3294 3103 3420 3143 eum

158 3185 343 3237 λεύειν
366 3182 897 3253 ἐπεχείρουν,αὑτὸν,
934 3182 1122 3249 ὅτιπερ
1156 3178 1436 3249 ἄνθρωπος
1489 3175 1585 3240 ὢν,
1619 3178 1743 3228 ἐαυ-

1848 3199 2018 3253 esset,
2068 3189 2310 3259 seipsqu
2364 3185 2535 3239 Deum
2567 3183 2802 3248 faceret,
2834 3197 2900 3237 ac
2939 3189 3227 3252 praeterea,
3275 3178 3421 3251 quod

158 3277 255 3329 τὸν
285 3275 457 3327 ἐποίει
492 3274 645 3337 Θεὸν,
696 3274 791 3326 καὶ
836 3272 1018 3336 πάλιν,
1049 3272 1129 3325 ὅτι
1170 3271 1387 3339 Πατέρα
1430 3269 1559 3322 ἴδιον
1592 3268 1744 3336 ἐλεγε

158 3370 256 3421 τὸν
301 3367 453 3430 Θεὸν,
510 3366 623 3418 ἴσον
669 3365 859 3418 ἐαυτὸν
908 3363 1074 3416 ποιῶν
1122 3362 1198 3431 τῷ
1243 3362 1379 3432 Θεῷ.
1424 3360 1637 3431 Ἐπειδὴ
1689 3360 1745 3412 δὲ

157 3456 308 3532 ἦσαν
341 3456 482 3510 οὕτω
511 3455 822 3526 δυσμαθεῖς,
870 3456 963 3508 καὶ
1006 3453 1324 3525 θεοπρεπῶν
1361 3454 1456 3523 μέν
1484 3452 1619 3515 ὅλως
1648 3450 1747 3504 οὐκ

158 3553 488 3623 ἀνεχόμενοι
537 3550 733 3618 λόγων,
780 3548 950 3620 μικρὰ
996 3549 1052 3601 δὲ
1103 3549 1229 3618 περὶ
1283 3547 1447 3600 αὑτοῦ
1503 3546 1593 3600 καὶ
1619 3563 1749 3617 φρο-

154 3645 386 3706 νοῦντες
447 3643 540 3695 καὶ
596 3641 779 3709 λέγετε
821 3640 927 3715 [ἰσ.
985 3637 1277 3713 λέγοντεςῇ
1325 3639 1678 3709 οἰκονομικῶς
1720 3640 1748 3691 ὁ

162 3733 364 3800 Σωτὴρ
413 3731 759 3801 συννηπιάζει
818 3732 917 3801 μὲν
966 3732 1169 3794 αὐτοῖς,
1202 3730 1545 3800 κεκραμένην
1582 3730 1625 3782 δ’
1654 3725 1747 3781 οὖν

164 3825 322 3893 ὅμως
354 3823 585 3874 ἐποιεῖτο
612 3821 709 3892 τὴν
741 3822 1014 3893 ἐξήγησιν,
1039 3820 1160 3874 οὔτε
1205 3822 1329 3884 τοὺς
1361 3820 1437 3891 τῷ
1464 3820 1582 3891 Θεῷ
1615 3820 1749 3891 πρέ-

165 3929 375 3974 ποντας
423 3912 610 3980 λόγους
656 3912 914 3976 ὁλοτελῶς
963 3910 1415 3982 παραιτούμενος,
1474 3910 1597 3965 οὕτε
1646 3909 1749 3981 μὴν

164 4006 253 4065 εἰς
285 4003 572 4073 ὁλόκληρον
597 4002 703 4055 τῶν
730 4003 1081 4073 ἀνθρωπίνων
1114 4003 1372 4074 ῥημάτων
1402 4002 1713 4071 ἀποφοιτῶν
1734 4017 1747 4030 ’

165 4092 349 4146 εἰπὼν
383 4092 437 4143 δέ
467 4109 519 4144 τι
560 4096 657 4162 τῆς
691 4092 879 4159 θεῖκῆς
924 4092 1170 4159 ἐξουσίας
1203 4092 1369 4156 ἀξιον,
1411 4090 1750 4161 παραχρῆμα

167 4184 395 4246 κολάζει
446 4183 535 4235 τὸν
590 4183 910 4236 ἀπαίδευτον
964 4185 1070 4237 τῶν
1130 4184 1491 4255 ἀκροωμένων
1547 4183 1748 4251 θυμὸν,

168 4273 476 4342 ἐπαγαγών
506 4291 557 4327 τι
584 4274 675 4327 καὶ
704 4273 1058 4347 ἀνθρώπινον,
1097 4277 1189 4328 καὶ⁸
1232 4276 1389 4329 πάλιν
1413 4274 1752 4343 ἀνθρώπινόν

166 4383 223 4419 τι
246 4363 339 4416 διὰ
370 4362 468 4433 τὴν
495 4364 799 4433 οἰκονομίαν
828 4364 1015 4427 εἰπὼν,
1042 4365 1142 4417 οὐκ
1190 4365 1247 4416 ἐν
1282 4365 1493 4435 μικροῖς
1525 4361 1751 4433 ὁρᾶσθαι

168 4456 362 4527 μόνοις
391 4455 459 4508 τὰ
507 4455 627 4509 καθ’
658 4456 869 4521 ἐαυτὸν,
900 4455 1030 4508 Θεὸν
1076 4457 1202 4509 ὄντα
1248 4456 1386 4509 κατά
1433 4455 1594 4525 φύσιν
1638 4456 1754 4507 ἐπι-

164 4547 434 4602 δεικνύων
462 4547 546 4599 διά
580 4549 678 4617 τῆς
714 4548 852 4618 ὑπὲρ
890 4547 1173 4618 ἄνθρωπον
1222 4548 1404 4617 ἰσχύος
1458 4548 1552 4601 καὶ
1578 4547 1751 4615 λόγων

167 4636 459 4700 πολλάκις.
489 4638 752 4708 Τοιαύτην
778 4639 900 4692 τινὰ
929 4639 1021 4692 καὶ
1052 4638 1147 4692 νῦν
1175 4640 1231 4691 ἐν
1258 4642 1369 4703 τοῖς
1395 4639 1595 4709 ἀρτίως
1624 4641 1752 4708 ἡμῖν

167 4728 559 4798 προκειμένοις
588 4729 841 4801 εὑρήσεις
870 4730 966 4800 τὴν
990 4730 1205 4801 τέχνην.
1240 4729 1303 4782 Τί
1337 4730 1446 4800 γὰρ
1480 4729 1585 4799 ἐφη
1620 4728 1757 4798 φθά-

170 4839 309 4887 σεις;
349 4840 367 4871 ι
411 4820 619 4891 Ὥσπερ
650 4821 757 4891 γὰρ
794 4823 822 4874 ὁ
866 4820 1053 4891 Πατὴρ
1105 4821 1305 4891 ἐγείρει
1338 4821 1461 4883 τοὺς
1507 4822 1755 4891 νεκροὺς,

167 4914 265 4964 καὶ
299 4912 585 4973 ζωοποιεῖ·
623 4930 641 4963 ι
685 4906 804 4964 εἶτα.
840 4912 1021 4976 πάλιν,
1058 4930 1075 4962 ι
1120 4912 1241 4965 Ὂτι
1292 4913 1504 4983 ἔρχεται
1535 4910 1672 4982 ὥρα,
1702 4913 1758 4964 ἐν

171 4999 202 5074 ᾗ
245 5004 451 5062 παντες
482 5003 529 5053 οἰ
556 5001 612 5051 ἐν
645 5003 756 5066 τοῖς
794 5003 1075 5072 μνημείοις
1106 5003 1425 5055 ἀκούσονται
1455 5002 1552 5071 τῆς
1579 5002 1760 5071 φωνῆς

169 5090 369 5145 αὑτοῦ·
415 5112 432 5141 r
470 5092 718 5162 καὶπρὸς
759 5093 984 5156 τούτοις,
1019 5094 1099 5147 ὅτι
1129 5094 1221 5146 καὶ
1246 5092 1613 5161 ἐξελεύσονται
1650 5111 1763 5164 κρι-

170 5182 492 5251 θησόμενοι,
548 5183 640 5234 καὶ
692 5184 969 5251 ἀναλόγως
1021 5185 1329 5254 ὡσπερανεὶ
1386 5185 1609 5254 ἐργάται
1662 5184 1761 5253 τὴν

171 5271 526 5341 ἀντιμισθίαν
573 5274 992 5344 ἀποληψόμενοι.
1067 5278 1123 5329 ’0
1172 5277 1226 5330 δέ
1284 5276 1535 5330 δύνασθαι
1588 5275 1760 5345 λέγων

171 5364 393 5433 οὕσπερ
420 5363 484 5415 ἂν
511 5362 679 5416 ἐθέλει
710 5355 1010 5433 ζωογονεῖν,
1048 5367 1141 5420 καί
1169 5366 1340 5431 οὕτως
1367 5368 1441 5430 ὡς
1468 5368 1496 5420 ὁ
1529 5368 1718 5436 Πατήρ
1742 5382 1754 5395 ⁹

174 5452 300 5515 πῶς
340 5452 410 5505 ἂν
452 5453 571 5522 οὐχὶ
620 5453 719 5525 τὴν
773 5454 891 5524 Θεῷ
944 5455 1257 5526 πρέπουσαν
1307 5457 1532 5527 δύναμιν
1584 5456 1759 5527 ἐαυτῷ

173 5545 357 5596 νοοῖτο
388 5542 679 5612 περιτιθείς
706 5560 720 5609 ;
754 5545 944 5598 Ἔσται
982 5546 1036 5599 δὲ
1066 5547 1147 5600 ὅτι
1192 5548 1284 5601 καὶ
1322 5548 1534 5601 πάντων
1568 5547 1759 5617 κριτὴς

174 5637 204 5686 ὁ
232 5631 535 5704 διαρρήδην
566 5632 755 5702 εἰπὼν,
784 5634 896 5699 πῶς
938 5637 1035 5690 οὐκ
1071 5638 1136 5690 ἂν
1188 5637 1482 5709 ἐκταράεαι
1534 5637 1758 5699 δικαίως

176 5725 307 5785 τοὺς
329 5721 615 5792 ἄνθρωπον
638 5724 715 5779 ἐτι
737 5728 939 5797 γυμνὸν
965 5730 1238 5800 οἰομένους
1266 5731 1530 5803 ὑπάρχειν
1562 5729 1757 5803 αύτόν;

251 5840 296 5870 "
334 5836 498 5894 Rom.
531 5856 561 5893 ι
584 5880 597 5905 ,
627 5842 682 5897 2.

1846 3282 2064 3336 Patrem
2094 3292 2251 3334 suum
2286 3276 2456 3331 Deum
2488 3284 2729 3337 vocaret,
2755 3273 3016 3343 aequalem
3065 3273 3305 3341 seipsum
3338 3269 3421 3325 [λ-

1847 3371 2001 3425 ciens
2041 3368 2175 3422 Deo.
2215 3365 2353 3420 Cum
2400 3372 2580 3419 autem
2635 3371 2823 3419 essent
2875 3363 3013 3417 adeo
3054 3362 3303 3427 hebetes,
3358 3374 3422 3414 ac

1848 3461 2066 3518 divinos
2112 3472 2396 3515 sermones
2430 3458 2621 3527 utique
2660 3470 2770 3511 non
2802 3454 3032 3515 ferrent,
3069 3455 3247 3523 deque
3296 3457 3420 3524 ipso

1848 3553 2087 3610 tenuiter
2124 3548 2418 3605 admodum
2462 3548 2734 3603 sentirent
2769 3562 2834 3601 ac
2882 3548 3263 3617 loquerentur,
3314 3547 3427 3601 sin-

1849 3647 2025 3719 gulari
2060 3643 2297 3700 consilio
2339 3640 2592 3696 Salvator
2626 3640 2695 3695 ad
2726 3654 2919 3696 eorum
2958 3639 3253 3709 pueritiam
3301 3654 3427 3695 sese

1849 3742 2114 3805 demittit,
2162 3743 2466 3806 temperata
2521 3732 2885 3787 nihilominus
2940 3732 3288 3802 expositione
3320 3732 3429 3785 uti-

1850 3842 1962 3895 tur,
2004 3846 2131 3886 cum
2176 3842 2279 3883 nec
2315 3825 2710 3882 convenientes
2762 3822 2875 3878 Deo
2932 3837 3217 3879 sermones
3267 3823 3429 3893 plano

1851 3923 2120 3993 repudiet,
2148 3934 2254 3975 nec
2293 3918 2361 3973 ab
2391 3915 2647 3971 humanis
2678 3914 2968 3970 vocabulis
3018 3914 3072 3968 in
3107 3921 3281 3968 totum
3336 3928 3427 3969 re-

1854 4016 2025 4084 fugiat
2065 4030 2077 4066 :
2108 4012 2205 4067 sed
2238 4010 2428 4065 divina
2465 4013 2740 4077 potestate
2770 4007 2993 4077 dignum
3030 4002 3239 4075 aliquid
3277 4004 3429 4059 Iocu-

1852 4115 1977 4165 tus,
2026 4102 2215 4157 statim
2265 4098 2474 4169 aliquid
2514 4099 2817 4152 humanum
2864 4095 3085 4165 subjicit
3120 4111 3231 4165 quo
3278 4095 3429 4149 inso-

1854 4198 2052 4252 lentem
2092 4209 2284 4249 eorum
2340 4194 2583 4246 animum
2641 4191 2946 4260 reprimat;
3000 4197 3055 4243 et
3098 4201 3295 4241 rursus
3336 4185 3427 4241 ubi

1856 4295 2083 4357 propter
2120 4284 2523 4340 incarnationis
2561 4280 3032 4352 dispensationem
3089 4276 3293 4346 aliquid
3329 4277 3430 4331 hu-

1854 4391 2076 4432 manum
2122 4374 2373 4444 protulit,
2407 4374 2615 4427 virtute
2661 4380 2717 4427 et
2747 4383 2879 4424 voce
2931 4370 3172 4423 humana
3231 4365 3429 4433 majori

1859 4483 2003 4538 saepe
2036 4458 2280 4521 ostendit
2319 4481 2398 4528 se,
2443 4463 2590 4519 Deus
2621 4477 2747 4517 cum
2791 4461 2865 4516 sit
2915 4459 3217 4515 secundum
3268 4466 3422 4512 natu.

1858 4576 1999 4626 ram,
2048 4560 2104 4613 in
2136 4574 2202 4613 eo
2242 4565 2457 4612 tantum
2505 4555 2840 4609 humilitatis
2871 4542 3015 4608 statu
3049 4566 3157 4605 non
3197 4551 3425 4605 versari.

1859 4649 2173 4706 Istiusmodi
2201 4648 2494 4718 quamdam
2518 4656 2691 4701 artem
2725 4645 2889 4699 etiam
2928 4645 2981 4698 in
3015 4644 3083 4699 iis
3113 4658 3237 4713 quae
3267 4642 3431 4698 modo

1858 4741 2140 4811 proposita
2185 4746 2318 4793 sunt
2358 4739 2623 4807 reperies.
2676 4737 2789 4793 Cur
2827 4736 2975 4792 enim
3036 4745 3196 4789 antea
3236 4733 3374 4789 dixit
3414 4753 3427 4789 :

1866 4850 1886 4884 ι
1920 4832 2075 4887 Sicut
2107 4831 2252 4886 enim
2281 4830 2442 4883 Pater
2472 4830 2705 4884 suscitat
2736 4836 3004 4890 mortuos,
3025 4835 3079 4879 et
3100 4825 3379 4892 viviﬁcat;
3407 4844 3427 4877 ι

1861 4926 1992 4980 item
2034 4943 2047 4977 :
2097 4942 2115 4974 ι
2160 4923 2298 4988 Quia
2334 4921 2485 4975 venit
2532 4921 2691 4983 hora,
2727 4920 2781 4974 in
2834 4934 2941 4989 qua
2990 4932 3181 4971 omnes
3230 4916 3431 4970 mortui

1862 5030 2049 5070 vocem
2094 5014 2216 5081 ejus
2256 5012 2525 5076 audient;
2566 5031 2583 5063 ι
2618 5019 2912 5081 praeterea,
2963 5019 3018 5063 et
3056 5007 3203 5076 quod
3245 5020 3435 5075 prece.

1865 5107 1995 5160 dent
2033 5102 2303 5171 judicium
2343 5101 2608 5165 subituri,
2645 5110 2697 5156 et
2752 5115 2851 5170 pro
2895 5100 3012 5155 suis
3047 5095 3258 5152 meritis
3293 5110 3434 5151 mer-

1863 5194 2051 5249 cedem
2083 5194 2404 5262 recepturi?
2438 5192 2508 5245 At
2542 5193 2636 5262 qui
2671 5192 2805 5246 dicit
2844 5204 3009 5260 posse
3039 5192 3099 5243 s’e
3132 5202 3272 5257 quos
3301 5186 3432 5241 velit

1861 5284 2161 5347 viviﬁcare,
2192 5299 2301 5339 non
2328 5299 2489 5339 secus
2526 5298 2591 5337 ac
2619 5281 2784 5337 Pater
2815 5299 2827 5334 :
2856 5278 3131 5351 quomodo
3164 5293 3272 5332 non
3305 5291 3433 5331 ceu-

1868 5379 2079 5433 sebitur
2121 5377 2365 5431 divinam
2412 5377 2517 5432 sibi
2566 5376 2796 5447 gloriam
2829 5373 3127 5444 arrogare?
3156 5370 3263 5437 Qui
3302 5384 3434 5425 vero

1870 5470 2046 5539 palam
2082 5469 2285 5523 asserit
2317 5484 2377 5523 se
2404 5469 2791 5524 universorum
2830 5466 2945 5521 lore
2994 5462 3261 5533 iudicem,
3292 5475 3431 5531 quo-

1870 5558 2031 5613 modo
2050 5573 2159 5612 non
2196 5556 2321 5627 jure
2356 5558 2617 5629 percellet
2648 5572 2744 5613 eos
2782 5555 2876 5625 qui
2911 5568 3124 5609 merum
3155 5550 3432 5605 hominem

1868 5648 2032 5719 238
2074 5649 2250 5717 ipsum
2289 5663 2412 5704 esse
2445 5648 2677 5718 putant?
2720 5649 2858 5704 Cum
2899 5647 3048 5702 enim
3090 5642 3301 5698 Πεϋηί
3345 5655 3434 5694 es-

1869 5748 2010 5806 sent,
2043 5754 2105 5795 ac
2138 5738 2341 5794 divinis
2373 5740 2577 5795 eruditi
2610 5738 2859 5805 Litteris,
2893 5735 3174 5809 probabile
3199 5740 3431 5789 erateos
