  <div class='ocr_page' id='page_1' title='image "/cluster/home/n/w/nwhite01/storage/ocr_20150623/73/nnc1.0046980245/203.png"; bbox 0 0 4206 6510; ppageno 0'>
   <div class='ocr_carea' id='block_1_1' title="bbox 764 418 868 474">
    <p class='ocr_par' dir='ltr' id='par_1_1' title="bbox 764 418 868 474">
     <span class='ocr_line' id='line_1_1' title="bbox 764 418 868 474; baseline -0.058 1"><span class='ocrx_word' id='word_1_1' title='bbox 764 418 868 474; x_wconf 77' lang='lat'><strong>387</strong></span> 
     </span>
    </p>
   </div>
   <div class='ocr_carea' id='block_1_2' title="bbox 1722 397 2969 462">
    <p class='ocr_par' dir='ltr' id='par_1_2' title="bbox 1722 397 2969 462">
     <span class='ocr_line' id='line_1_2' title="bbox 1722 397 2969 462; baseline -0.008 0"><span class='ocrx_word' id='word_1_2' title='bbox 1722 408 1778 462; x_wconf 90' lang='lat' dir='ltr'><strong>S.</strong></span> <span class='ocrx_word' id='word_1_3' title='bbox 1819 402 2099 460; x_wconf 73' lang='lat' dir='ltr'><strong>CYRILLI</strong></span> <span class='ocrx_word' id='word_1_4' title='bbox 2139 398 2612 457; x_wconf 75' lang='lat' dir='ltr'><strong>ALEXANDRINI</strong></span> <span class='ocrx_word' id='word_1_5' title='bbox 2648 397 2969 455; x_wconf 78' lang='lat' dir='ltr'><strong>ARCHIEP.</strong></span> 
     </span>
    </p>
   </div>
   <div class='ocr_carea' id='block_1_3' title="bbox 3952 396 4055 455">
    <p class='ocr_par' dir='ltr' id='par_1_3' title="bbox 3952 396 4055 455">
     <span class='ocr_line' id='line_1_3' title="bbox 3952 396 4055 455; baseline 0.058 -7"><span class='ocrx_word' id='word_1_6' title='bbox 3952 396 4055 455; x_wconf 64' lang='lat'><strong>593</strong></span> 
     </span>
    </p>
   </div>
   <div class='ocr_carea' id='block_1_4' title="bbox 766 507 2427 601">
    <p class='ocr_par' dir='ltr' id='par_1_4' title="bbox 766 515 2412 601">
     <span class='ocr_line' id='line_1_4' title="bbox 766 515 2412 601; baseline -0.013 -12"><span class='ocrx_word' id='word_1_7' title='bbox 766 549 875 590; x_wconf 91' lang='lat' dir='ltr'><strong>non</strong></span> <span class='ocrx_word' id='word_1_8' title='bbox 900 533 1157 601; x_wconf 84' lang='lat' dir='ltr'><strong>ignorare</strong></span> <span class='ocrx_word' id='word_1_9' title='bbox 1189 522 1499 580; x_wconf 85' lang='lat' dir='ltr'><strong>Deum-fore</strong></span> <span class='ocrx_word' id='word_1_10' title='bbox 1525 522 1698 576; x_wconf 90' lang='lat' dir='ltr'><strong>totius</strong></span> <span class='ocrx_word' id='word_1_11' title='bbox 1720 521 1875 573; x_wconf 91' lang='lat' dir='ltr'><strong>orbis</strong></span> <span class='ocrx_word' id='word_1_12' title='bbox 1893 518 2158 588; x_wconf 86' lang='lat' dir='ltr'><strong>judicem,</strong></span> <span class='ocrx_word' id='word_1_13' title='bbox 2191 515 2335 584; x_wconf 88' lang='lat' dir='ltr'><strong>apud</strong></span> <span class='ocrx_word' id='word_1_14' title='bbox 2366 522 2412 575; x_wconf 75' lang='grc' dir='ltr'>Α</span> 
     </span>
    </p>
   </div>
   <div class='ocr_carea' id='block_1_5' title="bbox 2392 507 4053 601">
    <p class='ocr_par' dir='ltr' id='par_1_5' title="bbox 2392 507 4053 581">
     <span class='ocr_line' id='line_1_5' title="bbox 2392 507 4053 581; baseline -0.003 -16"><span class='ocrx_word' id='word_1_15' title='bbox 2392 522 2412 572; x_wconf 62' lang='grc' dir='ltr'><strong>ι</strong></span> <span class='ocrx_word' id='word_1_16' title='bbox 2441 508 2552 565; x_wconf 83' lang='grc' dir='ltr'>Ἦν</span> <span class='ocrx_word' id='word_1_17' title='bbox 2581 512 2689 581; x_wconf 76' lang='grc' dir='ltr'><strong>γὰρ</strong></span> <span class='ocrx_word' id='word_1_18' title='bbox 2715 512 2800 580; x_wconf 74' lang='grc' dir='ltr'>δὴ,</span> <span class='ocrx_word' id='word_1_19' title='bbox 2831 512 2972 563; x_wconf 83' lang='grc' dir='ltr'><strong>κατά</strong></span> <span class='ocrx_word' id='word_1_20' title='bbox 3007 510 3068 561; x_wconf 85' lang='grc' dir='ltr'><strong>τὸ</strong></span> <span class='ocrx_word' id='word_1_21' title='bbox 3098 507 3264 572; x_wconf 76' lang='grc' dir='ltr'>εἰκὸς,</span> <span class='ocrx_word' id='word_1_22' title='bbox 3302 510 3587 579; x_wconf 74' lang='grc' dir='ltr'>Ἐϐραίους</span> <span class='ocrx_word' id='word_1_23' title='bbox 3622 510 3781 573; x_wconf 71' lang='grc' dir='ltr'>ὄντας</span> <span class='ocrx_word' id='word_1_24' title='bbox 3822 510 4053 570; x_wconf 66' lang='grc' dir='ltr'>αὑτοὶς.</span> 
     </span>
    </p>
   </div>
   <div class='ocr_carea' id='block_1_6' title="bbox 765 608 2333 692">
    <p class='ocr_par' dir='ltr' id='par_1_6' title="bbox 765 608 2333 692">
     <span class='ocr_line' id='line_1_6' title="bbox 765 608 2333 692; baseline -0.012 -16"><span class='ocrx_word' id='word_1_25' title='bbox 765 637 905 692; x_wconf 79' lang='lat' dir='ltr'><strong>quos</strong></span> <span class='ocrx_word' id='word_1_26' title='bbox 952 618 1084 674; x_wconf 88' lang='lat' dir='ltr'><strong>illud</strong></span> <span class='ocrx_word' id='word_1_27' title='bbox 1153 626 1529 683; x_wconf 67' lang='lat' dir='ltr'><strong>saepenumero</strong></span> <span class='ocrx_word' id='word_1_28' title='bbox 1578 611 1883 665; x_wconf 85' lang='lat' dir='ltr'><strong>canebatur</strong></span> <span class='ocrx_word' id='word_1_29' title='bbox 1926 628 1938 661; x_wconf 92' lang='lat'>:</span> <span class='ocrx_word' id='word_1_30' title='bbox 1986 626 2004 657; x_wconf 75' lang='grc' dir='ltr'><strong>ι</strong></span> <span class='ocrx_word' id='word_1_31' title='bbox 2064 608 2333 673; x_wconf 71' lang='lat' dir='ltr'><strong>Exsurge,</strong></span> 
     </span>
    </p>
   </div>
   <div class='ocr_carea' id='block_1_7' title="bbox 766 697 2337 779">
    <p class='ocr_par' dir='ltr' id='par_1_7' title="bbox 766 697 2337 779">
     <span class='ocr_line' id='line_1_7' title="bbox 766 697 2337 779; baseline -0.013 -11"><span class='ocrx_word' id='word_1_32' title='bbox 766 715 944 774; x_wconf 78' lang='lat' dir='ltr'><strong>Deus,</strong></span> <span class='ocrx_word' id='word_1_33' title='bbox 986 708 1170 779; x_wconf 90' lang='lat' dir='ltr'><strong>judica</strong></span> <span class='ocrx_word' id='word_1_34' title='bbox 1204 704 1499 759; x_wconf 77' lang='lat' dir='ltr'><strong>terram&quot;.</strong></span> <span class='ocrx_word' id='word_1_35' title='bbox 1529 723 1547 754; x_wconf 78' lang='grc' dir='ltr'><strong>ι</strong></span> <span class='ocrx_word' id='word_1_36' title='bbox 1589 702 1655 755; x_wconf 83' lang='lat' dir='ltr'><strong>Et</strong></span> <span class='ocrx_word' id='word_1_37' title='bbox 1692 716 1911 755; x_wconf 84' lang='lat' dir='ltr'><strong>rursum</strong></span> <span class='ocrx_word' id='word_1_38' title='bbox 1955 715 2019 750; x_wconf 75' lang='grc' dir='ltr'>ε(</span> <span class='ocrx_word' id='word_1_39' title='bbox 2060 697 2337 761; x_wconf 81' lang='lat' dir='ltr'><strong>Quoniam</strong></span> 
     </span>
    </p>
   </div>
   <div class='ocr_carea' id='block_1_8' title="bbox 766 786 2340 869">
    <p class='ocr_par' dir='ltr' id='par_1_8' title="bbox 766 786 2340 869">
     <span class='ocr_line' id='line_1_8' title="bbox 766 786 2340 869; baseline -0.012 -11"><span class='ocrx_word' id='word_1_40' title='bbox 766 804 910 858; x_wconf 83' lang='lat' dir='ltr'><strong>Deus</strong></span> <span class='ocrx_word' id='word_1_41' title='bbox 955 798 1129 869; x_wconf 77' lang='lat' dir='ltr'><strong>judex</strong></span> <span class='ocrx_word' id='word_1_42' title='bbox 1163 798 1338 851; x_wconf 81' lang='lat' dir='ltr'><strong>est“.</strong></span> <span class='ocrx_word' id='word_1_43' title='bbox 1370 816 1388 847; x_wconf 76' lang='grc' dir='ltr'><strong>ι</strong></span> <span class='ocrx_word' id='word_1_44' title='bbox 1422 794 1560 860; x_wconf 83' lang='lat' dir='ltr'><strong>Quia</strong></span> <span class='ocrx_word' id='word_1_45' title='bbox 1601 808 1734 863; x_wconf 80' lang='lat' dir='ltr'><strong>ergo</strong></span> <span class='ocrx_word' id='word_1_46' title='bbox 1786 792 1988 846; x_wconf 90' lang='lat' dir='ltr'><strong>stultos</strong></span> <span class='ocrx_word' id='word_1_47' title='bbox 2040 790 2212 842; x_wconf 88' lang='lat' dir='ltr'><strong>hosce</strong></span> <span class='ocrx_word' id='word_1_48' title='bbox 2242 786 2340 840; x_wconf 81' lang='lat' dir='ltr'><strong>Ju-</strong></span> 
     </span>
    </p>
   </div>
   <div class='ocr_carea' id='block_1_9' title="bbox 764 879 2339 961">
    <p class='ocr_par' dir='ltr' id='par_1_9' title="bbox 764 879 2339 961">
     <span class='ocr_line' id='line_1_9' title="bbox 764 879 2339 961; baseline -0.01 -13"><span class='ocrx_word' id='word_1_49' title='bbox 764 896 1005 947; x_wconf 82' lang='lat' dir='ltr'><strong>daeorum</strong></span> <span class='ocrx_word' id='word_1_50' title='bbox 1040 891 1274 961; x_wconf 87' lang='lat' dir='ltr'><strong>populos</strong></span> <span class='ocrx_word' id='word_1_51' title='bbox 1306 889 1517 942; x_wconf 83' lang='lat' dir='ltr'><strong>sciebat</strong></span> <span class='ocrx_word' id='word_1_52' title='bbox 1541 901 1660 940; x_wconf 88' lang='lat' dir='ltr'><strong>eam</strong></span> <span class='ocrx_word' id='word_1_53' title='bbox 1692 884 1763 937; x_wconf 91' lang='lat' dir='ltr'><strong>ob</strong></span> <span class='ocrx_word' id='word_1_54' title='bbox 1790 898 1905 937; x_wconf 89' lang='lat' dir='ltr'><strong>rem</strong></span> <span class='ocrx_word' id='word_1_55' title='bbox 1936 880 2234 950; x_wconf 83' lang='lat' dir='ltr'><strong>indignari,</strong></span> <span class='ocrx_word' id='word_1_56' title='bbox 2269 879 2339 932; x_wconf 90' lang='lat' dir='ltr'><strong>ab</strong></span> 
     </span>
    </p>
   </div>
   <div class='ocr_carea' id='block_1_10' title="bbox 763 968 2338 1040">
    <p class='ocr_par' dir='ltr' id='par_1_10' title="bbox 763 968 2338 1040">
     <span class='ocr_line' id='line_1_10' title="bbox 763 968 2338 1040; baseline -0.011 -1"><span class='ocrx_word' id='word_1_57' title='bbox 763 986 843 1040; x_wconf 89' lang='lat' dir='ltr'><strong>ira</strong></span> <span class='ocrx_word' id='word_1_58' title='bbox 879 984 1040 1036; x_wconf 79' lang='lat' dir='ltr'><strong>solita</strong></span> <span class='ocrx_word' id='word_1_59' title='bbox 1067 998 1164 1035; x_wconf 86' lang='lat' dir='ltr'><strong>eos</strong></span> <span class='ocrx_word' id='word_1_60' title='bbox 1192 980 1648 1033; x_wconf 89' lang='lat' dir='ltr'><strong>avocathumano</strong></span> <span class='ocrx_word' id='word_1_61' title='bbox 1675 990 1850 1036; x_wconf 90' lang='lat' dir='ltr'><strong>more,</strong></span> <span class='ocrx_word' id='word_1_62' title='bbox 1879 974 2071 1027; x_wconf 88' lang='lat' dir='ltr'><strong>dicens</strong></span> <span class='ocrx_word' id='word_1_63' title='bbox 2109 988 2122 1024; x_wconf 95' lang='lat'>:</span> <span class='ocrx_word' id='word_1_64' title='bbox 2158 988 2177 1020; x_wconf 78' lang='grc' dir='ltr'><strong>ι</strong></span> <span class='ocrx_word' id='word_1_65' title='bbox 2217 968 2338 1022; x_wconf 85' lang='lat' dir='ltr'><strong>Non</strong></span> 
     </span>
    </p>
   </div>
   <div class='ocr_carea' id='block_1_11' title="bbox 765 1062 2339 1145">
    <p class='ocr_par' dir='ltr' id='par_1_11' title="bbox 765 1062 2339 1145">
     <span class='ocr_line' id='line_1_11' title="bbox 765 1062 2339 1145; baseline -0.011 -14"><span class='ocrx_word' id='word_1_66' title='bbox 765 1091 989 1145; x_wconf 86' lang='lat' dir='ltr'><strong>possum</strong></span> <span class='ocrx_word' id='word_1_67' title='bbox 1019 1090 1122 1141; x_wconf 81' lang='lat' dir='ltr'><strong>ego</strong></span> <span class='ocrx_word' id='word_1_68' title='bbox 1155 1088 1184 1126; x_wconf 91' lang='lat' dir='ltr'><strong>a</strong></span> <span class='ocrx_word' id='word_1_69' title='bbox 1221 1074 1430 1140; x_wconf 89' lang='lat' dir='ltr'><strong>meipso</strong></span> <span class='ocrx_word' id='word_1_70' title='bbox 1465 1068 1649 1123; x_wconf 89' lang='lat' dir='ltr'><strong>facere</strong></span> <span class='ocrx_word' id='word_1_71' title='bbox 1687 1067 2011 1137; x_wconf 82' lang='lat' dir='ltr'><strong>quidquam.</strong></span> <span class='ocrx_word' id='word_1_72' title='bbox 2048 1062 2204 1116; x_wconf 87' lang='lat' dir='ltr'><strong>Sicut</strong></span> <span class='ocrx_word' id='word_1_73' title='bbox 2243 1074 2339 1114; x_wconf 88' lang='lat' dir='ltr'><strong>au-</strong></span> 
     </span>
    </p>
   </div>
   <div class='ocr_carea' id='block_1_12' title="bbox 765 1151 2339 1235">
    <p class='ocr_par' dir='ltr' id='par_1_12' title="bbox 765 1151 2339 1235">
     <span class='ocr_line' id='line_1_12' title="bbox 765 1151 2339 1235; baseline -0.011 -14"><span class='ocrx_word' id='word_1_74' title='bbox 765 1170 876 1229; x_wconf 87' lang='lat' dir='ltr'><strong>dio,</strong></span> <span class='ocrx_word' id='word_1_75' title='bbox 903 1166 1115 1235; x_wconf 75' lang='lat' dir='ltr'><strong>judico.</strong></span> <span class='ocrx_word' id='word_1_76' title='bbox 1165 1183 1184 1214; x_wconf 71' lang='grc' dir='ltr'><strong>ι</strong></span> <span class='ocrx_word' id='word_1_77' title='bbox 1217 1162 1401 1215; x_wconf 87' lang='lat' dir='ltr'><strong>Prima</strong></span> <span class='ocrx_word' id='word_1_78' title='bbox 1440 1160 1606 1228; x_wconf 84' lang='lat' dir='ltr'><strong>igitur</strong></span> <span class='ocrx_word' id='word_1_79' title='bbox 1659 1157 1843 1210; x_wconf 89' lang='lat' dir='ltr'><strong>fronte</strong></span> <span class='ocrx_word' id='word_1_80' title='bbox 1875 1155 2090 1208; x_wconf 85' lang='lat' dir='ltr'><strong>videtur</strong></span> <span class='ocrx_word' id='word_1_81' title='bbox 2121 1151 2339 1205; x_wconf 73' lang='lat' dir='ltr'><strong>Judzeo-</strong></span> 
     </span>
    </p>
   </div>
   <div class='ocr_carea' id='block_1_13' title="bbox 768 1245 2342 1314">
    <p class='ocr_par' dir='ltr' id='par_1_13' title="bbox 768 1245 2342 1314">
     <span class='ocr_line' id='line_1_13' title="bbox 768 1245 2342 1314; baseline -0.011 -2"><span class='ocrx_word' id='word_1_82' title='bbox 768 1275 889 1312; x_wconf 88' lang='lat' dir='ltr'><strong>rmn</strong></span> <span class='ocrx_word' id='word_1_83' title='bbox 945 1265 1182 1311; x_wconf 83' lang='lat' dir='ltr'><strong>mentem</strong></span> <span class='ocrx_word' id='word_1_84' title='bbox 1244 1253 1512 1314; x_wconf 83' lang='lat' dir='ltr'><strong>irridere;</strong></span> <span class='ocrx_word' id='word_1_85' title='bbox 1584 1248 1979 1303; x_wconf 83' lang='lat' dir='ltr'><strong>imbecillitatis</strong></span> <span class='ocrx_word' id='word_1_86' title='bbox 2038 1245 2183 1299; x_wconf 88' lang='lat' dir='ltr'><strong>enim</strong></span> <span class='ocrx_word' id='word_1_87' title='bbox 2241 1258 2342 1295; x_wconf 81' lang='lat' dir='ltr'><strong>cu-</strong></span> 
     </span>
    </p>
   </div>
   <div class='ocr_carea' id='block_1_14' title="bbox 761 1335 2337 1420">
    <p class='ocr_par' dir='ltr' id='par_1_14' title="bbox 761 1335 2337 1420">
     <span class='ocr_line' id='line_1_14' title="bbox 761 1335 2337 1420; baseline -0.011 -18"><span class='ocrx_word' id='word_1_88' title='bbox 761 1351 1018 1420; x_wconf 58' lang='lat' dir='ltr'><strong>jnalam,</strong></span> <span class='ocrx_word' id='word_1_89' title='bbox 1069 1362 1177 1399; x_wconf 92' lang='lat' dir='ltr'><strong>non</strong></span> <span class='ocrx_word' id='word_1_90' title='bbox 1219 1353 1401 1397; x_wconf 89' lang='lat' dir='ltr'><strong>autem</strong></span> <span class='ocrx_word' id='word_1_91' title='bbox 1446 1344 1632 1395; x_wconf 67' lang='lat' dir='ltr'><strong>liberae</strong></span> <span class='ocrx_word' id='word_1_92' title='bbox 1680 1338 1969 1408; x_wconf 83' lang='lat' dir='ltr'><strong>potestatis</strong></span> <span class='ocrx_word' id='word_1_93' title='bbox 2024 1335 2337 1401; x_wconf 84' lang='lat' dir='ltr'><strong>opinionem</strong></span> 
     </span>
    </p>
   </div>
   <div class='ocr_carea' id='block_1_15' title="bbox 768 1426 2336 1510">
    <p class='ocr_par' dir='ltr' id='par_1_15' title="bbox 768 1426 2336 1510">
     <span class='ocr_line' id='line_1_15' title="bbox 768 1426 2336 1510; baseline -0.011 -18"><span class='ocrx_word' id='word_1_94' title='bbox 768 1456 878 1510; x_wconf 68' lang='lat' dir='ltr'><strong>pra:</strong></span> <span class='ocrx_word' id='word_1_95' title='bbox 933 1455 991 1492; x_wconf 88' lang='lat' dir='ltr'><strong>se</strong></span> <span class='ocrx_word' id='word_1_96' title='bbox 1040 1438 1146 1491; x_wconf 92' lang='lat' dir='ltr'><strong>fert</strong></span> <span class='ocrx_word' id='word_1_97' title='bbox 1192 1436 1394 1495; x_wconf 86' lang='lat' dir='ltr'><strong>oratio,</strong></span> <span class='ocrx_word' id='word_1_98' title='bbox 1444 1434 1699 1503; x_wconf 76' lang='lat' dir='ltr'><strong>quamvis</strong></span> <span class='ocrx_word' id='word_1_99' title='bbox 1738 1433 1813 1483; x_wconf 87' lang='lat' dir='ltr'><strong>ita</strong></span> <span class='ocrx_word' id='word_1_100' title='bbox 1853 1444 1959 1481; x_wconf 93' lang='lat' dir='ltr'><strong>non</strong></span> <span class='ocrx_word' id='word_1_101' title='bbox 1996 1426 2068 1480; x_wconf 89' lang='lat' dir='ltr'><strong>sit</strong></span> <span class='ocrx_word' id='word_1_102' title='bbox 2113 1437 2336 1487; x_wconf 81' lang='lat' dir='ltr'><strong>revera;</strong></span> 
     </span>
    </p>
   </div>
   <div class='ocr_carea' id='block_1_16' title="bbox 767 1514 2337 1601">
    <p class='ocr_par' dir='ltr' id='par_1_16' title="bbox 767 1514 2337 1601">
     <span class='ocr_line' id='line_1_16' title="bbox 767 1514 2337 1601; baseline -0.011 -17"><span class='ocrx_word' id='word_1_103' title='bbox 767 1533 967 1601; x_wconf 86' lang='lat' dir='ltr'><strong>quippe</strong></span> <span class='ocrx_word' id='word_1_104' title='bbox 1017 1546 1142 1583; x_wconf 92' lang='lat' dir='ltr'><strong>cum</strong></span> <span class='ocrx_word' id='word_1_105' title='bbox 1194 1528 1421 1598; x_wconf 58' lang='lat' dir='ltr'><strong>aequalis</strong></span> <span class='ocrx_word' id='word_1_106' title='bbox 1452 1528 1523 1579; x_wconf 87' lang='lat' dir='ltr'><strong>sit</strong></span> <span class='ocrx_word' id='word_1_107' title='bbox 1563 1539 1660 1593; x_wconf 81' lang='lat' dir='ltr'><strong>per</strong></span> <span class='ocrx_word' id='word_1_108' title='bbox 1708 1521 1891 1574; x_wconf 83' lang='lat' dir='ltr'><strong>omnia</strong></span> <span class='ocrx_word' id='word_1_109' title='bbox 1936 1517 2085 1570; x_wconf 78' lang='lat' dir='ltr'><strong>Patri</strong></span> <span class='ocrx_word' id='word_1_110' title='bbox 2143 1514 2337 1579; x_wconf 88' lang='lat' dir='ltr'><strong>Filius,</strong></span> 
     </span>
    </p>
   </div>
   <div class='ocr_carea' id='block_1_17' title="bbox 767 1605 2342 1683">
    <p class='ocr_par' dir='ltr' id='par_1_17' title="bbox 767 1605 2342 1683">
     <span class='ocr_line' id='line_1_17' title="bbox 767 1605 2342 1683; baseline -0.014 -6"><span class='ocrx_word' id='word_1_111' title='bbox 767 1623 955 1677; x_wconf 81' lang='lat' dir='ltr'><strong>e:nle:n</strong></span> <span class='ocrx_word' id='word_1_112' title='bbox 1010 1621 1211 1673; x_wconf 76' lang='lat' dir='ltr'><strong>virtute</strong></span> <span class='ocrx_word' id='word_1_113' title='bbox 1255 1632 1317 1670; x_wconf 91' lang='lat' dir='ltr'><strong>ac</strong></span> <span class='ocrx_word' id='word_1_114' title='bbox 1366 1624 1635 1683; x_wconf 80' lang='lat' dir='ltr'><strong>potestate</strong></span> <span class='ocrx_word' id='word_1_115' title='bbox 1666 1612 1928 1681; x_wconf 53' lang='lat' dir='ltr'><strong>praeditus</strong></span> <span class='ocrx_word' id='word_1_116' title='bbox 1956 1618 2040 1662; x_wconf 80' lang='lat' dir='ltr'><strong>est</strong></span> <span class='ocrx_word' id='word_1_117' title='bbox 2076 1605 2342 1661; x_wconf 88' lang='lat' dir='ltr'><strong>naturali-</strong></span> 
     </span>
    </p>
   </div>
   <div class='ocr_carea' id='block_1_18' title="bbox 767 1699 2338 1775">
    <p class='ocr_par' dir='ltr' id='par_1_18' title="bbox 767 1699 2338 1775">
     <span class='ocr_line' id='line_1_18' title="bbox 767 1699 2338 1775; baseline -0.013 -8"><span class='ocrx_word' id='word_1_118' title='bbox 767 1724 868 1767; x_wconf 85' lang='lat' dir='ltr'><strong>ter.</strong></span> <span class='ocrx_word' id='word_1_119' title='bbox 921 1714 1011 1765; x_wconf 84' lang='lat' dir='ltr'><strong>Ait</strong></span> <span class='ocrx_word' id='word_1_120' title='bbox 1060 1720 1241 1763; x_wconf 87' lang='lat' dir='ltr'><strong>autem</strong></span> <span class='ocrx_word' id='word_1_121' title='bbox 1282 1723 1392 1760; x_wconf 93' lang='lat' dir='ltr'><strong>non</strong></span> <span class='ocrx_word' id='word_1_122' title='bbox 1444 1722 1604 1775; x_wconf 77' lang='lat' dir='ltr'><strong>posse</strong></span> <span class='ocrx_word' id='word_1_123' title='bbox 1660 1704 1847 1757; x_wconf 86' lang='lat' dir='ltr'><strong>facere</strong></span> <span class='ocrx_word' id='word_1_124' title='bbox 1874 1718 1932 1756; x_wconf 92' lang='lat' dir='ltr'><strong>se</strong></span> <span class='ocrx_word' id='word_1_125' title='bbox 1965 1699 2268 1770; x_wconf 83' lang='lat' dir='ltr'><strong>quidquam</strong></span> <span class='ocrx_word' id='word_1_126' title='bbox 2307 1710 2338 1747; x_wconf 89' lang='lat' dir='ltr'><strong>a</strong></span> 
     </span>
    </p>
   </div>
   <div class='ocr_carea' id='block_1_19' title="bbox 768 1793 2338 1871">
    <p class='ocr_par' dir='ltr' id='par_1_19' title="bbox 768 1793 2338 1871">
     <span class='ocr_line' id='line_1_19' title="bbox 768 1793 2338 1871; baseline -0.011 -11"><span class='ocrx_word' id='word_1_127' title='bbox 768 1808 971 1871; x_wconf 78' lang='lat' dir='ltr'><strong>seipse,</strong></span> <span class='ocrx_word' id='word_1_128' title='bbox 1011 1802 1108 1855; x_wconf 90' lang='lat' dir='ltr'><strong>scd</strong></span> <span class='ocrx_word' id='word_1_129' title='bbox 1150 1802 1293 1855; x_wconf 82' lang='lat' dir='ltr'><strong>sicut</strong></span> <span class='ocrx_word' id='word_1_130' title='bbox 1348 1799 1585 1851; x_wconf 87' lang='lat' dir='ltr'><strong>audierit</strong></span> <span class='ocrx_word' id='word_1_131' title='bbox 1635 1796 1923 1865; x_wconf 86' lang='lat' dir='ltr'><strong>judicare,</strong></span> <span class='ocrx_word' id='word_1_132' title='bbox 1985 1793 2093 1845; x_wconf 90' lang='lat' dir='ltr'><strong>alio</strong></span> <span class='ocrx_word' id='word_1_133' title='bbox 2142 1803 2338 1843; x_wconf 89' lang='lat' dir='ltr'><strong>rursus</strong></span> 
     </span>
    </p>
   </div>
   <div class='ocr_carea' id='block_1_20' title="bbox 2445 602 4056 673">
    <p class='ocr_par' dir='ltr' id='par_1_20' title="bbox 2445 602 4056 673">
     <span class='ocr_line' id='line_1_20' title="bbox 2445 602 4056 673; baseline -0.004 -15"><span class='ocrx_word' id='word_1_134' title='bbox 2445 606 2541 658; x_wconf 77' lang='grc' dir='ltr'><strong>καὶ</strong></span> <span class='ocrx_word' id='word_1_135' title='bbox 2585 606 2697 665; x_wconf 86' lang='grc' dir='ltr'>τοῖς</span> <span class='ocrx_word' id='word_1_136' title='bbox 2738 606 2905 673; x_wconf 81' lang='grc' dir='ltr'><strong>ἱεροῖς</strong></span> <span class='ocrx_word' id='word_1_137' title='bbox 2952 604 3502 673; x_wconf 75' lang='grc' dir='ltr'>παιδαγωγουμένους</span> <span class='ocrx_word' id='word_1_138' title='bbox 3546 603 3913 671; x_wconf 82' lang='grc' dir='ltr'>Γράμμασιν,</span> <span class='ocrx_word' id='word_1_139' title='bbox 3958 602 4056 653; x_wconf 69' lang='grc' dir='ltr'><strong>οὖν</strong></span> 
     </span>
    </p>
   </div>
   <div class='ocr_carea' id='block_1_21' title="bbox 2443 694 4055 764">
    <p class='ocr_par' dir='ltr' id='par_1_21' title="bbox 2443 694 4055 764">
     <span class='ocr_line' id='line_1_21' title="bbox 2443 694 4055 764; baseline -0.004 -15"><span class='ocrx_word' id='word_1_140' title='bbox 2443 696 2707 764; x_wconf 75' lang='grc' dir='ltr'><strong>ἀγνοῆσαι</strong></span> <span class='ocrx_word' id='word_1_141' title='bbox 2751 694 3050 759; x_wconf 80' lang='grc' dir='ltr'>παντελῶς,</span> <span class='ocrx_word' id='word_1_142' title='bbox 3097 696 3180 748; x_wconf 79' lang='grc' dir='ltr'><strong>ὅτι</strong></span> <span class='ocrx_word' id='word_1_143' title='bbox 3222 696 3353 757; x_wconf 85' lang='grc' dir='ltr'>Θεὸς</span> <span class='ocrx_word' id='word_1_144' title='bbox 3383 696 3536 747; x_wconf 82' lang='grc' dir='ltr'>ἔσται</span> <span class='ocrx_word' id='word_1_145' title='bbox 3585 698 3683 764; x_wconf 76' lang='grc' dir='ltr'>τῆς</span> <span class='ocrx_word' id='word_1_146' title='bbox 3709 694 4055 761; x_wconf 71' lang='grc' dir='ltr'>οἰκουμένης</span> 
     </span>
    </p>
   </div>
   <div class='ocr_carea' id='block_1_22' title="bbox 2445 784 4055 858">
    <p class='ocr_par' dir='ltr' id='par_1_22' title="bbox 2445 784 4055 858">
     <span class='ocr_line' id='line_1_22' title="bbox 2445 784 4055 858; baseline -0.003 -19"><span class='ocrx_word' id='word_1_147' title='bbox 2445 787 2659 858; x_wconf 79' lang='grc' dir='ltr'>κριτὴς,</span> <span class='ocrx_word' id='word_1_148' title='bbox 2709 787 2831 838; x_wconf 74' lang='grc' dir='ltr'>ἐπεὶ</span> <span class='ocrx_word' id='word_1_149' title='bbox 2884 787 2979 839; x_wconf 80' lang='grc' dir='ltr'>καὶ</span> <span class='ocrx_word' id='word_1_150' title='bbox 3022 790 3152 858; x_wconf 81' lang='grc' dir='ltr'>παρ’</span> <span class='ocrx_word' id='word_1_151' title='bbox 3185 789 3368 849; x_wconf 85' lang='grc' dir='ltr'>αὑτοῖς</span> <span class='ocrx_word' id='word_1_152' title='bbox 3422 786 3679 848; x_wconf 64' lang='grc' dir='ltr'>πολλάκις</span> <span class='ocrx_word' id='word_1_153' title='bbox 3740 784 4055 853; x_wconf 53' lang='grc' dir='ltr'>ἑψάλλετο·</span> 
     </span>
    </p>
   </div>
   <div class='ocr_carea' id='block_1_23' title="bbox 2452 878 4052 950">
    <p class='ocr_par' dir='ltr' id='par_1_23' title="bbox 2452 878 4052 950">
     <span class='ocr_line' id='line_1_23' title="bbox 2452 878 4052 950; baseline -0.002 -20"><span class='ocrx_word' id='word_1_154' title='bbox 2452 897 2471 930; x_wconf 75' lang='grc' dir='ltr'><strong>ι</strong></span> <span class='ocrx_word' id='word_1_155' title='bbox 2518 880 2771 940; x_wconf 72' lang='grc' dir='ltr'>Ἀνάστα,</span> <span class='ocrx_word' id='word_1_156' title='bbox 2820 880 2850 930; x_wconf 81' lang='lat'><strong>6</strong></span> <span class='ocrx_word' id='word_1_157' title='bbox 2890 878 3042 943; x_wconf 86' lang='grc' dir='ltr'>Θεὸς,</span> <span class='ocrx_word' id='word_1_158' title='bbox 3091 883 3273 950; x_wconf 80' lang='grc' dir='ltr'>κρῖνον</span> <span class='ocrx_word' id='word_1_159' title='bbox 3322 879 3421 949; x_wconf 65' lang='grc' dir='ltr'>τὴν</span> <span class='ocrx_word' id='word_1_160' title='bbox 3462 880 3585 949; x_wconf 74' lang='grc' dir='ltr'>γῆν.</span> <span class='ocrx_word' id='word_1_161' title='bbox 3619 899 3637 930; x_wconf 69' lang='grc' dir='ltr'><strong>ο</strong></span> <span class='ocrx_word' id='word_1_162' title='bbox 3675 881 3785 931; x_wconf 76' lang='grc' dir='ltr'>Καὶ</span> <span class='ocrx_word' id='word_1_163' title='bbox 3847 878 4052 930; x_wconf 56' lang='grc' dir='ltr'>πάλιν</span> 
     </span>
    </p>
   </div>
   <div class='ocr_carea' id='block_1_24' title="bbox 2452 968 4055 1041">
    <p class='ocr_par' dir='ltr' id='par_1_24' title="bbox 2452 968 4055 1041">
     <span class='ocr_line' id='line_1_24' title="bbox 2452 968 4055 1041; baseline 0 -20"><span class='ocrx_word' id='word_1_164' title='bbox 2452 987 2470 1020; x_wconf 79' lang='grc' dir='ltr'><strong>ι</strong></span> <span class='ocrx_word' id='word_1_165' title='bbox 2511 970 2631 1022; x_wconf 77' lang='grc' dir='ltr'>Ὀτι</span> <span class='ocrx_word' id='word_1_166' title='bbox 2681 973 2710 1022; x_wconf 97' lang='lat'><strong>6</strong></span> <span class='ocrx_word' id='word_1_167' title='bbox 2764 969 2897 1032; x_wconf 87' lang='grc' dir='ltr'>Θεὸς</span> <span class='ocrx_word' id='word_1_168' title='bbox 2945 973 3137 1041; x_wconf 77' lang='grc' dir='ltr'>κριτής</span> <span class='ocrx_word' id='word_1_169' title='bbox 3192 974 3359 1025; x_wconf 76' lang='grc' dir='ltr'>ἐστιν.</span> <span class='ocrx_word' id='word_1_170' title='bbox 3406 990 3425 1023; x_wconf 71' lang='grc' dir='ltr'><strong>ι</strong></span> <span class='ocrx_word' id='word_1_171' title='bbox 3472 971 3625 1023; x_wconf 78' lang='grc' dir='ltr'>Ἐπεὶ</span> <span class='ocrx_word' id='word_1_172' title='bbox 3678 968 3773 1023; x_wconf 75' lang='grc' dir='ltr'><strong>οὖν</strong></span> <span class='ocrx_word' id='word_1_173' title='bbox 3830 970 4055 1031; x_wconf 68' lang='grc' dir='ltr'>τούτοις</span> 
     </span>
    </p>
   </div>
   <div class='ocr_carea' id='block_1_25' title="bbox 2445 1060 4053 1131">
    <p class='ocr_par' dir='ltr' id='par_1_25' title="bbox 2445 1060 4053 1131">
     <span class='ocr_line' id='line_1_25' title="bbox 2445 1060 4053 1131; baseline -0.001 -18"><span class='ocrx_word' id='word_1_174' title='bbox 2445 1060 2809 1129; x_wconf 77' lang='grc' dir='ltr'><strong>ἀσχάλλοντας</strong></span> <span class='ocrx_word' id='word_1_175' title='bbox 2833 1061 2948 1131; x_wconf 64' lang='grc' dir='ltr'><strong>⁴ᾔδει</strong></span> <span class='ocrx_word' id='word_1_176' title='bbox 2976 1063 3103 1124; x_wconf 65' lang='grc' dir='ltr'>τοὺς</span> <span class='ocrx_word' id='word_1_177' title='bbox 3126 1064 3385 1131; x_wconf 78' lang='grc' dir='ltr'><strong>ἀνοήτους</strong></span> <span class='ocrx_word' id='word_1_178' title='bbox 3406 1062 3514 1113; x_wconf 80' lang='grc' dir='ltr'>τῶν</span> <span class='ocrx_word' id='word_1_179' title='bbox 3547 1061 3821 1113; x_wconf 81' lang='grc' dir='ltr'>Ἰουδαίων</span> <span class='ocrx_word' id='word_1_180' title='bbox 3860 1061 4053 1121; x_wconf 64' lang='grc' dir='ltr'>λαοὺς,</span> 
     </span>
    </p>
   </div>
   <div class='ocr_carea' id='block_1_26' title="bbox 2444 1152 4053 1223">
    <p class='ocr_par' dir='ltr' id='par_1_26' title="bbox 2444 1152 4053 1223">
     <span class='ocr_line' id='line_1_26' title="bbox 2444 1152 4053 1223; baseline -0.002 -19"><span class='ocrx_word' id='word_1_181' title='bbox 2444 1156 2543 1222; x_wconf 82' lang='grc' dir='ltr'>τῆς</span> <span class='ocrx_word' id='word_1_182' title='bbox 2576 1153 2746 1221; x_wconf 81' lang='grc' dir='ltr'>αὑτῆς</span> <span class='ocrx_word' id='word_1_183' title='bbox 2777 1153 3039 1223; x_wconf 76' lang='grc' dir='ltr'><strong>συνήθους</strong></span> <span class='ocrx_word' id='word_1_184' title='bbox 3066 1154 3236 1223; x_wconf 76' lang='grc' dir='ltr'>ὀργῆς</span> <span class='ocrx_word' id='word_1_185' title='bbox 3266 1152 3507 1222; x_wconf 75' lang='grc' dir='ltr'>ἐξίστησι</span> <span class='ocrx_word' id='word_1_186' title='bbox 3550 1152 3722 1221; x_wconf 79' lang='grc' dir='ltr'>λέγων</span> <span class='ocrx_word' id='word_1_187' title='bbox 3752 1152 4053 1222; x_wconf 73' lang='grc' dir='ltr'>ἀνθρωπι-</span> 
     </span>
    </p>
   </div>
   <div class='ocr_carea' id='block_1_27' title="bbox 2446 1240 4055 1313">
    <p class='ocr_par' dir='ltr' id='par_1_27' title="bbox 2446 1240 4055 1313">
     <span class='ocr_line' id='line_1_27' title="bbox 2446 1240 4055 1313; baseline 0.001 -22"><span class='ocrx_word' id='word_1_188' title='bbox 2446 1240 2716 1311; x_wconf 80' lang='grc' dir='ltr'>νώτερον’</span> <span class='ocrx_word' id='word_1_189' title='bbox 2765 1260 2784 1292; x_wconf 77' lang='grc' dir='ltr'><strong>ι</strong></span> <span class='ocrx_word' id='word_1_190' title='bbox 2836 1245 2911 1295; x_wconf 88' lang='grc' dir='ltr'>Οὑ</span> <span class='ocrx_word' id='word_1_191' title='bbox 2965 1243 3201 1313; x_wconf 75' lang='grc' dir='ltr'>δύναμαι</span> <span class='ocrx_word' id='word_1_192' title='bbox 3261 1244 3371 1311; x_wconf 77' lang='grc' dir='ltr'><strong>ἐγὼ</strong></span> <span class='ocrx_word' id='word_1_193' title='bbox 3418 1247 3589 1295; x_wconf 81' lang='grc' dir='ltr'>ποιεῖν</span> <span class='ocrx_word' id='word_1_194' title='bbox 3647 1244 3742 1295; x_wconf 79' lang='grc' dir='ltr'>ἀπ’</span> <span class='ocrx_word' id='word_1_195' title='bbox 3794 1242 4055 1311; x_wconf 77' lang='grc' dir='ltr'>ἐμαυτοῦ</span> 
     </span>
    </p>
   </div>
   <div class='ocr_carea' id='block_1_28' title="bbox 2446 1332 4051 1405">
    <p class='ocr_par' dir='ltr' id='par_1_28' title="bbox 2446 1332 4051 1405">
     <span class='ocr_line' id='line_1_28' title="bbox 2446 1332 4051 1405; baseline -0.001 -20"><span class='ocrx_word' id='word_1_196' title='bbox 2446 1334 2618 1386; x_wconf 78' lang='grc' dir='ltr'>οὐδέν.</span> <span class='ocrx_word' id='word_1_197' title='bbox 2656 1333 2855 1398; x_wconf 81' lang='grc' dir='ltr'>Καθὼς</span> <span class='ocrx_word' id='word_1_198' title='bbox 2887 1335 3089 1397; x_wconf 78' lang='grc' dir='ltr'>ἀκούω,</span> <span class='ocrx_word' id='word_1_199' title='bbox 3124 1336 3311 1405; x_wconf 87' lang='grc' dir='ltr'>κρίνω.</span> <span class='ocrx_word' id='word_1_200' title='bbox 3356 1355 3375 1386; x_wconf 72' lang='grc' dir='ltr'><strong>ι</strong></span> <span class='ocrx_word' id='word_1_201' title='bbox 3412 1337 3576 1388; x_wconf 90' lang='grc' dir='ltr'>Ὅσον</span> <span class='ocrx_word' id='word_1_202' title='bbox 3607 1337 3705 1404; x_wconf 79' lang='grc' dir='ltr'><strong>μὲν</strong></span> <span class='ocrx_word' id='word_1_203' title='bbox 3738 1332 3837 1388; x_wconf 70' lang='grc' dir='ltr'>οὖν</span> <span class='ocrx_word' id='word_1_204' title='bbox 3870 1338 4051 1393; x_wconf 73' lang='grc' dir='ltr'>ἐστιν,</span> 
     </span>
    </p>
   </div>
   <div class='ocr_carea' id='block_1_29' title="bbox 2448 1426 4053 1497">
    <p class='ocr_par' dir='ltr' id='par_1_29' title="bbox 2448 1426 4053 1497">
     <span class='ocr_line' id='line_1_29' title="bbox 2448 1426 4053 1497; baseline 0 -20"><span class='ocrx_word' id='word_1_205' title='bbox 2448 1428 2513 1478; x_wconf 84' lang='grc' dir='ltr'>ὲκ</span> <span class='ocrx_word' id='word_1_206' title='bbox 2551 1426 2645 1479; x_wconf 79' lang='grc' dir='ltr'>τοῦ</span> <span class='ocrx_word' id='word_1_207' title='bbox 2704 1428 2996 1496; x_wconf 80' lang='grc' dir='ltr'>προχείρου</span> <span class='ocrx_word' id='word_1_208' title='bbox 3050 1428 3333 1492; x_wconf 80' lang='grc' dir='ltr'>λαϐόντας,</span> <span class='ocrx_word' id='word_1_209' title='bbox 3364 1430 3578 1491; x_wconf 75' lang='grc' dir='ltr'>εἰπεῖν,</span> <span class='ocrx_word' id='word_1_210' title='bbox 3640 1427 3878 1497; x_wconf 78' lang='grc' dir='ltr'>διαγελᾷ</span> <span class='ocrx_word' id='word_1_211' title='bbox 3944 1429 4053 1478; x_wconf 68' lang='grc' dir='ltr'>τῶν</span> 
     </span>
    </p>
   </div>
   <div class='ocr_carea' id='block_1_30' title="bbox 2460 1518 4051 1591">
    <p class='ocr_par' dir='ltr' id='par_1_30' title="bbox 2460 1518 4051 1591">
     <span class='ocr_line' id='line_1_30' title="bbox 2460 1518 4051 1591; baseline 0.001 -22"><span class='ocrx_word' id='word_1_212' title='bbox 2460 1518 2726 1571; x_wconf 74' lang='grc' dir='ltr'>Ἰουδαίων</span> <span class='ocrx_word' id='word_1_213' title='bbox 2749 1520 2839 1571; x_wconf 88' lang='grc' dir='ltr'><strong>τὸν</strong></span> <span class='ocrx_word' id='word_1_214' title='bbox 2870 1520 3023 1571; x_wconf 74' lang='grc' dir='ltr'>νοῦν·</span> <span class='ocrx_word' id='word_1_215' title='bbox 3050 1520 3331 1584; x_wconf 75' lang='grc' dir='ltr'>ἀσθενείας</span> <span class='ocrx_word' id='word_1_216' title='bbox 3351 1522 3459 1591; x_wconf 86' lang='grc' dir='ltr'><strong>γάρ</strong></span> <span class='ocrx_word' id='word_1_217' title='bbox 3482 1538 3649 1584; x_wconf 86' lang='grc' dir='ltr'>τινος,</span> <span class='ocrx_word' id='word_1_218' title='bbox 3679 1523 3776 1573; x_wconf 73' lang='grc' dir='ltr'><strong>καὶ</strong></span> <span class='ocrx_word' id='word_1_219' title='bbox 3805 1524 3870 1573; x_wconf 71' lang='grc' dir='ltr'><strong>οὑ</strong></span> <span class='ocrx_word' id='word_1_220' title='bbox 3910 1523 4051 1572; x_wconf 76' lang='grc' dir='ltr'>παν-</span> 
     </span>
    </p>
   </div>
   <div class='ocr_carea' id='block_1_31' title="bbox 2446 1608 4053 1681">
    <p class='ocr_par' dir='ltr' id='par_1_31' title="bbox 2446 1608 4053 1681">
     <span class='ocr_line' id='line_1_31' title="bbox 2446 1608 4053 1681; baseline 0.001 -20"><span class='ocrx_word' id='word_1_221' title='bbox 2446 1627 2547 1672; x_wconf 89' lang='grc' dir='ltr'><strong>τας</strong></span> <span class='ocrx_word' id='word_1_222' title='bbox 2572 1608 2684 1681; x_wconf 77' lang='grc' dir='ltr'>[γρ.</span> <span class='ocrx_word' id='word_1_223' title='bbox 2715 1609 2953 1681; x_wconf 85' lang='grc' dir='ltr'>πάντως]</span> <span class='ocrx_word' id='word_1_224' title='bbox 2986 1612 3274 1681; x_wconf 73' lang='grc' dir='ltr'>ἐλευθέρας</span> <span class='ocrx_word' id='word_1_225' title='bbox 3304 1613 3547 1677; x_wconf 80' lang='grc' dir='ltr'>ἐξουσίας</span> <span class='ocrx_word' id='word_1_226' title='bbox 3570 1613 3845 1681; x_wconf 49' lang='grc' dir='ltr'>ὑπόληψιν</span> <span class='ocrx_word' id='word_1_227' title='bbox 3877 1613 4053 1663; x_wconf 65' lang='grc' dir='ltr'>πλατ-</span> 
     </span>
    </p>
   </div>
   <div class='ocr_carea' id='block_1_32' title="bbox 2446 1705 4049 1776">
    <p class='ocr_par' dir='ltr' id='par_1_32' title="bbox 2446 1705 4049 1776">
     <span class='ocr_line' id='line_1_32' title="bbox 2446 1705 4049 1776; baseline 0 -21"><span class='ocrx_word' id='word_1_228' title='bbox 2446 1721 2597 1757; x_wconf 88' lang='grc' dir='ltr'>τεται</span> <span class='ocrx_word' id='word_1_229' title='bbox 2645 1706 2739 1757; x_wconf 76' lang='grc' dir='ltr'><strong>τοῦ</strong></span> <span class='ocrx_word' id='word_1_230' title='bbox 2786 1706 2945 1772; x_wconf 79' lang='grc' dir='ltr'>λόγου</span> <span class='ocrx_word' id='word_1_231' title='bbox 2993 1706 3053 1757; x_wconf 88' lang='grc' dir='ltr'><strong>τὸ</strong></span> <span class='ocrx_word' id='word_1_232' title='bbox 3103 1708 3306 1775; x_wconf 72' lang='grc' dir='ltr'>σχῆμα,</span> <span class='ocrx_word' id='word_1_233' title='bbox 3337 1706 3451 1776; x_wconf 77' lang='grc' dir='ltr'>ἔχει</span> <span class='ocrx_word' id='word_1_234' title='bbox 3498 1708 3551 1759; x_wconf 79' lang='grc' dir='ltr'>δὲ</span> <span class='ocrx_word' id='word_1_235' title='bbox 3588 1710 3686 1775; x_wconf 75' lang='grc' dir='ltr'><strong>οὑχ</strong></span> <span class='ocrx_word' id='word_1_236' title='bbox 3725 1708 3873 1758; x_wconf 65' lang='grc' dir='ltr'>οὲτω</span> <span class='ocrx_word' id='word_1_237' title='bbox 3923 1705 4049 1756; x_wconf 82' lang='grc' dir='ltr'>κατ’</span> 
     </span>
    </p>
   </div>
   <div class='ocr_carea' id='block_1_33' title="bbox 2448 1797 4053 1867">
    <p class='ocr_par' dir='ltr' id='par_1_33' title="bbox 2448 1797 4053 1867">
     <span class='ocr_line' id='line_1_33' title="bbox 2448 1797 4053 1867; baseline -0.002 -17"><span class='ocrx_word' id='word_1_238' title='bbox 2448 1797 2724 1867; x_wconf 69' lang='grc' dir='ltr'>ἀλήθειαν*</span> <span class='ocrx_word' id='word_1_239' title='bbox 2757 1798 2989 1867; x_wconf 80' lang='grc' dir='ltr'>ἐπείπερ</span> <span class='ocrx_word' id='word_1_240' title='bbox 3030 1798 3142 1861; x_wconf 80' lang='grc' dir='ltr'>ἶσος</span> <span class='ocrx_word' id='word_1_241' title='bbox 3175 1799 3248 1849; x_wconf 78' lang='grc' dir='ltr'>ὢν</span> <span class='ocrx_word' id='word_1_242' title='bbox 3295 1801 3323 1851; x_wconf 89' lang='lat'><strong>6</strong></span> <span class='ocrx_word' id='word_1_243' title='bbox 3370 1800 3497 1861; x_wconf 76' lang='grc' dir='ltr'>Υἱὸς</span> <span class='ocrx_word' id='word_1_244' title='bbox 3542 1800 3682 1851; x_wconf 83' lang='grc' dir='ltr'><strong>κατά</strong></span> <span class='ocrx_word' id='word_1_245' title='bbox 3732 1800 3920 1850; x_wconf 79' lang='grc' dir='ltr'>πάντα</span> <span class='ocrx_word' id='word_1_246' title='bbox 3973 1798 4053 1865; x_wconf 64' lang='grc' dir='ltr'>τῷ</span> 
     </span>
    </p>
   </div>
   <div class='ocr_carea' id='block_1_34' title="bbox 769 1882 2430 1962">
    <p class='ocr_par' dir='ltr' id='par_1_34' title="bbox 769 1882 2411 1959">
     <span class='ocr_line' id='line_1_34' title="bbox 769 1882 2411 1959; baseline -0.01 -14"><span class='ocrx_word' id='word_1_247' title='bbox 769 1894 931 1946; x_wconf 84' lang='lat' dir='ltr'><strong>modo</strong></span> <span class='ocrx_word' id='word_1_248' title='bbox 985 1891 1196 1959; x_wconf 84' lang='lat' dir='ltr'><strong>sibiipsi</strong></span> <span class='ocrx_word' id='word_1_249' title='bbox 1250 1889 1496 1943; x_wconf 86' lang='lat' dir='ltr'><strong>eamdem</strong></span> <span class='ocrx_word' id='word_1_250' title='bbox 1549 1888 1888 1939; x_wconf 82' lang='lat' dir='ltr'><strong>voluntatem</strong></span> <span class='ocrx_word' id='word_1_251' title='bbox 1948 1898 2012 1936; x_wconf 89' lang='lat' dir='ltr'><strong>ac</strong></span> <span class='ocrx_word' id='word_1_252' title='bbox 2080 1882 2336 1933; x_wconf 82' lang='lat' dir='ltr'><strong>virtule’m</strong></span> <span class='ocrx_word' id='word_1_253' title='bbox 2368 1901 2411 1957; x_wconf 76' lang='grc' dir='ltr'>Β</span> 
     </span>
    </p>
   </div>
   <div class='ocr_carea' id='block_1_35' title="bbox 2388 1882 4049 1962">
    <p class='ocr_par' dir='ltr' id='par_1_35' title="bbox 2388 1891 4049 1962">
     <span class='ocr_line' id='line_1_35' title="bbox 2388 1891 4049 1962; baseline -0.002 -19"><span class='ocrx_word' id='word_1_254' title='bbox 2388 1891 2641 1961; x_wconf 57' lang='grc' dir='ltr'>ΞΠατρὶ,</span> <span class='ocrx_word' id='word_1_255' title='bbox 2682 1892 2780 1961; x_wconf 76' lang='grc' dir='ltr'><strong>τὴν</strong></span> <span class='ocrx_word' id='word_1_256' title='bbox 2818 1892 2987 1962; x_wconf 80' lang='grc' dir='ltr'>αὑτὴν</span> <span class='ocrx_word' id='word_1_257' title='bbox 3025 1893 3305 1961; x_wconf 76' lang='grc' dir='ltr'>ἐνέργειαν</span> <span class='ocrx_word' id='word_1_258' title='bbox 3357 1910 3417 1945; x_wconf 91' lang='grc' dir='ltr'><strong>τε</strong></span> <span class='ocrx_word' id='word_1_259' title='bbox 3478 1894 3570 1944; x_wconf 73' lang='grc' dir='ltr'>καὶ</span> <span class='ocrx_word' id='word_1_260' title='bbox 3627 1891 3881 1955; x_wconf 78' lang='grc' dir='ltr'>ἐξουσίαν</span> <span class='ocrx_word' id='word_1_261' title='bbox 3933 1892 4049 1959; x_wconf 73' lang='grc' dir='ltr'>ἔχει</span> 
     </span>
    </p>
   </div>
   <div class='ocr_carea' id='block_1_36' title="bbox 769 1971 2339 2051">
    <p class='ocr_par' dir='ltr' id='par_1_36' title="bbox 769 1971 2339 2051">
     <span class='ocr_line' id='line_1_36' title="bbox 769 1971 2339 2051; baseline -0.01 -13"><span class='ocrx_word' id='word_1_262' title='bbox 769 1984 1072 2039; x_wconf 87' lang='lat' dir='ltr'><strong>ostendens</strong></span> <span class='ocrx_word' id='word_1_263' title='bbox 1104 1996 1226 2035; x_wconf 88' lang='lat' dir='ltr'><strong>esse</strong></span> <span class='ocrx_word' id='word_1_264' title='bbox 1261 1994 1377 2051; x_wconf 80' lang='lat' dir='ltr'><strong>quae</strong></span> <span class='ocrx_word' id='word_1_265' title='bbox 1402 1979 1512 2033; x_wconf 89' lang='lat' dir='ltr'><strong>Deo</strong></span> <span class='ocrx_word' id='word_1_266' title='bbox 1539 1993 1603 2031; x_wconf 92' lang='lat' dir='ltr'><strong>ac</strong></span> <span class='ocrx_word' id='word_1_267' title='bbox 1641 1976 1808 2030; x_wconf 82' lang='lat' dir='ltr'><strong>Patri.</strong></span> <span class='ocrx_word' id='word_1_268' title='bbox 1834 1975 2025 2044; x_wconf 81' lang='lat' dir='ltr'><strong>Neque</strong></span> <span class='ocrx_word' id='word_1_269' title='bbox 2050 1974 2197 2027; x_wconf 91' lang='lat' dir='ltr'><strong>enim</strong></span> <span class='ocrx_word' id='word_1_270' title='bbox 2228 1971 2339 2023; x_wconf 92' lang='lat' dir='ltr'><strong>ulla</strong></span> 
     </span>
    </p>
   </div>
   <div class='ocr_carea' id='block_1_37' title="bbox 771 2062 2343 2142">
    <p class='ocr_par' dir='ltr' id='par_1_37' title="bbox 771 2062 2343 2142">
     <span class='ocr_line' id='line_1_37' title="bbox 771 2062 2343 2142; baseline -0.008 -15"><span class='ocrx_word' id='word_1_271' title='bbox 771 2075 825 2128; x_wconf 93' lang='lat' dir='ltr'><strong>in</strong></span> <span class='ocrx_word' id='word_1_272' title='bbox 864 2090 923 2127; x_wconf 90' lang='lat' dir='ltr'><strong>re</strong></span> <span class='ocrx_word' id='word_1_273' title='bbox 969 2072 1191 2142; x_wconf 84' lang='lat' dir='ltr'><strong>Operari</strong></span> <span class='ocrx_word' id='word_1_274' title='bbox 1234 2071 1553 2125; x_wconf 85' lang='lat' dir='ltr'><strong>censebitur</strong></span> <span class='ocrx_word' id='word_1_275' title='bbox 1598 2069 1749 2122; x_wconf 91' lang='lat' dir='ltr'><strong>solus</strong></span> <span class='ocrx_word' id='word_1_276' title='bbox 1795 2082 1858 2120; x_wconf 87' lang='lat' dir='ltr'><strong>ac</strong></span> <span class='ocrx_word' id='word_1_277' title='bbox 1898 2066 2128 2120; x_wconf 89' lang='lat' dir='ltr'><strong>seorsim</strong></span> <span class='ocrx_word' id='word_1_278' title='bbox 2182 2062 2343 2116; x_wconf 87' lang='lat' dir='ltr'><strong>Pater</strong></span> 
     </span>
    </p>
   </div>
   <div class='ocr_carea' id='block_1_38' title="bbox 771 2157 2343 2233">
    <p class='ocr_par' dir='ltr' id='par_1_38' title="bbox 771 2157 2343 2233">
     <span class='ocr_line' id='line_1_38' title="bbox 771 2157 2343 2233; baseline -0.006 -16"><span class='ocrx_word' id='word_1_279' title='bbox 771 2167 983 2233; x_wconf 86' lang='lat' dir='ltr'><strong>absque</strong></span> <span class='ocrx_word' id='word_1_280' title='bbox 1018 2162 1175 2227; x_wconf 87' lang='lat' dir='ltr'><strong>Filio,</strong></span> <span class='ocrx_word' id='word_1_281' title='bbox 1228 2177 1351 2215; x_wconf 88' lang='lat' dir='ltr'><strong>cum</strong></span> <span class='ocrx_word' id='word_1_282' title='bbox 1389 2162 1567 2228; x_wconf 88' lang='lat' dir='ltr'><strong>ipsum</strong></span> <span class='ocrx_word' id='word_1_283' title='bbox 1603 2160 1801 2214; x_wconf 83' lang='lat' dir='ltr'><strong>habeat</strong></span> <span class='ocrx_word' id='word_1_284' title='bbox 1839 2159 2009 2213; x_wconf 85' lang='lat' dir='ltr'><strong>robur</strong></span> <span class='ocrx_word' id='word_1_285' title='bbox 2048 2172 2114 2211; x_wconf 90' lang='lat' dir='ltr'><strong>ac</strong></span> <span class='ocrx_word' id='word_1_286' title='bbox 2161 2157 2343 2210; x_wconf 86' lang='lat' dir='ltr'><strong>virtu-</strong></span> 
     </span>
    </p>
   </div>
   <div class='ocr_carea' id='block_1_39' title="bbox 772 2250 2342 2325">
    <p class='ocr_par' dir='ltr' id='par_1_39' title="bbox 772 2250 2342 2325">
     <span class='ocr_line' id='line_1_39' title="bbox 772 2250 2342 2325; baseline -0.006 -13"><span class='ocrx_word' id='word_1_287' title='bbox 772 2267 903 2312; x_wconf 87' lang='lat' dir='ltr'><strong>tem.</strong></span> <span class='ocrx_word' id='word_1_288' title='bbox 936 2258 1285 2325; x_wconf 80' lang='lat' dir='ltr'><strong>Quapropter</strong></span> <span class='ocrx_word' id='word_1_289' title='bbox 1312 2271 1330 2303; x_wconf 83' lang='grc'>‹</span> <span class='ocrx_word' id='word_1_290' title='bbox 1366 2252 1568 2307; x_wconf 89' lang='lat' dir='ltr'><strong>Omnia</strong></span> <span class='ocrx_word' id='word_1_291' title='bbox 1604 2262 1754 2305; x_wconf 87' lang='lat' dir='ltr'><strong>certe</strong></span> <span class='ocrx_word' id='word_1_292' title='bbox 1783 2250 1923 2305; x_wconf 88' lang='lat' dir='ltr'><strong>facta</strong></span> <span class='ocrx_word' id='word_1_293' title='bbox 1958 2256 2090 2305; x_wconf 88' lang='lat' dir='ltr'><strong>sunt</strong></span> <span class='ocrx_word' id='word_1_294' title='bbox 2121 2264 2218 2319; x_wconf 89' lang='lat' dir='ltr'><strong>per</strong></span> <span class='ocrx_word' id='word_1_295' title='bbox 2255 2250 2342 2317; x_wconf 89' lang='lat' dir='ltr'><strong>ip-</strong></span> 
     </span>
    </p>
   </div>
   <div class='ocr_carea' id='block_1_40' title="bbox 772 2344 2344 2415">
    <p class='ocr_par' dir='ltr' id='par_1_40' title="bbox 772 2344 2344 2415">
     <span class='ocr_line' id='line_1_40' title="bbox 772 2344 2344 2415; baseline -0.006 -12"><span class='ocrx_word' id='word_1_296' title='bbox 772 2366 916 2411; x_wconf 88' lang='lat' dir='ltr'><strong>sum,</strong></span> <span class='ocrx_word' id='word_1_297' title='bbox 946 2358 1001 2403; x_wconf 91' lang='lat' dir='ltr'><strong>et</strong></span> <span class='ocrx_word' id='word_1_298' title='bbox 1033 2350 1152 2402; x_wconf 87' lang='lat' dir='ltr'><strong>sine</strong></span> <span class='ocrx_word' id='word_1_299' title='bbox 1179 2349 1300 2415; x_wconf 77' lang='lat' dir='ltr'><strong>ipso</strong></span> <span class='ocrx_word' id='word_1_300' title='bbox 1334 2345 1539 2399; x_wconf 88' lang='lat' dir='ltr'><strong>factum</strong></span> <span class='ocrx_word' id='word_1_301' title='bbox 1573 2354 1655 2399; x_wconf 89' lang='lat' dir='ltr'><strong>est</strong></span> <span class='ocrx_word' id='word_1_302' title='bbox 1691 2344 1827 2397; x_wconf 85' lang='lat' dir='ltr'><strong>nihil</strong></span> <span class='ocrx_word' id='word_1_303' title='bbox 1848 2345 1930 2409; x_wconf 84' lang='lat'><strong>&quot;&#39;;</strong></span> <span class='ocrx_word' id='word_1_304' title='bbox 1966 2362 1984 2394; x_wconf 72' lang='grc' dir='ltr'><strong>ι</strong></span> <span class='ocrx_word' id='word_1_305' title='bbox 2015 2357 2193 2411; x_wconf 88' lang='lat' dir='ltr'><strong>neque</strong></span> <span class='ocrx_word' id='word_1_306' title='bbox 2219 2356 2344 2394; x_wconf 79' lang='lat' dir='ltr'><strong>rur-</strong></span> 
     </span>
    </p>
   </div>
   <div class='ocr_carea' id='block_1_41' title="bbox 774 2439 2342 2515">
    <p class='ocr_par' dir='ltr' id='par_1_41' title="bbox 774 2439 2342 2515">
     <span class='ocr_line' id='line_1_41' title="bbox 774 2439 2342 2515; baseline -0.008 -12"><span class='ocrx_word' id='word_1_307' title='bbox 774 2464 870 2503; x_wconf 90' lang='lat' dir='ltr'><strong>sus</strong></span> <span class='ocrx_word' id='word_1_308' title='bbox 913 2444 1116 2515; x_wconf 80' lang='lat' dir='ltr'><strong>aliquid</strong></span> <span class='ocrx_word' id='word_1_309' title='bbox 1155 2460 1252 2514; x_wconf 90' lang='lat' dir='ltr'><strong>per</strong></span> <span class='ocrx_word' id='word_1_310' title='bbox 1289 2444 1532 2511; x_wconf 89' lang='lat' dir='ltr'><strong>scipsum</strong></span> <span class='ocrx_word' id='word_1_311' title='bbox 1573 2440 1736 2494; x_wconf 90' lang='lat' dir='ltr'><strong>faciet</strong></span> <span class='ocrx_word' id='word_1_312' title='bbox 1769 2439 1965 2501; x_wconf 88' lang='lat' dir='ltr'><strong>Filius,</strong></span> <span class='ocrx_word' id='word_1_313' title='bbox 1996 2440 2070 2491; x_wconf 90' lang='lat' dir='ltr'><strong>ita</strong></span> <span class='ocrx_word' id='word_1_314' title='bbox 2110 2446 2170 2491; x_wconf 90' lang='lat' dir='ltr'><strong>ut</strong></span> <span class='ocrx_word' id='word_1_315' title='bbox 2219 2452 2342 2492; x_wconf 93' lang='lat' dir='ltr'><strong>cum</strong></span> 
     </span>
    </p>
   </div>
   <div class='ocr_carea' id='block_1_42' title="bbox 773 2528 2346 2600">
    <p class='ocr_par' dir='ltr' id='par_1_42' title="bbox 773 2528 2346 2600">
     <span class='ocr_line' id='line_1_42' title="bbox 773 2528 2346 2600; baseline -0.008 -7"><span class='ocrx_word' id='word_1_316' title='bbox 773 2554 838 2593; x_wconf 85' lang='lat' dir='ltr'><strong>eo</strong></span> <span class='ocrx_word' id='word_1_317' title='bbox 864 2553 969 2591; x_wconf 86' lang='lat' dir='ltr'><strong>non</strong></span> <span class='ocrx_word' id='word_1_318' title='bbox 1000 2539 1068 2592; x_wconf 88' lang='lat' dir='ltr'><strong>sit</strong></span> <span class='ocrx_word' id='word_1_319' title='bbox 1096 2536 1280 2589; x_wconf 82' lang='lat' dir='ltr'><strong>Pater.</strong></span> <span class='ocrx_word' id='word_1_320' title='bbox 1312 2532 1527 2587; x_wconf 84' lang='lat' dir='ltr'><strong>Idcirco</strong></span> <span class='ocrx_word' id='word_1_321' title='bbox 1556 2534 1702 2587; x_wconf 91' lang='lat' dir='ltr'><strong>enim</strong></span> <span class='ocrx_word' id='word_1_322' title='bbox 1731 2532 1805 2584; x_wconf 89' lang='lat' dir='ltr'><strong>ait</strong></span> <span class='ocrx_word' id='word_1_323' title='bbox 1837 2548 1851 2584; x_wconf 90' lang='lat'><strong>:</strong></span> <span class='ocrx_word' id='word_1_324' title='bbox 1883 2550 1901 2581; x_wconf 81' lang='grc' dir='ltr'><strong>ι</strong></span> <span class='ocrx_word' id='word_1_325' title='bbox 1939 2528 2050 2600; x_wconf 83' lang='lat' dir='ltr'><strong>Ego</strong></span> <span class='ocrx_word' id='word_1_326' title='bbox 2077 2543 2107 2581; x_wconf 89' lang='lat' dir='ltr'><strong>a</strong></span> <span class='ocrx_word' id='word_1_327' title='bbox 2134 2529 2346 2598; x_wconf 89' lang='lat' dir='ltr'><strong>meipso</strong></span> 
     </span>
    </p>
   </div>
   <div class='ocr_carea' id='block_1_43' title="bbox 776 2620 2347 2691">
    <p class='ocr_par' dir='ltr' id='par_1_43' title="bbox 776 2620 2347 2691">
     <span class='ocr_line' id='line_1_43' title="bbox 776 2620 2347 2691; baseline -0.007 -9"><span class='ocrx_word' id='word_1_328' title='bbox 776 2630 919 2683; x_wconf 80' lang='lat' dir='ltr'><strong>facio</strong></span> <span class='ocrx_word' id='word_1_329' title='bbox 958 2629 1130 2685; x_wconf 80' lang='lat' dir='ltr'><strong>nihil:</strong></span> <span class='ocrx_word' id='word_1_330' title='bbox 1164 2627 1328 2680; x_wconf 83' lang='lat' dir='ltr'><strong>Pater</strong></span> <span class='ocrx_word' id='word_1_331' title='bbox 1366 2636 1549 2677; x_wconf 86' lang='lat' dir='ltr'><strong>autem</strong></span> <span class='ocrx_word' id='word_1_332' title='bbox 1588 2626 1640 2676; x_wconf 91' lang='lat' dir='ltr'><strong>in</strong></span> <span class='ocrx_word' id='word_1_333' title='bbox 1675 2640 1760 2678; x_wconf 90' lang='lat' dir='ltr'><strong>me</strong></span> <span class='ocrx_word' id='word_1_334' title='bbox 1791 2637 2040 2684; x_wconf 84' lang='lat' dir='ltr'><strong>manens,</strong></span> <span class='ocrx_word' id='word_1_335' title='bbox 2069 2622 2183 2691; x_wconf 89' lang='lat' dir='ltr'><strong>ipse</strong></span> <span class='ocrx_word' id='word_1_336' title='bbox 2212 2620 2347 2673; x_wconf 83' lang='lat' dir='ltr'><strong>facit</strong></span> 
     </span>
    </p>
   </div>
   <div class='ocr_carea' id='block_1_44' title="bbox 775 2712 2345 2789">
    <p class='ocr_par' dir='ltr' id='par_1_44' title="bbox 775 2712 2345 2789">
     <span class='ocr_line' id='line_1_44' title="bbox 775 2712 2345 2789; baseline -0.003 -20"><span class='ocrx_word' id='word_1_337' title='bbox 775 2720 1023 2789; x_wconf 75' lang='lat' dir='ltr'><strong>opera&quot;.</strong></span> <span class='ocrx_word' id='word_1_338' title='bbox 1062 2738 1079 2769; x_wconf 77' lang='grc' dir='ltr'><strong>ι</strong></span> <span class='ocrx_word' id='word_1_339' title='bbox 1112 2717 1300 2787; x_wconf 67' lang='lat' dir='ltr'><strong>Neque</strong></span> <span class='ocrx_word' id='word_1_340' title='bbox 1348 2731 1514 2786; x_wconf 86' lang='lat' dir='ltr'><strong>porro</strong></span> <span class='ocrx_word' id='word_1_341' title='bbox 1544 2715 1895 2770; x_wconf 88' lang='lat' dir='ltr'><strong>censebimus</strong></span> <span class='ocrx_word' id='word_1_342' title='bbox 1940 2713 2139 2766; x_wconf 84' lang='lat' dir='ltr'><strong>Filium</strong></span> <span class='ocrx_word' id='word_1_343' title='bbox 2185 2712 2345 2783; x_wconf 90' lang='lat' dir='ltr'><strong>quasi</strong></span> 
     </span>
    </p>
   </div>
   <div class='ocr_carea' id='block_1_45' title="bbox 775 2804 2346 2866">
    <p class='ocr_par' dir='ltr' id='par_1_45' title="bbox 775 2804 2346 2866">
     <span class='ocr_line' id='line_1_45' title="bbox 775 2804 2346 2866; baseline -0.003 -4"><span class='ocrx_word' id='word_1_344' title='bbox 775 2826 841 2863; x_wconf 80' lang='lat' dir='ltr'><strong>ex</strong></span> <span class='ocrx_word' id='word_1_345' title='bbox 882 2809 1201 2862; x_wconf 83' lang='lat' dir='ltr'><strong>inﬁrmitate</strong></span> <span class='ocrx_word' id='word_1_346' title='bbox 1249 2823 1277 2859; x_wconf 90' lang='lat' dir='ltr'><strong>a</strong></span> <span class='ocrx_word' id='word_1_347' title='bbox 1321 2806 1484 2860; x_wconf 86' lang='lat' dir='ltr'><strong>Patre</strong></span> <span class='ocrx_word' id='word_1_348' title='bbox 1518 2807 1890 2866; x_wconf 87' lang='lat' dir='ltr'><strong>corroborari,</strong></span> <span class='ocrx_word' id='word_1_349' title='bbox 1930 2804 2023 2858; x_wconf 86' lang='lat' dir='ltr'><strong>sed</strong></span> <span class='ocrx_word' id='word_1_350' title='bbox 2053 2805 2101 2858; x_wconf 90' lang='lat' dir='ltr'><strong>ei</strong></span> <span class='ocrx_word' id='word_1_351' title='bbox 2149 2818 2346 2858; x_wconf 86' lang='lat' dir='ltr'><strong>rursus</strong></span> 
     </span>
    </p>
   </div>
   <div class='ocr_carea' id='block_1_46' title="bbox 776 2897 2346 2971">
    <p class='ocr_par' dir='ltr' id='par_1_46' title="bbox 776 2897 2346 2971">
     <span class='ocr_line' id='line_1_46' title="bbox 776 2897 2346 2971; baseline -0.004 -16"><span class='ocrx_word' id='word_1_352' title='bbox 776 2904 1019 2955; x_wconf 87' lang='lat' dir='ltr'><strong>omnium</strong></span> <span class='ocrx_word' id='word_1_353' title='bbox 1064 2908 1390 2971; x_wconf 87' lang='lat' dir='ltr'><strong>potestatem</strong></span> <span class='ocrx_word' id='word_1_354' title='bbox 1434 2899 1638 2963; x_wconf 85' lang='lat' dir='ltr'><strong>tribui;</strong></span> <span class='ocrx_word' id='word_1_355' title='bbox 1672 2913 1779 2952; x_wconf 90' lang='lat' dir='ltr'><strong>non</strong></span> <span class='ocrx_word' id='word_1_356' title='bbox 1820 2898 1963 2951; x_wconf 90' lang='lat' dir='ltr'><strong>enim</strong></span> <span class='ocrx_word' id='word_1_357' title='bbox 2003 2904 2150 2951; x_wconf 89' lang='lat' dir='ltr'><strong>esset</strong></span> <span class='ocrx_word' id='word_1_358' title='bbox 2202 2897 2346 2949; x_wconf 82' lang='lat' dir='ltr'><strong>ultra</strong></span> 
     </span>
    </p>
   </div>
   <div class='ocr_carea' id='block_1_47' title="bbox 777 2987 2345 3048">
    <p class='ocr_par' dir='ltr' id='par_1_47' title="bbox 777 2987 2345 3048">
     <span class='ocr_line' id='line_1_47' title="bbox 777 2987 2345 3048; baseline -0.003 -1"><span class='ocrx_word' id='word_1_359' title='bbox 777 3003 971 3048; x_wconf 85' lang='lat' dir='ltr'><strong>natura</strong></span> <span class='ocrx_word' id='word_1_360' title='bbox 1002 2994 1147 3047; x_wconf 88' lang='lat' dir='ltr'><strong>Deus</strong></span> <span class='ocrx_word' id='word_1_361' title='bbox 1182 2993 1228 3047; x_wconf 90' lang='lat' dir='ltr'><strong>si</strong></span> <span class='ocrx_word' id='word_1_362' title='bbox 1266 2991 1629 3045; x_wconf 87' lang='lat' dir='ltr'><strong>adventitiam</strong></span> <span class='ocrx_word' id='word_1_363' title='bbox 1659 2991 1883 3043; x_wconf 86' lang='lat' dir='ltr'><strong>haberet</strong></span> <span class='ocrx_word' id='word_1_364' title='bbox 1917 2989 1970 3042; x_wconf 92' lang='lat' dir='ltr'><strong>in</strong></span> <span class='ocrx_word' id='word_1_365' title='bbox 2020 3003 2080 3042; x_wconf 89' lang='lat' dir='ltr'><strong>se</strong></span> <span class='ocrx_word' id='word_1_366' title='bbox 2122 2987 2345 3044; x_wconf 90' lang='lat' dir='ltr'><strong>deitatis</strong></span> 
     </span>
    </p>
   </div>
   <div class='ocr_carea' id='block_1_48' title="bbox 780 3082 2347 3155">
    <p class='ocr_par' dir='ltr' id='par_1_48' title="bbox 780 3082 2347 3155">
     <span class='ocr_line' id='line_1_48' title="bbox 780 3082 2347 3155; baseline -0.003 -16"><span class='ocrx_word' id='word_1_367' title='bbox 780 3087 1262 3155; x_wconf 84' lang='lat' dir='ltr'><strong>pulchritudinem.</strong></span> <span class='ocrx_word' id='word_1_368' title='bbox 1302 3085 1409 3138; x_wconf 84' lang='lat' dir='ltr'><strong>Sed</strong></span> <span class='ocrx_word' id='word_1_369' title='bbox 1445 3099 1545 3138; x_wconf 93' lang='lat' dir='ltr'><strong>nec</strong></span> <span class='ocrx_word' id='word_1_370' title='bbox 1578 3084 1692 3153; x_wconf 87' lang='lat' dir='ltr'><strong>ipse</strong></span> <span class='ocrx_word' id='word_1_371' title='bbox 1742 3082 1907 3135; x_wconf 87' lang='lat' dir='ltr'><strong>Pater</strong></span> <span class='ocrx_word' id='word_1_372' title='bbox 1951 3082 2208 3136; x_wconf 87' lang='lat' dir='ltr'><strong>absoluta</strong></span> <span class='ocrx_word' id='word_1_373' title='bbox 2250 3082 2347 3135; x_wconf 85' lang='lat' dir='ltr'><strong>bo-</strong></span> 
     </span>
    </p>
   </div>
   <div class='ocr_carea' id='block_1_49' title="bbox 779 3170 2344 3245">
    <p class='ocr_par' dir='ltr' id='par_1_49' title="bbox 779 3170 2344 3245">
     <span class='ocr_line' id='line_1_49' title="bbox 779 3170 2344 3245; baseline -0.005 -14"><span class='ocrx_word' id='word_1_374' title='bbox 779 3194 973 3231; x_wconf 79' lang='lat' dir='ltr'><strong>norum</strong></span> <span class='ocrx_word' id='word_1_375' title='bbox 1010 3178 1305 3230; x_wconf 88' lang='lat' dir='ltr'><strong>eminentia</strong></span> <span class='ocrx_word' id='word_1_376' title='bbox 1345 3174 1711 3245; x_wconf 63' lang='lat' dir='ltr'><strong>prmfulgebit.</strong></span> <span class='ocrx_word' id='word_1_377' title='bbox 1737 3174 1782 3227; x_wconf 89' lang='lat' dir='ltr'><strong>si</strong></span> <span class='ocrx_word' id='word_1_378' title='bbox 1813 3181 2025 3226; x_wconf 76' lang='lat' dir='ltr'><strong>naturae</strong></span> <span class='ocrx_word' id='word_1_379' title='bbox 2064 3187 2176 3227; x_wconf 72' lang='lat' dir='ltr'><strong>suae</strong></span> <span class='ocrx_word' id='word_1_380' title='bbox 2206 3170 2344 3223; x_wconf 88' lang='lat' dir='ltr'><strong>cha-</strong></span> 
     </span>
    </p>
   </div>
   <div class='ocr_carea' id='block_1_50' title="bbox 2443 1983 4047 2055">
    <p class='ocr_par' dir='ltr' id='par_1_50' title="bbox 2443 1983 4047 2055">
     <span class='ocr_line' id='line_1_50' title="bbox 2443 1983 4047 2055; baseline 0.002 -22"><span class='ocrx_word' id='word_1_381' title='bbox 2443 1983 2707 2049; x_wconf 82' lang='grc' dir='ltr'>φυσικῶς.</span> <span class='ocrx_word' id='word_1_382' title='bbox 2737 1983 2898 2051; x_wconf 79' lang='grc' dir='ltr'>Λέγει</span> <span class='ocrx_word' id='word_1_383' title='bbox 2928 1984 2984 2037; x_wconf 80' lang='grc' dir='ltr'>δὲ</span> <span class='ocrx_word' id='word_1_384' title='bbox 3016 1986 3089 2055; x_wconf 81' lang='grc' dir='ltr'>μὴ</span> <span class='ocrx_word' id='word_1_385' title='bbox 3110 1986 3367 2039; x_wconf 66' lang='grc' dir='ltr'>δύνασθαί</span> <span class='ocrx_word' id='word_1_386' title='bbox 3396 2003 3446 2037; x_wconf 83' lang='grc' dir='ltr'><strong>τι</strong></span> <span class='ocrx_word' id='word_1_387' title='bbox 3480 1988 3652 2037; x_wconf 78' lang='grc' dir='ltr'>ποιεῖν</span> <span class='ocrx_word' id='word_1_388' title='bbox 3687 1984 3779 2051; x_wconf 48' lang='grc' dir='ltr'><strong>ἀεί</strong></span> <span class='ocrx_word' id='word_1_389' title='bbox 3813 1983 4047 2037; x_wconf 64' lang='grc' dir='ltr'>ἑαυτοῦ.</span> 
     </span>
    </p>
   </div>
   <div class='ocr_carea' id='block_1_51' title="bbox 2444 2074 4049 2147">
    <p class='ocr_par' dir='ltr' id='par_1_51' title="bbox 2444 2074 4049 2147">
     <span class='ocr_line' id='line_1_51' title="bbox 2444 2074 4049 2147; baseline -0.001 -21"><span class='ocrx_word' id='word_1_390' title='bbox 2444 2074 2649 2145; x_wconf 87' lang='grc' dir='ltr'>κρίνειν</span> <span class='ocrx_word' id='word_1_391' title='bbox 2678 2075 2733 2127; x_wconf 82' lang='grc' dir='ltr'><strong>δὲ</strong></span> <span class='ocrx_word' id='word_1_392' title='bbox 2775 2075 2968 2137; x_wconf 71' lang='grc' dir='ltr'>οὕτως,</span> <span class='ocrx_word' id='word_1_393' title='bbox 3004 2077 3191 2147; x_wconf 72' lang='grc' dir='ltr'>ὥσπερ</span> <span class='ocrx_word' id='word_1_394' title='bbox 3244 2078 3309 2129; x_wconf 80' lang='grc' dir='ltr'><strong>ἂν</strong></span> <span class='ocrx_word' id='word_1_395' title='bbox 3347 2077 3609 2129; x_wconf 64' lang='grc' dir='ltr'>ἀκοᾷσαιο</span> <span class='ocrx_word' id='word_1_396' title='bbox 3651 2077 3843 2147; x_wconf 74' lang='grc' dir='ltr'>τρόπῳ</span> <span class='ocrx_word' id='word_1_397' title='bbox 3881 2076 4049 2127; x_wconf 62' lang='grc' dir='ltr'>πάὶιν</span> 
     </span>
    </p>
   </div>
   <div class='ocr_carea' id='block_1_52' title="bbox 2445 2164 4049 2237">
    <p class='ocr_par' dir='ltr' id='par_1_52' title="bbox 2445 2164 4049 2237">
     <span class='ocr_line' id='line_1_52' title="bbox 2445 2164 4049 2237; baseline 0.001 -21"><span class='ocrx_word' id='word_1_398' title='bbox 2445 2164 2636 2235; x_wconf 80' lang='grc' dir='ltr'>ἑτέρῳ,</span> <span class='ocrx_word' id='word_1_399' title='bbox 2668 2166 2762 2217; x_wconf 74' lang='grc' dir='ltr'><strong>καὶ</strong></span> <span class='ocrx_word' id='word_1_400' title='bbox 2794 2165 3131 2235; x_wconf 78' lang='grc' dir='ltr'>ξσογνὼμονα</span> <span class='ocrx_word' id='word_1_401' title='bbox 3188 2168 3281 2220; x_wconf 76' lang='grc' dir='ltr'><strong>καὶ</strong></span> <span class='ocrx_word' id='word_1_402' title='bbox 3318 2167 3564 2237; x_wconf 68' lang='grc' dir='ltr'>ἰσοσθενῆ</span> <span class='ocrx_word' id='word_1_403' title='bbox 3609 2167 3877 2219; x_wconf 65' lang='grc' dir='ltr'>δεικνῦων</span> <span class='ocrx_word' id='word_1_404' title='bbox 3916 2169 4049 2218; x_wconf 79' lang='grc' dir='ltr'>ἐαυ-</span> 
     </span>
    </p>
   </div>
   <div class='ocr_carea' id='block_1_53' title="bbox 2443 2256 4043 2331">
    <p class='ocr_par' dir='ltr' id='par_1_53' title="bbox 2443 2256 4043 2331">
     <span class='ocr_line' id='line_1_53' title="bbox 2443 2256 4043 2331; baseline 0.001 -22"><span class='ocrx_word' id='word_1_405' title='bbox 2443 2256 2534 2310; x_wconf 87' lang='grc' dir='ltr'><strong>τὸν</strong></span> <span class='ocrx_word' id='word_1_406' title='bbox 2560 2258 2637 2328; x_wconf 83' lang='grc' dir='ltr'><strong>τῷ</strong></span> <span class='ocrx_word' id='word_1_407' title='bbox 2681 2258 2802 2329; x_wconf 80' lang='grc' dir='ltr'><strong>Θεῷ</strong></span> <span class='ocrx_word' id='word_1_408' title='bbox 2850 2260 2943 2311; x_wconf 69' lang='grc' dir='ltr'><strong>καὶ</strong></span> <span class='ocrx_word' id='word_1_409' title='bbox 2984 2262 3176 2329; x_wconf 79' lang='grc' dir='ltr'>Πατρί.</span> <span class='ocrx_word' id='word_1_410' title='bbox 3230 2261 3364 2313; x_wconf 65' lang='grc' dir='ltr'>Οὐδὲ</span> <span class='ocrx_word' id='word_1_411' title='bbox 3400 2260 3507 2329; x_wconf 71' lang='grc' dir='ltr'><strong>γάρ</strong></span> <span class='ocrx_word' id='word_1_412' title='bbox 3547 2261 3769 2331; x_wconf 75' lang='grc' dir='ltr'>ἐνεργὸς</span> <span class='ocrx_word' id='word_1_413' title='bbox 3818 2263 3953 2330; x_wconf 77' lang='grc' dir='ltr'>περὲ</span> <span class='ocrx_word' id='word_1_414' title='bbox 3991 2279 4043 2312; x_wconf 74' lang='grc' dir='ltr'><strong>τι</strong></span> 
     </span>
    </p>
   </div>
   <div class='ocr_carea' id='block_1_54' title="bbox 2445 2349 4046 2423">
    <p class='ocr_par' dir='ltr' id='par_1_54' title="bbox 2445 2349 4046 2423">
     <span class='ocr_line' id='line_1_54' title="bbox 2445 2349 4046 2423; baseline 0.002 -21"><span class='ocrx_word' id='word_1_415' title='bbox 2445 2349 2553 2402; x_wconf 83' lang='grc' dir='ltr'><strong>τῶν</strong></span> <span class='ocrx_word' id='word_1_416' title='bbox 2576 2350 2747 2404; x_wconf 69' lang='grc' dir='ltr'>ὄντων</span> <span class='ocrx_word' id='word_1_417' title='bbox 2784 2352 2907 2421; x_wconf 84' lang='grc' dir='ltr'>δίχα</span> <span class='ocrx_word' id='word_1_418' title='bbox 2954 2350 3048 2403; x_wconf 77' lang='grc' dir='ltr'>τοῦ</span> <span class='ocrx_word' id='word_1_419' title='bbox 3092 2351 3223 2404; x_wconf 74' lang='grc' dir='ltr'>Υίοῦ</span> <span class='ocrx_word' id='word_1_420' title='bbox 3267 2356 3420 2405; x_wconf 82' lang='grc' dir='ltr'>νοοῖτ’</span> <span class='ocrx_word' id='word_1_421' title='bbox 3467 2352 3530 2405; x_wconf 80' lang='grc' dir='ltr'><strong>ἀν</strong></span> <span class='ocrx_word' id='word_1_422' title='bbox 3563 2354 3720 2423; x_wconf 85' lang='grc' dir='ltr'>μόνος</span> <span class='ocrx_word' id='word_1_423' title='bbox 3782 2354 3881 2405; x_wconf 74' lang='grc' dir='ltr'><strong>καὶ</strong></span> <span class='ocrx_word' id='word_1_424' title='bbox 3919 2355 4046 2405; x_wconf 72' lang='grc' dir='ltr'>καθ’</span> 
     </span>
    </p>
   </div>
   <div class='ocr_carea' id='block_1_55' title="bbox 2446 2442 4047 2516">
    <p class='ocr_par' dir='ltr' id='par_1_55' title="bbox 2446 2442 4047 2516">
     <span class='ocr_line' id='line_1_55' title="bbox 2446 2442 4047 2516; baseline 0.002 -22"><span class='ocrx_word' id='word_1_425' title='bbox 2446 2442 2635 2495; x_wconf 73' lang='grc' dir='ltr'>ἑαυτὸν</span> <span class='ocrx_word' id='word_1_426' title='bbox 2666 2444 2694 2495; x_wconf 88' lang='lat'><strong>6</strong></span> <span class='ocrx_word' id='word_1_427' title='bbox 2732 2443 2942 2516; x_wconf 76' lang='grc' dir='ltr'>Πατὴρ,</span> <span class='ocrx_word' id='word_1_428' title='bbox 2983 2445 3133 2513; x_wconf 72' lang='grc' dir='ltr'>ἰσχὺν</span> <span class='ocrx_word' id='word_1_429' title='bbox 3168 2444 3305 2514; x_wconf 77' lang='grc' dir='ltr'>ἔχων</span> <span class='ocrx_word' id='word_1_430' title='bbox 3342 2444 3503 2497; x_wconf 63' lang='grc' dir='ltr'>αὑτὸν</span> <span class='ocrx_word' id='word_1_431' title='bbox 3542 2447 3633 2497; x_wconf 69' lang='grc' dir='ltr'><strong>καὶ</strong></span> <span class='ocrx_word' id='word_1_432' title='bbox 3661 2446 3915 2514; x_wconf 64' lang='grc' dir='ltr'>δύναμιν,</span> <span class='ocrx_word' id='word_1_433' title='bbox 3953 2446 4047 2497; x_wconf 68' lang='grc' dir='ltr'>Διὸ</span> 
     </span>
    </p>
   </div>
   <div class='ocr_carea' id='block_1_56' title="bbox 2447 2534 4047 2609">
    <p class='ocr_par' dir='ltr' id='par_1_56' title="bbox 2447 2534 4047 2609">
     <span class='ocr_line' id='line_1_56' title="bbox 2447 2534 4047 2609; baseline 0.003 -22"><span class='ocrx_word' id='word_1_434' title='bbox 2447 2534 2511 2607; x_wconf 80' lang='grc' dir='ltr'>δὴ</span> <span class='ocrx_word' id='word_1_435' title='bbox 2537 2555 2553 2587; x_wconf 82' lang='grc' dir='ltr'><strong>ι</strong></span> <span class='ocrx_word' id='word_1_436' title='bbox 2592 2538 2776 2591; x_wconf 87' lang='grc' dir='ltr'>Πάντα</span> <span class='ocrx_word' id='word_1_437' title='bbox 2804 2537 2871 2591; x_wconf 82' lang='grc' dir='ltr'>δι’</span> <span class='ocrx_word' id='word_1_438' title='bbox 2892 2538 3076 2599; x_wconf 76' lang='grc' dir='ltr'>αὑτοῦ,</span> <span class='ocrx_word' id='word_1_439' title='bbox 3118 2539 3211 2590; x_wconf 67' lang='grc' dir='ltr'><strong>καὶ</strong></span> <span class='ocrx_word' id='word_1_440' title='bbox 3244 2540 3411 2609; x_wconf 69' lang='grc' dir='ltr'>χωρὶς</span> <span class='ocrx_word' id='word_1_441' title='bbox 3445 2539 3609 2592; x_wconf 68' lang='grc' dir='ltr'><strong>αἱ)τοῦ</strong></span> <span class='ocrx_word' id='word_1_442' title='bbox 3653 2540 3875 2607; x_wconf 64' lang='grc' dir='ltr'>ἐγένετο</span> <span class='ocrx_word' id='word_1_443' title='bbox 3921 2540 4047 2592; x_wconf 60' lang='grc' dir='ltr'>οἱδὶ</span> 
     </span>
    </p>
   </div>
   <div class='ocr_carea' id='block_1_57' title="bbox 2446 2626 4047 2701">
    <p class='ocr_par' dir='ltr' id='par_1_57' title="bbox 2446 2626 4047 2701">
     <span class='ocr_line' id='line_1_57' title="bbox 2446 2626 4047 2701; baseline 0.003 -21"><span class='ocrx_word' id='word_1_444' title='bbox 2446 2628 2539 2680; x_wconf 75' lang='grc' dir='ltr'><strong>ἕν’</strong></span> <span class='ocrx_word' id='word_1_445' title='bbox 2600 2649 2618 2681; x_wconf 72' lang='grc' dir='ltr'><strong>ι</strong></span> <span class='ocrx_word' id='word_1_446' title='bbox 2673 2630 2778 2682; x_wconf 80' lang='grc' dir='ltr'>οὑδ⁴</span> <span class='ocrx_word' id='word_1_447' title='bbox 2825 2626 2891 2684; x_wconf 76' lang='grc' dir='ltr'>αὗ</span> <span class='ocrx_word' id='word_1_448' title='bbox 2939 2631 3099 2685; x_wconf 81' lang='grc' dir='ltr'>πάλιν</span> <span class='ocrx_word' id='word_1_449' title='bbox 3141 2631 3495 2701; x_wconf 76' lang='grc' dir='ltr'>ὲξεργάτεταί</span> <span class='ocrx_word' id='word_1_450' title='bbox 3543 2650 3593 2683; x_wconf 90' lang='grc' dir='ltr'><strong>τι</strong></span> <span class='ocrx_word' id='word_1_451' title='bbox 3637 2632 3759 2684; x_wconf 84' lang='grc' dir='ltr'>καθ’</span> <span class='ocrx_word' id='word_1_452' title='bbox 3787 2634 3989 2685; x_wconf 71' lang='grc' dir='ltr'>ἑαυτὸν</span> <span class='ocrx_word' id='word_1_453' title='bbox 4019 2636 4047 2685; x_wconf 87' lang='grc' dir='ltr'>ὁ</span> 
     </span>
    </p>
   </div>
   <div class='ocr_carea' id='block_1_58' title="bbox 2450 2719 4047 2793">
    <p class='ocr_par' dir='ltr' id='par_1_58' title="bbox 2450 2719 4047 2793">
     <span class='ocr_line' id='line_1_58' title="bbox 2450 2719 4047 2793; baseline 0.003 -23"><span class='ocrx_word' id='word_1_454' title='bbox 2450 2720 2595 2781; x_wconf 80' lang='grc' dir='ltr'>Υἱὸς,</span> <span class='ocrx_word' id='word_1_455' title='bbox 2631 2719 2705 2790; x_wconf 83' lang='grc' dir='ltr'>μὴ</span> <span class='ocrx_word' id='word_1_456' title='bbox 2743 2722 2863 2791; x_wconf 69' lang='grc' dir='ltr'>οὐχὶ</span> <span class='ocrx_word' id='word_1_457' title='bbox 2907 2723 3156 2784; x_wconf 87' lang='grc' dir='ltr'>συνόντος</span> <span class='ocrx_word' id='word_1_458' title='bbox 3200 2721 3349 2790; x_wconf 82' lang='grc' dir='ltr'>αὑτῷ</span> <span class='ocrx_word' id='word_1_459' title='bbox 3396 2721 3489 2773; x_wconf 76' lang='grc' dir='ltr'>τοῦ</span> <span class='ocrx_word' id='word_1_460' title='bbox 3524 2722 3754 2791; x_wconf 79' lang='grc' dir='ltr'>Πατρός.</span> <span class='ocrx_word' id='word_1_461' title='bbox 3799 2724 3904 2775; x_wconf 75' lang='grc' dir='ltr'>Διά</span> <span class='ocrx_word' id='word_1_462' title='bbox 3935 2725 4047 2793; x_wconf 79' lang='grc' dir='ltr'><strong>γάρ</strong></span> 
     </span>
    </p>
   </div>
   <div class='ocr_carea' id='block_1_59' title="bbox 2446 2811 4047 2882">
    <p class='ocr_par' dir='ltr' id='par_1_59' title="bbox 2446 2811 4047 2882">
     <span class='ocr_line' id='line_1_59' title="bbox 2446 2811 4047 2882; baseline 0.002 -20"><span class='ocrx_word' id='word_1_463' title='bbox 2446 2828 2528 2862; x_wconf 83' lang='grc' dir='ltr'><strong>τοι</strong></span> <span class='ocrx_word' id='word_1_464' title='bbox 2558 2811 2713 2863; x_wconf 76' lang='grc' dir='ltr'>τοῦτο</span> <span class='ocrx_word' id='word_1_465' title='bbox 2754 2812 2846 2864; x_wconf 87' lang='grc' dir='ltr'><strong>καί</strong></span> <span class='ocrx_word' id='word_1_466' title='bbox 2890 2828 3083 2882; x_wconf 75' lang='grc' dir='ltr'>φησιν’</span> <span class='ocrx_word' id='word_1_467' title='bbox 3115 2832 3133 2862; x_wconf 76' lang='grc' dir='ltr'><strong>ι</strong></span> <span class='ocrx_word' id='word_1_468' title='bbox 3183 2814 3300 2864; x_wconf 62' lang='grc' dir='ltr'><strong>Ἀπ’</strong></span> <span class='ocrx_word' id='word_1_469' title='bbox 3344 2812 3580 2882; x_wconf 79' lang='grc' dir='ltr'>ἐμαυτοῦ</span> <span class='ocrx_word' id='word_1_470' title='bbox 3629 2814 3763 2866; x_wconf 75' lang='grc' dir='ltr'>ποιῶ</span> <span class='ocrx_word' id='word_1_471' title='bbox 3786 2815 3981 2866; x_wconf 59' lang='grc' dir='ltr'>οὐδέν’</span> <span class='ocrx_word' id='word_1_472' title='bbox 4020 2816 4047 2865; x_wconf 83' lang='grc' dir='ltr'>ὁ</span> 
     </span>
    </p>
   </div>
   <div class='ocr_carea' id='block_1_60' title="bbox 2447 2902 4041 2974">
    <p class='ocr_par' dir='ltr' id='par_1_60' title="bbox 2447 2902 4041 2974">
     <span class='ocr_line' id='line_1_60' title="bbox 2447 2902 4041 2974; baseline 0.001 -20"><span class='ocrx_word' id='word_1_473' title='bbox 2447 2902 2502 2954; x_wconf 78' lang='grc' dir='ltr'>δὲ</span> <span class='ocrx_word' id='word_1_474' title='bbox 2544 2902 2733 2973; x_wconf 76' lang='grc' dir='ltr'>Πατὴρ</span> <span class='ocrx_word' id='word_1_475' title='bbox 2772 2905 2801 2955; x_wconf 89' lang='lat'><strong>6</strong></span> <span class='ocrx_word' id='word_1_476' title='bbox 2848 2905 2905 2955; x_wconf 79' lang='grc' dir='ltr'>ὲν</span> <span class='ocrx_word' id='word_1_477' title='bbox 2951 2906 3073 2973; x_wconf 70' lang='grc' dir='ltr'>ἐμοὶ</span> <span class='ocrx_word' id='word_1_478' title='bbox 3105 2905 3281 2974; x_wconf 84' lang='grc' dir='ltr'>μένων</span> <span class='ocrx_word' id='word_1_479' title='bbox 3331 2908 3474 2956; x_wconf 83' lang='grc' dir='ltr'>ποιεῖ</span> <span class='ocrx_word' id='word_1_480' title='bbox 3525 2906 3590 2957; x_wconf 71' lang='grc' dir='ltr'><strong>τὰ</strong></span> <span class='ocrx_word' id='word_1_481' title='bbox 3618 2904 3751 2973; x_wconf 76' lang='grc' dir='ltr'>ἔργα</span> <span class='ocrx_word' id='word_1_482' title='bbox 3798 2908 3990 2969; x_wconf 62' lang='grc' dir='ltr'>αὐτὸς.</span> <span class='ocrx_word' id='word_1_483' title='bbox 4025 2926 4041 2956; x_wconf 78' lang='grc' dir='ltr'><strong>ι</strong></span> 
     </span>
    </p>
   </div>
   <div class='ocr_carea' id='block_1_61' title="bbox 2449 2996 4049 3067">
    <p class='ocr_par' dir='ltr' id='par_1_61' title="bbox 2449 2996 4049 3067">
     <span class='ocr_line' id='line_1_61' title="bbox 2449 2996 4049 3067; baseline 0.001 -19"><span class='ocrx_word' id='word_1_484' title='bbox 2449 2996 2559 3048; x_wconf 69' lang='grc' dir='ltr'>Καὶ</span> <span class='ocrx_word' id='word_1_485' title='bbox 2594 2997 2653 3049; x_wconf 86' lang='grc' dir='ltr'><strong>οὑ</strong></span> <span class='ocrx_word' id='word_1_486' title='bbox 2683 2996 2853 3066; x_wconf 67' lang='grc' dir='ltr'>δήπου</span> <span class='ocrx_word' id='word_1_487' title='bbox 2885 2996 3269 3066; x_wconf 86' lang='grc' dir='ltr'>διακεισόμεθα</span> <span class='ocrx_word' id='word_1_488' title='bbox 3315 2996 3679 3065; x_wconf 72' lang='grc' dir='ltr'>δυναμοῦσθαι</span> <span class='ocrx_word' id='word_1_489' title='bbox 3734 2998 3833 3067; x_wconf 76' lang='grc' dir='ltr'><strong>μὲν</strong></span> <span class='ocrx_word' id='word_1_490' title='bbox 3879 2999 3957 3061; x_wconf 81' lang='grc' dir='ltr'>ὡς</span> <span class='ocrx_word' id='word_1_491' title='bbox 3990 2999 4049 3061; x_wconf 76' lang='grc' dir='ltr'>ἐξ</span> 
     </span>
    </p>
   </div>
   <div class='ocr_carea' id='block_1_62' title="bbox 2450 3088 4049 3159">
    <p class='ocr_par' dir='ltr' id='par_1_62' title="bbox 2450 3088 4049 3159">
     <span class='ocr_line' id='line_1_62' title="bbox 2450 3088 4049 3159; baseline 0.001 -18"><span class='ocrx_word' id='word_1_492' title='bbox 2450 3089 2731 3151; x_wconf 74' lang='grc' dir='ltr'>ἀσθενείας</span> <span class='ocrx_word' id='word_1_493' title='bbox 2759 3089 2915 3158; x_wconf 73' lang='grc' dir='ltr'>παρὰ</span> <span class='ocrx_word' id='word_1_494' title='bbox 2938 3090 3030 3140; x_wconf 71' lang='grc' dir='ltr'>τοῦ</span> <span class='ocrx_word' id='word_1_495' title='bbox 3065 3089 3275 3158; x_wconf 81' lang='grc' dir='ltr'>Πατρὸς</span> <span class='ocrx_word' id='word_1_496' title='bbox 3302 3088 3390 3140; x_wconf 73' lang='grc' dir='ltr'><strong>τὸν</strong></span> <span class='ocrx_word' id='word_1_497' title='bbox 3420 3088 3563 3151; x_wconf 82' lang='grc' dir='ltr'>Υίὸν,</span> <span class='ocrx_word' id='word_1_498' title='bbox 3591 3090 3950 3159; x_wconf 74' lang='grc' dir='ltr'>χορηγεῖσθαι</span> <span class='ocrx_word' id='word_1_499' title='bbox 3995 3090 4049 3142; x_wconf 72' lang='grc' dir='ltr'><strong>δὲ</strong></span> 
     </span>
    </p>
   </div>
   <div class='ocr_carea' id='block_1_63' title="bbox 2452 3178 4048 3249">
    <p class='ocr_par' dir='ltr' id='par_1_63' title="bbox 2452 3178 4048 3249">
     <span class='ocr_line' id='line_1_63' title="bbox 2452 3178 4048 3249; baseline 0.001 -19"><span class='ocrx_word' id='word_1_500' title='bbox 2452 3180 2614 3232; x_wconf 85' lang='grc' dir='ltr'>πάλιν</span> <span class='ocrx_word' id='word_1_501' title='bbox 2658 3180 2806 3249; x_wconf 83' lang='grc' dir='ltr'>αὑτῷ</span> <span class='ocrx_word' id='word_1_502' title='bbox 2849 3179 2943 3232; x_wconf 70' lang='grc' dir='ltr'>καὶ</span> <span class='ocrx_word' id='word_1_503' title='bbox 2996 3178 3093 3249; x_wconf 77' lang='grc' dir='ltr'><strong>τὴν</strong></span> <span class='ocrx_word' id='word_1_504' title='bbox 3144 3180 3228 3247; x_wconf 77' lang='grc' dir='ltr'><strong>ἐφ’</strong></span> <span class='ocrx_word' id='word_1_505' title='bbox 3264 3181 3467 3233; x_wconf 67' lang='grc' dir='ltr'>ἅπασιν</span> <span class='ocrx_word' id='word_1_506' title='bbox 3518 3180 3779 3243; x_wconf 74' lang='grc' dir='ltr'>ἐξουσίαν’</span> <span class='ocrx_word' id='word_1_507' title='bbox 3824 3182 3888 3232; x_wconf 79' lang='grc' dir='ltr'><strong>οὑ</strong></span> <span class='ocrx_word' id='word_1_508' title='bbox 3935 3182 4048 3249; x_wconf 73' lang='grc' dir='ltr'><strong>γάρ</strong></span> 
     </span>
    </p>
   </div>
   <div class='ocr_carea' id='block_1_64' title="bbox 778 3244 2439 3343">
    <p class='ocr_par' dir='ltr' id='par_1_64' title="bbox 778 3244 2419 3337">
     <span class='ocr_line' id='line_1_64' title="bbox 778 3244 2419 3337; baseline -0.005 -12"><span class='ocrx_word' id='word_1_509' title='bbox 778 3278 1043 3325; x_wconf 87' lang='lat' dir='ltr'><strong>racterem</strong></span> <span class='ocrx_word' id='word_1_510' title='bbox 1079 3270 1275 3321; x_wconf 88' lang='lat' dir='ltr'><strong>habeat</strong></span> <span class='ocrx_word' id='word_1_511' title='bbox 1302 3244 1507 3322; x_wconf 89' lang='lat' dir='ltr'><strong>virtute</strong></span> <span class='ocrx_word' id='word_1_512' title='bbox 1546 3282 1608 3321; x_wconf 92' lang='lat' dir='ltr'><strong>ac</strong></span> <span class='ocrx_word' id='word_1_513' title='bbox 1642 3274 1914 3337; x_wconf 88' lang='lat' dir='ltr'><strong>potestate</strong></span> <span class='ocrx_word' id='word_1_514' title='bbox 1941 3266 2121 3319; x_wconf 88' lang='lat' dir='ltr'><strong>aliena</strong></span> <span class='ocrx_word' id='word_1_515' title='bbox 2149 3279 2348 3318; x_wconf 80' lang='lat' dir='ltr'><strong>caren—</strong></span> <span class='ocrx_word' id='word_1_516' title='bbox 2377 3244 2419 3302; x_wconf 66' lang='grc' dir='ltr'><strong>(εἶ</strong></span> 
     </span>
    </p>
   </div>
   <div class='ocr_carea' id='block_1_65' title="bbox 2388 3244 4049 3343">
    <p class='ocr_par' dir='ltr' id='par_1_65' title="bbox 2388 3244 4049 3343">
     <span class='ocr_line' id='line_1_65' title="bbox 2388 3244 4049 3343; baseline -0.002 -18"><span class='ocrx_word' id='word_1_517' title='bbox 2388 3244 2419 3302; x_wconf 61' lang='grc' dir='ltr'><strong>Β</strong></span> <span class='ocrx_word' id='word_1_518' title='bbox 2453 3272 2517 3325; x_wconf 83' lang='grc' dir='ltr'><strong>ἂν</strong></span> <span class='ocrx_word' id='word_1_519' title='bbox 2545 3272 2726 3325; x_wconf 83' lang='grc' dir='ltr'>οὑκέτι</span> <span class='ocrx_word' id='word_1_520' title='bbox 2753 3267 2819 3342; x_wconf 81' lang='grc' dir='ltr'>ἦν</span> <span class='ocrx_word' id='word_1_521' title='bbox 2850 3272 2990 3325; x_wconf 84' lang='grc' dir='ltr'><strong>κατά</strong></span> <span class='ocrx_word' id='word_1_522' title='bbox 3031 3270 3191 3339; x_wconf 73' lang='grc' dir='ltr'>φύσιν</span> <span class='ocrx_word' id='word_1_523' title='bbox 3220 3272 3372 3336; x_wconf 81' lang='grc' dir='ltr'>Θεὸς,</span> <span class='ocrx_word' id='word_1_524' title='bbox 3417 3274 3651 3326; x_wconf 80' lang='grc' dir='ltr'>ἐπακτὸν</span> <span class='ocrx_word' id='word_1_525' title='bbox 3682 3273 3874 3343; x_wconf 78' lang='grc' dir='ltr'>ὥσπερ</span> <span class='ocrx_word' id='word_1_526' title='bbox 3903 3274 4049 3341; x_wconf 64' lang='grc' dir='ltr'>ἔχων</span> 
     </span>
    </p>
   </div>
   <div class='ocr_carea' id='block_1_66' title="bbox 780 3356 2351 3428">
    <p class='ocr_par' dir='ltr' id='par_1_66' title="bbox 780 3356 2351 3428">
     <span class='ocr_line' id='line_1_66' title="bbox 780 3356 2351 3428; baseline -0.006 -12"><span class='ocrx_word' id='word_1_527' title='bbox 780 3370 912 3416; x_wconf 87' lang='lat' dir='ltr'><strong>tem.</strong></span> <span class='ocrx_word' id='word_1_528' title='bbox 954 3362 1244 3426; x_wconf 63' lang='lat' dir='ltr'><strong>Qnaaretur</strong></span> <span class='ocrx_word' id='word_1_529' title='bbox 1284 3360 1432 3413; x_wconf 90' lang='lat' dir='ltr'><strong>enim</strong></span> <span class='ocrx_word' id='word_1_530' title='bbox 1472 3375 1572 3428; x_wconf 91' lang='lat' dir='ltr'><strong>pro</strong></span> <span class='ocrx_word' id='word_1_531' title='bbox 1602 3358 1819 3412; x_wconf 89' lang='lat' dir='ltr'><strong>ratione</strong></span> <span class='ocrx_word' id='word_1_532' title='bbox 1866 3356 2123 3426; x_wconf 79' lang='lat' dir='ltr'><strong>imaginis</strong></span> <span class='ocrx_word' id='word_1_533' title='bbox 2160 3362 2215 3409; x_wconf 90' lang='lat' dir='ltr'><strong>et</strong></span> <span class='ocrx_word' id='word_1_534' title='bbox 2262 3369 2351 3408; x_wconf 87' lang='lat' dir='ltr'><strong>ar-</strong></span> 
     </span>
    </p>
   </div>
   <div class='ocr_carea' id='block_1_67' title="bbox 778 3444 2351 3521">
    <p class='ocr_par' dir='ltr' id='par_1_67' title="bbox 778 3444 2351 3521">
     <span class='ocr_line' id='line_1_67' title="bbox 778 3444 2351 3521; baseline -0.005 -16"><span class='ocrx_word' id='word_1_535' title='bbox 778 3446 1033 3521; x_wconf 85' lang='lat' dir='ltr'><strong>chetypi,</strong></span> <span class='ocrx_word' id='word_1_536' title='bbox 1080 3449 1172 3519; x_wconf 92' lang='lat' dir='ltr'><strong>qui</strong></span> <span class='ocrx_word' id='word_1_537' title='bbox 1240 3463 1327 3502; x_wconf 89' lang='lat' dir='ltr'><strong>res</strong></span> <span class='ocrx_word' id='word_1_538' title='bbox 1380 3448 1687 3502; x_wconf 89' lang='lat' dir='ltr'><strong>antediclas</strong></span> <span class='ocrx_word' id='word_1_539' title='bbox 1742 3446 2029 3517; x_wconf 79' lang='lat' dir='ltr'><strong>largiatur,</strong></span> <span class='ocrx_word' id='word_1_540' title='bbox 2068 3456 2230 3513; x_wconf 86' lang='lat' dir='ltr'><strong>atque</strong></span> <span class='ocrx_word' id='word_1_541' title='bbox 2276 3444 2351 3497; x_wconf 89' lang='lat' dir='ltr'><strong>ita</strong></span> 
     </span>
    </p>
   </div>
   <div class='ocr_carea' id='block_1_68' title="bbox 778 3538 2351 3611">
    <p class='ocr_par' dir='ltr' id='par_1_68' title="bbox 778 3538 2351 3611">
     <span class='ocr_line' id='line_1_68' title="bbox 778 3538 2351 3611; baseline -0.004 -14"><span class='ocrx_word' id='word_1_542' title='bbox 778 3543 999 3598; x_wconf 88' lang='lat' dir='ltr'><strong>demum</strong></span> <span class='ocrx_word' id='word_1_543' title='bbox 1034 3543 1087 3595; x_wconf 92' lang='lat' dir='ltr'><strong>in</strong></span> <span class='ocrx_word' id='word_1_544' title='bbox 1136 3541 1493 3611; x_wconf 67' lang='lat' dir='ltr'><strong>quaestionem</strong></span> <span class='ocrx_word' id='word_1_545' title='bbox 1535 3540 1805 3593; x_wconf 85' lang='lat' dir='ltr'><strong>infinitam</strong></span> <span class='ocrx_word' id='word_1_546' title='bbox 1841 3553 2027 3594; x_wconf 89' lang='lat' dir='ltr'><strong>sermo</strong></span> <span class='ocrx_word' id='word_1_547' title='bbox 2061 3538 2254 3603; x_wconf 91' lang='lat' dir='ltr'><strong>abibit,</strong></span> <span class='ocrx_word' id='word_1_548' title='bbox 2297 3548 2351 3592; x_wconf 91' lang='lat' dir='ltr'><strong>et</strong></span> 
     </span>
    </p>
   </div>
   <div class='ocr_carea' id='block_1_69' title="bbox 781 3632 2348 3706">
    <p class='ocr_par' dir='ltr' id='par_1_69' title="bbox 781 3632 2348 3706">
     <span class='ocr_line' id='line_1_69' title="bbox 781 3632 2348 3706; baseline -0.002 -17"><span class='ocrx_word' id='word_1_549' title='bbox 781 3637 836 3689; x_wconf 91' lang='lat' dir='ltr'><strong>in</strong></span> <span class='ocrx_word' id='word_1_550' title='bbox 876 3635 1209 3706; x_wconf 89' lang='lat' dir='ltr'><strong>profundum</strong></span> <span class='ocrx_word' id='word_1_551' title='bbox 1265 3632 1732 3701; x_wconf 88' lang='lat' dir='ltr'><strong>blasphemiarum</strong></span> <span class='ocrx_word' id='word_1_552' title='bbox 1789 3632 2018 3702; x_wconf 81' lang='lat' dir='ltr'><strong>pelagus</strong></span> <span class='ocrx_word' id='word_1_553' title='bbox 2064 3638 2348 3687; x_wconf 81' lang='lat' dir='ltr'><strong>excurret.</strong></span> 
     </span>
    </p>
   </div>
   <div class='ocr_carea' id='block_1_70' title="bbox 782 3723 2349 3798">
    <p class='ocr_par' dir='ltr' id='par_1_70' title="bbox 782 3723 2349 3798">
     <span class='ocr_line' id='line_1_70' title="bbox 782 3723 2349 3798; baseline -0.003 -15"><span class='ocrx_word' id='word_1_554' title='bbox 782 3730 888 3783; x_wconf 82' lang='lat' dir='ltr'><strong>Sed</strong></span> <span class='ocrx_word' id='word_1_555' title='bbox 928 3728 1213 3798; x_wconf 89' lang='lat' dir='ltr'><strong>quoniam,</strong></span> <span class='ocrx_word' id='word_1_556' title='bbox 1256 3742 1323 3781; x_wconf 81' lang='lat' dir='ltr'><strong>ex</strong></span> <span class='ocrx_word' id='word_1_557' title='bbox 1354 3724 1667 3780; x_wconf 89' lang='lat' dir='ltr'><strong>substantia</strong></span> <span class='ocrx_word' id='word_1_558' title='bbox 1694 3723 1879 3779; x_wconf 90' lang='lat' dir='ltr'><strong>Patris</strong></span> <span class='ocrx_word' id='word_1_559' title='bbox 1910 3740 2034 3779; x_wconf 91' lang='lat' dir='ltr'><strong>cum</strong></span> <span class='ocrx_word' id='word_1_560' title='bbox 2061 3725 2131 3779; x_wconf 91' lang='lat' dir='ltr'><strong>sit</strong></span> <span class='ocrx_word' id='word_1_561' title='bbox 2155 3723 2349 3791; x_wconf 88' lang='lat' dir='ltr'><strong>Filius,</strong></span> 
     </span>
    </p>
   </div>
   <div class='ocr_carea' id='block_1_71' title="bbox 780 3814 2350 3884">
    <p class='ocr_par' dir='ltr' id='par_1_71' title="bbox 780 3814 2350 3884">
     <span class='ocr_line' id='line_1_71' title="bbox 780 3814 2350 3884; baseline -0.003 -13"><span class='ocrx_word' id='word_1_562' title='bbox 780 3818 963 3871; x_wconf 85' lang='lat' dir='ltr'><strong>omnia</strong></span> <span class='ocrx_word' id='word_1_563' title='bbox 998 3815 1281 3871; x_wconf 87' lang='lat' dir='ltr'><strong>Genitoris</strong></span> <span class='ocrx_word' id='word_1_564' title='bbox 1315 3816 1620 3870; x_wconf 88' lang='lat' dir='ltr'><strong>secundum</strong></span> <span class='ocrx_word' id='word_1_565' title='bbox 1671 3822 1927 3868; x_wconf 89' lang='lat' dir='ltr'><strong>naturam</strong></span> <span class='ocrx_word' id='word_1_566' title='bbox 1983 3814 2205 3884; x_wconf 89' lang='lat' dir='ltr'><strong>propria</strong></span> <span class='ocrx_word' id='word_1_567' title='bbox 2243 3814 2350 3869; x_wconf 88' lang='lat' dir='ltr'><strong>sibi</strong></span> 
     </span>
    </p>
   </div>
   <div class='ocr_carea' id='block_1_72' title="bbox 779 3907 2353 3977">
    <p class='ocr_par' dir='ltr' id='par_1_72' title="bbox 779 3907 2353 3977">
     <span class='ocr_line' id='line_1_72' title="bbox 779 3907 2353 3977; baseline -0.001 -14"><span class='ocrx_word' id='word_1_568' title='bbox 779 3910 1022 3973; x_wconf 90' lang='lat' dir='ltr'><strong>asciscit,</strong></span> <span class='ocrx_word' id='word_1_569' title='bbox 1057 3917 1112 3964; x_wconf 90' lang='lat' dir='ltr'><strong>et</strong></span> <span class='ocrx_word' id='word_1_570' title='bbox 1144 3909 1587 3964; x_wconf 89' lang='lat' dir='ltr'><strong>substantialiter</strong></span> <span class='ocrx_word' id='word_1_571' title='bbox 1622 3907 1676 3962; x_wconf 90' lang='lat' dir='ltr'><strong>in</strong></span> <span class='ocrx_word' id='word_1_572' title='bbox 1710 3921 1874 3960; x_wconf 88' lang='lat' dir='ltr'><strong>unam</strong></span> <span class='ocrx_word' id='word_1_573' title='bbox 1908 3921 2033 3962; x_wconf 89' lang='lat' dir='ltr'><strong>cum</strong></span> <span class='ocrx_word' id='word_1_574' title='bbox 2077 3907 2197 3977; x_wconf 89' lang='lat' dir='ltr'><strong>ipso</strong></span> <span class='ocrx_word' id='word_1_575' title='bbox 2236 3907 2353 3962; x_wconf 86' lang='lat' dir='ltr'><strong>dei—</strong></span> 
     </span>
    </p>
   </div>
   <div class='ocr_carea' id='block_1_73' title="bbox 786 3999 2351 4070">
    <p class='ocr_par' dir='ltr' id='par_1_73' title="bbox 786 3999 2351 4070">
     <span class='ocr_line' id='line_1_73' title="bbox 786 3999 2351 4070; baseline -0.001 -17"><span class='ocrx_word' id='word_1_576' title='bbox 786 4007 969 4067; x_wconf 87' lang='lat' dir='ltr'><strong>tatem,</strong></span> <span class='ocrx_word' id='word_1_577' title='bbox 1002 4008 1223 4070; x_wconf 88' lang='lat' dir='ltr'><strong>propter</strong></span> <span class='ocrx_word' id='word_1_578' title='bbox 1268 4009 1479 4054; x_wconf 71' lang='lat' dir='ltr'><strong>natura:</strong></span> <span class='ocrx_word' id='word_1_579' title='bbox 1512 3999 1880 4065; x_wconf 90' lang='lat' dir='ltr'><strong>identitatem,</strong></span> <span class='ocrx_word' id='word_1_580' title='bbox 1915 3999 2225 4065; x_wconf 86' lang='lat' dir='ltr'><strong>concurrit,</strong></span> <span class='ocrx_word' id='word_1_581' title='bbox 2265 4006 2351 4054; x_wconf 88' lang='lat' dir='ltr'><strong>est</strong></span> 
     </span>
    </p>
   </div>
   <div class='ocr_carea' id='block_1_74' title="bbox 781 4090 2351 4164">
    <p class='ocr_par' dir='ltr' id='par_1_74' title="bbox 781 4090 2351 4164">
     <span class='ocr_line' id='line_1_74' title="bbox 781 4090 2351 4164; baseline -0.002 -16"><span class='ocrx_word' id='word_1_582' title='bbox 781 4096 902 4162; x_wconf 86' lang='lat' dir='ltr'><strong>ipse</strong></span> <span class='ocrx_word' id='word_1_583' title='bbox 936 4095 1158 4164; x_wconf 87' lang='lat' dir='ltr'><strong>quidem</strong></span> <span class='ocrx_word' id='word_1_584' title='bbox 1190 4095 1243 4146; x_wconf 91' lang='lat' dir='ltr'><strong>in</strong></span> <span class='ocrx_word' id='word_1_585' title='bbox 1280 4093 1463 4155; x_wconf 81' lang='lat' dir='ltr'><strong>Patre,</strong></span> <span class='ocrx_word' id='word_1_586' title='bbox 1497 4107 1562 4146; x_wconf 90' lang='lat' dir='ltr'><strong>ac</strong></span> <span class='ocrx_word' id='word_1_587' title='bbox 1600 4106 1822 4146; x_wconf 89' lang='lat' dir='ltr'><strong>rursum</strong></span> <span class='ocrx_word' id='word_1_588' title='bbox 1852 4091 2017 4146; x_wconf 90' lang='lat' dir='ltr'><strong>habet</strong></span> <span class='ocrx_word' id='word_1_589' title='bbox 2040 4090 2259 4145; x_wconf 85' lang='lat' dir='ltr'><strong>Patrem</strong></span> <span class='ocrx_word' id='word_1_590' title='bbox 2293 4092 2351 4146; x_wconf 89' lang='lat' dir='ltr'><strong>in</strong></span> 
     </span>
    </p>
   </div>
   <div class='ocr_carea' id='block_1_75' title="bbox 780 4184 2347 4258">
    <p class='ocr_par' dir='ltr' id='par_1_75' title="bbox 780 4184 2347 4258">
     <span class='ocr_line' id='line_1_75' title="bbox 780 4184 2347 4258; baseline -0.002 -17"><span class='ocrx_word' id='word_1_591' title='bbox 780 4189 1015 4258; x_wconf 24' lang='lat' dir='ltr'><strong>seipso&#39;:</strong></span> <span class='ocrx_word' id='word_1_592' title='bbox 1050 4187 1257 4241; x_wconf 89' lang='lat' dir='ltr'><strong>idcirco</strong></span> <span class='ocrx_word' id='word_1_593' title='bbox 1310 4200 1455 4254; x_wconf 72' lang='lat' dir='ltr'><strong>saepe</strong></span> <span class='ocrx_word' id='word_1_594' title='bbox 1505 4184 1786 4254; x_wconf 79' lang='lat' dir='ltr'><strong>in‘culpate</strong></span> <span class='ocrx_word' id='word_1_595' title='bbox 1839 4198 1904 4238; x_wconf 91' lang='lat' dir='ltr'><strong>ac</strong></span> <span class='ocrx_word' id='word_1_596' title='bbox 1940 4198 2072 4239; x_wconf 89' lang='lat' dir='ltr'><strong>vere</strong></span> <span class='ocrx_word' id='word_1_597' title='bbox 2121 4199 2347 4239; x_wconf 90' lang='lat' dir='ltr'><strong>suorum</strong></span> 
     </span>
    </p>
   </div>
   <div class='ocr_carea' id='block_1_76' title="bbox 780 4274 2349 4347">
    <p class='ocr_par' dir='ltr' id='par_1_76' title="bbox 780 4274 2349 4347">
     <span class='ocr_line' id='line_1_76' title="bbox 780 4274 2349 4347; baseline -0.001 -16"><span class='ocrx_word' id='word_1_598' title='bbox 780 4293 1007 4347; x_wconf 84' lang='lat' dir='ltr'><strong>operum</strong></span> <span class='ocrx_word' id='word_1_599' title='bbox 1029 4286 1354 4347; x_wconf 88' lang='lat' dir='ltr'><strong>potestatem</strong></span> <span class='ocrx_word' id='word_1_600' title='bbox 1379 4277 1576 4330; x_wconf 90' lang='lat' dir='ltr'><strong>tribuit</strong></span> <span class='ocrx_word' id='word_1_601' title='bbox 1596 4274 1771 4339; x_wconf 88' lang='lat' dir='ltr'><strong>Patri,</strong></span> <span class='ocrx_word' id='word_1_602' title='bbox 1796 4290 1907 4329; x_wconf 88' lang='lat' dir='ltr'><strong>non</strong></span> <span class='ocrx_word' id='word_1_603' title='bbox 1930 4275 2079 4346; x_wconf 88' lang='lat' dir='ltr'><strong>quod</strong></span> <span class='ocrx_word' id='word_1_604' title='bbox 2104 4278 2349 4344; x_wconf 82' lang='lat' dir='ltr'><strong>scipsum</strong></span> 
     </span>
    </p>
   </div>
   <div class='ocr_carea' id='block_1_77' title="bbox 783 4370 2355 4441">
    <p class='ocr_par' dir='ltr' id='par_1_77' title="bbox 783 4370 2355 4441">
     <span class='ocr_line' id='line_1_77' title="bbox 783 4370 2355 4441; baseline -0.003 -16"><span class='ocrx_word' id='word_1_605' title='bbox 783 4372 835 4425; x_wconf 89' lang='lat' dir='ltr'><strong>id</strong></span> <span class='ocrx_word' id='word_1_606' title='bbox 858 4387 1019 4441; x_wconf 84' lang='lat' dir='ltr'><strong>posse</strong></span> <span class='ocrx_word' id='word_1_607' title='bbox 1037 4379 1214 4441; x_wconf 84' lang='lat' dir='ltr'><strong>neget,</strong></span> <span class='ocrx_word' id='word_1_608' title='bbox 1236 4370 1330 4423; x_wconf 87' lang='lat' dir='ltr'><strong>sed</strong></span> <span class='ocrx_word' id='word_1_609' title='bbox 1350 4370 1495 4439; x_wconf 90' lang='lat' dir='ltr'><strong>quod</strong></span> <span class='ocrx_word' id='word_1_610' title='bbox 1517 4372 1583 4423; x_wconf 90' lang='lat' dir='ltr'><strong>ad</strong></span> <span class='ocrx_word' id='word_1_611' title='bbox 1604 4370 1769 4424; x_wconf 92' lang='lat' dir='ltr'><strong>unius</strong></span> <span class='ocrx_word' id='word_1_612' title='bbox 1789 4370 2166 4439; x_wconf 86' lang='lat' dir='ltr'><strong>operationem</strong></span> <span class='ocrx_word' id='word_1_613' title='bbox 2185 4370 2355 4423; x_wconf 78' lang='lat' dir='ltr'><strong>deita-</strong></span> 
     </span>
    </p>
   </div>
   <div class='ocr_carea' id='block_1_78' title="bbox 784 4459 2354 4528">
    <p class='ocr_par' dir='ltr' id='par_1_78' title="bbox 784 4459 2354 4528">
     <span class='ocr_line' id='line_1_78' title="bbox 784 4459 2354 4528; baseline -0.001 -13"><span class='ocrx_word' id='word_1_614' title='bbox 784 4463 855 4515; x_wconf 88' lang='lat' dir='ltr'><strong>tis</strong></span> <span class='ocrx_word' id='word_1_615' title='bbox 884 4460 1065 4514; x_wconf 87' lang='lat' dir='ltr'><strong>omnia</strong></span> <span class='ocrx_word' id='word_1_616' title='bbox 1103 4460 1321 4515; x_wconf 82' lang='lat' dir='ltr'><strong>referat.</strong></span> <span class='ocrx_word' id='word_1_617' title='bbox 1350 4459 1514 4528; x_wconf 81' lang='lat'><strong>239</strong></span> <span class='ocrx_word' id='word_1_618' title='bbox 1539 4459 1657 4513; x_wconf 88' lang='lat' dir='ltr'><strong>Una</strong></span> <span class='ocrx_word' id='word_1_619' title='bbox 1689 4467 1867 4513; x_wconf 88' lang='lat' dir='ltr'><strong>autem</strong></span> <span class='ocrx_word' id='word_1_620' title='bbox 1891 4459 2066 4515; x_wconf 89' lang='lat' dir='ltr'><strong>deitas</strong></span> <span class='ocrx_word' id='word_1_621' title='bbox 2102 4459 2156 4513; x_wconf 94' lang='lat' dir='ltr'><strong>in</strong></span> <span class='ocrx_word' id='word_1_622' title='bbox 2190 4459 2354 4514; x_wconf 88' lang='lat' dir='ltr'><strong>Patre</strong></span> 
     </span>
    </p>
   </div>
   <div class='ocr_carea' id='block_1_79' title="bbox 781 4548 2353 4619">
    <p class='ocr_par' dir='ltr' id='par_1_79' title="bbox 781 4548 2353 4619">
     <span class='ocr_line' id='line_1_79' title="bbox 781 4548 2353 4619; baseline -0.001 -13"><span class='ocrx_word' id='word_1_623' title='bbox 781 4560 887 4613; x_wconf 84' lang='lat' dir='ltr'><strong>est,</strong></span> <span class='ocrx_word' id='word_1_624' title='bbox 918 4566 981 4604; x_wconf 91' lang='lat' dir='ltr'><strong>ac</strong></span> <span class='ocrx_word' id='word_1_625' title='bbox 1016 4548 1182 4614; x_wconf 89' lang='lat' dir='ltr'><strong>Filio,</strong></span> <span class='ocrx_word' id='word_1_626' title='bbox 1217 4560 1524 4618; x_wconf 89' lang='lat' dir='ltr'><strong>sanctoque</strong></span> <span class='ocrx_word' id='word_1_627' title='bbox 1552 4548 1782 4619; x_wconf 91' lang='lat' dir='ltr'><strong>Spiritu.</strong></span> <span class='ocrx_word' id='word_1_628' title='bbox 1820 4548 1979 4616; x_wconf 87' lang='lat' dir='ltr'><strong>Quod</strong></span> <span class='ocrx_word' id='word_1_629' title='bbox 2025 4559 2206 4606; x_wconf 90' lang='lat' dir='ltr'><strong>autem</strong></span> <span class='ocrx_word' id='word_1_630' title='bbox 2240 4566 2353 4605; x_wconf 90' lang='lat' dir='ltr'><strong>non</strong></span> 
     </span>
    </p>
   </div>
   <div class='ocr_carea' id='block_1_80' title="bbox 782 4639 2350 4711">
    <p class='ocr_par' dir='ltr' id='par_1_80' title="bbox 782 4639 2350 4711">
     <span class='ocr_line' id='line_1_80' title="bbox 782 4639 2350 4711; baseline -0.001 -14"><span class='ocrx_word' id='word_1_631' title='bbox 782 4642 1012 4697; x_wconf 87' lang='lat' dir='ltr'><strong>inferior</strong></span> <span class='ocrx_word' id='word_1_632' title='bbox 1044 4643 1117 4695; x_wconf 90' lang='lat' dir='ltr'><strong>sit</strong></span> <span class='ocrx_word' id='word_1_633' title='bbox 1152 4640 1319 4695; x_wconf 90' lang='lat' dir='ltr'><strong>Patre</strong></span> <span class='ocrx_word' id='word_1_634' title='bbox 1373 4639 1546 4695; x_wconf 84' lang='lat' dir='ltr'><strong>Filius</strong></span> <span class='ocrx_word' id='word_1_635' title='bbox 1594 4640 1823 4705; x_wconf 86' lang='lat' dir='ltr'><strong>virtute,</strong></span> <span class='ocrx_word' id='word_1_636' title='bbox 1865 4649 1959 4695; x_wconf 89' lang='lat' dir='ltr'><strong>aut</strong></span> <span class='ocrx_word' id='word_1_637' title='bbox 2008 4641 2350 4711; x_wconf 85' lang='lat' dir='ltr'><strong>operatione,</strong></span> 
     </span>
    </p>
   </div>
   <div class='ocr_carea' id='block_1_81' title="bbox 782 4732 2348 4803">
    <p class='ocr_par' dir='ltr' id='par_1_81' title="bbox 782 4732 2348 4803">
     <span class='ocr_line' id='line_1_81' title="bbox 782 4732 2348 4803; baseline -0.001 -14"><span class='ocrx_word' id='word_1_638' title='bbox 782 4734 879 4789; x_wconf 87' lang='lat' dir='ltr'><strong>sed</strong></span> <span class='ocrx_word' id='word_1_639' title='bbox 928 4748 1027 4803; x_wconf 89' lang='lat' dir='ltr'><strong>per</strong></span> <span class='ocrx_word' id='word_1_640' title='bbox 1078 4733 1265 4785; x_wconf 88' lang='lat' dir='ltr'><strong>omnia</strong></span> <span class='ocrx_word' id='word_1_641' title='bbox 1326 4732 1520 4786; x_wconf 88' lang='lat' dir='ltr'><strong>similis</strong></span> <span class='ocrx_word' id='word_1_642' title='bbox 1565 4740 1622 4787; x_wconf 90' lang='lat' dir='ltr'><strong>et</strong></span> <span class='ocrx_word' id='word_1_643' title='bbox 1662 4733 2023 4803; x_wconf 69' lang='lat' dir='ltr'><strong>aequipotens,</strong></span> <span class='ocrx_word' id='word_1_644' title='bbox 2058 4740 2218 4787; x_wconf 89' lang='lat' dir='ltr'><strong>antea</strong></span> <span class='ocrx_word' id='word_1_645' title='bbox 2251 4733 2348 4787; x_wconf 83' lang='lat' dir='ltr'><strong>de-</strong></span> 
     </span>
    </p>
   </div>
   <div class='ocr_carea' id='block_1_82' title="bbox 783 4821 2354 4893">
    <p class='ocr_par' dir='ltr' id='par_1_82' title="bbox 783 4821 2354 4893">
     <span class='ocr_line' id='line_1_82' title="bbox 783 4821 2354 4893; baseline -0.003 -13"><span class='ocrx_word' id='word_1_646' title='bbox 783 4825 1240 4887; x_wconf 83' lang='lat' dir='ltr'><strong>monstravimus,</strong></span> <span class='ocrx_word' id='word_1_647' title='bbox 1276 4822 1343 4876; x_wconf 92' lang='lat' dir='ltr'><strong>ad</strong></span> <span class='ocrx_word' id='word_1_648' title='bbox 1378 4822 1533 4876; x_wconf 89' lang='lat' dir='ltr'><strong>illum</strong></span> <span class='ocrx_word' id='word_1_649' title='bbox 1581 4823 1763 4878; x_wconf 88' lang='lat' dir='ltr'><strong>locum</strong></span> <span class='ocrx_word' id='word_1_650' title='bbox 1796 4839 1808 4873; x_wconf 85' lang='lat'><strong>:</strong></span> <span class='ocrx_word' id='word_1_651' title='bbox 1845 4843 1862 4875; x_wconf 75' lang='grc' dir='ltr'><strong>ε</strong></span> <span class='ocrx_word' id='word_1_652' title='bbox 1891 4822 2011 4878; x_wconf 86' lang='lat' dir='ltr'><strong>Non</strong></span> <span class='ocrx_word' id='word_1_653' title='bbox 2046 4832 2230 4893; x_wconf 84' lang='lat' dir='ltr'><strong>potest</strong></span> <span class='ocrx_word' id='word_1_654' title='bbox 2258 4821 2354 4877; x_wconf 84' lang='lat' dir='ltr'><strong>Fi-</strong></span> 
     </span>
    </p>
   </div>
   <div class='ocr_carea' id='block_1_83' title="bbox 784 4914 2351 4985">
    <p class='ocr_par' dir='ltr' id='par_1_83' title="bbox 784 4914 2351 4985">
     <span class='ocr_line' id='line_1_83' title="bbox 784 4914 2351 4985; baseline -0.002 -15"><span class='ocrx_word' id='word_1_655' title='bbox 784 4918 891 4971; x_wconf 88' lang='lat' dir='ltr'><strong>lius</strong></span> <span class='ocrx_word' id='word_1_656' title='bbox 921 4931 950 4969; x_wconf 89' lang='lat' dir='ltr'><strong>a</strong></span> <span class='ocrx_word' id='word_1_657' title='bbox 981 4932 1039 4970; x_wconf 87' lang='lat' dir='ltr'><strong>se</strong></span> <span class='ocrx_word' id='word_1_658' title='bbox 1072 4914 1256 4970; x_wconf 85' lang='lat' dir='ltr'><strong>facere</strong></span> <span class='ocrx_word' id='word_1_659' title='bbox 1316 4915 1638 4984; x_wconf 89' lang='lat' dir='ltr'><strong>quidquam,</strong></span> <span class='ocrx_word' id='word_1_660' title='bbox 1677 4916 1781 4972; x_wconf 91' lang='lat' dir='ltr'><strong>nisi</strong></span> <span class='ocrx_word' id='word_1_661' title='bbox 1814 4915 1957 4985; x_wconf 88' lang='lat' dir='ltr'><strong>quod</strong></span> <span class='ocrx_word' id='word_1_662' title='bbox 2009 4915 2211 4970; x_wconf 86' lang='lat' dir='ltr'><strong>viderit</strong></span> <span class='ocrx_word' id='word_1_663' title='bbox 2246 4914 2351 4968; x_wconf 86' lang='lat' dir='ltr'><strong>Pa-</strong></span> 
     </span>
    </p>
   </div>
   <div class='ocr_carea' id='block_1_84' title="bbox 784 5006 2353 5075">
    <p class='ocr_par' dir='ltr' id='par_1_84' title="bbox 784 5006 2353 5075">
     <span class='ocr_line' id='line_1_84' title="bbox 784 5006 2353 5075; baseline -0.001 -13"><span class='ocrx_word' id='word_1_664' title='bbox 784 5018 919 5062; x_wconf 89' lang='lat' dir='ltr'><strong>trem</strong></span> <span class='ocrx_word' id='word_1_665' title='bbox 954 5006 1279 5060; x_wconf 86' lang='lat' dir='ltr'><strong>facientem:</strong></span> <span class='ocrx_word' id='word_1_666' title='bbox 1314 5021 1657 5075; x_wconf 65' lang='lat' dir='ltr'><strong>quaecunque</strong></span> <span class='ocrx_word' id='word_1_667' title='bbox 1692 5009 1837 5061; x_wconf 89' lang='lat' dir='ltr'><strong>enim</strong></span> <span class='ocrx_word' id='word_1_668' title='bbox 1868 5009 1958 5061; x_wconf 88' lang='lat' dir='ltr'><strong>ille</strong></span> <span class='ocrx_word' id='word_1_669' title='bbox 1990 5007 2201 5072; x_wconf 89' lang='lat' dir='ltr'><strong>fecerit,</strong></span> <span class='ocrx_word' id='word_1_670' title='bbox 2237 5007 2353 5061; x_wconf 63' lang='lat' dir='ltr'><strong>haec</strong></span> 
     </span>
    </p>
   </div>
   <div class='ocr_carea' id='block_1_85' title="bbox 784 5098 1549 5153">
    <p class='ocr_par' dir='ltr' id='par_1_85' title="bbox 784 5098 1549 5153">
     <span class='ocr_line' id='line_1_85' title="bbox 784 5098 1549 5153; baseline -0.003 0"><span class='ocrx_word' id='word_1_671' title='bbox 784 5108 832 5153; x_wconf 85' lang='lat' dir='ltr'><strong>ct</strong></span> <span class='ocrx_word' id='word_1_672' title='bbox 865 5099 1038 5153; x_wconf 81' lang='lat' dir='ltr'><strong>Filius</strong></span> <span class='ocrx_word' id='word_1_673' title='bbox 1063 5098 1316 5151; x_wconf 82' lang='lat' dir='ltr'><strong>similiter</strong></span> <span class='ocrx_word' id='word_1_674' title='bbox 1347 5098 1497 5152; x_wconf 90' lang='lat' dir='ltr'><strong>facit.</strong></span> <span class='ocrx_word' id='word_1_675' title='bbox 1532 5119 1549 5151; x_wconf 72' lang='grc' dir='ltr'><strong>ι</strong></span> 
     </span>
    </p>
   </div>
   <div class='ocr_carea' id='block_1_86' title="bbox 2382 4599 2433 4658">
    <p class='ocr_par' dir='ltr' id='par_1_86' title="bbox 2382 4599 2433 4658">
     <span class='ocr_line' id='line_1_86' title="bbox 2382 4599 2433 4658; baseline 0 0"><span class='ocrx_word' id='word_1_676' title='bbox 2382 4599 2433 4658; x_wconf 90' lang='lat' dir='ltr'><strong>D</strong></span> 
     </span>
    </p>
   </div>
   <div class='ocr_carea' id='block_1_87' title="bbox 2453 3364 4049 3435">
    <p class='ocr_par' dir='ltr' id='par_1_87' title="bbox 2453 3364 4049 3435">
     <span class='ocr_line' id='line_1_87' title="bbox 2453 3364 4049 3435; baseline 0 -20"><span class='ocrx_word' id='word_1_677' title='bbox 2453 3364 2512 3415; x_wconf 85' lang='grc' dir='ltr'><strong>τὸ</strong></span> <span class='ocrx_word' id='word_1_678' title='bbox 2539 3364 2638 3434; x_wconf 77' lang='grc' dir='ltr'><strong>τῆς</strong></span> <span class='ocrx_word' id='word_1_679' title='bbox 2669 3364 2918 3433; x_wconf 80' lang='grc' dir='ltr'>θεότητος</span> <span class='ocrx_word' id='word_1_680' title='bbox 2948 3364 3160 3426; x_wconf 87' lang='grc' dir='ltr'>κάλλος.</span> <span class='ocrx_word' id='word_1_681' title='bbox 3200 3364 3339 3415; x_wconf 85' lang='grc' dir='ltr'><strong>Ἀλλ’</strong></span> <span class='ocrx_word' id='word_1_682' title='bbox 3366 3365 3483 3416; x_wconf 77' lang='grc' dir='ltr'>οὑδὲ</span> <span class='ocrx_word' id='word_1_683' title='bbox 3512 3365 3669 3427; x_wconf 69' lang='grc' dir='ltr'>αὐτὸς</span> <span class='ocrx_word' id='word_1_684' title='bbox 3698 3367 3725 3417; x_wconf 87' lang='lat'><strong>6</strong></span> <span class='ocrx_word' id='word_1_685' title='bbox 3754 3366 3951 3435; x_wconf 71' lang='grc' dir='ltr'>Πατὴρ</span> <span class='ocrx_word' id='word_1_686' title='bbox 3994 3368 4049 3416; x_wconf 73' lang='grc' dir='ltr'><strong>ἐν</strong></span> 
     </span>
    </p>
   </div>
   <div class='ocr_carea' id='block_1_88' title="bbox 2454 3454 4051 3526">
    <p class='ocr_par' dir='ltr' id='par_1_88' title="bbox 2454 3454 4051 3526">
     <span class='ocr_line' id='line_1_88' title="bbox 2454 3454 4051 3526; baseline 0.003 -20"><span class='ocrx_word' id='word_1_687' title='bbox 2454 3454 2712 3526; x_wconf 83' lang='grc' dir='ltr'>ἀκράτοις</span> <span class='ocrx_word' id='word_1_688' title='bbox 2736 3454 2844 3507; x_wconf 85' lang='grc' dir='ltr'><strong>τῶν</strong></span> <span class='ocrx_word' id='word_1_689' title='bbox 2875 3454 3095 3522; x_wconf 81' lang='grc' dir='ltr'>ἀγαθῶν</span> <span class='ocrx_word' id='word_1_690' title='bbox 3145 3455 3440 3525; x_wconf 80' lang='grc' dir='ltr'>ὑπεροχαῖς</span> <span class='ocrx_word' id='word_1_691' title='bbox 3477 3455 3554 3508; x_wconf 77' lang='grc' dir='ltr'>ἔτι</span> <span class='ocrx_word' id='word_1_692' title='bbox 3598 3457 3858 3519; x_wconf 71' lang='grc' dir='ltr'>κείσεται,</span> <span class='ocrx_word' id='word_1_693' title='bbox 3887 3458 4051 3512; x_wconf 77' lang='grc' dir='ltr'>δυνά-</span> 
     </span>
    </p>
   </div>
   <div class='ocr_carea' id='block_1_89' title="bbox 2457 3541 4049 3619">
    <p class='ocr_par' dir='ltr' id='par_1_89' title="bbox 2457 3541 4049 3619">
     <span class='ocr_line' id='line_1_89' title="bbox 2457 3541 4049 3619; baseline -0.001 -18"><span class='ocrx_word' id='word_1_694' title='bbox 2457 3566 2603 3617; x_wconf 86' lang='grc' dir='ltr'>μεως</span> <span class='ocrx_word' id='word_1_695' title='bbox 2644 3548 2742 3617; x_wconf 79' lang='grc' dir='ltr'><strong>τῆς</strong></span> <span class='ocrx_word' id='word_1_696' title='bbox 2770 3550 2899 3616; x_wconf 85' lang='grc' dir='ltr'>παρ’</span> <span class='ocrx_word' id='word_1_697' title='bbox 2931 3548 3118 3619; x_wconf 76' lang='grc' dir='ltr'>ἐτέρου</span> <span class='ocrx_word' id='word_1_698' title='bbox 3176 3548 3270 3600; x_wconf 70' lang='grc' dir='ltr'>καὶ</span> <span class='ocrx_word' id='word_1_699' title='bbox 3325 3548 3574 3613; x_wconf 79' lang='grc' dir='ltr'>ἐξουσίας</span> <span class='ocrx_word' id='word_1_700' title='bbox 3612 3550 3864 3619; x_wconf 76' lang='grc' dir='ltr'>δεόμενον</span> <span class='ocrx_word' id='word_1_701' title='bbox 3890 3541 4049 3619; x_wconf 74' lang='grc' dir='ltr'>’ἔχων</span> 
     </span>
    </p>
   </div>
   <div class='ocr_carea' id='block_1_90' title="bbox 2451 3640 4051 3712">
    <p class='ocr_par' dir='ltr' id='par_1_90' title="bbox 2451 3640 4051 3712">
     <span class='ocr_line' id='line_1_90' title="bbox 2451 3640 4051 3712; baseline -0.001 -16"><span class='ocrx_word' id='word_1_702' title='bbox 2451 3643 2542 3696; x_wconf 82' lang='grc' dir='ltr'><strong>τὸν</strong></span> <span class='ocrx_word' id='word_1_703' title='bbox 2582 3642 2681 3712; x_wconf 84' lang='grc' dir='ltr'>τῆς</span> <span class='ocrx_word' id='word_1_704' title='bbox 2712 3642 2849 3705; x_wconf 79' lang='grc' dir='ltr'>ἰδίας</span> <span class='ocrx_word' id='word_1_705' title='bbox 2882 3641 3097 3710; x_wconf 76' lang='grc' dir='ltr'>φύσεως</span> <span class='ocrx_word' id='word_1_706' title='bbox 3146 3642 3471 3711; x_wconf 75' lang='grc' dir='ltr'>χαρακτῆρα</span> <span class='ocrx_word' id='word_1_707' title='bbox 3508 3640 3680 3708; x_wconf 79' lang='grc' dir='ltr'>λόγον.</span> <span class='ocrx_word' id='word_1_708' title='bbox 3722 3642 4051 3711; x_wconf 72' lang='grc' dir='ltr'><strong>Ζητηθήσε-</strong></span> 
     </span>
    </p>
   </div>
   <div class='ocr_carea' id='block_1_91' title="bbox 2450 3732 4049 3804">
    <p class='ocr_par' dir='ltr' id='par_1_91' title="bbox 2450 3732 4049 3804">
     <span class='ocr_line' id='line_1_91' title="bbox 2450 3732 4049 3804; baseline -0.001 -17"><span class='ocrx_word' id='word_1_709' title='bbox 2450 3751 2541 3787; x_wconf 84' lang='grc' dir='ltr'><strong>ται</strong></span> <span class='ocrx_word' id='word_1_710' title='bbox 2566 3733 2673 3804; x_wconf 82' lang='grc' dir='ltr'>γὰρ</span> <span class='ocrx_word' id='word_1_711' title='bbox 2703 3732 2980 3799; x_wconf 80' lang='grc' dir='ltr'>ἀναλόγως</span> <span class='ocrx_word' id='word_1_712' title='bbox 3011 3734 3075 3802; x_wconf 83' lang='grc' dir='ltr'>τῇ</span> <span class='ocrx_word' id='word_1_713' title='bbox 3118 3733 3287 3783; x_wconf 84' lang='grc' dir='ltr'>εἰκόνι</span> <span class='ocrx_word' id='word_1_714' title='bbox 3318 3733 3411 3783; x_wconf 73' lang='grc' dir='ltr'><strong>καὶ</strong></span> <span class='ocrx_word' id='word_1_715' title='bbox 3461 3733 3538 3801; x_wconf 80' lang='grc' dir='ltr'>τῷ</span> <span class='ocrx_word' id='word_1_716' title='bbox 3587 3733 3881 3804; x_wconf 80' lang='grc' dir='ltr'>ἀρχετύπῳ</span> <span class='ocrx_word' id='word_1_717' title='bbox 3932 3735 4049 3787; x_wconf 75' lang='grc' dir='ltr'><strong>τῶν</strong></span> 
     </span>
    </p>
   </div>
   <div class='ocr_carea' id='block_1_92' title="bbox 2453 3822 4049 3897">
    <p class='ocr_par' dir='ltr' id='par_1_92' title="bbox 2453 3822 4049 3897">
     <span class='ocr_line' id='line_1_92' title="bbox 2453 3822 4049 3897; baseline 0.001 -19"><span class='ocrx_word' id='word_1_718' title='bbox 2453 3826 2755 3897; x_wconf 81' lang='grc' dir='ltr'>εἰρημένων</span> <span class='ocrx_word' id='word_1_719' title='bbox 2785 3825 2813 3877; x_wconf 88' lang='lat'><strong>6</strong></span> <span class='ocrx_word' id='word_1_720' title='bbox 2851 3824 3105 3894; x_wconf 83' lang='grc' dir='ltr'>χορηγὸς,</span> <span class='ocrx_word' id='word_1_721' title='bbox 3138 3822 3279 3876; x_wconf 72' lang='grc' dir='ltr'>οὕτω</span> <span class='ocrx_word' id='word_1_722' title='bbox 3314 3842 3372 3877; x_wconf 88' lang='grc' dir='ltr'><strong>τε</strong></span> <span class='ocrx_word' id='word_1_723' title='bbox 3419 3825 3601 3877; x_wconf 79' lang='grc' dir='ltr'>λοιπὸν</span> <span class='ocrx_word' id='word_1_724' title='bbox 3630 3828 3704 3888; x_wconf 71' lang='grc' dir='ltr'>εἰς</span> <span class='ocrx_word' id='word_1_725' title='bbox 3730 3825 4049 3894; x_wconf 70' lang='grc' dir='ltr'>ἀπέραντον</span> 
     </span>
    </p>
   </div>
   <div class='ocr_carea' id='block_1_93' title="bbox 2454 3916 4051 3988">
    <p class='ocr_par' dir='ltr' id='par_1_93' title="bbox 2454 3916 4051 3988">
     <span class='ocr_line' id='line_1_93' title="bbox 2454 3916 4051 3988; baseline 0.003 -21"><span class='ocrx_word' id='word_1_726' title='bbox 2454 3916 2678 3988; x_wconf 73' lang='grc' dir='ltr'>ζήτησιν</span> <span class='ocrx_word' id='word_1_727' title='bbox 2709 3918 2737 3968; x_wconf 90' lang='grc' dir='ltr'>ὁ</span> <span class='ocrx_word' id='word_1_728' title='bbox 2759 3916 2914 3983; x_wconf 90' lang='grc' dir='ltr'>λόγος</span> <span class='ocrx_word' id='word_1_729' title='bbox 2959 3917 3089 3985; x_wconf 82' lang='grc' dir='ltr'>ἡμῖν</span> <span class='ocrx_word' id='word_1_730' title='bbox 3118 3916 3417 3986; x_wconf 74' lang='grc' dir='ltr'>οἰχήσεται,</span> <span class='ocrx_word' id='word_1_731' title='bbox 3461 3917 3555 3969; x_wconf 77' lang='grc' dir='ltr'>καὶ</span> <span class='ocrx_word' id='word_1_732' title='bbox 3594 3919 3673 3980; x_wconf 78' lang='grc' dir='ltr'><strong>είς</strong></span> <span class='ocrx_word' id='word_1_733' title='bbox 3708 3917 3841 3986; x_wconf 72' lang='grc' dir='ltr'>βαθὺ</span> <span class='ocrx_word' id='word_1_734' title='bbox 3876 3919 4051 3987; x_wconf 73' lang='grc' dir='ltr'>βλασ-</span> 
     </span>
    </p>
   </div>
   <div class='ocr_carea' id='block_1_94' title="bbox 2454 4007 4051 4080">
    <p class='ocr_par' dir='ltr' id='par_1_94' title="bbox 2454 4007 4051 4080">
     <span class='ocr_line' id='line_1_94' title="bbox 2454 4007 4051 4080; baseline 0.003 -20"><span class='ocrx_word' id='word_1_735' title='bbox 2454 4009 2673 4078; x_wconf 83' lang='grc' dir='ltr'>φημιῶν</span> <span class='ocrx_word' id='word_1_736' title='bbox 2718 4007 3071 4078; x_wconf 82' lang='grc' dir='ltr'>ὲκδραμεῖται</span> <span class='ocrx_word' id='word_1_737' title='bbox 3115 4007 3369 4074; x_wconf 83' lang='grc' dir='ltr'>πέλαγος.</span> <span class='ocrx_word' id='word_1_738' title='bbox 3412 4007 3549 4060; x_wconf 81' lang='grc' dir='ltr'><strong>Ἀλλ’</strong></span> <span class='ocrx_word' id='word_1_739' title='bbox 3578 4009 3800 4079; x_wconf 77' lang='grc' dir='ltr'>ἐπείπερ</span> <span class='ocrx_word' id='word_1_740' title='bbox 3835 4010 3900 4062; x_wconf 83' lang='grc' dir='ltr'>ὲκ</span> <span class='ocrx_word' id='word_1_741' title='bbox 3940 4011 4051 4080; x_wconf 70' lang='grc' dir='ltr'>τῆς</span> 
     </span>
    </p>
   </div>
   <div class='ocr_carea' id='block_1_95' title="bbox 2452 4097 4048 4169">
    <p class='ocr_par' dir='ltr' id='par_1_95' title="bbox 2452 4097 4048 4169">
     <span class='ocr_line' id='line_1_95' title="bbox 2452 4097 4048 4169; baseline 0.002 -17"><span class='ocrx_word' id='word_1_742' title='bbox 2452 4099 2546 4152; x_wconf 76' lang='grc' dir='ltr'>τοῦ</span> <span class='ocrx_word' id='word_1_743' title='bbox 2576 4098 2789 4169; x_wconf 83' lang='grc' dir='ltr'>Πατρὸς</span> <span class='ocrx_word' id='word_1_744' title='bbox 2826 4097 3017 4160; x_wconf 86' lang='grc' dir='ltr'>οὑσίας</span> <span class='ocrx_word' id='word_1_745' title='bbox 3064 4098 3323 4168; x_wconf 76' lang='grc' dir='ltr'>ὑπάρχων</span> <span class='ocrx_word' id='word_1_746' title='bbox 3367 4099 3395 4149; x_wconf 79' lang='grc' dir='ltr'>ὁ</span> <span class='ocrx_word' id='word_1_747' title='bbox 3440 4098 3583 4162; x_wconf 81' lang='grc' dir='ltr'>Υἱὸς,</span> <span class='ocrx_word' id='word_1_748' title='bbox 3620 4100 3791 4151; x_wconf 81' lang='grc' dir='ltr'>πάντα</span> <span class='ocrx_word' id='word_1_749' title='bbox 3835 4102 3902 4154; x_wconf 72' lang='grc' dir='ltr'><strong>τά</strong></span> <span class='ocrx_word' id='word_1_750' title='bbox 3948 4104 4048 4155; x_wconf 55' lang='grc' dir='ltr'>τοῦ</span> 
     </span>
    </p>
   </div>
   <div class='ocr_carea' id='block_1_96' title="bbox 2454 4188 4037 4260">
    <p class='ocr_par' dir='ltr' id='par_1_96' title="bbox 2454 4188 4037 4260">
     <span class='ocr_line' id='line_1_96' title="bbox 2454 4188 4037 4260; baseline 0.001 -16"><span class='ocrx_word' id='word_1_751' title='bbox 2454 4191 2815 4260; x_wconf 84' lang='grc' dir='ltr'>γεννήσαντος</span> <span class='ocrx_word' id='word_1_752' title='bbox 2865 4188 2972 4241; x_wconf 71' lang='grc' dir='ltr'>ἴδια</span> <span class='ocrx_word' id='word_1_753' title='bbox 3021 4188 3160 4241; x_wconf 83' lang='grc' dir='ltr'><strong>κατά</strong></span> <span class='ocrx_word' id='word_1_754' title='bbox 3193 4188 3354 4257; x_wconf 75' lang='grc' dir='ltr'>φύσιν</span> <span class='ocrx_word' id='word_1_755' title='bbox 3396 4189 3674 4256; x_wconf 78' lang='grc' dir='ltr'>ἐπάγεται,</span> <span class='ocrx_word' id='word_1_756' title='bbox 3706 4192 3796 4243; x_wconf 78' lang='grc' dir='ltr'><strong>καὶ</strong></span> <span class='ocrx_word' id='word_1_757' title='bbox 3837 4193 4037 4246; x_wconf 60' lang='lat'><strong>053:1»-</strong></span> 
     </span>
    </p>
   </div>
   <div class='ocr_carea' id='block_1_97' title="bbox 2453 4279 4051 4355">
    <p class='ocr_par' dir='ltr' id='par_1_97' title="bbox 2453 4279 4051 4355">
     <span class='ocr_line' id='line_1_97' title="bbox 2453 4279 4051 4355; baseline -0.002 -18"><span class='ocrx_word' id='word_1_758' title='bbox 2453 4282 2558 4346; x_wconf 84' lang='grc' dir='ltr'>δὼς</span> <span class='ocrx_word' id='word_1_759' title='bbox 2587 4282 2879 4353; x_wconf 83' lang='grc' dir='ltr'>ἀνατρέχει</span> <span class='ocrx_word' id='word_1_760' title='bbox 2908 4279 3045 4351; x_wconf 90' lang='grc' dir='ltr'>πρὸς</span> <span class='ocrx_word' id='word_1_761' title='bbox 3083 4279 3211 4350; x_wconf 88' lang='grc' dir='ltr'>μίαν</span> <span class='ocrx_word' id='word_1_762' title='bbox 3240 4280 3388 4350; x_wconf 87' lang='grc' dir='ltr'><strong>αὑτῴ</strong></span> <span class='ocrx_word' id='word_1_763' title='bbox 3418 4280 3665 4351; x_wconf 83' lang='grc' dir='ltr'>θεότητα,</span> <span class='ocrx_word' id='word_1_764' title='bbox 3701 4282 3786 4335; x_wconf 75' lang='grc' dir='ltr'>διὰ</span> <span class='ocrx_word' id='word_1_765' title='bbox 3832 4283 3892 4335; x_wconf 81' lang='grc' dir='ltr'><strong>τὸ</strong></span> <span class='ocrx_word' id='word_1_766' title='bbox 3940 4284 4051 4355; x_wconf 71' lang='grc' dir='ltr'>τῆς</span> 
     </span>
    </p>
   </div>
   <div class='ocr_carea' id='block_1_98' title="bbox 2454 4370 4046 4445">
    <p class='ocr_par' dir='ltr' id='par_1_98' title="bbox 2454 4370 4046 4445">
     <span class='ocr_line' id='line_1_98' title="bbox 2454 4370 4046 4445; baseline 0.003 -20"><span class='ocrx_word' id='word_1_767' title='bbox 2454 4372 2669 4442; x_wconf 77' lang='grc' dir='ltr'>φύσεως</span> <span class='ocrx_word' id='word_1_768' title='bbox 2708 4371 3125 4441; x_wconf 81' lang='grc' dir='ltr'>ἀπαράλλακτον</span> <span class='ocrx_word' id='word_1_769' title='bbox 3159 4370 3313 4439; x_wconf 81' lang='grc' dir='ltr'>(ἔστι</span> <span class='ocrx_word' id='word_1_770' title='bbox 3367 4372 3463 4439; x_wconf 80' lang='grc' dir='ltr'><strong>μὲν</strong></span> <span class='ocrx_word' id='word_1_771' title='bbox 3514 4372 3672 4437; x_wconf 81' lang='grc' dir='ltr'>αὑτὸς</span> <span class='ocrx_word' id='word_1_772' title='bbox 3722 4376 3777 4426; x_wconf 81' lang='grc' dir='ltr'>ὲν</span> <span class='ocrx_word' id='word_1_773' title='bbox 3834 4375 4046 4445; x_wconf 74' lang='grc' dir='ltr'>Πατρὶ,</span> 
     </span>
    </p>
   </div>
   <div class='ocr_carea' id='block_1_99' title="bbox 2452 4462 4050 4536">
    <p class='ocr_par' dir='ltr' id='par_1_99' title="bbox 2452 4462 4050 4536">
     <span class='ocr_line' id='line_1_99' title="bbox 2452 4462 4050 4536; baseline 0.002 -19"><span class='ocrx_word' id='word_1_774' title='bbox 2452 4466 2565 4535; x_wconf 84' lang='grc' dir='ltr'>ἔχει</span> <span class='ocrx_word' id='word_1_775' title='bbox 2602 4465 2646 4517; x_wconf 76' lang='grc' dir='ltr'>δ’</span> <span class='ocrx_word' id='word_1_776' title='bbox 2672 4462 2741 4518; x_wconf 82' lang='grc' dir='ltr'>αὖ</span> <span class='ocrx_word' id='word_1_777' title='bbox 2769 4463 2931 4518; x_wconf 86' lang='grc' dir='ltr'>πάλιν</span> <span class='ocrx_word' id='word_1_778' title='bbox 2953 4464 3011 4515; x_wconf 77' lang='grc' dir='ltr'>ὲν</span> <span class='ocrx_word' id='word_1_779' title='bbox 3045 4464 3221 4533; x_wconf 76' lang='grc' dir='ltr'>ἑαυτῴ</span> <span class='ocrx_word' id='word_1_780' title='bbox 3246 4463 3333 4515; x_wconf 89' lang='grc' dir='ltr'><strong>τὸν</strong></span> <span class='ocrx_word' id='word_1_781' title='bbox 3361 4464 3619 4536; x_wconf 83' lang='grc' dir='ltr'>Πατέρα)·</span> <span class='ocrx_word' id='word_1_782' title='bbox 3651 4465 3739 4519; x_wconf 86' lang='grc' dir='ltr'><strong>διά</strong></span> <span class='ocrx_word' id='word_1_783' title='bbox 3764 4484 3845 4519; x_wconf 87' lang='grc' dir='ltr'><strong>τοι</strong></span> <span class='ocrx_word' id='word_1_784' title='bbox 3877 4468 4050 4521; x_wconf 74' lang='grc' dir='ltr'>τοῦτο</span> 
     </span>
    </p>
   </div>
   <div class='ocr_carea' id='block_1_100' title="bbox 2457 4553 4049 4626">
    <p class='ocr_par' dir='ltr' id='par_1_100' title="bbox 2457 4553 4049 4626">
     <span class='ocr_line' id='line_1_100' title="bbox 2457 4553 4049 4626; baseline 0.002 -19"><span class='ocrx_word' id='word_1_785' title='bbox 2457 4556 2718 4618; x_wconf 86' lang='grc' dir='ltr'>πολλάκις</span> <span class='ocrx_word' id='word_1_786' title='bbox 2747 4554 3179 4624; x_wconf 86' lang='grc' dir='ltr'>ἀκατηγορήτως</span> <span class='ocrx_word' id='word_1_787' title='bbox 3201 4569 3261 4604; x_wconf 88' lang='grc' dir='ltr'><strong>τε</strong></span> <span class='ocrx_word' id='word_1_788' title='bbox 3286 4553 3379 4605; x_wconf 79' lang='grc' dir='ltr'>καὶ</span> <span class='ocrx_word' id='word_1_789' title='bbox 3402 4554 3615 4624; x_wconf 81' lang='grc' dir='ltr'>άληθῶς</span> <span class='ocrx_word' id='word_1_790' title='bbox 3644 4556 3927 4626; x_wconf 71' lang='grc' dir='ltr'>ἀνατίθησι</span> <span class='ocrx_word' id='word_1_791' title='bbox 3964 4558 4049 4626; x_wconf 79' lang='grc' dir='ltr'>τῷ</span> 
     </span>
    </p>
   </div>
   <div class='ocr_carea' id='block_1_101' title="bbox 2460 4644 4045 4718">
    <p class='ocr_par' dir='ltr' id='par_1_101' title="bbox 2460 4644 4045 4718">
     <span class='ocr_line' id='line_1_101' title="bbox 2460 4644 4045 4718; baseline -0.001 -16"><span class='ocrx_word' id='word_1_792' title='bbox 2460 4647 2638 4718; x_wconf 70' lang='grc' dir='ltr'>Πατρὶ</span> <span class='ocrx_word' id='word_1_793' title='bbox 2664 4647 2771 4699; x_wconf 85' lang='grc' dir='ltr'><strong>τῶν</strong></span> <span class='ocrx_word' id='word_1_794' title='bbox 2795 4646 3011 4698; x_wconf 81' lang='grc' dir='ltr'>οἰκείων</span> <span class='ocrx_word' id='word_1_795' title='bbox 3052 4644 3227 4714; x_wconf 81' lang='grc' dir='ltr'>ἔργων</span> <span class='ocrx_word' id='word_1_796' title='bbox 3256 4645 3355 4714; x_wconf 83' lang='grc' dir='ltr'><strong>τὴν</strong></span> <span class='ocrx_word' id='word_1_797' title='bbox 3382 4645 3628 4716; x_wconf 84' lang='grc' dir='ltr'>δύναμιν,</span> <span class='ocrx_word' id='word_1_798' title='bbox 3656 4647 3754 4699; x_wconf 87' lang='grc' dir='ltr'><strong>οὑκ</strong></span> <span class='ocrx_word' id='word_1_799' title='bbox 3791 4646 3896 4711; x_wconf 76' lang='grc' dir='ltr'>ἔξω</span> <span class='ocrx_word' id='word_1_800' title='bbox 3942 4649 4045 4701; x_wconf 67' lang='grc' dir='ltr'>τοῦ</span> 
     </span>
    </p>
   </div>
   <div class='ocr_carea' id='block_1_102' title="bbox 2454 4734 4046 4806">
    <p class='ocr_par' dir='ltr' id='par_1_102' title="bbox 2454 4734 4046 4806">
     <span class='ocr_line' id='line_1_102' title="bbox 2454 4734 4046 4806; baseline -0.01 -13"><span class='ocrx_word' id='word_1_801' title='bbox 2454 4737 2712 4794; x_wconf 79' lang='grc' dir='ltr'>δύνασθαι</span> <span class='ocrx_word' id='word_1_802' title='bbox 2730 4735 2898 4799; x_wconf 69' lang='grc' dir='ltr'>τιθεὶς</span> <span class='ocrx_word' id='word_1_803' title='bbox 2921 4734 3129 4799; x_wconf 82' lang='grc' dir='ltr'>ἑαυτὸν,</span> <span class='ocrx_word' id='word_1_804' title='bbox 3148 4734 3280 4787; x_wconf 78' lang='grc' dir='ltr'>ἀλλὰ</span> <span class='ocrx_word' id='word_1_805' title='bbox 3299 4737 3365 4804; x_wconf 82' lang='grc' dir='ltr'>τῇ</span> <span class='ocrx_word' id='word_1_806' title='bbox 3392 4735 3635 4806; x_wconf 70' lang='grc' dir='ltr'>ἐνεργείᾳ</span> <span class='ocrx_word' id='word_1_807' title='bbox 3651 4737 3746 4803; x_wconf 85' lang='grc' dir='ltr'>τῆς</span> <span class='ocrx_word' id='word_1_808' title='bbox 3766 4739 3891 4800; x_wconf 70' lang='grc' dir='ltr'>μιᾶς</span> <span class='ocrx_word' id='word_1_809' title='bbox 3922 4737 4046 4790; x_wconf 64' lang='grc' dir='ltr'>θεέ-</span> 
     </span>
    </p>
   </div>
   <div class='ocr_carea' id='block_1_103' title="bbox 2457 4825 4041 4903">
    <p class='ocr_par' dir='ltr' id='par_1_103' title="bbox 2457 4825 4041 4903">
     <span class='ocr_line' id='line_1_103' title="bbox 2457 4825 4041 4903; baseline -0.002 -21"><span class='ocrx_word' id='word_1_810' title='bbox 2457 4847 2614 4897; x_wconf 83' lang='grc' dir='ltr'>τητος</span> <span class='ocrx_word' id='word_1_811' title='bbox 2636 4828 2705 4879; x_wconf 77' lang='grc' dir='ltr'>τὰ</span> <span class='ocrx_word' id='word_1_812' title='bbox 2734 4827 2911 4879; x_wconf 82' lang='grc' dir='ltr'>πάντα</span> <span class='ocrx_word' id='word_1_813' title='bbox 2931 4825 3268 4896; x_wconf 80' lang='grc' dir='ltr'>προσνέμων.</span> <span class='ocrx_word' id='word_1_814' title='bbox 3288 4825 3400 4877; x_wconf 80' lang='grc' dir='ltr'><strong>Μία</strong></span> <span class='ocrx_word' id='word_1_815' title='bbox 3415 4825 3469 4877; x_wconf 83' lang='grc' dir='ltr'><strong>δὲ</strong></span> <span class='ocrx_word' id='word_1_816' title='bbox 3492 4827 3524 4895; x_wconf 79' lang='grc' dir='ltr'>ἠ</span> <span class='ocrx_word' id='word_1_817' title='bbox 3552 4825 3737 4895; x_wconf 80' lang='grc' dir='ltr'>θεότης</span> <span class='ocrx_word' id='word_1_818' title='bbox 3762 4826 3817 4876; x_wconf 80' lang='grc' dir='ltr'>ἐν</span> <span class='ocrx_word' id='word_1_819' title='bbox 3835 4828 4041 4903; x_wconf 64' lang='grc' dir='ltr'>Πατρὶ,</span> 
     </span>
    </p>
   </div>
   <div class='ocr_carea' id='block_1_104' title="bbox 2462 4915 4045 4989">
    <p class='ocr_par' dir='ltr' id='par_1_104' title="bbox 2462 4915 4045 4989">
     <span class='ocr_line' id='line_1_104' title="bbox 2462 4915 4045 4989; baseline -0.003 -14"><span class='ocrx_word' id='word_1_820' title='bbox 2462 4922 2552 4975; x_wconf 74' lang='grc' dir='ltr'><strong>καὶ</strong></span> <span class='ocrx_word' id='word_1_821' title='bbox 2572 4918 2708 4989; x_wconf 79' lang='grc' dir='ltr'><strong>Υίῷ,</strong></span> <span class='ocrx_word' id='word_1_822' title='bbox 2736 4917 2830 4970; x_wconf 74' lang='grc' dir='ltr'>καὶ</span> <span class='ocrx_word' id='word_1_823' title='bbox 2848 4916 2988 4986; x_wconf 79' lang='grc' dir='ltr'>ἁγίῳ</span> <span class='ocrx_word' id='word_1_824' title='bbox 3008 4916 3303 4985; x_wconf 82' lang='grc' dir='ltr'>Πνεὺματι.</span> <span class='ocrx_word' id='word_1_825' title='bbox 3323 4916 3442 4969; x_wconf 75' lang='grc' dir='ltr'>Ὀτι</span> <span class='ocrx_word' id='word_1_826' title='bbox 3474 4915 3527 4969; x_wconf 84' lang='grc' dir='ltr'>δὲ</span> <span class='ocrx_word' id='word_1_827' title='bbox 3548 4916 3646 4968; x_wconf 90' lang='grc' dir='ltr'><strong>οὑκ</strong></span> <span class='ocrx_word' id='word_1_828' title='bbox 3664 4916 3897 4969; x_wconf 79' lang='grc' dir='ltr'>ἐλάττων</span> <span class='ocrx_word' id='word_1_829' title='bbox 3920 4919 3945 4970; x_wconf 83' lang='grc' dir='ltr'>ἐ</span> <span class='ocrx_word' id='word_1_830' title='bbox 3963 4922 4045 4971; x_wconf 71' lang='grc' dir='ltr'><strong>στὶ</strong></span> 
     </span>
    </p>
   </div>
   <div class='ocr_carea' id='block_1_105' title="bbox 2459 5004 4042 5076">
    <p class='ocr_par' dir='ltr' id='par_1_105' title="bbox 2459 5004 4042 5076">
     <span class='ocr_line' id='line_1_105' title="bbox 2459 5004 4042 5076; baseline -0.003 -14"><span class='ocrx_word' id='word_1_831' title='bbox 2459 5008 2552 5062; x_wconf 78' lang='grc' dir='ltr'>τοῦ</span> <span class='ocrx_word' id='word_1_832' title='bbox 2576 5007 2788 5076; x_wconf 84' lang='grc' dir='ltr'>Πατρὸς</span> <span class='ocrx_word' id='word_1_833' title='bbox 2819 5006 2847 5057; x_wconf 89' lang='lat'><strong>6</strong></span> <span class='ocrx_word' id='word_1_834' title='bbox 2869 5005 3015 5067; x_wconf 77' lang='grc' dir='ltr'>Υἱὸς,</span> <span class='ocrx_word' id='word_1_835' title='bbox 3045 5004 3077 5074; x_wconf 73' lang='grc' dir='ltr'>ᾖ</span> <span class='ocrx_word' id='word_1_836' title='bbox 3110 5004 3249 5057; x_wconf 85' lang='grc' dir='ltr'>κατὰ</span> <span class='ocrx_word' id='word_1_837' title='bbox 3283 5004 3525 5073; x_wconf 82' lang='grc' dir='ltr'>δύναμιν,</span> <span class='ocrx_word' id='word_1_838' title='bbox 3552 5005 3584 5075; x_wconf 77' lang='grc' dir='ltr'>ἢ</span> <span class='ocrx_word' id='word_1_839' title='bbox 3612 5007 3728 5057; x_wconf 81' lang='grc' dir='ltr'>κατ’</span> <span class='ocrx_word' id='word_1_840' title='bbox 3756 5007 4042 5076; x_wconf 77' lang='grc' dir='ltr'>ἐνέργειαν</span> 
     </span>
    </p>
   </div>
   <div class='ocr_carea' id='block_1_106' title="bbox 2461 5094 4042 5168">
    <p class='ocr_par' dir='ltr' id='par_1_106' title="bbox 2461 5094 4042 5168">
     <span class='ocr_line' id='line_1_106' title="bbox 2461 5094 4042 5168; baseline -0.002 -17"><span class='ocrx_word' id='word_1_841' title='bbox 2461 5101 2558 5168; x_wconf 82' lang='grc' dir='ltr'>τὴν</span> <span class='ocrx_word' id='word_1_842' title='bbox 2594 5097 2683 5150; x_wconf 75' lang='grc' dir='ltr'>ἐπί</span> <span class='ocrx_word' id='word_1_843' title='bbox 2716 5112 2880 5158; x_wconf 89' lang='grc' dir='ltr'>τισιν,</span> <span class='ocrx_word' id='word_1_844' title='bbox 2908 5094 3021 5147; x_wconf 82' lang='grc' dir='ltr'>ἀλλ’</span> <span class='ocrx_word' id='word_1_845' title='bbox 3054 5094 3236 5163; x_wconf 81' lang='grc' dir='ltr'>ὅμοιος</span> <span class='ocrx_word' id='word_1_846' title='bbox 3276 5095 3417 5147; x_wconf 84' lang='grc' dir='ltr'><strong>κατά</strong></span> <span class='ocrx_word' id='word_1_847' title='bbox 3460 5096 3633 5149; x_wconf 83' lang='grc' dir='ltr'>πάντα</span> <span class='ocrx_word' id='word_1_848' title='bbox 3698 5096 3789 5149; x_wconf 72' lang='grc' dir='ltr'><strong>καὶ</strong></span> <span class='ocrx_word' id='word_1_849' title='bbox 3828 5098 4042 5150; x_wconf 68' lang='lat'><strong>£3039:-</strong></span> 
     </span>
    </p>
   </div>
   <div class='ocr_carea' id='block_1_107' title="bbox 788 5184 4038 5257">
    <p class='ocr_par' dir='ltr' id='par_1_107' title="bbox 788 5184 4038 5257">
     <span class='ocr_line' id='line_1_107' title="bbox 788 5184 4038 5257; baseline 0.001 -19"><span class='ocrx_word' id='word_1_850' title='bbox 788 5187 901 5254; x_wconf 79' lang='grc' dir='ltr'>νὴς,</span> <span class='ocrx_word' id='word_1_851' title='bbox 937 5186 1030 5237; x_wconf 81' lang='grc' dir='ltr'><strong>καί</strong></span> <span class='ocrx_word' id='word_1_852' title='bbox 1071 5186 1136 5238; x_wconf 86' lang='grc' dir='ltr'>δι’</span> <span class='ocrx_word' id='word_1_853' title='bbox 1197 5185 1397 5256; x_wconf 77' lang='grc' dir='ltr'>ἑτέρων</span> <span class='ocrx_word' id='word_1_854' title='bbox 1428 5187 1561 5254; x_wconf 81' lang='grc' dir='ltr'>ἡμῖν</span> <span class='ocrx_word' id='word_1_855' title='bbox 1608 5186 1997 5251; x_wconf 79' lang='grc' dir='ltr'>ἀποδέδεικται,</span> <span class='ocrx_word' id='word_1_856' title='bbox 2039 5185 2398 5255; x_wconf 83' lang='grc' dir='ltr'>προκειμένου</span> <span class='ocrx_word' id='word_1_857' title='bbox 2440 5185 2604 5257; x_wconf 76' lang='grc' dir='ltr'>ῥητοῦ</span> <span class='ocrx_word' id='word_1_858' title='bbox 2629 5202 2642 5215; x_wconf 76' lang='grc' dir='ltr'><strong>ο</strong></span> <span class='ocrx_word' id='word_1_859' title='bbox 2681 5205 2699 5236; x_wconf 76' lang='grc' dir='ltr'><strong>ι</strong></span> <span class='ocrx_word' id='word_1_860' title='bbox 2734 5185 2811 5237; x_wconf 91' lang='grc' dir='ltr'>Οὑ</span> <span class='ocrx_word' id='word_1_861' title='bbox 2839 5184 3060 5237; x_wconf 82' lang='grc' dir='ltr'>δύναται</span> <span class='ocrx_word' id='word_1_862' title='bbox 3087 5185 3115 5236; x_wconf 88' lang='lat'><strong>6</strong></span> <span class='ocrx_word' id='word_1_863' title='bbox 3146 5184 3271 5246; x_wconf 87' lang='grc' dir='ltr'>Υἱὸς</span> <span class='ocrx_word' id='word_1_864' title='bbox 3313 5188 3484 5237; x_wconf 88' lang='grc' dir='ltr'>ποιεῖν</span> <span class='ocrx_word' id='word_1_865' title='bbox 3527 5187 3617 5254; x_wconf 75' lang='grc' dir='ltr'><strong>ἀφ’</strong></span> <span class='ocrx_word' id='word_1_866' title='bbox 3641 5186 3831 5239; x_wconf 74' lang='grc' dir='ltr'>ἑαυτοῦ</span> <span class='ocrx_word' id='word_1_867' title='bbox 3858 5190 4038 5247; x_wconf 71' lang='grc' dir='ltr'>οὐδὲν.</span> 
     </span>
    </p>
   </div>
   <div class='ocr_carea' id='block_1_108' title="bbox 787 5276 3784 5350">
    <p class='ocr_par' dir='ltr' id='par_1_108' title="bbox 787 5276 3784 5350">
     <span class='ocr_line' id='line_1_108' title="bbox 787 5276 3784 5350; baseline -0.001 -18"><span class='ocrx_word' id='word_1_868' title='bbox 787 5280 877 5333; x_wconf 74' lang='grc' dir='ltr'><strong>ἐὰν</strong></span> <span class='ocrx_word' id='word_1_869' title='bbox 928 5280 1002 5349; x_wconf 87' lang='grc' dir='ltr'>μή</span> <span class='ocrx_word' id='word_1_870' title='bbox 1034 5296 1086 5331; x_wconf 90' lang='grc' dir='ltr'><strong>τι</strong></span> <span class='ocrx_word' id='word_1_871' title='bbox 1128 5278 1296 5349; x_wconf 75' lang='grc' dir='ltr'><strong>βλέπῃ</strong></span> <span class='ocrx_word' id='word_1_872' title='bbox 1351 5279 1440 5331; x_wconf 79' lang='grc' dir='ltr'><strong>τὸν</strong></span> <span class='ocrx_word' id='word_1_873' title='bbox 1491 5281 1711 5350; x_wconf 80' lang='grc' dir='ltr'>Πατέρα</span> <span class='ocrx_word' id='word_1_874' title='bbox 1763 5279 2034 5332; x_wconf 83' lang='grc' dir='ltr'>ποιοῦντα·</span> <span class='ocrx_word' id='word_1_875' title='bbox 2076 5278 2112 5331; x_wconf 83' lang='grc' dir='ltr'><strong>ἀ</strong></span> <span class='ocrx_word' id='word_1_876' title='bbox 2142 5278 2250 5349; x_wconf 85' lang='grc' dir='ltr'>γὰρ</span> <span class='ocrx_word' id='word_1_877' title='bbox 2295 5279 2362 5331; x_wconf 85' lang='grc' dir='ltr'>ἂν</span> <span class='ocrx_word' id='word_1_878' title='bbox 2398 5280 2602 5342; x_wconf 80' lang='grc' dir='ltr'>ἐκεῖνος</span> <span class='ocrx_word' id='word_1_879' title='bbox 2638 5282 2787 5349; x_wconf 82' lang='grc' dir='ltr'>ποιῇ,</span> <span class='ocrx_word' id='word_1_880' title='bbox 2814 5277 2986 5332; x_wconf 82' lang='grc' dir='ltr'>ταῦτα</span> <span class='ocrx_word' id='word_1_881' title='bbox 3014 5277 3107 5328; x_wconf 76' lang='grc' dir='ltr'>καὶ</span> <span class='ocrx_word' id='word_1_882' title='bbox 3135 5278 3162 5329; x_wconf 88' lang='lat'><strong>6</strong></span> <span class='ocrx_word' id='word_1_883' title='bbox 3192 5276 3317 5339; x_wconf 84' lang='grc' dir='ltr'>Υἱὸς</span> <span class='ocrx_word' id='word_1_884' title='bbox 3344 5276 3542 5346; x_wconf 82' lang='grc' dir='ltr'>ὁμοίως</span> <span class='ocrx_word' id='word_1_885' title='bbox 3574 5279 3732 5329; x_wconf 83' lang='grc' dir='ltr'>ποιεῖ.</span> <span class='ocrx_word' id='word_1_886' title='bbox 3766 5298 3784 5328; x_wconf 71' lang='grc' dir='ltr'><strong>ι</strong></span> 
     </span>
    </p>
   </div>
   <div class='ocr_carea' id='block_1_109' title="bbox 857 5368 2359 5440">
    <p class='ocr_par' dir='ltr' id='par_1_109' title="bbox 857 5368 2359 5440">
     <span class='ocr_line' id='line_1_109' title="bbox 857 5368 2359 5440; baseline -0.001 -16"><span class='ocrx_word' id='word_1_887' title='bbox 857 5370 963 5424; x_wconf 88' lang='lat' dir='ltr'><strong>Sed</strong></span> <span class='ocrx_word' id='word_1_888' title='bbox 1008 5369 1267 5438; x_wconf 89' lang='lat' dir='ltr'><strong>quoniam</strong></span> <span class='ocrx_word' id='word_1_889' title='bbox 1307 5368 1509 5425; x_wconf 88' lang='lat' dir='ltr'><strong>divinis</strong></span> <span class='ocrx_word' id='word_1_890' title='bbox 1542 5370 1888 5440; x_wconf 81' lang='lat' dir='ltr'><strong>dogmatibus</strong></span> <span class='ocrx_word' id='word_1_891' title='bbox 1911 5372 2048 5425; x_wconf 87' lang='lat' dir='ltr'><strong>citra</strong></span> <span class='ocrx_word' id='word_1_892' title='bbox 2080 5372 2245 5424; x_wconf 90' lang='lat' dir='ltr'><strong>ullam</strong></span> <span class='ocrx_word' id='word_1_893' title='bbox 2273 5384 2359 5424; x_wconf 89' lang='lat' dir='ltr'><strong>se-</strong></span> 
     </span>
    </p>
   </div>
   <div class='ocr_carea' id='block_1_110' title="bbox 786 5461 2354 5533">
    <p class='ocr_par' dir='ltr' id='par_1_110' title="bbox 786 5461 2354 5533">
     <span class='ocr_line' id='line_1_110' title="bbox 786 5461 2354 5533; baseline -0.001 -18"><span class='ocrx_word' id='word_1_894' title='bbox 786 5462 1011 5533; x_wconf 84' lang='lat' dir='ltr'><strong>gnitiem</strong></span> <span class='ocrx_word' id='word_1_895' title='bbox 1043 5461 1355 5516; x_wconf 89' lang='lat' dir='ltr'><strong>incumbere</strong></span> <span class='ocrx_word' id='word_1_896' title='bbox 1374 5478 1586 5533; x_wconf 70' lang='lat' dir='ltr'><strong>acquum</strong></span> <span class='ocrx_word' id='word_1_897' title='bbox 1606 5479 1726 5518; x_wconf 85' lang='lat' dir='ltr'><strong>esse</strong></span> <span class='ocrx_word' id='word_1_898' title='bbox 1746 5472 1929 5517; x_wconf 87' lang='lat' dir='ltr'><strong>statuo</strong></span> <span class='ocrx_word' id='word_1_899' title='bbox 1948 5506 1961 5530; x_wconf 94' lang='lat'><strong>,</strong></span> <span class='ocrx_word' id='word_1_900' title='bbox 1987 5478 2084 5531; x_wconf 83' lang='lat' dir='ltr'><strong>age</strong></span> <span class='ocrx_word' id='word_1_901' title='bbox 2114 5477 2354 5525; x_wconf 90' lang='lat' dir='ltr'><strong>rursum,</strong></span> 
     </span>
    </p>
   </div>
   <div class='ocr_carea' id='block_1_111' title="bbox 788 5553 2357 5625">
    <p class='ocr_par' dir='ltr' id='par_1_111' title="bbox 788 5553 2357 5625">
     <span class='ocr_line' id='line_1_111' title="bbox 788 5553 2357 5625; baseline -0.001 -18"><span class='ocrx_word' id='word_1_902' title='bbox 788 5562 1079 5607; x_wconf 87' lang='lat' dir='ltr'><strong>nautarum</strong></span> <span class='ocrx_word' id='word_1_903' title='bbox 1102 5568 1274 5618; x_wconf 88' lang='lat' dir='ltr'><strong>more,</strong></span> <span class='ocrx_word' id='word_1_904' title='bbox 1301 5561 1467 5608; x_wconf 90' lang='lat' dir='ltr'><strong>totam</strong></span> <span class='ocrx_word' id='word_1_905' title='bbox 1490 5556 1686 5625; x_wconf 89' lang='lat' dir='ltr'><strong>capitis</strong></span> <span class='ocrx_word' id='word_1_906' title='bbox 1714 5557 1985 5608; x_wconf 86' lang='lat' dir='ltr'><strong>rationem</strong></span> <span class='ocrx_word' id='word_1_907' title='bbox 2016 5555 2189 5609; x_wconf 90' lang='lat' dir='ltr'><strong>instar</strong></span> <span class='ocrx_word' id='word_1_908' title='bbox 2208 5553 2357 5607; x_wconf 90' lang='lat' dir='ltr'><strong>funis</strong></span> 
     </span>
    </p>
   </div>
   <div class='ocr_carea' id='block_1_112' title="bbox 790 5642 2353 5715">
    <p class='ocr_par' dir='ltr' id='par_1_112' title="bbox 790 5642 2353 5715">
     <span class='ocr_line' id='line_1_112' title="bbox 790 5642 2353 5715; baseline -0.003 -15"><span class='ocrx_word' id='word_1_909' title='bbox 790 5647 1133 5715; x_wconf 83' lang='lat' dir='ltr'><strong>colligamus.</strong></span> <span class='ocrx_word' id='word_1_910' title='bbox 1161 5642 1252 5698; x_wconf 91' lang='lat' dir='ltr'><strong>Sic</strong></span> <span class='ocrx_word' id='word_1_911' title='bbox 1276 5646 1421 5699; x_wconf 83' lang='lat' dir='ltr'><strong>enim</strong></span> <span class='ocrx_word' id='word_1_912' title='bbox 1449 5645 1634 5701; x_wconf 86' lang='lat' dir='ltr'><strong>videre</strong></span> <span class='ocrx_word' id='word_1_913' title='bbox 1667 5646 1793 5699; x_wconf 82' lang='lat' dir='ltr'><strong>licet</strong></span> <span class='ocrx_word' id='word_1_914' title='bbox 1824 5644 2020 5700; x_wconf 77' lang='lat' dir='ltr'><strong>Filium</strong></span> <span class='ocrx_word' id='word_1_915' title='bbox 2056 5660 2211 5699; x_wconf 90' lang='lat' dir='ltr'><strong>suam</strong></span> <span class='ocrx_word' id='word_1_916' title='bbox 2245 5660 2353 5697; x_wconf 89' lang='lat' dir='ltr'><strong>non</strong></span> 
     </span>
    </p>
   </div>
   <div class='ocr_carea' id='block_1_113' title="bbox 787 5736 2355 5808">
    <p class='ocr_par' dir='ltr' id='par_1_113' title="bbox 787 5736 2355 5808">
     <span class='ocr_line' id='line_1_113' title="bbox 787 5736 2355 5808; baseline -0.001 -18"><span class='ocrx_word' id='word_1_917' title='bbox 787 5747 1041 5798; x_wconf 70' lang='lat' dir='ltr'><strong>incursare</strong></span> <span class='ocrx_word' id='word_1_918' title='bbox 1082 5746 1357 5803; x_wconf 87' lang='lat' dir='ltr'><strong>naturam,</strong></span> <span class='ocrx_word' id='word_1_919' title='bbox 1390 5738 1518 5794; x_wconf 89' lang='lat' dir='ltr'><strong>dum</strong></span> <span class='ocrx_word' id='word_1_920' title='bbox 1549 5740 1623 5792; x_wconf 89' lang='lat' dir='ltr'><strong>ait</strong></span> <span class='ocrx_word' id='word_1_921' title='bbox 1656 5755 1761 5793; x_wconf 90' lang='lat' dir='ltr'><strong>non</strong></span> <span class='ocrx_word' id='word_1_922' title='bbox 1796 5755 1956 5808; x_wconf 82' lang='lat' dir='ltr'><strong>posse</strong></span> <span class='ocrx_word' id='word_1_923' title='bbox 1988 5754 2014 5791; x_wconf 87' lang='lat' dir='ltr'><strong>a</strong></span> <span class='ocrx_word' id='word_1_924' title='bbox 2048 5742 2233 5808; x_wconf 84' lang='lat' dir='ltr'><strong>seipso</strong></span> <span class='ocrx_word' id='word_1_925' title='bbox 2272 5736 2355 5789; x_wconf 87' lang='lat' dir='ltr'><strong>fa-</strong></span> 
     </span>
    </p>
   </div>
   <div class='ocr_carea' id='block_1_114' title="bbox 857 5848 2001 5916">
    <p class='ocr_par' dir='ltr' id='par_1_114' title="bbox 857 5848 2001 5916">
     <span class='ocr_line' id='line_1_114' title="bbox 857 5848 2001 5916; baseline 0.005 -16"><span class='ocrx_word' id='word_1_926' title='bbox 857 5851 902 5880; x_wconf 79' lang='lat'><strong>&quot;</strong></span> <span class='ocrx_word' id='word_1_927' title='bbox 945 5848 1086 5901; x_wconf 66' lang='lat' dir='ltr'><strong>Psal.</strong></span> <span class='ocrx_word' id='word_1_928' title='bbox 1120 5865 1301 5916; x_wconf 67' lang='lat' dir='ltr'><strong>LXXXI,</strong></span> <span class='ocrx_word' id='word_1_929' title='bbox 1338 5851 1390 5905; x_wconf 85' lang='lat'><strong>8.</strong></span> <span class='ocrx_word' id='word_1_930' title='bbox 1469 5851 1509 5879; x_wconf 74' lang='grc' dir='ltr'>τί</span> <span class='ocrx_word' id='word_1_931' title='bbox 1556 5850 1695 5905; x_wconf 81' lang='lat' dir='ltr'><strong>l’sal.</strong></span> <span class='ocrx_word' id='word_1_932' title='bbox 1735 5869 1910 5915; x_wconf 62' lang='grc' dir='ltr'>ωκιν,</span> <span class='ocrx_word' id='word_1_933' title='bbox 1952 5854 2001 5906; x_wconf 82' lang='grc'><strong>8.</strong></span> 
     </span>
    </p>
   </div>
   <div class='ocr_carea' id='block_1_115' title="bbox 2080 5852 2413 5920">
    <p class='ocr_par' dir='ltr' id='par_1_115' title="bbox 2080 5852 2413 5920">
     <span class='ocr_line' id='line_1_115' title="bbox 2080 5852 2413 5920; baseline -0.006 -16"><span class='ocrx_word' id='word_1_934' title='bbox 2080 5852 2123 5881; x_wconf 73' lang='grc'><strong>⁷³</strong></span> <span class='ocrx_word' id='word_1_935' title='bbox 2168 5853 2413 5920; x_wconf 43' lang='lat' dir='ltr'><strong>Supra),</strong></span> 
     </span>
    </p>
   </div>
   <div class='ocr_carea' id='block_1_116' title="bbox 2546 5365 4038 5439">
    <p class='ocr_par' dir='ltr' id='par_1_116' title="bbox 2546 5365 4038 5439">
     <span class='ocr_line' id='line_1_116' title="bbox 2546 5365 4038 5439; baseline -0.001 -17"><span class='ocrx_word' id='word_1_936' title='bbox 2546 5369 2763 5439; x_wconf 82' lang='grc' dir='ltr'>Ἐπειδὴ</span> <span class='ocrx_word' id='word_1_937' title='bbox 2794 5369 2850 5422; x_wconf 81' lang='grc' dir='ltr'><strong>δὲ</strong></span> <span class='ocrx_word' id='word_1_938' title='bbox 2876 5370 2975 5437; x_wconf 78' lang='grc' dir='ltr'>τὴν</span> <span class='ocrx_word' id='word_1_939' title='bbox 3005 5370 3063 5420; x_wconf 84' lang='grc' dir='ltr'><strong>ἐν</strong></span> <span class='ocrx_word' id='word_1_940' title='bbox 3093 5370 3202 5429; x_wconf 87' lang='grc' dir='ltr'>τοῖς</span> <span class='ocrx_word' id='word_1_941' title='bbox 3240 5365 3402 5428; x_wconf 84' lang='grc' dir='ltr'>θείοις</span> <span class='ocrx_word' id='word_1_942' title='bbox 3431 5365 3690 5436; x_wconf 83' lang='grc' dir='ltr'>δόγμασιν</span> <span class='ocrx_word' id='word_1_943' title='bbox 3718 5367 4038 5437; x_wconf 59' lang='lat'><strong>6515,5131:-</strong></span> 
     </span>
    </p>
   </div>
   <div class='ocr_carea' id='block_1_117' title="bbox 2459 5456 4035 5532">
    <p class='ocr_par' dir='ltr' id='par_1_117' title="bbox 2459 5456 4035 5532">
     <span class='ocr_line' id='line_1_117' title="bbox 2459 5456 4035 5532; baseline -0.002 -18"><span class='ocrx_word' id='word_1_944' title='bbox 2459 5463 2628 5532; x_wconf 71' lang='grc' dir='ltr'>τάτην</span> <span class='ocrx_word' id='word_1_945' title='bbox 2670 5460 2927 5530; x_wconf 80' lang='grc' dir='ltr'>σπουδὴν,</span> <span class='ocrx_word' id='word_1_946' title='bbox 2959 5460 3118 5513; x_wconf 73' lang='grc' dir='ltr'>ὄκνου</span> <span class='ocrx_word' id='word_1_947' title='bbox 3170 5458 3371 5519; x_wconf 86' lang='grc' dir='ltr'>παντὸς</span> <span class='ocrx_word' id='word_1_948' title='bbox 3416 5456 3800 5525; x_wconf 79' lang='grc' dir='ltr'>ἀναφαίνεσθαι</span> <span class='ocrx_word' id='word_1_949' title='bbox 3850 5463 4035 5528; x_wconf 77' lang='grc' dir='ltr'>κρείτ-</span> 
     </span>
    </p>
   </div>
   <div class='ocr_carea' id='block_1_118' title="bbox 2457 5548 4032 5620">
    <p class='ocr_par' dir='ltr' id='par_1_118' title="bbox 2457 5548 4032 5620">
     <span class='ocr_line' id='line_1_118' title="bbox 2457 5548 4032 5620; baseline -0.003 -15"><span class='ocrx_word' id='word_1_950' title='bbox 2457 5571 2606 5616; x_wconf 83' lang='grc' dir='ltr'>τονα,</span> <span class='ocrx_word' id='word_1_951' title='bbox 2651 5552 2859 5607; x_wconf 87' lang='grc' dir='ltr'>δίκαιόν</span> <span class='ocrx_word' id='word_1_952' title='bbox 2893 5569 2951 5603; x_wconf 88' lang='grc' dir='ltr'><strong>τε</strong></span> <span class='ocrx_word' id='word_1_953' title='bbox 2993 5552 3088 5604; x_wconf 71' lang='grc' dir='ltr'><strong>καὶ</strong></span> <span class='ocrx_word' id='word_1_954' title='bbox 3130 5550 3334 5620; x_wconf 80' lang='grc' dir='ltr'>πρέπον</span> <span class='ocrx_word' id='word_1_955' title='bbox 3369 5548 3731 5617; x_wconf 78' lang='grc' dir='ltr'>ὑπολαμϐάνω</span> <span class='ocrx_word' id='word_1_956' title='bbox 3754 5567 3765 5577; x_wconf 93' lang='grc'><strong>·</strong></span> <span class='ocrx_word' id='word_1_957' title='bbox 3802 5549 3932 5617; x_wconf 65' lang='grc' dir='ltr'>φέρε</span> <span class='ocrx_word' id='word_1_958' title='bbox 3970 5551 4032 5618; x_wconf 66' lang='grc' dir='ltr'>δὴ</span> 
     </span>
    </p>
   </div>
   <div class='ocr_carea' id='block_1_119' title="bbox 2460 5641 4033 5712">
    <p class='ocr_par' dir='ltr' id='par_1_119' title="bbox 2460 5641 4033 5712">
     <span class='ocr_line' id='line_1_119' title="bbox 2460 5641 4033 5712; baseline -0.003 -15"><span class='ocrx_word' id='word_1_959' title='bbox 2460 5644 2621 5697; x_wconf 85' lang='grc' dir='ltr'>πάλιν</span> <span class='ocrx_word' id='word_1_960' title='bbox 2670 5647 2782 5706; x_wconf 85' lang='grc' dir='ltr'>τοῖς</span> <span class='ocrx_word' id='word_1_961' title='bbox 2829 5644 2885 5694; x_wconf 82' lang='grc' dir='ltr'>ὲν</span> <span class='ocrx_word' id='word_1_962' title='bbox 2942 5644 3007 5712; x_wconf 81' lang='grc' dir='ltr'><strong>τῇ</strong></span> <span class='ocrx_word' id='word_1_963' title='bbox 3059 5641 3295 5712; x_wconf 84' lang='grc' dir='ltr'>θαλάττῃ</span> <span class='ocrx_word' id='word_1_964' title='bbox 3344 5641 3605 5703; x_wconf 88' lang='grc' dir='ltr'>ναυτίλοις</span> <span class='ocrx_word' id='word_1_965' title='bbox 3636 5641 3908 5703; x_wconf 75' lang='grc' dir='ltr'>ποιοῦντες</span> <span class='ocrx_word' id='word_1_966' title='bbox 3969 5646 4033 5695; x_wconf 69' lang='grc' dir='ltr'>τὲ</span> 
     </span>
    </p>
   </div>
   <div class='ocr_carea' id='block_1_120' title="bbox 2460 5732 4032 5806">
    <p class='ocr_par' dir='ltr' id='par_1_120' title="bbox 2460 5732 4032 5806">
     <span class='ocr_line' id='line_1_120' title="bbox 2460 5732 4032 5806; baseline -0.003 -18"><span class='ocrx_word' id='word_1_967' title='bbox 2460 5735 2834 5806; x_wconf 80' lang='grc' dir='ltr'>παραπλήσια,</span> <span class='ocrx_word' id='word_1_968' title='bbox 2866 5734 3097 5804; x_wconf 81' lang='grc' dir='ltr'>σχοινίου</span> <span class='ocrx_word' id='word_1_969' title='bbox 3138 5732 3277 5795; x_wconf 77' lang='grc' dir='ltr'>τινὸς</span> <span class='ocrx_word' id='word_1_970' title='bbox 3310 5732 3480 5803; x_wconf 74' lang='grc' dir='ltr'>δίκην,</span> <span class='ocrx_word' id='word_1_971' title='bbox 3513 5733 3627 5785; x_wconf 72' lang='grc' dir='ltr'>ὅλον</span> <span class='ocrx_word' id='word_1_972' title='bbox 3670 5732 3905 5795; x_wconf 70' lang='grc' dir='ltr'>εἰσαῦθις</span> <span class='ocrx_word' id='word_1_973' title='bbox 3942 5733 4032 5784; x_wconf 71' lang='grc' dir='ltr'><strong>τὸν</strong></span> 
     </span>
    </p>
   </div>
   <div class='ocr_carea' id='block_1_121' title="bbox 2448 5846 3083 5911">
    <p class='ocr_par' dir='ltr' id='par_1_121' title="bbox 2448 5846 3083 5911">
     <span class='ocr_line' id='line_1_121' title="bbox 2448 5846 3083 5911; baseline -0.003 -10"><span class='ocrx_word' id='word_1_974' title='bbox 2448 5852 2501 5905; x_wconf 71' lang='grc' dir='ltr'><strong>ὖ.</strong></span> <span class='ocrx_word' id='word_1_975' title='bbox 2581 5850 2624 5879; x_wconf 79' lang='grc'><strong>⁷³</strong></span> <span class='ocrx_word' id='word_1_976' title='bbox 2654 5847 2811 5901; x_wconf 73' lang='lat' dir='ltr'><strong>Juno.</strong></span> <span class='ocrx_word' id='word_1_977' title='bbox 2852 5864 2960 5911; x_wconf 77' lang='lat' dir='ltr'><strong>xw,</strong></span> <span class='ocrx_word' id='word_1_978' title='bbox 3006 5846 3083 5899; x_wconf 72' lang='grc' dir='ltr'><strong>ιθ.</strong></span> 
     </span>
    </p>
   </div>
  </div>
