4206 6510
178 444 286 499 589

1198 434 1261 488 ιΝ
1297 430 1587 489 ιοΑΝΝιδ
1626 428 2078 485 EVA‘SGELIUM
2148 430 2277 486 [ΑΒ.
2314 429 2376 484 ll.

3338 438 3447 497 390

178 550 275 603 τυῦ
325 548 617 618 κεφαλαίου
675 546 828 612 λόγον
893 543 1393 614 ἀναμηρυσιῖιμεθα.
1447 544 1603 595 ’Ἐς-τι
1657 540 1759 610 γὰρ

1868 554 1992 593 cere
2023 540 2347 609 quidquam,
2381 540 2477 596 scd
2534 540 2719 610 po:ius
2782 508 3100 597 .ludzeorum
3151 545 3445 615 reprehen'

178 641 351 704 οὕτως
402 641 549 702 ἰδεῖν,
589 640 648 691 ού
703 638 799 707 τῆς
853 636 1046 689 ἑαυτοῦ
1093 636 1306 703 φύσεως
1355 633 1762 704 κατηγοροῦντα

177 732 273 784 τὸν
305 731 431 785 Υίὺν
464 730 530 782 δι’
568 728 732 781 αὐτοῦ
766 727 860 780 τοῦ
896 727 1075 795 λέγειν
1102 726 1175 795 μὴ
1210 724 1472 781 δύνασθαί
1505 742 1555 776 τι
1590 728 1761 775 ποιεῖν

156 819 273 883 ἀφ’
322 819 534 883 ἑαυτοῦ,
591 818 726 871 ἀλλά
766 817 967 888 μᾶλλον
1018 817 1115 888 τὴν
1167 816 1275 871 τῶν
1317 817 1585 871 Ἰουδαίων
1626 817 1761 869 ἁπό-

98 905 103 911 ’
178 929 328 964 νοιαν
376 911 743 980 ἐξελέγχοντα,
798 911 894 962 καὶ
946 909 1107 963 αὑτὸν
1151 909 1208 961 δὲ
1255 908 1345 962 τὸν
1387 908 1475 962 διὰ
1519 908 1763 970 Μωσέως

178 1005 527 1074 πατήσαντας
560 1002 720 1071 νόμον
750 1000 1049 1072 διαρρήδην
1087 1000 1504 1055 ἐπιδεικνύοντα.
1550 1001 1622 1052 Τὸ
1654 999 1762 1069 γὰρ

176 1093 340 1157 εὐθὺς
384 1091 768 1161 ἐπεισάγεσθαι
824 1091 923 1161 τῷ,
960 1108 978 1142 ι
1027 1090 1101 1143 Οὐ
1149 1090 1381 1160 δύναμαι
1429 1090 1539 1158 ἐγὼ
1593 1092 1762 1143 ποιεῖν

175 1186 275 1237 ἀπ’
300 1184 537 1254 ἐμαυτοῦ
578 1183 761 1247 οὐδὲν,
799 1202 817 1235 ι
848 1182 909 1235 τὸ
947 1202 965 1234 ‹
1000 1179 1200 1244 Καθὼς
1246 1180 1449 1243 ἀκούω,
1485 1180 1655 1251 κρίνω
1680 1222 1694 1245 ,
1737 1200 1755 1232 ι

177 1276 446 1347 λοιδορίας
487 1277 584 1346 μὲν
612 1276 830 1345 ἁπάσης
856 1275 954 1345 τῆς
985 1273 1079 1326 ἐπὶ
1120 1272 1180 1325 τὸ
1221 1273 1295 1343 μὴ
1337 1271 1589 1324 δύνασθαι
1630 1272 1762 1342 δρᾷν

175 1367 237 1430 ἐξ
269 1368 476 1429 οἰκείας
504 1366 781 1436 δυνάμεως
815 1364 1092 1435 ἐλευθεροῖ
1116 1363 1207 1416 τὸν
1241 1364 1389 1416 Υίόν·
1427 1362 1762 1433 φιλοπάτορα

174 1458 231 1509 δὲ
291 1457 386 1511 καὶ
418 1456 775 1526 συνεθελητὴν
805 1456 882 1525 τῷ
908 1456 1230 1525 γεννήσαντι
1282 1454 1425 1507 κατά
1467 1453 1643 1506 πάντα
1668 1470 1761 1505 σα-

176 1550 295 1617 φῶς
333 1548 641 1615 ἀποφαίνει.
676 1547 738 1601 Εἰ
776 1547 884 1617 γὰρ
913 1546 1153 1617 ὡσπερεὶ
1182 1544 1342 1615 τυχὸν
1371 1545 1637 1616 ἀτονήσας
1664 1543 1762 1615 τὴν

170 1643 239 1693 ἐκ
272 1640 485 1711 Πατρὸς
530 1639 830 1704 ἐδανείζετο
875 1637 1128 1708 δύναμιν,
1168 1638 1243 1700 ὡς
1289 1637 1388 1689 οὐκ
1429 1635 1762 1707 ὲξαρκοῦσαν

169 1734 315 1801 ἔχων
354 1734 447 1802 ἀφ’
483 1732 697 1796 ἑαυτοῦ,
732 1731 847 1793 πῶς
879 1732 980 1783 οὐκ
1014 1730 1118 1781 ἔδει
1184 1728 1383 1799 μᾶλλον
1416 1729 1621 1791 εἰπεῖν,
1686 1727 1759 1780 Οὐ

166 1824 409 1894 δύναμαι
437 1825 547 1892 ἐγὼ
578 1825 750 1877 ποιεῖν
783 1824 876 1875 ἀπ’
907 1820 1147 1891 ἐμαυτοῦ
1182 1821 1355 1886 οὐδὲν,
1408 1819 1667 1890 λαμϐάνω
1702 1820 1759 1872 δὲ

166 1914 229 1965 τὸ
272 1912 534 1966 δύνασθαι
576 1913 725 1984 παρὰ
755 1912 849 1965 τοῦ
889 1912 1140 1982 Πατρός;
1195 1911 1329 1964 Νυνὶ
1359 1910 1413 1963 δὲ
1473 1910 1628 1963 τοῦτο
1661 1910 1760 1981 μὲν

165 2005 273 2057 οὐκ
312 2004 497 2070 εἰπὼν,
526 2004 835 2073 ἐπενεγκὼν
877 2006 934 2057 δὲ
965 2004 1164 2073 μᾶλλον
1194 2004 1273 2074 τῷ
1306 2002 1379 2075 μὴ
1415 2003 1674 2057 δύνασθαί
1707 2021 1760 2055 τι

164 2096 305 2165 δρᾷν
349 2095 441 2162 ἀφ’
490 2094 704 2158 ἑαυτοῦ,
756 2096 817 2147 τὸ
862 2096 1068 2166 κρίνειν
1100 2094 1293 2159 οὕτως,
1324 2096 1512 2163 ὥσπερ
1558 2095 1624 2147 ἂν
1668 2096 1762 2149 καὶ

165 2186 423 2247 ἀκούσαι,
454 2186 612 2257 δῆλος
645 2186 711 2241 ἂν
741 2186 827 2256 εἴη
876 2188 1059 2241 λοιπὸν
1086 2227 1102 2252 ,
1151 2189 1253 2240 οὐκ
1287 2189 1372 2241 ἐπ’
1408 2186 1662 2258 ἀσθενείᾳ
1691 2190 1758 2259 τῇ

165 2281 294 2331 κατ’
327 2280 607 2349 ἐνέργειαν
636 2280 733 2351 τὴν
782 2281 872 2332 ἐπί
904 2298 1015 2333 τισι
1067 2280 1129 2334 τὸ
1158 2282 1231 2351 μὴ
1274 2281 1531 2336 δύνασθαι
1574 2298 1760 2336 συντε-

168 2371 391 2432 θεικὼς,
418 2370 534 2423 ἀλλ’
567 2371 659 2423 ἐπὶ
690 2370 767 2439 τῷ
804 2370 879 2440 μὴ
925 2371 1236 2442 ἐνδέχεσθαι
1281 2373 1636 2444 παραϐαίνειν
1666 2373 1761 2425 αὺ-

166 2463 261 2513 τὸν
296 2463 439 2514 κατά
461 2479 514 2514 τι
545 2462 673 2529 γοῦν
702 2463 763 2514 τὸ
801 2463 1015 2532 θέλημα
1062 2462 1155 2515 τοῦ
1203 2466 1436 2536 Πατρός.
1471 2466 1617 2527 Μιᾶς
1651 2464 1759 2534 γὰρ

168 2552 427 2622 θεότητος
458 2554 553 2623 τῆς
583 2556 639 2607 ἐν
672 2554 845 2623 Πατρὶ
875 2555 967 2607 καὶ
999 2554 1111 2625 Υἰῷ
1138 2557 1450 2628 νοουμένης,
1483 2556 1634 2609 ἔσται
1662 2556 1759 2627 δή·

168 2661 276 2695 που
314 2648 529 2707 παντως
564 2646 656 2697 καὶ
703 2644 915 2714 θέλημα
950 2646 1170 2709 ταυτὸν,
1196 2644 1319 2699 οὔτε
1361 2648 1419 2699 δὲ
1464 2649 1519 2699 ὲν
1559 2647 1757 2717 Πατρὶ,

165 2737 295 2788 οὐτε
335 2737 440 2805 μὴν
468 2738 525 2788 ἐν
552 2736 684 2806 mp,
713 2738 744 2806 ἢ
784 2741 875 2789 καὶ
911 2738 989 2807 τῷ
1038 2739 1176 2809 ἀγίῳ
1227 2739 1503 2809 Πνεύματι
1535 2740 1757 2793 στασιάο

166 2827 343 2888 ζουσα
392 2843 519 2878 ποτε
562 2826 681 2878 καθ’
720 2828 916 2896 ἑαυτῆς
956 2830 987 2898 ἡ
1042 2828 1162 2883 θεία
1208 2829 1367 2897 φύσις
1415 2831 1754 2900 νοηθησεται,

166 2917 291 2969 ἀλλ’
321 2918 458 2987 ὅπερ
509 2917 574 2970 ἂν
612 2919 759 2984 δόξαι
811 2918 887 2988 τῷ
938 2920 1113 2990 Πατρὶ
1165 2920 1343 2988 τυχὸν,
1386 2921 1542 2973 τοῦτο
1580 2922 1756 2989 πάσης

164 3014 293 3064 ἐστὶ
327 3013 425 3081 τῆς
458 3013 707 3083 θεότητος
741 3012 969 3082 θέλημα.
1022 3015 1359 3082 Ἀναγκαίως
1397 3015 1685 3085 τοιγαροῦν
1730 3018 1758 3067 ὁ

168 3103 324 3165 Υἱὸς,
363 3103 753 3173 συνευδοκητὴν
780 3104 967 3174 ὥσπερ
992 3095 1111 3159 τινὰ
1164 3106 1258 3157 καὶ
1287 3106 1754 3173 συγκατανεύοντα

161 3192 246 3263 τῷ
273 3194 468 3263 Πατρὶ,
495 3194 628 3263 πρὸς
652 3194 749 3264 τὴν
778 3195 862 3262 ἐφ’
891 3189 1044 3266 ᾧπερ
1073 3195 1138 3249 ἂν
1162 3196 1326 3259 δόξειε
1357 3197 1537 3266 ψῆφον
1560 3199 1750 3251 ἑαυτὸν
1778 3204 1819 3263 ι]

162 3285 438 3355 εἰσφέρει,
479 3286 553 3356 μὴ
599 3287 852 3339 δύνασθαί
900 3304 951 3339 τι
996 3288 1127 3359 δρᾷν
1173 3288 1569 3360 ἐξηγούμενος,
1616 3290 1643 3341 ὃ
1676 3291 1749 3359 μὴ

162 3378 393 3439 πάντως
424 3378 539 3431 ἐστὶ
572 3380 709 3432 κατά
753 3379 976 3449 γνώμην
1022 3379 1116 3433 τοῦ
1166 3382 1396 3450 Πατρός.
1446 3380 1615 3435 Τοῦτο
1644 3385 1751 3453 γὰρ

162 3472 308 3538 ἡμῖν
351 3469 603 3537 σημαίνει
635 3470 713 3532 τὸ,
742 3489 759 3521 ι
800 3473 894 3523 ἀπ’
929 3471 1187 3541 ἐμαυτοῦ·
1222 3491 1240 3525 ι
1276 3472 1463 3544 ὥσπερ
1492 3474 1558 3527 ἂν
1585 3475 1633 3526 εί
1663 3475 1751 3527 λέ-

162 3578 256 3625 γοι
298 3560 374 3630 μὴ
405 3560 658 3615 δύνασθαι
705 3562 836 3633 δρᾷν
880 3563 1174 3633 ἁμαρτίαν,
1221 3564 1321 3618 οὐκ
1364 3565 1430 3617 ἄν
1476 3582 1554 3635 τιρ
1604 3566 1751 3631 δόξαι

159 3652 397 3715 δικαίως
424 3652 705 3716 ἀσθενείας
751 3653 1038 3724 ὑπομεῖναι
1088 3653 1322 3726 γραφὴν,
1357 3655 1666 3724 ἐξηγεῖσθαι
1695 3655 1753 3707 δὲ

164 3743 380 3813 μᾶλλον
429 3744 755 3812 ἀξιάγαστόν
809 3762 862 3797 τι
915 3746 1009 3798 καὶ
1059 3745 1359 3816 θεοπρεπὲς
1408 3748 1509 3815 τῆς
1550 3748 1753 3811 οἰκείας

162 3835 393 3905 φύσεως
425 3834 645 3905 ἰδίωμα·
677 3836 759 3888 ὅτι
790 3835 899 3907 γὰρ
926 3836 1193 3908 ἄτρεπτός
1221 3853 1282 3889 τε
1325 3837 1419 3890 καὶ
1464 3838 1756 3892 ἀναλλοίω-

158 3945 259 3989 τος
298 3927 727 3999 ὑπαρχειβηλοῖ.
762 3927 948 3993 Οὕτως
979 3929 1108 3981 ὅταν
1132 3929 1227 3998 ἀφ’
1260 3929 1454 3983 ἑαυτοῦ
1491 3930 1564 4001 μὴ
1597 3930 1756 3984 δύνα-

163 4016 303 4069 σθαί
347 4034 400 4068 τι
447 4020 616 4069 ποιεῖν
661 4016 931 4087 ὁμολογῇ,
976 4018 1507 4089 καταπλαγησόμεθα
1533 4020 1752 4090 μᾶλλον,

160 4109 392 4177 φύσεως
421 4108 689 4178 ἀτρέπτου
716 4109 926 4178 καρπὸν
954 4106 1187 4178 δρῶντες
1210 4108 1269 4161 τὸ
1296 4108 1584 4179 ἄτρεπτον,
1612 4113 1756 4181 ἢπερ

158 4200 270 4250 οὐκ
322 4198 595 4268 εὐκαίρως
655 4198 730 4260 ὠς
775 4197 1059 4262 ἀσθενείας
1117 4199 1451 4270 σημαντικὸν
1495 4201 1556 4254 τὸ
1596 4219 1616 4253 r
1680 4202 1756 4273 μὴ

157 4287 436 4343 δύνασθαι
476 4309 495 4340 ι
533 4288 879 4359 λογιούμεθα.
916 4288 1102 4343 Ταῦτα
1144 4290 1202 4342 δὲ
1249 4290 1412 4345 πάλιν
1455 4294 1587 4363 ἡμῖν
1626 4293 1757 4346 ἀνα-

158 4380 344 4446 λόγως
395 4379 493 4447 μὲν
536 4382 648 4441 τοῖς
700 4380 1009 4451 εἰρημένοις
1041 4380 1280 4452 εἰρήσθω
1325 4382 1573 4451 μέτροις·
1600 4385 1759 4453 ἐρευ-

156 4472 322 4523 νὰτω
352 4471 410 4523 δὲ
435 4471 464 4522 ό
502 4470 801 4542 φιλομαθὴς
827 4471 895 4523 τά
924 4471 1184 4541 βελτίονα.
1218 4474 1617 4543 Διερμηνεῦσαι
1649 4476 1756 4546 μὴν

1866 629 1995 685 dere
2036 630 2349 695 stultitiam,
2392 639 2448 685 et
2482 641 2669 701 aperte
2704 633 2993 688 ostendere
3023 634 3092 688 ab
3130 634 3197 689 iis
3220 636 3447 691 concul-
3551 621 3554 625 ’

1865 723 1977 776 cari
2004 724 2176 791 legem
2202 723 2374 791 ipsam
2406 722 2727 779 Mosaicam.
2752 724 2909 790 Quod
2935 726 3080 781 enim
3107 726 3194 781 his
3219 729 3398 785 verbis
3424 769 3439 794 ,

1870 833 1887 864 ‹
1930 812 2047 868 Non
2097 829 2323 884 possum
2363 829 2463 885 ego
2519 814 2701 871 facere
2736 831 2765 869 a
2797 818 3009 887 meipso
3052 818 3374 889 quidquam,
3419 840 3438 873 ι

1864 906 2049 960 statim
2080 905 2435 976 subjungitur
2465 906 2621 971 illud,
2653 926 2671 958 ι
2698 906 2852 964 Sicut
2881 910 3292 980 audio,judico,
3318 929 3338 962 ι
3373 910 3443 966 ab

1864 1000 2011 1052 omni
2045 999 2296 1054 convicio
2337 998 2535 1054 Filium
2583 1000 2779 1056 liberat
2826 1016 2937 1072 quo
2988 1000 3127 1055 nihil
3163 1016 3229 1056 ex
3262 1017 3361 1057 sua
3389 1002 3442 1057 vi

1866 1102 2025 1157 posse
2078 1088 2258 1145 facere
2305 1089 2507 1145 dicitur
2551 1108 2563 1143 :
2608 1088 2757 1146 Patri
2812 1107 2942 1148 vero
3001 1094 3438 1164 obsequentem,

1863 1181 2023 1248 eique
2106 1180 2161 1233 in
2247 1182 2506 1237 omnibus
2587 1182 2755 1237 rebus
2828 1184 3243 1253 astipulatorem
3320 1198 3443 1239 esse

1865 1279 2052 1341 aperte
2076 1272 2432 1327 demonstrat.
2452 1274 2584 1328 Nam
2608 1275 2653 1330 si
2684 1291 2795 1345 pra:
2826 1276 3144 1332 inﬁrmitate
3169 1276 3439 1348 quodam-

1865 1367 2027 1419 modo
2078 1379 2106 1417 a
2157 1363 2321 1419 Patre
2354 1365 2611 1420 virtutem
2662 1370 2958 1439 acciperet,
2995 1371 3151 1438 quasi
3192 1384 3224 1423 a
3257 1371 3439 1439 seipso

1864 1456 2222 1511 suﬁicientem
2263 1472 2372 1510 non
2410 1458 2628 1522 habeat,
2658 1460 2752 1528 qui
2793 1476 2898 1513 non
2930 1462 3108 1530 potius
3132 1461 3316 1517 dicere
3348 1460 3443 1516 de-

1864 1548 2045 1611 bebat,
2099 1546 2220 1602 Non
2273 1562 2498 1617 possum
2555 1565 2657 1619 ego
2715 1549 2892 1605 facere
2951 1566 2981 1603 a
3027 1553 3238 1621 meipso
3275 1550 3441 1622 quid-

1864 1653 2053 1707 quam,
2096 1640 2189 1693 sed
2222 1641 2437 1710 accipio
2471 1649 2799 1712 potestatem
2857 1656 2886 1695 a
2917 1641 3116 1696 Patre?
3166 1641 3284 1696 Jam
3310 1658 3441 1698 vero

1864 1744 1987 1782 cum
2032 1730 2179 1785 istud
2212 1746 2321 1785 non
2350 1731 2573 1795 dixerit,
2602 1731 2697 1786 sed
2729 1740 3081 1809 posteaquam
3115 1734 3442 1804 signiﬁcavit

1865 1834 1972 1873 non
2006 1836 2168 1890 posse
2200 1836 2230 1876 a
2256 1823 2438 1892 seipso
2465 1821 2645 1877 facere
2674 1822 2996 1893 quidquam,
3030 1826 3280 1879 intulerit
3337 1841 3440 1896 po-

1864 1914 1973 1968 tius
2020 1914 2268 1982 judicare
2330 1931 2390 1970 se
2444 1915 2591 1969 sicut
2640 1916 2896 1981 audierit,
2950 1917 3303 1973 manifestum
3356 1927 3441 1973 est

1862 2020 1971 2058 non
2005 2006 2077 2059 ob
2108 2006 2479 2061 inlirmitatem
2512 2008 2565 2060 in
2597 2008 2876 2062 nonnullis
2926 2008 3191 2064 faciendis
3231 2010 3439 2064 dixisse

1862 2112 1924 2152 se
1962 2112 2069 2150 non
2111 2112 2294 2166 posse,
2328 2098 2425 2153 sed
2456 2099 2600 2168 quod
2651 2115 2719 2154 ne
2751 2099 2859 2154 ulla
2894 2100 3115 2169 quidem
3147 2100 3201 2155 in
3236 2116 3295 2156 re
3334 2100 3439 2155 Pa-

1862 2188 1964 2243 tris
2014 2188 2347 2243 voluntatem
2385 2191 2561 2259 possit
2599 2191 2973 2261 praetergredi.
3012 2191 3143 2246 Nam
3171 2207 3295 2246 cum
3328 2207 3439 2247 una
3489 2212 3492 2216 ’

1860 2279 1915 2332 in
1964 2278 2123 2333 Patre
2165 2287 2219 2335 et
2268 2280 2409 2334 Filio
2462 2281 2637 2336 deitas
2674 2282 3035 2352 intelligatur,
3087 2283 3193 2337 erit
3250 2284 3438 2353 utique

1860 2370 2047 2424 eadem
2082 2371 2245 2425 etiam
2274 2372 2553 2439 voluntas,
2590 2389 2766 2439 neque
2811 2390 2937 2428 vero
2966 2376 3018 2428 in
3051 2374 3230 2439 Patre,
3259 2390 3437 2445 neque

1861 2460 1999 2515 adeo
2033 2462 2085 2515 in
2122 2462 2259 2516 Filio
2289 2472 2589 2533 sanctoque
2621 2463 2832 2535 Spiritu
2863 2466 3158 2521 dissentire
3190 2481 3435 2536 unquam

1861 2567 1890 2605 a
1918 2566 1977 2606 se
2005 2560 2201 2605 natura
2243 2551 2425 2607 divina
2459 2553 2801 2616 censebitur,
2835 2553 2931 2608 sed
2962 2552 3110 2623 quod
3147 2551 3297 2606 Patri
3322 2552 3437 2622 pla-

1860 2644 2057 2706 cuerit,
2083 2644 2186 2697 hoc
2220 2650 2330 2697 tota
2377 2645 2487 2697 vult
2510 2645 2709 2699 deitas.
2753 2643 3080 2699 Necessario
3132 2643 3318 2714 itaque
3346 2642 3437 2698 Fi-

1860 2737 1966 2791 lius
1993 2736 2306 2790 consentire
2344 2752 2403 2792 se
2435 2745 2489 2791 et
2515 2752 2759 2791 annuere
2789 2735 2938 2790 Patri
2965 2751 3308 2807 quaecunque
3344 2753 3435 2793 res

1857 2828 1905 2882 ei
1960 2827 2229 2897 placuerit
2278 2826 2576 2896 signiﬁcat,
2630 2827 2837 2881 docens
2879 2842 2989 2881 non
3049 2841 3210 2896 posse
3259 2825 3438 2882 facere

1858 2915 2157 2985 quidquam
2205 2914 2349 2985 quod
2399 2916 2588 2985 utique
2631 2932 2741 2971 non
2782 2917 2853 2971 sit
2899 2916 3057 2985 juxta
3086 2915 3267 2972 Patris
3308 2930 3437 2971 sen-

1858 3008 2106 3067 tentiam.
2139 3005 2255 3061 Hoc
2300 3007 2448 3062 enim
2499 3007 2776 3077 signiﬁcat
2825 3006 2960 3061 illud
3000 3026 3020 3059 ε
3071 3020 3099 3059 a
3159 3006 3367 3076 meipso,
3410 3023 3432 3058 ι

1859 3105 1918 3149 ιιι
1951 3096 1996 3147 si
2051 3095 2260 3149 diceret
2313 3109 2423 3148 non
2471 3109 2634 3163 posse
2684 3093 2847 3165 2&0
2882 3094 3065 3150 facere
3122 3102 3435 3164 peccatum,

1859 3201 2019 3241 nemo
2051 3186 2450 3239 existimaverit
2494 3200 2618 3239 eum
2656 3186 3053 3239 imbecillitatis
3104 3186 3231 3255 jure
3268 3200 3437 3240 accu-

1852 3278 1986 3339 sari,
2023 3277 2117 3331 sed
2170 3277 2475 3331 mirabilem
2513 3275 2807 3347 quamdam
2856 3291 2918 3330 ac
2961 3278 3203 3331 divinam
3250 3278 3438 3347 potius

1851 3378 2063 3422 natura:
2090 3382 2202 3422 suae
2220 3383 2279 3421 ex
2290 3368 2494 3436 plicare
2514 3367 2906 3435 pr0prietatem
2929 3389 2939 3421 :
2957 3367 3275 3422 ostenderet
3288 3368 3435 3421 enim

1854 3472 1913 3512 se
1950 3457 2272 3523 mutationis
2302 3465 2356 3511 et
2402 3457 2745 3512 alterationis
2802 3458 3102 3513 immunem
3143 3461 3433 3514 exsistere.

1854 3548 1931 3601 lta
1965 3563 2088 3602 cum
2122 3562 2153 3601 a
2204 3548 2390 3616 seipso
2442 3562 2553 3601 non
2599 3561 2765 3610 posse
2810 3546 2992 3602 facere
3034 3562 3093 3602 se
3132 3547 3436 3618 quidquam

1854 3639 2163 3709 proﬁtetur,
2205 3638 2533 3692 mirabimur
2580 3639 2765 3707 potius
2813 3638 3175 3693 immutabilis
3224 3645 3439 3694 natura

1855 3730 2093 3786 fructum
2125 3729 2523 3783 immutabilem
2547 3736 2863 3795 cernentes,
2887 3744 3052 3799 quam
3084 3726 3242 3794 illud,
3274 3748 3293 3781 ι
3325 3743 3436 3784 non

1855 3838 2041 3892 posse,
2081 3841 2099 3873 ι
2136 3821 2508 3876 inﬁrmitatem
2556 3821 2871 3890 signiﬁcare
2912 3821 3300 3891 intempestive
3329 3836 3438 3892 pu-

1858 3915 2121 3969 tabimus.
2174 3913 2300 3968 Haec
2345 3922 2526 3968 autem
2576 3928 2800 3968 rursum
2855 3913 3018 3967 nobis
3073 3928 3173 3983 pro
3224 3912 3439 3968 ratione

1856 4022 2050 4061 eorum
2104 4022 2226 4077 quae
2277 4013 2403 4060 ante
2459 4006 2604 4059 dicta
2647 4013 2777 4060 sunt
2818 4005 3115 4072 suﬁiciant;
3160 4010 3439 4060 scrutetur

1858 4113 2023 4169 porro
2055 4097 2301 4153 discendi
2340 4097 2623 4153 studiosus
2658 4097 2909 4151 meliora.
2939 4082 3228 4166 Explicare
3252 4104 3438 4151 tamen

1857 4191 2060 4245 dictum
2090 4188 2224 4243 illud
2256 4189 2365 4242 alio
2397 4187 2557 4242 modo
2593 4203 2704 4243 non
2755 4190 3123 4259 gravabimnr,
3156 4188 3436 4258 paululum

1858 4281 2118 4353 quiddam
2163 4281 2231 4335 de
2260 4278 2481 4335 deitatis
2522 4281 2829 4336 rationibus
2858 4290 2912 4335 et
2941 4280 3218 4351 Unigeniti
3252 4280 3438 4336 excel-

1859 4372 2027 4427 lentia
2052 4370 2283 4448 dicendo
2311 4369 2648 4433 minuentes,
2679 4381 2734 4424 et
2762 4371 3021 4440 quoniam
3054 4371 3219 4425 homo
3244 4384 3437 4426 revera

1860 4462 2040 4518 factus
2070 4471 2174 4527 est,
2206 4459 2491 4530 Fiﬁusque
2517 4469 2766 4527 vocatus,
2799 4462 2905 4516 vim
2938 4462 3337 4522 theorematutn
3366 4462 3437 4518 ad

158 4564 260 4615 καὶ
304 4537 595 4631 ἑτέρωςῗτὸ
627 4537 793 4632 pr,ch
833 4537 934 4615 οὐκ
972 4537 1508 4634 ὀκνήσομενίβραχύ
1550 4583 1602 4618 τι
1644 4537 1755 4619 τῶν

1861 4554 2331 4624 dispensationem
2365 4570 2490 4607 cum
2532 4568 2698 4608 carne
2729 4552 3148 4619 transferentes,
3176 4560 3438 4625 cognata-

154 4654 268 4721 τῆς
305 4650 557 4722 θεότητος
601 4651 741 4721 ὅρων
804 4652 897 4704 καὶ
940 4652 1037 4722 τῆς
1076 4651 1170 4704 τοῦ
1210 4652 1547 4720 Μονογενοῦς
1588 4652 1754 4724 ὑπερ-

154 4744 304 4813 οχῆς
328 4742 423 4794 τὸν
444 4741 600 4809 λόγον
632 4734 1069 4808 ὑποϐιϐἄζοντες,
1102 4743 1194 4795 καί
1223 4744 1450 4815 ἐπείπερ
1472 4744 1754 4816 ἄνθρωπος

1862 4665 1968 4720 que
2012 4656 2065 4701 et
2100 4646 2397 4715 conjuncta
2446 4646 2826 4716 superioribus
2874 4646 3159 4717 sequentia
3207 4645 3437 4701 demon-

1862 4749 2120 4801 strantes.

157 4838 366 4910 γέγονέ
400 4854 457 4890 τε
500 4836 667 4899 ὅντως
709 4837 800 4889 καὶ
838 4836 1244 4907 κεχρημάτικεν
1278 4839 1307 4890 ὁ
1337 4838 1485 4903 Υἱὸς,
1531 4841 1625 4894 ἐπὶ
1654 4844 1753 4913 τὴν
1794 4838 1934 4913 μετά
1956 4832 2155 4905 σαρκὸς
2180 4830 2493 4900 οἰκονομίαν
2514 4829 2609 4900 τὴν
2633 4828 2741 4883 τῶν
2806 4828 3174 4900 θεωρημάτων
3232 4834 3437 4903 P-‘WP‘

162 4934 533 5007 ῥυθμίζοντες
558 4932 805 5002 δύναμιν,
838 4932 1074 5000 συγγενῆ
1096 4949 1154 4985 τε
1178 4936 1273 4989 καὶ
1301 4937 1620 5006 συνημμένα
1643 4940 1756 5002 τοῖς
1790 4926 2305 5009 προαποδεδομένοις
2334 4926 2426 4979 καὶ
2453 4925 2520 4978 τὰ
2557 4925 2753 4995 ἐφεξῆς
2799 4925 3260 4991 ἀποδεικνύοντες.

239 5024 462 5080 Οὐκοῦν
494 5026 574 5077 ὅτι
605 5025 700 5078 καὶ
731 5024 1054 5079 ἀκούσονται
1076 5026 1175 5095 τῆς
1208 5026 1392 5096 φωνῆς
1429 5029 1595 5083 αὑτοῦ
1626 5029 1762 5082 πάν-

160 5136 264 5181 τες
291 5117 342 5170 οἱ
371 5117 429 5167 ὲν
479 5118 590 5176 τοῖς
632 5116 936 5185 μνημείοις,
983 5117 1076 5169 καὶ
1119 5118 1201 5170 ὅτι
1243 5116 1337 5170 καὶ
1374 5118 1759 5189 κριθησόμενοι

164 5206 597 5281 προελεύσονται
620 5206 1016 5276 διεμαρτύρατο
1055 5208 1257 5276 σαφῶς.
1293 5208 1507 5277 Ἐπειδὴ
1530 5210 1587 5261 δὲ
1613 5209 1761 5275 ἅπαξ

160 5303 252 5362 εἰς
310 5298 405 5349 τὸν
444 5295 573 5366 περί
615 5294 709 5348 τοῦ
745 5296 947 5360 κρίνειν
991 5296 1151 5349 αὑτὸν
1179 5298 1276 5365 τὴν
1312 5297 1635 5366 οἰκουμένην
1663 5298 1759 5350 ὲκ-

164 5390 386 5459 6έϐηκε
414 5387 591 5455 λόγον,
618 5388 678 5440 ού
712 5388 871 5457 μόνον
899 5388 982 5439 ὃτι
1024 5390 1141 5441 κατ’
1171 5391 1347 5441 ἐκεῖνο
1394 5389 1607 5459 καιροῦ,
1638 5389 1761 5442 καθ’

162 5482 193 5535 ὃ
245 5479 473 5533 ἔσεσθαί
522 5495 653 5549 φησι
685 5478 780 5549 τὴν
812 5478 920 5530 τῶν
967 5480 1174 5549 νεκρῶν
1213 5480 1528 5544 ἀναϐίωσιν,
1558 5480 1762 5544 δίκαιος

164 5576 334 5627 ἔσται
366 5572 556 5642 κριτὴς
578 5570 1001 5638 ἐπαγγέλλεται,
1026 5571 1163 5624 ἀλλά
1205 5571 1310 5641 γὰρ
1341 5572 1438 5641 ήδη
1464 5572 1557 5625 καὶ
1597 5574 1665 5626 τὰ
1704 5576 1763 5625 ἐν

162 5666 317 5735 τῷδε
354 5661 434 5732 τῷ
465 5662 565 5731 βίῳ
599 5662 896 5732 πράγματα
942 5662 1143 5732 κρίνειν
1187 5660 1360 5723 ὀρθῶς
1403 5662 1495 5713 καὶ
1543 5661 1763 5725 δικαίως

165 5753 596 5826 διισχυρίζεται.
629 5753 693 5804 Τί
725 5752 782 5805 δὲ
818 5748 885 5821 ἦν
918 5752 978 5805 τὸ
1018 5753 1353 5821 κρινόμενον,
1389 5754 1481 5805 καὶ
1508 5754 1597 5805 ἐπὶ
1623 5752 1760 5805 τίσιν

168 5846 197 5897 ό
223 5844 415 5912 λόγος.
445 5844 607 5897 ἄκουε
641 5842 838 5897 λοιπόν·
885 5840 1174 5912 Ἐγεννήθη
1206 5841 1270 5893 δι’
1300 5843 1444 5912 ἡμᾶς
1487 5843 1548 5894 ἐκ
1581 5859 1765 5910 γυναι.

1944 5026 2113 5096 Igitur
2144 5022 2292 5075 clare
2328 5017 2650 5073 testiﬁcatus
2680 5028 2761 5073 est
2808 5027 3056 5074 mortuos
3094 5035 3284 5077 omnes
3318 5022 3439 5092 ejus

1866 5130 2054 5171 vocem
2083 5112 2393 5173 audituros,
2416 5118 2470 5164 et
2500 5107 2569 5162 ad
2591 5109 2860 5179 judicium
2888 5124 3266 5178 processuros.
3290 5110 3438 5178 Quo-

1867 5210 2010 5263 niam
2058 5215 2236 5259 autem
2273 5202 2441 5256 semel
2476 5216 2541 5257 eo
2581 5209 2875 5273 provectus
2919 5208 3004 5256 est
3046 5208 3106 5256 ut
3142 5202 3343 5258 dixerit
3380 5219 3441 5260 se

1865 5299 2052 5353 orbem
2100 5294 2501 5365 judicaturum,
2544 5308 2653 5348 non
2694 5293 2870 5348 solum
2906 5292 3195 5364 proﬁtetur
3246 5310 3306 5349 se
3348 5293 3439 5364 ju-

1865 5396 2009 5441 stum
2040 5385 2281 5455 judicem
2316 5383 2433 5438 fore
2465 5398 2532 5439 eo
2565 5392 2808 5452 tempore
2829 5397 2939 5451 quo
2966 5381 3203 5437 futuram
3237 5394 3313 5437 att
3352 5400 3439 5439 re-

1866 5478 2301 5538 surrectionem,
2355 5490 2544 5530 verum
2600 5476 2765 5530 etiam
2814 5476 2980 5543 hujus
3022 5475 3148 5529 vita:
3192 5478 3439 5532 actiones

1866 5579 2013 5625 recte
2061 5584 2124 5623 ac
2173 5569 2319 5637 juste
2374 5568 2749 5637 judicaturum
2806 5570 3115 5623 conﬁrmat.
3150 5567 3436 5634 Quodnam

1869 5671 2047 5715 autem
2096 5660 2454 5729 iudicandum
2516 5661 2607 5723 sit,
2647 5668 2702 5714 et
2748 5659 2817 5715 de
2859 5661 3061 5730 quibus
3115 5673 3297 5715 sermo
3343 5660 3438 5726 sit,

1868 5753 2088 5805 attende
2128 5752 2315 5805 modo.
2357 5750 2529 5805 Natus
2570 5760 2655 5805 est
2683 5760 2906 5821 propter
2952 5766 3052 5806 nos
3080 5765 3144 5804 ex
3176 5750 3436 5813 muliere;

1872 5854 1929 5898 ut
1970 5846 2113 5899 cnim
2147 5844 2348 5898 Paulus
2393 5845 2467 5896 ait
2508 5862 2519 5896 :
2562 5863 2578 5895 ‹
2620 5842 2739 5898 Non
2794 5842 3151 5905 apprehendit
3194 5840 3437 5915 angelos.
