4218 6500
769 426 864 485 3‘3!

1729 426 1787 479 S.
1813 422 2092 479 CYRILLl
2134 420 2608 477 AbE-XANDRINI
2649 420 2971 476 ARCIIIEP.

3947 418 4063 478 39?.

772 540 869 595 sed
922 553 1111 595 semen
1149 539 1401 607 Abrahar,
1443 540 1587 596 unde
1639 540 1828 595 debuit
1868 554 1966 610 per
2000 538 2185 594 omnia
2242 537 2357 592 fra-

2473 537 2579 600 ιιός’
2616 536 2690 599 ὡς
2725 539 2833 607 γὰρ
2860 534 2886 585 6
2915 533 3125 596 Παῦλός
3169 549 3369 604 φησιν,
3428 552 3445 584 ι
3499 534 3611 586 Οὐκ
3658 533 3906 601 ἀγγέλων
3940 536 4062 587 ἐπι-

771 631 951 687 tribus
981 631 1276 686 assimilari
1299 632 1365 684 ⁷³.
1405 650 1423 683 ι
1462 631 1600 686 Cum
1635 640 1816 686 autem
1854 631 2033 686 factus
2068 631 2140 686 sit
2170 630 2357 695 homo,

772 731 826 777 et
851 723 906 777 in
933 723 1078 777 servi
1106 720 1305 785 forma,
1335 722 1517 779 factus
1543 738 1765 793 quoque
1797 730 1881 777 est
1917 722 2020 777 sub
2051 722 2169 791 lege
2183 712 2242 776 'is
2264 720 2359 790 qui

778 815 1058 885 legislator
1082 821 1186 878 est,
1211 821 1268 867 ut
1290 813 1436 870 Deus
1455 829 1518 868 ac
1538 813 1803 870 Dominus
1825 815 1966 866 "'7‘.
1988 812 2169 879 Quare
2192 813 2361 867 inter-

775 905 903 960 dum
938 907 1209 975 loquitur,
1240 917 1301 962 ut
1324 909 1420 978 qui
1451 908 1555 962 sub
1586 908 1703 978 lege
1739 915 1844 973 est,
1871 907 2143 961 interdum
2178 914 2238 959 ut
2265 905 2361 976 qui

774 1014 941 1067 supra
977 1001 1173 1067 legem,
1202 1009 1256 1054 et
1279 1002 1413 1054 citra
1439 1001 1922 1070 reprehensionem
1956 999 2121 1054 habet
2155 999 2362 1054 utrius-

776 1105 882 1157 que
920 1090 1155 1144 faciendi
1191 1098 1536 1159 potestatem.
1563 1090 1795 1145 Disserit
1831 1101 2010 1145 autem
2050 1105 2196 1145 nunc
2236 1105 2361 1144 cum

775 1179 1002 1245 .ludzeis,
1034 1191 1093 1235 ut
1130 1183 1264 1251 legis
1313 1190 1502 1237 custos
1541 1192 1595 1237 et
1642 1184 1829 1247 homo,
1872 1193 1931 1237 ut
1989 1184 2082 1252 qui
2141 1191 2362 1253 praeter-

777 1270 930 1337 gredi
993 1272 1206 1323 nesciat
1255 1272 1512 1325 mandata
1551 1271 1760 1335 divina,
1814 1273 2062 1341 nihilque
2122 1288 2187 1325 ex
2237 1286 2365 1327 sen-

780 1362 949 1413 tentia
1009 1376 1107 1414 sua
1162 1361 1344 1416 facere
1399 1371 1585 1432 queat,
1634 1363 1781 1430 quod
1842 1377 1950 1416 non
2008 1363 2207 1415 divinae
2260 1361 2365 1432 legi

779 1462 1069 1519 congruat.
1114 1454 1351 1525 Ideoque
1392 1456 1467 1508 ait
1511 1474 1522 1507 :
1572 1474 1590 1505 ι
1638 1454 1754 1509 Non
1780 1469 2001 1523 possum
2050 1469 2153 1524 ego
2204 1468 2234 1506 a
2279 1468 2365 1508 me

785 1544 907 1611 ipso
945 1543 1126 1598 facere
1157 1547 1488 1616 quidquam;
1530 1547 1675 1601 sicut
1706 1546 1894 1609 audio,
1924 1546 2133 1616 judico.
2172 1564 2190 1596 ι
2228 1546 2365 1599 Cum

782 1648 913 1685 vero
961 1635 1288 1688 testiﬁcatur
1330 1651 1439 1689 non
1492 1650 1655 1705 posse
1704 1652 1733 1688 a
1768 1638 1950 1705 seipso
1988 1634 2171 1690 facere
2207 1633 2367 1704 quid-

782 1739 969 1792 quam,
1004 1726 1149 1793 quod
1186 1728 1375 1795 utique
1408 1742 1517 1779 non
1553 1727 1623 1781 sit
1662 1728 1825 1780 etiam
1873 1727 1976 1795 legi
2004 1724 2285 1794 placitum,
2311 1730 2366 1778 et

782 1831 841 1870 re
901 1816 1147 1883 judicare
1204 1818 1352 1870 sicut
1402 1817 1665 1879 audierit,
1716 1824 2040 1886 suggerente
2104 1814 2365 1868 nimirum

2458 628 2810 698 λαμϐάνεται,
2840 626 2972 679 ἀλλὰ
3018 626 3333 697 σπέρματος
3381 625 3634 696 Ἀϐραάμ
3656 643 3669 656 ·
3700 626 3822 679 ὃθεν
3854 626 4059 694 ὤφειλε

2460 718 2603 772 κατὰ
2632 718 2810 771 πάντα
2853 720 2965 780 τοῖς
3004 716 3254 785 ἀδελφοῖς
3280 716 3633 786 ὁμοιωθῆναι.
3676 738 3692 768 ι
3742 718 3964 787 Ἐπειδὴ
4002 718 4062 770 δὲ

2459 811 2683 880 γέγονεν
2729 808 3040 882 ἄνθρωπος,
3092 810 3184 860 καὶ
3237 808 3295 861 ἐν
3341 810 3407 878 τῇ
3441 807 3536 860 τοῦ
3586 808 3779 861 δούλου
3844 812 4057 879 μορφῇ,

2461 905 2651 973 γέγονε
2677 903 2772 956 καὶ
2804 901 2910 954 ὑπὸ
2937 902 3098 970 νόμον
3135 901 3163 951 6
3201 899 3497 969 νομοθέτης
3538 899 3612 962 ὡς
3654 901 3786 963 Θεὸς
3819 902 3914 955 καὶ
3944 901 4060 954 Κύ-

2464 1011 2596 1065 ριος.
2627 993 2797 1047 Λαλεῖ
2819 990 3108 1062 τοιγαροῦν
3142 991 3275 1044 ποτέ
3309 991 3408 1062 μὲν
3448 993 3524 1055 ὡς
3568 991 3672 1069 ὑπο
3700 992 3892 1062 νόμον,
3925 995 4060 1046 ποτὲ

2459 1086 2517 1139 δέ
2540 1082 2605 1139 αὖ
2642 1086 2804 1139 πάλιν
2830 1085 2906 1149 ὡς
2950 1082 3092 1154 ὑπὲρ
3140 1084 3323 1154 νόμον,
3371 1084 3464 1137 καὶ
3514 1085 3928 1156 ἀκατηγόρητον
3970 1087 4060 1138 ἐπ’

2463 1175 2665 1246 ἀμφοῖν
2700 1177 2810 1247 ἔχει
2848 1175 2944 1247 τὴν
2977 1174 3247 1240 ἐξουσίαν.
3298 1176 3616 1245 Διαλέγεται
3663 1179 3716 1231 δὲ
3758 1178 3878 1230 νυνὶ
3922 1178 4060 1249 πρὸς

2476 1267 2781 1333 Ἰουδαίους,
2832 1267 2907 1331 ὡς
2957 1264 3270 1337 νομοφύλαξ
3323 1270 3415 1321 καὶ
3468 1268 3776 1339 ἅνθρωπος,
3828 1272 3904 1332 ὡς
3960 1271 4060 1321 οὐκ

2465 1358 2621 1423 εἰδὼς
2658 1360 3017 1429 παραϐαίνειν
3068 1360 3167 1422 τὰς
3209 1360 3420 1413 ἄνωθεν
3451 1362 3763 1431 ὁρισθείσας
3813 1363 4059 1423 ἐντολὰς,

2466 1452 2586 1504 οὺδέ
2618 1452 2726 1504 ἀπὸ
2754 1451 2977 1522 γνώμης
3010 1451 3215 1515 οἰκείας
3250 1452 3572 1521 άνεχόμενός
3610 1471 3663 1505 τι
3702 1457 3893 1517 ποιεῖν,
3927 1455 3955 1505 ὅ
3986 1456 4060 1523 μὴ

2466 1542 2545 1613 τῷ
2574 1542 2702 1612 θείῳ
2728 1543 2877 1613 νόμῳ
2909 1544 3171 1597 συνδοκεῖ.
3205 1544 3302 1597 Διά
3332 1544 3487 1596 τοῦτό
3513 1560 3706 1615 φησιν·
3739 1564 3757 1595 ι
3796 1547 3870 1599 Οὐ
3903 1547 4072 1599 δύνα-

2472 1653 2570 1704 μαι
2613 1634 2724 1703 ἐγὼ
2769 1637 2943 1688 ποιεῖν
2986 1636 3079 1689 ἀπ’
3126 1637 3362 1705 ἐμαυτοῦ
3407 1638 3557 1689 οὐδέν
3588 1654 3598 1665 ·
3626 1637 3808 1700 καθὼς
3852 1639 4059 1699 ἀκούω,

2468 1726 2657 1795 κρίνω.
2692 1744 2709 1775 ι
2752 1725 2960 1795 Ἑαυτῷ
3008 1726 3063 1779 δὲ
3112 1727 3172 1779 τὸ
3225 1728 3297 1796 μὴ
3343 1727 3603 1781 δύνασθαί
3654 1747 3706 1781 τι
3751 1733 3927 1781 ποιεῖν
3968 1720 4065 1796 ἀφ’

2468 1815 2663 1869 ἑαυτοῦ
2698 1817 3012 1887 μαρτυρῶν,
3043 1816 3071 1869 6
3102 1816 3177 1888 μὴ
3212 1818 3428 1881 πάντως
3463 1821 3576 1871 ἐστὶ
3607 1822 3698 1873 καὶ
3726 1820 3950 1891 θελητὸν

786 1904 920 1973 lege.
970 1903 1284 1958 Judazorum
1334 1906 1766 1960 inobedientiam
1820 1905 2021 1975 arguit,
2069 1918 2367 1973 eorumque

2473 1906 2661 1975 νόμῳ,
2715 1907 2918 1976 κρίνειν
2963 1923 3024 1959 τε
3078 1905 3221 1959 οὕτω
3276 1908 3372 1960 καὶ
3433 1908 3670 1971 δικάζειν
3699 1914 3810 1973 τοῖς
3870 1914 4050 1981 πράγ-

785 1994 1105 2063 praefractus
1150 2011 1334 2049 mores
1385 1998 1600 2067 retegit.
1638 1996 1798 2067 24],
1851 1995 1966 2049 Hoc
2013 1995 2161 2050 enim
2216 2003 2365 2050 recte

784 2083 1131 2139 subinnuunt
1189 2087 1279 2140 illa
1324 2086 1489 2142 verba
1525 2104 1536 2139 :
1574 2104 1593 2136 ι
1635 2084 1754 2139 Non
1804 2100 2032 2155 possum
2076 2101 2105 2139 a
2154 2086 2365 2155 meipso

786 2177 965 2233 facere
994 2178 1316 2246 quidquam,
1354 2197 1372 2229 ι
1416 2177 1518 2231 hoc
1549 2186 1672 2232 est:
1708 2176 1818 2233 Vos
1859 2178 1985 2231 data
2024 2177 2177 2231 vobis
2208 2193 2365 2232 man-

790 2270 909 2322 data
943 2278 1145 2323 temere
1167 2271 1700 2339 praetergredientes,
1741 2287 1767 2323 a
1812 2270 1969 2326 vobis
2004 2270 2139 2340 ipsis
2167 2280 2365 2325 cuncta

788 2357 967 2411 facere
998 2360 1236 2425 audetis,
1275 2369 1329 2414 et
1362 2359 1429 2414 de
1460 2361 1697 2430 singulis
1723 2361 1886 2416 rebus
1927 2361 2139 2431 judicia
2166 2360 2367 2418 divinis

782 2453 959 2521 jussis
1011 2456 1237 2509 minime
1277 2465 1650 2510 consentanea
1699 2456 1905 2511 facitis.
1954 2455 2174 2512 Docetis
2222 2457 2366 2511 enim

788 2545 1100 2598 doctrinam
1137 2546 1389 2599 mandata
1436 2548 1747 2611 hominum,
1778 2558 1855 2622 et,
1890 2548 2230 2603 voluntatem
2277 2564 2371 2604 ve-

790 2650 959 2692 stram
987 2653 1083 2707 pro
1111 2639 1226 2706 lege
1254 2639 1410 2692 vobis
1443 2625 1823 2709 praescribitis.
1845 2638 2107 2704 Quaenam
2138 2654 2267 2710 ergo
2302 2640 2372 2695 sit

789 2726 985 2781 horum
1014 2728 1299 2781 verborum
1332 2730 1494 2791 ratio,
1522 2737 1614 2780 aut
1645 2728 1922 2798 quomodo
1953 2729 2195 2798 seipsum
2221 2730 2373 2799 justo

788 2817 1126 2887 judicantcm
1179 2819 1471 2889 signiﬁcet,
1519 2835 1740 2874 rursum
1781 2820 2014 2875 dicetur.
2049 2820 2274 2875 Curavit
2317 2821 2373 2875 in

794 2906 1039 2962 Sabbato
1096 2911 1481 2979 paralyticum,
1517 2912 1778 2963 misertus
1823 2917 1908 2964 est
1958 2911 2198 2966 hominis
2248 2910 2374 2965 diu-

794 3010 953 3053 turna
988 3002 1312 3071 aegritudine
1358 3002 1686 3065 laborantis,
1720 3010 1929 3056 rectum
1977 3003 2237 3056 nimirum
2279 3002 2376 3058 bo-

794 3108 1035 3162 numque
1074 3096 1142 3149 de
1191 3095 1312 3164 ipso
1369 3094 1555 3150 ferens
1616 3094 1913 3164 judicium.
1951 3095 2187 3150 Decebat
2228 3096 2375 3151 enim

2469 2014 2653 2068 μασιν,
2688 1996 2879 2068 ὥσπερ
2944 1996 3011 2050 ἂν
3059 1997 3313 2061 ἀκούσαι,
3368 1998 3777 2071 διαγορεύοντος
3818 2000 4069 2071 δηλονότι

2463 2087 2559 2141 τοῦ
2620 2086 2833 2157 νόμου,
2906 2087 3007 2150 τὰς
3058 2088 3167 2142 τῶν
3230 2087 3502 2141 Ἰουδαίων
3592 2092 3879 2156 ἀπειθείας
3964 2092 4052 2156 ἐξ-

2465 2179 2698 2249 ελέγχει,
2725 2180 3194 2252 καὶ[τῶν]τρόπων
3224 2183 3402 2236 αὐτῶν
3418 2185 3725 2255 ἀπογυμνοῖ
3748 2184 3806 2237 τὸ
3830 2185 4063 2255 ἐξήνιον,

2466 2271 2636 2324 Τοῦτο
2675 2271 2782 2341 γὰρ
2821 2270 2885 2342 δὴ
2914 2273 3005 2325 καὶ
3040 2272 3372 2343 ὑπεμφαίνει
3403 2276 3584 2338 καλῶς
3611 2276 3926 2345 τεθειμένον
3961 2278 4022 2330 τὸ
4047 2317 4061 2339 ,

2475 2384 2492 2417 ι
2514 2366 2587 2419 Οὐ
2619 2365 2854 2435 δύναμαι
2900 2362 3013 2433 ἐγὼ
3062 2368 3235 2418 ποιεῖν
3271 2368 3364 2420 ἀπ’
3394 2368 3633 2437 ἐμαυτοῦ
3664 2369 3833 2428 οὐδὲν,
3868 2388 3886 2420 ι
3943 2371 4068 2425 ἁντί

2468 2456 2585 2520 τοῦ,
2624 2456 2813 2527 Ὑμεῖς
2847 2456 3173 2524 ἀφυλάκτως
3204 2458 3303 2520 τάς
3335 2456 3581 2519 δοθείσας
3625 2459 3753 2527 ὑμῖν
3787 2460 4069 2530 παραϐαί-

2472 2566 2653 2611 νοντες
2682 2548 2923 2614 ἐντολὰς,
2963 2549 3141 2602 πάντα
3175 2549 3435 2618 πράττειν
3468 2550 3561 2617 ἀφ’
3606 2551 3835 2613 ἑαυτῶν,
3887 2553 3965 2615 ὡς
4008 2551 4064 2618 ἐξ

2473 2640 2756 2693 ἀκινδύνου
2801 2640 2985 2693 λοιπὸν
3033 2640 3394 2712 ἐθαρσήοατε,
3445 2641 3538 2692 καὶ
3580 2641 3678 2705 τάς
3720 2642 3804 2709 ἐφ’
3846 2643 4066 2711 ἑκάστῳ

2471 2730 2581 2783 τῶν
2610 2722 2950 2802 πραγμάτων
2984 2730 3330 2801 κρίσεις,οὑκ
3367 2731 3765 2792 ἀκολουθούσας
3794 2735 3908 2795 τοῖς
3949 2733 4067 2784 θεό-

2476 2821 2566 2875 θεν
2610 2821 3052 2891 διατεταγμένοις
3084 2824 3354 2876 ποιεῖσθαι
3388 2824 3735 2888 σπουδάζετε.
3772 2823 4066 2877 Διδάσκετε

2475 2913 2583 2984 γὰρ
2625 2914 2975 2967 διδασκαλίαν
3026 2914 3335 2985 ἐντάλματα
3377 2915 3712 2986 ἀνθρώπων,
3760 2918 3854 2971 καὶ
3901 2919 4065 2987 νόμον

2477 3004 2748 3075 ὡρίσασθε
2777 3005 2838 3057 τὸ
2864 3007 3062 3058 οἰκεῖον
3091 3006 3324 3077 θέλημα.
3354 3007 3449 3070 Τίς
3475 3005 3566 3060 οὖν
3594 3010 3620 3059 6
3648 3008 3746 3077 τῆς
3770 3008 4067 3079 διασκευῆς

2477 3097 2577 3167 τῆς
2624 3098 2680 3149 ἐν
2727 3096 2902 3168 τούτῳ
2953 3098 3176 3168 τρόπος,
3224 3098 3256 3168 ἢ
3304 3098 3419 3160 πῶς
3471 3099 3662 3151 ἑαυτὸν
3706 3098 3805 3167 μὲν
3853 3100 4065 3167 εἰσάγει

792 3188 956 3240 etiam
1008 3187 1061 3240 in
1120 3186 1364 3242 Sabbato
1413 3187 1659 3242 misereri
1694 3187 1954 3256 jacentis,
2004 3202 2181 3257 neque
2221 3203 2367 3243 vere-

2480 3188 2734 3258 κρίνοντα
2781 3188 3025 3253 δικαίως,
3077 3190 3318 3250 ἐκείνους
3362 3189 3418 3241 δὲ
3465 3188 3738 3257 οὐδαμῶς,
3782 3191 4066 3259 εἰρήσεται

794 3280 995 3334 cundia
1026 3280 1249 3335 Sahbati
1283 3280 1721 3335 misericordiam
1754 3294 2032 3343 coercere,
2059 3279 2375 3335 vanissima:

793 3373 1075 3442 religionis
1106 3374 1360 3427 obtentu.
1391 3372 1863 3437 Quemadmodum
1902 3381 2083 3425 autem
2124 3371 2287 3427 Pater
2320 3372 2375 3426 in

797 3463 1039 3519 Sabbato
1084 3480 1211 3535 erga
1263 3472 1547 3520 creaturas
1597 3473 1876 3533 operatur,
1908 3465 2101 3533 utique
2147 3479 2247 3533 per
2289 3464 2378 3520 Fi-

793 3558 927 3610 lium
970 3576 983 3610 :
1025 3559 1096 3611 ita
1152 3570 1204 3612 ct
1241 3557 1433 3612 Filius.
1488 3556 1677 3627 Neque
1715 3557 1861 3611 enim
1904 3558 2110 3626 placuit
2156 3558 2376 3612 miseri-

800 3650 991 3702 cordia
1032 3665 1220 3703 carere
1272 3651 1325 3703 in
1375 3648 1613 3703 Sabbato
1644 3655 1866 3719 pr0pter
1897 3647 2215 3713 Sabbatum,
2252 3664 2374 3703 cum

797 3740 964 3793 sciret
1020 3738 1313 3791 Dominum
1372 3753 1496 3792 esse
1530 3736 1728 3791 Filium
1776 3737 2039 3791 hominis.
2079 3736 2198 3791 Non
2228 3739 2373 3792 enim

797 3830 961 3880 hoino
994 3836 1214 3896 propter
1247 3825 1549 3881 Sabbatum
1587 3825 1765 3881 factus
1804 3833 1911 3891 est,
1946 3826 2039 3881 sed
2076 3826 2375 3882 Sabbatum

797 3926 1022 3987 propter
1061 3918 1363 3972 hominem.
1416 3916 1604 3987 Itaque
1657 3928 1864 3972 rectum
1907 3918 2126 3988 quidem
2179 3926 2264 3973 est
2315 3934 2379 3975 ac

800 4012 1000 4061 leonum
1054 4007 1360 4063 Salvatoris
1413 4010 1481 4064 de
1536 4009 1624 4065 his
1678 4010 1978 4081 judicium,
2011 4012 2105 4081 qui
2158 4020 2379 4082 propter

802 4097 1102 4153 Sabbatum
1163 4101 1599 4155 misericordiam
1647 4116 1777 4171 erga
1814 4101 2091 4171 jacentem
2138 4117 2249 4156 non
2297 4103 2380 4157 in-

802 4190 999 4256 hibuit,
1050 4190 1142 4244 sed
1194 4190 1341 4261 quod
1391 4190 1605 4245 elliccre
1658 4198 1894 4259 poterat,
1938 4198 2001 4246 ut
2054 4190 2219 4256 Deus,
2255 4191 2380 4248 fons

801 4279 1004 4349 quippe
1049 4280 1315 4335 bonitatis
1348 4288 1445 4336 est
1478 4290 1676 4335 natura
1704 4281 1915 4349 divina,
1950 4281 2083 4336 illud
2128 4284 2291 4337 etiam
2324 4284 2379 4336 in

802 4367 1042 4423 Sabbato
1072 4371 1349 4439 praestitit.
1380 4369 1654 4425 Judicium
1680 4380 1860 4426 autem
1888 4387 2079 4427 eorum
2109 4374 2202 4442 qui
2234 4388 2297 4428 ea
2322 4388 2381 4429 re

802 4458 1222 4514 otl'eudebantur
1279 4470 1503 4531 propter
1552 4462 1856 4517 Sabbatum
1891 4504 1905 4529 ,
1961 4472 2125 4533 atque
2174 4463 2381 4520 idcirco

2480 3280 2659 3333 πάλιν.
2714 3280 3129 3351 Τεθεράπευκεν
3178 3282 3235 3332 ἐν
3291 3280 3553 3351 Σαϐϐάτῳ
3597 3280 3689 3332 τὸν
3732 3280 4065 3350 παράλυτον,

2477 3373 2709 3444 ἠλέησεν
2744 3372 3030 3443 ἄνθρωπον
3084 3374 3327 3442 μακροὺς
3378 3374 3434 3424 ἐν
3484 3375 3753 3441 νοσήματι
3803 3374 4067 3441 κατατρε-

2478 3463 2657 3532 ψαντα
2685 3464 2929 3534 χρόνους,
2957 3462 3122 3541 ὀρθῂν
3150 3463 3391 3532 δηλονότι
3449 3464 3542 3516 καὶ
3570 3462 3777 3532 ἀγαθὴν
3808 3465 3893 3515 ἐπ’
3918 3464 4069 3533 αὐτῷ

2480 3558 2578 3626 τὴν
2611 3556 2793 3627 κρίσιν
2822 3556 3140 3625 ἐξενεγκὼν.
3179 3556 3327 3611 Ἔδει
3361 3556 3469 3626 γὰρ
3497 3556 3858 3625 ἐποικτείρειν
3888 3558 3985 3609 καὶ
4015 3559 4069 3608 ἐν

2479 3647 2743 3717 Σαϐϐάτῳ
2772 3648 2862 3701 τὸν
2907 3648 3179 3718 κείμενον,
3227 3648 3320 3701 καὶ
3351 3647 3624 3700 συστεῖλαι
3664 3647 3761 3716 μὲν
3796 3647 3889 3699 τὸν
3921 3647 4071 3700 ἔλεον
4098 3702 4099 3705 η

2477 3738 2727 3809 οὐδαμῶς
2780 3738 2919 3790 αἰδοῖ
2968 3740 3033 3808 τῇ
3086 3740 3214 3806 περὶ
3259 3737 3321 3789 τὸ
3368 3736 3665 3803 Σάϐϐατον,
3720 3738 4070 3805 εἰκαιοτάτην

2479 3829 2892 3899 ἐπιτηδεύοντας
2922 3830 3021 3898 τὴν
3048 3827 3354 3882 εὐλάϐειαν.
3393 3828 3602 3898 Ὠσπερ
3627 3827 3682 3880 δέ
3716 3830 3771 3880 ἐν
3804 3828 4070 3898 Σαϐϐάτῳ

2483 3922 2577 3975 καὶ
2611 3924 2639 3974 6
2671 3922 2862 3993 Πατὴρ
2893 3921 3112 3991 ἐνεργὸς
3141 3920 3268 3991 περὶ
3294 3921 3393 3990 τὴν
3421 3920 3528 3973 τῶν
3570 3922 3888 3990 κτισμάτων
3920 3923 4071 3992 ἐνέρ-

2479 4014 2633 4081 γειάν
2660 4016 2796 4079 ἐστι,
2816 4014 3032 4075 πάντως
3062 4011 3117 4064 δέ
3147 4011 3213 4063 δι’
3241 4012 3393 4077 Υἰοῦ,
3422 4009 3562 4063 οὕτω
3590 4012 3681 4063 καὶ
3706 4013 3891 4075 αὑτός.
3936 4014 4071 4065 Οὐδὲ

2481 4107 2591 4177 γὰρ
2620 4106 3046 4175 ἀποστερεῖσθαι
3098 4104 3208 4157 δεῖν
3248 4104 3338 4157 τὸν
3376 4103 3524 4158 ἐλέου
3561 4104 3811 4175 δεόμενον
3843 4107 3902 4157 ἐν
3935 4107 4073 4159 Σαϐ-

2480 4198 2632 4268 ϐάτῳ
2663 4196 2750 4250 διὰ
2774 4197 2834 4250 τὸ
2863 4195 3141 4251 Σάϐϐατον
3172 4194 3516 4266 ἐδοκίμαζεν,
3553 4196 3677 4248 ἐπεὶ
3720 4196 3927 4265 Κύριον
3958 4198 4072 4268 ᾔδει

2479 4292 2570 4344 τὸν
2601 4290 2729 4343 Υίὸν
2758 4288 2854 4342 τοῦ
2886 4288 3177 4359 ἀνθρώπου
3204 4304 3218 4318 ο
3275 4288 3335 4339 οὐ
3374 4287 3482 4357 γὰρ
3522 4288 3549 4340 6
3578 4287 3864 4357 ἅνθρωπος
3894 4288 3988 4340 διὰ
4018 4291 4074 4341 τὸ

2482 4382 2755 4437 Σάϐϐατον
2788 4382 3025 4450 ἐγένετο,
3058 4380 3194 4433 ἀλλά
3227 4379 3287 4433 τὸ
3313 4378 3591 4433 Σάϐϐα-τον
3617 4378 3706 4431 διὰ
3733 4380 3823 4432 τὸν
3855 4380 4071 4451 ἄνθρω-

2482 4489 2604 4527 πον.
2657 4472 2865 4526 Οὐκοῦν
2911 4471 3045 4543 ὀρθὴ
3080 4472 3178 4541 μὲν
3212 4470 3306 4523 ἐπὶ
3334 4470 3548 4533 τούτοις
3609 4470 3705 4524 καὶ
3758 4471 3943 4543 ἀγαθὴ
3982 4472 4071 4524 τοῦ

805 4560 1036 4605 mortem
1064 4553 1382 4619 quaerebant
1410 4554 1529 4622 ejus
1558 4569 1587 4605 a
1619 4569 1728 4624 quo
1758 4554 1909 4608 nulla
1941 4555 1995 4608 in
2031 4570 2090 4609 re
2118 4554 2367 4608 violatum

2488 4564 2737 4633 Σωτῆρος
2767 4565 2799 4634 ὴ
2842 4564 3022 4633 κρίσις
3046 4601 3061 4626 ,
3110 4563 3170 4615 οὐ
3200 4562 3287 4615 διὰ
3318 4562 3379 4615 τὸ
3411 4562 3686 4615 Σάϐϐατον
3719 4563 3819 4633 τὴν
3866 4565 3960 4616 ἐπὶ
4000 4564 4074 4633 τῷ

804 4651 943 4697 erat.
969 4644 1246 4710 quomodo
1281 4660 1388 4699 non
1418 4645 1622 4700 divinis
1656 4646 1868 4715 legibus
1930 4646 2087 4701 valde
2110 4653 2381 4717 repugnat

810 4734 1106 4802 (scriptum
1142 4744 1227 4788 est
1267 4737 1445 4789 enim:
1485 4754 1504 4787 ι
1541 4734 1892 4790 lnnocentem
1927 4746 1980 4788 et
2018 4744 2229 4789 rectum
2270 4750 2379 4791 non

802 4823 1103 4878 interﬁcies
1132 4823 1175 4854 "
1216 4843 1236 4875 ι
1273 4826 1312 4892 ),
1361 4832 1414 4879 et
1459 4826 1526 4878 ab
1576 4841 1767 4880 eorum
1824 4825 2147 4881 crudelitate
2202 4830 2382 4897 p0tius

805 4930 967 4985 quam
1013 4930 1097 4968 εκ»
1128 4920 1302 4969 sacris
1346 4915 1571 4971 Litteris
1605 4917 1911 4987 profectum
1951 4918 2070 4972 est?
2095 4918 2237 4972 Audi
2278 4920 2381 4973 ita-

803 5021 909 5075 que
938 5004 1124 5059 Jesum
1169 5009 1482 5075 emphatice
1516 5002 1787 5063 dicentem
1815 5008 1882 5061 ad
1911 5024 2007 5064 eos
2042 5011 2136 5079 qui
2163 5010 2233 5065 ob
2266 5010 2385 5080 ejus

804 5097 1072 5150 beneﬁcia
1105 5098 1485 5168 indignantur,
1516 5108 1569 5154 et
1614 5109 1805 5154 sancta
1840 5101 1961 5171 ejus
1992 5102 2249 5156 incusant
2288 5103 2382 5172 ju-

805 5188 971 5250 dicia,
1015 5188 1132 5242 suis
1192 5189 1460 5244 duntaxat
1512 5192 1863 5256 insistentes,
1910 5193 2073 5261 idque
2124 5208 2224 5262 pro
2268 5193 2383 5263 lege

807 5278 1009 5333 habent
1038 5281 1183 5349 quod
1225 5283 1326 5336 sibi
1356 5285 1624 5351 placuerit
1650 5284 1905 5353 quamvis
1936 5285 2039 5356 legi
2071 5293 2340 5358 repugnet
2368 5304 2379 5339 :

813 5386 832 5419 ι
870 5366 987 5424 Non
1009 5386 1233 5438 possum
1265 5388 1365 5443 ego
1390 5389 1419 5426 a
1445 5377 1653 5443 meipso
1687 5376 1866 5431 facere
1892 5378 2210 5448 quidquam,
2239 5396 2256 5428 ι
2283 5379 2385 5432 hoc

808 5466 913 5524 est,
945 5460 1101 5529 quta
1146 5464 1320 5534 legem
1372 5464 1668 5521 Mosaicam
1722 5476 1925 5523 cuncta
1978 5469 2142 5536 facio,
2174 5469 2309 5525 nihil
2355 5483 2384 5522 a

806 5550 1022 5620 meipso
1072 5551 1252 5610 facere
1315 5571 1577 5627 possum;
1618 5577 1637 5609 ι
1680 5560 1826 5614 sicut
1876 5559 2070 5627 audio,
2108 5561 2318 5630 judico.
2362 5580 2378 5612 ι

809 5635 949 5702 Quid
976 5641 1125 5697 enim
1172 5644 1255 5699 lex
1294 5648 1397 5701 sibi
1424 5649 1577 5703 vult:
1617 5668 1635 5701 ι
1674 5648 1791 5706 Νοιι
1826 5650 2067 5721 accipies
2096 5666 2385 5721 personam

2488 4656 2726 4725 κειμένῳ
2778 4654 3188 4725 φιλανθρωπίαν
3236 4654 3720 4722 ἀποκωλύσαντος,
3776 4655 3893 4707 ἀλλ’
3936 4658 4073 4729 ὅπερ

2489 4741 2627 4798 οἶδεν
2656 4746 2730 4809 ὼς
2760 4746 2891 4809 Θεὸς
2920 4747 3160 4818 ἐνεργεῖν
3197 4746 3369 4817 (πηγὴ
3395 4748 3503 4817 γὰρ
3527 4747 3859 4817 ἀγαθότητος
3890 4750 3923 4819 ὴ
3955 4748 4074 4802 θεία

2490 4835 2651 4902 φύσις
2680 4835 2840 4904 ἐστὶ),
2874 4834 3031 4887 τοῦτο
3057 4839 3150 4888 καὶ
3183 4837 3240 4889 ἐν
3268 4835 3528 4906 Σαϐϐάτῳ
3555 4838 3900 4906 ποιήσαντος.
3918 4840 3987 4891 Ἠ
4020 4838 4071 4891 δέ

2489 4939 2552 4989 γε
2589 4922 2769 4991 κρίσις
2804 4924 2836 4991 ἡ
2874 4924 2961 4976 ἐπ’
2986 4924 3133 4994 αὑτῷ
3167 4925 3519 4994 λυπουμένων
3553 4924 3640 4977 διὰ
3668 4925 3728 4976 τὸ
3772 4926 4072 4989 Σάϐϐατον,

2487 5011 2583 5064 καὶ
2608 5011 2695 5064 διά
2716 5007 2871 5064 τοῦτο
2899 5011 3181 5080 φονώντων
3212 5013 3353 5065 κατά
3372 5012 3465 5065 τοῦ
3494 5012 3660 5084 μηδὲν
3690 5014 4070 5085 ἀδικήσαντος,

2489 5102 2605 5166 πῶς
2649 5102 2709 5154 οὐ
2744 5102 2863 5157 λίαν
2903 5105 3020 5156 ἐστὶ
3062 5106 3175 5167 τοῖς
3221 5104 3320 5175 μέν
3352 5104 3516 5167 θείοις
3549 5104 3826 5175 ἀπᾴδουσα
3889 5108 4069 5177 νόμοις

2489 5192 2820 5264 (γέγραπται
2871 5193 3019 5262 γάρ*
3064 5212 3081 5245 ι
3136 5193 3339 5246 Ἀθῶον
3383 5194 3477 5246 καὶ
3523 5192 3728 5246 δίκαιον
3785 5194 3887 5247 οὐκ
3938 5198 4072 5248 ἀπο.

2486 5287 2692 5346 κτενεῖς
2722 5285 2790 5351 ι),
2840 5284 2897 5351 ἐξ
2942 5282 3221 5355 ὠμότητος
3267 5285 3322 5337 δέ
3373 5284 3569 5353 μᾶλλον
3598 5284 3697 5353 τῆς
3742 5284 3836 5337 ἀπ’
3868 5286 4066 5351 αὐτῶν,

2487 5372 2581 5425 καὶ
2616 5373 2716 5426 οὐκ
2749 5374 2811 5426 ἐκ
2844 5372 2950 5426 τῶν
2984 5375 3143 5443 ίερῶν
3170 5373 3458 5445 ηὑρημένη
3488 5373 3867 5443 Γραμμάτωνς
3903 5377 4067 5446 Δέχου

2488 5462 2665 5515 τοίνυν
2692 5450 2789 5516 τὸν
2821 5465 2914 5517 ἐπὶ
2948 5463 3157 5528 τούτοις
3192 5466 3308 5537 μετ’
3333 5466 3623 5535 ἐμφάσεώς
3668 5482 3812 5530 τινος
3840 5465 4069 5535 λέγοντα

2487 5556 2578 5608 τὸν
2618 5556 2823 5625 Ἰησοῦν
2868 5558 3003 5627 πρὸς
3050 5560 3174 5621 τοὺς
3227 5557 3313 5627 ἐφ’
3361 5553 3442 5620 οἷς
3492 5558 3771 5629 εὐεργετεῖ
3810 5558 4067 5628 χαλεπαίι

2490 5662 2699 5713 νοντας,
2735 5647 2830 5701 καὶ
2862 5650 2972 5712 τοῖς
3008 5647 3105 5718 μὲν
3138 5649 3305 5712 ὁσίοις
3334 5648 3497 5703 αὑτοῦ
3538 5650 3801 5720 κρίμασιν
3840 5648 4067 5716 intenti;

878 5810 925 5844 "
968 5811 1128 5871 llebr.
1166 5835 1239 5886 ιι,
1278 5821 1363 5879 16.
1441 5824 1563 5857 ⁷⁵³⁸
1596 5821 1831 5896 Philipp.
1858 5840 1929 5892 -ιι,
1960 5824 2028 5891 7;
2069 5824 2244 5879 Galat.
2281 5839 2353 5889 tv,

2517 5826 2559 5858 ⁷⁷
2600 5825 2768 5881 Exod.
2804 5842 2955 5895 mu,
2997 5828 3067 5893 7;
3105 5828 3241 5882 Dan.
3279 5844 3397 5895 xui,
3432 5828 3521 5883 55.
