4206 6510
205 421 317 479 383

1263 420 1326 471 Ν
1361 419 1642 475 JOANNlS
1687 419 2126 478 EVANGELIUM
2164 423 2290 478 LIB.
2336 425 2398 479 Π.

3355 435 3455 491 594

210 559 464 604 πτοντας,
510 539 933 602 ἀκολουθοῦντας
977 540 1031 592 δὲ
1071 538 1250 608 μόνοις
1279 542 1390 601 τοῖς
1425 540 1652 602 έαυτῶν,
1697 539 1784 592 καὶ

1895 541 1944 594 in
1998 542 2228 610 judicio,
2278 544 2538 614 quoniam
2589 542 2857 612 judicium
2909 544 3001 600 Dei
3053 554 3137 601 est
3183 548 3244 602 ⁷⁸.
3292 567 3310 599 ο
3349 551 3454 604 Cur

209 634 272 685 τὸ
301 633 460 697 δόξαν
487 631 628 702 ἔχειν
657 632 831 703 ὀρθῶς
858 633 1019 701 νόμον
1060 631 1247 702 ὥσπερ
1278 630 1648 701 ὁριζομένους.
1686 632 1787 685 κᾶν

210 725 394 796 ἀπᾴδῃ
421 724 500 792 τῷ
525 725 692 794 νόμῳ·
739 743 756 775 ι
807 723 882 776 Οὐ
907 723 1139 793 δύναμαι
1169 721 1279 791 ἐγὼ
1304 725 1473 775 ποιεῖν
1499 724 1593 777 ἀπ’
1618 725 1788 793 ἐμαυ-

207 816 307 868 τοῦ
336 817 510 879 οὐδὲν,
559 834 577 866 ι
627 815 747 868 ἀντὶ
793 815 910 879 τοῦ,
947 815 1134 868 Πάντα
1174 813 1317 867 κατά
1347 814 1511 884 νόμον
1541 815 1785 883 πράττω,

207 908 300 960 τον
326 907 614 977 ὁρισθέντα
643 906 732 960 διὰ
755 907 1022 970 Μωσέως,
1056 905 1203 958 οὐδὲν
1223 907 1319 958 ἀπ’
1351 905 1589 975 ἐμαυτοῦ
1616 907 1788 958 ποιεῖν

206 998 496 1068 ἀνέχομαι,
544 1017 563 1049 ι
588 997 769 1060 καθὼς
815 997 1016 1061 ἀκούω,
1049 998 1236 1068 κρίνω.
1276 1014 1294 1048 ι
1348 995 1412 1047 Τί
1439 995 1547 1064 γάρ
1569 998 1597 1048 ό
1628 996 1787 1066 νόμος

208 1089 460 1158 βούλεται
481 1106 495 1154 ;
521 1108 538 1140 ι
566 1091 638 1143 Οὺ
663 1089 811 1162 λήψῃ
834 1089 1125 1159 πρόσωπον
1150 1088 1207 1141 ἐν
1229 1087 1427 1159 κρίσει,
1450 1088 1532 1140 ὅτι
1557 1089 1588 1158 ἡ
1608 1088 1788 1158 κρίσις

205 1182 302 1235 τοῦ
328 1182 463 1236 Θεοῦ
493 1185 631 1236 ὲστι.
663 1203 682 1234 υ
725 1182 791 1234 Τί
827 1181 921 1234 νῦν
949 1182 1073 1249 ἐμοὶ
1107 1179 1319 1249 χολᾶτε,
1352 1179 1538 1250 φησὶν,
1563 1179 1642 1232 ὃτι
1668 1181 1788 1233 ὅλον

203 1272 494 1343 ἄνθρωπον
517 1273 644 1341 ὑγιῆ
675 1271 904 1340 ἐποίησα
933 1271 990 1322 ὲν
1022 1269 1306 1339 Σαϐϐάτῳ,
1335 1269 1538 1323 Μωσέα
1566 1270 1637 1339 μὴ
1669 1271 1790 1340 κρίο

203 1379 408 1426 νοντες,
441 1363 532 1416 καὶ
554 1364 611 1415 ὲν
635 1361 898 1429 Σαϐϐάτῳ
927 1360 1353 1429 περιτέμνεσθαι
1381 1360 1492 1413 δεῖν
1519 1361 1585 1412 τὰ
1615 1361 1788 1431 βρέφη

203 1451 632 1524 διαταξάμενονς
689 1472 707 1505 ι
737 1452 830 1523 Μὴ
876 1451 1091 1522 κρίνετε
1143 1453 1264 1505 κατ’
1319 1451 1461 1519 ὄψιν,
1512 1450 1648 1505 ἀλλὰ
1690 1452 1789 1520 τὴν

205 1541 421 1604 δικαίαν
447 1544 626 1614 κρίσιν
655 1543 888 1613 κρίνετε.
918 1558 937 1592 ι
984 1541 1044 1593 Ei
1073 1540 1374 1611 περιτομὴν
1400 1541 1665 1611 λαμϐάνει
1697 1542 1788 1594 ἄν·

204 1633 424 1704 θρωπος
461 1637 518 1689 ὲν
552 1634 836 1703 Σαϐϐάτῳ,
869 1633 956 1686 ἵνα
985 1633 1059 1702 μὴ
1092 1631 1225 1703 λυθῇ
1260 1635 1288 1684 6
1319 1633 1480 1701 νόμος
1524 1632 1784 1696 Μωσέως,

201 1724 624 1795 ἀπερισκέπτως
683 1723 977 1794 ἀσχάλλετε
1032 1720 1502 1792 τεθεραπευμένον
1561 1724 1680 1776 ὅλον
1729 1723 1786 1776 ἐν

1889 632 2016 683 mihi
2077 646 2227 686 nunc
2256 633 2441 702 itaque
2491 637 2850 699 succensetis,
2887 635 3086 706 inquit,
3123 637 3250 706 quia
3286 646 3458 694 totum

1889 723 2050 793 242
2099 723 2373 778 hominem
2422 727 2474 779 in
2527 725 2770 781 Sabbato
2812 729 3020 794 curavi,
3059 743 3182 783 cum
3217 728 3458 800 Moysem

1889 830 1995 868 non
2049 816 2464 885 reprehendatis
2519 819 2611 888 qui
2667 819 2834 888 jussit
2887 820 3126 875 infantes
3183 821 3347 877 etiam
3405 822 3460 875 in

1890 905 2130 961 Sahbato
2174 907 2529 962 circumcidi?
2567 929 2583 959 ι
2623 909 2802 965 Nolite
2858 910 3107 979 judicare
3154 913 3458 967 secundum

1890 994 2115 1060 faelem,
2153 997 2483 1068 sedjustum
2512 1001 2778 1070 judicium
2834 1002 3158 1072 judicate“.
3201 1025 3217 1056 ι
3257 1004 3312 1059 Si
3348 1005 3462 1059 cir-

1890 1089 2220 1143 cumciditur
2253 1091 2416 1145 homo
2456 1091 2509 1144 iu
2545 1091 2806 1156 Sabbato,
2839 1110 2906 1148 ne
2942 1093 3180 1149 Mosaica
3230 1096 3313 1150 lex
3347 1098 3460 1151 sol-

1891 1191 2069 1243 vatur,
2096 1191 2302 1238 temere
2342 1184 2768 1250 evcandescitis,
2796 1188 2938 1254 quod
2975 1195 3150 1241 totum
3184 1187 3460 1243 hominem

1893 1270 1945 1325 in
1980 1273 2220 1328 Sabbato
2255 1285 2504 1330 curatum
2538 1277 2792 1331 videatis.
2820 1276 3160 1348 Quapropter
3193 1279 3464 1351 egojuste

1890 1363 2106 1431 quidem
2132 1366 2398 1433 jndicavi,
2433 1381 2528 1420 vos
2553 1383 2682 1422 vero
2708 1384 2816 1422 non
2853 1372 2981 1423 item
3013 1384 3026 1422 :
3056 1371 3235 1423 omnia
3261 1373 3464 1441 quippe

1890 1468 1919 1506 a
1946 1455 2100 1509 vobis
2126 1448 2327 1510 facitis.
2373 1477 2389 1506 ι
2430 1456 2540 1526 Ego
2572 1473 2679 1511 non
2713 1475 2935 1529 possum
2974 1475 3002 1513 a
3040 1462 3249 1530 meipso
3285 1460 3464 1517 facere

1891 1544 2192 1614 quidquam
2232 1566 2243 1598 :
2281 1548 2418 1602 sicut
2454 1548 2617 1603 audio
2645 1549 2858 1617 judico,
2890 1560 2943 1605 et
2967 1551 3234 1618 judicium
3280 1568 3463 1608 meum

1887 1629 2094 1697 justum
2152 1639 2234 1684 est
2287 1634 2404 1687 Non
2468 1636 2614 1689 enim
2651 1652 2837 1705 quaero
2884 1639 3216 1694 voluntatem
3263 1655 3459 1696 meam

1891 1720 2054 1774 sicuti
2087 1737 2202 1786 vos,
2223 1723 2318 1778 sed
2351 1725 2471 1792 ejus
2499 1743 2590 1795 qui
2628 1729 2773 1782 misit
2807 1743 2892 1783 me
2925 1727 3156 1784 Patris.»
3198 1732 3332 1796 Quis
3366 1746 3464 1784 au-

201 1816 469 1886 Σαϐϐάτῳ
496 1815 778 1886 θεώμενοι.
811 1811 1020 1866 Οὐκοῦν
1048 1811 1158 1880 ἐγὼ
1199 1813 1294 1882 μὲν
1327 1813 1516 1884 ἔκρινα
1536 1814 1782 1877 δικαίως,

1891 1819 1994 1864 tem
2048 1813 2243 1868 modus
2274 1814 2578 1880 missionis,
2608 1824 2662 1870 et
2703 1832 2821 1886 qua:
2853 1818 2994 1872 ratio
3029 1821 3100 1872 sit
3133 1833 3230 1872 cur
3263 1820 3466 1873 missus

199 1910 361 1976 υμεῖς
407 1909 462 1961 δὲ
507 1907 689 1960 οὐκέτι
785 1906 961 1959 πάντα
1016 1904 1123 1977 γὰρ
1171 1906 1262 1973 ἀφ’
1303 1906 1513 1958 ἑαυτῶν
1557 1908 1778 1958 ποιεῖτε.

205 2021 221 2049 ι
259 1999 403 2068 Ἐγὼ
437 1999 498 2052 οὐ
527 1999 761 2069 δύναμαι
794 1999 966 2051 ποιεῖν
995 1998 1090 2050 ἀπ’
1119 1995 1358 2065 ἐμαυτοῦ
1389 1995 1566 2048 οὐδέν·
1601 1993 1779 2058 καθὼς

198 2091 420 2157 ἀκούω,
458 2090 648 2162 κρίνω,
701 2091 795 2142 καὶ
841 2091 874 2158 ἠ
925 2088 1107 2159 γρίσις
1148 2090 1180 2157 ἡ
1225 2085 1332 2156 ἐμὴ
1379 2085 1560 2142 δικαία
1606 2086 1775 2140 ἐστίν.

197 2186 275 2237 Οὐ
310 2183 418 2255 γάρ
445 2183 591 2252 ζητὼ
615 2183 674 2236 τὸ
709 2182 841 2252 ἐμὸν
866 2181 1098 2252 θέλημα,
1145 2179 1396 2249 καθάπερ
1431 2180 1610 2248 ὑμεῖς,
1648 2177 1785 2232 ἀλλὰ

1887 1901 2121 1963 dicatur,
2147 1919 2270 1957 cum
2304 1904 2551 1972 pluribus
2580 1913 2738 1960 antea
2769 1907 3086 1972 dixerimus,
3121 1909 3209 1962 hic
3244 1917 3462 1978 printer—

1889 1995 2202 2057 mittemus;
2233 2005 2608 2050 verumtamen
2635 1996 3034 2051 observandum
3063 1997 3148 2054 est
3171 2000 3462 2068 imprimis,

1887 2082 1984 2137 Dei
2013 2098 2075 2137 ac
2123 2083 2301 2140 Patris
2339 2086 2618 2142 voluntate
2669 2087 2841 2157 legem
2891 2089 2983 2143 hic
3029 2090 3098 2144 ab
3133 2105 3198 2144 eo
3252 2089 3463 2160 signiﬁ-

1891 2190 2026 2230 carl.

197 2280 257 2333 τὸ
295 2279 391 2333 τοῦ
426 2277 741 2349 πέμψαντός
774 2295 842 2345 με
874 2275 1108 2345 Πατρός.
1147 2295 1163 2326 ι
1210 2275 1303 2336 Τίς
1338 2274 1396 2327 δὲ
1435 2276 1464 2325 ὁ
1512 2274 1712 2341 τρόπος
1755 2273 1852 2343 τῆς
1893 2272 2217 2341 ἀποστολῆς,
2273 2275 2368 2326 καὶ
2399 2275 2428 2325 ὁ
2456 2275 2548 2328 τοῦ
2581 2275 2896 2347 πεπέμφθαι
2943 2277 3122 2346 λόγος,
3145 2278 3230 2332 διὰ
3261 2279 3474 2334 πολλῶν
3514 2274 3516 2276 ⁷

196 2370 298 2441 ἤδη
332 2369 597 2440 πρότερον
643 2369 946 2439 εἰρηκότες,
989 2366 1050 2419 τὸ
1083 2367 1261 2434 λέγειν
1295 2365 1373 2418 ἔτι
1423 2366 1549 2436 περὶ
1583 2364 1784 2418 τούτων
1820 2367 2159 2436 παρήσομεν.
2207 2364 2351 2436 Πλὴν
2385 2369 2559 2420 έκεῖνο
2588 2370 2873 2438 χρησίμως
2942 2370 3320 2441 ὲπιτηρητέον,
3387 2373 3467 2428 ὅτι

201 2464 423 2532 θέλημα
454 2461 546 2514 τοῦ
575 2460 710 2514 Θεοῦ
741 2462 834 2515 καὶ
863 2460 1073 2530 [ἰατρὸς
1103 2460 1194 2512 τὸν
1235 2459 1398 2528 νόμον
1431 2453 1570 2511 εἶναί
1605 2475 1787 2529 φησιν.

280 2556 422 2609 Ἐὰν
456 2554 572 2625 ἐγὼ
602 2554 881 2624 μαρτυρῶ
925 2556 1057 2621 περὶ
1085 2551 1372 2622 ἐμαυτοῦ,
1414 2551 1453 2618 ἠ
1493 2553 1786 2621 μαρτυρία

192 2666 312 2717 μου
345 2651 455 2702 οὐκ
478 2649 648 2702 ἔστιν
667 2647 922 2715 ἀληθής.
958 2649 1174 2710 ’Ἄλλος
1208 2645 1378 2698 ἐστίν
1409 2649 1441 2699 ὀ
1469 2644 1788 2714 μαρτιιοῶν

196 2740 332 2807 περὶ
365 2739 533 2808 ἐμοῦ,
566 2739 665 2793 καί
700 2736 836 2793 οῖδα
861 2739 949 2791 ὅτι
973 2737 1204 2804 ἀληθής
1229 2737 1406 2795 ἐστιν
1433 2741 1471 2808 ἡ
1492 2738 1785 2807 μαρτυρία

195 2828 275 2895 ἢν
307 2830 598 2898 μαρτυρεῖ
635 2829 776 2908 περὶ.
799 2830 964 2898 ἐμοῦ.

283 2923 340 2973 ὐ
376 2923 682 2989 σοφώτατος
732 2920 1006 2992 Σολομὼν,
1054 2920 1122 2973 τά
1152 2922 1235 2990 ἐφ’
1267 2915 1459 2990 οἷσπερ
1493 2921 1556 2974 ἄν
1581 2937 1661 2983 τις
1691 2919 1785 2972 καὶ

201 3012 350 3082 μάλα
397 3012 621 3076 εἰκότως
654 3011 1085 3082 ὲπισεμνύνοιτο,
1143 3013 1236 3066 καὶ
1286 3011 1645 3079 ἀξιοζήλωτον
1693 3011 1783 3062 τὸν

1964 2543 2136 2609 Ϋ,51,
2161 2543 2252 2598 52.
2279 2543 2337 2599 Si
2359 2561 2452 2616 ego
2486 2547 2842 2600 testimonium
2865 2546 3106 2616 perhibeo
3139 2546 3202 2601 de
3239 2549 3464 2615 meipso.

1894 2638 2253 2693 testimonium
2288 2655 2457 2691 meum
2495 2655 2597 2692 non
2626 2648 2702 2693 est
2736 2656 2935 2694 verum.
2960 2639 3110 2692 Alius
3148 2649 3225 2693 est
3256 2641 3344 2709 qui
3394 2650 3460 2694 te-

1893 2729 2200 2784 stimonium
2247 2729 2478 2796 perhibet
2530 2729 2593 2782 de
2623 2746 2703 2782 me
2734 2747 2750 2782 :
2784 2742 2832 2783 et
2857 2733 2966 2784 scio
3004 2731 3129 2798 quia
3177 2747 3353 2784 verum
3391 2742 3466 2786 est

1894 2821 2249 2876 testimonium
2279 2820 2415 2889 quod
2452 2820 2683 2889 perhibet
2704 2823 2768 2876 de
2800 2839 2898 2876 me.

1963 2912 2419 2982 Sapientissimus
2456 2912 2743 2978 Salomon,
2765 2929 2828 2969 ea
2862 2915 3127 2985 colligens
3160 2933 3224 2973 ex
3266 2920 3466 2990 quibus

1890 3002 2105 3056 laudem
2142 3002 2245 3056 sibi
2298 3002 2533 3071 quisque
2567 3018 2763 3071 parare
2812 3013 2864 3056 et
2913 3019 3095 3058 mores
3145 3023 3278 3063 suos
3321 3019 3469 3064 recte

197 3106 399 3156 οἰκεῖον
446 3104 734 3171 ἀποφαίνει
788 3104 1022 3174 τρόπον,
1077 3103 1350 3170 συλλέγων
1422 3119 1480 3153 τε
1528 3101 1644 3171 ἅμα
1695 3102 1784 3154 καὶ

1890 3092 2278 3147 commendare
2324 3093 2520 3162 possit,
2564 3107 2736 3161 eaque
2793 3094 2952 3148 bonis
3009 3096 3074 3149 ad
3141 3097 3469 3155 discendum

198 3194 478 3263 προτιθεὶς
508 3196 618 3257 τοῖς
669 3195 1093 3265 ὲπιεικεστέροις
1137 3197 1216 3258 εἰς
1259 3193 1320 3244 τὸ
1357 3192 1548 3262 μαθεῖν
1577 3232 1590 3256 ,
1649 3210 1667 3242 ι
1698 3192 1786 3242 Δί-

195 3300 374 3346 καιος,
400 3284 553 3352 φησὶ,
581 3285 885 3354 κατήγορος
911 3286 1106 3338 ἑαυτοῦ
1137 3286 1196 3337 ὲν
1222 3281 1582 3353 πρωυολογίᾳ.
1619 3300 1637 3332 ι
1674 3282 1784 3335 Καὶ

195 3375 362 3427 πάλιν
398 3393 410 3406 ·
454 3394 471 3425 ‹
515 3375 942 3444 Ἐγκωμιαζέτω
977 3393 1036 3428 σε
1065 3378 1093 3428 6
1131 3377 1321 3438 πέλας,
1367 3375 1460 3427 καὶ
1500 3373 1658 3442 μὴτὸ
1694 3374 1783 3426 σὸν

195 3469 376 3536 στόμα
403 3486 416 3498 ·
466 3466 740 3539 ἀλλότριος
814 3470 908 3521 γαὶ
937 3469 1010 3538 μὴ
1037 3469 1103 3521 τά
1137 3470 1203 3523 σά
1230 3467 1402 3538 χείλη.
1430 3485 1448 3518 ι
1493 3465 1647 3518 Ἔστι
1677 3466 1782 3535 γάρ

192 3563 367 3623 ὅντως
399 3559 669 3629 φορτικὸν,
720 3560 812 3611 καὶ
861 3559 1048 3628 χρῆμα
1095 3561 1207 3622 τοῖς
1251 3558 1623 3629 ἀκροωμένοις
1655 3558 1780 3610 δυσ-

194 3652 584 3720 φορητότατον,
605 3649 665 3702 τὸ
691 3650 764 3720 μὴ
790 3649 876 3702 διά
888 3650 985 3718 τῆς
1009 3649 1210 3720 ἑτέρων
1235 3649 1572 3703 ἐπαινεῖσθαι
1600 3647 1785 3717 φωνῆς

190 3740 452 3810 ἐθελησαί
483 3757 651 3803 τινας,
682 3740 800 3793 ἀλλ”
826 3741 1035 3802 ἑαυτοῖς
1067 3740 1260 3810 ἀνέδην
1291 3742 1682 3810 ἐπιμαρτυρεῖν
1714 3741 1782 3793 τά

192 3832 461 3884 κάλλιστα
503 3831 594 3883 καὶ
639 3830 910 3901 ἐξαίρετα.
971 3831 1273 3884 Ἀπιστοίτο
1313 3830 1356 3882 δ’
1405 3830 1471 3884 ἂν
1503 3829 1722 3892 εἰκότως
1751 3833 1779 3883 ὁ

190 3920 438 3980 τοιοῦτος
470 3919 642 3985 λόγος.
676 3919 1009 3988 Πεφύκαμεν
1036 3917 1141 3988 γὰρ
1168 3919 1359 3988 ὥσπερ
1391 3919 1502 3971 τισὶ
1533 3921 1777 3986 φυσικοῖς

189 4028 250 4062 τε
291 4009 388 4062 καὶ
415 4010 733 4078 ἀναγκαίοις
772 4009 1053 4078 φιλαυτίας
1085 4009 1264 4072 ὁλκοῖς
1299 4008 1580 4062 καλεῖσθαι
1617 4025 1782 4061 σπου-

188 4102 359 4162 ὂκίως
410 4103 490 4163 είς
521 4101 606 4164 τὺ,
645 4099 845 4169 φαῦλον
880 4100 977 4169 μὲν
1013 4101 1223 4161 ἑαυτοῖς
1252 4100 1576 4168 ἐπιγράφειν
1610 4099 1778 4159 οὐδὲν,

189 4192 282 4243 ἀεὶ
314 4189 369 4241 δὲ
415 4189 770 4258 περιτιθέναι,
804 4189 898 4242 καὶ
939 4189 997 4241 οὐ
1041 4189 1255 4251 πάντως
1294 4187 1679 4257 ἀληθεύοντας,
1713 4187 1783 4239 τά

189 4280 278 4347 ἐφ’
302 4273 384 4340 οἷς
417 4278 480 4331 ἀν
509 4279 685 4347 οἱήταί
712 4296 792 4342 τις
837 4278 1062 4347 ὁρᾶσθαι
1095 4279 1318 4348 κόσμιός
1344 4296 1402 4330 τε
1438 4280 1532 4332 καὶ
1557 4277 1777 4340 ἀγαθός.

203 4370 428 4439 Ἐπειδὴ
483 4370 664 4422 τοίνυν
714 4373 742 4422 ό
798 4369 998 4437 Κύριος
1061 4369 1218 4440 ἡμῶν
1281 4369 1485 4438 Ἰησοῦς
1547 4369 1780 4441 Χριστὸς

191 4457 374 4528 ἐαυτῷ
399 4459 458 4511 τὸ
483 4459 550 4511 τὰ
577 4458 763 4511 δίκαια
791 4459 994 4529 κρίνειν
1015 4439 1398 4528 ἐπεψηφίζετο,
1426 4459 1500 4529 μὴ
1522 4439 1779 4512 δύνασθαί
1818 4439 1857 4491 υ

190 4567 239 4600 τι
271 4548 405 4617 δρᾷν
427 4549 516 4617 ἀφ’
539 4547 731 4600 ἑαυτοῦ
755 4548 1051 4619 διαρρήδην
1071 4548 1262 4610 είςιὼν,
1287 4551 1487 4604 κανόνα
1510 4551 1566 4604 δὲ
1592 4550 1778 4620 ὥσπερ

191 4638 282 4707 ἐφ’
331 4640 504 4693 ἆπασι
552 4641 666 4701 τοῖς
720 4639 1013 4710 πρακτέοις
1061 4640 1330 4692 ποιεῖσθαι
1377 4640 1475 4711 τὴν
1520 4640 1612 4692 τοῦ
1645 4641 1778 4692 Θεου

197 4730 480 4800 βούλησιν,
511 4731 606 4782 καὶ
645 4729 802 4782 τοῦτο
831 4731 1024 4796 λέγων,
1058 4731 1218 4794 αὐτὸς
1248 4733 1332 4798 ἐφ’
1365 4730 1542 4801 ἐαυτῷ
1571 4731 1779 4801 μάρτυς

194 4823 540 4892 εἰσϐἑὸηκεν,
583 4823 630 4874 εἰ
665 4823 760 4876 καὶ
799 4818 868 4892 ἦν
897 4821 1121 4891 ἀληθὴς,
1169 4823 1482 4889 ἀναγκαίως
1529 4823 1622 4875 καὶ
1683 4825 1781 4892 τῆς

193 4913 351 4982 παρὰ
393 4913 502 4964 τῶν
533 4911 837 4983 Φαρισαίων
878 4912 1249 4982 εὐρεσιλογίας
1289 4913 1601 4982 φροντίσας,
1643 4914 1778 4982 ὅπερ

191 5004 421 5075 ἔμελλον
448 5005 592 5075 ἐρειν
617 5003 1011 5075 ἀμαθαίνοντες
1037 5005 1118 5073 (οὐ
1143 5005 1249 5073 γὰρ
1273 5005 1467 5074 ᾔοεσάν
1497 5023 1614 5069 πως
1639 5005 1780 5058 κατά

190 5097 356 5166 φύσιν
379 5097 505 5149 ὄντα
531 5096 706 5159 Θεὸν),
725 5099 802 5160 είς
826 5098 987 5167 μέσον
1008 5097 1128 5164 ἄγει
1150 5096 1453 5168 προλαϐὼν,
1479 5097 1572 5150 καί
1594 5113 1776 5166 φησιν·

202 5187 411 5237 Tim“:
467 5184 530 5253 δὴ
582 5185 820 5248 πάδτως,
859 5188 978 5248 ταῖς
1042 5185 1150 5237 τῶν
1201 5185 1409 5237 πολλῶν
1473 5185 1781 5254 συνηθείαις

189 5277 476 5345 ἑπόμενοι,
503 5277 595 5328 καὶ
626 5276 722 5345 τὴν
759 5277 1032 5339 Ἰουδαίοις
1063 5277 1374 5346 πρέπουσαν
1401 5277 1653 5330 ὑπόνοιαν
1679 5278 1776 5328 οὐκ

186 5367 539 5430 ἐκϐαίνοντες
570 5384 582 5397 ⁸
629 5387 647 5419 ι
677 5369 748 5420 Σὺ
782 5369 910 5440 περὶ
942 5368 1168 5421 σεαυτοῦ
1200 5370 1494 5439 μαρτυρεῖς
1519 5385 1531 5397 ·
1570 5370 1602 5437 ἡ
1636 5386 1745 5438 μαρ

185 5458 352 5527 τυρία
376 5475 469 5509 σου
491 5458 589 5510 οὐκ
615 5458 761 5512 ἔστιν
784 5460 990 5530 ἀληθής
1020 5478 1024 5482 ·
1062 5479 1081 5510 ι
1121 5460 1255 5512 άλλά
1281 5459 1413 5530 πρὸς
1436 5458 1593 5512 τοῦτο
1618 5459 1778 5512 πάλιν

181 5547 612 5610 ἀντακούσεσθε,
645 5551 827 5618 φησίνο
876 5549 1183 5620 Ἀνέχομαι,
1233 5551 1386 5618 φησὶ,
1432 5549 1746 5618 δυσφημοόν

182 5657 296 5693 των
323 5639 426 5703 ἔτι,
461 5642 769 5708 χαλεπαίνω
799 5643 855 5695 δὲ
887 5642 1007 5695 λιαν
1035 5643 1310 5715 οὐδαμῶς,
1343 5643 1410 5695 τά
1443 5643 1502 5706 ἐξ
1533 5641 1774 5711 ἀμαθίας

265 5827 307 5862 ⁷⁸
352 5827 506 5882 Deut.
549 5845 658 5892 xvi,
699 5830 781 5884 l9.
857 5829 902 5862 "
945 5829 1102 5883 Deut.
1143 5846 1180 5892 ι,
1217 5830 1313 5884 lii:
1346 5830 1500 5885 Joan.
1530 5845 1626 5895 vn,
1664 5829 1752 5883 Ξὶιί.

1917 5827 2071 5882 Prov.
2113 5843 2262 5891 xviii,
2320 5829 2399 5882 l7.

483 5920 751 5979 Ρειτιιοι..
805 5922 927 5981 (iu.
978 5919 1227 5978 LXXIII

1889 3201 2204 3257 proponens
2249 3205 2262 3240 :
2301 3205 2318 3235 ι
2368 3184 2581 3250 Justus,
2612 3185 2806 3253 inquit,
2841 3200 2927 3241 sui
2970 3188 3142 3256 ipsius
3177 3204 3471 3246 accusator

1884 3288 1967 3334 est
1995 3280 2048 3331 in
2082 3292 2353 3346 princrpio
2386 3278 2657 3332 sermonis
2677 3275 2778 3332 ⁸ο.»
2809 3278 2938 3332 Item
2978 3297 2990 3333 :
3028 3298 3045 3331 ι
3076 3279 3280 3336 Laudet
3306 3290 3359 3336 te
3392 3286 3471 3337 vi-

1884 3371 2064 3432 cinus,
2119 3376 2173 3422 et
2228 3383 2337 3420 non
2389 3382 2452 3422 os
2506 3374 2660 3420 tuum
2697 3385 2708 3420 :
2742 3367 2976 3434 alienus,
3038 3379 3092 3423 et
3145 3385 3255 3424 non
3323 3371 3466 3426 labia

1883 3465 1976 3514 tua
1998 3459 2065 3510 εί.
2106 3477 2124 3508 ι
2161 3455 2359 3512 Gravis
2390 3456 2536 3510 enim
2567 3457 2816 3526 profecto
2848 3458 3216 3525 auditoribus,
3251 3476 3314 3517 ac
3343 3477 3466 3532 per-

1885 3551 2115 3605 molesta
2153 3565 2241 3604 res
2268 3557 2372 3612 est,
2399 3562 2522 3602 cum
2554 3563 2612 3602 se
2643 3548 2864 3618 quidam
2901 3551 3137 3605 aliorum
3166 3567 3300 3608 voce
3352 3555 3468 3606 lau-

1885 3641 1998 3694 dari
2050 3641 2266 3704 nolunt,
2297 3639 2393 3694 sed
2447 3639 2646 3692 eximia
2693 3655 2927 3709 qumque
2967 3642 3313 3710 impudenter
3363 3643 3466 3699 sibi

1886 3739 2145 3799 arrogant
2209 3729 2312 3784 Sed
2352 3729 2535 3782 minus
2567 3744 2691 3782 vera
2721 3729 2893 3784 videri
2919 3740 3112 3800 ,potest
3146 3733 3460 3788 istiusmodi

1882 3821 2081 3876 oratio.
2131 3818 2384 3873 Solemus
2431 3819 2575 3873 enim
2634 3819 2981 3874 naturalibus
3035 3836 3100 3874 ac
3136 3825 3466 3876 necessariis

1882 3912 2050 3968 veluti
2080 3910 2409 3980 quibusdam
2442 3911 2649 3979 proprii
2707 3912 2913 3965 amoris
2945 3913 3172 3965 funibus
3205 3914 3370 3974 trahi,
3406 3924 3466 3966 ut

1885 4003 2019 4055 nihil
2054 4002 2204 4070 pravi
2241 4000 2399 4054 nobis
2452 3999 2731 4052 ascribere
2761 4001 3016 4061 velimus,
3045 4001 3138 4053 sed
3171 4017 3232 4056 ea
3282 4003 3464 4071 potius

1883 4093 2134 4161 quamvis
2157 4092 2293 4146 falso
2314 4105 2632 4160 arrogemus
2656 4091 2856 4160 quibus
2876 4091 3032 4161 probi
3053 4092 3382 4162 honestique
3396 4096 3466 4146 vi-

1883 4185 2134 4238 deamur.
2159 4183 2429 4248 Quoniam
2453 4197 2584 4251 ergo
2603 4181 2871 4237 Dominus
2901 4191 3088 4237 noster
3107 4183 3268 4238 Jesus
3315 4184 3468 4238 Chri-

1885 4284 2002 4329 stus
2037 4275 2246 4343 justum
2268 4273 2540 4341 judicium
2561 4272 2666 4325 sibi
2698 4273 3113 4354 tribt'iit,aper}e
3135 4275 3322 4329 dicens
3354 4291 3462 4330 non

1886 4381 2046 4436 posse
2097 4380 2125 4417 a
2178 4365 2361 4434 scipso
2413 4364 2593 4419 facere
2625 4366 2946 4434 quidquam,
2979 4367 3070 4421 sed
3115 4367 3170 4420 in
3207 4368 3465 4424 omnibus

1887 4460 2048 4513 rebus
2090 4456 2318 4528 agendis
2361 4456 2454 4511 Dei
2506 4459 2845 4513 voluntatem
2901 4467 3159 4528 tanquam
3217 4463 3462 4532 regulam

1887 4550 1988 4603 sibi
2031 4563 2371 4618 proponere;
2401 4557 2453 4604 et
2494 4565 2615 4602 cum
2649 4549 2750 4604 hoc
2781 4549 3004 4614 diceret,
3039 4551 3154 4620 ipse
3181 4552 3247 4606 de
3281 4554 3463 4620 Seipso

1886 4639 2262 4694 testiinonium
2307 4639 2450 4701 iniit,
2481 4640 2696 4694 tametsi
2744 4655 2906 4695 verax
2941 4650 3078 4706 erat,
3117 4644 3462 4712 prospiciens

1887 4741 2066 4784 tamen
2116 4730 2246 4800 quid
2305 4731 2456 4785 stulti
2510 4729 2774 4784 Pharisaﬂ
2825 4732 3083 4801 nugaturi
3124 4742 3332 4797 essent,
3364 4750 3462 4787 nec

1888 4823 2032 4876 enim
2067 4829 2334 4876 nuverant
2363 4821 2541 4890 ipsum
2575 4837 2695 4876 esse
2731 4829 2927 4874 natura
2956 4821 3146 4886 Deum,
3168 4826 3463 4878 antevertit

1886 4929 1982 4968 cos
2013 4921 2066 4968 et
2100 4914 2176 4966 ait
2210 4931 2220 4964 :
2263 4912 2460 4967 Dicetis
2502 4920 2690 4980 utique
2721 4911 2881 4982 243
2914 4913 3055 4982 vulgi
3107 4915 3464 4967 consuetudi-

1889 5020 2010 5058 nem
2035 5005 2205 5059 secuti
2251 5019 2348 5058 nec
2375 5004 2516 5056 ultra
2544 5003 2852 5057 Judaaorum
2876 5005 3219 5073 suspiciones
3242 5006 3413 5059 evecti
3446 5025 3458 5058 :

1895 5114 1912 5145 ι
1951 5094 2030 5146 Tu
2075 5094 2140 5148 de
2185 5093 2364 5162 teipso
2416 5093 2683 5148 testaris:
2720 5094 3100 5149 testimonium
3150 5103 3306 5148 tuum
3352 5112 3460 5149 non

1887 5195 1970 5241 est
1999 5200 2222 5250 verum;
2263 5203 2278 5234 ι
2315 5183 2409 5239 sed
2442 5185 2682 5240 vicissim
2729 5186 2984 5245 audietis,
3018 5189 3230 5254 inquit:
3271 5185 3460 5240 Vestra

1887 5275 2178 5329 maledicta
2224 5275 2425 5343 patior,
2473 5277 2668 5345 inquit,
2717 5291 2817 5330 nec
2855 5291 3160 5331 succenseo
3196 5278 3351 5332 vobis
3390 5279 3460 5332 oh

1885 5381 1948 5419 ea
1977 5365 2140 5418 verba
2175 5381 2295 5434 qua:
2326 5381 2434 5435 pra:
2484 5365 2738 5419 faniiliari
2773 5376 2950 5419 vestra
2995 5366 3258 5420 eructatis
3293 5367 3457 5422 insci-

1887 5457 1980 5508 tia.
2017 5456 2278 5524 Suppono
2323 5465 2472 5511 recte
2519 5458 2620 5510 hoc
2679 5475 2706 5511 ιι
2761 5459 2915 5511 vobis
2944 5459 3074 5513 dici.
3108 5457 3270 5518 Esto;
3299 5475 3452 5529 repu-

1885 5547 2031 5602 diate
2087 5564 2266 5601 meum
2326 5549 2705 5604 testimonium
2747 5551 2929 5605 :alius
2978 5560 3063 5604 est
3115 5552 3209 5621 qui
3255 5552 3323 5606 de
3373 5567 3456 5606 rue

1886 5648 2138 5696 testatur.
2177 5639 2462 5710 Signiﬁcat
2495 5652 2676 5695 autem
2708 5640 2794 5695 his
2838 5641 3020 5696 verbis
3055 5641 3218 5696 Deum
3267 5655 3330 5696 ac
3359 5639 3450 5695 Pa.

2483 5830 2521 5861 ⁸⁸
2564 5828 2723 5883 Prov.
2759 5845 2901 5884 xxvii
2929 5871 2940 5890 ,
2973 5828 3026 5880 ἓ.

3058 5918 3126 5978 13
