4206 6510
206 404 316 461 597

1228 408 1300 462 ἸΝ
1331 409 1617 466 ῙΟΑΝΝΙΒ
1660 409 2114 469 EVANGELIUM
2152 410 2278 466 LIB.
2317 412 2380 467 li.

3353 412 3457 468 398

208 520 407 573 ἑαυτοῦ
440 521 547 574 τῶν
572 521 786 575 ἀτόπων
814 520 1162 593 ἐργάζεσθαι,
1190 524 1283 577 τοῦ
1309 524 1502 594 χρῆναι
1534 525 1785 577 πιστεύε-

1900 532 2093 596 gasset,
2118 540 2280 595 quem
2312 525 2537 581 miserat
2566 531 2626 578 ut
2654 523 2952 579 clamaret:
3007 544 3024 577 ι
3067 523 3265 580 Parate
3314 524 3455 579 viam

210 612 337 665 σθαι
363 613 689 684 παραλόγως
713 612 1010 682 ἐκπέμπων
1056 613 1115 666 ὃν
1146 615 1327 677 αὐτοῖς
1360 614 1572 685 ἔπεμψε
1615 615 1741 687 βοᾷν
1763 634 1776 646 ο

212 724 231 755 ι
268 704 624 773 Ἑτοιμάσατε
673 704 770 773 τὴν
810 704 926 757 ὁδὸν
964 705 1193 772 Κυρίου,
1218 706 1430 768 εὐθείας
1459 710 1659 759 ποιεῖτε
1687 709 1784 771 τὰς

207 796 429 865 τρίϐους
456 794 550 847 τοῦ
586 793 720 846 Θεοῦ
747 794 921 864 ήμῶψ
957 813 975 845 ι
1026 795 1139 847 ἀλλ’
1174 796 1248 858 ὡς
1279 795 1499 867 ἀμέτρῳ
1523 797 1784 867 δυσηκοῒᾳ

205 885 318 937 τῶν
360 885 631 937 Ἰουδαίων
659 884 983 954 μαχόμενος,
1018 885 1111 937 ἐπὶ
1140 884 1207 938 τὰ
1239 885 1410 952 μείζω
1438 904 1495 938 τε
1524 888 1615 939 καὶ
1640 887 1787 952 ἀξιο-

206 974 487 1047 λογώτερα
532 980 734 1048 χωρεῖ,
778 979 876 1030 οὑκ
908 978 1219 1046 ἀναγκαίως
1254 980 1351 1047 μὲν
1398 980 1457 1044 ἐξ
1500 979 1787 1051 ἀνθρώπου

207 1068 395 1135 φωνῆς
448 1067 545 1138 τὴν
592 1069 677 1135 ἐφ’
712 1068 889 1138 ἑαυτῷ
937 1068 1189 1139 δέχεσθαι
1239 1070 1545 1140 μαρτυρίαν
1594 1069 1785 1134 εἰπὼν,

205 1160 412 1227 μᾶλλον
449 1158 507 1211 δὲ
557 1159 666 1212 ἀπὸ
713 1160 811 1229 τῆς
856 1159 1173 1230 πρεπούσης
1219 1160 1467 1225 ἐξουσίας
1514 1160 1591 1231 τῷ
1645 1162 1787 1217 κατὰ

205 1250 376 1318 φύσιν
424 1250 539 1303 ὄντι
594 1250 733 1321 Θεῷ,
785 1253 880 1304 καὶ
924 1251 1031 1304 ἀπὸ
1061 1252 1158 1321 τῆς
1189 1253 1246 1303 ἐν
1279 1254 1397 1315 ταῖς
1439 1252 1789 1323 θεοσημείαις

202 1342 506 1411 ὑπεροχῆς,
551 1341 933 1412 λαμπροτέραν
979 1342 1310 1413 ποιήσασθαι
1356 1344 1455 1413 τὴν
1494 1344 1785 1409 ἀπόδειξιν.

214 1431 540 1503 ’Δνθρὼπου
590 1434 688 1503 μὲν
733 1434 842 1503 γὰρ
875 1433 987 1486 ἔσθ’
1023 1435 1110 1488 ὅτε
1148 1438 1581 1507 παρακρούσαιτ’
1610 1437 1675 1491 ἄν
1707 1455 1790 1502 τις

204 1526 416 1597 φωνὴν,
444 1527 519 1589 ὼς
546 1528 644 1579 οὑκ
667 1528 1057 1598 ἀληθεύουσαν,
1087 1531 1134 1583 εί
1162 1530 1253 1583 καί
1280 1547 1364 1592 τις
1393 1531 1475 1600 εἴη
1500 1531 1660 1600 τυχὸν
1681 1531 1791 1584 τῶν

206 1620 267 1671 ὲν
318 1619 497 1687 ἁγίοις
546 1621 1062 1691 κατατεταγμένων.
1128 1624 1193 1675 ὐ
1242 1622 1307 1692 δὴ
1366 1625 1459 1676 καὶ
1505 1626 1677 1677 ποιεῖν
1728 1625 1789 1677 οὑ

203 1710 600 1773 κατοκνοῦντές
630 1728 795 1777 τινες,
826 1714 937 1775 τοῖς
966 1711 1075 1765 τῶν
1106 1712 1401 1782 προφητῶν
1426 1713 1791 1785 ἀντέπραττον

142 1862 143 1865 η
203 1799 408 1867 λόγοις,
449 1800 617 1853 ’Ἀλλα
646 1801 776 1870 ἡμῖν
808 1800 1038 1864 λαλεῖτε,
1091 1800 1340 1870 βοῶντες,
1384 1803 1479 1855 καὶ
1524 1803 1792 1872 ἀναγγέλο

203 1890 327 1943 λετε
373 1892 504 1961 ἡμῖν
546 1892 738 1962 ἑτέραν
785 1892 1071 1962 πλάνησιν.
1116 1895 1236 1946 Ἔτι
1283 1903 1344 1946 τέ
1391 1893 1526 1963 πρὸς
1560 1895 1789 1959 τούτοις,
1822 1870 1865 1924 Β

204 1981 302 2034 καὶ
333 1982 443 2033 τῶν
473 1981 533 2046 ἐξ
574 1981 984 2053 Ἰεροσολύμων,
1017 1984 1134 2055 ἤτοι
1161 1984 1259 2053 τῆς
1301 1984 1567 2038 Ἰουδαίων
1587 1984 1789 2055 χώρας,

200 2075 287 2137 εἰς
322 2073 422 2144 τὴν
451 2075 759 2143 Αἰγυπτίων
789 2076 1267 2145 καταπεφευγότες
1308 2076 1451 2140 τινὲς
1485 2078 1503 2147 (
1536 2077 1792 2149 Ἀζαρίας

201 2160 365 2235 δὲῆν
406 2166 521 2228 υίὸς
578 2166 759 2237 Ὠσηὲ,
808 2169 904 2220 καὶ
962 2167 1213 2237 Ἰωάννης
1264 2168 1377 2230 υίὸς
1427 2169 1639 2239 Καρηὲ,
1700 2168 1793 2221 καὶ

200 2258 412 2320 πάντες
445 2259 493 2310 oi.
540 2257 734 2329 ἄνδρες
769 2259 820 2311 οἱ
860 2260 1220 2330 ὑπερήφανοι,
1260 2258 1403 2313 καθά
1433 2260 1789 2331 γέγραπται),

196 2348 509 2420 διαρρήδην
552 2352 670 2413 ταῖς
713 2350 979 2420 Ἰερεμίου
1022 2352 1378 2423 προφητείαις
1417 2352 1791 2420 ἀπειθοῦντες,

201 2441 489 2510 ἔφασκονο
544 2443 780 2515 (Ψεύδῃ,
830 2444 930 2495 οὑκ
971 2444 1264 2497 ἀπέστειλέ
1308 2461 1368 2497 σε
1408 2446 1613 2517 Κύριος
1659 2447 1796 2516 πρὸς

202 2537 359 2605 ἡμᾶς
386 2536 561 2589 εἰπεῖν
584 2553 597 2565 ’
627 2535 718 2604 Μὴ
741 2536 1015 2605 εἰσέλθητε
1046 2539 1124 2599 εἰς
1144 2538 1440 2605 Αἴγυπτον.
1470 2555 1489 2588 ›
1535 2537 1601 2589 Ἦ
1626 2537 1681 2590 δὲ
1708 2538 1797 2592 διὰ

202 2623 321 2676 τῶν
348 2624 642 2694 θαυμάτων
673 2627 967 2690 ἀπόδειξις,
1016 2626 1174 2679 ποίαν
1204 2626 1270 2680 ἂν
1308 2628 1463 2681 λάϐοι
1505 2627 1602 2699 τὴν
1645 2630 1795 2682 ἀντι-

203 2712 441 2781 λογίαν;
499 2716 593 2767 καὶ
636 2716 698 2768 τὸ
729 2718 838 2779 τοῖς
877 2715 973 2769 τοῦ
1007 2716 1141 2769 Θεοῦ
1172 2719 1266 2772 καὶ
1299 2719 1509 2789 Πατρδς
1555 2721 1796 2791 ἐπιμαρ-

200 2804 490 2875 τυρεῖσθαι
513 2805 969 2878 πλεονεκτήμασι,
1003 2810 1155 2861 ποῖον
1181 2809 1262 2862 ἐτι
1290 2809 1448 2863 δώσει
1477 2813 1588 2874 τοῖς
1619 2812 1797 2881 φιλεγ-

202 2896 447 2967 κλήμοσι
496 2898 597 2967 τῆς
644 2899 971 2971 δυστροπίας
1020 2901 1111 2955 τὸν
1153 2902 1396 2973 τρόπον;
1449 2904 1556 2957 Καὶ
1602 2904 1732 2973 γοῦν
1768 2908 1798 2959 ὁ

204 2987 376 3040 Naxo?
387 3006 415 3057 η
426 3005 524 3056 μος
542 2983 643 3059 (εἷς
664 2990 721 3043 δὲ
737 2985 804 3061 ἦν
821 2984 976 3054 οὗτος
992 2991 1101 3045 τῶν
1125 2995 1254 3063 παρ’
1280 2994 1511 3058 ἐκείνοις
1542 2994 1795 3066 καθηγη-

203 3075 343 3140 τῶν,
372 3080 463 3130 καὶ
491 3079 547 3130 ὲν
578 3081 687 3142 τοῖς
708 3079 769 3131 τὸ
791 3079 975 3149 ἄρχειν
1008 3080 1233 3151 λαχοῦσι
1267 3083 1792 3153 κατατεταγμένος),

1892 614 2128 683 Domini,
2170 626 2349 670 rectas
2385 614 2549 671 facile
2592 616 2817 670 semitas
2853 614 2947 670 Dei
2978 616 3151 670 nostri
3179 616 3263 679 8‘;
3305 634 3324 666 ι
3365 616 3460 671 sed

1888 722 2143 777 pugnans
2169 722 2296 763 cum
2315 707 2692 763 obstinatione
2716 706 3052 771 Iudaeorum,
3072 705 3139 759 ad
3168 706 3379 775 majora
3408 717 3463 761 et

1887 799 2135 870 digniora
2166 801 2440 871 procedit,
2480 779 2792 871 asserit'que
2831 816 2939 854 non
2972 816 3038 855 ex
3073 815 3206 855 voce
3239 801 3460 869 quidem

1888 892 2130 948 hominis
2165 894 2231 947 de
2273 894 2454 963 seipso
2495 893 2865 948 testimonium
2898 893 3171 961 accipere,
3219 891 3315 946 sed
3361 907 3462 961 po-

1888 992 2085 1039 testate
2109 986 2294 1055 potius
2332 986 2569 1039 naturali
2611 985 2723 1038 Deo
2768 985 3143 1049 convenienti,
3202 993 3257 1039 et
3292 985 3462 1038 mira-

1888 1076 2138 1129 culorum
2170 1077 2484 1145 praestantia
2541 1076 2750 1129 elarius
2807 1090 2866 1130 se
2897 1074 3329 1130 demonstrasse.
3371 1075 3462 1128 ln-

1890 1165 2104 1244 terdu'm
2130 1168 2330 1236 quippe
2361 1167 2598 1223 hominis
2644 1166 3020 1222 testimonium
3065 1166 3461 1236 repudiaveris,

1892 1261 2021 1316 licet
2051 1262 2105 1316 in
2137 1277 2364 1317 numero
2394 1270 2713 1317 sanctorum
2733 1262 3005 1315 collocati.
3038 1260 3191 1326 Quod
3215 1260 3462 1314 nonnulli

1893 1352 2074 1407 facere
2104 1368 2212 1406 non
2239 1353 2394 1408 veriti
2420 1352 2812 1422 prophetarum
2837 1351 3020 1405 verbis
3041 1351 3467 1405 obluctabantur

1892 1444 2233 1499 clamantes:
2288 1442 2479 1497 Aliena
2534 1442 2695 1496 nobis
2758 1441 3077 1511 loquimini,
3136 1448 3190 1495 et
3228 1440 3466 1495 alienum

1889 1551 2136 1590 errorem
2166 1534 2327 1590 nobis
2354 1534 2643 1589 nuntiatis.
2673 1533 2901 1589 Azarias
2935 1534 3061 1587 item
3113 1530 3250 1587 Osee
3297 1532 3463 1597 ﬁlius,

1892 1635 1945 1679 et
1979 1624 2191 1678 Joanan
2223 1624 2370 1679 ﬁlius
2398 1623 2590 1684 Caree.
2621 1623 2713 1692 qui
2742 1637 2809 1677 cx
2836 1619 3024 1675 Judaza
3052 1621 3109 1674 in
3165 1620 3465 1690 JEgyptum

1893 1715 2172 1785 fugerunt,
2212 1730 2402 1769 omnes
2427 1714 2649 1784 quidem
2684 1712 2781 1767 viri
2833 1712 3079 1781 superbi,
3140 1712 3287 1765 sicut
3327 1711 3469 1766 scri-

1893 1815 2043 1877 ptum
2074 1816 2159 1861 est
2179 1806 2247 1872 ⁸⁵,
2272 1803 2520 1860 Ieremia:
2550 1804 2856 1874 prophetiis
2881 1803 3061 1873 palam
3093 1802 3463 1873 refragantes.

1894 1899 2114 1952 aiebant
2141 1915 2154 1951 :
2183 1916 2201 1949 ι
2234 1896 2503 1959 Mentiris,
2534 1911 2641 1949 non
2672 1896 2823 1950 misit
2870 1901 2923 1948 te
2962 1893 3232 1949 Dominus
3272 1894 3337 1948 ad
3365 1909 3466 1949 nos

1892 1998 1956 2044 ut
1993 1990 2243 2044 diceres:
2277 1986 2457 2042 Nolite
2487 1988 2542 2041 in
2607 1986 2901 2057 Egyptum
2935 1986 3145 2056 ingredi
3168 1986 3235 2043 ⁸⁸.
3280 2004 3299 2038 ι
3360 1985 3468 2042 De-

1894 2081 2222 2137 monstratio
2255 2094 2387 2134 vero
2431 2093 2553 2149 quae
2605 2093 2704 2149 per
2755 2077 3022 2132 miracula
3055 2079 3136 2140 tit,
3192 2078 3470 2146 quomodo

1894 2173 2068 2229 refelli
2100 2173 2324 2243 poterit,
2369 2179 2423 2227 et
2451 2170 2547 2226 Dei
2595 2184 2660 2223 ac
2710 2168 2889 2223 Patris
2928 2170 3303 2243 praerogativis
3337 2184 3467 2237 pro-

1895 2266 2037 2330 bari,
2068 2279 2233 2336 quam
2263 2261 2621 2334 malignitatis
2663 2259 2826 2331 255
2880 2261 3149 2315 rationem
3208 2262 3470 2329 praebebit

1896 2356 2330 2429 reprehendendi
2369 2353 2629 2424 cupidis?
2686 2352 3024 2408 Nicodemus
3056 2353 3289 2423 quippe,
3326 2369 3470 2408 unus

1895 2467 1960 2506 ex
1990 2449 2313 2505 doctoribus
2336 2454 2391 2504 et
2430 2446 2771 2518 principibus
2797 2443 3136 2509 Iudaeorum,
3172 2445 3471 2499 miraculo-

1897 2556 2017 2596 rum
2046 2539 2423 2595 testimonium
2457 2537 2828 2593 certissimum
2853 2543 2906 2590 et
2941 2534 3307 2590 indubitatum
3348 2550 3471 2591 esse

1897 2633 2172 2697 credebat,
2205 2631 2394 2686 dicens
2425 2647 2437 2683 :
2472 2649 2494 2682 ί
2529 2628 2722 2691 Rabbi,
2758 2628 2965 2683 scimus
3005 2627 3133 2696 quia
3169 2642 3199 2679 a
3231 2625 3341 2681 Deo
3375 2642 3470 2679 vc-

1897 2725 2025 2780 nisti
2054 2723 2351 2791 magister;
2384 2713 2710 2775 nemo'enim
2737 2725 2918 2787 potest
2959 2718 3073 2771 hac
3103 2717 3259 2787 signa
3292 2717 3471 2771 facere

1897 2831 2017 2886 quae
2052 2823 2109 2868 tu
2144 2813 2316 2876 facis,
2359 2812 2464 2867 nisi
2498 2813 2659 2866 fuerit
2698 2808 2840 2863 Deus
2874 2823 2996 2863 cum
3047 2823 3113 2862 eo
3135 2808 3201 2861 ".
3247 2826 3264 2858 ι
3301 2806 3470 2872 Quasi

1897 2922 2026 2975 ergo
2052 2921 2121 2960 ne
2158 2905 2275 2975 ipse
2302 2903 2523 2973 quidem
2550 2901 2793 2973 Baptista
2823 2899 3214 2953 malevolorum
3254 2896 3470 2952 Judazo~

1896 3012 2018 3052 rum
2050 2993 2485 3048 incredulitatem
2507 2992 2749 3060 emtgiat,
2782 2987 2876 3055 qui
2907 2987 3088 3042 verbis
3122 2995 3283 3043 tenus
3316 2988 3471 3043 testi-

1898 3085 2138 3140 monium
2192 3083 2442 3154 protulit,
2491 3095 2711 3136 rursum
2744 3093 2934 3134 eorum
3012 3093 3156 3134 iores
3206 3078 3472 3148 quodam-

199 3169 608 3241 ἀναντίρρητον
644 3172 742 3241 τὴν
771 3173 879 3225 ἀπὸ
911 3175 1021 3226 τῶν
1050 3174 1344 3244 θαυμάτων
1389 3175 1625 3228 ἐποιεῖτο
1656 3193 1795 3247 μαρ-

1900 3174 2065 3230 modo
2123 3173 2448 3245 perstringit
2510 3172 2740 3227 dicens:
2799 3166 3195 3223 Testimonium
3253 3168 3470 3236 quidem

200 3260 407 3329 τυρίαν
438 3262 611 3329 λέγων
638 3279 651 3291 ⁸
690 3280 709 3313 ι
745 3262 954 3328 Ῥα66ὶ,
983 3265 1205 3335 οἴδαμεν
1239 3266 1320 3319 ὅτι
1362 3266 1470 3319 ἀπὸ
1501 3267 1633 3320 Θεοῦ
1673 3267 1797 3338 ἐλή-

204 3349 382 3414 λυθας
427 3352 745 3417 διδάσκαλος
772 3372 784 3385 ’
837 3354 1011 3420 οὐδεὶς
1059 3358 1170 3427 γὰρ
1215 3356 1437 3410 δύναται
1484 3358 1551 3411 τὰ
1598 3362 1797 3430 σημεῖα

206 3440 392 3494 ταῦτα
448 3447 619 3496 ποιεῖν
652 3444 688 3498 ἃ.
728 3447 791 3499 σὺ
819 3449 1010 3511 ποιεῖς,
1044 3448 1137 3501 ὲάν
1329 3451 1357 3501 ὁ
1387 3449 1518 3513 Θεὸς
1552 3451 1669 3519 μετ’
1697 3453 1797 3504 αὑ-

210 3531 336 3587 τοῦ.
370 3552 387 3585 ι
443 3534 529 3598 Ὠς
556 3532 648 3589 οῦν
678 3537 778 3590 οὑκ
805 3538 1147 3602 ὲκΰαίνοντος
1179 3540 1280 3611 τὴν
1325 3542 1590 3595 Ἰουδαίων
1628 3544 1798 3597 κακός

200 3642 367 3677 νοιαν
409 3625 504 3678 τοῦ
551 3627 649 3680 καὶ
678 3629 842 3681 αὑτὸν
877 3630 1223 3683 ἀπιστεῖσθαι
1263 3629 1357 3682 τὸν
1406 3630 1560 3697 ἅγιον
1592 3632 1795 3685 Βαπτι-

204 3715 371 3780 στὴν,
399 3717 521 3769 ὅσον
548 3713 651 3787 ἧκε
680 3719 781 3788 τὴν
808 3721 887 3783 είς
920 3719 1111 3789 λόγους
1146 3722 1451 3793 μαρτυρίαν
1486 3724 1797 3792 εἰσάγοντα.

203 3806 397 3872 πάλιν,
445 3806 521 3870 ὡς
565 3810 622 3861 ὲν
665 3810 805 3880 ⁷ἤθει,
843 3811 1012 3882 φησί·
1074 3830 1093 3863 ι
1122 3813 1532 3885 Μεμαρτύρηκε
1584 3816 1681 3885 μὲν
1731 3820 1794 3889 τῇ

202 3899 467 3969 ἀληθείᾳ,
502 3900 679 3954 καίτοι
714 3903 843 3971 παρ’
879 3904 1032 3972 ὑμῶν
1058 3905 1432 3975 ἐρωτώμενος,
1467 3909 1495 3960 ὁ
1529 3907 1799 3977 μακάριος

203 3990 525 4061 Βαπτιστής
547 4008 559 4020 ·
603 3992 716 4045 ἀλλ’
756 3994 988 4063 ἐπείπερ
1017 3994 1142 4063 ὑμῖν
1182 3996 1598 4068 ἀνεπιχείρητον
1624 3997 1797 4060 οὐδὲν,

200 4080 307 4131 καὶ
354 4081 741 4149 ῥιψοκινδύνως
781 4084 874 4135 ἐπὶ
916 4085 1095 4137 πᾶσαν
1133 4086 1268 4140 ίέναι
1310 4086 1576 4159 λοιδορίαν
1615 4088 1799 4141 κατεί-

196 4167 415 4229 θισται,
435 4170 527 4221 καὶ
546 4170 642 4239 τὴν
670 4172 904 4234 ἐκείνου,
925 4174 1062 4226 κατά
1082 4173 1143 4226 τὸ
1162 4175 1327 4241 είκὺς,
1349 4177 1799 4247 παρεκρούσασθε

198 4259 415 4327 φωνήν.
454 4260 669 4332 Ἐπειδὴ
700 4262 755 4315 δὲ
784 4263 961 4334 ὀρθῶς
991 4266 1118 4336 ὑμῖν
1150 4265 1295 4336 ἔχειν
1325 4269 1420 4321 καὶ
1440 4269 1602 4321 τοῦτο
1629 4268 1794 4336 δοκεῖ,

197 4350 351 4401 ἔστω
372 4350 458 4420 δὴ,
477 4351 731 4425 πείθομαι
754 4357 933 4425 τυχὸν,
959 4362 1243 4412 κατανεύω
1270 4360 1365 4413 σὺν
1392 4360 1539 4430 ὑμῖν,
1567 4360 1802 4431 ἀποστή-

199 4454 376 4507 σομαι
422 4440 488 4493 δι’
547 4442 689 4514 ὑμᾶς
736 4446 829 4497 καὶ
871 4449 970 4517 τῆς
1012 4447 1258 4501 Ἰωάννου
1311 4448 1531 4518 φωνῆς,
1578 4450 1672 4503 καὶ
1700 4449 1799 4520 τὴν

1900 3263 2173 3333 perhibuit
2209 3261 2424 3316 veritati
2446 3261 2514 3328 ⁸⁸,
2547 3260 2675 3314 licet
2698 3274 2727 3313 a
2755 3258 2911 3314 vobis
2933 3258 3307 3327 interrogatus
3346 3256 3472 3311 bea-

1899 3363 1990 3409 tus
2024 3353 2303 3423 Baptista;
2344 3351 2438 3407 sed
2464 3351 2592 3422 quia
2628 3348 2761 3403 nihil
2806 3348 3132 3402 intentatum
3169 3347 3321 3401 vobis
3363 3358 3469 3413 est,

1899 3454 1953 3500 et
1978 3446 2033 3500 in
2060 3459 2220 3498 omne
2248 3459 2420 3515 genus
2457 3441 2690 3495 convicii
2719 3453 2877 3493 ruere
2909 3437 3095 3493 scietis
3114 3479 3128 3503 ,
3158 3438 3303 3491 illius
3335 3452 3472 3508 quo-

1900 3552 2008 3606 que
2029 3551 2240 3596 vocem.
2277 3542 2334 3588 ut
2360 3533 2641 3603 probabile
2669 3542 2753 3587 est
2770 3531 3060 3601 rcjecistis.
3086 3529 3193 3585 Sed
3214 3532 3471 3600 quoniam

1898 3636 2108 3682 rectum
2130 3626 2271 3681 istud
2299 3641 2421 3680 esse
2454 3639 2672 3695 quoque
2700 3623 2927 3693 putatis.
2952 3630 3072 3677 esto
3099 3632 3280 3676 certe:
3307 3636 3473 3690 parco

1899 3719 2113 3781 lubens,
2150 3732 2331 3771 annuo
2362 3717 2665 3777 vobiscum,
2708 3712 2938 3769 Joannis
2980 3728 3166 3767 vocem
3208 3712 3263 3766 in
3300 3712 3470 3765 vestri

1900 3810 2130 3880 gratiam
2171 3809 2433 3879 rcjic'ram,
2463 3814 2517 3861 et
2568 3807 2715 3861 illius
2759 3805 3131 3861 testimonium
3187 3804 3471 3858 vobiscum

1899 3900 2217 3970 repudiabo.
2266 3898 2453 3952 Habeo
2482 3911 2778 3966 supernum
2815 3902 3028 3958 testem,
3060 3893 3275 3947 Patrem
3304 3893 3470 3948 nimi-

1902 4005 2043 4043 rum.
2074 3989 2288 4043 Rursus
2319 3996 2498 4041 autem
2524 3986 2819 4040 ostendens
2851 3985 3108 4040 assentiri
3143 3999 3201 4038 se
3236 3999 3303 4039 ex
3330 3998 3470 4038 con-

1899 4080 2126 4139 ditione.
2163 4079 2370 4133 utiliter
2415 4077 2693 4146 subjungit
2732 4092 2747 4129 :
2778 4075 2885 4129 Sed
2917 4075 3032 4129 haec
3064 4074 3220 4140 dico,
3275 4082 3334 4128 ut
3372 4090 3472 4131 vos

1900 4172 2038 4227 salvi
2066 4172 2206 4236 sitis,
2244 4169 2293 4224 id
2326 4178 2429 4232 est,
2460 4168 2771 4223 istiusmodi
2797 4167 2963 4221 verba
2993 4168 3057 4221 ad
3084 4182 3181 4221 vos
3210 4164 3338 4229 feci,
3363 4180 3471 4217 non

1899 4262 2045 4334 quod
2086 4263 2158 4315 ita
2187 4276 2245 4316 se
2277 4261 2480 4316 veritas
2525 4259 2743 4325 habeat,
2779 4258 2874 4315 sed
2902 4274 2968 4313 ex
3030 4259 3368 4319 conditione,
3413 4266 3473 4309 ut

1900 4370 1999 4409 vos
2025 4353 2285 4407 nimirum
2316 4352 2463 4406 omni
2516 4352 2729 4405 ratione
2783 4350 2919 4404 Salvi
2977 4349 3121 4404 sitis.
3177 4350 3353 4421 Atque
3383 4350 3477 4404 hic

1901 4454 2050 4501 certe
2084 4442 2309 4499 secundi
2345 4442 2472 4497 libri
2501 4440 2660 4496 nobis
2689 4440 2814 4494 linis
2843 4441 2971 4494 erit.

192 4551 421 4606 ἐκείνου
472 4554 776 4625 μαρτυρίαν
808 4557 923 4626 μεθ’
956 4557 1109 4627 ὑμῶν
1137 4558 1589 4629 παραγράψομαι.
1634 4560 1783 4629 ’Έχω
1819 4560 1911 4614 τὸν
1938 4557 2142 4614 ἄνωθεν
2170 4553 2555 4627 μαρτυροῦντα
2575 4554 2814 4625 Πατέρα.
2844 4552 3118 4606 Διδάσκων
3172 4552 3229 4604 δὲ
3290 4550 3475 4613 πάλιν,

193 4647 288 4699 ὅτι
311 4644 614 4698 συναίνεσιν
644 4647 968 4720 ὑποθετικὴν
996 4652 1024 4704 ὁ
1059 4651 1216 4720 λόγος
1247 4651 1446 4715 ὠδίνει,
1479 4651 1783 4723 χρησίμως,
1825 4654 2096 4723 ἐπήνεγκε
2121 4666 2133 4678 '

2177 4667 2195 4698 ι
2223 4647 2407 4700 Ταῦτα
2455 4646 2512 4699 δὲ
2535 4644 2699 4715 λέγω,
2731 4644 2817 4696 ἵνα
2850 4643 3004 4714 ὑμεῖς
3038 4641 3271 4711 σωθῆτε·
3303 4663 3321 4695 ι
3355 4647 3475 4702 ἀντὶ

195 4736 322 4798 τοῦ,
359 4737 499 4801 Τοὺς
523 4738 799 4805 τοιούτους
831 4741 966 4813 πρὸς
1011 4742 1154 4813 ὑμᾶς
1204 4744 1550 4815 ἐποιησάμην
1587 4744 1798 4812 λόγους,
1837 4744 1937 4814 οὑχ
1964 4742 2137 4804 οὑτως
2200 4738 2430 4810 ἐχούσης
2471 4738 2572 4807 τῆς
2622 4735 2901 4807 ἀληθείας,
2945 4736 3061 4790 ἀλλ’
3118 4736 3475 4803 ὑποθετικῶς,

196 4833 295 4885 ἵνα
348 4829 508 4900 ὑμεῖς
554 4830 642 4885 διὰ
688 4833 890 4897 παντὸς
922 4834 1166 4907 σώζησθε
1198 4835 1427 4907 τρόπου.
1469 4835 1583 4889 Καὶ
1629 4836 1791 4907 μέχρι
1827 4836 1892 4909 δὴ
1921 4834 2112 4891 τούτου
2138 4834 2199 4887 τὸ
2224 4832 2474 4903 δεύτερον
2504 4832 2635 4903 ἡμῖν
2665 4829 2869 4900 βιϐλίον
2894 4831 3172 4901 στήσεται.

277 5004 327 5036 ⁸⁸
368 5003 563 5061 Matth.
600 5021 685 5072 tu,
725 5007 782 5065 5.

856 5008 902 5041 ⁸⁸
938 5007 1139 5066 Jerem.
1178 5026 1335 5077 mu,
1366 5011 1422 5067 2.
1501 5012 1546 5043 ⁸⁸
1583 5008 1726 5066 lbid.
1804 5010 1849 5043 ⁸⁷
1887 5009 2045 5067 Joan.
2075 5026 2159 5077 tu,
2194 5009 2245 5063 l.

2330 5007 2377 5040 ⁸³
2415 5006 2576 5063 Joan.
2609 5022 2650 5072 ι,
2684 5005 2775 5061 52.
