4206 6510
209 439 307 493 401

1190 444 1257 497 ἰΝ
1302 441 1592 500 JOANNIS
1633 439 2085 499 EV'ANGELIUM
2124 444 2249 500 LIB.
2294 446 2378 501 Ill.

3350 446 3454 504 ιοε

207 552 308 606 ὑπό
342 571 435 607 του
478 554 795 626 λεγόμενον
833 575 851 609 t
904 557 1150 628 Ἀγαθῶν
1191 560 1300 630 γὰρ
1342 561 1521 613 πόνων
1566 558 1769 628 καρπὸς

1881 573 2103 615 rursum
2141 562 2343 627 ferecu,
2388 564 2534 618 bono
2574 572 2627 619 et
2660 565 3011 621 misericordi
3044 564 3157 621 Deo
3191 582 3295 623 nos
3351 581 3452 637 gu-

206 642 447 713 εὐκλεής.
489 664 509 696 ι
540 647 677 719 Φέρε
706 648 770 719 δὴ
797 646 887 704 οὖν
918 651 998 713 είς
1027 649 1286 721 εὔτολμον
1335 650 1498 704 πάλιν
1545 650 1771 704 ἁναὸαίυ

204 751 382 800 νοντες
425 738 709 810 φρόνημα,
748 741 824 813 τῷ
881 744 978 814 μὲν
1024 744 1214 813 ἀγαθῷ
1263 745 1358 798 καὶ
1406 743 1773 816 φιλανθρώπῳ

203 825 317 896 Θεῷ
342 827 408 880 τὰ
435 830 556 883 καθ’
586 834 734 903 ἡμᾶς
757 835 1166 909 οίακοστροφεῖν
1194 838 1579 907 ἐπιτρέπωμεν
1602 851 1615 865 ·
1641 838 1774 891 ἀνα-

208 920 538 986 πετάσαντες
584 925 690 996 γὰρ
744 928 997 1001 καθάπερ
1052 930 1219 983 ίστίον
1267 930 1367 999 τῆς
1422 930 1658 993 διανοίας
1711 930 1773 982 τὸ

203 1010 419 1076 πλάτος,
448 1016 542 1068 καὶ
563 1017 661 1087 τὴν
680 1018 775 1072 τοῦ
806 1021 1122 1092 Πνεύματος
1154 1018 1315 1094 χάριν
1343 1022 1611 1091 ἐγκολπού
1622 1039 1772 1092 μενοι

202 1102 446 1175 καθάπερ
472 1108 535 1159 ἐκ
573 1109 831 1181 πρύμνης
875 1113 1064 1181 οὐρίαν
1093 1113 1234 1185 ἠχὴν
1258 1155 1272 1177 ,
1312 1117 1392 1178 είς
1423 1114 1643 1185 βαθεῖαν
1676 1117 1772 1168 ἐκ·

201 1191 479 1263 τρέχωμεν
529 1196 773 1270 ζήτησιν.
817 1202 1050 1273 Χριστὸς
1087 1202 1195 1274 γάρ
1242 1205 1389 1257 ἐστιν
1434 1206 1463 1257 6
1509 1204 1683 1268 διδοὺς
1714 1207 1773 1258 ἐν

202 1281 437 1355 Θαλάσσῃ
477 1286 629 1353 ὁδὸν,
680 1290 776 1343 καὶ⁵
817 1292 875 1345 ὲν
906 1291 1057 1345 ὕδατι
1096 1293 1303 1363 τρίϐον.
1344 1294 1626 1364 Κατέληξε
1676 1295 1774 1364 μὲν

199 1370 291 1427 οῦν
322 1376 381 1429 τὸ
408 1377 661 1450 δεύτερον
698 1383 833 1452 ἡμῖν
880 1382 1104 1453 βιϐλίον,
1141 1385 1200 1438 ὲν
1243 1384 1339 1455 τῷ,
1383 1403 1403 1437 t
1458 1385 1598 1454 Ἐγὼ
1625 1386 1682 1440 δὲ
1713 1386 1773 1439 οὐ

200 1467 349 1536 παρά
370 1469 660 1541 ἀνθρώπου
686 1473 787 1545 τὴν
813 1477 1120 1548 μαρτυρίαν
1143 1476 1424 1547 λαμϐάνω.
1450 1477 1587 1531 ἀλλά
1603 1477 1776 1533 ταῦτα

197 1558 360 1627 λέγω,
398 1562 484 1614 ἵνα
510 1563 667 1634 ὑμεῖς
696 1566 926 1635 σωθῆτε.
959 1586 979 1620 ι
1007 1569 1329 1641 Ἀρξώμεθα
1359 1570 1415 1623 δὲ
1440 1570 1535 1623 τοῦ
1565 1570 1773 1642 τρίτου,

199 1652 475 1722 στοιχηδὸν
502 1656 962 1723 ὲπισυνάπτοντες
987 1660 1055 1714 τὰ
1099 1662 1300 1733 ἐφεξῆς
1341 1664 1468 1733 περὶ
1494 1661 1588 1715 τοῦ
1615 1663 1772 1732 ἁγίου

196 1740 524 1811 Βαπτιστοῦ,
556 1747 807 1816 λέγοντος
838 1751 931 1806 τοῦ
965 1753 1204 1824 Χριστοῦ
1228 1771 1242 1786 ·

279 1834 538 1901 Ἐκεῖνος
587 1834 668 1909 ἦν
717 1843 750 1894 ὁ
787 1842 1021 1911 λύχνος
1060 1846 1093 1898 ὁ
1138 1845 1453 1914 καιόμενος
1499 1847 1596 1901 καὶ
1639 1845 1775 1916 φαί-

192 1942 334 1977 νων·
372 1929 539 1994 ὑμεῖς
571 1929 641 1983 δὲ
680 1931 1023 2000 ἠθελήσατε
1077 1936 1562 2008 ἀγανῖλιασθῆναι
1622 1938 1774 2006 πρὸς

191 2015 351 2083 ὤρην
395 2020 465 2072 ἐν
497 2020 575 2085 τῷ
602 2024 749 2090 φωτὶ
787 2024 997 2082 αὐτοῦ.

264 2108 459 2179 Λύχνῳ
496 2114 823 2181 παρεικάζει
856 2116 945 2169 τὸν
1000 2117 1155 2187 ἅγιον
1205 2120 1548 2193 Βαπτιστὴν,
1586 2120 1681 2175 ἆτε
1710 2121 1772 2193 δὴ

192 2198 333 2251 κατά
360 2199 423 2253 τὸ
458 2206 735 2274 προσεῖναι
760 2208 1004 2277 πεφυκὸς
1048 2210 1322 2284 ἀνθρώπῳ
1368 2212 1591 2285 μέτρον,
1639 2230 1775 2286 προ-

191 2291 586 2363 αναλάμψαντα
627 2298 726 2368 μὲν
768 2300 866 2370 τῆς
908 2302 1212 2373 παρουσίας
1255 2304 1453 2368 αὐτοῦ,
1497 2304 1636 2376 πλὴν
1670 2305 1774 2362 οὐκ

196 2381 312 2451 ἰδίῳ
342 2386 682 2457 κεχρημένον
706 2391 845 2459 φωτί
872 2406 884 2421 ·
914 2393 973 2447 οὐ
1009 2393 1119 2465 γὰρ
1150 2393 1279 2448 ἴδιον
1308 2394 1366 2449 ὲν
1399 2395 1476 2466 τῷ
1504 2395 1685 2469 λύχνῳ
1709 2396 1773 2452 τὸ

192 2473 329 2537 φῶς,
358 2474 487 2529 ἀλλ’
519 2477 716 2542 ἔξωθέν
751 2497 811 2535 τε
851 2485 946 2537 καὶ
981 2484 1216 2538 ἐπακτὸν
1259 2486 1352 2540 καὶ
1382 2488 1772 2561 προστεθειμέ-

191 2582 308 2617 νον·
344 2567 488 2622 οὕτω
507 2570 552 2625 δ’
575 2571 641 2625 ἂν
671 2572 801 2638 ἴδοις
824 2576 918 2628 καὶ
949 2578 1040 2631 τὸν
1066 2579 1122 2631 ὲν
1149 2577 1325 2647 ἀγίοις
1350 2581 1503 2651 παρά
1530 2580 1770 2653 Χριστοῦ

194 2656 473 2726 φωτισμὸν
502 2660 560 2713 ἐν
592 2662 888 2733 Πνεύματι.
923 2665 1017 2720 Διὸ
1046 2668 1109 2737 δὴ
1143 2669 1238 2722 καὶ
1279 2669 1397 2725 λίαν
1429 2672 1770 2743 εὐγνωμονέ-

192 2762 364 2800 στατα
406 2750 501 2802 καὶ
546 2753 868 2822 φρονοῦντες
899 2758 994 2811 καὶ
1023 2760 1375 2828 πράττοντες,
1413 2763 1567 2817 αὐτοὶ
1598 2764 1663 2819 δι’
1692 2768 1771 2820 ol-

192 2839 345 2929 κείας
378 2841 700 2911 ὁμολογοῦσι
728 2848 935 2918 φωνῆς·
976 2869 995 2903 ι
1038 2852 1158 2905 Ὅτι
1190 2855 1253 2907 ὲκ
1280 2853 1373 2907 τοῦ
1404 2856 1771 2929 πληρώματος

190 2928 355 3020 αὑτοῦ
398 2930 562 3020 ἡμεῖς
608 2934 809 2999 πάντες
847 2938 1135 3009 ἐλάϐομεν.
1177 2960 1196 2994 ι
1243 2943 1363 3008 Φῶς
1391 2946 1490 3015 μὲν
1516 2928 1622 3020 γάρ
1653 2950 1769 3004 ὲστι

190 3017 331 3070 κατὰ
371 3019 533 3087 φύσιν
557 3025 585 3077 6
606 3026 921 3097 Μονογενὴς
944 3070 957 3094 ,
1009 3030 1105 3085 ire
1130 3032 1194 3105 δὴ
1222 3035 1314 3089 καὶ
1339 3037 1403 3089 ἐκ
1432 3017 1609 3105 φωτὸς
1637 3040 1769 3095 ἀνα·-

188 3108 431 3199 λάμψας,
471 3114 571 3183 τῆς
615 3116 711 3170 τοῦ
765 3119 979 3191 Πατρδς
1021 3123 1209 3187 οὐσίας
1257 3127 1426 3197 φημί·
1463 3130 1679 3199 μετέχει
1710 3131 1769 3186 δὲ

1874 649 2189 706 bernandos
2237 652 2545 710 tradamus.
2579 654 2793 711 Nostrae
2837 659 3037 729 quippe
3072 658 3274 714 mentis
3324 657 3453 711 lati-

1875 741 2119 797 tudinem
2141 758 2240 798 ceu
2270 744 2449 798 velum
2482 746 2846 816 explicantes,
2892 756 2946 803 et
2995 749 3176 820 gratia
3212 747 3451 819 Spiritus

1873 850 1982 889 non
2021 852 2180 893 secus
2208 853 2271 893 ac
2298 853 2327 892 a
2360 854 2520 907 prora
2550 841 2797 896 secundo
2830 851 2993 897 vento
3029 845 3083 899 in
3109 845 3290 899 sinum
3327 859 3453 899 sus-

1874 941 2071 1002 cepto,
2144 932 2200 986 in
2260 934 2591 1002 profundam
2649 937 3007 1006 quaestionem
3066 951 3448 993 excurramus.

1874 1023 2129 1078 Christus
2158 1024 2302 1079 enim
2337 1034 2421 1081 est
2450 1026 2543 1095 qui
2592 1025 2737 1079 viam
2771 1027 2831 1081 in.
2879 1026 3023 1081 mari
3073 1027 3356 1094 ostendit,
3396 1036 3452 1083 et

1875 1114 2126 1168 semitam
2154 1115 2207 1168 in
2248 1129 2389 1183 aqua
2444 1110 2611 1188 248
2659 1115 2809 1169 forti.
2859 1116 3029 1172 Desiit
3079 1117 3267 1187 itaque
3311 1117 3453 1173 liber

1876 1204 2153 1262 secundus
2182 1208 2235 1260 in
2277 1207 2389 1261 illis
2427 1209 2611 1263 verbis
2651 1226 2665 1262 :
2702 1227 2721 1259 ι
2752 1206 2864 1279 Ego
2890 1217 3074 1264 autem
3100 1224 3212 1265 non
3253 1210 3323 1265 ab
3355 1208 3454 1265 ho-

1877 1297 2022 1352 mine
2068 1298 2446 1354 testimonium
2500 1299 2729 1369 accipio,
2794 1300 2889 1356 sed
2921 1301 3037 1355 haec
3069 1301 3193 1356 dico
3241 1310 3300 1356 ut
3354 1318 3453 1358 vos

1877 1387 2013 1443 salvi
2049 1389 2256 1446 sitis“.
2295 1408 2312 1440 ι
2339 1390 2740 1461 Aggrediamur
2769 1406 2899 1447 vero
2942 1393 3188 1456 teﬂtum,
3220 1392 3456 1461 conjun-

1875 1486 2067 1550 gentes
2096 1481 2289 1536 ordine
2316 1498 2438 1551 quae
2487 1490 2801 1553 sequuntur
2833 1482 2900 1539 de
2928 1489 3125 1539 sancto
3181 1482 3452 1555 Baptista,

1875 1568 2094 1625 dicente
2121 1569 2388 1626 Christo:

1949 1836 2014 1899 V,
2076 1838 2167 1893 55.
2228 1836 2333 1893 Illo
2395 1844 2511 1893 erat
2574 1839 2786 1895 lucerna
2853 1838 3047 1893 ardens
3116 1846 3165 1891 et
3216 1836 3452 1891 lucens:

1876 1945 1963 1983 vos
2008 1937 2183 1983 autem
2243 1930 2485 1984 uoluistis
2542 1930 2613 1983 ad
2677 1929 2863 1983 lteram
2908 1929 3178 1984 exsultare
3228 1928 3283 1982 in
3341 1928 3455 1981 luce

1873 2021 2008 2089 ejus.

1943 2111 2208 2170 Lucerna:
2248 2119 2534 2181 comparat
2586 2119 2842 2167 sanctum
2889 2087 3213 2179 Baptistam,
3249 2109 3453 2180 quippe

1872 2205 1991 2276 qui,
2040 2214 2307 2274 quantum
2360 2203 2416 2258 in
2461 2203 2737 2259 hominem
2776 2201 2975 2258 cadere
3004 2207 3205 2272 potest,
3243 2200 3453 2255 Christi
3532 2252 3536 2256 .

1874 2294 2131 2350 adventui
2171 2295 2511 2363 przeluxerit,
2559 2300 2936 2349 verumtamen
2972 2285 3198 2364 proprio
3245 2291 3455 2347 lumine

1874 2402 2009 2443 usus
2044 2401 2150 2442 non
2180 2399 2305 2444 est:
2342 2401 2450 2441 non
2497 2386 2646 2442 enim
2679 2385 2961 2456 proprium
3001 2392 3085 2440 est
3139 2385 3196 2439 in
3226 2384 3453 2438 lucerna

1873 2479 2092 2542 lumen,
2146 2479 2244 2536 sed
2293 2478 2645 2535 extrinsecus
2697 2477 2950 2544 advenit,
3010 2484 3067 2532 et
3113 2473 3449 2531 asciscitur:

1872 2568 2187 2624 istiusmodi
2212 2583 2433 2639 quoque
2464 2569 2656 2624 videre
2689 2568 2815 2624 licet
2849 2568 2902 2623 in
2934 2566 3141 2623 sanctis
3174 2566 3454 2621 illumina-

1875 2663 2077 2717 tionem
2114 2676 2143 2715 a
2183 2662 2407 2717 Christo
2460 2661 2515 2716 in
2566 2661 2794 2730 Spiritu.
2827 2661 2984 2718 Unde
3012 2661 3116 2731 ipsi
3143 2659 3452 2731 gratissimi

1872 2755 2041 2808 animi
2071 2769 2242 2809 sensu
2287 2752 2465 2823 palam
2518 2752 2668 2809 istud
2700 2752 3025 2824 profitentur
3076 2770 3089 2783 ·
3134 2770 3151 2803 ι
3199 2750 3335 2818 Quia
3384 2750 3453 2806 de

1870 2847 2219 2917 plenitudine
2242 2846 2365 2916 ejus
2387 2860 2489 2901 nos
2509 2860 2701 2902 omnes
2721 2846 3037 2915 accepimus
3055 2842 3283 2898 ⁹¹.›ιιιι
3302 2843 3452 2899 enim

1869 2948 1954 2997 est
1989 2939 2289 2997 secundum
2316 2946 2580 2993 naturam
2623 2938 2984 3009 Unigenitus,
3029 2937 3233 3008 quippe
3257 2935 3352 3005 qui
3382 2949 3451 2990 ex

1872 3032 1995 3088 luce
2032 3047 2275 3103 quoque,
2301 3031 2483 3086 Patris
2515 3030 2775 3085 nimirum
2804 3028 3071 3084 elIulserit
3095 3028 3404 3084 substantia
3434 3073 3446 3082 .

1871 3127 1992 3197 ejus
2046 3135 2232 3181 autem
2290 3126 2573 3195 particeps
2612 3133 2869 3180 creatura
2928 3135 3034 3187 est,
3090 3131 3146 3178 et
3195 3123 3449 3193 quisquis

186 3198 219 3266 ἡ
247 3198 428 3263 κτίσις
459 3202 648 3256 αὐτοῦ’
689 3206 783 3259 καὶ
820 3209 928 3262 πᾶν
958 3208 1013 3262 ετ
1043 3228 1097 3263 τι
1133 3213 1231 3285 τὴν
1259 3215 1353 3268 τοῦ
1384 3198 1761 3285 λογικεύεσθαι

1871 3218 2229 3273 ratiocinandi
2267 3217 2626 3287 sapiendique
2661 3218 2711 3270 vi
2744 3216 3008 3286 praeditus
3042 3224 3149 3281 est,
3181 3230 3278 3270 vas
3312 3230 3453 3285 quo-

187 3291 280 3342 καὶ
320 3296 541 3362 φρονεῖν
574 3296 839 3365 ἐπάγεται
867 3300 1117 3371 δύναμιν,
1168 3304 1359 3370 σκεῦος
1395 3307 1584 3381 ὥσπερ
1621 3311 1768 3365 ἐστὶν

184 3382 265 3474 εἰς
313 3382 377 3434 τὸ
429 3383 687 3441 δύνασθαι
750 3389 896 3444 θείου
943 3395 1279 3466 πληροῦσθαι
1316 3400 1511 3468 φωτὸς,
1571 3403 1769 3474 ἄριστα

182 3470 571 3544 διηρτισμένον
613 3478 718 3531 ὑπὸ
759 3481 853 3533 τοῦ
896 3484 1113 3539 πάντων
1176 3488 1558 3561 ἀριστοτέχνου
1609 3470 1768 3553 Θεοῦ.

182 3564 399 3658 Λύχνος
418 3564 510 3621 οὖν
537 3572 565 3623 6
590 3571 857 3643 μακάριος
879 3575 1210 3650 Βαπτιστὴς,
1238 3583 1379 3635 κατά
1397 3584 1486 3636 τὸν
1514 3584 1614 3655 ἤδη
1639 3602 1771 3658 προ-

181 3656 523 3713 αποδοθὲντα
568 3661 745 3730 λόγον.
781 3664 953 3718 Τοῦτο
1000 3667 1056 3720 δὲ
1088 3668 1262 3737 λέγων
1291 3673 1319 3724 6
1344 3672 1533 3744 Σωτὴρ
1564 3656 1768 3729 οἰκονο-

183 3747 371 3815 μικῶς
420 3750 547 3814 τοὺς
603 3753 864 3825 ἀνοήτους
906 3758 1229 3829 Φαρισαίους
1273 3762 1431 3817 καλεῖ
1469 3765 1605 3836 πρὸς
1640 3767 1771 3821 ὑπό-

181 3857 393 3910 μνησιν
408 3842 505 3912 τῆς
522 3844 615 3899 τοῦ
635 3846 771 3900 Θεοῦ
804 3848 897 3902 καὶ
921 3852 1132 3924 Πατρὸς
1166 3856 1348 3925 φωνῆς
1384 3856 1634 3926 λέγοντός
1663 3877 1767 3915 που

178 3934 319 4001 περὶ
350 3934 516 3987 αὐτοῦ
540 3952 551 3965 ·
593 3954 612 3988 ι
649 3938 952 4010 Ἠτοίμασα
989 3943 1180 4013 λύχνον
1204 3945 1281 4016 τῷ
1310 3948 1533 4019 Χριστῷ
1570 3968 1693 4020 μου.
1742 3971 1763 4006 ι

176 4021 405 4093 Σφόδρα
450 4024 509 4078 δὲ
556 4027 842 4098 χρησίμως
888 4047 948 4084 τε
996 4035 1089 4087 καὶ
1135 4035 1445 4105 ἀναγκαιως
1501 4043 1614 4103 τοῖς
1666 4042 1767 4113 ἧδη

175 4115 614 4186 προειρημένοις
665 4121 858 4189 ἐπάγει
926 4126 1043 4179 νυνὶ
1108 4127 1176 4181 τὰ
1224 4130 1451 4183 τοιαῦτα
1510 4132 1763 4203 Χριστός.

189 4205 419 4277 Ἐπειδὴ
456 4206 564 4279 γάρ
604 4211 787 4265 πᾶσαν
812 4213 1116 4270 ἀποκλείων
1144 4221 1258 4283 τοῖς
1300 4219 1571 4286 Ἰουδαίοις
1597 4223 1767 4293 ἀφορ-

174 4297 297 4369 μὴν
332 4300 636 4367 ἀπειθείας,
672 4306 766 4358 καὶ
800 4309 1137 4378 πανταχόθεν
1183 4312 1380 4377 αὐτοὺς
1426 4316 1767 4372 συνελαύνων

173 4393 262 4452 είς
290 4391 352 4444 τὸ
393 4393 590 4464 χρῆναι
631 4398 1120 4471 πιστεύειν-αύτῷ,
1169 4408 1437 4458 συναινεῖν
1474 4406 1617 4474 ἔδοξέ
1650 4426 1767 4473 πως

171 4485 263 4545 είς
318 4483 381 4535 τὸ
439 4485 513 4556 μὴ
566 4486 816 4558 δέχεσθαι
855 4489 966 4560 ,τὴν
1028 4496 1157 4563 παρ’
1212 4495 1378 4549 αὐτοῦ
1434 4500 1762 4570 μαρτυρίαν,

1871 3308 2162 3364 dammodo
2212 3316 2299 3364 est
2346 3308 2418 3363 ab
2472 3308 2886 3378 sapientissimo
2935 3309 3030 3362 illo
3061 3306 3307 3362 universi
3369 3321 3453 3358 ar-

1871 3398 2119 3453 chitecto
2188 3396 2297 3454 Deo
2347 3398 2612 3467 praeclare
2657 3396 2950 3451 formatum
2998 3406 3057 3451 ut
3092 3394 3277 3450 divina
3328 3395 3449 3448 luce

1871 3488 2085 3558 impleri
2107 3494 2293 3558 queat.
2340 3485 2586 3541 Lucerna
2614 3487 2800 3555 itaque
2829 3491 2915 3540 est
2946 3485 3149 3539 beatus
3176 3483 3444 3551 Baptista,

1873 3589 1932 3635 ut
1964 3581 2077 3649 jam
2116 3580 2268 3649 prius
2302 3578 2508 3634 dictum
2546 3586 2652 3633 est.
2692 3576 2805 3632 Hoc
2833 3584 3017 3631 autem
3054 3574 3287 3630 dicendo
3324 3573 3447 3627 Sal-

1870 3678 2025 3724 vator
2067 3670 2332 3740 singulari
2357 3668 2594 3740 quodam
2630 3668 2865 3723 consilio
2890 3667 3091 3722 stultos
3136 3665 3446 3721 Pharisaaos

1870 3760 1939 3814 ad
1969 3760 2289 3815 memoriam
2324 3767 2548 3815 revocat
2598 3759 2719 3829 ejus
2757 3758 2905 3828 quod
2964 3756 3167 3812 alicubi
3204 3755 3350 3811 Deus
3384 3770 3449 3810 ac

1870 3853 2035 3908 Pater
2083 3852 2150 3908 de
2195 3854 2314 3923 ipso
2365 3853 2441 3908 ait
2492 3872 2506 3908 :
2568 3871 2586 3905 ι
2647 3850 2845 3904 Paravi
2898 3850 3177 3905 lucernam
3230 3848 3448 3903 Christo

1871 3946 2078 4001 meo“.
2120 3964 2139 3997 ι
2182 3944 2358 4000 Valde
2413 3952 2595 4007 autem
2641 3943 2851 3997 utiliter
2909 3956 2972 3996 ac
3010 3940 3328 3997 necessario
3380 3940 3449 3994 iis

1870 4052 1991 4106 quae
2017 4037 2130 4106 jam
2170 4036 2322 4106 prius
2354 4036 2501 4091 dicta
2534 4044 2664 4091 sunt
2706 4037 2819 4091 haec
2855 4033 3139 4104 subjungit
3168 4031 3446 4087 Christus.

1868 4126 2003 4182 Nam
2050 4143 2175 4183 cum
2219 4128 2401 4183 visum
2452 4138 2602 4184 esset
2646 4135 2706 4183 ut
2756 4142 2976 4184 omnem
3036 4125 3448 4183 incredulitatis

1869 4222 2215 4276 occasionem
2239 4218 2447 4277 Judmis
2480 4220 2897 4285 intercluderet,
2939 4227 2994 4276 et
3022 4219 3089 4275 ad
3119 4221 3168 4275 ei
3207 4218 3439 4274 creden-

1869 4311 1996 4365 dum
2023 4310 2147 4366 illos
2182 4311 2429 4380 undique
2460 4319 2701 4383 cogeret,
2743 4311 3150 4381 quodammodo
3185 4310 3449 4367 assentiri

1871 4416 1934 4457 ac
1959 4400 2145 4455 dicere
2189 4414 2256 4477 se
2294 4399 2364 4453 ab
2397 4400 2519 4469 ipso
2554 4399 2935 4454 testimonium
2986 4415 3095 4454 non
3142 4400 3393 4470 accipere
3433 4419 3445 4453 :

1875 4514 1893 4546 ι
1937 4492 2048 4563 Ego
2072 4507 2205 4547 vero
2244 4492 2312 4546 ab
2339 4492 2561 4547 homine
2584 4491 2962 4547 testimonium
2996 4508 3105 4547 non
3140 4492 3392 4561 accipio;
3425 4512 3443 4543 ι

168 4572 376 4626 εἰπών’
410 4594 430 4627 ι
473 4577 612 4646 Ἐγὼ
635 4579 691 4633 δὲ
720 4581 781 4633 οὐ
820 4582 973 4654 παρά
1008 4583 1297 4655 ἀνθρώπου
1330 4586 1430 4658 τὴν
1460 4592 1765 4661 μαρτυρίαν

1871 4600 1939 4639 ne
1976 4589 2233 4654 putarent
2258 4583 2551 4637 Dominum
2604 4598 2799 4653 reapse
2837 4598 2903 4639 ac
2957 4598 3088 4638 vere
3135 4597 3266 4653 erga
3310 4598 3451 4653 pra:-

168 4664 485 4733 λαμσάνω,
539 4685 558 4719 ι
609 4668 696 4724 ἵνα
731 4672 804 4743 μὴ
834 4673 1039 4727 δοκοῖεν
1084 4674 1253 4740 ὅντως
1294 4695 1355 4730 τε
1400 4680 1495 4732 καὶ
1546 4682 1764 4752 άληθῶς

166 4756 325 4809 οὕτω
369 4756 673 4813 διακεῖσθαι
733 4764 891 4835 περὶ.
917 4765 1015 4819 τοῦ
1043 4767 1359 4839 Προδρόμου
1398 4772 1488 4825 τὸν
1533 4774 1759 4844 Κύριον,

166 4847 377 4918 ὣσπερ
400 4844 493 4903 οὖν
524 4849 638 4923 ἔχει
677 4853 770 4907 τοῦ
810 4855 969 4925 λόγου
999 4858 1062 4910 τὸ
1100 4860 1318 4929 σχῆμα,
1356 4862 1641 4933 χρησίμως
1682 4867 1763 4929 είς

164 4937 235 4989 τὸ
267 4938 469 5005 παρὸν,
495 4941 595 5012 οὐχ
625 4944 815 4998 ἑαυτόν
856 4964 907 5000 τι
946 4948 1173 5015 λέγοντα
1216 4952 1345 5019 περὶ
1373 4952 1563 5017 αὑτοῦ,
1593 4954 1682 5008 διὰ
1706 4956 1763 5009 δὲ

164 5027 280 5097 τῆς
305 5027 401 5081 τοῦ
421 5031 630 5102 Πατρὸς
657 5036 840 5106 φωνῆς
860 5040 1104 5111 εἰσφέρει
1137 5040 1430 5112 βοώμενον.
1466 5046 1629 5116 ’ῼετο
1655 5047 1763 5118 γάρ

168 5120 292 5172 δεῖν
314 5120 462 5175 αἰδοῖ
489 5124 724 5194 μάλιστα
769 5132 835 5202 τῇ
886 5132 1022 5202 πρὸς
1057 5131 1189 5186 Θεὸν
1234 5134 1329 5187 καὶ
1372 5136 1625 5208 Πατέρα,
1672 5140 1764 5193 τὸν

166 5211 549 5269 ἀντιτείνοντα
579 5215 869 5286 δυσωπεῖν,
907 5224 1074 5294 ἤγουν
1118 5224 1218 5296 ἢδη
1266 5228 1599 5298 γυμνότερον
1644 5228 1762 5283 θεο-

171 5308 467 5379 μαχοῦντα
488 5310 773 5382 δεικνύειν,
811 5317 887 5381 ὡς
910 5319 1003 5372 καὶ
1036 5320 1218 5384 αὐτοῖς
1246 5324 1358 5383 τοῖς
1387 5320 1481 5374 τοῦ
1507 5320 1641 5374 Θεοῦ
1669 5323 1761 5375 καὶ

167 5402 401 5473 Πατρδς
454 5405 649 5479 ἀνέδην
693 5409 1091 5475 ὑπαντιάζοντα
1147 5412 1344 5480 λόγοις.
1418 5432 1435 5463 ι
1490 5407 1597 5466 Ἦν
1645 5410 1758 5477 οὖν,

164 5496 371 5565 φησὶν,
404 5497 610 5562 ἐκεῖνος
645 5500 674 5553 6
703 5499 914 5571 λύχνος
948 5502 1106 5573 ὑμεῖς
1146 5503 1203 5556 δὲ
1240 5503 1544 5576 ἠθελήσατε
1589 5506 1759 5573 ἀγαλ-

163 5583 468 5654 λιασθῆναι
499 5588 636 5657 πρὸς
667 5589 816 5660 ὥραν
843 5592 901 5645 ὲν
932 5591 1010 5663 τῷ
1034 5594 1173 5661 φωτὶ
1198 5594 1384 5648 αὐτου.
1424 5614 1442 5645 ι
1482 5595 1629 5648 Ἔδει
1655 5596 1761 5667 γὰρ

164 5684 231 5737 οὗ
260 5684 428 5753 μόνον
455 5682 549 5735 τοῦ
580 5683 881 5752 πρέποντος
926 5684 1335 5753 ἁποφοιτῶντας
1372 5684 1631 5750 εὐκόλως,
1672 5688 1765 5739 καὶ

1872 4691 2155 4732 cursorem
2189 4691 2255 4731 eo
2294 4675 2456 4729 modo
2490 4674 2629 4729 affici
2670 4690 2779 4744 quo
2820 4674 2969 4743 loqui
3001 4674 3316 4737 videbatur,
3346 4674 3453 4727 uti-

1865 4766 2503 4835 literimprtesentiarum
2535 4764 2812 4834 significat
2843 4764 2982 4818 nihil
3032 4780 3062 4817 a
3109 4779 3169 4818 se
3202 4763 3352 4833 loqui
3382 4762 3453 4818 de

1864 4860 2009 4929 ipso,
2056 4856 2151 4912 sed
2187 4871 2318 4912 voce
2354 4855 2557 4911 Patris.
2602 4854 2836 4910 Putabat
2872 4857 3018 4910 enim
3047 4855 3140 4911 Dei
3174 4870 3239 4911 ac
3268 4854 3451 4910 Patris

1863 4958 2009 5005 metu
2051 4948 2398 5018 potissimum
2433 4962 2759 5016 persuasum
2792 4948 2860 5001 iri
2912 4962 3010 5003 eos
3041 4947 3136 5017 qui
3161 4946 3451 5001 contradi-

1868 5050 2077 5102 curent,
2135 5048 2229 5092 aut
2270 5046 2425 5092 certe
2472 5038 2726 5107 apertius
2777 5037 2999 5093 demum
3050 5038 3328 5110 proditum
3382 5038 3453 5092 iri

1872 5131 1964 5184 Dei
1993 5134 2200 5193 hostes,
2234 5137 2294 5183 ut
2318 5129 2410 5198 qui
2446 5127 2542 5185 Dei
2579 5144 2643 5184 ac
2673 5129 2851 5185 Patris
2886 5129 3242 5185 sermonibus
3270 5130 3451 5200 impu-

1868 5223 2056 5277 denter
2088 5222 2526 5293 refragarentur.
2564 5239 2583 5273 ι
2640 5220 2770 5276 Erat
2815 5220 2979 5293 25,9
3013 5221 3199 5293 igitur,
3247 5221 3449 5291 inquit,

1868 5315 1954 5368 ille
1977 5314 2201 5368 lucerna
2234 5333 2246 5367 :
2276 5330 2373 5369 vos
2394 5324 2576 5369 autem
2594 5315 2846 5370 voluistis
2869 5313 2938 5369 ad
2962 5315 3154 5369 horam
3173 5313 3452 5369 exsultare

1868 5408 1923 5461 in
1955 5407 2074 5462 luce
2100 5407 2273 5475 ejus.»
2295 5386 2601 5461 Ostendere
2631 5405 2835 5476 quippe
2864 5404 3095 5461 decebat
3125 5421 3233 5460 non
3267 5405 3451 5463 solum

1869 5514 1898 5552 a
1928 5498 2061 5553 recti
2098 5497 2284 5552 studio
2342 5496 2651 5552 Pharisaeos
2706 5496 2870 5552 facile
2922 5496 3199 5562 deerrare,
3234 5502 3289 5550 et
3337 5509 3452 5566 pra:

1869 5590 2037 5647 multa
2084 5590 2365 5661 impietate
2408 5589 2531 5645 lidei
2566 5590 2909 5647 voluntatem
2930 5598 3207 5653 excutere,
3240 5587 3338 5645 sed
3362 5632 3371 5648 ,
3393 5596 3450 5643 et

1873 5699 1967 5739 eos
1999 5684 2142 5738 leves
2186 5698 2248 5738 ac
2293 5682 2609 5737 fastidiosos
2646 5698 2789 5751 esse,
2822 5698 2923 5739 nec
2956 5683 3233 5739 ullatenus
3262 5680 3450 5737 studio

240 5854 287 5883 ’“
331 5856 492 5915 Joan.
527 5877 577 5924 ν,
612 5860 698 5917 54.
779 5863 819 5893 ⁹¹
861 5860 1018 5920 Joan.
1055 5880 1092 5928 ι,
1131 5865 1214 5919 IU.
1292 5866 1335 5897 "
1376 5864 1522 5921 l‘sal.
1561 5880 1758 5929 tzxxxt,
1804 5867 1888 5921 l7.
