4206 6510
793 435 893 490 603

1704 426 1759 481 S.
1802 422 2077 481 CYRILLI
2113 423 2579 479 ALEXANDRENI
2604 425 2925 483 AllClllEP.

3940 432 4046 487 ωι

790 552 1064 608 bonorum
1114 548 1378 605 inhaerere
1440 546 1662 610 solitos,
1708 545 1803 599 sed
1848 544 1939 597 vix
1986 543 2251 613 gustatis,
2309 550 2363 596 et

2475 545 2554 599 5ιά
2580 547 2780 617 τολλὴν
2809 548 3131 619 ἀνοσιότητα
3159 549 3396 619 τρόπων,
3433 549 3496 602 τὸ
3530 548 3782 619 ἐθελῆσαι
3823 548 4048 601 πιστέυ-

788 645 977 700 verhis
1032 653 1193 699 tenus
1249 640 1487 696 laudatis
1521 639 1728 694 sanctis
1762 637 2097 698 hominibus,
2129 652 2235 689 non
2266 650 2362 688 ve-

793 738 898 793 reri
937 738 1117 792 statim
1155 736 1292 789 alios
1318 733 1552 788 allectus
1604 745 1827 799 capere.
1871 728 1984 783 lloc
2036 728 2181 781 enim
2218 727 2365 780 arhi-

793 840 907 883 tror
947 826 1241 897 significari
1279 841 1402 879 enim
1443 824 1707 877 dicuntur
1743 821 1807 874 ad
1848 820 2037 873 horam
2086 818 2363 872 exsultare

795 922 1034 975 voluisse
1059 921 1114 973 in
1162 920 1284 973 luce
1314 918 1457 987 ejus.
1493 914 1876 983 Suspicnehant
1908 910 2053 966 enim
2090 909 2364 980 principio

792 1024 1043 1069 Sanctum
1092 1012 1394 1081 Baptistam
1481 1017 1540 1061 ut
1593 1008 1647 1060 in
1694 1006 1856 1058 rebus
1900 1003 2102 1057 divnnis
2143 1000 2367 1056 assidue

790 1112 1140 1169 versantem,
1175 1111 1233 1156 ut
1276 1101 1368 1155 Dei
1436 1106 1732 1157 amantem,
1798 1104 1855 1148 ut
1906 1095 2127 1166 pietatis
2178 1094 2362 1148 omnis

792 1196 1136 1264 exemplum;
1172 1191 1267 1248 sed
1304 1192 1395 1261 qui
1419 1206 1541 1245 eum
1569 1188 1964 1258 suspiciebant.
1998 1185 2158 1239 iidem
2186 1184 2365 1253 ipsum

792 1289 972 1341 denuo
1017 1286 1378 1347 insectantur,
1420 1297 1522 1335 nec
1574 1281 1719 1335 ferre
1761 1284 1995 1348 possunt
2038 1276 2311 1329 dicentem
2350 1290 2363 1326 :

799 1396 816 1428 ι
854 1376 1050 1430 Parate
1087 1376 1225 1428 viam
1271 1374 1508 1437 Domini,
1555 1384 1732 1425 rectas
1778 1369 1946 1423 facile
1993 1368 2220 1421 semitas
2272 1363 2365 1417 Dei

794 1468 1047 1522 nostri“.
1086 1485 1104 1516 ι
1146 1464 1262 1518 lloc
1307 1480 1453 1518 enim
1490 1464 1681 1532 utique
1733 1461 1913 1515 facere
1946 1475 2041 1529 per
2068 1455 2367 1511 increduli-

794 1570 958 1613 tatem
1006 1559 1438 1628 compcriuntur.
1486 1557 1604 1609 Jam
1634 1572 1800 1624 ergo,
1844 1563 1901 1607 ut
1932 1553 2191 1614 arbitror,
2239 1542 2365 1601 trita

793 1661 846 1703 et
889 1650 1143 1704 familiari
1179 1651 1279 1702 loci
1312 1650 1474 1714 hujus
1521 1646 1828 1715 exponendi
1866 1646 2080 1699 ratione
2124 1649 2363 1703 servata,

794 1744 914 1811 ejus
956 1742 1278 1797 sententiam
1310 1755 1407 1810 pro
1447 1740 1591 1793 vitili
1635 1740 2028 1808 explicavimus
2079 1736 2183 1790 Sed
2227 1750 2367 1804 quo-

796 1835 942 1888 niam
990 1832 1293 1886 Salvatoris
1324 1832 1502 1883 oratio
1530 1830 1596 1883 ad
1639 1831 1781 1883 altos
1814 1829 1983 1886 animi
2016 1842 2212 1881 sensus
2262 1840 2363 1879 nos

796 1933 979 1985 vocat,
1006 1933 1169 1991 atque
1195 1922 1260 1975 ad
1296 1922 1615 1975 subtiliores
1647 1928 1947 1990 conceptus
1966 1917 2362 1989 propemodum

795 2033 896 2070 nos
934 2015 1153 2084 adigere
1182 2013 1419 2105 vidcytr,
1452 2030 1560 2067 non
1593 2013 1916 2081 simpliciter
1941 2012 2220 2065 lucernam
2244 2023 2367 2063 esse

793 2108 1062 2163 Joannem
1090 2104 1437 2178 significans,
1473 2106 1565 2160 sed
1621 2104 1903 2159 ardentem
1978 2111 2032 2158 et
2067 2104 2364 2165 lucentem,

796 2203 1169 2255 necessarium
1201 2200 1607 2262 existimamus,
1639 2197 1917 2251 dictorum
1953 2198 2008 2249 vi
2056 2202 2110 2248 et
2153 2196 2368 2247 ratione

798 2294 998 2347 acriori
1030 2294 1232 2347 mentis
1268 2292 1384 2345 acie
1414 2296 1699 2361 perspecta
1724 2329 1736 2351 ,
1768 2286 2234 2359 pulchritudinem
2272 2302 2367 2340 ve-

794 2384 977 2439 ritatis
1008 2383 1287 2451 indagare.
1335 2382 1537 2435 Locum
1573 2389 1752 2433 autem
1803 2383 1977 2448 ipsum
2011 2377 2191 2431 denuo
2244 2391 2369 2445 pro-

797 2476 1058 2529 feremus.
1098 2493 1115 2524 ι
1157 2474 1247 2527 lllc
1274 2483 1394 2527 erat
1436 2473 1680 2534 lucerna,
1712 2489 1728 2521 ›
1787 2469 1987 2538 inquit.
2047 2466 2368 2520 Sulliciehat

797 2566 879 2617 vel
916 2570 1017 2617 hoc
1050 2578 1242 2627 unum,
1293 2562 1361 2615 ad
1418 2560 1836 2630 significandum
1889 2566 2142 2613 sanctum
2191 2556 2372 2626 Bapti-

797 2668 936 2709 stam
977 2654 1157 2709 :adco
1204 2661 1263 2706 ut
1306 2653 1583 2706 auditores
1631 2653 1699 2706 ad
1752 2650 2071 2704 memoriam
2124 2650 2368 2703 revocari

798 2758 1024 2818 possent
1055 2748 1193 2815 ejus,
1224 2761 1347 2815 qua:
1374 2744 1441 2799 de
1466 2746 1586 2813 ipso
1638 2744 1785 2796 facta
1813 2749 1917 2805 est,
1955 2741 2274 2811 pr0phetiaz,
2313 2740 2369 2794 in

801 2841 949 2892 hunc
978 2839 1198 2893 modum
1241 2856 1254 2892 :
1292 2857 1308 2889 ι
1348 2837 1543 2892 Paravi
1579 2836 1865 2890 lucernam
1900 2833 2126 2888 Christo
2154 2847 2295 2886 meo.
2346 2850 2365 2883 ›

796 2930 931 2983 Cum
978 2938 1157 2984 autem
1204 2945 1314 2983 non
1376 2937 1587 2983 tantum
1649 2928 1926 2982 «lucerna
1971 2945 1989 2978 ι
2043 2926 2214 2987 dicat,
2274 2923 2370 2978 sed

797 3022 1054 3090 adjiciat,
1119 3040 1137 3072 ι
1178 3021 1379 3076 ardens
1409 3029 1463 3076 et
1507 3022 1692 3075 lucens
1731 3062 1745 3086 ,
1785 3039 1803 3071 ι
1834 3027 1984 3089 patet
2020 3019 2209 3087 utique
2258 3033 2369 3071 non

796 3116 863 3169 ad
898 3105 1175 3184 propheta:
1218 3130 1411 3170 vocem
1449 3114 1712 3168 duntaxat
1746 3112 2052 3167 auditorem
2084 3111 2367 3175 revocari,

2499 653 2546 689 tv
2593 637 2997 709 ἐξωθουμένους
3034 639 3313 706 ἀποδεῖξαι
3346 640 3472 702 τοὺς
3507 640 3858 711 Φαρισαίους,
3909 638 4048 692 ἀλλὰ

2465 729 2558 781 καὶ
2586 728 2879 800 ἀψικόρους
2910 729 3070 793 ὄντας
3099 730 3361 799 ελέγχειν,
3395 731 3487 783 καὶ
3510 728 3893 800 προσεδρεύειν
3949 728 4047 797 μὲν

2464 822 2528 889 τῇ
2580 820 2761 889 ἐφέσει
2808 821 2915 875 τῶν
2950 820 3169 889 ἀγαθῶν
3219 821 3517 892 οὐδαμόθεν
3578 821 4044 887 κατειθισμενους.

2467 913 2912 983 ἀτνογευομένους
2963 913 3020 967 δὲ
3080 914 3269 984 μόλις,
3333 915 3427 968 καὶ
3500 915 3624 968 ὅσον
3683 915 3740 965 ἐν
3798 915 4045 983 ῥήμασιν

2467 1004 2858 1068 ἐπαινέσαντας
2916 1006 3075 1075 μόνον
3126 1007 3274 1070 τοὺς,
3315 1023 3472 1077 οιπερ
3526 1006 3592 1059 ἂν
3638 1004 3849 1069 δόξειαν
3906 1001 4046 1057 εἶναι

2469 1096 2675 1160 σεπτοὶ,
2709 1098 2846 1166 ταχὺ
2877 1098 3013 1168 πρὸς
3036 1102 3134 1167 τὴν
3162 1097 3405 1150 ἐναντίαν
3435 1096 3547 1161 ’ἐξιν
3583 1099 3921 1168 μεταχωρεῖν
3949 1098 4047 1150 οὐκ

2466 1188 2913 1259 αίσχυιομένους.
2941 1188 3112 1243 Τοῦτο
3140 1191 3248 1260 γὰρ
3275 1184 3430 1260 οἶμαι
3465 1189 3771 1259 σημαίνειν,
3830 1188 3893 1240 τὸ
3933 1188 4020 1241 ἐθε

2468 1280 2631 1348 λῆσαι
2662 1281 2797 1351 πρὸς
2821 1281 2969 1350 ὤραν
2998 1281 3428 1351 ἀγαλλιασθῆναι
3468 1283 3525 1334 ἐν
3555 1299 3633 1350 τῳ
3681 1281 3818 1349 φωτί
3858 1279 4045 1334 αὐτοῦ.

2481 1372 2895 1442 Ἀπεθαύμαζον
2937 1372 3036 1443 μέν
3070 1372 3179 1444 γὰρ
3218 1374 3275 1425 ἐν
3308 1375 3503 1444 ἀρχαῖς
3523 1374 3615 1425 τὸν
3649 1373 3802 1439 ἅγιον
3839 1373 4047 1424 Barm-

2471 1464 2620 1534 στὴν,
2650 1465 2726 1527 ὡς
2748 1464 3013 1535 ἅσκητὴν,
3057 1464 3133 1529 ὡς
3163 1465 3426 1534 φιλόθεον,
3467 1466 3543 1527 ὡς
3575 1465 3863 1527 εὐλαϐείας
3908 1464 4048 1516 ἀπά-

2472 1573 2570 1625 σης
2594 1556 2981 1627 ὑπογραμμὸν,
3018 1557 3132 1609 ἀλλ’
3159 1558 3207 1610 οί
3241 1557 3510 1628 τιμῶντες
3537 1556 3614 1625 τῷ
3647 1555 3913 1626 θαύματι,
3945 1555 4049 1606 παν

2469 1649 2552 1700 λιν
2586 1648 2915 1719 ὑϐρίζουσιν,
2946 1650 3046 1702 οὐκ
3074 1650 3388 1719 ἀνεχόμενοι
3423 1650 3672 1717 λέγοντοι
3703 1667 3717 1680 ·
3757 1670 3773 1700 ι
3796 1651 4048 1720 Ἑτοιμα-

2473 1757 2601 1792 σατε
2627 1739 2723 1810 τὴν
2772 1740 2888 1792 ὁδὸν
2915 1741 3139 1811 Κυρίου,
3187 1741 3404 1805 εὐθείας
3437 1760 3641 1795 ποιειτε
3684 1742 3784 1804 τὰς
3831 1742 4049 1812 τρίϐους

2471 1831 2561 1883 το]
2591 1829 2726 1883 Θεοῦ
2757 1832 2931 1901 ἡμῶν.
2966 1851 2983 1882 ι
3016 1830 3186 1884 Τοῦτο
3208 1832 3317 1903 γὰρ
3341 1833 3404 1903 δὴ
3431 1834 3523 1886 καὶ
3549 1832 3829 1895 ποιοῦντες
3859 1850 4051 1901 carpta;

2470 1921 2556 1975 διὰ
2578 1924 2674 1992 τῆς
2696 1922 2977 1986 ἀπειθείας
2997 1923 3332 1978 ἁλίσκονται.
3350 1925 3488 1994 Ἤδη
3524 1925 3621 1995 μὲν
3653 1920 3764 1988 οὖν,
3794 1925 4049 1993 καθάπερ

2470 2013 2871 2084 ὑπολαμϐάνω,
2919 2014 3010 2067 τὸν
3067 2014 3293 2085 εὐτριϐἧ
3335 2017 3429 2068 καὶ
3476 2015 3889 2085 κατειθισμένου
3941 2032 4050 2076 τοις

2470 2107 2681 2171 πολλοῖς
2702 2107 2800 2177 τῆς
2828 2106 3121 2178 ἑρμηνείας
3151 2106 3351 2178 τρόπον
3380 2124 3476 2159 του
3500 2109 3862 2179 προκειμένου
3884 2107 4029 2177 τηρή

2471 2217 2680 2264 σαντες,
2723 2200 2822 2269 τὴν
2874 2200 2959 2252 ἐπ’
3007 2199 3157 2269 αὐτῷ
3213 2199 3466 2271 θεωρίαν,
3511 2199 3650 2253 me
3687 2200 3782 2251 τὶν
3822 2198 4053 2251 ἐνοῦσαν

2469 2294 2600 2364 ἡμῖν
2631 2293 2926 2363 ἐξεθέμεθα
2945 2292 3193 2363 δύναμιν.
3242 2293 3461 2362 Ἐπειδὴ
3503 2292 3558 2345 δὲ
3603 2293 3695 2345 τοῦ
3740 2292 3996 2362 Σωτῆρος
4025 2291 4055 2341 6

2468 2387 2648 2455 λόγος,
2666 2387 2743 2450 εἰς
2763 2385 2983 2456 βαθείας
3003 2386 3148 2456 ἡμᾶς
3167 2385 3495 2438 κατατείνων
3520 2387 3636 2437 two
3662 2402 3726 2446 ας
3746 2385 3841 2436 καὶ
3857 2400 3977 2450 πκ
4004 2402 4055 2435 ορ

2471 2478 2649 2550 τέρων
2680 2478 2922 2548 ἅψασθαι
2974 2477 3262 2547 νοημάτων
3295 2476 3576 2547 μονονουχὶ
3602 2475 3696 2529 καὶ
3733 2475 4054 2541 ἐπαναγκά-

2472 2570 2581 2635 ζων
2615 2572 2831 2641 ὁρᾶται,
2865 2570 2963 2640 οὐχ
2993 2568 3180 2631 ἀπλως
3208 2569 3289 2621 ὅτι
3334 2566 3523 2638 λύχνος
3551 2564 3618 2637 ἦν
3659 2567 3910 2634 Ἰωάννης
3958 2581 4028 2633 cn;

2475 2664 2701 2734 μαίνων,
2721 2664 2835 2717 ἀλλ’
2870 2664 2952 2716 ὄτι
2983 2664 3077 2716 καὶ
3104 2664 3410 2731 καιόμενος,
3460 2660 3553 2713 καὶ
3600 2660 3823 2729 φαίνων·
3880 2660 4056 2724 ἀναγ-

2471 2759 2621 2809 καῖον
2641 2755 2776 2825 ὴγού
2787 2754 2945 2825 μεθα,
2979 2753 3388 2825 προσϐαλόντας
3414 2752 3814 2821 ὀξυωπέστερον
3838 2753 3907 2820 τῇ
3944 2748 4062 2802 τῶν

2472 2845 2777 2916 εἰρημένων
2803 2845 3030 2915 δυνάμει
3086 2843 3184 2913 τῆς
3217 2842 3476 2913 ἀληθείας
3503 2841 3565 2893 τὸ
3611 2840 3801 2902 κάλλος
3826 2842 4061 2909 ίχνηλα-

2471 2939 2604 2989 τεῖν.
2633 2936 2775 2989 Αὐτὸ
2808 2936 2864 2989 δὲ
2895 2935 2957 3005 δὴ
2980 2932 3140 2987 πάλιν
3165 2936 3245 2996 εἰς
3271 2933 3434 3002 μέσον
3462 2934 3593 3001 ήμιν
3620 2929 4058 2999 παροισθήσε.αι

2471 3029 2533 3082 τὸ
2560 3027 2722 3098 ῥητόν
2746 3044 2759 3056 ·
2789 3045 2808 3078 ι
2855 3027 3091 3089 Ἐκεῖνος
3110 3021 3177 3096 ἦν
3206 3027 3234 3077 6
3263 3025 3473 3094 λύχνος,
3516 3042 3534 3074 ›
3568 3024 3748 3092 φησίν.
3791 3022 4061 3090 Ἐξήρκει

2477 3123 2571 3174 καὶ
2598 3120 2687 3174 διὰ
2727 3119 2917 3173 τούτου
2962 3118 3122 3189 μόνου
3172 3117 3559 3187 κατασημῆναι
3596 3116 3686 3169 τὸν
3742 3114 3897 3181 ἆγιον
3950 3114 4062 3166 Βα-

798 3206 891 3259 sed
915 3207 1079 3260 etiam
1108 3206 1174 3259 ad
1206 3214 1391 3277 typum
1434 3206 1727 3276 quemdam
1770 3205 2023 3272 legalem,
2067 3204 2185 3272 qui,
2224 3204 2371 3258 velut

2476 3212 2741 3283 πτιστὴν,
2782 3210 2923 3264 ὥστε
2973 3210 3067 3263 καὶ
3110 3210 3186 3272 είς
3225 3207 3437 3261 ἔννοιαν
3486 3209 3613 3270 τοὺς
3666 3204 4063 3278 ἀκροωμένους

798 3298 852 3350 in
890 3298 1079 3351 umhra
1104 3305 1157 3352 et
1192 3297 1388 3367 figura,
1425 3296 1694 3350 Joannem
1747 3294 1938 3349 facem'
1965 3294 2368 3365 prmferentem.

801 3391 904 3443 hoc
926 3398 1010 3444 est
1046 3390 1421 3443 testimonium
1471 3390 1536 3441 de
1574 3388 1796 3442 Christo
1820 3387 2053 3440 Domino
2083 3386 2375 3455 perhiben-

799 3492 931 3549 tem,
960 3484 1427 3552 nrzenionstrahat.
1467 3482 1705 3535 Rursum
1740 3489 1919 3535 autem
1956 3480 2263 3535 I‘harisaeos
2281 3478 2374 3550 qui

802 3576 937 3627 falsa
993 3576 1353 3645 persuasione
1397 3575 1681 3644 sapientizu
1728 3573 1899 3627 inﬂati
1957 3583 2150 3638 erant,
2191 3581 2377 3641 utpote

799 3668 891 3736 qui
928 3668 1236 3736 inscriptis
1285 3667 1541 3723 Mosaicis
1593 3669 1815 3722 assidue
1858 3676 2232 3731 versarentur,
2284 3684 2377 3722 os-

801 3760 975 3812 tendit
1016 3760 1300 3829 imperitos
1330 3774 1475 3824 esse,
1510 3768 1563 3814 et
1599 3762 1859 3829 Opinione
1888 3762 2069 3829 potius
2102 3761 2377 3830 sapientes

801 3868 962 3919 quam
993 3852 1127 3921 legis
1162 3854 1392 3922 peritos.
1430 3852 1529 3907 llic
1573 3853 1757 3921 itaque
1792 3854 1961 3907 totius
1984 3853 2253 3907 orationis
2283 3854 2380 3905 hn-

795 3940 887 4008 jus
917 3956 1118 4009 scopas
1146 3949 1250 3995 est.
1291 3942 1555 3996 Existimo
1582 3958 1733 4002 vero.
1754 3944 1874 4011 ipso
1904 3959 2122 4012 quoque
2151 3945 2379 3997 oraculo

800 4033 987 4086 divino
1018 4034 1070 4085 in
1106 4035 1344 4088 medium
1380 4034 1542 4104 250
1564 4035 1797 4104 prolato,
1835 4035 2236 4090 ostendendum
2264 4036 2376 4103 jam

802 4126 960 4177 uoltis
996 4141 1138 4189 esse,
1177 4125 1396 4178 beatum
1429 4125 1728 4194 Baptistam
1765 4142 1870 4180 non
1925 4127 2206 4182 lucernam
2242 4130 2377 4183 sim-

803 4216 1022 4286 pliciter
1051 4232 1191 4279 esse,
1226 4217 1321 4271 sed
1350 4226 1402 4270 et
1436 4217 1719 4270 ardentem
1764 4228 1817 4270 et
1866 4218 2170 4271 lucentem.
2235 4217 2373 4273 Cum

801 4324 932 4376 ergo
963 4306 1105 4362 Deus
1144 4325 1266 4378 qua
1313 4309 1381 4363 ad
1426 4316 1679 4363 sanctum
1736 4308 2151 4362 tabernaculum
2205 4310 2344 4379 perti

805 4406 937 4452 nent
981 4407 1265 4462 statueret,
1304 4398 1568 4468 perfectis
1598 4400 1787 4453 aulaeis
1819 4398 2029 4459 decem.
2090 4415 2375 4455 sacrorum

803 4491 1104 4546 antistitem
1139 4491 1377 4561 Moysem
1414 4491 1493 4544 sic
1523 4491 1863 4559 alloquitur;
1896 4511 1915 4542 ι
1956 4490 2022 4544 Ει
2049 4499 2105 4544 ιιι
2142 4494 2376 4562 praecipe

807 4585 934 4639 filiis
967 4582 1157 4647 Israel,
1200 4594 1253 4639 ct
1280 4591 1500 4639 sumant
1552 4584 1658 4639 sibi
1693 4587 1871 4637 oleum
1904 4583 1969 4637 de
2002 4584 2181 4646 olivis,
2216 4599 2376 4637 mun-

802 4673 958 4737 dum,
994 4690 1214 4743 purum,
1242 4688 1565 4741 expressum
1610 4673 1676 4726 ad
1707 4674 1913 4737 lumen,
1955 4683 2011 4727 ut
2074 4674 2263 4727 ardeat
2293 4673 2375 4725 lu-

801 4779 967 4818 cerna
1003 4779 1221 4832 semper
1249 4764 1303 4816 in
1335 4763 1697 4817 tabernaculo
1732 4763 2055 4827 testimonii,
2106 4772 2259 4817 extra
2285 4780 2376 4819 ve-

805 4856 912 4909 lum
942 4855 1277 4910 testamenti.
1307 4854 1578 4910 Accendet
1603 4870 1721 4908 eam
1752 4855 1933 4909 Aaron
1969 4862 2022 4909 et
2056 4854 2148 4908 filii
2179 4855 2318 4924 ejus,
2347 4869 2377 4908 a

803 4962 1032 5016 vespera
1063 4961 1239 5015 usque
1266 4945 1332 4999 ad
1368 4960 1548 5009 mane,
1585 4960 1767 4999 coram
1793 4945 2045 5009 Domino,
2076 4944 2376 5016 legitimum

807 5038 1201 5105 sempiternum
1234 5037 1287 5091 in
1330 5040 1617 5107 progenies
1646 5046 1862 5093 vestras
1921 5053 1950 5091 a
2009 5037 2137 5092 ﬁliis
2188 5037 2376 5091 Israel.

804 5128 871 5181 Et
912 5140 966 5183 tu
989 5128 1167 5183 adduc
1201 5130 1269 5183 ad
1311 5132 1545 5199 teipsum
1575 5130 1755 5183 Aaron
1817 5129 2042 5185 fratrem
2099 5139 2273 5192 tuum,
2329 5136 2384 5184 et

806 5221 951 5275 filios
986 5221 1110 5287 ejus
1140 5236 1205 5276 ex
1240 5221 1365 5273 filiis
1397 5220 1563 5275 Israel
1593 5262 1606 5286 ,
1652 5229 1710 5274 ut
1739 5221 1875 5275 mihi
1907 5220 2222 5275 sacerdotio
2252 5219 2378 5273 fun-

805 5313 1086 5382 gantur”.
1144 5334 1164 5366 ι
1232 5312 1511 5369 Hactenus
1567 5315 1816 5368 divinum
1882 5316 2187 5378 oraculum,
2231 5314 2379 5384 quod

801 5403 915 5473 jam
957 5405 1115 5460 nobis
1169 5404 1353 5475 quoad
1424 5405 1537 5459 fieri
1600 5416 1779 5475 potest
1842 5407 2227 5475 explicandum
2274 5416 2379 5462 est.

807 5494 999 5549 Oleum
1056 5496 1381 5552 defaecatum
1430 5513 1493 5550 ac
1541 5514 1735 5568 purum
1793 5498 2107 5567 significare
2164 5498 2384 5553 videtur

808 5588 1162 5657 purissimam
1207 5599 1260 5643 et
1287 5591 1753 5659 simplicissimam
1795 5593 2034 5661 Spiritus
2067 5595 2243 5647 sancti
2284 5610 2375 5647 na-

809 5686 1016 5742 turam,
1051 5678 1455 5748 quminelfahili
1483 5682 1645 5735 modo
1699 5682 1874 5735 instar
1908 5682 2013 5735 olei
2056 5699 2158 5737 nos
2214 5699 2380 5753 pene-

885 5858 930 5889 ”
975 5859 1077 5914 lsa.
1127 5879 1221 5925 XL,
1266 5864 1316 5917 5.
1396 5864 1440 5895 θ’
1480 5861 1655 5918 Levit.
1694 5879 1839 5928 xum,
1878 5862 1990 5917 l-‘J.

2476 3306 2809 3375 ἀναδραμεῖν
2848 3302 2946 3371 τῆς
2994 3310 3121 3372 περι
3177 3299 3343 3354 αὐτοῦ
3394 3300 3757 3373 προφητείας,
3814 3297 4063 3366 ἐχούεη“

2476 3388 2577 3448 ὦδε
2603 3411 2617 3424 ·
2654 3413 2672 3444 ι
2698 3393 2998 3461 Ἰἰτοίμασα
3023 3392 3215 3460 λύχνον
3244 3390 3322 3460 τῷ
3348 3389 3568 3459 Χριστῷ
3594 3406 3713 3458 μου.
3755 3406 3773 3439 ι
3820 3388 4061 3454 Ἐπειδὴ

2477 3488 2535 3542 δὲ
2560 3484 2881 3558 προστίθησι
2925 3484 3002 3554 τῷ
3050 3503 3067 3535 ι
3110 3483 3301 3553 λύχνον
3337 3500 3353 3531 ι
3391 3483 3587 3543 εἰπεῖν,
3626 3499 3643 3531 ‹
3681 3479 3708 3529 ὁ
3738 3478 4061 3545 καιόμενος,

2478 3581 2572 3634 καὶ
2599 3578 2825 3648 φαίνων,
2862 3595 2881 3628 ι
2914 3576 3072 3646 δῆλος
3118 3574 3184 3628 ἂν
3214 3575 3299 3643 εἴη
3325 3572 3590 3645 δήπουθεν
3630 3573 3727 3624 οὐκ
3772 3571 3847 3631 είς
3881 3571 4063 3638 μόνην

2478 3674 2577 3743 τὴν
2623 3671 2716 3724 τοῦ
2762 3669 3039 3740 προφήτου
3073 3668 3256 3737 φωνὴν
3302 3664 3590 3734 ἀναφέρων
3618 3663 3706 3714 τὸν
3751 3662 4063 3731 ἀκροατὴν,

2479 3762 2615 3816 ἀλλὰ
2644 3762 2736 3814 καὶ
2777 3763 2852 3821 είς
2886 3759 3116 3828 νομικήν
3160 3774 3279 3809 τινα
3311 3753 3663 3811 διατύπωσιν,
3708 3753 3780 3811 ὡς
3814 3750 3874 3802 ὲ)
3928 3752 4065 3818 σχή-

2484 3870 2613 3924 ματι
2668 3850 2830 3903 πάλιν
2867 3850 2960 3901 καλ.
3000 3849 3129 3917 σκιᾷ
3154 3847 3252 3915 τὴν
3307 3845 3552 3897 Ἰωάννου
3594 3840 3878 3911 δᾳδουχίαν
3925 3857 4035 3911 προ

2480 3946 2944 4003 αναπλάττουσαν,
2971 3943 3038 4013 ἣν
3074 3941 3253 4002 καλῶς
3277 3940 3569 4009 ἐποιήσατο
3599 3934 3968 4006 μαρτυρήσας
3990 3929 4064 3997 τῷ

2480 4035 2722 4104 Δεσπότη
2753 4032 2994 4103 Χριστῷ.
3031 4032 3119 4093 Ὠς
3160 4030 3215 4083 δὲ
3251 4031 3364 4091 τοῖς
3391 4028 3701 4087 Μωσαῖκοῐς
3730 4025 4066 4091 ὁμυ.ουντα;

2479 4126 2656 4189 λόγοις
2692 4126 2784 4179 καὶ
2834 4124 2993 4177 τοῦτο
3028 4120 3317 4191 ἐνδελεχῶς
3349 4120 3475 4180 τοῦς
3513 4116 3855 4188 οἰησίφρονας
3894 4115 4068 4184 Φαρι-

2482 4220 2665 4281 σαίους
2706 4218 2976 4287 ἐξελέγχει
3012 4216 3173 4268 πάλιν
3227 4211 3655 4282 ἀμαθαίνοντας,
3693 4206 3787 4258 καὶ
3827 4205 4067 4273 δοκήσει

2484 4307 2680 4377 μᾶλλον
2709 4306 2865 4368 ὄντας
2899 4305 3118 4371 σοφοὺς,
3151 4304 3293 4373 ἤπερ
3321 4301 3480 4362 ὄντας
3510 4295 3853 4366 νομομαθεῖς.
3892 4288 4069 4354 Οὗτος

2484 4402 2582 4469 μὲν
2616 4394 2707 4452 οὖν
2755 4397 2975 4467 σύμπας
3016 4396 3164 4447 ἐστὶν
3199 4397 3226 4446 6
3263 4392 3356 4445 τοῦ
3401 4391 3558 4459 λόγνυ
3594 4386 3810 4447 σκοπός.
3847 4389 3986 4438 Δεῖν
4017 4386 4069 4437 δὲ

2483 4493 2624 4561 ἡμᾶς
2668 4488 3051 4559 ἀναμφιλόγως
3082 4483 3466 4553 ὑπολαμϐάνω,
3501 4480 3592 4532 καὶ
3642 4477 3699 4531 τὸ
3732 4476 3880 4528 θεῖον
3938 4478 4074 4528 ab!)

2411 4563 2454 4618 Ῑ)
2484 4578 2959 4653 παρακομίζοντας
2991 4576 3188 4643 λόγιον,
3224 4571 3580 4626 ἐπιδεικνύειν
3607 4568 3702 4638 ἥδη
3735 4566 3942 4634 λύχνον
3975 4567 4072 4633 οὐχ

2486 4676 2670 4739 ἁπλῶς
2735 4674 2872 4727 ἀλλά
2900 4671 2993 4724 καὶ
3022 4668 3309 4739 καιόμενον
3347 4664 3438 4717 καὶ
3484 4661 3734 4732 φαίνοντα
3758 4658 3852 4709 τὸν
3887 4658 4074 4727 μακάο

2487 4785 2601 4839 ριον
2648 4763 2980 4832 Βαπτιστήν.
3030 4762 3159 4813 Ὅτε
3214 4758 3391 4811 τοίνυν
3439 4753 3507 4807 τὰ
3570 4751 3694 4821 περὶ
3744 4765 3847 4817 της
3904 4750 4073 4814 ἁγίας

2487 4859 2694 4929 σκηνῆς
2725 4856 2974 4909 ὃιετύπου
3012 4852 3165 4914 Θεὸς,
3209 4849 3345 4920 μετά
3375 4847 3471 4919 τὴν
3502 4844 3731 4900 αὐλαίων
3779 4841 3899 4892 τῶν
3938 4841 4076 4893 δέκα

2487 4950 2882 5020 συμπλήρωσιν
2905 4989 2919 5013 ,
2970 4945 3117 5012 λέγει
3146 4941 3280 5012 πρὸς
3318 4940 3409 4993 τδν
3460 4936 3778 5007 ἱεροφάντην
3808 4932 4038 4984 Μωσέα
4059 4947 4071 4957 ·

2492 5061 2511 5094 ι
2547 5042 2653 5094 Καὶ
2690 5041 2751 5092 σὺ
2780 5034 3036 5100 σύνταξον
3058 5037 3166 5096 τοῖς
3189 5034 3323 5093 υἱοῖς
3361 5026 3594 5100 Ἰσραὴλ,
3619 5025 3711 5077 καὶ
3739 5021 4078 5075 λαϐέτωσαν

2488 5150 2569 5185 σοι
2587 5132 2761 5183 ἔλαιον
2786 5128 2847 5193 ἐξ
2866 5127 3082 5191 ἐλαίων,
3110 5126 3364 5194 ἄτρυγον,
3398 5116 3657 5187 καθαρὸν,
3687 5114 4074 5182 κεκομμένον,

2488 5224 2568 5287 εἰς
2594 5222 2709 5291 φῶς
2743 5221 2963 5282 καῦσαι,
2998 5220 3084 5272 ἵνα
3122 5218 3344 5285 καίηται
3370 5215 3398 5266 6
3436 5211 3622 5280 Λύχνος
3651 5206 3738 5259 διὰ
3770 5208 3992 5269 παντὸς
4025 5208 4079 5257 ἐν

2484 5320 2550 5388 τῇ
2581 5318 2751 5384 σκηνῇ
2803 5312 2897 5365 τοῦ
2938 5308 3258 5381 μαρτυρίου,
3290 5304 3485 5371 ἔξωθεν
3514 5300 3606 5354 τοῦ
3632 5300 4073 5367 καταπετάσμα»

2484 5426 2596 5472 τος,
2630 5407 2722 5460 τοῦ
2758 5405 2851 5457 ἐπὶ
2897 5404 2997 5471 τῆς
3034 5401 3317 5469 διαθήκης.
3369 5394 3572 5449 Καύσει
3617 5390 3777 5444 αὐτὸν
3817 5390 4075 5459 ’Δαρὼν,

2489 5502 2582 5555 καὶ
2638 5500 2743 5552 υἱοὶ
2794 5496 2994 5556 αὐτοῦ,
3051 5494 3157 5547 ἀπὸ
3203 5491 3439 5559 ἑσπέρας
3484 5487 3587 5546 ἕως
3634 5480 3779 5553 πρωῒ
3812 5481 4075 5536 ἐναντίοι

2488 5595 2713 5663 Κυρίου,
2746 5591 2974 5660 νόμιμον
3010 5586 3227 5641 αἰώνιον
3259 5584 3339 5647 εἰς
3375 5580 3471 5642 τὰς
3508 5574 3697 5646 γενεὰς
3720 5571 3885 5641 ὑμῶν
3917 5574 4077 5641 παρὰ

2485 5687 2595 5740 τῶν
2623 5686 2753 5739 υἱῶν
2782 5682 3017 5753 Ἰσραήλ.
3049 5681 3156 5733 Καὶ
3181 5678 3244 5731 σὺ
3276 5670 3621 5746 προσαγάγοι)
3652 5664 3789 5735 πρὶις
3810 5664 4077 5729 σεαυτὸν,
