4206 6510
197 416 300 473 ξοδ

1182 422 1245 475 EN
1282 420 1569 480 J'OANNIS
1605 422 2055 482 EVANGELIUM
2093 429 2221 486 Lm.
2266 430 2349 486 Ill.

3344 431 3448 490 606

193 528 281 580 τὸν
312 545 371 581 τε
399 529 605 600 Ἀαρὼν
630 530 718 584 τὸν
749 529 975 600 ἀδελφόν
999 548 1114 596 σου,
1146 535 1240 587 καὶ
1271 536 1394 598 τοὺς
1424 537 1573 599 υίοὺς
1597 537 1748 590 αύτοῐ

1866 546 2035 605 trans,
2066 542 2257 608 nutrit,
2292 549 2604 606 conservat,
2656 550 2710 597 et
2766 549 2952 613 auget,
2996 558 3104 598 nou
3158 558 3320 599 secus
3381 558 3446 598 ac

193 621 256 671 ἐκ
289 621 397 673 τῶν
444 621 577 674 υίῶν
623 623 837 694 Ἰσραὴλ
877 624 1178 695 ἱερατεύειν
1209 643 1322 696 μοι.
1375 646 1393 678 ›
1436 627 1507 679 Τὸ
1538 629 1636 698 μὲν
1672 625 1763 681 οὖν

192 709 333 761 Θεῖον
364 710 543 779 λόγιον
584 713 643 765 ἐν
688 713 898 779 τούτοις
943 716 1073 785 ἡμῖν
1113 718 1321 770 ἑστάτω
1347 760 1359 781 ,
1402 720 1681 790 χωρητέον
1708 721 1764 773 δὲ

192 800 290 869 ἤδη
344 802 478 871 πρὸς
534 802 634 872 τὴν
688 803 1042 875 ἐνδεχομένην
1101 808 1400 876 σαφήνειαν
1452 810 1639 863 αὑτοῦ.
1693 810 1764 863 Τὸ

188 893 369 947 ἔλαιον
404 896 465 948 τὸ
494 897 730 967 ἄτρυγόν
758 915 817 951 τε
853 899 947 951 καὶ
975 899 1231 969 καθαρὸν,
1263 901 1437 954 ἔοικεν
1465 903 1764 972 ύποδηλοῦν

188 989 286 1058 τὴν
311 988 707 1060 καθαρωτάτην
738 992 831 1043 καὶ
853 991 1117 1044 ἀθόλωτον
1135 992 1228 1044 τοῦ
1255 993 1379 1056 ἁγίο
1446 994 1585 1047 Πνεύ
1594 1012 1763 1064 ματος

187 1078 371 1145 φύσιν,
390 1079 513 1149 ἦτις
540 1080 597 1131 ἐν
625 1080 754 1149 ἡμῖν
779 1079 957 1132 ἐλαίου
986 1079 1141 1149 δίκην
1167 1079 1539 1151 ἀπερινοήτως
1562 1081 1764 1151 εἰστρέ-

185 1185 357 1237 χουσα
396 1169 711 1239 ἀποτρέψει,
743 1172 835 1222 καὶ
870 1169 1081 1239 συνέχει
1110 1172 1202 1223 καὶ
1230 1170 1382 1237 αὔξει
1407 1171 1498 1223 τὸν
1532 1173 1591 1223 ὲν
1617 1172 1758 1242 ψυχῇ

182 1261 487 1331 φωτισμὸν,
520 1262 771 1331 καθάπερ
800 1263 856 1314 ὲν
885 1260 1062 1331 λύχνῳ
1091 1262 1365 1332 κείμενον.
1399 1263 1554 1315 Οὕτω
1580 1263 1635 1315 δὲ
1670 1265 1760 1316 καὶ

181 1352 274 1405 τὸν
326 1352 610 1407 Θεσπέσιον
667 1354 980 1425 Βαπτιστὴν
1038 1355 1138 1424 τῆς
1192 1355 1320 1427 περὶ
1370 1356 1461 1409 τοῦ
1510 1357 1761 1427 Σωτῆρος

181 1444 341 1511 ἡμῶν
374 1446 681 1516 μαρτυρίας
706 1447 767 1498 τὸ
802 1446 917 1514 φῶς
951 1446 1227 1516 ἐκλάμψαι
1276 1448 1624 1518 πιστεύομεν,
1662 1450 1761 1501 οὐκ

181 1536 449 1608 ἑτέρωθεν
478 1539 575 1609 τὴν
603 1538 696 1591 τοῦ
722 1538 983 1592 δύνασθαι
1016 1543 1370 1607 φωταγωγεῐν
1393 1540 1760 1608 κομισάμενον

178 1634 432 1700 δύναμιν,
462 1633 493 1701 ἦ
523 1632 609 1685 διὰ
630 1631 725 1684 τοῦ
749 1630 929 1683 ἐλαίου
955 1631 1049 1684 τοῦ
1079 1631 1292 1702 νοητοῦ,
1320 1632 1559 1695 δυνατῶς
1584 1650 1642 1684 τε
1666 1633 1758 1685 καὶ

176 1724 505 1793 ἐπιτηδείως
548 1722 763 1793 ἔχοντος
817 1723 897 1783 είς
934 1721 995 1774 τὸ
1038 1721 1156 1788 φῶς
1193 1721 1394 1775 καῦσαι
1442 1722 1501 1774 τὸ
1534 1721 1676 1775 θεῖον
1701 1724 1758 1774 ὲν

176 1819 333 1885 ἡμῖν,
367 1816 393 1868 ὂ
418 1815 482 1885 δὴ
514 1815 607 1867 καὶ
631 1814 791 1876 αὐτὸς
820 1817 848 1867 6
877 1812 1067 1883 Σωτὴρ
1120 1811 1197 1873 ὡς
1231 1813 1288 1863 ἐν
1316 1813 1600 1883 αἰνίγματι
1626 1831 1758 1865 κατ-

176 1884 391 1974 εμήνυε
422 1884 615 1973 λέγων’
656 1924 674 1957 ι
706 1905 824 1975 Πῦρ
848 1901 1009 1975 ἦλθον
1032 1903 1214 1974 βαλεῖν
1243 1905 1336 1956 ἐπὶ
1376 1905 1473 1973 τὴν
1506 1904 1633 1975 γῆν,
1667 1906 1759 1957 καὶ
1791 1884 1831 1939 Β

172 1998 229 2049 τί
274 1998 414 2051 Θέλω
450 2001 497 2051 εί
536 1997 633 2068 ἥδη
667 1997 919 2068 άνήφΘη;
963 2016 980 2047 ι
1029 1996 1235 2066 Λύχνος
1274 1992 1366 2049 οὖν
1396 1996 1470 2059 ὼς
1503 1995 1561 2048 ὲν
1604 1994 1758 2065 τύπῳ

172 2092 342 2145 πάλιν
380 2094 408 2144 6
443 2092 727 2161 καιόμενος
753 2130 767 2152 ,
823 2090 916 2143 καὶ
965 2090 1171 2158 φαίνων
1216 2089 1302 2143 διὰ
1347 2089 1546 2153 παντὸς
1597 2091 1655 2142 ὲν
1687 2092 1754 2159 τῇ

175 2188 349 2255 σκηνῇ
384 2185 475 2237 τοῦ
511 2183 808 2255 μαρτυρίου
837 2185 865 2236 6
902 2182 1168 2252 μακάριος
1199 2178 1267 2252 ἦν
1290 2182 1615 2252 Βαπτιστής.
1648 2182 1757 2235 Καὶ

170 2278 233 2331 τὸ
281 2278 379 2347 μὲν
412 2280 468 2330 ὲν
504 2261 673 2347 σκηνῇ
710 2275 804 2328 τοῦ
838 2275 1135 2345 μαρτυρίου
1172 2275 1383 2342 φαίνειν
1423 2274 1620 2336 αὐτὸν,
1659 2292 1756 2345 ση-

174 2368 364 2438 μαίνει
406 2366 502 2419 καὶ
545 2365 746 2429 καλῶς,
777 2365 858 2418 ὅτι
892 2365 1077 2427 δεκτὸς
1113 2366 1171 2418 ὲν
1203 2364 1521 2433 ἐκκλησίαις
1549 2366 1578 2417 6
1621 2365 1752 2437 παρ’

167 2460 337 2515 αὐτοῦ
365 2459 673 2528 φωτισμὸς,
714 2459 806 2512 καὶ
840 2461 940 2511 οὐκ
969 2457 1073 2522 ἔξω
1109 2458 1348 2510 κείσεται
1382 2458 1481 2526 τῆς
1516 2459 1665 2527 ἱερᾶς
1693 2475 1752 2511 τε

168 2553 265 2607 καὶ
299 2551 451 2613 Θείας
489 2549 583 2602 τοῦ
625 2551 875 2619 Σωτῆρος
924 2548 1114 2618 αὐλῆς.
1165 2548 1238 2601 Τό
1266 2566 1329 2617 γε
1373 2549 1479 2620 μὴν
1526 2549 1629 2614 ἔξω
1657 2549 1750 2604 τοῦ

168 2644 661 2710 καταπετάσματος
698 2641 930 2713 ὁρᾶσθαι
970 2642 1060 2694 τὸν
1094 2642 1307 2712 λύχνον,
1343 2642 1520 2695 ἔοικεν
1551 2644 1753 2713 ὑποδη-

166 2732 316 2795 λοῦν,
340 2733 423 2785 ὅτι
447 2733 539 2785 τὸν
560 2731 927 2802 ἁπλούστερον
948 2749 1007 2785 τε
1033 2733 1127 2785 καὶ
1144 2734 1503 2802 εἰσαγωγικὸν
1526 2735 1750 2789 εἰσοίσει

165 2825 485 2896 φωτισμὸν,
553 2844 571 2877 ι
625 2827 997 2889 Μετανοεῖτε,
1040 2826 1254 2894 λέγων’
1301 2828 1497 2898 ἣγγικε
1546 2830 1653 2900 γὰρ
1716 2832 1748 2901 ή

165 2917 418 2988 βασιλεία
444 2918 552 2969 τῶν
578 2918 845 2988 οὐρανῶν.
890 2936 908 2968 ι
941 2918 1063 2971 Τῶν
1089 2918 1145 2970 δὲ
1181 2918 1288 2971 ἔσω
1307 2918 1401 2971 τοῦ
1432 2922 1747 2973 καταπετά-

163 3026 375 3080 σματος
400 3009 931 3079 ἀποκεκρυμμένων,
953 3009 1153 3079 δηλαδὴ
1176 3009 1269 3062 τοῦ
1310 3011 1564 3082 Σωτῆρος
1589 3013 1749 3082 ἡμῶν

164 3101 521 3170 μυστηρίων,
573 3101 723 3153 οὐδὲν
776 3100 912 3163 ὅλως
972 3102 1317 3158 ἐπιδεικνύει.
1354 3104 1429 3155 Οὐ
1473 3105 1581 3173 γὰρ
1619 3106 1747 3159 ἐδά-

162 3209 362 3245 πτισεν
417 3195 499 3255 είς
542 3193 833 3261 μετουσίαν
885 3193 1038 3260 ἁγίου
1070 3195 1419 3264 Πνεύματος,
1470 3197 1592 3249 οὐδὲ
1627 3199 1741 3251 είσ-
1772 3223 1814 3280 c

159 3283 397 3349 ἠνεγκεν
450 3283 478 3333 ὁ
533 3281 663 3350 παρ’
715 3280 879 3333 αὐτοῦ
934 3283 1212 3351 φωτισμὸς
1264 3287 1342 3347 εἰς
1394 3285 1454 3337 τὸ
1491 3285 1597 3339 ἔσω
1647 3288 1743 3342 τοῦ

155 3372 676 3441 καταπετάσματος·
730 3368 837 3426 Ἦν
891 3374 1000 3441 γὰρ
1045 3375 1137 3427 ἐπὶ
1197 3375 1297 3445 τῆς
1355 3376 1459 3440 ἔξω
1517 3380 1741 3448 arma“

157 3482 178 3516 ι
242 3464 345 3534 τῆς
399 3463 629 3534 ἐχούσης
688 3464 769 3518 ἔτι
806 3465 905 3534 τὴν
966 3467 1175 3533 στάσιν,
1232 3486 1250 3519 ι
1301 3469 1443 3522 κατὰ
1493 3470 1593 3540 τὴν
1651 3471 1743 3524 τοῦ

152 3555 380 3607 Παύλου
422 3555 627 3625 φωνήν.
693 3554 913 3626 Ἐπειδὴ
960 3556 1014 3609 δέ
1059 3574 1254 3627 φησιν,
1305 3561 1384 3611 ὅτι
1423 3579 1441 3610 ι
1482 3562 1575 3613 καὶ
1604 3561 1741 3614 καύ-

150 3666 242 3701 σει
275 3648 441 3701 αύτὸν
484 3648 714 3719 Ἀαρὼν,
744 3648 837 3701 καὶ
860 3650 967 3702 υἱοὶ
1003 3650 1191 3713 αὑτοῦ,
1229 3651 1337 3705 άπὸ
1367 3653 1608 3722 ἑσπέρας
1637 3655 1743 3719 ἕως

146 3739 305 3809 πρωῒ
352 3739 589 3793 ἐναντίον
628 3741 859 3811 Κυρίου,
893 3742 1122 3812 νόμιμον
1152 3743 1369 3797 αἰώνιον
1404 3747 1484 3807 εἰς
1522 3748 1618 3810 τὰς
1647 3766 1742 3816 γε-

145 3832 282 3892 νεάς
311 3830 487 3898 ὑμῶν,
520 3852 537 3880 ι
573 3830 797 3884 τοιῶσδε
841 3831 1000 3885 πάλιν
1040 3834 1229 3903 νοῆσαι
1261 3837 1561 3907 προσήκειν
1589 3838 1742 3910 οἶμαι

144 3926 211 3977 τὸ
244 3923 557 3994 είρημένον.
590 3923 799 3994 Ἀαρὼν
833 3926 923 3979 καὶ
956 3928 1003 3978 οί
1037 3928 1141 3979 υἱοὶ
1171 3929 1359 3991 αὑτοῦ,
1390 3932 1512 3994 τοὺς
1538 3934 1595 3986 ὲν
1622 3939 1742 4001 ταῖς

141 4018 479 4087 ἐκκλησίαις
522 4016 663 4070 κατα
708 4018 899 4088 καιρὸν
964 4020 1379 4090 ἱερουργούντας
1431 4024 1741 4096 ὑποσημαίο

140 4124 328 4171 γουσι,
358 4108 602 4160 τουτέστι
630 4109 751 4171 τοὺς
783 4111 840 4160 ὲν
869 4110 1057 4173 αὐταῖς
1090 4111 1464 4176 διδασκάλους,
1500 4114 1595 4167 καὶ
1632 4115 1741 4168 τῶν

141 4200 318 4253 ὑείων
354 4200 750 4271 θυσιαστηρίων
797 4201 1138 4272 λειτουργούς
1175 4220 1187 4234 ⁶
1216 4197 1362 4256 οὗτοι
1421 4205 1512 4258 τὸν
1550 4206 1739 4277 λύχνον

136 4295 241 4345 τὶν
292 4292 515 4364 νοητὸν,
540 4294 786 4345 τουτέστι
823 4293 916 4344 τὸν
960 4293 1210 4364 Ἰωάννην
1254 4296 1340 4349 ἀεὶ
1370 4297 1739 4367 διαλάμποντα

132 4387 342 4455 τηρεῖν
375 4386 772 4440 ἐπιτάττονται·
799 4386 953 4440 τοῦτο
979 4389 1089 4458 γάρ
1121 4388 1235 4441 ἐστι
1264 4388 1345 4454 τὸ,
1376 4409 1395 4441 ι
1428 4391 1736 4447 Καύσουσιν

132 4476 316 4529 αὑτὸν
382 4477 489 4529 ἀπὸ
545 4477 780 4547 ἑσπέρας
828 4478 931 4541 ἓως
991 4480 1156 4549 πρωῒ.
1198 4499 1216 4532 ι
1262 4482 1318 4534 'U
1358 4482 1463 4553 γὰρ
1515 4484 1737 4553 σύμπας

471 4561 499 4583 τ

1865 632 2044 686 oleum
2086 635 2142 686 in
2169 634 2395 688 lucerna
2427 636 2692 703 positum,
2726 634 3194 689 illuminationem
3231 651 3285 689 In
3316 638 3439 689 ani-

1866 738 1972 776 ma.
2008 722 2099 779 Sic
2135 716 2318 778 autem
2349 725 2595 780 divinum
2657 724 2956 794 Baptistam
3015 714 3317 781 testimonii
3371 727 3440 783 de

1867 811 2149 870 Salvatore
2202 825 2393 871 nostro
2425 817 2602 873 lucem
2631 817 2873 872 eluxisse
2914 818 3211 881 credimus,
3237 828 3295 872 ut
3325 835 3437 874 non

1864 906 2077 961 aliunde
2105 908 2453 962 illuminandi
2492 910 2601 961 vim
2633 910 2961 978 susceperit,
2999 917 3090 963 aut
3119 927 3213 981 per
3249 912 3433 966 oleum

1816 1008 1833 1030 δ
1865 998 1995 1051 illud
2029 1000 2369 1070 intelligibile
2411 1002 2591 1070 possit
2627 1001 2680 1055 in
2705 1002 2865 1056 nobis
2910 1002 3095 1056 lumen
3161 1003 3295 1056 illud
3346 1019 3435 1059 ac-

1863 1089 2279 1160 ccndere,quod
2319 1092 2580 1147 Salvator
2618 1095 2734 1163 ipse
2786 1096 3128 1165 mnigmatice
3158 1094 3438 1165 significa-

1865 1178 1955 1231 bat
1988 1180 2073 1235 his
2096 1182 2284 1236 verbis
2319 1201 2333 1237 :
2370 1203 2388 1235 ι
2428 1184 2611 1253 Ignem
2678 1184 2803 1237 veni
2852 1186 3068 1239 mittere
3098 1185 3151 1239 in
3208 1194 3435 1250 terram,

1861 1277 1915 1323 et
1938 1272 2067 1338 quid
2088 1273 2212 1327 volo
2242 1272 2348 1328 nisi
2375 1284 2431 1327 ut
2457 1264 2739 1328 ardeat”?
2764 1294 2781 1326 ι
2812 1272 3061 1328 Lucerna
3078 1290 3209 1344 ergo
3243 1291 3438 1331 rursus

1864 1361 1953 1414 illa
1974 1363 2175 1419 ardens
2226 1378 2291 1417 ac
2331 1363 2524 1419 lucens
2552 1365 2836 1435 jugiterin
2889 1366 3250 1419 tabernaculo
3281 1367 3438 1421 testi-

1863 1455 2035 1508 monii
2058 1466 2177 1511 erat
2194 1458 2388 1514 beatus
2419 1456 2687 1526 Baptista.
2704 1456 2768 1510 Et
2793 1457 3015 1527 quidem
3043 1456 3189 1526 quod
3214 1458 3331 1527 ipsa
3351 1458 3436 1511 lu-

1865 1554 1956 1600 cet
1991 1548 2044 1600 in
2078 1548 2781 1612 tabernaculoteslimonii,
2808 1557 2955 1604 recte
2984 1564 3206 1619 quoque
3229 1549 3440 1619 signiti-

1861 1648 1951 1692 cat
1972 1649 2249 1707 receptam
2277 1641 2470 1695 essein
2506 1638 2759 1694 ecclesiis
2780 1629 2915 1709 'ejus
2949 1640 3436 1703 illuminationem,

1862 1745 1964 1785 nec
1986 1740 2139 1784 extra
2169 1746 2386 1785 sacram
2424 1742 2477 1785 et
2498 1731 2737 1785 divinam
2764 1730 3067 1785 Salvatoris
3090 1733 3269 1785 aulam
3299 1731 3439 1799 posi-

1861 1826 1974 1870 tum
1995 1819 2085 1873 iri.
2102 1818 2255 1885 Quod
2276 1830 2456 1875 tamen
2475 1820 2702 1876 lucerna
2719 1829 2873 1875 extra
2888 1821 3065 1875 velum
3089 1828 3435 1887 cerneretur,

1860 1908 2177 1978 significare
2214 1911 2429 1966 videtur
2475 1910 2865 1980 simpliciorem
2894 1920 2947 1967 et
2983 1913 3433 1982 praeparatoriam

1859 2004 2153 2058 allaturum
2196 2020 2319 2060 esse
2351 2006 2840 2069 illuminationem,
2883 2007 3120 2061 dicendo
3151 2027 3163 2061 :
3194 2027 3210 2058 ι
3254 2007 3439 2063 Pumi-

1859 2094 2085 2148 tentiam
2117 2095 2297 2163 agite:
2328 2096 2952 2166 appropinquavitenim
2988 2110 3216 2164 regnum
3256 2098 3429 2151 coelo-

1859 2200 1978 2237 rum
1998 2186 2065 2242 “.
2094 2205 2112 2237 ι
2157 2186 2263 2241 Sed
2291 2202 2482 2242 eorum
2520 2203 2642 2257 quae
2672 2196 2799 2242 sunt
2824 2189 2968 2241 intra
2998 2188 3176 2242 velum
3204 2189 3440 2243 abscon-

1856 2278 1992 2341 dita,
2025 2280 2412 2350 mysteriorum
2445 2280 2649 2336 Christi
2690 2282 2976 2343 nimirum,
3022 2282 3233 2335 nullum
3273 2283 3436 2352 plane

1855 2369 2120 2424 ostendit.
2170 2369 2290 2424 Non
2346 2372 2495 2426 enim
2532 2372 2907 2441 haptizavitin
2959 2374 3432 2442 participationem

1856 2462 2031 2516 sancti
2061 2460 2302 2532 Spiritus
2326 2504 2341 2526 ,
2364 2478 2465 2518 nec
2489 2464 2609 2531 ejus
2643 2466 2977 2519 illuminatio
3010 2467 3065 2519 in
3095 2468 3433 2523 tabernaculi

1855 2549 2115 2604 interiora
2169 2553 2375 2606 intulit.
2410 2552 2539 2608 Erat
2584 2556 2730 2608 enim
2784 2556 2837 2609 in
2864 2556 3125 2612 exteriori
3180 2559 3434 2613 taberna-

1853 2643 2017 2707 culo,
2072 2659 2092 2694 ι
2148 2642 2296 2711 quod
2352 2651 2556 2697 statum
2607 2643 2788 2699 adhuc
2862 2646 3177 2713 habebat",
3219 2649 3433 2717 rjuxta

1852 2733 2005 2789 Pauli
2044 2736 2275 2790 dictum.
2332 2735 2490 2801 Quod
2543 2745 2725 2792 autem
2772 2736 2907 2792 dicit
2965 2757 2977 2793 :
3040 2757 3058 2790 ι
3127 2739 3193 2793 Ει
3237 2756 3431 2795 accen-

1851 2826 1944 2880 det
1992 2840 2115 2879 eam
2167 2825 2373 2890 Aaron,
2425 2833 2479 2879 et
2537 2824 2633 2879 lilii
2690 2827 2831 2895 ejus,
2891 2842 2920 2881 a
2969 2842 3199 2897 vespera
3257 2845 3461 2898 usque

1850 2914 2008 2983 251
2037 2915 2102 2968 ad
2134 2930 2327 2980 mane,
2358 2928 2541 2969 coram
2583 2915 2840 2981 Domino;
2874 2916 3181 2985 legitimum
3227 2918 3434 2986 sempi—

1850 3013 2066 3059 ternum
2097 3004 2153 3057 in
2196 3007 2483 3074 progenies
2511 3014 2723 3061 vestras
2749 3045 2763 3069 ,
2804 3025 2823 3057 ι
2872 3006 2975 3060 hoc
3018 3007 3184 3060 modo
3238 3023 3433 3064 rursus

1849 3096 2259 3167 intelligendum
2294 3107 2447 3166 puto.
2480 3097 2666 3151 Aaron
2718 3106 2771 3152 et
2805 3098 2902 3152 ﬁlii
2966 3100 3093 3167 ejus
3120 3099 3434 3169 signiﬁcant

1848 3204 1943 3244 eos
1988 3190 2081 3258 qui
2114 3205 2274 3244 sacro
2302 3206 2527 3245 munere
2558 3190 2861 3260 funguntur
2900 3191 2955 3244 in
2993 3192 3248 3247 ecclesiis
3272 3233 3285 3255 ,
3328 3192 3433 3247 hoc

1848 3290 1950 3347 est,
1978 3282 2230 3337 doctores
2263 3291 2317 3336 et
2350 3282 2664 3336 divinorum
2690 3281 3086 3337 sacriﬁciorum
3116 3283 3426 3339 ministros.

1849 3370 1915 3425 lli
1957 3373 2239 3427 lucernam
2278 3373 2679 3444 intelligibilem
2702 3377 2734 3436 ,°
2752 3372 2856 3427 hoc
2887 3382 2970 3427 est
2998 3372 3267 3428 Joannem
3302 3390 3429 3445 per-

1849 3474 2013 3535 petuo
2042 3465 2374 3519 relucentem
2409 3479 2634 3520 servare
2657 3463 2962 3533 iubentur;
3014 3465 3120 3521 hoc
3163 3468 3308 3520 enim
3346 3477 3434 3522 est

1846 3557 1993 3627 quod
2035 3557 2237 3611 dicitur
2282 3573 2293 3609 :
2356 3574 2374 3607 ι
2408 3556 2725 3610 Accendent
2755 3571 2877 3610 eam
2916 3569 2946 3608 a
2980 3571 3207 3626 vespera
3251 3572 3428 3627 usque

1846 3650 1912 3704 ad
1960 3664 2142 3704 mane.
2189 3668 2207 3701 ι
2243 3647 2441 3702 Totum
2484 3647 2631 3702 enim
2676 3655 2892 3720 tempus
2932 3648 2987 3702 in
3034 3662 3144 3717 quo
3196 3647 3430 3703 debebat

1845 3743 2083 3796 lucernae
2118 3742 2303 3796 lumen
2360 3741 2607 3810 fulgere.
2662 3749 2992 3793 nocturnum
3031 3752 3116 3794 est
3166 3742 3425 3809 spatium,

1843 3851 1952 3906 quo
1974 3834 2259 3905 praesentis
2281 3833 2465 3888 sreculi
2485 3830 2826 3902 signiﬁcatur
2858 3832 3231 3886 intervallum.
3266 3832 3430 3889 Lucis

1844 3929 2043 3997 quippe
2074 3929 2293 3981 nomine
2328 3925 2571 3979 futurum
2602 3926 2869 3979 saeculum
2899 3925 3293 3995 intelligimus;
3329 3942 3425 3981 ac-

1843 4021 2095 4074 cenditur
2124 4035 2255 4075 vero
2279 4058 2294 4083 ,
2335 4019 2453 4073 sive
2491 4018 2691 4074 ardens
2724 4019 2947 4072 lucerna
2982 4027 3264 4084 servatur,
3298 4017 3427 4072 dum

1843 4110 1972 4166 facit
2004 4120 2062 4165 ut
2089 4120 2314 4179 accepta
2345 4111 2415 4165 sit
2443 4125 2661 4180 semper
2682 4109 3039 4164 credentibus
3063 4112 3117 4163 in
3145 4110 3427 4165 Christum

1842 4202 1932 4257 illa
1959 4204 2080 4273 ejus
2109 4203 2502 4273 praelustratio,
2532 4211 2588 4257 et
2610 4216 2736 4257 vere
2760 4201 2876 4256 haec
2902 4202 2967 4255 de
2990 4201 3212 4257 Christo
3238 4202 3425 4257 dicere

1842 4294 2195 4347 sacerdotum
2239 4307 2377 4346 voce
2411 4291 2826 4359 comprobatur.
2880 4290 2950 4344 Ut
2979 4300 3159 4345 autem
3208 4291 3428 4345 doceret

1842 4393 1894 4441 tc
1934 4384 2077 4440 Deus
2103 4384 2408 4439 Salvatoris
2428 4382 2799 4453 praenuntium
2839 4398 2935 4452 per
2968 4383 3109 4436 hanc
3140 4382 3421 4437 lucernam

1841 4478 2179 4550 signiﬁcari,
2215 4479 2542 4534 electionem
2570 4475 2924 4531 sacerdotum
2956 4477 3142 4531 statim
3175 4477 3421 4545 subjicit.

130 4569 344 4641 καιρὸς
377 4571 433 4620 εν
463 4567 507 4636 ᾧ
538 4570 782 4646 προσῆκε
822 4570 885 4621 τὸ
920 4569 1015 4623 τοῦ
1054 4570 1247 4641 λύχνου
1281 4574 1564 4642 φαίνεσθαι
1592 4577 1727 4646 φῶς,

1845 4568 2008 4625 Porro
2038 4571 2085 4625 si
2110 4578 2281 4625 totam
2317 4568 2517 4638 capitis
2548 4568 2817 4621 rationem
2863 4567 3273 4621 consideratius
3322 4582 3423 4620 ex-

124 4660 199 4711 τδ
228 4660 409 4728 μῆκός
439 4661 553 4712 ἐστι
582 4660 681 4730 τῆς
714 4660 926 4723 νυκτὸς,
952 4662 1019 4713 δι’
1040 4656 1101 4715 οὗ
1144 4664 1462 4733 σημαίνεται
1490 4668 1582 4719 τοῦ
1607 4687 1741 4741 παρ-

123 4752 299 4811 όντος
337 4751 531 4813 αίῶνος
563 4751 622 4803 τὸ
657 4752 1007 4821 μέτρον.Φῶς
1037 4753 1164 4824 γὰρ,
1184 4754 1274 4809 τὸν
1309 4758 1569 4826 μέλλοντα
1590 4761 1740 4814 νοοῦ-

128 4862 247 4914 μεν
281 4843 459 4896 αἰῶνα
488 4861 500 4873 ·
538 4844 751 4898 καίεταί
783 4862 846 4913 γε
879 4846 1014 4916 μὴν,
1044 4848 1160 4917 ἧτοι
1204 4848 1457 4921 λαμπρὸς
1486 4856 1516 4906 6
1546 4852 1736 4924 λύχνος

120 4935 585 5004 διαφυλάττεται,
617 4937 811 5010 δεκτήν
834 4939 920 4992 ἀεὶ
950 4943 1061 5003 τοῖς
1114 4942 1465 4996 πιστεύουσιν
1490 4948 1570 5009 είς
1603 4949 1736 5017 Χρι-

121 5029 268 5081 στῆν
300 5028 404 5098 τὴν
436 5031 523 5082 ἐπ’
552 5030 700 5100 αὐτῷ
738 5031 1021 5101 δᾳδουχίαν
1052 5032 1393 5105 ποιούμενος,
1419 5037 1514 5089 καὶ
1543 5039 1733 5110 ὅτιπερ

119 5123 292 5172 ἐστιν
344 5121 551 5192 ἀληθὴς
594 5123 662 5175 τά
692 5123 917 5177 τοιαῦτα
966 5125 1140 5193 λέγων
1176 5128 1303 5196 περὶ
1345 5128 1603 5199 Χριστοῦ,
1641 5132 1729 5184 διὰ

118 5211 335 5280 φωνῆς
364 5213 472 5265 τῶν
516 5213 657 5267 κατὰ
687 5217 914 5288 καιροὺς
944 5217 1131 5286 ἱερέων
1160 5219 1723 5291 ὲπιμαρτυρούμενος.

118 5306 259 5356 Ἵνα
280 5302 342 5354 δέ
372 5318 431 5355 σε
457 5302 642 5375 διδάξῃ
665 5304 817 5368 θεὸς,
843 5306 925 5359 ὅτι
951 5306 1041 5359 διὰ
1065 5307 1255 5359 τούτου
1287 5309 1375 5361 τὸν
1406 5310 1497 5363 τοῦ
1548 5312 1729 5382 Σωτῆ-

116 5414 231 5470 po;
263 5395 536 5450 ἀνετύπου
588 5398 926 5469 προάγγελον
955 5441 968 5464 ,
1001 5401 1163 5463 εὐθὺς
1216 5403 1573 5459 ὲπισυνάπτει
1628 5406 1727 5477 τὴν

108 5487 245 5541 τῶν
278 5486 667 5553 ἱερατευόντων
695 5488 972 5558 ὲπιλογήν.
1014 5489 1283 5562 Ἀναόήσῃ
1313 5492 1370 5545 δὲ
1398 5495 1580 5558 πάλιν,
1613 5496 1734 5549 ὅλον

107 5578 227 5633 τοῦ
258 5578 559 5647 κεφαλαίου
586 5580 677 5632 τὸν
698 5580 852 5649 λόγον
869 5582 1354 5653 ἀναμασσώμενος,
1380 5589 1459 5649 εἰς
1476 5588 1731 5657 τοιαύτην
1763 5582 1773 5594 ’

106 5671 258 5726 τινὰ
288 5669 543 5740 θεωρίαν,
578 5672 671 5725 καὶ
690 5673 788 5726 οὐκ
815 5674 1081 5745 ἄκομψον,
1105 5675 1180 5742 ὣς
1203 5678 1266 5744 γέ
1290 5696 1378 5747 μοι
1401 5678 1566 5733 δοκεῖ’
1605 5682 1727 5734 Ἐπὶ

208 5857 255 5890 ’⁵
299 5856 435 5912 Luc.
476 5874 572 5925 xu,
601 5860 688 5915 49.
767 5862 811 5892 "
845 5853 1045 5916 Matth.
1082 5879 1153 5928 iv,
1190 5865 1272 5917 l7.

1352 5866 1394 5898 ⁸⁷
1442 5864 1607 5920 llclir.
1644 5883 1692 5921 Ix
1720 5908 1732 5931 ,
1772 5868 1825 5923 8.

1849 4662 2105 4732 peuderis
2132 4702 2147 4726 ,
2184 4660 2252 4714 ad
2286 4658 2602 4718 istiusmodi
2635 4660 3157 4728 contemplationem
3192 4674 3303 4713 non
3337 4659 3425 4713 in-

1847 4757 2042 4812 scitam
2085 4761 2145 4808 ιιι
2167 4767 2289 4806 reor
2329 4751 2614 4806 aseendes.
2650 4749 2782 4805 Post
2805 4750 3210 4805 ordinationem
3244 4751 3427 4805 taber-

1837 4851 2019 4907 naculi
2051 4848 2289 4919 positum
2332 4852 2416 4898 cst
2458 4843 2525 4897 de
2560 4843 2779 4896 lucerna
2813 4850 3144 4911 praeceptum
3167 4880 3181 4904 ,
3214 4852 3268 4895 et
3298 4853 3425 4912 post

1835 4944 1972 5000 illud
2021 4939 2207 4995 statim
2256 4934 2605 4990 sacerdotum
2652 4931 2959 4987 nominatio
3001 4942 3057 4987 et
3097 4931 3323 4988 functio.
3364 4933 3424 4987 In

1836 5038 1946 5093 ﬁne
1973 5034 2178 5105 quippe
2210 5029 2347 5099 legis
2383 5034 2437 5082 et
2484 5025 2877 5097 prophetarum
2919 5026 3282 5094 praecursoris
3318 5040 3425 5080 vox

1836 5128 2040 5186 eﬂulsit
2072 5127 2126 5179 in
2174 5123 2435 5185 deserto,
2488 5127 2547 5174 ut
2584 5121 2855 5189 scriptum
2906 5127 3030 5182 est,
3078 5119 3419 5173 clamantis:

1841 5243 1859 5275 ι
1907 5221 2103 5275 Parate
2142 5216 2289 5272 viam
2334 5212 2599 5276 Domini,
2636 5219 2816 5266 rectas
2862 5208 3029 5265 facile
3064 5210 3288 5263 semitas
3326 5208 3421 5264 Dei

1834 5313 2011 5371 nostri
2039 5312 2085 5344 ”
2113 5328 2128 5377 ;
2170 5328 2188 5361 ι
2231 5315 2355 5379 post
2381 5321 2545 5376 quem
2576 5304 2761 5359 statim
2803 5302 2949 5357 facta
2982 5310 3067 5356 est
3102 5309 3420 5357 sanctorum

1836 5407 2214 5480 apostolorum
2259 5399 2537 5457 ordinatio
2572 5406 2625 5454 et
2662 5397 2935 5452 institutio
2959 5410 3053 5465 per
3093 5394 3405 5450 Christum.

1838 5501 2015 5570 Elegit
2045 5498 2193 5552 enim
2223 5494 2485 5551 Christus
2514 5490 2806 5546 duodecim
2831 5530 2846 5554 ,
2886 5503 3029 5559 quos
3056 5496 3110 5543 et
3139 5484 3420 5556 apostolos

1836 5590 2159 5646 nominavit.
2180 5588 2444 5643 Absoluta
2473 5583 2564 5638 hic
2595 5583 2834 5637 lucernae
2862 5581 3270 5641 observatione,
3298 5574 3414 5630 Sal-

1839 5683 2044 5738 vatoris
2077 5695 2265 5735 vocem
2302 5691 2520 5733 rursum
2554 5673 2879 5729 videamus:
2917 5691 2934 5725 ι
2972 5672 3068 5727 ille
3090 5678 3210 5725 erat
3235 5668 3417 5725 lucer-

1905 5868 1945 5901 δ’
1987 5866 2088 5922 l-sa.
2122 5878 2209 5933 χι,
2244 5862 2309 5929 3;
2343 5858 2534 5915 Matth.
2567 5873 2651 5922 ιιι,
2687 5856 2739 5908 ὖ.
