4206 6510
229 362 331 412 4οἱῖ
1281 379 1345 433 ἰΝ
1368 381 1653 438 JOANNIS
1686 381 2130 440 EVANGELIUM
2166 387 2293 442 LIB.
2338 386 2424 443 Ill.

3369 393 3477 448 410

227 474 508 580 τδὶείκδς,
539 483 712 551 ἐρεῖτε
750 487 909 541 πάλιν
949 489 1121 558 οὐδὲν,
1153 494 1284 547 αὐτὸ
1313 499 1412 567 τῆς
1452 498 1708 567 ἀληθείας
1750 501 1800 554 τί

1915 502 2158 558 tudinem
2205 505 2386 559 veriti.
2421 504 2536 559 Non
2572 506 2685 575 jam
2726 508 2904 575 enim,
2940 509 3153 580 inquit,
3190 511 3472 567 hominum

231 565 426 659 κάλλος
465 573 616 642 παρά
642 574 893 648 βούλησιν
920 582 1020 653 τὴν
1041 584 1245 637 ἑαυτῶν
1272 565 1700 659 δυσωπούμενοι.
1730 592 1804 644 Οὐ

229 656 340 725 γὰρ
361 658 539 728 λόγοις
572 664 649 717 ἔτι
670 668 773 721 καὶ·
790 673 906 733 ταῖς
943 673 1002 735 ἐξ
1046 674 1346 745 ἀνθρώπων
1385 656 1587 747 ψήφοις
1630 682 1805 733 ἐπισε³

234 748 525 830 μνύνομαι,
561 754 679 808 οὐδέ
712 758 810 821 τὰς
837 760 901 813 ἐκ
937 763 1195 831 ῥημάτων
1218 766 1389 835 ψιλῶν
1415 768 1691 837 συλλέγειν
1718 773 1803 823 ἐπ’

230 840 458 911 ἐμαυτῷ
493 848 794 918 μαρτυρίας
826 853 1079 924 οἰήσομαι
1104 857 1233 923 δεῖν,
1256 858 1702 931 ἀξιολογωτέροις
1747 863 1804 915 δὲ

229 932 325 983 καὶ
364 935 492 987 πολὺ
535 938 743 1006 μείζοσι
780 942 887 996 τῶν
928 947 1231 1016 εἰρημένων
1279 952 1556 1023 ἐπιτρέψω
1582 953 1652 1006 τὰ
1684 957 1803 1007 κατ’

228 1024 487 1118 ἐμαυτὸν,
516 1028 607 1081 καὶ
657 1031 716 1097 ἐξ
772 1034 941 1106 αὐτῆς
1000 1039 1099 1109 ἠδη
1135 1042 1580 1115 καταλαμπρύνω
1609 1050 1705 1118 τῆς
1745 1049 1803 1099 ἐν

226 1114 416 1184 ἔργοις
446 1121 881 1194 μεγαλειότητος,
915 1128 996 1181 ὅτι
1035 1128 1168 1191 Θεὸς
1199 1132 1341 1186 κατὰ
1362 1114 1523 1202 φύσιν
1545 1114 1682 1206 εἰμὶ,
1710 1138 1804 1190 καὶ

228 1208 298 1259 ἐκ
334 1210 468 1262 Θεοῦ
495 1212 712 1283 πέφηνα
741 1218 972 1288 Πατρὸς,
997 1222 1168 1275 ἀδικῶ
1183 1223 1240 1277 δὲ
1259 1226 1411 1278 οὐδὲν
1437 1227 1562 1290 τοὺς
1601 1229 1766 1297 ἐμοὺς
1786 1271 1799 1294 ,

228 1298 318 1365 ἐφ’
347 1299 485 1369 ὅπερ
528 1301 593 1355 ἂν
635 1303 910 1377 βούλωμαι
963 1314 1419 1385 μεταρρυομίξων
1464 1318 1678 1388 νόμους,
1712 1322 1804 1374 καὶ

227 1392 296 1485 ἐκ
322 1391 422 1460 τῆς
446 1395 588 1448 κατά
622 1396 683 1449 τὺ
711 1399 947 1471 γράμμα
973 1405 1285 1477 παχύτητος
1318 1409 1399 1473 εἰς
1431 1412 1803 1485 πνευματικὴν

228 1484 465 1554 Θεωρίαν
495 1492 913 1562 μεταστοιχειῶν
944 1495 1013 1549 τὰ
1032 1499 1142 1561 τοῖς
1161 1498 1531 1571 ἀρχαιοτέροις
1557 1506 1805 1574 αἰνιγμα-

227 1576 416 1639 τωδῶς
444 1581 729 1650 εἰρημένα.
762 1586 1111 1642 Κατανοείτω
1147 1590 1203 1642 δὲ
1228 1591 1387 1645 πάλιν
1413 1595 1442 1646 6
1476 1594 1798 1666 φιλομαθὴς.

223 1670 310 1720 ὅτι
345 1671 518 1739 λέγων
545 1676 573 1726 6
613 1675 801 1747 Σωτὴρ
835 1678 922 1732 διὰ
967 1680 1076 1733 τῶν
1108 1680 1283 1753 ἔργων
1334 1685 1801 1758 ὲπιμαρτύρεσοαι

224 1761 411 1825 καλῶς
440 1765 519 1828 εἰς
551 1766 613 1819 τὸ
630 1763 768 1821 εἶναι
799 1769 940 1823 κατά
978 1771 1140 1840 φύσιν
1184 1773 1335 1840 Θεὸς,
1364 1776 1668 1830 ἐκδιδάσκει
1716 1795 1799 1830 σα-

1913 596 2260 653 sermonibus
2288 612 2351 653 ac
2382 597 2655 669 suffragiis
2679 601 2883 670 glorior
2907 643 2920 667 ,
2955 618 3133 676 neque
3164 603 3230 658 de
3267 606 3479 673 meipso

1913 686 2285 741 testimonium
2326 705 2390 743 ex
2429 690 2592 746 nudis
2623 692 2905 748 vocabulis
2954 695 3317 765 colligendum
3355 712 3479 750 esse

1913 785 2064 844 puto,
2094 777 2190 831 sed
2216 777 2564 848 dignioribus
2594 795 2659 836 ac
2690 783 2850 853 longe
2881 784 3180 852 majoribus
3210 800 3304 840 res
3330 801 3479 841 meas

1911 872 2271 935 commendo,
2321 872 2483 945 253
2520 884 2574 929 et
2600 891 2666 930 ex
2702 877 2821 945 ipsa
2850 878 3066 932 tandem
3101 892 3327 945 operum
3361 895 3479 935 ma-

1908 963 2217 1031 gniﬁcentia
2250 966 2478 1020 ostendo
2505 982 2590 1022 me
2613 967 2782 1022 Deum
2824 983 2945 1024 esse
2975 969 3277 1025 secundum
3312 980 3477 1025 natu-

1908 1069 2045 1119 ram,
2082 1063 2136 1111 et
2163 1072 2227 1111 ex
2260 1056 2373 1112 Deo
2400 1057 2557 1113 Patke
2589 1061 2831 1131 genitum
2864 1076 2986 1117 esse
3018 1080 3031 1115 :
3066 1078 3166 1119 nec
3188 1064 3331 1119 facio
3357 1066 3478 1119 cui-

1906 1162 2070 1217 quam
2139 1149 2419 1219 injuriam,
2476 1151 2602 1205 dum
2645 1168 2796 1209 meas
2851 1154 2999 1225 leges
3031 1155 3086 1209 in
3113 1156 3478 1227 quodcunque

1906 1243 2169 1320 placuerit
2198 1250 2527 1308 transmuto,
2558 1254 2612 1300 et
2640 1260 2670 1298 a
2694 1247 2919 1302 litterali
2956 1249 3207 1303 crassitie
3232 1250 3298 1305 ad
3321 1252 3477 1320 spiri-

1907 1335 2066 1387 talem
2095 1334 2608 1404 contemplationem
2657 1352 2781 1407 qure
2812 1340 3090 1396 veteribus
3132 1343 3476 1411 aenigmatice

1903 1427 2047 1480 dicta
2073 1432 2202 1479 sunt
2224 1425 2517 1481 transfero.
2547 1426 2812 1484 Observet
2840 1446 3006 1500 porro
3031 1433 3211 1488 denuo
3244 1435 3477 1504 quicun-

1903 1534 2011 1590 que
2026 1527 2108 1574 est
2131 1518 2376 1573 discendi
2395 1519 2647 1588 cupidus,
2670 1520 3035 1588 Salvatoretn,
3061 1540 3181 1579 cum
3200 1528 3274 1579 ait
3294 1527 3475 1595 operi—

1905 1612 2007 1665 bus
2052 1610 2264 1679 egregie
2294 1610 2513 1679 probari
2557 1626 2615 1665 se
2654 1609 2821 1666 Deum
2871 1613 3171 1668 secundum
3221 1623 3475 1669 naturam

1903 1714 2055 1762 esse,
2092 1699 2241 1753 clare
2272 1699 2467 1753 docere
2506 1698 2620 1753 ﬁeri
2653 1714 2763 1754 non
2806 1716 2967 1770 posse
3006 1712 3066 1757 ut
3095 1703 3277 1757 divina
3310 1705 3394 1759 vis
3422 1713 3477 1759 et

1904 1791 2147 1858 operatio
2181 1805 2278 1860 per
2327 1789 2517 1845 eadem
2557 1792 2754 1847 similis
2790 1792 2923 1847 insit
2955 1793 3142 1858 alicui,
3182 1796 3290 1849 nisi
3331 1794 3477 1850 Deus

223 1853 367 1920 φῶς,
399 1854 474 1920 ὡς
513 1858 693 1911 οὐκᾶν
726 1860 811 1931 εἴη
840 1861 946 1914 τῶν
978 1863 1341 1935 ἐνδεχομένων
1368 1867 1800 1938 ἀπαραλλάκτως

1908 1853 2025 1953 ipse
2054 1882 2126 1938 sit
2148 1853 2448 1938 secundum
2473 1890 2746 1937 naturam.
2770 1883 3174 1954 Comprobatur
3194 1885 3341 1939 enim
3380 1900 3478 1955 per

222 1947 553 2018 ἐνυπάρχειν
579 1952 685 2004 τινὶ
722 1953 819 2023 τὴν
843 1953 962 2024 Θεῷ
995 1956 1311 2027 πρέπουσαν
1329 1958 1608 2028 ἐνέργειάν
1634 1978 1692 2013 τε
1705 1963 1800 2015 καὶ

221 2035 473 2105 δύναμιν,
540 2040 589 2091 εἰ
647 2039 721 2111 μὴ
762 2042 923 2105 αὐτὸς
984 2044 1126 2098 κατά
1174 2045 1336 2115 φύσιν
1374 2048 1607 2119 ὑπάρχοι
1645 2050 1797 2115 Θεός.

222 2128 598 2200 Μαρτυριίται
615 2132 720 2203 γὰρ
733 2132 822 2185 διὰ
840 2134 1155 2205 τῶνέργων,
1171 2138 1233 2191 ού
1253 2138 1374 2192 καθ’
1387 2141 1473 2193 ἒτε
1482 2158 1593 2211 ρον,
1618 2138 1795 2213 οἶμαι,

220 2226 447 2292 τρόπον,
478 2224 611 2280 ἀλλά
662 2229 803 2282 κατὰ
858 2230 1045 2284 τοῦτον
1097 2234 1279 2288 αὐτόν.
1330 2236 1393 2288 Εἰ
1433 2236 1539 2307 γὰρ
1574 2239 1678 2291 τῶν
1705 2238 1798 2292 τοῦ

222 2317 588 2385 γεννήσαντος
627 2318 804 2389 ἔργων
854 2322 1045 2392 ὁρᾶται
1085 2324 1397 2398 τελειωτὴς,
1427 2333 1520 2383 καὶ
1568 2330 1709 2401 ἅπερ
1734 2330 1800 2384 ἂν

222 2410 423 2476 ἐκείνῳ
450 2410 544 2462 καὶ
579 2412 725 2484 μόνῳ
755 2416 994 2483 φαίνοιτο
1025 2423 1469 2496 πρεπωδέστερα,
1501 2427 1674 2481 ταῦτα
1706 2429 1800 2482 καὶ

222 2499 389 2561 αὐτὸς
409 2498 468 2564 ἐξ
487 2502 691 2567 οἰκείας
712 2505 892 2576 ἰσχύος
912 2510 1250 2582 ἀποπληροῖ·
1267 2515 1384 2577 πῶς
1402 2517 1498 2569 οὐκ
1513 2517 1576 2571 ἂν
1593 2519 1800 2586 γένοιτο

228 2593 392 2645 παντί
415 2611 488 2663 τῳ
520 2596 709 2665 σαφὲς,
736 2599 816 2651 ὅτι
838 2601 937 2670 τὴν
954 2603 1125 2674 αὐτὴν
1158 2607 1348 2677 ἐκείνῳ
1376 2609 1533 2677 φύσιν
1561 2612 1799 2683 ἀπεκλη-

226 2683 462 2752 ρώσατο,
501 2686 729 2751 καὶτοῖς
756 2689 848 2742 τοῦ
877 2693 1123 2756 τεκόντος
1151 2694 1400 2766 ἰδιώμασι
1442 2701 1795 2773 διαλάμπων,

224 2775 302 2836 ὠς
325 2773 383 2840 ἐξ
413 2776 578 2829 αὑτοῦ
603 2778 701 2848 τὴν
730 2780 854 2849 ῐσην
903 2782 1052 2854 αὑτῷ
1075 2784 1303 2855 δύναμιν
1327 2807 1384 2842 τε
1409 2793 1503 2844 καὶ
1520 2793 1799 2865 ἐνέργειαν

224 2866 370 2934 ἔχεις
406 2866 695 2936 Εἰληφέναι
724 2887 787 2937 γε
822 2870 927 2941 μὴν
949 2875 1077 2945 παρ’
1103 2876 1267 2929 αὑτοῦ
1287 2878 1355 2931 τὰ
1380 2879 1515 2950 ἔργα
1548 2886 1731 2952 φησὶν,
1765 2887 1797 2947 ἢ

223 2958 314 3010 διὰ
348 2958 406 3010 τὸ
434 2959 531 3029 τῆς
551 2960 968 3034 ἀνθρωπότητος
1000 2968 1207 3037 σχῆμα,
1247 2972 1342 3023 καὶ
1373 2973 1471 3043 τὴν
1499 2974 1591 3028 τοῦ
1614 2976 1797 3031 δούλου

226 3050 468 3122 μορφὴν,
495 3053 872 3126 ταπεινότερόν
919 3072 1035 3122 πως
1082 3059 1226 3130 ἥπερ
1273 3063 1460 3132 ἐχρῆν.
1515 3068 1799 3122 καὶτοῦτο

224 3142 404 3195 λαλῶν
435 3146 811 3215 οἰκονομικῶς,
844 3147 876 3217 ἢ
902 3150 999 3219 τὴν
1034 3151 1098 3204 ἐκ
1122 3151 1256 3206 Θεοῦ
1290 3156 1378 3208 καὶ
1418 3157 1626 3229 Πατρὸς
1647 3160 1795 3213 εὐδο-

225 3235 354 3285 κίαν
392 3252 451 3287 τε
481 3235 572 3288 καὶ
595 3237 921 3305 συναίνεσιν,
952 3242 1049 3313 τὴν
1077 3244 1161 3312 ἐφ’
1193 3245 1365 3300 ἅπασι
1398 3253 1509 3312 τοῖς
1568 3254 1799 3323 παραδό-

223 3326 335 3389 ξως
394 3327 847 3398 ἐπιτελουμένοις,
892 3331 970 3402 τῷ
1016 3337 1119 3404 τῆς
1169 3337 1368 3401 δόσεως
1409 3343 1800 3413 ἀποσεμνύνων

219 3415 468 3483 ὀνόματι.
505 3416 661 3470 Οὕτω
708 3419 817 3490 γάρ
874 3422 968 3474 καὶ
1020 3424 1353 3481 ἀπεστάλθαι
1392 3430 1798 3503 διισχυρίζεται,

222 3505 322 3558 ἄη.
363 3504 429 3574 δὴ
488 3508 544 3559 αὶ
578 3508 820 3573 κενώσας
875 3512 1085 3578 ἐαυτὸν,
1133 3516 1274 3570 καθά
1329 3520 1660 3591 γέγραπται,
1703 3526 1799 3595 τῆς

221 3600 484 3668 ἀκράτως
516 3603 829 3674 πρεπούσης
856 3606 1011 3670 ἀξίας
1042 3608 1119 3678 τῷ
1147 3608 1287 3679 Θεῷ,
1309 3611 1398 3666 διὰ
1422 3613 1520 3685 τὴν
1542 3617 1620 3678 εἰς
1656 3618 1800 3687 ἡμᾶς

223 3690 516 3743 ἀγάπησιν
594 3691 954 3748 Ἐταπείνωσε
1017 3697 1125 3769 γὰρ
1174 3701 1387 3767 ἑαυτὸν,
1428 3705 1523 3758 καὶ
1562 3706 1662 3777 τὴν
1707 3707 1798 3759 τοῦ

221 3780 657 3835 τεταπεινῶσθαι
693 3788 1163 3859 σμικροπρέπειαν
1184 3792 1281 3845 ούκ
1311 3794 1367 3845 ἐν
1401 3797 1607 3867 ἑτέροις
1640 3799 1802 3870 εὑρή-

224 3889 397 3943 σομεν
416 3874 659 3943 τρόποις,
683 3878 716 3947 ἢ
744 3880 826 3947 ἐφ’
854 3875 1048 3952 οἷσπερ
1080 3884 1147 3937 ἂν
1170 3885 1245 3946 ὡς
1274 3886 1561 3957 ἄνθρωπος
1583 3890 1692 3943 ἔσθ’
1711 3893 1799 3946 ὅτε

222 3965 384 4035 λαλῇ.
418 3967 606 4037 Τούτῳ
627 3971 841 4040 συνᾴδει
867 3972 928 4024 τὸ
951 3972 1039 4026 διὰ
1074 3975 1167 4028 τοῦ
1196 3976 1500 4050 Ψαλμῳδοῦ
1526 3980 1686 4035 πάλιν
1724 3983 1798 4047 ὡς

222 4054 284 4118 ἐξ
315 4054 481 4107 αὑτοῦ
501 4055 565 4108 δι’
590 4060 737 4127 ἡμᾶς
754 4060 1235 4134 άνθρωποπρεπῶς
1255 4069 1542 4139 εἰρημένον
1563 4088 1575 4100 ’
1616 4091 1633 4123 ι
1660 4073 1799 4140 Ἐγὼ

219 4148 277 4199 6'3
316 4149 653 4220 κατεστάοην
686 4150 936 4220 βασιλεὺς,
969 4155 1060 4209 ὑπ’
1088 4158 1252 4211 αὐτοῦ
1291 4160 1385 4213 ἐπὶ
1434 4154 1571 4216 Σὶὼν
1590 4164 1713 4235 ὅρος
1740 4167 1798 4218 τὸ

220 4238 381 4305 ἅγιον
427 4240 612 4305 αὑτοῦ,
659 4242 988 4312 διαγγέλλων
1028 4248 1092 4301 τὸ
1138 4251 1467 4324 πρόσταγμα
1507 4256 1735 4327 Κυρίου.
1776 4278 1792 4309 ι

234 4329 296 4379 Ὁ
322 4330 429 4400 γὰρ
456 4331 752 4399 βασιλεύων
782 4337 866 4388 ἀεὶ
900 4338 1035 4407 μετά
1059 4339 1152 4391 τοῦ
1182 4341 1412 4412 Πατρδς,
1448 4346 1475 4396 6
1511 4345 1799 4416 σύνθρονός

219 4436 282 4471 τε
312 4423 409 4472 καὶ
441 4420 709 4492 σύνεδρος,
738 4426 810 4489 ὡς
843 4426 974 4491 Θεὸς
1009 4427 1126 4499 Θεῷ
1146 4430 1223 4499 τῷ
1249 4435 1593 4504 γεννήσαντι,
1622 4454 1799 4507 κεχει-

1905 1989 2092 2044 opera,
2122 1987 2231 2027 non
2258 1974 2387 2037 alio,
2443 1983 2501 2027 ut
2537 1975 2753 2043 Opinor,
2806 1975 2986 2040 modo,
3036 1989 3198 2043 quam
3245 1975 3374 2029 isto.
3416 1973 3477 2027 Si

1905 2066 2051 2121 enim
2088 2064 2267 2121 Patris
2323 2078 2490 2135 opera
2545 2064 2723 2119 facere
2771 2065 3019 2132 videtur,
3052 2066 3098 2119 si
3138 2079 3477 2135 quacunque

1907 2158 1984 2211 illi
2020 2173 2085 2213 ac
2120 2158 2224 2213 soli
2274 2156 2635 2221 conveniunt,
2676 2157 2792 2212 haec
2832 2158 2951 2227 ipse
3006 2170 3224 2227 quoque
3255 2156 3479 2225 propria

1906 2250 2107 2306 virtute
2159 2249 2460 2320 adimplet:
2492 2249 2768 2319 quomodo
2819 2249 2997 2305 cuivis
3045 2264 3154 2304 non
3178 2248 3472 2303 manifeste

1909 2344 2130 2414 patebit,
2188 2343 2436 2399 eamdem
2492 2358 2616 2398 cum
2652 2344 2747 2397 illo
2769 2344 3026 2398 sortitum
3052 2358 3175 2398 esse
3201 2351 3475 2405 naturam,

1904 2443 1961 2490 et
1996 2434 2173 2490 Patris
2206 2436 2633 2505 proprietatibus
2665 2434 3004 2505 praefulgere,
3048 2441 3108 2487 ut
3137 2434 3229 2503 qui
3261 2447 3328 2488 ex
3357 2433 3478 2503 ipso

1906 2538 2067 2584 natus
2093 2531 2339 2585 eamdem
2398 2546 2521 2584 cum
2572 2531 2691 2601 ipso
2742 2530 2848 2585 vim
2882 2538 2936 2585 et
2979 2531 3350 2600 operationem
3383 2529 3478 2583 ha-

1907 2618 2038 2673 bet?
2076 2619 2458 2674 Verumtamen
2498 2620 2566 2674 ab
2612 2634 2676 2674 eo
2706 2634 2767 2675 se
2802 2635 2968 2691 opera
2996 2622 3129 2675 dicit
3169 2621 3472 2690 accepisse,

1907 2717 2000 2763 aut
2030 2718 2250 2780 propter
2284 2711 2676 2766 humanitatem
2736 2722 2790 2768 et
2828 2714 2968 2768 servi
3005 2713 3258 2778 formam,
3289 2713 3472 2767 humi-

1907 2799 2013 2855 lius
2051 2801 2454 2869 quodammodo
2503 2817 2667 2872 quam
2709 2817 2809 2872 par
2841 2812 2993 2869 erat,
3053 2802 3216 2871 idque
3262 2803 3477 2857 ratione

1905 2891 2333 2960 dispensationis
2366 2892 2434 2947 de
2460 2908 2519 2947 se
2537 2894 2787 2962 loquens,
2819 2903 2913 2947 aut
2947 2892 3127 2949 Patris
3146 2893 3474 2962 comproba-

1906 2983 2110 3037 tionem
2140 2991 2194 3037 et
2229 2997 2514 3039 assensum
2562 2985 2618 3038 in
2662 2983 2935 3039 faciundis
2983 2985 3264 3040 miraculis
3302 2985 3476 3039 dona-

1907 3074 2071 3129 tionis
2103 3076 2326 3129 nomine
2346 3075 2643 3130 adornans.
2674 3075 2765 3129 Sic
2812 3076 2956 3131 enim
2998 3077 3226 3131 missum
3256 3090 3474 3146 quoque

1905 3182 1963 3221 se
1996 3167 2192 3222 asserit
2220 3166 2458 3222 maxime
2490 3182 2614 3221 cum
2648 3168 2977 3223 exinanierit
3024 3168 3289 3238 seipsum,
3332 3168 3475 3223 sicut

1903 3258 2166 3327 scriptum
2226 3268 2309 3312 est
2362 3258 2404 3322 ³,
2448 3257 2712 3329 dignitate
2750 3258 2840 3313 illa
2873 3275 2994 3329 quae
3031 3259 3136 3315 Deo
3181 3260 3472 3315 admodum

1901 3350 2180 3411 convenit,
2234 3356 2456 3420 propter
2507 3350 2859 3407 dilectionem
2911 3351 2967 3406 in
2998 3366 3119 3408 nos.
3160 3350 3475 3407 llnmiliavit

1901 3443 2046 3496 enim
2103 3444 2482 3510 semetipsum,
2534 3450 2587 3495 et
2631 3443 3027 3499 humiliationis
3070 3445 3335 3499 vilitatem
3367 3446 3474 3499 alia

1902 3535 2111 3590 ratione
2158 3543 2413 3590 constare
2439 3551 2543 3590 non
2574 3538 2992 3606 comperiemus,
3018 3553 3180 3608 quam
3208 3539 3353 3608 quod
3396 3541 3477 3593 in-

1900 3628 2113 3681 terdum
2156 3636 2215 3680 ut
2258 3628 2424 3681 homo
2480 3628 2754 3698 loquatur.
2794 3630 2928 3685 Huic
2961 3631 3293 3701 suﬂ‘ragatur
3331 3633 3477 3701 quod

1902 3733 1997 3787 per
2057 3717 2400 3774 Psalmistam
2457 3735 2653 3776 rursus
2702 3723 2804 3776 sub
2846 3723 2967 3791 ejus
2990 3738 3223 3792 persona
3253 3733 3477 3794 propter

1903 3825 2001 3863 nos
2065 3808 2305 3862 humano
2342 3825 2493 3865 more
2522 3811 2728 3866 dictum
2768 3824 2851 3868 est
2885 3830 2899 3866 :
2949 3832 2967 3865 ι
2998 3815 3108 3884 Ego
3133 3823 3318 3869 autem
3347 3830 3477 3868 con-

1901 3902 2126 3955 stitutus
2157 3917 2276 3954 sum
2298 3917 2391 3955 rex
2412 3902 2481 3957 ab
2512 3918 2578 3957 eo
2610 3919 2776 3974 super
2805 3905 2933 3959 Sion
2963 3916 3199 3961 montem
3225 3913 3473 3961 sanctum

1899 3993 2038 4060 ejus.
2090 3994 2397 4063 praedicans
2438 4005 2764 4065 praeceptum
2812 3997 3026 4051 Domini
3061 4000 3100 4055 ⁸.
3141 4017 3159 4050 ι
3199 4000 3333 4053 Nam
3379 4000 3475 4069 qui

1899 4098 2022 4136 eum
2052 4084 2160 4138 Deo
2183 4082 2345 4138 Patre
2375 4100 2589 4155 semper
2623 4090 2943 4157 regnat,qui
2972 4090 3028 4143 in
3061 4092 3251 4145 eodem
3279 4090 3476 4144 throno

1901 4173 2165 4238 considet,
2208 4184 2268 4229 ut
2300 4175 2440 4232 Deus
2481 4192 2605 4231 cum
2646 4178 2753 4233 Deo
2788 4179 2966 4245 Patre,
3024 4196 3203 4251 regem
3252 4197 3311 4237 se
3344 4197 3475 4237 con-

1901 4269 2150 4323 stitutum
2174 4268 2379 4323 fatetur
2397 4285 2460 4324 ac
2480 4270 2785 4337 dominum,
2806 4287 2926 4341 qua:
2952 4272 3187 4327 habebat
3220 4281 3278 4328 ut
3310 4274 3471 4337 Deus,

1900 4360 2146 4429 accipere
2177 4375 2236 4419 se
2264 4361 2474 4425 dicens,
2523 4378 2647 4416 cum
2698 4362 2879 4418 factus
2911 4372 2996 4420 est
3028 4364 3216 4431 homo,
3259 4366 3346 4419 cui
3378 4367 3475 4419 bo-

1901 4451 2033 4505 tnini
2072 4454 2334 4521 regnandi
2368 4462 2607 4523 potestas
2636 4465 2832 4508 natura
2867 4470 2973 4509 non
3016 4458 3176 4520 inest,
3211 4457 3305 4512 sed
3352 4472 3473 4511 cum

222 4512 551 4581 ροτονῆσθαι
578 4532 741 4585 φησιν
764 4520 843 4581 εἰς
874 4520 1095 4588 βασιλέα
1126 4524 1218 4576 καὶ
1250 4524 1456 4595 κύριον,
1480 4529 1623 4599 ἆπερ
1654 4526 1799 4600 εἶχεν

1899 4541 2075 4610 ipsum
2125 4544 2514 4602 dominationis
2576 4562 2796 4611 nomen,
2859 4555 2974 4602 tum
3000 4563 3089 4603 res
3130 4548 3250 4619 ipsa
3282 4549 3475 4618 utique

218 4604 303 4691 ως
346 4604 475 4667 Θεὸς
516 4606 813 4677 λαμϐάνειν
848 4614 1037 4677 εἰπὼν,
1073 4616 1162 4668 ὅτε
1206 4617 1447 4689 πέφηνεν
1491 4622 1794 4691 ἄνθρωπος,

1906 4635 2146 4689 ascititia
2177 4644 2278 4690 est.

216 4689 266 4802 ιζ»
302 4696 367 4748 τὸ
394 4696 693 4805 βάσιλεύειν
750 4704 888 4757 κατὰ
941 4704 1102 4775 φύσιν
1134 4709 1232 4763 οὐκ
1265 4710 1493 4779 ἔνεστιν,
1525 4689 1661 4769 ἀλλὰ
1686 4718 1792 4789 γὰρ
1832 4726 1923 4777 καὶ
1944 4728 2005 4781 τὸ
2033 4730 2131 4800 τῆς
2162 4731 2485 4802 κυριότητος
2511 4731 2684 4802 όνομά
2713 4751 2773 4786 τε
2807 4735 2902 4787 καὶ
2964 4735 3195 4805 πρᾶγμα
3259 4733 3476 4800 πάντως

220 4788 489 4841 ἐπακτόν.

830 4908 1076 4965 ΚΕΦΑΛ.
1128 4913 1201 4969 B'.

222 5016 558 5098 Ὀξιεὶλςὼν
578 5017 711 5098 ἐστι
735 5020 840 5098 tot")
871 5024 1137 5098 pscium
1180 5030 1469 5096 Πατρός-ό
1508 5034 1657 5098 ΥΙός.
1705 5037 1797 5088 Ἐν

293 5080 359 5171 ᾧ.
380 5088 473 5171 καὶ
488 5089 635 5171 πρός
665 5090 993 5171 Ἰογδαίοιθς
1011 5080 1279 5171 ἔλεγχοξ,
1508 5080 1797 5171 Qesn};

296 5159 371 5235 tit
434 5158 529 5210 διὰ
577 5159 836 5226 Μωσέως
883 5158 1237 5235 αἰνιγμαὶῶδ

290 5244 470 5296 μενα.

298 5340 450 5392 Οὔτε
476 5341 686 5408 φωνὴν
707 5344 892 5399 αὐτοῦ
940 5346 1174 5403 πώποτε
1217 5352 1532 5421 ἀκηκόατε,
1565 5358 1703 5413 οὔτε
1723 5357 1800 5415 εἷ-

215 5432 333 5497 ὄος
387 5432 572 5486 αὐτοῦ
617 5434 932 5503 ἑωράκατε,
961 5439 1191 5495 καὶτὸν
1244 5448 1439 5515 Λόγον
1462 5450 1649 5503 αὑτοῦ
1687 5454 1798 5505 οὐκ

1238 5169 1319 5236 ὡς
1360 5170 1601 5239 μᾶλλον
1653 5169 1802 5244 εἱρηέ

218 5524 396 5593 ἔχετε
409 5522 479 5575 ὲν
506 5523 649 5592 ὑμῖν
662 5525 946 5594 μένοντα,
969 5529 1055 5583 ὅτι
1071 5531 1142 5586 ὃν
1154 5534 1540 5596 ἀπέσταλκεν
1557 5543 1807 5611 ἐκεῖνος,

220 5616 416 5681 τούτῳ
443 5615 609 5685 ὑμεῖς
638 5620 707 5671 οὺ
724 5622 1063 5679 πιστεύετε.

302 5796 319 5826 ⁵
357 5794 589 5868 ΙῚιιΙὶρρι
626 5815 684 5866 tt,
724 5801 769 5855 7.
848 5815 865 5838 ⁸
907 5806 1051 5863 l’s.tl.
1087 5824 1145 5874 tl,
1180 5808 1231 5862 εἶ-

2441 4927 2603 4999 254
2638 4926 2791 4983 (λιι.
2822 4927 2883 4982 ll.

1907 5042 2059 5109 Quod
2087 5043 2259 5111 imago
2278 5042 2370 5097 Dei
2396 5060 2455 5095 ac
2482 5042 2667 5097 Patris
2682 5045 2750 5096 sit
2773 5042 2963 5096 Filius.
2995 5042 3093 5097 Ubi
3116 5042 3295 5098 ludwi
3314 5045 3473 5098 etiam

1976 5113 2447 5181 reprehenduntur,
2467 5114 2605 5182 quod
2640 5132 2741 5169 non
2772 5114 3069 5185 intelligant
3092 5130 3209 5184 qua
3235 5132 3265 5167 a
3291 5114 3473 5184 Moyse

1977 5186 2200 5253 ﬁgurate
2225 5186 2424 5253 scripta
2445 5196 2589 5238 sunt.

1979 5361 2041 5427 V,
2068 5362 2157 5427 57,
2181 5361 2271 5417 38.
2306 5361 2487 5431 Neque
2520 5377 2693 5415 vocem
2719 5359 2832 5429 ejus
2851 5357 3351 5428 unquamaudistis,
3382 5374 3470 5410 ne-

1904 5474 2001 5526 que
2037 5458 2259 5522 speciem
2286 5455 2399 5524 ejus
2437 5456 2643 5509 vidistis
2668 5471 2684 5517 ;
2720 5462 2771 5509 et
2809 5452 3032 5507 Verbum
3055 5452 3169 5522 ejus
3191 5468 3294 5506 non
3314 5448 3477 5504 habe-

1921 5550 1987 5602 tis
2012 5549 2067 5601 in
2088 5547 2228 5601 vobis
2256 5562 2469 5601 manens
2494 5560 2509 5597 :
2537 5546 2659 5616 quia
2696 5560 2841 5614 quem
2884 5544 3026 5597 misit
3072 5543 3182 5607 ille,
3225 5541 3347 5596 huic
3384 5556 3475 5595 vos

1908 5657 2007 5692 non
2042 5637 2277 5693 creditis.
