4206 6510
757 384 853 439 Hi
1750 391 1809 445 S.
1836 389 2114 447 CYRILLI
2154 392 2625 449 ALEXANDRINI
2667 398 2993 455 ABCillEl’.
3937 402 4035 455 6Ιὲ

825 497 996 553 Nemo
1016 500 1321 572 simplicem
1353 502 1457 557 loci
1486 503 1650 575 hujus
1680 521 1904 563 sensum
1942 525 2064 565 esse
2105 510 2331 577 videbit,
2364 517 2408 573 Α

2373 517 2408 573 Α
2510 514 2620 583 Οὐχ
2682 516 2863 585 ἁπλῆν
2912 515 2977 568 ἄν
3028 533 3112 578 τις
3162 516 3260 569 ἴδοι
3301 515 3593 587 νοημάτων
3619 516 3923 586 διασκευὴν
3966 517 4034 585 τῷ

754 588 849 643 sed
882 591 1081 647 multos
1107 608 1310 663 eosque
1358 598 1649 652 abstrusos
1703 600 2037 666 intellectus,
2077 604 2171 672 qui
2202 604 2335 658 sim-

2439 604 2757 673 προτεθέντι
2785 606 2945 659 πάλιν
2970 607 3396 677 ἐπεισχεομένην
3428 607 3601 677 ῥητῷ,
3633 607 3770 659 ἀλλά
3798 622 4038 676 κεκρυμ-

757 682 977 750 plicium
994 684 1305 738 auditorum
1330 696 1540 746 mentes
1564 690 1723 746 facile
1738 693 2030 749 admodum
2050 694 2329 765 effugiant,
2396 754 2399 755 ν

2396 754 2399 755 ν
2439 697 2618 765 μένων
2653 695 3025 767 θεωρημάτων
3076 698 3277 767 ἐσμὸν,
3336 699 3472 751 πολὺ
3529 697 3595 768 δὴ
3638 698 3759 751 λίαν
3800 698 4037 760 εὐκόλως

755 781 809 825 et
863 774 1170 829 acrioribus
1241 784 1452 833 tantum
1520 782 1754 850 ingeniis
1807 785 2123 853 capiuntur.
2189 786 2331 851 Quid

2433 786 2523 837 τὸν
2538 785 2646 838 τῶν
2667 788 2953 857 ἀζητήτως
2971 790 3412 859 ἐπακροωμένων
3437 790 3863 861 παριππεύοντα
3890 788 4034 852 νοῦν,

684 920 691 926 ,
754 864 897 916 enim
932 880 1111 920 causa:
1145 876 1250 935 est,
1281 872 1492 939 inquiet
1522 872 1968 944 forsan-aliquis,
2008 885 2066 929 ut
2089 893 2212 930 cum
2238 876 2331 934 Je-

2436 877 2617 945 μόνοις
2638 877 2695 929 δέ
2733 878 2873 948 τάχα
2909 882 3020 941 τοῖς
3060 881 3387 949 πικρότερον
3417 881 3765 947 ἐξετάζουσιν
3802 880 4036 950 ὁρᾶσθαι

756 972 850 1010 sus
882 958 1027 1010 dicat
1086 962 1154 1015 ab
1203 966 1520 1030 operatione
1557 965 1663 1040 lleo
1698 970 2020 1038 congruenti
2052 987 2111 1025 se
2132 972 2332 1029 habere

2432 967 2882 1039 καταδεχόμενον.
2908 970 2973 1022 Τί
3004 969 3112 1039 γάρ
3138 970 3203 1041 δὴ
3244 970 3305 1022 τὸ
3347 971 3632 1033 πεπεικὸς,
3689 972 3915 1039 ἐρεῖτις
3946 987 4035 1021 τν-

755 1048 1155 1115 testimonium,
1190 1055 1255 1106 ad
1280 1070 1393 1109 rem
1424 1065 1603 1113 tamen
1640 1076 1668 1112 a
1698 1063 1979 1128 proposito
2010 1063 2167 1134 longe
2196 1066 2329 1120 alie-

2430 1061 2543 1129 χὸν,
2600 1062 2708 1114 ἀπὸ
2762 1063 2861 1131 τῆς
2901 1062 3239 1133 θεοπρεποῦς
3288 1064 3572 1133 ἐνεργείας
3627 1061 4036 1134 μαρτυρεῖσθαι

754 1153 877 1192 nam
938 1157 996 1196 se
1050 1153 1354 1210 convertat,
1397 1164 1521 1201 cum
1566 1150 1641 1202 ait
1694 1150 1999 1207 Pharisa'os
2029 1172 2204 1224 neque
2234 1155 2327 1210 Dei

2429 1153 2655 1221 λέγοντα
2694 1154 2782 1207 τὸν
2822 1155 3050 1225 Ἰησοῦν,
3102 1154 3177 1218 ὡς
3213 1155 3304 1208 ἐπί
3355 1174 3409 1209 τι
3448 1157 3557 1209 τῶν
3601 1156 4038 1226 παρακειμένων

752 1246 817 1284 ac
848 1231 1024 1289 Patris
1066 1252 1253 1291 vocem
1314 1256 1555 1310 unquam
1613 1246 1853 1307 audisse,
1886 1262 2064 1315 neque
2090 1249 2326 1309 speciem

2429 1244 2604 1298 ἐλθεῖν
2639 1245 2697 1298 τὸ
2725 1245 2856 1297 πολὺ
2887 1245 3006 1300 λίαν
3047 1249 3556 1317 ἀπεσχοινισμένον,
3599 1247 3659 1299 τὸ
3707 1249 3851 1316 μήτε
3898 1248 4037 1307 ἀκη-

749 1323 871 1391 ejus
894 1326 1115 1389 vidisse,
1150 1330 1242 1382 sed
1295 1348 1471 1401 neque
1503 1328 1740 1407 Yerbuin
1770 1337 1915 1393 illius
1959 1340 2157 1395 habere
2214 1358 2325 1395 ma-

2429 1339 2634 1402 κοέναι,
2673 1340 2837 1409 φημὶ,
2873 1342 3000 1403 τοὺς
3030 1342 3357 1411 Φαρισαίους
3381 1339 3601 1394 πώποτε
3644 1340 3743 1408 τῆς
3767 1339 3869 1391 τοῦ
3901 1338 4038 1391 Θεοῦ

751 1433 886 1472 nens
910 1422 960 1472 in
989 1421 1158 1488 ipsis?
1184 1422 1293 1493 Ego
1344 1438 1491 1479 certe
1531 1438 1581 1481 et
1616 1430 1801 1497 quivis
1855 1432 1996 1486 alius
2032 1433 2328 1487 dubitatio-

2428 1430 2523 1482 καὶ
2548 1430 2759 1499 [ἰατρὸς
2781 1429 2986 1499 φωνῆς,
3019 1431 3157 1499 μήτε
3200 1430 3306 1500 μὴν
3338 1429 3630 1482 τεθεᾶσθαι
3652 1428 3712 1480 τὸ
3750 1425 3900 1485 emo:
3945 1429 4039 1479 αῦ-

750 1524 871 1561 ncm
906 1510 1214 1566 istiusmodi
1260 1530 1364 1567 non
1403 1517 1499 1569 abs
1532 1533 1588 1571 rc
1620 1519 1735 1571 fore
1768 1519 1987 1574 dixerit.
2029 1522 2199 1587 Quem
2229 1525 2327 1591 igi-

2427 1522 2543 1586 τοῦ,
2578 1523 2713 1576 ἀλλὰ
2754 1523 2887 1592 μηδὲ
2944 1523 3037 1575 τὸν
3072 1522 3244 1589 Λόγον
3292 1522 3436 1590 ἔχειν
3485 1520 3801 1573 ἐνοικοῦντα
3850 1521 4038 1581 αὐτοῖς

747 1604 836 1646 tur
859 1612 1081 1650 sensqu
1139 1604 1420 1669 proposito
1466 1606 1584 1658 loco
1618 1609 1851 1675 aptatnri
1886 1610 2080 1673 simus,
2106 1619 2159 1665 ct
2192 1613 2324 1679 quid

2428 1614 2519 1666 τὸν
2545 1614 2774 1665 ἐκείνου.
2799 1615 2909 1668 Καὶ
2940 1614 3278 1683 συνθήσομαί
3307 1630 3391 1680 γε,
3444 1615 3537 1665 καὶ
3575 1616 3681 1673 πᾶς
3710 1629 3815 1673 τις,
3851 1610 4036 1678 οἶμαι,

748 1688 872 1740 novi
898 1690 1286 1758 excogitaturi,
1320 1696 1534 1749 veritati
1562 1714 1786 1766 prorsus
1820 1702 2158 1764 insistentes,
2198 1703 2323 1773 Spi-

2428 1705 2536 1757 τῶν
2564 1706 2756 1771 ἄλλων,
2794 1706 2868 1770 ὡς
2915 1708 3014 1760 οὐκ
3048 1708 3152 1773 ἔξω
3182 1705 3273 1759 τοῦ
3316 1707 3621 1777 πρέποντος
3655 1706 3860 1773 γένοιτ’
3892 1705 3964 1756 ἂν
4004 1708 4035 1772 ἡ

748 1779 884 1833 ritus
922 1781 1119 1835 virtute
1151 1791 1202 1837 et
1245 1788 1420 1853 gratia
1451 1805 1722 1857 exponere
1746 1795 2007 1849 conabor.
2040 1796 2189 1852 Solet
2215 1800 2324 1853 Sal-

2429 1798 2651 1866 τοιαύτη
2683 1799 2833 1870 παρά
2872 1789 3032 1852 τινων
3066 1800 3427 1870 ἐπαπόρησις.
3462 1800 3621 1849 Ποῖον
3649 1794 3744 1849 οὖν
3772 1799 3885 1867 ἄρα
3925 1799 4038 1856 τοῖς

746 1881 901 1926 valor
936 1874 1187 1931 Christus
1241 1894 1382 1947 Sthe
1428 1881 1705 1938 disserens
1753 1886 1960 1939 utiliter
1985 1904 2108 1942 cum
2139 1892 2323 1948 stultis
2356 1873 2398 1927 Β

2375 1873 2398 1927 3
2429 1891 2811 1960 προκειμένοις
2851 1891 3237 1961 ἐφαρμόσομεν
3260 1889 3405 1953 νοῦν,
3446 1889 3497 1941 τί
3523 1890 3579 1941 δέ
3613 1889 3778 1941 πάλιν
3811 1889 4036 1956 εὑρεσι-

743 1966 1055 2033 I’harisaeis,
1109 1973 1160 2024 in
1218 1988 1405 2027 eorum
1449 1978 1613 2030 corda
1654 1982 1870 2048 penitus
1902 1984 2121 2050 intueri,
2153 1994 2205 2040 et
2225 2004 2321 2058 pro

2425 1984 2707 2052 λογοῦντες
2746 1986 3134 2056 ἐξαρτύσομεν,
3166 1987 3264 2053 τῆς
3294 1983 3553 2054 ἀληθείας
3593 1985 3847 2051 ἐχόμενοι
3902 1997 4040 2032 παν·

742 2074 807 2112 eo
844 2076 906 2114 ac
964 2061 1133 2116 Deum
1159 2063 1317 2120 decet
1340 2084 1458 2136 quae
1485 2071 1633 2123 taciti
1663 2074 1885 2128 volvunt
1904 2078 2088 2131 animo
2114 2083 2325 2150 perspi-

2424 2078 2582 2147 ταχῆ,
2610 2078 2697 2131 διά
2728 2080 2825 2147 τῆς
2850 2080 2944 2130 τοῦ
2983 2078 3297 2146 Πνεύματος
3329 2075 3613 2144 ἐνεργείας
3646 2091 3705 2125 τε
3739 2078 3836 2125 καὶ
3861 2074 4029 2140 κάρι-

741 2166 888 2217 cere,
919 2154 1114 2223 hisque
1152 2159 1494 2224 potissimum
1539 2164 1893 2231 respondere,
1935 2176 1989 2220 et
2040 2171 2203 2224 verba
2256 2171 2323 2227 de
2394 2192 2395 2195 ‘

2394 2192 2395 2195 η
2424 2186 2513 2232 τος
2552 2171 2785 2235 ἐξειπεῖν
2814 2170 3177 2239 πειράσομαι’
3220 2168 3380 2228 Ἐθος
3415 2166 3494 2235 τῷ
3529 2165 3744 2233 Σωτῆρι
3773 2163 4030 2232 Χριστῷ,

742 2242 811 2297 iis
842 2244 1036 2307 facere,
1068 2256 1246 2302 tamen
1286 2250 1603 2320 increpare;
1655 2257 1946 2311 verborum
1975 2263 2170 2316 seriem
2206 2278 2323 2316 om-

2426 2263 2731 2333 ποιουμένῳ
2782 2262 3043 2325 πολλάκις
3098 2261 3196 2324 τὰς
3246 2258 3549 2325 ἐπωφελεῖς
3575 2255 3837 2319 διαλέξεις
3885 2253 4034 2323 πρὸς

743 2336 875 2388 ιιίηο
900 2353 1003 2390 non
1033 2339 1334 2407 egreditur,
1369 2344 1463 2398 sed
1499 2345 1715 2401 illorum
1762 2351 2003 2408 consiliis
2028 2362 2082 2406 et.
2115 2357 2324 2425 cogita-

2423 2356 2550 2417 τοὺς
2583 2354 2873 2415 ἀσυνέτους
2900 2355 3132 2423 μάλιστα
3170 2350 3523 2422 Φαρισαίους,
3549 2348 3628 2408 εἰς
3652 2346 3713 2397 τὸ
3754 2346 3850 2413 τῆς
3888 2360 4036 2415 καρ-

743 2429 984 2485 tionihus
1020 2434 1203 2486 statim
1238 2438 1501 2499 occurrit,
1543 2440 1668 2494 hinc
1707 2442 1870 2497 etiam
1922 2450 2219 2504 ostendens
2264 2465 2324 2505 se

2424 2445 2541 2508 δίας
2566 2444 2746 2497 αὐτῶν
2785 2445 3049 2508 ἀτενίζειν
3078 2442 3260 2511 βάθος,
3282 2442 3377 2493 καὶ
3408 2434 3872 2507 περισκέπτεσθαι
3907 2432 4032 2485 Θεο-

742 2518 912 2574 Ueum
937 2523 1236 2577 secundum
1271 2536 1521 2580 naturam
1546 2546 1690 2593 esse,
1734 2542 1790 2585 ut
1819 2536 1914 2603 qui
1941 2548 2201 2605 agnoscat
2233 2555 2325 2593 oc—

2426 2538 2651 2609 πρεπῶς
2684 2537 2752 2591 τά
2781 2540 2837 2590 ἐν
2863 2537 3145 2605 λογισμοῖς
3181 2532 3412 2602 ἀφώνως
3474 2531 3556 2583 ἔτι
3592 2528 3733 2582 κατὰ
3765 2528 3855 2579 τὸν
3893 2525 4034 2577 νοῦν

740 2613 912 2679 culta,
954 2624 1007 2668 et
1062 2616 1229 2670 corda
1287 2628 1565 2675 scrutetur
1610 2632 1664 2676 et
1682 2639 1860 2679 renes.
1897 2626 1950 2679 Si
1984 2629 2109 2696 quis
2142 2638 2323 2685 autem

2428 2631 2771 2703 στρεφόμενά
2818 2648 2876 2683 τε
2943 2630 3037 2682 καὶ
3087 2626 3509 2694 ἀνακινούμενα,
3548 2624 3642 2676 καὶ
3673 2621 3807 2691 πρὸς
3842 2619 4037 2671 ταῦτα

738 2707 893 2767 velit,
931 2707 1435 2765 manifestissimam
1453 2713 1683 2783 hujusce
1703 2718 1779 2772 rei
1801 2718 2322 2779 demonstrationem

2430 2722 2663 2793 μάλιστα
2703 2723 2796 2775 καὶ
2825 2720 2923 2783 τὰς
2952 2720 3277 2788 ἀποκρίσεις
3328 2713 3619 2772 ποιεῖσθαι,
3661 2712 3755 2764 καὶ
3782 2713 3913 2772 τοὺς
3943 2709 4040 2762 λό-

734 2796 809 2851 ab
841 2796 962 2852 aliis
1013 2802 1382 2869 evangelistis,
1439 2802 1587 2859 Luca
1643 2807 1923 2872 nimirum,
1971 2820 2023 2864 et
2051 2813 2327 2868 aliisacci-

2425 2832 2553 2883 γους
2592 2813 2701 2867 ἔσθ’
2725 2815 2836 2875 ὅτε,
2860 2814 2955 2866 καὶ
2981 2813 3108 2873 τοὺς
3139 2810 3396 2879 ἐλέγχους
3423 2807 3547 2869 τοὺς
3580 2805 3663 2856 ἐπ’
3690 2804 3893 2864 αὐτοῖς,
3931 2803 4040 2855 καὶ

739 2888 869 2955 piet.
898 2886 1176 2957 Scriptum
1199 2901 1283 2946 est
1317 2893 1370 2946 in
1400 2894 1521 2949 aliis
1561 2894 1891 2967 Evangeliis,
1936 2901 2245 2958 Pharisaeos
2272 2916 2325 2959 et

2426 2907 2486 2959 οὐ
2522 2907 2737 2968 πάντως
2768 2905 2873 2957 τῶν
2900 2904 3117 2956 οἰκείων
3140 2902 3399 2972 ῥημάτιον
3426 2898 3735 2965 ἁνεξίτητον
3764 2894 4042 2965 διατηρεῖ

746 2980 885 3047 legis
906 2982 1161 3037 doctores
1192 3000 1254 3038 ex
1297 2987 1447 3039 omni
1502 2989 1933 3061 circumquaque
1969 2992 2155 3048 Judzea
2188 3012 2322 3051 con-

2425 2998 2516 3050 τὸν
2547 2996 2757 3067 είρμόν·
2787 2994 2924 3047 ἀλλὰ
2957 2993 3093 3063 πρὸς
3123 2993 3259 3061 ὅπερ
3299 2992 3364 3042 ἂν
3389 2991 3584 3042 ἐκεῖνοι
3632 2985 4038 3056 βουλεύωνται,

736 3083 989 3143 gregatos
1022 3075 1208 3130 fuisse.
1248 3097 1265 3127 ι
1304 3076 1368 3130 Ει
1391 3095 1520 3134 ecce
1546 3083 1670 3144 viri,
1726 3084 1925 3150 inquit,
1958 3096 2242 3154 portantes
2268 3091 2322 3145 in

2428 3090 2521 3141 καὶ
2544 3088 2662 3140 καθ’
2687 3086 2912 3148 ἑαυτοὺς
2953 3084 3196 3144 ἐννοῶσι,
3247 3082 3444 3151 δριμὺς
3494 3080 3723 3147 ὑπαντᾷ,
3774 3077 3869 3129 καὶ
3942 3078 4045 3130 διὰ

743 3168 885 3221 lecto
908 3169 1069 3238 255
1096 3169 1390 3234 hominem,
1426 3173 1519 3241 qui
1548 3185 1661 3228 erat
1682 3179 2018 3247 paralyticus
2054 3196 2065 3231 :
2096 3192 2147 3236 et
2176 3199 2325 3252 qum-
2354 3235 2390 3252 η

2426 3181 2615 3234 τούτου
2678 3180 2912 3241 δεικνὺς,
2974 3176 3165 3246 δτιπέρ
3214 3178 3331 3228 ἐστι
3380 3173 3520 3225 κατά
3569 3171 3727 3240 φύσιν
3757 3168 3924 3231 Θεὸς.
3956 3170 4044 3232 ὡς

739 3262 934 3313 rebaut
993 3276 1116 3315 eum
1170 3262 1393 3325 inferre,
1434 3273 1487 3319 et
1536 3282 1737 3334 ponere
1790 3280 1915 3325 ante
1942 3289 2087 3325 eum.
2122 3273 2185 3327 Ει
2211 3292 2318 3331 non
2351 3235 2392 3293 ϐ

2379 3237 2392 3291 Ξ
2426 3272 2711 3339 γινώσκων
2737 3270 2804 3322 τὰ
2824 3272 2880 3321 ἐν
2907 3269 2983 3338 τῷ
3010 3268 3161 3336 βάθει
3184 3267 3433 3333 κείμενα,
3470 3264 3561 3316 καὶ
3597 3262 3819 3331 καρδίας
3849 3262 4040 3330 ἐρευ-

738 3353 1081 3407 inveuientes
1132 3370 1236 3423 qua
1279 3365 1434 3424 parte
1499 3358 1650 3412 illum
1702 3360 1971 3416 inferrent
2004 3382 2113 3433 prae
2135 3369 2317 3433 turba,

2421 3362 2526 3415 νῶν
2570 3363 2665 3415 καὶ
2695 3360 2947 3431 νεφρούς.
2995 3358 3244 3426 Δεχέσθω
3278 3356 3355 3421 δὲ,
3398 3355 3449 3407 εἴ
3484 3372 3559 3423 τῳ
3592 3354 3755 3413 δοκεῖ,
3787 3352 3895 3419 τὴν
3936 3353 4043 3403 ἐπὶ

738 3445 1102 3499 ascenderunt
1132 3462 1301 3516 super
1344 3457 1571 3511 tectum,
1613 3458 1666 3504 et
1724 3468 1819 3520 per
1866 3455 2077 3523 tegulas
2119 3459 2321 3513 submi-

2418 3455 2530 3515 τοῖς
2575 3450 2886 3522 εἰρημένοις
2940 3447 3346 3519 ἐναργεστάτην
3403 3444 3674 3509 ἀπόδειξιν
3704 3444 3852 3512 παρὰ
3914 3444 4042 3493 τῶν

738 3545 927 3589 serunt
957 3553 1079 3591 eum
1110 3553 1233 3591 cum
1264 3539 1405 3592 lecto
1427 3542 1481 3594 in
1514 3542 1753 3596 medium
1788 3552 1913 3599 ante
1932 3546 2138 3603 Jcsum.
2168 3551 2317 3616 Quo-

2419 3544 2621 3614 ἐτέρων
2642 3540 3064 3609 εὐαγγελιστῶν,
3110 3540 3296 3591 Λουκᾶ
3337 3537 3423 3607 δὴ,
3460 3536 3621 3605 φημὶ,
3646 3536 3732 3587 καὶ
3760 3534 3873 3585 τῶν
3927 3534 4040 3585 σῦν

739 3643 859 3681 rum
895 3628 1050 3682 fidem
1078 3631 1310 3694 utvidit,
1342 3631 1479 3685 dixit
1526 3635 1831 3704 paralytico
1866 3654 1878 3688 :
1908 3636 2098 3705 Homo,
2134 3644 2320 3696 remit-

2418 3637 2589 3708 αὐτῷ.
2630 3637 2945 3707 Γέγραπται
2976 3632 3153 3686 τοίνυν
3194 3634 3249 3684 ἐν
3282 3631 3489 3700 ἐτέροις
3528 3626 3910 3695 Εὑαγγελίοις,
3952 3628 4039 3691 ὡς

739 3727 931 3773 tantur
955 3720 1049 3772 tibi
1079 3734 1296 3789 peccata
1327 3732 1439 3778 tua.
1465 3724 1528 3775 Et
1550 3732 2095 3801 emperuntcogitare
2114 3733 2318 3791 Scriba:

2417 3726 2558 3800 ἦσάν
2585 3746 2715 3781 ποτε
2753 3726 3173 3795 συνεληλυθότες
3212 3724 3319 3779 ἀπὸ
3348 3722 3530 3790 πάσης
3566 3721 3664 3788 τῆς
3696 3717 4036 3789 περιχώρου

736 3820 791 3863 et
824 3809 1082 3865 Pharisaei
1136 3812 1382 3869 dicentes
1430 3834 1443 3869 :
1486 3815 1620 3880 Quis
1682 3830 1764 3872 est
1804 3821 1893 3874 hic
1949 3825 2042 3892 qui
2078 3826 2318 3896 loquitur

2416 3822 2517 3892 τῆς
2550 3821 2811 3883 Ἰουδαίας
2864 3820 3144 3888 Φαρισαῖοι
3179 3817 3271 3868 καὶ
3310 3812 3786 3883 νομοδιδάσκαλοι·
3838 3830 3853 3859 ι
3907 3812 4037 3864 Καὶ

740 3902 1144 3972 blasphemias?
1186 3904 1321 3971 Quis
1376 3916 1555 3976 potest
1612 3908 1888 3967 dimittere
1937 3927 2182 3983 peccata,
2212 3921 2317 3977 nisi

2422 3915 2530 3967 ἰδοὺ
2553 3913 2766 3981 ἄνδρες,
2802 3913 2956 3980 φησι,
2985 3909 3243 3979 φέροντες
3277 3907 3368 3958 ἐπὶ
3393 3905 3582 3973 κλίνης
3606 3903 3925 3971 ἄνθρωπον.
3967 3903 4034 3965 ὃς

738 3996 890 4049 solus
920 3995 1096 4050 Deus?
1128 3996 1193 4050 Ut
1222 4001 1477 4068 cognovit
1499 4012 1678 4055 autem
1726 4002 1889 4059 Jesus
1954 4011 2317 4079 cogitationes

2416 4002 2485 4076 ἦν
2512 4004 2977 4075 παραλελυμένος,
3003 4001 3096 4053 καὶ
3120 3998 3343 4068 ἐζήτουν
3366 3996 3526 4049 αὑτὸν
3555 3993 3885 4058 εἰσενεγκεῖν
3923 3993 4034 4044 καὶ

737 4101 952 4152 eorum,
993 4089 1331 4157 respondens
1355 4091 1493 4144 dixit
1518 4092 1584 4145 ad
1618 4094 1738 4150 illos
1773 4114 1784 4148 :
1812 4096 1953 4162 Quid
1981 4104 2236 4172 cogitatis
2262 4107 2316 4161 in

2418 4100 2591 4152 θεῖναι
2620 4096 2851 4150 ἐνώπιον
2911 4092 3097 4145 αὑτοῦ.
3162 4091 3271 4148 Καὶ
3324 4088 3397 4158 μὴ
3445 4086 3691 4157 εὑρόντες
3726 4084 3811 4135 διὰ
3845 4084 4038 4153 ποέας

737 4177 996 4232 cordibus
1022 4180 1263 4234 vestris?
1310 4181 1450 4247 Quid
1494 4192 1578 4237 est
1623 4185 1841 4243 facilius
1883 4189 2088 4258 dicere,
2128 4193 2319 4250 Dimit-

2419 4191 2804 4258 εἰσενέγκωσιν
2824 4177 2987 4240 αὑτὸν
3024 4183 3112 4236 διὰ
3139 4182 3229 4234 τὸν
3264 4181 3439 4250 ὄχλον,
3498 4177 3793 4235 ἀναϐάντες
3830 4175 3942 4225 ἐπὶ
3972 4179 4037 4228 τὸ

740 4278 932 4323 tuntur
958 4272 1055 4324 tibi
1106 4282 1328 4341 peccata
1373 4284 1465 4328 tua
1495 4294 1508 4330 :
1542 4292 1609 4332 an
1646 4280 1829 4336 dicere
1862 4301 1873 4336 :
1911 4285 2084 4356 Surge
2113 4298 2165 4343 et
2199 4305 2319 4344 am~

2419 4283 2596 4352 δῶμα,
2622 4281 2709 4335 διὰ
2730 4281 2840 4333 τῶν
2873 4277 3136 4349 κεράμων
3167 4273 3417 4341 καθῆκαν
3438 4271 3598 4325 αὐτὸν
3623 4269 3714 4321 σὺν
3732 4266 3809 4335 τῷ
3834 4266 4032 4319 κλινι-

738 4362 867 4415 hula
897 4364 917 4393 ⁵
949 4364 971 4415 ?
1010 4383 1027 4414 ι
1063 4362 1227 4420 Vides
1264 4378 1322 4419 ut
1358 4383 1467 4421 non
1501 4380 1827 4439 exspectans
1883 4376 2012 4431 dum
2047 4381 2319 4449 loquendo

2419 4377 2516 4446 δίῳ
2542 4378 2620 4439 είς
2653 4375 2712 4428 τὸ
2774 4373 2959 4444 μέσον,
3007 4367 3315 4440 ἔμπροσθεν
3351 4364 3443 4418 τοῦ
3503 4361 3696 4430 Ἰησοῦ.
3732 4360 3840 4411 Καὶ
3891 4360 4034 4412 ἰδὼν

738 4454 1133 4523 responderent
1162 4465 1254 4510 aut
1290 4458 1793 4531 admurmurarcnt,
1828 4483 2016 4522 eorum
2037 4473 2321 4541 cogitatio-

2421 4468 2521 4539 τὴν
2554 4469 2738 4520 πίστιν
2782 4464 2983 4529 αὐτῶν,
3017 4459 3138 4515 εἷπε
3166 4460 3245 4530 τῷ
3279 4456 3661 4529 παραλυτικῷ·
3695 4452 4034 4521 Ἄνθρωπε,

738 4548 903 4601 niLus
920 4558 1197 4612 occurrat,
1217 4559 1274 4605 ut
1298 4551 1457 4606 lleus.
1494 4554 1655 4608 Aliud
1677 4561 2315 4629 exemplumistiusmodi
2353 4588 2399 4647 υ

2375 4591 2399 4647 )
2426 4560 2701 4630 ἀφέωνταί
2734 4576 2813 4611 σοι
2844 4559 2899 4611 αἱ
2931 4554 3201 4625 ἁμαρτίαι
3237 4569 3352 4604 σου.
3382 4550 3491 4603 Καὶ
3520 4546 3748 4618 ἤρξαντο
3775 4544 4036 4611 δειλοτέ-

738 4640 881 4708 apud
913 4642 1163 4696 eumdem
1192 4646 1456 4713 reperies.
1496 4645 1589 4700 Sic
1614 4650 1756 4703 enim
1785 4652 1978 4709 beatus
2011 4654 2187 4714 Lucas
2223 4663 2324 4715 ait:
2354 4636 2394 4647 ν

2371 4636 2394 4647 ’
2427 4653 2611 4718 ζεσθαι
2662 4653 2711 4704 οἱ
2744 4650 3097 4721 Γραμματεῖς
3154 4644 3250 4697 καὶ
3290 4644 3342 4695 οἱ
3380 4642 3685 4712 Φαρισαῖοι,
3716 4636 3989 4702 λέγοντες
4019 4654 4032 4666 ·

741 4750 762 4785 ι
794 4731 1021 4787 Factqu
1081 4743 1165 4789 est
1204 4745 1385 4792 autem
1423 4748 1476 4793 et
1506 4739 1560 4793 in
1592 4742 1699 4795 alio
1734 4742 1975 4801 Sabbato
2009 4758 2066 4802 ut
2092 4751 2329 4810 intraret

2427 4746 2521 4810 Τίς
2552 4746 2701 4798 ἐστιν
2722 4735 2897 4804 οὗτος,
2938 4741 2997 4803 ὃς
3040 4739 3192 4791 λαλεί
3233 4732 3619 4805 βλασφημίας;
3667 4729 3760 4791 Τίς
3784 4729 4034 4781 δύναται

738 4825 793 4878 in
846 4841 1206 4895 synagogam,
1270 4838 1325 4883 et
1385 4832 1624 4887 doceret.
1664 4833 1727 4887 Et
1785 4848 1903 4891 crat
1934 4838 2005 4893 ibi
2038 4842 2219 4905 homo,
2277 4858 2331 4903 et

2427 4836 2701 4907 ἁμαρτίας
2746 4832 2986 4901 ἀφιέναι,
3035 4829 3084 4879 εἰ
3124 4828 3198 4897 μὴ
3220 4819 3300 4887 εἷς
3334 4822 3551 4883 ὀθεός;
3590 4818 3873 4885 Ἐπιγνοῦς
3899 4816 3968 4907 δὲ
4007 4819 4038 4869 ὁ

738 4931 935 4972 manus
962 4919 1080 4987 ejus
1110 4919 1332 4975 dextera
1384 4932 1501 4977 erat
1525 4924 1696 4981 arida.
1729 4925 2107 4986 Observabant
2140 4946 2327 4991 autem

2439 4906 2667 4995 Ἰησοῦς,
2703 4921 2857 4992 φησὶ,
2888 4918 3013 4981 τοὺς
3036 4914 3422 4983 διαλογισμοὺς
3452 4910 3651 4972 αὐτῶν,
3687 4906 4036 4975 ἀποκριθεὶς

742 5006 949 5063 Scrihae
970 5021 1022 5063 et
1052 5010 1309 5067 Pharisaei
1332 5015 1377 5068 si
1413 5017 1465 5069 in
1492 5015 1730 5072 Sabbato
1757 5032 1997 5083 curaret,
2023 5034 2079 5077 ut
2107 5026 2320 5082 inveni-

2422 5013 2539 5070 εἷπε
2574 5014 2712 5086 πρὸς
2740 5009 2936 5073 αὐτούς
2967 5023 2983 5038 ⁶
3019 5008 3094 5062 Τί,
3122 5003 3491 5073 διαλογίζεσθε
3519 5003 3576 5053 ἐν
3607 5002 3724 5061 ταῖς
3759 4997 4036 5067 καρδίαις

739 5108 865 5153 rent
900 5101 1043 5156 unde
1067 5116 1395 5160 accusarent
1425 5124 1571 5162 eum.
1611 5108 1728 5177 ipse
1757 5128 1888 5165 vero
1931 5114 2141 5169 sciebat
2171 5119 2323 5188 cogi-

2424 5106 2698 5178 ὑμῶν;Τί
2726 5106 2873 5158 ἐστιν
2896 5099 3271 5169 εὐκοπώτερον
3320 5097 3526 5156 εἰπεῖν,
3581 5089 3887 5184 Ἀφέωνταί
3942 5108 4035 5146 σοι

737 5191 976 5245 taliones
1009 5206 1197 5245 eorum
1233 5202 1324 5247 :et
1353 5196 1430 5248 ait
1461 5196 1671 5251 homini
1703 5200 1795 5267 qui
1824 5201 2059 5254 habebat
2096 5184 2318 5258 manum

2423 5204 2480 5255 ai
2505 5199 2771 5270 ἁμαρτίαι
2808 5214 2924 5260 σου,
2959 5196 3218 5266 ἢεὶπεῖν,
3244 5191 3495 5258 Ἔγειραι
3523 5186 3615 5239 καὶ
3639 5184 3944 5253 περιπάτει
3976 5203 4028 5249 ;ι

739 5282 947 5335 aridam
974 5300 986 5335 :
1016 5282 1210 5353 Surge,
1240 5294 1293 5339 ct
1340 5294 1422 5341 sta
1458 5287 1510 5341 in
1557 5290 1817 5344 medium.
1842 5290 1908 5345 Et
1938 5310 2190 5363 surgens,
2214 5305 2324 5351 ste-

2440 5294 2603 5363 Ὀρᾷς
2635 5292 2781 5354 ὅπως
2803 5292 2862 5342 οὐ
2895 5288 3216 5359 περιμείνας
3242 5284 3342 5352 τὴν
3377 5284 3434 5333 ἐν
3460 5279 3711 5350 προφορᾷ
3747 5277 4034 5344 ῥημάτων

738 5375 821 5426 tit.
854 5374 1138 5428 Aitautem
1202 5376 1268 5430 ad
1322 5378 1449 5434 illos
1496 5377 2077 5453 Jesus:lnterrogaho
2122 5404 2239 5453 vos,
2275 5390 2321 5446 si

2429 5386 2740 5457 ἀπόκρισιν»
2767 5387 2886 5455 ἢτοι
2921 5377 3254 5450 γογγυσμδν,
3296 5374 3431 5445 πρὸς
3469 5372 3567 5435 τὰς
3609 5372 3664 5422 ὲν
3708 5370 3898 5423 αὐτοῖς
3935 5372 4035 5421 ὲν-

740 5466 864 5519 licet
895 5464 1128 5520 Sabbato
1148 5467 1491 5531 benefacere.
1530 5486 1597 5525 an
1624 5473 1762 5528 male
1780 5475 1798 5505 ⁸
1824 5475 1845 5527 ?
1873 5494 1890 5525 ι
1914 5475 2078 5532 Vides
2099 5495 2319 5534 rursum

2429 5480 2575 5542 νοίας
2612 5480 2687 5541 ὡς
2725 5478 2855 5539 Θεὸς
2912 5473 3285 5544 ἀποκρίνεται.
3318 5466 3585 5535 Εὑρήσεις
3627 5463 3680 5515 δὲ
3726 5462 3891 5514 πάλιν
3929 5463 4040 5514 καὶ

739 5560 827 5614 hic
863 5569 921 5613 ut
950 5571 1242 5631 perspecto
1273 5564 1438 5618 corde
1458 5580 1646 5619 eorum
1680 5568 1953 5635 quistulte
1988 5571 2167 5639 ipsum
2207 5573 2317 5627 cri-

2425 5572 2615 5643 ἐτέραν
2652 5570 2973 5641 πράγματος
2997 5565 3201 5624 εἰκόνα,
3237 5559 3377 5614 κατά
3419 5556 3577 5610 τοῦτο
3621 5552 4040 5623 διηρτισμένῃν

741 5653 939 5706 minari
970 5654 1302 5719 nitebantur,
1334 5656 1437 5711 ista
1474 5658 1711 5713 dixerit?
1754 5660 1883 5717 Tale
1910 5664 2039 5733 quid
2076 5680 2240 5735 porro
2283 5681 2313 5719 a

2423 5665 2482 5718 τὸ
2511 5664 2713 5735 σχῆμα.
2759 5663 2920 5729 Λέγει
2976 5658 3082 5729 γὰρ
3126 5655 3297 5717 οὕτως
3340 5654 3367 5706 ὁ
3426 5648 3693 5719 μακάριος
3747 5646 3983 5708 Λουκᾶς
4022 5660 4036 5670 ·

811 5830 830 5861 ⁸
867 5828 997 5883 Luc.
1036 5847 1083 5895 ν,
1119 5830 1298 5886 lii-‘26.
1377 5835 1395 5861 "
1438 5835 1569 5889 Luc.
1605 5852 1677 5905 Vl,
1713 5837 1823 5891 (3-5).
