4206 6510
206 389 317 446 415

1226 400 1294 455 ΙΝ
1331 400 1619 458 JOANNIS
1664 401 2117 461 EVANGELIUM
2168 406 2296 463 LIB.
2340 408 2429 463 lii.
2476 434 2481 439 ν

3359 412 3470 467 ιη

210 528 233 562 c
277 510 523 581 Ἐγένετο
540 515 595 568 δὲ
619 515 676 568 ὲν
699 514 870 587 ἑτέρῳ
921 516 1179 590 Σαϐϐάτῳ
1208 522 1470 575 εἰσελθεῖν
1514 524 1673 575 αὑτὸν
1709 525 1765 575 εἰη

1901 526 2182 582 Salvatore
2208 532 2262 581 in
2291 524 2690 581 Pharisaeorum
2721 525 2997 583 mentibus
3028 526 3375 583 observatum
3407 529 3465 582 in

205 602 310 671 τὴν
360 605 707 677 Συναγωγὴν,
760 609 860 677 ,καὶ
919 610 1209 665 διδάσκειν.
1246 614 1357 667 Καὶ
1391 611 1460 685 ἦν
1504 615 1788 683 ἄνθρωπος

1892 628 2173 687 proposito
2203 618 2353 672 dicto
2391 620 2755 688 suspicamur.
2789 617 2944 684 Quod
2987 618 3034 673 si
3060 633 3120 673 ea
3159 633 3278 687 quae
3310 619 3474 688 prius

205 694 345 757 ἐκεῖ,
372 696 465 747 καὶ
494 697 526 767 ή
548 696 672 767 χεὶρ
689 698 903 770 αὑτοῦὴ
924 698 1072 765 δεξιὰ
1087 697 1154 772 ἦν
1182 703 1340 772 ξηρά.
1375 704 1693 775 Παρετηροῦ
1709 723 1765 756 m

1887 709 2032 762 dicta
2060 718 2189 764 sunt
2215 718 2461 777 repetere
2494 723 2601 762 non
2646 709 3207 780 gravaberis,videliis
3248 723 3277 762 a
3316 721 3465 764 recta

201 785 260 837 δὲ
311 788 473 840 αὐτὸν
528 790 576 841 οἱ
611 790 963 860 Γραμμαυςῖς
1003 794 1099 845 καὶ
1140 795 1189 846 οἱ
1216 797 1476 866 Φαρισα”ο
1541 798 1587 848 εί
1619 799 1676 847 ὲν
1709 797 1765 865 ei;

1888 802 2049 863 linea,
2124 808 2181 853 ut
2204 816 2280 855 rei
2312 801 2508 855 ordine
2540 815 2849 854 sermonem
2876 815 2981 853 non
3007 800 3281 855 recedere.
3323 800 3468 856 Lon-

202 875 470 929 Σαϐϐάτῳ
507 879 856 950 θεραπεύσει,
899 884 985 935 ἵνα
1051 884 1252 956 εὕρωσι
1304 886 1637 956 κατηγορίαν
1665 888 1783 939 κατ’

200 969 392 1022 αυτοῦ.
424 971 594 1035 Αὐτὸς
625 973 679 1025 δὲ
708 974 822 1043 ᾔο..ι
846 977 970 1039 τοὺς
998 977 1380 1049 διαλογισμοὺς
1420 998 1595 1032 ,ιυτων
1626 997 1639 1012 ·
1689 979 1778 1033 καλ

200 1054 327 1112 εἷπε
349 1060 427 1132 τῷ
458 1062 611 1132 ἀνδρὶ
637 1064 715 1134 τῷ
744 1065 913 1137 ξηρὰν
947 1067 1123 1137 ἔχοντι
1161 1070 1260 1139 τὴν
1283 1088 1437 1141 χειρα
1459 1085 1471 1097 ·
1508 1072 1780 1140 Ἐγειραι,

199 1152 299 1205 καὶ⁵
339 1154 495 1226 στῆθι
517 1158 597 1219 είς
632 1157 693 1210 τὸ
720 1157 903 1228 μέσον.
934 1162 1039 1213 Καὶ
1064 1162 1304 1224 ἀναστὰς
1325 1204 1338 1227 ,
1380 1162 1531 1234 ἔστη.
1564 1159 1698 1215 Εἷπε
1724 1164 1781 1217 δὲ

210 1244 419 1313 Ἰησους
458 1249 595 1318 πρὸς
642 1250 871 1312 αὐτούς·
919 1252 1284 1324 Ἐπερωτήσω
1323 1255 1488 1323 ὑμᾶς,
1513 1256 1561 1306 εί
1604 1254 1781 1319 ἕξεσι-ι

194 1337 278 1408 τῷ
307 1338 570 1411 Σαϐϐάτῳ
588 1343 1006 1411 ἀγαθοποιῆσαι,
1049 1345 1080 1414 ἦ
1123 1361 1507 1414 κακοποιησαι.
1562 1366 1580 1397 ι
1619 1347 1781 1418 Ὁρᾷς

192 1430 260 1500 δὴ
295 1432 455 1485 πάλιν
488 1433 1025 1503 ἀνακ·καλυμμένως
1058 1439 1115 1490 ὲν
1138 1438 1368 1503 τούτοις,
1392 1438 1467 1501 ὡς
1501 1440 1580 1502 είς
1611 1438 1781 1509 αὐτὴν

191 1525 337 1597 ὁρῶν
359 1525 455 1595 τὴν
482 1523 707 1596 καρδίαι
728 1528 835 1581 τῶν
858 1531 1099 1599 ἀνοήτως
1114 1533 1202 1583 αίτ
1232 1531 1391 1584 ᾶσθαι
1418 1548 1459 1583 π
1496 1532 1779 1603 ιρωμένων

192 1616 361 1668 αὐτὸν
408 1618 703 1686 ἐποιήσατο
723 1620 849 1682 τοὺς
869 1620 1081 1688 λόγους.
1128 1620 1381 1675 Τοιοῦτόν
1409 1639 1460 1674 τι
1491 1621 1651 1675 πάλιν
1682 1622 1778 1675 καὶ

188 1707 287 1759 ἐπὶ
309 1725 386 1778 τῳ
402 1711 748 1781 προκειμένῳ
777 1712 927 1782 ρητῇ
997 1713 1052 1765 ’θ
1086 1713 1333 1783 ωρῆσθαι
1358 1713 1508 1785 παρὰ
1528 1715 1621 1767 τοῦ
1662 1717 1776 1769 Eo)-

185 1797 357 1868 τῆρλς
381 1800 438 1850 ὲν
461 1804 579 1863 ταῖς
601 1800 707 1853 τῶν
728 1804 1034 1872 Φαρισαίων
1055 1805 1312 1869 διανοίαις
1338 1807 1442 1859 ὑπ’)
1458 1809 1772 1878 υοπήσομω.

191 1888 357 1956 Ὄψει
382 1890 437 1942 δὲ
466 1907 565 1961 την
583 1892 796 1945 εὐθεάν
845 1894 875 1963 ἢ
908 1894 1006 1965 τὴν
1041 1895 1134 1948 τοῦ
1163 1896 1486 1966 πράγματος
1506 1897 1653 1951 θέσιν
1677 1899 1777 1953 οὐκ

184 1982 630 2037 ἀπολακτίσαντα
659 1986 755 2039 τον
789 1986 972 2055 λόγον,
1008 1988 1217 2042 ἕκαστα
1236 2008 1344 2042 των
1376 1991 1474 2063 ήδη
1519 2009 1776 2063 προειρη-

188 2075 369 2145 μένων
393 2078 855 2150 άναμτηρύσασθαι
901 2083 1245 2152 κατοκνήσας
1271 2083 1543 2154 ουδαμῶς.
1580 2084 1773 2153 Γέγοιε

182 2169 368 2222 τοίνυν
400 2171 457 2222 ὲν
482 2172 624 2242 ἀρχῇ
662 2172 801 2243 πρὸς
832 2172 1074 2237 ἐκείνους
1106 2176 1133 2227 ὁ
1170 2174 1336 2238 πολύς
1356 2194 1416 2228 τε
1441 2178 1535 2229 καὶ
1566 2178 1777 2248 μακρὸς

183 2260 368 2314 οὑτοσὶ
391 2262 566 2331 λόγος,
594 2266 687 2317 ἐπὶ
707 2264 785 2335 τῷ
830 2265 1291 2343 τεθεραπευμένῳ
1313 2267 1452 2322 κατὰ
1477 2270 1537 2321 τὸ
1564 2269 1748 2323 Σάϐϐα

182 2370 299 2419 τον,
342 2355 437 2407 καὶ
468 2354 558 2408 διὰ
612 2356 875 2409 ποικίλων
905 2359 1039 2428 εὑρη
1051 2375 1242 2428 ματων
1270 2359 1366 2413 καὶ
1396 2360 1774 2431 συλλογισμῶν

179 2446 638 2511 ἀναπείθεινηὲπε
669 2452 801 2521 ρᾶτο
854 2453 1089 2523 Χριστὸς
1118 2453 1269 2517 τοὺς,
1315 2454 1473 2524 οἱπερ
1510 2450 1647 2525 ἦσαν
1683 2456 1774 2509 ἐπὶ

179 2541 250 2609 τῇ
287 2536 381 2592 τοῦ
415 2540 694 2594 Σαϐϐάτου
737 2541 886 2595 λύσει
930 2544 1246 2616 δυστρόπως
1294 2546 1673 2614 ἀσχαλλοντες,
1699 2548 1774 2612 ὡς

179 2629 365 2694 ἔξεστι
392 2632 485 2684 καὶ
514 2632 682 2687 ὲλεειν
727 2635 785 2687 ὲν
823 2634 1109 2706 Σαϐϐάτῳ,
1145 2635 1240 2688 καὶ
1268 2637 1346 2700 είς
1375 2637 1582 2700 πάντας
1604 2640 1772 2709 ἐργάη

179 2721 378 2785 ζεσθαι
424 2722 485 2776 τὸ
515 2724 740 2792 ἀγαθὸν,
769 2727 862 2778 καὶ
916 2727 1052 2797 πρὸς
1084 2728 1312 2791 τούτοις,
1345 2730 1425 2782 ὅτι
1453 2731 1770 2799 πράγματο,

177 2814 612 2884 ἀξιολογωτάτου
660 2818 817 2871 σκιὰν
851 2819 879 2870 ὁ
916 2819 1080 2890 νόμος
1125 2822 1364 2873 ἐποιεῖτο
1402 2821 1499 2891 τὴν
1543 2822 1685 2874 κατὰ
1713 2823 1773 2876 τὸ

176 2906 460 2960 Σάϐϐατον
511 2909 729 2979 ἀργίαν,
777 2910 951 2974 ἄλλως
983 2928 1040 2963 τε
1091 2912 1208 2973 καὶ,
1240 2913 1362 2965 ὅσον
1394 2908 1528 2983 ἧκεν
1559 2915 1638 2977 είς
1676 2914 1772 2985 τὴν

177 2998 405 3052 ἐκείνων
428 3000 629 3069 ψῆφον,
668 3001 987 3069 παραλύσας
1020 3003 1118 3074 τὴν
1149 3004 1243 3056 τοῦ
1268 3004 1550 3058 Σαϐϐάτου
1578 3006 1771 3076 τιμὴν,

174 3090 209 3160 ἢ
250 3092 456 3145 καὶτὸν
490 3092 654 3163 νόμον
681 3093 757 3157 ὼς
795 3093 885 3147 διὰ
932 3093 1127 3149 τούτου
1158 3095 1221 3166 δὴ
1260 3097 1495 3166 μάλιστα
1528 3100 1772 3169 παραϐε-

1884 893 2088 962 gio‘reni
2143 893 2326 961 itaque
2378 892 2533 946 initio
2582 908 2707 946 cum
2753 892 2889 961 ipsis
2923 892 3074 945 deeo
3094 894 3185 961 qui
3220 892 3462 947 Sabbato

1883 993 2108 1037 curatus
2140 984 2316 1039 fueral
2351 985 2774 1054 disputationem
2796 985 3058 1053 suscepit,
3083 986 3357 1053 variisque
3373 1001 3466 1039 ra-

1884 1075 2125 1129 tionibus
2146 1083 2201 1130 et
2230 1077 2565 1146 argumentis
2594 1076 2827 1145 probare
2851 1076 3111 1131 Christus
3160 1077 3465 1131 conabatur

1882 1167 2062 1235 iisqiii
2098 1165 2399 1221 Sabbatiim
2438 1183 2561 1221 esse
2594 1169 2854 1221 violatum
2899 1182 3183 1236 perperam
3224 1167 3467 1236 indigna-

1881 1259 2105 1324 bantur,
2150 1260 2314 1313 licere
2373 1258 2622 1313 misereri
2671 1258 2725 1311 iii
2770 1257 3030 1321 Sabbato,
3102 1267 3156 1314 et
3207 1260 3469 1315 omnibus

1882 1350 2219 1418 benefacere,
2252 1359 2307 1405 et
2358 1359 2645 1420 praeterea,
2683 1350 2860 1419 legem
2917 1349 3257 1405 sabbaticum
3288 1350 3463 1403 otium

1880 1445 2126 1498 umbram
2154 1442 2423 1498 statuisse
2470 1443 2542 1496 rei
2575 1442 2932 1519 dignissimae,
2988 1442 3293 1511 praesertim
3339 1455 3465 1493 cum

1878 1536 2080 1598 soluto,
2106 1534 2269 1605 256
2331 1542 2349 1586 t
2372 1534 2446 1587 illi
2474 1534 2683 1596 vol-int,
2701 1532 2937 1587 Sabbato
2988 1533 3228 1601 sivelege
3247 1547 3340 1601 per
3362 1532 3466 1586 hoc

1877 1627 2114 1681 maxime
2150 1628 2370 1688 violata.
2398 1640 2521 1681 sese
2552 1626 2783 1679 missum
2816 1626 2979 1679 etiam
3032 1640 3060 1678 a
3122 1623 3283 1680 Patre
3329 1640 3468 1679 con-

1877 1719 2143 1783 ﬁrmaiet,
2175 1727 2228 1774 et
2280 1720 2627 1775 estimon'un‘i
2670 1717 2740 1771 ab
2782 1719 2901 1784 ipso
2927 1716 3153 1782 habere,
3196 1725 3249 1771 et
3278 1716 3464 1791 omnia

1876 1828 2041 1883 opera
2074 1812 2451 1866 consentiente
2481 1810 2642 1864 Patre
2688 1809 2890 1874 facere,
2944 1809 3094 1863 clare
3140 1813 3464 1877 exponeret.

1877 1905 2160 1959 Adversus
2196 1903 2328 1969 bare,
2370 1910 2431 1956 ut
2482 1903 2764 1973 probabile
2814 1910 2929 1968 est,
2967 1902 3101 1957 illud
3124 1902 3460 1971 excogitant,

1878 1996 2113 2050 maxime
2161 2010 2284 2050 cum
2338 1996 2473 2066 legis
2510 1995 2706 2048 litterae
2750 1994 3102 2060 inhaererent,
3133 2002 3186 2049 et
3222 1993 3464 2048 Mosaica

1878 2098 2143 2158 pracepta
2201 2103 2418 2158 semper
2456 2088 2779 2158 allegarent,
2815 2098 2869 2140 et
2902 2105 2956 2142 in
2986 2103 3176 2142 eorum
3226 2087 3464 2141 lectione

1876 2189 2206 2236 exercuatos
2234 2195 2293 2234 se
2315 2180 2665 2234 venditareiit
2694 2222 2705 2233 .
2735 2179 3006 2246 Quidnam
3045 2178 3177 2233 illud
3205 2188 3289 2232 est
3313 2177 3461 2248 quod

1877 2274 1945 2328 ab
1974 2289 2040 2328 eo
2077 2272 2318 2327 dicitur?
2347 2278 2400 2325 et
2421 2271 2700 2341 quomodo
2725 2286 3100 2326 consensurus
3127 2271 3173 2325 ei
3200 2279 3284 2324 est
3319 2270 3462 2324 Deus

1877 2384 1939 2422 ac
1962 2366 2123 2422 Pater
2147 2367 2317 2437 legem
2341 2366 2421 2420 sol
2460 2381 2508 2419 ei
2534 2365 2571 2416 ti
2590 2364 2613 2417 ?
2633 2363 2929 2432 Ecquando
2946 2377 3037 2417 ver
3176 2363 3210 2415 ti
3234 2378 3304 2413 no
3370 2377 3461 2415 um

1877 2458 2178 2529 perhibuit,
2196 2465 2290 2511 aut
2309 2471 2472 2526 quam
2498 2463 2824 2510 sententiam
2844 2453 2913 2507 de
2935 2467 3051 2523 ipso
3073 2452 3230 2506 tulit?
3251 2451 3322 2503 Ex
3344 2450 3460 2504 Mo-

1879 2551 2043 2606 Saicis
2067 2551 2210 2603 enim
2238 2548 2463 2619 scriptis
2484 2550 2808 2619 agnovimus
2832 2544 3180 2600 descendisse
3211 2542 3375 2596 Deum
3402 2542 3458 2596 in

1879 2654 2119 2697 montem
2151 2639 2306 2702 Sina,
2333 2641 2507 2694 visam
2539 2654 2662 2693 esse
2695 2638 2945 2706 patribus
2976 2636 3181 2689 nostris
3221 2634 3460 2702 speciem

1876 2731 2136 2803 ejusNox
2154 2734 2504 2801 eius,iiiquit,
2520 2731 2584 2784 ad
2604 2730 2846 2783 auditum
2865 2728 3133 2797 pervenit,
3148 2728 3363 2782 locutus
3376 2732 3462 2782 est

1877 2829 1975 2882 toti
1994 2825 2402 2895 congcgrationi
2431 2842 2443 2877 :
2465 2822 2860 2891 scrvarejussit
2875 2823 3019 2874 diem
3048 2820 3295 2883 Sabbati,
3314 2821 3464 2875 clare

1876 2919 2202 2989 prmcipiens
2241 2918 2293 2971 iii
2323 2918 2469 2970 hunc
2492 2915 2712 2968 modum
2746 2933 2759 2968 :
2794 2933 2812 2964 ι
2844 2914 3116 2967 Memento
3149 2913 3291 2967 diem
3320 2911 3459 2967 Sab-

1876 3012 2128 3066 batorum
2179 3011 2527 3064 sanctilieare
2566 3022 2709 3061 eam.
2747 3005 2852 3060 Sex
2892 3007 3090 3061 diebus
3116 3006 3457 3072 operaberis,

1877 3111 1931 3158 et
1975 3101 2147 3157 facies
2210 3102 2393 3155 omnia
2431 3114 2598 3170 opera
2649 3108 2741 3155 tua
2772 3118 2787 3154 :
2818 3099 3047 3168 septima
3092 3105 3273 3151 aitein
3336 3096 3456 3164 die,

175 3183 365 3254 εηκὼς
412 3185 508 3238 καὶ
554 3186 890 3240 ἀπεστάλθαι
940 3187 1093 3259 παρὰ
1119 3186 1211 3263 τοῦ
1243 3188 1377 3241 Θεοῦ
1410 3192 1503 3243 καὶ
1528 3191 1757 3260 Πατρὺς,

1870 3196 2103 3250 Sabbata
2137 3201 2328 3247 sancta
2382 3191 2610 3245 Domino
2651 3191 2761 3245 Deo
2794 3200 2907 3245 tuo.
2951 3188 3070 3243 Non
3105 3188 3272 3243 facies
3309 3186 3363 3241 in
3393 3201 3458 3241 ea

171 3276 273 3328 καὶ
296 3275 417 3329 λίαν
440 3277 673 3341 εὐτόνως
694 3276 1075 3350 διισχυρίζετο,
1102 3281 1197 3333 καὶ
1223 3281 1444 3350 προσέτι
1471 3301 1766 3353 μαρτυρει‹

174 3366 303 3420 σθαι
345 3368 475 3437 παρ’
504 3368 670 3421 αὑτοῦ
720 3370 815 3422 καὶ
840 3375 1062 3424 συνευδο
1104 3373 1255 3442 ήσ-ιν
1287 3374 1566 3441 ἐφ’ἆπασι
1605 3414 1618 3437 ,
1652 3373 1765 3427 οῖσ-

170 3473 281 3527 περ
299 3458 367 3511 ἂν
398 3459 713 3529 ἐργάσαιτο,
740 3460 976 3515 διελάλει
1010 3462 1197 3529 σαφῶς
1239 3463 1382 3533 Πρὸς
1406 3464 1599 3532 ταῦτα,
1622 3466 1762 3520 κατά

169 3564 231 3615 γε
269 3548 330 3599 τὸ
369 3550 429 3602 ὲν
470 3548 751 3621 λογισμοῖς
802 3552 1050 3617 πιθανὸν,
1085 3553 1497 3624 διενθυμοῦνται
1533 3556 1692 3610 πάλιν
1712 3559 1761 3611 οί

166 3640 458 3706 Φαρισαῖοι
490 3638 612 3691 καθ’
646 3640 891 3706 ἑαυτοὺς,
931 3642 1026 3695 ἅτε
1059 3641 1122 3712 δη
1154 3644 1265 3705 τοῖς
1310 3647 1553 3713 νομικοῖς
1590 3663 1731 3717 προσ

168 3729 487 3801 εδρεύοντες
510 3733 851 3802 γράμμασιν,
872 3733 958 3786 ἀεί
980 3751 1038 3786 τε
1054 3734 1149 3795 τὰς
1176 3733 1262 3785 διὰ
1278 3735 1519 3800 Μωσέως
1543 3738 1760 3803 ἐντολὰς

170 3824 562 3893 προϊσχόμενοι
619 3826 714 3877 καὶ
751 3826 1117 3893 ἀνεγνωκέναι
1149 3827 1417 3895 λέγοντες,
1445 3830 1527 3892 τίς
1553 3832 1581 3882 ὁ
1609 3830 1760 3901 παρὰ

166 3912 363 3965 τούτου
398 3912 553 3980 λόγος
580 3930 594 3942 '
662 3913 716 3964 63
766 3914 822 3965 δ’·
849 3916 997 3967 αὑτω
1028 3916 1404 3989 συνύδοκήσεν
1427 3919 1756 3990 παραλύοντι

164 4002 260 4055 τὸν
286 4002 448 4073 νόμον
478 4006 507 4057 ὁ
537 4004 669 4067 Θεὸς
708 4006 802 4057 καὶ
825 4006 1043 4076 Πατήρ;
1070 4008 1200 4059 πότε,
1224 4008 1281 4061 δὲ
1311 4011 1753 4083 μεμαρτύρηκεν,

163 4096 198 4167 ἢ
250 4096 377 4148 τίνα
434 4097 615 4167 ψῆφον
649 4099 942 4168 ἐποιήσατο
992 4100 1120 4168 περὶ
1158 4118 1360 4168 αυτου;
1406 4103 1501 4155 Ἐκ
1535 4104 1757 4174 μὲνγὰρ

163 4187 276 4240 τῶν
315 4189 626 4241 Μωσαῖκῶν
672 4190 1066 4259 συνταγμάτων
1100 4190 1442 4261 ἐγνώκαμεν,
1474 4196 1555 4247 ὅτι
1586 4214 1755 4249 κατα-

162 4280 405 4352 ϐέϐηκεν
437 4282 465 4333 ὁ
502 4280 633 4344 Θεὸς
679 4281 772 4332 ἐπὶ
799 4281 859 4333 τὸ
899 4282 1023 4353 ὄρος
1058 4284 1116 4336 τὸ
1140 4284 1287 4349 ma,
1322 4283 1477 4356 ὤφθη
1510 4290 1620 4348 τοῖς
1655 4307 1756 4341 πα-

160 4373 329 4440 τράσι
376 4372 440 4424 τὸ
502 4367 642 4435 εἶδος
692 4373 876 4427 αὑτοῦ.
943 4373 1229 4445 ’Λκουστὴ,
1271 4378 1424 4447 φησὶ,
1475 4379 1751 4452 γέγονενή

160 4461 321 4533 φωνὴ
343 4462 506 4515 αὺεοῦ
545 4463 839 4533 λελάληκεν
860 4463 954 4535 ὅλῃ
982 4467 1045 4535 τῇ
1071 4466 1395 4537 Συναγωγῇ,
1421 4472 1607 4539 τηρεῖν
1631 4471 1755 4524 ἐκέ-

1873 3286 2042 3339 ullum
2062 3299 2200 3353 opus
2233 3284 2275 3333 ⁷.
2304 3300 2320 3331 ι
2362 3281 2550 3351 Neque
2599 3281 2669 3335 ab
2717 3282 2849 3344 alio,
2888 3280 3168 3350 inquiunt,
3211 3278 3326 3332 haec
3361 3293 3459 3333 au-

1870 3377 2111 3431 divimus
2142 3393 2153 3404 ·
2189 3388 2375 3428 vocem
2421 3373 2689 3427 divinitus
2724 3387 2985 3427 emissam
3032 3371 3132 3440 ipsi
3162 3378 3345 3439 patres
3369 3383 3459 3422 au-
3550 3432 3555 3433 ί

1869 3470 2181 3529 dieruiit,'et
2210 3474 2331 3533 post
2362 3464 2483 3516 illos
2519 3462 2697 3517 factus
2722 3470 2804 3516 est
2836 3477 2889 3515 in
2926 3460 3085 3514 nobis
3119 3459 3208 3513 Dei
3236 3473 3446 3513 sermo.

1870 3557 1971 3612 Hic
2002 3566 2184 3611 autem
2211 3555 2438 3625 quinam
2468 3554 2591 3607 est?
2614 3552 2765 3606 Talia
2796 3552 3080 3605 volventes
3115 3550 3299 3603 animo
3332 3563 3456 3602 cum

1867 3652 2126 3713 vidisset,
2191 3648 2386 3703 acerbe
2428 3647 2536 3701 illis
2590 3647 2860 3701 insaniam
2927 3643 3153 3712 objicit,
3212 3641 3455 3696 dicens:

1873 3761 1890 3793 ι
1932 3740 2118 3810 Neque
2144 3753 2331 3793 vocem
2384 3738 2504 3806 ejus
2542 3751 2782 3804 unquam
2821 3733 3076 3795 audistis,
3117 3747 3294 3801 neque
3330 3746 3457 3801 spe-

1864 3837 2001 3887 ciem
2029 3831 2147 3900 ejus
2173 3829 2390 3883 Vidistis
2423 3846 2435 3881 :
2466 3836 2519 3881 et
2565 3826 2803 3880 Verbum
2835 3824 2955 3892 ejus
3006 3838 3115 3876 non
3152 3821 3367 3875 habetis
3399 3819 3457 3873 in

1863 3925 2021 3980 vobis
2055 3937 2288 3977 manens
2324 3940 2336 3969 τ
2375 3935 2502 3989 quia
2535 3933 2696 3989 quem
2734 3927 2883 3969 misn
2921 3917 3033 3979 ille,
3062 3915 3189 3969 huic
3215 3929 3312 3967 vos
3345 3929 3455 3967 non

1864 4016 2087 4071 creditis
2105 4016 2146 4068 ⁸.
2175 4034 2193 4067 i
2230 4013 2360 4080 Quae
2382 4014 2527 4066 enim
2565 4026 2657 4080 per
2681 4010 2733 4064 id
2769 4009 3027 4077 temporis
3059 4006 3289 4077 figurate
3311 4005 3455 4059 facta

1864 4115 2014 4172 sunt,
2051 4115 2105 4161 et
2157 4122 2252 4175 per
2299 4120 2421 4173 quae
2453 4101 2547 4156 Dei
2586 4102 2641 4155 in
2692 4109 2929 4154 montem
2973 4100 3105 4153 Sina
3152 4098 3455 4152 descensus

1863 4201 1997 4271 ipsis
2048 4198 2412 4260 formabatur,
2474 4194 2551 4246 illi
2584 4207 2828 4246 omnium
2861 4207 3091 4261 prorsus
3128 4189 3306 4257 ignari
3351 4202 3454 4258 pro

1862 4292 2192 4364 imaginibus
2225 4303 2410 4343 rerum
2460 4287 2804 4355 spiritaiiuin.
2831 4299 2939 4337 non
2998 4282 3312 4352 capiebant,
3356 4277 3453 4335 sed

1860 4395 1914 4443 et
1935 4384 2181 4455 corporis
2212 4383 2387 4437 oculis
2415 4380 2563 4434 cerni
2604 4394 2766 4449 posse
2810 4384 3061 4431 naturam
3101 4376 3345 4429 divinam
3386 4382 3442 4428 et

1860 4494 1993 4533 voce
2051 4489 2315 4545 corporea
2366 4475 2443 4526 uti
2479 4473 2584 4527 sibi
2616 4476 3022 4541 persuaserant.
3072 4467 3229 4533 Quod
3252 4472 3438 4519 autem

158 4553 328 4607 λευσε
380 4554 481 4622 τὴν
510 4554 727 4625 ἡμέραν
758 4554 851 4608 τοῦ
885 4556 1197 4617 Σαϐϐάτου,
1229 4557 1416 4624 σαφῶς
1454 4558 1758 4625 διαστείλας

1870 4584 2051 4623 verum
2088 4568 2159 4623 sit
2194 4566 2247 4619 id
2285 4564 2433 4633 quod
2473 4564 2538 4617 de
2562 4563 2698 4631 ipsis
2731 4577 2760 4614 a
2797 4560 3082 4614 Salvatore
3112 4558 3318 4611 dictum
3340 4564 3448 4620 est,

158 4645 263 4701 ὡδί
286 4662 303 4679 ο
337 4665 356 4699 ι
387 4648 673 4718 Μνήσθητι
694 4647 794 4717 τὴν
822 4647 1036 4719 ἡμέραν
1061 4648 1170 4700 τῶν
1196 4649 1490 4703 Σαϐϐάτων
1509 4654 1756 4719 ἀγιάξ.ιν

158 4739 357 4795 αὐτήν.
390 4739 485 4805 Ἓξ
524 4738 735 4809 ἡμέρας
794 4741 954 4811 ὲργᾷ,
1022 4742 1117 4793 καὶ
1173 4742 1421 4813 ποιήσεις
1468 4744 1644 4797 πάντα
1688 4746 1755 4799 τὰ

158 4832 305 4899 ἔργα
358 4846 489 4883 σου*
523 4834 589 4901 τῇ
631 4831 689 4885 δὲ
736 4833 918 4904 ἡμέρα
959 4836 1025 4903 τῇ
1065 4835 1292 4906 ἑϐδόμῃ,
1331 4838 1584 4894 Σάϐϐατα
1623 4841 1753 4909 άγια

160 4921 361 4992 Κυρίῳ
397 4922 472 4993 τῷ
494 4923 612 4993 Θεῷ
638 4940 754 4978 σου.
792 4926 867 4977 Οὐ
898 4927 1143 4997 ποιήσεις
1180 4929 1238 4980 ἐν
1275 4929 1412 5001 αὐτῇ
1436 4934 1542 4985 πᾶν
1568 4932 1748 5004 ἔργον.

158 5013 277 5065 Καὶ
322 5013 420 5082 οὐχ
467 5014 679 5086 ἐτέρου,
724 5016 879 5086 φησὶ,
916 5016 1093 5072 ταῦτα
1128 5018 1378 5088 λέγοντος
1412 5023 1746 5096 ἠκούσαμεν,

157 5104 431 5174 αὐτήκοος
463 5101 530 5177 ἦν
557 5110 655 5178 τῆς
688 5107 874 5161 θεόθεν
910 5110 1150 5181 φωνῆςή
1179 5112 1288 5165 τῶν
1323 5117 1574 5188 πατέρων
1614 5118 1752 5189 πλη-

158 5196 286 5258 θὺς,
318 5197 412 5249 καὶ
446 5198 564 5266 μετ’
624 5199 865 5263 ἐκείνους
912 5202 969 5254 ὲν
1021 5203 1151 5271 ἡμῖν
1184 5204 1212 5255 ὁ
1263 5207 1433 5276 Λόγος
1466 5208 1559 5261 τοῦ
1595 5210 1747 5265 Θεοῦ.

161 5288 268 5350 Τίς
292 5287 349 5341 δὲ
376 5284 531 5352 οὗτός
557 5291 739 5357 ὲστιν;
769 5291 956 5345 Ταῦτα
977 5293 1137 5346 πάλιν
1157 5296 1387 5369 ὲπειπερ
1420 5301 1730 5373 ὲνθυμοδμέ

159 5395 294 5442 von;
326 5376 604 5442 ἐθεάσατο,
632 5381 846 5452 πικρῶς
879 5381 1283 5450 άμαθαίνοντας
1332 5388 1624 5459 ἐξελέγχει,
1667 5393 1755 5445 λέ-

160 5483 318 5537 γων’
350 5487 368 5518 ι
411 5468 547 5522 Οὔτε
593 5471 779 5539 φωνῆς
828 5470 995 5524 αὑτοῦ
1045 5472 1263 5528 πώποτε
1316 5478 1614 5548 ἀκηκόατε,
1644 5482 1755 5536 οὔτ’

161 5557 309 5623 εἶδος
334 5559 500 5615 αὐτοῦ
524 5561 826 5631 ἑωράκατε,
846 5564 1043 5617 καὶτὸν
1067 5566 1237 5634 Λόγον
1261 5570 1426 5624 αὐτοῦ
1457 5572 1557 5626 οὑκ
1600 5574 1755 5645 ἔχετε

161 5652 219 5704 ὲν
246 5653 380 5722 ὑμῖν
416 5651 664 5721 μένοντα,
708 5652 789 5706 ὅτι
833 5654 892 5706 ὃν
943 5657 1260 5710 ἀπέστειλεν
1297 5663 1521 5727 ἐκεῖνος,
1568 5668 1742 5738 τούτῳ

241 5823 261 5857 ⁷
300 5828 470 5883 Exod.
512 5844 601 5895 xx,
640 5830 691 5883 8.
771 5831 791 5858 "
829 5828 986 5886 Joan.
1024 5850 1073 5899 τ,
1111 5834 1196 5903 57,
1236 5837 1321 5892 38.

1861 4670 1917 4715 et
1950 4658 2097 4729 quod
2129 4673 2306 4727 neque
2338 4657 2432 4711 Dei
2460 4671 2525 4710 ac
2563 4654 2745 4709 Patris
2770 4668 2956 4708 vocem
2995 4656 3236 4721 unquam
3265 4648 3450 4702 audie-

1859 4754 1992 4815 rint,
2044 4767 2222 4821 neque
2276 4750 2413 4804 adeo
2456 4746 2742 4817 corporeis
2800 4745 2978 4800 oculis
3032 4743 3269 4813 speciem
3326 4740 3447 4807 ejus

1858 4845 2155 4916 quisquam
2209 4842 2431 4904 viderit,
2493 4840 2597 4893 hoc
2632 4848 2718 4893 est
2764 4838 2936 4892 ullum
2967 4838 3017 4890 ei
3044 4833 3195 4888 omni
3233 4832 3451 4886 ratione

1861 4937 2124 5000 similem,
2153 4949 2332 5003 operae
2366 4933 2603 5002 pretium
2630 4932 2770 4985 duco
2792 4930 2857 4983 ad
2890 4926 3201 4998 spiritalem
3228 4923 3448 4994 indaga-

1854 5030 2057 5082 tionein
2085 5041 2145 5080 ea
2166 5041 2286 5095 quae
2310 5027 2361 5077 in
2399 5023 2584 5077 Exodo
2607 5023 2810 5090 scripta
2851 5029 2983 5075 sunt
3011 5018 3277 5090 proferre.
3304 5016 3447 5072 Sunt

1858 5128 2036 5174 autem
2070 5118 2384 5174 istiusmodi
2418 5135 2430 5170 :
2470 5136 2487 5167 ι
2537 5115 2603 5169 Et
2636 5114 2827 5169 eduxit
2857 5112 3074 5183 Moyses
3104 5111 3363 5182 populum
3389 5111 3443 5165 in

1857 5227 2150 5267 occursum
2212 5209 2305 5263 Dei
2362 5225 2392 5265 e
2438 5208 2640 5264 castris
2672 5218 2764 5262 :et
2794 5209 3091 5262 astiterunt
3116 5204 3225 5259 sub
3258 5210 3445 5257 monte

1857 5303 2006 5359 Sina.
2043 5302 2198 5358 Mons
2229 5311 2408 5356 autem
2440 5302 2569 5355 Sina
2609 5298 2854 5355 fumabat
2890 5306 3060 5360 totus,
3089 5313 3156 5353 eo
3177 5295 3322 5366 quod
3348 5296 3444 5349 de-

1856 5396 2144 5451 scenderat
2173 5394 2334 5464 257
2360 5409 2523 5463 super
2555 5410 2679 5446 eum
2719 5392 2860 5447 Deus
2890 5392 2941 5445 in
2977 5390 3119 5461 igne
3153 5388 3215 5441 Et
3244 5402 3441 5443 ascen-

1858 5489 2015 5543 debat
2044 5488 2249 5551 fumus,
2275 5497 2534 5556 tanquam
2561 5485 2746 5540 fumus
2767 5482 3030 5539 fornacis.
3060 5483 3124 5534 Et
3149 5480 3438 5548 obstupuit

1855 5582 2034 5635 omnis
2065 5579 2300 5650 populus
2330 5576 2704 5635 valde.Factae
2730 5585 2861 5631 sunt
2890 5584 3073 5629 autem
3099 5586 3263 5628 voces
3294 5568 3440 5627 titbie

1851 5673 2242 5743 praecedentes,
2266 5673 2432 5727 fortes
2458 5668 2633 5724 valde.
2657 5668 2872 5740 Moyses
2898 5666 3224 5738 loquebatur
3259 5660 3436 5717 :Deus
