4206 6510
197 399 299 459 ΗἾ

1182 400 1242 453 lN
1281 400 1567 457 .IOANNIS
1612 402 1747 457 EVA
1765 398 2074 456 {VC-El.”sz
2114 398 2351 454 LllLIll.

3362 405 3463 461 “8

195 514 370 578 τοῦτο,
420 512 626 576 Παῦλος
676 514 774 584 μὲν
825 514 853 565 6
894 513 1206 583 σοφώτατος
1264 516 1323 568 ὲν
1379 516 1631 587 ἐσόπτρῳ
1693 517 1786 568 καὶ

1892 529 1993 568 ιιοε
2021 522 2257 568 testatus
2297 523 2380 568 est
2425 514 2484 565 ”.
2528 512 2591 565 Et
2642 512 2843 567 alicubi
2882 512 3174 570 Psalmista
3202 518 3261 547 "‘
3292 517 3463 573 Deum

195 606 549 675 ὲναίνίγματι
583 606 798 675 βλέπειν
842 607 990 676 ἡμᾶς
1046 607 1467 679 διεμαρτύρατο.
1525 611 1775 663 Τεθεικέ-

195 714 279 749 ναι
309 696 363 749 δὲ
388 696 575 759 σκότος
603 697 932 767 άποκρυφὴν
978 696 1165 763 αὑτοῦ,
1217 700 1307 751 τὸν
1340 699 1472 752 Θεὸν
1512 700 1772 769 δηλονότι,

195 790 327 857 φησί
359 804 459 841 που
490 787 653 841 πάλιν
679 789 707 841 6
739 788 1013 859 Μελῳδδς,
1044 787 1121 858 τῷ
1148 789 1241 841 τοῦ
1298 791 1521 854 σκότους
1551 792 1774 861 ὀνοματι

194 878 291 945 τὴν
321 879 449 943 περὶ
482 879 644 931 αὑτὸν
677 878 1055 949 ἀκαταληψίαν
1085 880 1384 950 ύπώηλῶν,
1405 876 1585 953 ἧσπερ
1607 882 1671 935 ἂν
1696 884 1775 945 είς

195 967 365 1022 τύπον
423 967 651 1040 ληφθείη
722 969 977 1034 καλῶςό
1024 970 1152 1041 περὶ
1199 989 1260 1024 το
1290 972 1398 1043 πῦρ
1450 974 1506 1025 ὲν
1539 990 1618 1042 τῳ
1660 974 1776 1042 όρει

197 1060 422 1122 καπνός.
464 1059 549 1111 Ἐν
572 1059 742 1130 πυρὸς
771 1059 826 1112 δὲ
856 1061 1094 1131 σχήματι
1120 1060 1330 1114 κάτεισι
1355 1062 1414 1113 τὸ
1442 1061 1594 1114 Θεῖον
1623 1063 1774 1127 αὐτὸ,

196 1152 318 1204 κατ’
362 1154 533 1204 ἐκεῖνο
571 1150 634 1222 δὴ
669 1151 907 1220 μάλιστα
954 1151 1172 1224 καιροῦ,
1223 1154 1543 1225 πρεπόντως
1580 1172 1640 1207 τε
1684 1155 1778 1208 καὶ

194 1242 507 1310 ἀναγκαίως
536 1246 600 1313 τῇ
634 1242 728 1295 τοῦ
752 1243 1074 1313 πράγματος
1102 1244 1284 1313 φύσει.
1322 1245 1467 1297 Ἔδει
1489 1246 1620 1314 γὰρ,
1647 1247 1772 1312 ἔδει,

192 1336 285 1387 τὸν
316 1337 391 1398 είς
422 1335 663 1388 δουλείαν
692 1336 787 1388 καὶ
838 1336 1053 1388 σύνεσιν
1082 1336 1169 1389 διὰ
1213 1337 1306 1389 τοῦ
1340 1337 1625 1407 μέλλοντος
1660 1341 1775 1408 όρι-

194 1428 493 1497 σθὴσεσθαι
553 1427 718 1497 νόμου
774 1428 1045 1481 καλοῦντα
1079 1429 1169 1480 τὸν
1232 1429 1472 1498 Ἰσραὴλ,
1505 1430 1777 1498 φωτιστὴν

192 1518 427 1588 ὁρᾶσθαι
464 1519 554 1571 καὶ
579 1518 849 1589 κολαστήν
869 1536 880 1548 ·
925 1521 1093 1589 ἄμφω
1148 1519 1203 1571 δὲ
1228 1537 1400 1572 ταυτα
1429 1519 1661 1573 τελεῖται
1691 1519 1781 1573 διὰ

197 1612 393 1677 πυρός.
444 1627 464 1662 ι
514 1609 667 1661 Ἀλλὰ
698 1609 791 1662 καὶ
826 1612 1020 1678 φωναὶ,
1045 1611 1230 1681 φησὶν,
1272 1612 1327 1662 αί
1350 1614 1451 1680 της
1485 1612 1781 1680 σάλπιγγος

193 1702 438 1765 ἐγίνοντο
490 1701 876 1772 προϐαίνουσαι
940 1704 1283 1774 ἰσχυρότεραι
1339 1703 1565 1773 σφόδρα.
1623 1722 1642 1756 ι
1695 1704 1780 1757 "va

194 1794 360 1847 πάλιν
386 1795 514 1862 ἡμῖν
543 1794 763 1865 τοιαύτη
797 1812 880 1859 τις
928 1797 1215 1865 νοημάτων
1241 1795 1593 1866 ὲξυφαίνηται
1622 1796 1778 1849 δύναο

193 1904 324 1953 μις·
375 1887 687 1958 ὲξεφωνήθη
752 1887 851 1956 μὲν
909 1886 1018 1956 γάρ
1055 1886 1147 1940 κα)⁸
1197 1887 1225 1938 ὁ
1266 1886 1425 1955 νόμος
1450 1886 1598 1956 παρὰ
1620 1886 1774 1948 Θεοῦ,

193 1978 337 2048 πλὴν
360 1979 419 2031 ού
446 1980 709 2040 συντόνως
750 1979 807 2030 ὲν
840 1979 981 2048 ἀρχῇ
1017 1978 1102 2031 διὰ
1127 1977 1226 2048 τὴν
1263 1977 1373 2031 τῶν
1399 1978 1778 2046 παιδαγωγου-

196 2076 378 2141 μένων
413 2070 715 2135 ἀσθένειαν,
764 2070 877 2123 ἀλλ’
915 2072 1277 2139 ίσχνοφωνως,
1307 2069 1369 2121 ἵν’
1418 2067 1586 2133 οὓτως
1618 2072 1756 2123 εἴπω

189 2162 291 2213 καὶ
317 2162 414 2231 οὐχ
438 2160 564 2230 ὅλην
593 2160 730 2230 ἔχων
757 2160 854 2231 τὴν
890 2159 984 2213 τοῦ
1014 2160 1367 2225 σαλπίζοντος
1398 2160 1649 2230 δύναμιν.
1692 2160 1781 2213 Διὸ

194 2253 261 2323 δὴ
310 2254 405 2306 καὶ
446 2252 861 2324 βραδύγλωσσον
921 2252 1111 2306 ἑαυτὸν
1154 2253 1431 2323 ὠνόμαζεν
1480 2254 1507 2305 ό
1556 2254 1778 2323 Μωσῆς.

196 2345 598 2415 Προὸαίνοντος
663 2345 722 2399 δὲ
769 2342 863 2399 τοῦ
911 2345 1126 2417 καιροῦ,
1164 2346 1257 2398 καὶ
1316 2350 1379 2398 ἐκ
1407 2348 1505 2414 τῆς
1544 2345 1682 2398 κατὰ
1722 2346 1784 2397 τὸ

194 2434 434 2504 γράμμα
462 2435 618 2496 σκιᾶς
640 2433 718 2497 είς
747 2434 1125 2503 πνευματικὴν
1152 2432 1511 2503 ἀναφέροντος
1534 2432 1785 2504 λατρείαν

196 2528 329 2589 τοὺς
361 2524 714 2588 πιστεύοντας
744 2525 824 2587 είς
862 2524 1099 2595 Χριστὸν
1123 2566 1137 2591 ,
1189 2525 1532 2596 ἰσχυρότεραι
1581 2526 1784 2595 σφόδρα

195 2617 302 2687 τῆς
325 2615 474 2679 Θείας
501 2616 801 2684 σάλπιγγος
833 2614 1127 2687 ἐξέδραμον
1158 2618 1212 2669 αἱ
1245 2618 1438 2684 φωναὶ,
1480 2618 1573 2672 τοῦ
1611 2636 1786 2688 σωτη-

203 2708 322 2778 ρίου
352 2725 411 2760 τε
442 2708 537 2761 καὶ
575 2707 931 2777 εύαγγελικοῦ
978 2708 1336 2779 κηρύγματος
1380 2712 1561 2764 πᾶσαν
1588 2714 1786 2782 τρόπον

199 2801 326 2854 τινὰ
355 2800 740 2872 περιηχοῦντος
762 2800 859 2870 τὴν
896 2801 1239 2870 οἰκουμένην.
1273 2803 1348 2853 Ού
1378 2802 1507 2873 γὰρ,
1535 2803 1786 2872 καθαπερ

199 2894 231 2944 6
265 2890 563 2959 λεπτοϐόης
593 2907 651 2943 τε
685 2892 778 2943 καὶ
798 2891 1173 2961 σμικροκῆρυξ
1195 2892 1353 2962 νόμος
1388 2895 1466 2956 είς
1496 2895 1665 2965 μόνην
1690 2896 1787 2965 τὴν

217 2980 490 3035 Ἰουδαίων
525 2979 766 3053 ἠκούσθη
813 2981 1014 3053 χώραν,
1051 2983 1203 3053 ἦκα).
1248 2984 1355 3037 ἀπὸ
1379 2986 1485 3037 Δάν
1511 2987 1613 3048 έως
1649 2986 1689 3037 Β
1713 3004 1791 3055 ¹ρ-

205 3074 381 3128 σαδεὲ
406 3075 824 3145 κατηγγέλλετο,
858 3075 1057 3145 μᾶλλον
1084 3076 1138 3129 δὲ
1163 3078 1240 3139 είς
1270 3079 1450 3129 πᾶσαν
1472 3077 1661 3146 ἐξῆλθε
1690 3079 1789 3148 τὴν

1878 607 2133 660 tenebras
2176 604 2428 674 posuisse
2462 605 2749 659 latibulum
2780 620 2938 659 suum
2982 606 3077 669 ait,
3113 607 3464 662 tenebrarum

1878 694 2099 748 nomine
2126 692 2519 762 comprehendi
2556 709 2615 747 se
2654 708 2761 747 non
2796 706 2960 762 posse
2992 694 3339 764 significans,
3375 712 3468 752 cu‘

1873 786 1965 855 jus
1992 785 2668 856 incomprehensibilitatis
2702 792 2891 855 typum
2917 800 3040 840 esse
3070 786 3275 841 fumum
3308 787 3465 841 illum

1878 880 2019 945 ignis
2072 893 2124 930 in
2182 884 2386 941 monte,
2422 883 2571 930 recte
2621 875 2890 931 dicemus.
2936 875 2994 929 In
3053 875 3231 930 forma
3277 889 3464 933 autem

1880 968 2025 1039 ignis
2073 967 2219 1022 Deus
2260 982 2378 1037 ipse
2411 967 2698 1021 descendit
2729 984 2741 1019 :
2794 968 2937 1034 quod
2970 982 3037 1021 eo
3067 975 3317 1036 tempore
3366 985 3465 1037 po-

1880 1059 2153 1113 tissimum
2186 1064 2562 1113 necessarium
2594 1067 2713 1112 erat
2751 1065 2804 1111 et
2836 1073 2913 1112 rei
2953 1068 3168 1113 naturae
3193 1073 3465 1128 congrue-

1881 1149 1991 1203 bat.
2029 1148 2267 1203 Decebat
2300 1149 2468 1210 enim,
2510 1147 2740 1201 decebat
2768 1161 2893 1201 eum
2930 1149 3020 1216 qui
3048 1163 3141 1217 per
3175 1148 3348 1219 legem
3382 1149 3467 1202 fu-

1880 1238 2336 1293 turamlsraelem
2369 1238 2434 1292 ad
2459 1239 2780 1293 servitutem
2813 1248 2866 1293 et
2892 1240 3181 1293 scientiam
3204 1243 3461 1307 vocabat,

1883 1332 2215 1398 illuminare,
2263 1340 2317 1386 et
2349 1331 2633 1401 dirigerer
2691 1346 2813 1398 quae
2860 1332 2970 1385 duo
3006 1332 3319 1387 efﬁciuntur
3367 1350 3467 1405 per

1884 1440 2088 1495 ignem.
2129 1445 2145 1475 ι
2179 1424 2283 1479 Sed
2348 1436 2401 1478 et
2454 1439 2639 1491 voces,
2690 1424 2886 1493 inquit,
2952 1425 3099 1479 tubae
3139 1425 3297 1480 facta:
3336 1435 3465 1482 sunt

1884 1517 2275 1587 praecedentes,
2327 1516 2580 1572 fortiores
2633 1516 2792 1571 valde
2822 1517 2895 1569 ²³τ
2949 1536 2968 1568 ι
3006 1525 3064 1571 ut
3098 1517 3227 1573 hinc
3273 1534 3466 1574 rursus

1882 1624 2140 1663 nimirum
2180 1609 2487 1677 intelligas,
2531 1609 2699 1677 legem
2752 1608 2978 1678 quidem
3024 1610 3291 1677 prolatam
3344 1626 3467 1666 esse

1881 1716 1915 1771 q
1939 1715 2046 1770 ioqi
2072 1715 2100 1754 e
2131 1714 2159 1751 a
2201 1698 2323 1754 Deo.
2363 1714 2471 1752 non
2511 1709 2692 1752 tamen
2726 1708 2984 1753 contenta
3021 1714 3153 1754 voce
3186 1701 3361 1765 initio,
3396 1702 3467 1756 ob

1882 1806 2070 1845 eorum
2094 1808 2185 1861 qui
2209 1789 2601 1844 erudiebantur
2620 1790 3078 1853 imbecillitatem,
3106 1791 3201 1845 sed
3226 1793 3376 1856 exili,
3409 1804 3467 1846 ut

1880 1888 1953 1939 ita
1991 1884 2187 1939 dicam.
2225 1899 2326 1936 nec
2365 1884 2499 1935 totis
2538 1882 2748 1936 viribus
2782 1882 3071 1937 tubicinis.
3118 1881 3467 1952 Proindeque

1882 1990 2125 2044 seipsum
2197 1985 2362 2027 etiam
2434 1973 2803 2043 tardiloquum
2865 1973 3042 2028 Moses
3121 1976 3458 2031 nominabat.

1881 2064 2151 2121 Processu
2174 2080 2305 2120 vero
2335 2066 2615 2134 temporis,
2647 2065 2902 2119 fidelibus
2929 2081 2994 2120 ex
3022 2066 3241 2121 litterali
3270 2069 3462 2123 umbra

1882 2157 1949 2212 ad
1991 2157 2289 2227 spiritalem
2318 2158 2524 2211 cultum
2558 2157 2849 2221 revocatis,
2900 2157 3062 2227 longe
3094 2158 3471 2213 vehementio-

1883 2264 1972 2305 res
2003 2265 2066 2304 ex
2116 2249 2243 2303 tuba
2293 2249 2479 2304 divina
2517 2263 2679 2303 voces
2739 2260 3065 2319 eruperunt,
3127 2252 3357 2307 salutari
3412 2260 3468 2307 et

1882 2342 2201 2412 evangelieo
2232 2342 2509 2411 praeconio
2541 2343 2861 2397 universum
2894 2343 3080 2398 «rbem
3107 2346 3467 2415 quodammo-

1884 2435 1955 2490 do
1985 2443 2332 2505 personante.
2362 2433 2482 2489 Non
2512 2435 2657 2490 enim
2691 2436 2852 2490 sicuti
2890 2437 2976 2490 lex
3017 2437 3239 2507 gracilis
3283 2438 3373 2491 illa
3403 2454 3470 2493 ac

1886 2528 2066 2581 tenuis
2094 2541 2271 2596 praeco
2300 2527 2355 2579 in
2373 2526 2486 2581 sola
2512 2525 2696 2580 Judaaa
2725 2526 3017 2584 exauditus
3039 2538 3143 2591 est,
3178 2536 3274 2581 aut
3302 2532 3466 2583 etiam

1884 2632 1915 2670 a
1946 2616 2058 2670 Dan
2079 2633 2249 2687 usque
2277 2618 2344 2671 ad
2381 2618 2645 2673 Bersabee
2684 2620 2971 2673 nuntiatus
2994 2629 3098 2682 est,
3128 2621 3223 2675 sed
3265 2622 3317 2676 in
3348 2635 3467 2674 om-

1887 2725 2010 2764 nem
2042 2719 2243 2765 terram
2269 2710 2436 2764 exivit
2463 2725 2632 2764 sonus
2664 2726 2853 2764 eorum
2911 2719 2971 2765 ut
2994 2712 3258 2781 scriptum
3290 2721 3370 2767 est
3407 2711 3466 2766 “.

1888 2801 2029 2866 Quid
2055 2816 2221 2870 porro
2246 2801 2332 2855 his
2356 2799 2613 2855 additur?
2637 2821 2653 2854 ι
2678 2801 2858 2858 Moses
2885 2804 3232 2874 loquebatur,
3263 2806 3468 2873 inquit,

1889 2893 2035 2949 Deus
2079 2902 2259 2948 autem
2310 2896 2597 2963 respondit
2642 2912 2692 2950 ei
2751 2911 2884 2950 voce
2936 2898 2999 2952 ¹⁵.
3034 2914 3053 2947 ι
3090 2896 3191 2953 Hic
3249 2914 3470 2954 rursum

1893 3001 2075 3042 acrius
2142 2987 2432 3041 attendant
2476 2987 2746 3050 studrosr,
2784 2994 2838 3041 et
2882 2998 3138 3043 accurate
3178 2990 3472 3046 observent

1893 3079 2202 3133 divmorum
2252 3080 2604 3133 oraculorum
2635 3078 2993 3135 soliditatem.
3027 3080 3295 3150 Loquitur
3323 3085 3468 3137 enim

204 3165 317 3235 γῆν
340 3168 374 3218 6
392 3165 624 3233 φθόγγος
642 3165 827 3228 αὑτοῦ,
846 3166 989 3219 καθὰ
1022 3167 1353 3235 γέγραπται.
1375 3168 1438 3219 Τί
1465 3168 1520 3220 δὲ
1545 3169 1608 3238 δὴ
1628 3171 1790 3224 πάλιν

1895 3170 2106 3226 Moses:
2128 3171 2257 3224 huic
2284 3173 2578 3241 respondet
2610 3171 2754 3227 Deus
2782 3188 2947 3239 voce;
2975 3189 3082 3228 non
3125 3176 3347 3244 propria
3374 3177 3474 3229 uti-

206 3259 306 3310 ἐττὶ
366 3256 615 3322 τούτοις;
663 3275 681 3307 ι
719 3257 923 3326 Μωσῆς
974 3256 1172 3321 ἐλάλει,
1238 3259 1421 3327 φησὶν,
1479 3260 1507 3311 ό
1556 3261 1609 3312 δὲ
1662 3260 1792 3324 Θεὸς

204 3347 547 3417 ἀπεκρίνατο
578 3346 726 3416 αὐτῷ
765 3350 937 3417 φωνῇ.
990 3367 1008 3397 ι
1046 3350 1252 3418 Δριμὺς
1304 3350 1443 3402 ἔστω
1487 3351 1647 3404 πάλιν
1686 3353 1794 3405 τῶν

203 3435 634 3507 εὐμαθεστέρων
697 3439 724 3489 6
773 3436 917 3500 νοῦς,
968 3439 1298 3508 ὲπιτηρείτω
1335 3439 1391 3492 δὲ
1432 3440 1672 3510 ἀκριϐῶς
1700 3444 1795 3512 τὴν

202 3532 327 3591 τοῖς
354 3528 519 3591 θείοις
549 3527 749 3596 λογίοις
771 3526 996 3581 ἐνοῦσαν
1018 3529 1335 3597 ἀσφάλειαν,
1358 3532 1524 3584 Λαλει
1564 3534 1619 3601 μ’
1636 3551 1662 3586 ν
1687 3534 1794 3604 γὰρ

202 3624 237 3674 6
276 3622 503 3690 Μωσῆς,
556 3614 911 3688 ἀποκρίνεται
958 3618 1013 3671 δὲ
1057 3619 1189 3683 Θεὸς
1232 3624 1407 3692 τούτῳ
1452 3630 1602 3693 φωνῇ
1630 3664 1643 3687 ,
1697 3627 1793 3678 ούγ

168 3738 171 3739 ν
209 3711 327 3782 ἰδίᾳ
357 3710 569 3773 πάντως,
605 3712 753 3780 φωνῇ
781 3708 959 3777 (τοῦτο
988 3711 1095 3781 γὰρ
1144 3710 1205 3763 οῦ
1236 3713 1444 3785 φησιν),
1470 3715 1583 3767 ἀλλ’
1612 3718 1646 3769 ἁ
1676 3717 1798 3780 vi.th

205 3821 277 3857 τε
313 3802 409 3855 καὶ
432 3803 847 3872 άπολελυμενως
874 3810 1045 3873 φωνῇ,
1071 3807 1134 3873 τῇ
1176 3804 1265 3858 διὰ
1298 3807 1503 3861 κτύπου
1537 3810 1798 3879 ῥημάτων

203 3893 700 3966 ἀνθρωπινώτερον
745 3894 1062 3964 παραδόξως
1108 3897 1541 3971 άποτελουμὲνῃ.
1579 3902 1714 3971 Περὶ
1748 3904 1800 3955 τί

205 3987 328 4057 γὰρ
350 3985 415 4038 ἂν
441 3985 546 4037 τῶν
576 3985 750 4055 ἔργων
788 3987 1045 4055 ἀτονήσαι
1089 3986 1256 4055 Θεός;
1290 3989 1345 4041 τί
1377 3990 1419 4041 δ’
1464 3992 1560 4042 ούγ
1606 3993 1672 4045 ἂν
1716 3994 1799 4058 ἐξ-

205 4077 393 4146 ανύσῃ
424 4076 674 4147 θελήσας,
715 4077 809 4130 καὶ
828 4077 947 4129 λίαν
978 4078 1246 4144 εύκόλως;
1284 4081 1492 4135 Ἐλάλει
1514 4086 1800 4155 τοιγαροῦν

207 4172 242 4223 ὁ
279 4169 510 4238 Μωσῆς,
550 4169 578 4220 6
625 4168 679 4221 δὲ
733 4168 865 4232 Θεὸς
897 4170 1231 4239 ἀπεκρίνατο
1260 4176 1407 4243 αύτῴ
1431 4178 1580 4245 φωνῇ
1638 4178 1740 4229 Kal
1773 4178 1801 4228 6

212 4262 323 4333 μὲν
370 4260 539 4324 τύπος
606 4261 663 4314 ὲν
722 4264 953 4325 τούτοις.
1007 4262 1232 4334 Ἰδωμεν
1266 4264 1323 4317 δὲ
1371 4282 1467 4337 την
1520 4267 1679 4339 άλήον
1713 4286 1796 4322 α).

214 4355 414 4424 Ἔχεις
446 4352 731 4423 τοιγαροῦν
758 4353 814 4405 ὲν
837 4353 1013 4421 ἁγίοις
1038 4353 1390 4423 Εὑαγγελίοις
1425 4356 1691 4413 λαλουντα
1711 4360 1803 4413 τὸν

209 4446 430 4517 Κύριον
451 4462 464 4475 ·
494 4463 512 4497 ι
548 4445 751 4516 Πάτερ,
778 4444 1001 4509 δόξασόν
1040 4462 1132 4499 σου
1157 4446 1249 4501 τὸν
1290 4448 1435 4501 Υίόν·
1468 4468 1487 4502 ι
1520 4452 1803 4522 ἀποκρινό-

1894 3278 1999 3332 que
2032 3278 2165 3317 voce
2200 3263 2347 3333 (non
2374 3264 2477 3317 hoc
2526 3266 2671 3320 enim
2699 3266 2831 3320 dicit
2855 3265 2895 3329 l,
2923 3268 3015 3322 sed
3044 3267 3387 3336 srmplrcrter,
3416 3278 3475 3323 et

1895 3354 2359 3419 absolute,¢voce,
2392 3369 2543 3423 iqum
2570 3356 2861 3409 verborum
2890 3371 3029 3411 sono
3054 3356 3295 3410 humano
3321 3373 3473 3412 more

1896 3446 2218 3500 mirabiliter
2244 3454 2327 3500 est
2354 3445 2524 3501 edita.
2567 3446 2709 3511 Quid
2741 3462 2888 3502 enim
2929 3447 3153 3503 difﬁcile
3201 3455 3285 3502 est
3318 3447 3474 3503 Deo?

1895 3536 2009 3589 imo
2043 3536 2173 3605 quid
2206 3535 2416 3590 eflicere
2450 3550 2559 3589 non
2592 3543 2767 3604 potest
2803 3534 2962 3591 faeile
2986 3577 3001 3599 ,
3036 3552 3081 3591 ει
3110 3536 3275 3591 modo
3308 3538 3475 3592 velit?

1942 3640 2009 3693 oq
2038 3644 2041 3647 ·
2124 3640 2151 3677 a
2206 3640 2245 3676 ir
2273 3628 2456 3694 itaque
2488 3624 2688 3687 Moses,
2722 3624 2866 3680 Deus
2899 3636 3079 3680 autem
3115 3629 3396 3697 respondit
3423 3630 3473 3683 ei

1934 3730 2047 3769 oce.
2078 3714 2189 3768 Sed
2215 3716 2325 3769 Iunc
2353 3715 2571 3784 quidem
2598 3716 2824 3785 figurate
2850 3733 2863 3769 :
2890 3716 3170 3773 videamus
3195 3733 3358 3788 porro
3378 3734 3469 3775 νου
3562 3708 3569 3713 ’

1898 3810 2135 3858 ritatem.
2166 3802 2346 3858 Habes
2377 3805 2429 3857 in
2457 3802 2765 3875 Evangeliis
2794 3805 3104 3874 loquentem
3135 3806 3424 3863 Dominum
3456 3828 3470 3864 :

1904 3914 1921 3946 ι
1948 3893 2134 3959 Pater,
2160 3894 2399 3947 clarifica
2418 3893 2615 3948 Filium
2644 3903 2798 3949 tuum
2829 3896 2897 3961 '°,
2923 3916 2940 3947 ι
2972 3897 3267 3966 respondet
3293 3905 3475 3955 autem

1900 3985 2063 4055 259
2094 4001 2227 4040 voce
2263 3986 2457 4040 Pater:
2503 4006 2521 4037 ι
2563 3985 2629 4039 Et
2655 3986 2982 4052 clarificavi,
3023 3998 3078 4044 et
3129 3991 3324 4046 iterum
3359 3992 3474 4046 cla—

1900 4079 2127 4133 riticabo
2150 4079 2212 4131 '7.
2262 4097 2280 4129 ι
2323 4077 2428 4133 Sed
2463 4093 2569 4132 non
2600 4094 2722 4134 esse
2750 4094 2937 4134 revera
2959 4095 3143 4135 vocem
3169 4083 3260 4136 Dei
3286 4097 3350 4137 ac
3377 4081 3478 4135 Pa-

1900 4180 1921 4223 t
1957 4187 2000 4225 is
2028 4169 2283 4224 Salvator
2318 4170 2583 4234 ostendit,
2617 4170 2809 4225 dicens
2835 4171 2900 4225 iis
2930 4171 3023 4239 qui
3056 4180 3182 4225 tunc
3210 4172 3473 4227 aderant:

1908 4278 1926 4311 ι
1964 4258 2081 4314 Νοη
2138 4266 2364 4329 pr0pter
2416 4274 2502 4314 me
2552 4259 2668 4313 haec
2715 4275 2815 4313 vox
2867 4266 3037 4324 venit,
3100 4261 3193 4316 sed
3256 4272 3479 4333 propter

1900 4366 1999 4408 vos
2019 4353 2081 4404 ¹⁸.
2123 4370 2142 4401 ι
2182 4350 2344 4406 Vides
2368 4366 2477 4421 quo
2508 4357 2669 4420 pacto
2700 4364 2892 4404 vocem
2930 4349 3126 4404 factam
3182 4366 3304 4406 esse
3330 4353 3480 4407 clare

1903 4446 2177 4499 asseruit:
2245 4442 2517 4512 siquidem
2582 4441 2885 4511 putandum
2945 4450 3167 4497 nonest
3203 4458 3334 4498 voce
3358 4459 3480 4515 qua:

215 4555 387 4610 μενον
413 4537 467 4589 δὲ
495 4536 581 4589 διά
607 4536 791 4605 φωνῆς
822 4535 913 4589 τὸν
942 4537 1187 4607 Πατέρα·
1227 4558 1244 4591 ι
1282 4540 1391 4593 Καὶ
1418 4541 1671 4607 ἐδόξασα,
1709 4544 1790 4596 καῖ

1906 4550 2041 4591 sono
2073 4536 2252 4589 editur
2285 4549 2437 4589 usam
2463 4549 2586 4589 esse
2614 4540 2869 4587 naturam
2897 4533 3162 4597 divinam,
3211 4534 3337 4589 licet
3376 4550 3479 4589 no-

212 4631 389 4685 πάλιν
409 4629 635 4694 δοξάσω.
680 4647 697 4680 ι
732 4630 845 4683 Οὐκ
868 4626 1007 4684 εῖναι
1040 4630 1097 4683 δὲ
1115 4630 1213 4701 τὴν
1246 4633 1425 4703 φωνὴν
1458 4634 1671 4703 άληθῶς
1708 4636 1800 4689 τοῦ

211 4721 361 4775 Θεοῦ
405 4721 493 4773 καὶ
532 4720 743 4791 Πατρὸς
797 4722 824 4774 6
877 4721 1066 4793 Σωτὴρ
1121 4723 1337 4790 ἔδειξεν,
1394 4726 1563 4778 εἰπὼν
1596 4730 1706 4790 τοῖς
1743 4729 1802 4781 τὸ

209 4812 477 4884 τηνικάδε
503 4811 767 4881 παροῦσιν
789 4830 802 4843 ·
835 4815 908 4866 Οὐ
927 4814 993 4865 δι’
1017 4814 1117 4883 ἐμὲ
1145 4816 1178 4884 ἡ
1214 4816 1365 4885 φωνὴ
1392 4816 1527 4887 αὕτη
1560 4818 1802 4896 γέγονεν,

210 4906 364 4960 ἀλλὰ
421 4905 486 4958 δι’
538 4906 703 4975 ὑμᾶς.
749 4923 767 4956 ι
814 4905 977 4977 Ὁρᾷς
1026 4906 1173 4971 ὅπως
1237 4909 1567 4979 γεγενῆσθαι
1622 4912 1807 4979 σαφῶς

208 4999 599 5068 διισχυρίσατο
621 4998 715 5069 τὴν
744 5000 945 5067 φωνὴν,
984 5000 1105 5052 ἐπεὶ
1140 5000 1215 5071 μὴ
1246 5004 1311 5071 τῇ
1356 5001 1444 5055 διά
1480 5006 1686 5055 κτύπου
1720 5022 1807 5056 κεη‹

210 5089 463 5163 χρῆσθαι
503 5090 650 5159 φωνῇ
705 5089 803 5157 τὴν
863 5088 1012 5142 θείαν
1062 5090 1270 5143 οἴεσθαι
1303 5090 1460 5159 φύσιν
1489 5093 1800 5157 ἀκόλουθον,

209 5186 330 5238 κᾶν
362 5182 480 5242 ταῖς
535 5180 829 5250 ἡμετέραις
883 5182 1349 5251 συσχηματίζηται
1407 5183 1657 5253 χρείαις,
1714 5188 1807 5239 καὶ

210 5276 360 5345 λαλῇ
402 5272 521 5326 καθ’
567 5274 714 5343 ἡμᾶς
764 5273 1143 5343 οἰκονομικῶς.
1206 5274 1393 5327 Ταῦτα
1451 5276 1613 5329 πάλιν
1672 5278 1803 5347 ἡμῖν

208 5362 547 5431 ἀναγκαίως
593 5360 942 5431 εἰσεκομίσθη
994 5362 1130 5430 πρὸς
1167 5362 1226 5414 τὸ
1266 5363 1443 5432 παρὸν
1472 5366 1547 5433 τῷ
1572 5363 1713 5434 λόγῳ
1739 5366 1806 5419 τὰ

211 5453 584 5524 θεωρήματα.
641 5451 853 5521 Χρῆναι
880 5451 990 5521 γάρ
1042 5452 1260 5515 πάντως
1289 5452 1674 5524 ἐλογισάμεθα,
1694 5458 1807 5519 τοῖς

209 5542 643 5612 ἑντευξαμένοις
702 5541 1032 5612 ἀληθεύοντα
1083 5544 1365 5613 φαίνεσθαι
1412 5546 1503 5598 τὸν
1575 5545 1805 5615 Ἰησοῦν,

206 5638 360 5691 ὅταν
412 5631 731 5703 εὑρίσκηται
785 5631 957 5701 λέγων
1010 5633 1147 5703 πρὸς
1208 5634 1490 5697 Ἰουδαίους
1541 5635 1669 5705 περὶ
1714 5634 1808 5687 τοῦ

1909 4631 2038 4687 stris
2061 4628 2432 4684 conformetur
2463 4627 2673 4690 usibus,
2696 4635 2749 4681 et
2780 4626 3042 4695 singulari
3076 4627 3481 4696 dispensatione

1909 4724 2183 4792 loquatur,
2218 4720 2381 4776 sicuti
2436 4735 2555 4774 nos.
2593 4718 2720 4772 l-lmc
2750 4735 2943 4775 rursus
2976 4733 3006 4772 a
3062 4718 3220 4773 nobis
3267 4720 3479 4789 imprae-

1907 4814 2209 4868 sentiarum
2241 4812 2525 4866 observata
2567 4816 2714 4865 sunt.
2744 4809 2929 4864 Jesum
2982 4810 3183 4879 quippe
3232 4825 3479 4865 veracem

1908 4902 2328 4958 existimandum
2358 4915 2479 4955 esse
2509 4908 2783 4969 putamus,
2815 4914 2939 4953 cum
2965 4899 3034 4954 de
3098 4914 3199 4953 suo
3225 4899 3482 4956 Genitore

1908 4996 1976 5049 ad
2040 4993 2255 5048 Judaaos
2309 4991 2493 5045 dicere
2531 4991 2942 5060 comperiatur:
2981 5011 2999 5043 ι
3063 4990 3248 5061 Neque
3294 5006 3481 5046 vocem

1908 5084 2029 5154 ejus
2058 5096 2296 5151 unquam
2326 5080 2581 5145 audisus,
2615 5096 2793 5149 neque
2830 5081 3067 5151 speciem
3091 5082 3210 5150 ejus
3242 5080 3480 5145 vidistis,

1909 5184 1964 5230 et
2000 5174 2236 5229 Verbum
2270 5173 2390 5242 ejus
2418 5187 2527 5226 non
2558 5172 2772 5227 habetis
2799 5173 2853 5226 in
2887 5172 3041 5226 vobis
3077 5186 3325 5236 manens,
3354 5173 3482 5242 quia

1898 5282 2070 5338 auem
2106 5266 2252 5320 misit
2302 5265 2411 5329 ille,
2460 5264 2589 5317 huic
2619 5278 2715 5319 vos
2769 5278 2879 5317 non
2943 5252 3171 5318 creditis
3197 5264 3259 5315 ‘9.
3309 5280 3328 5313 ι
3361 5260 3483 5315 Jam

1911 5375 2062 5420 vero,
2094 5358 2401 5412 Pliarisaaos
2451 5356 2674 5409 immani
2731 5354 2877 5409 fastu
2942 5353 3187 5423 turgidos
3237 5352 3482 5407 divinum

1915 5451 2152 5505 Verbum
2196 5450 2250 5501 in
2283 5462 2341 5503 se
2371 5455 2425 5503 et
2456 5447 2600 5515 apud
2635 5461 2694 5501 se
2723 5459 2846 5501 esse
2876 5444 3121 5508 finxisse,
3163 5442 3396 5513 ideoque
3417 5444 3483 5497 ad

1917 5540 2222 5595 mirabilem
2291 5536 2584 5609 quamdam
2645 5551 2704 5592 se
2768 5536 3087 5606 pervenisse
3159 5535 3483 5605 sapientiam

1919 5633 2246 5697 asscruisse,
2291 5630 2342 5684 id
2377 5629 2605 5700 spiritus
2642 5629 2755 5699 ipse
2783 5643 3001 5699 quoque
3030 5626 3232 5681 Christi
3260 5624 3483 5680 testabi-

303 5744 696 5807 uICor.xm,
756 5744 854 5808 ης
906 5746 967 5776 ¹¹¹
1007 5743 1155 5803 Psal.
1215 5765 1347 5809 xvn,
1400 5750 1488 5805 LI.
1568 5750 1611 5781 ’³
1651 5748 1788 5802 Deut

1887 5766 1971 5808 ix,
2031 5749 2116 5803 19.
2198 5748 2240 5777 ίι
2277 5746 2421 5801 Psal.
2466 5762 2634 5810 mu,
2692 5744 2743 5799 5.
2825 5744 2867 5775 ¹⁸
2909 5742 3105 5809 Deut.,
3161 5740 3411 5803 xn,19.

230 5808 617 5877 “103mm,
651 5815 738 5870 28.

843 5816 883 5846 "
926 5814 1059 5870 Ibid.
1141 5819 1182 5849 ¹⁸
1226 5817 1355 5873 Ibid.
1392 5821 1479 5873 '50.
1561 5822 1601 5852 ¹⁹
1642 5818 1796 5874 Joali.
1838 5837 1887 5878 γ.
1920 5820 2005 5872 57.
