4218 6500
772 413 879 473 ΗΘ

1727 396 1793 452 S.
1817 392 2094 450 CYRILLI
2135 388 2609 445 ALEXANDRINI
2647 388 2973 445 ARCHIEP.

3935 389 4039 447 ιςο

773 542 883 593 tur,
948 541 1041 597 per
1096 522 1416 594 prophetam
1477 514 1771 571 leremiam
1842 512 2035 567 dicens
2095 508 2161 563 ad
2216 523 2351 562 eos:

2466 508 2595 560 ῑδίου
2624 507 2948 577 γεννήτορος
2973 516 2987 532 ·
3022 522 3039 554 ι
3071 501 3206 555 Οὔτε
3225 501 3408 572 φωνὴν
3436 501 3602 555 αὑτοῦ
3642 502 3864 556 πώποτε
3898 508 4043 579 ἀκη-

779 643 797 674 ι
830 615 1115 687 Quomodo
1145 614 1362 675 dicetis,
1411 608 1541 680 quia
1589 606 1864 675 sapientes
1913 618 2014 656 nos
2045 615 2257 663 sumus,
2298 607 2351 654 et

774 708 1011 764 Verbum
1044 705 1255 759 Domini
1287 703 1576 755 nobiscum
1612 696 1744 750 est?
1780 693 2007 747 Frustra
2041 691 2220 744 factus
2264 695 2352 744 est

770 801 972 872 junCiis
1004 797 1235 851 mendax
1299 792 1531 853 Scribis,
1591 786 1806 841 confusi
1871 792 2005 838 sunt
2051 784 2347 851 sapientes,

770 870 1055 961 perterriti
1080 894 1134 941 et
1169 883 1312 953 capti
1349 888 1499 943 sunt,
1534 878 1802 947 sapientia
1862 888 2113 944 quaenam
2170 878 2254 925 est
2297 870 2351 922 in

770 985 878 1045 eis,
901 982 1030 1051 quia
1067 978 1306 1032 Verbum
1342 972 1554 1029 Domini
1596 969 2028 1038 reprobaverunt
2060 965 2127 1015 ³⁸.
2167 980 2185 1013 ›
2216 962 2353 1028 Quo-

775 1075 939 1129 modo
960 1074 1103 1127 enim
1136 1070 1351 1129 vivens.
1387 1072 1441 1119 et
1483 1062 1799 1117 subsistens
1829 1057 1920 1111 Dei
1976 1054 2213 1109 Verbum
2245 1068 2353 1106 non

774 1168 1105 1237 reprobasse
1140 1157 1643 1230 deprchendemur,
1692 1152 1787 1221 qui
1820 1150 1982 1204 ﬁdem
2018 1163 2127 1202 non
2163 1161 2354 1201 susce-

780 1264 994 1329 perunt,
1021 1254 1116 1309 sed
1155 1254 1246 1306 Dei
1298 1265 1361 1304 ac
1417 1249 1598 1301 Patris
1655 1245 2029 1298 characterem
2083 1239 2356 1293 dedecore

777 1352 1103 1407 aﬂ‘ecerunt,
1125 1355 1178 1398 et
1209 1342 1554 1397 verissimam
1582 1338 1703 1407 ejus
1730 1335 1966 1403 speciem
1994 1347 2089 1401 per
2113 1330 2353 1384 divinam

778 1441 1076 1511 potentiam
1117 1453 1180 1490 ac
1202 1437 1463 1490 virtutem
1500 1428 1859 1498 contemplari
1891 1424 2168 1494 dedignati
2189 1422 2357 1477 sunt?

776 1533 949 1586 Aliter
978 1532 1124 1584 enim
1161 1523 1628 1595 comprehendere
1661 1520 1901 1574 divinam
1939 1523 1992 1571 et
2030 1515 2355 1570 ineffabilem

778 1636 1031 1678 naturam
1066 1636 1172 1673 non
1209 1632 1526 1685 possumus,
1562 1629 1725 1683 quam
1770 1627 1865 1681 per
1904 1624 1965 1664 ea
2000 1623 2122 1677 qua:
2149 1605 2358 1675 perﬁcit

774 1728 830 1773 et
860 1722 1138 1784 operatur.
1174 1710 1521 1777 Quapropter
1553 1722 1581 1759 a
1624 1702 2006 1773 magnitudine
2037 1709 2089 1755 et
2116 1697 2357 1769 pulchri-

784 1813 971 1866 tudine
1018 1816 1397 1860 creaturarum
1457 1797 1816 1853 similitudine
1864 1792 2098 1863 quadam
2152 1790 2356 1844 Paulus

2458 599 2638 660 κὸατε,
2677 596 2802 649 οὔτε
2833 590 2974 657 εἶδος
3000 592 3170 647 αὑτοῦ
3203 593 3614 662 ὲωράκατε,καὶ
3630 593 3721 646 τὸν
3753 594 3913 662 λόγον
3944 598 4047 649 αὖ·

2458 688 2551 741 τοῦ
2590 689 2687 740 οὐκ
2718 687 2870 755 ἔχετε
2934 686 2992 737 ἐν
3036 685 3164 753 ὑμῖν
3196 683 3449 752 μένοντα,
3502 683 3583 735 ὅτι
3616 682 3673 735 ὃν
3720 684 4048 741 ἀπέστειλεν

2459 781 2685 842 ἐκεῖνος,
2719 776 2895 845 τούτῳ
2923 776 3081 845 ὑμεῖς
3117 775 3179 827 οὐ
3231 773 3538 826 πιστεύετε.
3578 793 3595 824 ι
3636 775 3759 827 Ὀτι
3786 776 3844 828 δὲ
3878 777 4048 831 πάλιν

2458 874 2508 925 oi
2523 872 2806 940 Φαρισαῖοι
2832 868 2968 937 πρὸς
3004 866 3266 929 ἐκτύπους
3311 865 3630 930 ἀλαζονείας
3675 869 4048 939 ἀναφυσώμε-

2460 980 2561 1024 νοι,
2614 962 2707 1014 τὸν
2762 960 2904 1011 θεῖον
2944 952 3082 1010 εἶναι
3134 957 3231 1009 σὺν
3276 957 3461 1020 αὐτοῖς
3510 974 3571 1009 τε
3614 958 3709 1009 καὶ
3762 959 3819 1009 ὲν
3858 958 4049 1021 αὐτοῖς

2460 1055 2790 1107 ὲπλάττοντο
2840 1052 3022 1118 λόγον,
3053 1050 3145 1103 διά
3192 1066 3253 1101 τε
3303 1048 3463 1101 τοῦτο
3519 1050 3657 1119 πρὸς
3711 1048 4051 1118 ἀξιάγαστον

2461 1147 2651 1201 ὲλάσαι
2694 1144 2887 1212 σοφίαν
2934 1143 3177 1211 ἀνοήτως
3225 1140 3647 1210 διισχυρίζοντο,
3704 1144 4055 1213 μαρτυρήσει

2463 1239 2559 1292 καὶ
2589 1236 2720 1290 αὐτὸ
2753 1236 2814 1288 τὸ
2844 1234 3062 1305 πνεῦμα
3100 1231 3363 1303 Χριστοῦ,
3391 1233 3478 1286 διὰ
3506 1233 3600 1286 τοῦ
3638 1236 3923 1304 προφήτου
3959 1234 4050 1286 λέ-

2462 1344 2558 1395 γον
2591 1324 2853 1397 Ἱερεμίου
2882 1324 3019 1394 πρὸς
3041 1322 3240 1385 αὐτούς
3268 1340 3282 1355 °
3320 1341 3339 1373 ι
3379 1323 3500 1387 Πῶς
3534 1327 3731 1393 ἐρεῖτε,
3758 1325 3841 1378 ὅτι
3882 1326 4052 1393 Σοφοί

2464 1420 2630 1489 ἐσμεν
2668 1420 2848 1488 ἡμεῖς,
2902 1416 2998 1469 καὶ
3065 1416 3229 1484 λόγος
3274 1416 3482 1484 Κυρίου
3531 1416 3649 1486 μεθ’
3680 1417 3836 1487 ἡμῶν
3865 1418 4049 1484 ὲστινς

2466 1512 2560 1574 Εἰς
2593 1511 2772 1581 μάτην
2807 1509 3040 1579 ἐγενήθη
3091 1511 3297 1578 σχοῖνος
3333 1507 3534 1578 ψευδὴς
3584 1508 4048 1579 Γραμματεῦσιν,

2464 1603 2809 1675 ᾐσχύνθησαν
2840 1604 3016 1672 σοφοὶ,
3059 1602 3406 1672 ὲπτοήθησαν
3447 1604 3541 1655 καὶ
3580 1602 3847 1669 ὲάλωσαν,
3885 1604 4053 1670 σοφία

2463 1696 2547 1758 τίς
2579 1698 2726 1747 ἐστιν
2766 1697 2823 1746 ἐν
2870 1695 3076 1756 αὐτοῖς,
3125 1694 3206 1746 ὅτι
3228 1694 3319 1745 τὸν
3351 1692 3510 1762 λόγον
3557 1694 3759 1763 Κυρίου
3791 1695 4051 1747 ἀπεδοκί·

2467 1802 2666 1856 μασαν.
2713 1804 2731 1837 ι
2770 1784 2894 1848 Πῶς
2921 1784 3031 1853 γὰρ
3059 1784 3148 1837 τὸν
3197 1784 3376 1849 ζῶντα
3420 1786 3515 1837 καὶ
3547 1786 3911 1838 ὲνυπόστατον
3957 1785 4051 1838 τοῦ

776 1902 860 1957 ire
886 1916 985 1954 nos
1015 1898 1169 1967 jubet
1202 1895 1266 1947 ad
1304 1891 1552 1963 parentis
1601 1902 1783 1941 rerum
1817 1882 2357 1952 contemplationem.

2466 1876 2597 1929 Θεοῦ
2660 1875 2835 1943 Λόγον
2899 1875 3406 1944 ἀποδοκιμάσαντες
3454 1876 3552 1945 οὐχ
3596 1875 3920 1941 ἁλώσονται,
3951 1878 4053 1945 τὴν

778 1993 1047 2047 Praeterea
1076 1988 1326 2042 Salvator
1350 1984 1417 2037 ad
1443 1982 1529 2036 sui
1549 1975 2097 2047 comprehensionem
2116 1971 2356 2035 deducit,

782 2084 868 2137 his
898 2082 1124 2137 verbis:
1169 2097 1186 2129 ι
1214 2076 1270 2130 Si
1297 2091 1404 2129 non
1440 2073 1585 2126 iacio
1613 2083 1777 2139 opera
1813 2067 1992 2121 Patris
2030 2064 2157 2128 mei,
2193 2064 2360 2118 nolite

782 2175 1004 2230 credere
1031 2170 1198 2224 mihi:
1234 2168 1280 2220 si
1310 2175 1491 2219 autem
1530 2162 1693 2222 l‘acio,
1727 2166 1781 2213 et
1810 2158 1855 2212 si
1879 2156 2013 2210 mihi
2046 2170 2157 2209 non
2191 2155 2360 2209 vultis

780 2264 1029 2324 credere,
1048 2260 1311 2330 operibus
1335 2255 1468 2309 meis
1482 2249 1747 2306 credite“
1785 2267 1801 2298 ι
1825 2247 1957 2301 Jure
1975 2254 2156 2301 autem
2178 2259 2360 2315 repre-

786 2357 1054 2412 hendebat
1081 2368 1239 2407 suum
1269 2346 1603 2416 discipulum
1631 2342 1939 2411 (Philippus
1962 2340 2009 2393 is
2038 2336 2176 2407 erat)
2213 2335 2358 2405 quod

783 2449 1127 2503 existimaret
1159 2444 1317 2496 aliter
1349 2452 1509 2508 posse
1536 2435 1705 2489 Deum
1740 2447 1802 2485 ac
1840 2432 2058 2484 Patrem
2096 2428 2358 2497 spectari,

785 2553 911 2592 cum
955 2536 1142 2588 liceret
1173 2527 1566 2584 immutabilem
1608 2523 1729 2592 ejus
1774 2518 2069 2587 imaginem
2116 2525 2363 2570 contem-

788 2629 948 2697 plari,
983 2642 1104 2695 quae
1130 2630 1385 2677 accurate
1410 2619 1465 2671 in
1502 2617 1682 2685 seipsa
1720 2612 2038 2668 Genitorem
2085 2608 2362 2677 exprimit.

786 2721 952 2791 260
989 2718 1222 2786 Ideoque
1252 2713 1506 2767 dicebat:
1543 2729 1561 2761 ι
1596 2707 1776 2761 Tanto
1806 2712 2054 2771 tempore
2076 2702 2364 2757 vobiscum

789 2827 935 2875 sum,
964 2819 1019 2865 et
1047 2824 1153 2863 non
1191 2804 1499 2875 cognovisti
1524 2817 1631 2866 me,
1652 2794 2062 2867 Pbilippe?Qui
2093 2792 2228 2847 vidit
2259 2807 2365 2858 me,

785 2902 925 2955 vidit
958 2910 1010 2955 et
1045 2899 1261 2952 Patrem
1292 2898 1357 2947 ³¹.
1392 2914 1411 2946 ι

2461 1970 2541 2029 είς
2591 1965 2753 2019 αὑτὸν
2804 1966 2864 2017 οὐ
2916 1965 3352 2036 παραδεξάμενοι
3408 1965 3610 2029 πίστιν,
3658 1966 3795 2019 ἀλλά
3828 1968 3919 2020 τὸν
3955 1969 4052 2021 τοῦ

2461 2060 2596 2113 Θεοῦ
2630 2060 2722 2113 καὶ
2778 2059 2993 2127 Πατρὸς
3050 2058 3423 2127 ἀτιμάσαντες
3467 2059 3815 2129 χαρακτῆρα,
3858 2061 4053 2114 καὶτὸ

2460 2150 2827 2221 ἀληθέστατον
2858 2148 3048 2218 ὥσπερ
3080 2142 3221 2208 εἶδος
3268 2146 3433 2199 αὑτοῦ
3465 2148 3554 2200 διὰ
3578 2149 3675 2218 τῆς
3710 2148 4055 2219 θεοπρεποῦς

2461 2242 2708 2307 ἐξουσίας
2735 2257 2793 2293 τε
2824 2239 2919 2293 καὶ
2954 2238 3232 2308 δυνάμεως
3251 2238 3527 2309 θεωρῆσαι
3541 2239 4055 2309 παραιτησάμενοι;

2462 2330 2801 2401 Καταληπτὴ
2828 2330 2935 2401 γὰρ
2968 2332 3099 2400 ἡμῖν
3134 2330 3233 2399 οὐχ
3262 2329 3467 2401 ἑτέρως
3503 2329 3649 2384 κατά
3672 2331 3733 2383 τὸ
3766 2332 4059 2402 ἐνδεχόμε-

2464 2442 2553 2478 νον
2588 2426 2621 2495 ἠ
2651 2423 2771 2475 θεία
2803 2439 2861 2475 τε
2892 2422 2986 2475 καὶ
3012 2423 3250 2492 ἄρῤητος
3296 2422 3479 2490 φύσις,
3514 2423 3546 2493 ἢ
3581 2423 3647 2475 δι’
3692 2420 3770 2476 ῶν
3811 2425 4060 2490 ἐπιτελεῖ

2466 2513 2559 2566 καὶ
2581 2513 2893 2582 ἐργάζεται.
2927 2510 3028 2563 Διά
3060 2512 3169 2581 γάρ
3196 2529 3277 2563 τοι
3297 2512 3476 2576 τοῦτο,
3501 2515 3595 2565 καὶ
3637 2514 3745 2567 ἀπὸ
3788 2517 4058 2585 μεγέθους

2470 2605 2563 2659 καὶ
2588 2605 2850 2676 καλλονῆς
2880 2604 3195 2673 κτισμάτων
3233 2605 3512 2673 ἀναλόγως
3545 2607 3635 2659 ἐπὶ
3657 2607 3755 2677 τὴν
3779 2608 3876 2661 τοῦ
3898 2626 4058 2677 γενε-

2474 2698 2727 2768 σιουργοῦ
2759 2696 2990 2765 θεωρίαν
3018 2698 3047 2748 ὁ
3084 2696 3181 2765 μὲν
3205 2696 3575 2768 Παῦλοςήμᾶς
3611 2699 3744 2752 ἰέναι
3777 2704 4059 2771 προστάτ-

2472 2805 2577 2841 τει·
2612 2789 2829 2856 ξεναγεῖ
2858 2788 2914 2840 δὲ
2947 2788 3108 2841 πάλιν
3136 2790 3217 2851 εἰς
3269 2790 3367 2859 τὴν
3417 2792 3503 2858 ἐφ’
3531 2791 3709 2861 ἑαυτῷ
3750 2794 4063 2864 κατάληψιν

2475 2882 2504 2934 ὁ
2530 2880 2726 2952 Σωτὴρ
2749 2921 2763 2944 ,
2801 2898 2819 2931 ι
2858 2882 2921 2933 Εἰ
2959 2880 3020 2933 οὐ
3080 2880 3220 2933 ποιῶ
3268 2880 3339 2934 τὰ
3383 2881 3521 2953 ἔργα
3558 2883 3650 2937 τοῦ
3682 2886 3899 2956 Πατρός
3933 2906 4063 2958 μου,

787 2998 980 3065 λέγων,
1020 2996 1095 3065 μὴ
1136 2989 1419 3045 πιστεύετέ
1486 3004 1595 3050 μοι’
1640 2987 1688 3038 εἰ
1720 2985 1777 3038 δὲ
1805 2982 1970 3044 ποιῶ,
2002 2979 2103 3034 κᾶν
2134 2978 2259 3048 ἐμοὶ
2330 2976 2405 3048 μὴ
2446 2976 2761 3045 πιστεύητε,
2796 2978 2908 3039 τοῖς
2977 2976 3158 3046 ἔργοις
3212 2992 3311 3044 μου
3348 2976 3654 3029 πιστεύετε.
3693 2996 3710 3029 ι
3750 2980 4066 3052 Κατῃτιᾶτο

785 3094 841 3146 δὲ
862 3040 957 3145 καὶ
1131 3087 1369 3154 εὐλόγως
1419 3083 1511 3136 τὸν
1564 3084 1760 3134 οἰκεῖον
1816 3076 2064 3149 μαθητὴν
2096 3040 2572 3146 (Φίλιπποςὀῦτος
2593 3040 2701 3141 ἦν),
2736 3069 2811 3131 ῶς
2831 3040 3033 3140 ἑτέρως
3056 3040 3331 3123 ’δύνασθαι
3379 3070 3514 3139 πρὸς
3542 3071 3643 3142 τὴν
3688 3073 3783 3124 ἐπὶ
3820 3040 3908 3143 τῶ,
3943 3076 4066 3143 Θεῷ

787 3189 881 3241 καὶ
908 3186 1080 3258 Πατρὶ
1118 3182 1351 3254 θεωρίαν
1380 3179 1550 3233 ἐλθεῖν
1594 3177 1879 3247 άξητήτως
1927 3172 2364 3239 ύποτοπήσαντα,
2407 3166 2581 3220 καίτοι
2623 3166 2797 3237 παρὸν
2872 3166 2957 3218 ἐπ’
3000 3164 3247 3230 ἐξουσίας
3298 3166 3446 3235 αὑτῷ
3483 3166 3584 3237 τὴν
3639 3168 4066 3241 ἀπαραποίητον

786 3280 971 3332 είκόνά
1029 3270 1505 3328 κατασκέπτεσθαι
1526 3310 1541 3330 ,
1590 3268 1942 3321 δεικνύουσαν
2010 3262 2251 3333 ἀκριϐῶς
2308 3261 2366 3312 ὲν
2404 3260 2569 3330 ἑαυτῇ
2598 3258 2688 3310 τὸν
2722 3259 3080 3328 γεννήσαντα.
3109 3258 3201 3310 Διὸ
3228 3258 3291 3328 δὴ
3318 3260 3412 3311 κα)⁹
3468 3261 3672 3327 ἔφασκε
3699 3252 3779 3313 θ’(
3806 3265 4066 3319 Τοσούτω

787 3370 963 3442 χρόνῳ
1000 3368 1117 3437 μεθ’
1146 3365 1299 3435 ὑμῶν
1327 3366 1464 3431 εἰμι,
1488 3323 1581 3414 καὶ
1603 3362 1701 3412 οὒκ
1729 3357 1975 3425 ἔγνωκάς
2006 3323 2101 3425 με,
2122 3353 2388 3416 Φίλιππε;
2441 3351 2498 3404 '0
2527 3323 2787 3421 έίυρακῶς
2820 3323 2940 3420 ἐμὲ,
2960 3350 3172 3421 ἑώρακε
3198 3323 3290 3403 τὸν
3325 3323 3562 3422 Πατέρα.
3606 3372 3625 3404 ι
4037 3323 4048 3336 ¹

862 3464 927 3526 ν,
962 3463 1153 3518 59-40.
1188 3458 1518 3513 Scrutamiui
1543 3456 1876 3523 Scripturas,
1904 3452 2031 3521 quia
2055 3468 2142 3504 vos
2164 3449 2362 3519 putatis

2556 3445 2869 3516 Ἐρευνᾶτε
2903 3446 3006 3513 τὰς
3051 3445 3319 3514 Γραφὰς,
3353 3445 3440 3498 ὅτι
3462 3446 3533 3499 ἐν·
3584 3445 3792 3515 αὐταῖς
3829 3452 4067 3508 δοκεῖτε

786 3558 842 3611 in
876 3556 1005 3622 ipsis
1053 3554 1215 3607 vitam
1275 3563 1529 3605 a’lernam
1562 3547 1794 3600 habere:
1850 3552 1899 3598 et
1932 3544 2043 3596 illa:
2084 3550 2209 3594 sunt
2250 3554 2362 3607 quae

2467 3537 2633 3606 ὑμεῖς
2663 3534 2815 3604 ζωὴν
2837 3538 3077 3591 αἰώνιον
3108 3537 3294 3606 ἔχειν,
3328 3537 3425 3590 καὶ
3442 3533 3618 3593 αὗταί
3641 3544 3800 3595 εἰσιν
3830 3548 3895 3597 αἱ
3916 3563 4068 3614 μαρ-

791 3647 1158 3704 testimonium
1185 3642 1458 3713 perhibent
1478 3644 1541 3694 de
1565 3655 1664 3693 me.
1698 3636 1764 3690 Et
1790 3652 1893 3690 non
1917 3635 2075 3689 vultis
2102 3633 2275 3686 venire
2298 3630 2366 3684 ad

790 3755 891 3805 me,
922 3746 975 3790 ut
1008 3738 1170 3790 vitam
1197 3734 1459 3787 habeatis.

858 3829 1185 3885 Communis
1217 3833 1271 3881 et
1296 3827 1425 3879 trita
1452 3823 1619 3892 hujus
1658 3828 1844 3875 textus
1874 3818 2151 3889 expositio
2207 3815 2368 3870 docet

787 3921 1093 3993 imperandi
1118 3919 1282 3973 modo
1308 3914 1601 3969 Pharisreis
1624 3928 1651 3965 a
1672 3911 1959 3966 Salvatore
1983 3910 2192 3963 dictum
2218 3922 2362 3970 esse,

788 4024 847 4069 ut
875 4018 1257 4069 scrutarentur
1299 4008 1637 4075 Scripturas,
1702 4005 1756 4056 in
1807 4001 2010 4071 quibus
2057 3997 2367 4053 testimonia

786 4108 855 4161 de
884 4108 1003 4174 ipso
1038 4102 1298 4171 colligant
1355 4097 1421 4151 ad
1483 4097 1693 4150 vitam:
1748 4108 1938 4148 verum
1995 4091 2255 4161 quoniam
2311 4089 2366 4143 in

786 4198 969 4252 medio
1016 4194 1255 4263 copula,
1309 4198 1378 4252 et,
1435 4192 1637 4257 posita,
1692 4185 1783 4238 illa
1836 4182 2001 4238 verba
2042 4180 2364 4251 conjungit:

792 4308 811 4342 ι
849 4287 969 4341 Non
1000 4284 1167 4338 vultis
1194 4281 1381 4335 venire
1419 4279 1485 4332 ad
1515 4293 1621 4341 me,
1668 4295 1684 4327 ›
1716 4274 2067 4329 manifestum
2099 4283 2182 4327 est
2221 4270 2365 4324 aliud

785 4379 1046 4452 quiddam
1074 4374 1410 4447 signiﬁcare,
1455 4381 1750 4440 cognatum
1796 4368 2018 4437 quidem
2053 4364 2364 4428 antedictis,

786 4474 880 4529 sed
908 4474 962 4526 in
993 4485 1103 4541 quo
1135 4465 1387 4521 nonnihil
1415 4465 1488 4519 sit
1512 4462 1737 4517 diversi.
1769 4461 1828 4514 Si
1859 4460 2004 4514 enim
2040 4455 2173 4512 illud
2203 4457 2369 4525 impe-

786 4565 944 4620 randi
977 4561 1139 4617 modo
1196 4560 1269 4613 sit
1318 4555 1755 4627 intelligendum,
1802 4550 2077 4622 quomodo
2107 4563 2368 4603 necessa-

785 4659 927 4711 rium
960 4670 1067 4708 non
1102 4666 1224 4707 esse
1262 4650 1531 4712 dicemus,
1564 4648 1665 4700 hac
1692 4644 1949 4715 loquendi
1984 4642 2182 4705 forma,
2213 4640 2367 4695 verbi

788 4748 983 4819 gratia,
1036 4753 1213 4799 totum
1262 4742 1482 4795 dicere:
1540 4758 1557 4791 ι
1628 4735 1967 4791 Scrutamini
2030 4732 2366 4801 Scripturas,

2467 3629 2753 3697 τυροῦσαι
2781 3631 2910 3697 περὶ
2943 3629 3108 3697 ἐμοῦ.
3157 3628 3269 3682 Kal
3319 3634 3392 3684 οὺ
3424 3629 3627 3685 θέλετε
3669 3633 3877 3688 ἐλθεῖν
3911 3640 4066 3705 πρός

2462 3739 2539 3793 με
2562 3724 2660 3775 ἵνα
2690 3721 2846 3789 ζωὴν
2873 3723 3072 3791 ἔχητε.

2550 3815 2614 3868 'H
2658 3816 2755 3884 μὲν
2804 3815 2924 3867 λεία
2972 3816 3065 3869 καὶ
3114 3815 3419 3887 ἱππήλατος
3453 3819 3565 3880 τοῖς
3594 3818 3809 3882 πολλοῖς
3835 3822 3934 3875 καὶ
3977 3841 4068 3877 τε-

2469 3908 2745 3980 τριμμένη
2773 3907 2980 3961 διάνοια
3003 3906 3095 3959 τοῦ
3134 3908 3325 3979 ῥητοῦ,
3357 3911 3774 3978 προστακτικῶς
3803 3916 4064 3985 εἰρῆσθαι

2469 3998 2708 4068 νομίζειν
2737 3998 2888 4069 παρά
2924 3998 3018 4052 τοῦ
3065 4000 3320 4070 Σωτῆρος
3364 4000 3522 4071 ἡμῶν
3559 4003 3696 4072 πρὸς
3726 4005 3856 4069 τοὺς
3890 4009 4064 4079 Φαρι-

2472 4093 2656 4155 σαίους
2698 4090 2981 4145 ἀναπείθει
3035 4091 3096 4144 τὸ
3140 4092 3362 4162 χρῆναι,
3393 4092 3493 4155 τάς
3535 4093 3688 4159 θείας
3716 4096 4065 4165 ἐρευνῶντας

2470 4182 2713 4251 Γραφὰς,
2748 4181 2845 4245 τὰς
2870 4182 2997 4253 περ)⁵
3016 4182 3185 4236 αὑτοῦ
3215 4183 3524 4255 μαρτυρίας
3546 4185 3682 4256 πρὸς
3703 4186 3852 4257 ζωὴν
3882 4192 4066 4261 ὲρανί-

2471 4273 2675 4337 ζεσθαι.
2695 4273 2912 4345 Ἐπειδὴ
2938 4273 2995 4325 δὲ
3024 4273 3320 4344 σύνδεσμον
3344 4277 3401 4328 ὲν
3421 4274 3500 4345 τῷ
3529 4277 3729 4346 μεταξὺ
3752 4277 3891 4343 θεὶς,
3920 4283 4066 4352 φημὶ

2470 4365 2526 4417 δὲ
2559 4365 2640 4427 τὸ,
2675 4366 2808 4428 Καὶ,
2839 4365 3101 4419 συνάπτει
3125 4366 3206 4429 τὸ,
3233 4368 3339 4418 (οὐ
3362 4367 3543 4420 θέλετε
3564 4368 3737 4423 ἐλθεῖν
3764 4372 3907 4441 πρός
3938 4391 4060 4443 με’»

2470 4456 2627 4527 δῆλος
2660 4457 2726 4509 ἂν
2754 4456 2837 4526 εἴη
2872 4456 3057 4509 λοιπὸν
3097 4457 3283 4529 ἔτερόν
3320 4476 3374 4511 τι
3431 4460 3731 4530 σημαίνων,
3796 4466 4065 4532 συγγενὲς

2474 4549 2572 4617 μὲν
2600 4551 2712 4612 τοῖς
2744 4548 3075 4619 εἰρημένοις,
3108 4549 3229 4620 ἔχον
3262 4550 3319 4602 δέ
3345 4568 3397 4604 τι
3426 4550 3600 4623 βραχὺ
3631 4552 3694 4604 τὸ
3718 4553 4065 4628 ἐξηλλαγμέ-

2470 4656 2580 4692 νον.
2610 4641 2673 4692 Ei
2702 4639 2810 4707 γάρ
2839 4639 2945 4691 ἔδει
2990 4640 3230 4693 νοεῖσθαι
3285 4645 3724 4712 προστακτικῶς,
3788 4647 3911 4712 πῶς
3963 4652 4065 4705 οὐχ

2472 4727 2610 4784 εἶναι
2649 4732 2897 4801 φήσομεν
2926 4732 3240 4795 ἀναγκαῖον,
3280 4734 3422 4786 κατὰ
3449 4734 3567 4786 τόδε
3596 4736 3656 4787 τὸ
3678 4737 3868 4807 σχῆμα
3903 4744 4066 4806 τυχὸν

788 4840 915 4911 quia
951 4852 1048 4891 vos
1075 4835 1280 4906 putatis
1310 4835 1362 4887 in
1397 4833 1533 4901 ipsis
1567 4831 1731 4884 vitam
1757 4837 2020 4882 :eternam
2060 4825 2283 4887 habere,
2314 4830 2362 4878 et

2471 4824 2533 4876 τὸ
2562 4822 2779 4892 σύμπαν
2813 4824 3021 4877 εἰπεῖν⁹
3075 4841 3092 4874 ι
3136 4824 3421 4893 Ἐρευνᾶτε
3468 4826 3567 4888 τὰς
3609 4802 3857 4897 Γράίράς,
3892 4802 4066 4886 δτίίυ

788 4932 892 4985 illa:
927 4936 1056 4983 sunt
1107 4942 1229 4997 quae
1280 4923 1656 4979 testimonium
1717 4919 2012 4990 perhibent
2065 4916 2133 4971 de
2171 4930 2295 4982 me;
2340 4932 2359 4965 ι

790 5032 1081 5093 postquam
1119 5028 1300 5073 autem
1329 5032 1423 5072 eas
1462 5013 1797 5086 perscrutati
1847 5009 2086 5073 fueritis,
2124 5029 2141 5061 ι
2185 5008 2365 5063 venite

790 5112 857 5165 ad
918 5126 1038 5175 me;
1071 5127 1089 5159 ι
1125 5107 1221 5163 sed
1246 5121 1340 5161 eos
1389 5105 1590 5159 invitos
1637 5102 1847 5166 venire,
1907 5099 2161 5169 quamvis
2199 5112 2366 5151 manu

2474 4917 2669 4977 αὑταῖς
2696 4914 2903 4967 δοκεῖτε
2949 4913 3096 4983 ζωὴν
3140 4912 3357 4967 αἰώνιον
3389 4913 3553 4985 ἔχειν,
3596 4920 3692 4969 καὶ
3718 4911 3887 4973 αὗταί
3922 4925 4065 4976 εἰσιν

2473 5009 2527 5059 αξ
2580 5005 2953 5078 μαρτυροῦσαι
3038 5006 3167 5077 περὶ
3222 5006 3381 5076 ὲμοῦ’
3450 5026 3468 5058 ι
3530 5009 3929 5081 ἐρευνήσαντες
3978 5016 4062 5077 δὲ.

2480 5119 2498 5150 ι
2535 5098 2716 5151 ἔλθετε
2778 5098 2915 5168 πρός
2973 5114 3081 5168 με;
3125 5115 3143 5149 ι
3172 5096 3286 5151 ἀλλ’
3315 5097 3391 5160 ὡς
3426 5099 3500 5170 μὴ
3540 5099 3822 5167 ἐθέλοντας
3854 5105 4061 5173 ὲλθεῖν,

789 5202 1079 5267 deductos,
1126 5201 1347 5253 incusat
1381 5196 1610 5251 dicens:
1652 5214 1671 5245 ι
1711 5192 1776 5247 Et
1813 5207 1922 5247 non
1972 5191 2143 5245 vultis
2183 5190 2362 5244 venire

2474 5190 2651 5241 καίτοι
2689 5187 2779 5240 διά
2806 5189 2903 5257 τῆς
2930 5186 3153 5258 ἐρεύνης
3176 5188 3269 5241 ἐπὶ
3300 5186 3458 5240 τοῦτο
3485 5196 4061 5265 χειραγωγουμένους,

790 5295 857 5348 ad
894 5309 999 5348 me.
1038 5311 1056 5343 ι
1094 5291 1363 5361 Legemus
1399 5289 1583 5357 itaque
1614 5286 1807 5340 utilius
1846 5289 1901 5338 et
1937 5280 2362 5338 convenientius

2475 5281 2841 5341 καταιτιᾶται,
2870 5278 3043 5346 λέγων
3063 5295 3075 5308 -
3101 5296 3119 5328 ι
3146 5278 3253 5329 Καὶ
3278 5278 3339 5330 οὑ
3353 5276 3533 5331 θέλετε
3550 5279 3723 5332 ἐλθεῖν
3746 5284 3885 5352 πρός
3918 5302 4011 5353 με.
4037 5308 4056 5339 ι
4077 5285 4103 5300 ’

793 5387 860 5440 iis
886 5401 1007 5453 qua:
1049 5390 1176 5437 ante
1231 5382 1376 5436 dicta
1424 5388 1578 5444 sunt,
1634 5392 1745 5431 non
1794 5376 1987 5445 utique
2058 5372 2362 5442 imperandi

2488 5370 2937 5439 ’Λναγνωσύμεθα
2971 5369 3169 5435 τοίνυν,
3195 5369 3286 5422 ἐπὶ
3302 5370 3362 5422 τὸ
3385 5371 3797 5443 χρησιμώτερον
3828 5374 4063 5443 βλέπον-

792 5474 975 5539 modo,
1005 5474 1099 5529 sed
1130 5472 1467 5529 assentiendi
1506 5472 1689 5540 potius
1714 5478 1880 5539 atque
1905 5465 2207 5521 indicandi.
2248 5463 2362 5517 Erit

2470 5477 2581 5523 τες,
2610 5460 2704 5513 καὶ
2731 5459 2791 5512 τὸ
2819 5461 2931 5523 τοῖς
2962 5457 3410 5528 προαποδοθεῖσιν
3444 5460 3793 5530 ἀκολουθοῦν,
3824 5465 3885 5517 οὐ
3916 5467 4063 5519 πάνυ

792 5581 956 5634 porro
983 5565 1088 5619 loci
1122 5564 1285 5633 hujus
1313 5562 1583 5617 sententia
1627 5562 1751 5616 talis
1794 5579 1806 5613 :
1844 5575 1969 5614 cum
2010 5558 2218 5613 videret
2271 5570 2362 5609 eos

2470 5570 2579 5615 τως
2604 5549 3036 5623 προστακτικῶς,
3068 5549 3181 5602 ἀλλ’
3232 5549 3307 5614 ὡς
3341 5551 3550 5605 συνέσει
3582 5551 3681 5623 [αι.
3726 5558 4063 5632 συναινέσει]

790 5675 855 5713 οι
889 5657 1053 5713 Musis
1120 5655 1341 5725 scriptis
1394 5655 1631 5724 plurima
1666 5651 1918 5722 imperite
1972 5651 2239 5704 adversus
2274 5662 2362 5702 sc-

2476 5644 2673 5715 μᾶλλον
2701 5645 2794 5696 καὶ
2836 5644 3173 5719 ὑποστιγμῇ.
3220 5644 3411 5696 Ἔσται
3431 5643 3487 5696 δὲ
3520 5645 3680 5699 πάλιν
3710 5647 3806 5701 τοῦ
3831 5666 4061 5723 προκει-

877 5839 921 5869 ¹⁰
948 5838 1144 5895 Jerem.
1180 5854 1304 5907 vni,
1340 5838 1393 5906 9,
1426 5837 1513 5893 ιθ.
1590 5839 1632 5871 ¹¹
1674 5836 1831 5891 Joan.
1868 5853 1921 5901 κ,
1962 5836 2053 5902 57,
2088 5835 2174 5888 '53.
2254 5835 2297 5864 "
2337 5831 2495 5884 Joan.
2530 5846 2638 5892 xw,
2669 5830 2720 5881 9.
