4206 6510
172 443 277 499 ιρι

1183 436 1244 489 LV
1279 430 1568 489 JOANNIS
1608 430 2060 487 EVANGE‘LIUM
2096 432 2223 488 LIB.
2271 432 2357 489 Ill.

3336 439 3440 498 λεὶ-2

170 557 336 627 μένον
361 551 599 616 τοιοῦτος
630 554 658 604 ό
681 551 827 614 νοῦς.
870 550 1091 619 Ἐπειδὴ
1124 547 1233 618 γάρ
1253 547 1518 601 ἐθεάσατο
1537 546 1749 616 τρέχον-

1865 544 2041 613 ipsum
2071 547 2352 616 colligere,
2379 546 2622 616 nihilque
2647 546 2794 601 aliud
2839 562 3102 617 quaerere,
3139 558 3235 607 aut
3273 556 3439 612 etiam

166 666 266 709 τας
305 646 399 701 ἐπὶ
436 646 503 700 τά
533 645 778 708 Μωσέως
811 642 1243 713 συγγράμματα,
1278 640 1373 692 καὶ
1403 637 1757 706 συλλέγοντας

166 738 380 793 ἐκεῖθεν
412 736 753 798 ἀπαιδεύτως
809 734 909 798 τὰς
958 734 1067 787 τῶν
1113 729 1430 798 ἀντιλογιῶν
1478 728 1755 798 ἀφορμὰς,

166 829 469 901 ζητοῦντας
496 827 552 881 δὲ
591 828 777 898 ἕτερον
821 825 996 889 οὐδὲν,
1031 825 1064 896 ἢ
1098 824 1191 877 καὶ
1240 821 1583 892 δεχομένους,
1622 821 1759 889 ὅπερ

167 922 235 974 ἂν
274 922 457 984 αὑτοῖς
491 920 549 973 τὸ
596 923 793 990 χρῆναι
824 918 1097 971 πιστεύειν
1145 917 1433 986 περιποιὶγ
1471 913 1560 965 διὰ
1602 911 1760 965 τοῦτο

166 1014 334 1067 πάλιν
367 1011 681 1080 ἀναγκαίως
714 1012 989 1081 ἄχρηστον
1034 1010 1217 1071 αὐτοῖς
1263 1022 1359 1061 και
1388 1006 1643 1075 ἀνόνητον
1669 1004 1760 1057 τὸν

165 1105 267 1174 τῆς
301 1105 393 1157 ἐπὶ
421 1104 633 1165 τούτοις
698 1102 927 1175 ἐρεύνης
965 1100 1256 1170 ἀποφαίνει
1307 1098 1492 1162 πόνον,
1544 1096 1637 1149 καὶ
1684 1096 1760 1159 ὡς

171 1196 393 1266 μεγάλῳ
416 1212 473 1247 τε
505 1195 601 1249 καὶ
648 1194 1085 1262 ὲπωφελεστάτῳ
1134 1191 1422 1262 πράγματι
1460 1188 1761 1259 μεμελετή-

168 1305 327 1341 κασιν
370 1288 431 1340 οὑ
479 1287 622 1339 κατά
664 1286 821 1353 λόγον
884 1283 1188 1355 κεχρῆσθαι
1221 1283 1312 1335 τὸν
1354 1281 1635 1352 πρέποντα
1683 1280 1763 1333 δι-

174 1380 395 1450 ελέγχει
459 1379 739 1447 σαφῶς.Τί
779 1378 907 1447 γὰρ,
956 1376 1074 1428 είπέ
1112 1392 1222 1445 μοι,
1265 1375 1324 1427 τὸ
1362 1375 1650 1444 χρήσιμον,
1680 1372 1761 1425 ὅτι

165 1474 266 1535 τὰς
293 1474 395 1541 μὲν
423 1473 595 1535 θείας,
634 1472 823 1541 φησὶν,
858 1472 1117 1539 ὲρευνᾶτε
1158 1469 1403 1538 Γραφὰς,
1434 1466 1667 1534 οἰόμενοι
1695 1464 1763 1516 δι’

165 1564 347 1617 αὐτῶν
381 1567 459 1627 εἰς
493 1562 709 1617 αἰώνιον
741 1560 1109 1631 ἀναϐήσεσθαι
1133 1561 1280 1631 ζωήν
1306 1576 1319 1623 ;
1358 1558 1527 1611 Ἐπάν
1552 1557 1607 1609 δὲ
1631 1556 1763 1609 ταύ-

162 1671 265 1716 τας
292 1656 417 1724 ὲμοὶ
451 1653 835 1726 μαρτυρούσας
874 1653 1188 1723 εὑρίσκητε,
1240 1652 1334 1703 καὶ
1382 1650 1531 1719 ζωὴν
1557 1649 1762 1718 ὄνομα·

164 1745 368 1809 ζούσας
390 1747 488 1816 ἐμὲ
522 1747 618 1816 τὴν
663 1747 901 1806 αἰώνιον,
959 1745 1019 1796 οὑ
1068 1743 1248 1796 θέλετε
1296 1742 1470 1795 ἐλθεῖν
1504 1742 1640 1813 πρός
1670 1759 1757 1811 με,

165 1836 255 1889 ἵνα
278 1836 424 1907 ζωὴν
456 1836 635 1906 ἔχητε.
667 1836 878 1891 Οὐκοῦν
907 1835 1029 1888 ὅθεν
1077 1834 1186 1888 ἔδει
1233 1834 1525 1900 σώζεσθαι,
1571 1840 1755 1905 φησιν,

161 1928 374 1980 ἐκεῖθεν
400 1927 469 1980 τά
505 1927 737 1995 μέγιστα
769 1927 866 1990 τὰς
898 1926 1110 1979 ἑαυτῶν
1141 1925 1462 1996 ζημιοῦντες
1491 1916 1751 1978 ου’νοεῖτε

158 2023 362 2092 ψυχὰς,
392 2022 528 2093 πρὸς
572 2023 669 2093 μὲν
702 2022 859 2093 μόνον
910 2022 971 2074 τὸ
992 2021 1292 2089 ἀντιλέγειν
1335 2022 1399 2073 ὲκ
1438 2019 1752 2074 Μωσαῖκῶν

157 2113 501 2183 ἀκονώμενοι
534 2114 729 2181 λόγων,
752 2114 818 2166 τά
846 2112 903 2165 δὲ
928 2114 1010 2180 ἐφ’
1038 2107 1119 2175 οἷς
1148 2108 1215 2183 ἦν
1245 2113 1388 2183 ὑμᾶς
1408 2113 1505 2183 τὴν
1535 2112 1752 2166 αἰώνιον

157 2206 577 2276 ἁποκερδαίνειν
606 2205 772 2275 ζωὴν,
825 2205 936 2257 οὐδ’
965 2205 1087 2258 ὅσον
1139 2206 1217 2267 εἰς
1261 2204 1386 2258 νοῦν
1412 2206 1501 2258 τὸν
1541 2206 1750 2259 ἑαυτῶν

1858 640 2139 707 suseipere
2177 652 2288 707 quo
2312 636 2379 689 ad
2412 637 2747 691 credendum
2778 638 3196 706 inducerentur,
3231 643 3440 701 idcirco

1860 731 2175 785 necessario
2224 730 2337 784 illis
2378 744 2596 783 rursum
2654 730 2897 786 declarat
2963 735 3213 790 inutilem
3276 738 3438 793 istam

1860 824 2138 878 scrutandi
2167 822 2533 891 diligentiam,
2568 822 2970 894 nianil‘esteque
3004 828 3181 896 arguit
3239 843 3338 886 eos
3383 846 3444 887 re

1859 931 2053 986 magna
2108 924 2165 970 et
2217 916 2509 970 utilissima
2559 930 2669 969 non
2710 930 2777 970 eo
2808 931 2917 986 quo
2950 917 3105 973 decet
3140 920 3302 975 modo
3335 923 3439 978 uti.

1861 1006 2000 1074 Quid
2051 1010 2199 1070 enim
2226 1003 2491 1077 'prodest,
2528 1024 2739 1077 quaeso,
2774 1010 2987 1079 inquit,
3030 1012 3175 1079 quod
3225 1013 3441 1070 divinas

1860 1100 2179 1155 scrutamini
2208 1099 2544 1169 Scripturas,
2579 1102 2872 1157 credentes
2918 1118 3018 1173 per
3056 1106 3208 1175 ipsas
3238 1120 3335 1161 vos
3373 1107 3440 1160 ad

1860 1201 2119 1245 aeternam
2148 1194 2310 1245 vitam
2354 1200 2602 1247 evectum
2656 1193 2765 1245 iri?
2815 1192 3029 1264 Quippe
3063 1211 3187 1250 cum
3240 1213 3335 1253 eas
3372 1200 3442 1254 de

1862 1298 1948 1337 me
1988 1282 2272 1337 testiﬁcari
2305 1285 2656 1351 comperiatis
2703 1299 2903 1355 meque
2955 1295 3123 1341 Vitam
3178 1300 3439 1345 aeternam

1862 1372 2168 1433 nominare,
2196 1387 2302 1426 non
2339 1373 2502 1426 vultis
2535 1382 2717 1428 tamen
2750 1374 2817 1428 ad
2848 1390 2936 1430 me
2960 1377 3149 1431 venire
3184 1389 3243 1432 ut
3266 1383 3438 1434 vitam

1863 1464 2127 1518 habeatis.
2157 1461 2348 1531 Igitur,
2377 1464 2521 1518 unde
2548 1478 2645 1519 vos
2668 1465 2868 1518 salvari
2897 1476 3203 1535 oporteret,
3240 1471 3440 1540 inquit,

1863 1555 1989 1609 inde
2025 1557 2314 1608 maximam
2376 1556 2686 1609 animorum
2718 1557 2995 1625 jacturam
3048 1574 3144 1613 vos
3192 1562 3444 1630 accipere

1862 1662 1971 1701 non
2016 1646 2339 1715 intelligitis,
2373 1662 2513 1716 quos
2548 1648 2817 1701 librorum
2861 1648 3229 1704 Mosaicorum
3276 1653 3439 1707 lectio

1864 1741 1927 1794 ad
1969 1740 2379 1795 contradicendi
2421 1740 2659 1793 studium
2712 1741 2887 1794 solum
2931 1744 3099 1803 acuit,
3132 1756 3259 1810 quae
3302 1758 3436 1797 vero

1865 1833 1931 1887 ad
1958 1842 2215 1887 aeternam
2247 1833 2415 1885 vitam
2445 1832 2781 1895 conducunt.
2814 1833 2972 1904 261
3003 1848 3071 1887 ne
3106 1833 3160 1887 in
3197 1835 3439 1889 animum

1860 1926 2079 1994 quidem
2114 1932 2355 1980 vestrum
2392 1924 2707 1978 admittitis.
2733 1922 3001 1979 Caeterum
3038 1926 3208 1979 multa
3238 1929 3293 1980 in
3322 1927 3443 1996 lege

1859 2024 1915 2070 et
1949 2022 2156 2071 sanctis
2203 2014 2479 2083 prophetis
2515 2013 2583 2068 de
2617 2023 2728 2067 Vita
2788 2015 3092 2069 secundum
3148 2025 3427 2080 naturam,

1859 2108 1963 2163 hoc
1993 2115 2077 2162 est
2106 2107 2173 2162 de
2203 2107 2496 2176 Unigenito
2548 2107 2840 2173 contineri,
2897 2122 3081 2172 nemo,
3132 2116 3193 2162 ut
3222 2112 3442 2181 opinor,

1858 2198 2109 2258 discendi
2140 2196 2426 2252 studiosus
2462 2197 2697 2266 ignorat.

156 2298 559 2362 είσοικίζοντες.
589 2299 710 2350 ’Ὁτι
758 2296 813 2349 δὲ
845 2298 1007 2359 πολὺς
1038 2296 1094 2349 ἓν
1126 2314 1185 2349 τε
1210 2298 1289 2368 τῷ
1322 2298 1467 2367 νόμῳ
1520 2300 1613 2353 καὶ
1661 2302 1773 2361 τοῖς
1813 2295 1989 2365 ἁγίοις
2009 2291 2316 2362 προφήταις
2345 2292 2372 2342 ὁ
2401 2290 2557 2357 λόγος
2590 2290 2842 2360 περὶτῆς
2868 2288 3009 2343 κατὰ
3046 2289 3207 2359 φύσιν
3274 2290 3440 2365 ζωῆς,

156 2392 406 2444 τουτέστι
426 2391 519 2444 τοῦ
552 2391 908 2459 Μονογενοῦς,
945 2395 1104 2445 πᾶσιν
1129 2387 1282 2462 οἶμαι
1308 2396 1420 2456 τοῖς
1465 2394 1815 2462 φιλομαθέσιν
1856 2389 2121 2458 ὑπάρχειν
2149 2386 2478 2453 καταφανές.

233 2488 431 2551 Δόξαν
496 2488 658 2555 παρὰ
720 2486 1034 2555 ἀνθρώπου
1096 2494 1168 2539 οὺ
1230 2487 1546 2557 λαμϐάνω,
1606 2490 1746 2544 ἀλλ’

163 2578 402 2645 ἔγνωκα
442 2576 598 2645 ὑμᾶς
625 2619 639 2642 ,
694 2576 783 2630 ὅτι
832 2577 947 2646 τὴν
997 2575 1240 2645 ἀγάπην
1286 2577 1390 2632 τοῦ
1435 2578 1581 2632 Θεοῦ
1635 2582 1747 2634 οὐκ

162 2672 338 2739 ἔχετε
377 2669 447 2721 ἐν
489 2668 742 2734 ἑαυτοῖς.

241 2760 563 2812 Αίσθάνεται
612 2760 770 2813 πάλιν
791 2799 806 2822 ,
846 2759 1047 2827 μᾶλλον
1084 2760 1140 2813 δὲ
1179 2761 1283 2832 ὁρᾶ
1313 2759 1663 2831 θεοπρεπῶς,
1690 2760 1750 2814 τὸ

163 2849 460 2911 δυσπειθὲς
499 2850 593 2902 καὶ
629 2848 875 2917 δυσήνιον
925 2850 1033 2901 τῶν
1060 2851 1370 2918 Φαρισαίων
1412 2852 1750 2931 καταδακνό-

170 2956 339 3009 μενον
388 2942 602 3007 στῖφος.
655 2941 748 2992 καὶ
784 2942 844 2991 οὐ
879 2942 1098 3004 πάντως
1146 2942 1230 3009 ἐφ’
1278 2935 1359 3003 οἷς
1415 2943 1603 3011 ᾐτιᾶτο
1652 2941 1753 3005 τάς

168 3029 326 3093 θείας
375 3030 451 3092 ὠς
496 3030 557 3083 οὑ
594 3029 822 3093 δεόντως
868 3030 1201 3101 ἐρευνῶντας
1230 3031 1481 3101 Γραφάς,
1515 3033 1629 3085 ἀλλ’
1660 3033 1752 3085 ἐπὶ

162 3121 247 3190 τῷ
279 3121 481 3192 μᾶλλον
520 3122 716 3173 είπεῖν·
757 3140 775 3174 ι
811 3122 885 3174 Οὑ
923 3121 1103 3174 Θέλετε
1128 3122 1300 3174 ἐλθεῖν
1328 3123 1463 3193 πρός
1498 3141 1584 3193 με.
1629 3144 1647 3177 ι
1684 3127 1751 3177 "A

1928 2483 1994 2549 V,
2026 2482 2223 2548 ΝΛΞ.
2274 2481 2587 2536 Claritatem
2628 2481 2691 2533 ab
2732 2480 3029 2534 hominibus
3066 2498 3171 2534 non
3213 2482 3441 2549 accipio,

1854 2575 1941 2630 sed
1973 2575 2189 2643 cognovi
2229 2589 2338 2632 vos.
2373 2572 2500 2641 quia
2525 2570 2861 2625 dilectionem
2893 2570 2996 2625 Dei
3024 2589 3130 2625 non
3158 2572 3362 2627 habetis
3388 2576 3443 2627 in

1856 2668 2020 2721 vobis.
2428 2725 2432 2728 ,

1928 2757 2108 2813 Sentit
2146 2772 2362 2820 rursus,
2399 2755 2508 2808 imo
2539 2769 2666 2809 vero
2697 2754 2843 2808 videt
2883 2755 3048 2809 modo
3083 2754 3192 2809 Deo
3240 2771 3442 2812 conve-

1853 2851 2022 2904 nienti
2067 2860 2446 2903 contumacem
2508 2855 2561 2900 et
2616 2846 2966 2915 praefractam
3032 2845 3439 2901 Pharisaeorum

1854 2944 2069 2996 turbam
2098 2939 2452 3002 commoveri,
2482 2953 2591 2991 non
2619 2939 2765 3006 quod
2798 2954 2895 2993 eos
2925 2938 3143 2992 divinas
3185 2936 3443 3009 Scriptu-

1852 3050 1942 3089 ras
1970 3035 2151 3087 minus
2179 3043 2322 3086 recte
2348 3032 2587 3086 scrutari
2616 3031 2916 3099 objecerat,
2941 3031 3035 3086 sed
3065 3048 3127 3087 ε’·
3158 3046 3223 3087 eo
3254 3035 3441 3102 potius

1852 3125 1997 3196 quod
2033 3127 2271 3186 dixerat,
2311 3142 2330 3174 ι
2369 3122 2484 3176 Νοη
2520 3123 2686 3177 vultis
2744 3124 2931 3177 venire
2965 3125 3030 3177 ad
3092 3140 3199 3179 me.
3238 3142 3257 3175 ι
3316 3123 3438 3191 Qua

164 3212 279 3281 γὰρ
308 3212 463 3264 αὑτοὶ
505 3210 754 3263 νοσοῦσιν
787 3210 1061 3274 εὑκόλως,
1098 3210 1272 3266 ταῦτα
1316 3212 1575 3266 δύνασθαι
1612 3230 1747 3283 κρει-⁸

1854 3221 1998 3272 enim
2028 3217 2130 3285 ipsi
2156 3215 2487 3285 aegritudine
2529 3214 2872 3280 laborabant,
2920 3214 3167 3270 eamdem
3218 3231 3439 3285 quoque

163 3305 282 3354 τείν
320 3303 415 3353 καὶ
450 3301 543 3353 ἐπὶ
584 3300 680 3353 τοῦ
718 3300 967 3370 Σωτῆρος
1001 3300 1347 3354 πιστεύουσιν
1371 3318 1385 3331 ·
1429 3301 1595 3372 ᾤοντο
1639 3302 1748 3373 γὰρ

161 3392 230 3460 δὴ
259 3433 274 3456 ,
305 3391 450 3444 κατά
476 3392 537 3445 τὸ
579 3391 724 3454 εἰκὸς
745 3432 759 3452 ,
815 3394 879 3444 ὲκ
912 3392 1114 3459 πολλῆς
1159 3394 1253 3444 καὶ
1294 3392 1453 3446 τοῦτο
1486 3393 1750 3457 παθόντες

164 3483 383 3546 ἀνοίας,
422 3484 705 3553 φιλαρχείν
730 3483 828 3555 ήδη
874 3485 995 3536 κατ’
1040 3483 1219 3537 αὑτῶν
1254 3484 1344 3537 τὸν
1388 3484 1621 3555 Κύριον,
1653 3487 1748 3539 καὶ

162 3576 265 3638 τὰς
316 3577 465 3647 παρὰ
518 3576 736 3629 πάντων
797 3575 965 3645 τιμὰς
1023 3575 1198 3645 ἑαυτῷ
1260 3577 1747 3647 πραγματεύεσθαι

163 3668 367 3732 θέλειν,
397 3669 484 3720 διὰ
522 3668 613 3721 τοῦ
637 3668 823 3721 καλεῖν
854 3670 935 3730 είς
967 3667 1266 3737 μαθητείαν
1305 3670 1520 3732 αὐτούς.
1548 3670 1747 3722 Τοιαύ-

163 3776 270 3827 την
295 3761 418 3812 τινα
437 3760 535 3829 τὴν
556 3761 809 3813 ὑπόνοιαν
839 3758 1094 3822 λαϐόντες
1119 3761 1199 3823 είς
1224 3760 1369 3824 νοῦν,
1395 3761 1745 3814 ἐκπεσεῖσθαι

166 3853 271 3921 μὲν
290 3853 415 3904 ὅσον
435 3852 644 3905 οὐδέπω
662 3854 759 3922 τῆς
793 3853 937 3905 κατὰ
967 3851 1060 3904 τοῦ
1088 3851 1274 3915 ἔθνους
1298 3853 1547 3917 ἐξουσίας
1575 3870 1746 3924 προσ-

160 3944 368 3996 εδόκων
402 3943 587 3995 αὑτοί·
622 3942 926 4013 διεπρίοντο
968 3943 1025 3995 δὲ
1071 3943 1133 3996 οὑ
1172 3944 1383 4014 μικρῶς
1421 3944 1512 3997 τὸν
1546 3945 1744 4015 κληρο-

160 4034 330 4103 νόμον
357 4033 590 4103 όρῶντες
613 4035 864 4087 ἀπαιτεῖν
897 4034 1149 4087 ἐθέλοντα
1187 4034 1278 4087 τὸν
1306 4035 1399 4087 τοῦ
1426 4036 1746 4105 ἀμπελῶνος

160 4126 400 4198 καρπόν.
432 4126 521 4177 Διὸ
544 4126 607 4196 δὴ
634 4126 816 4187 πάλιν,
845 4126 967 4178 ὅσον
991 4122 1125 4198 ἧκεν
1155 4127 1234 4188 είς
1261 4127 1431 4197 ὀργὴν
1491 4128 1584 4181 καὶ
1618 4128 1744 4191 τοὺς

158 4220 255 4271 ἐπὶ
283 4221 397 4280 τοῖς
429 4218 740 4287 εἰρημένοις
787 4217 1014 4287 φθόνους
1040 4257 1054 4280 ,
1111 4219 1390 4287 μονονουχὶ
1432 4218 1649 4286 λέγουσι
1682 4220 1743 4272 τὸ

156 4312 218 4361 ὲν
249 4311 371 4370 ταῖς
406 4307 787 4375 εὑαγγελικαῖς
821 4308 1160 4379 παραδολαῖς
1183 4322 1195 4335 °
1230 4308 1447 4370 «Δεῦτε,
1488 4310 1744 4362 ἀποκτείσ

156 4416 346 4469 νωμεν
374 4398 557 4464 αὑτὸν,
587 4399 679 4451 καὶ
708 4398 925 4470 σχῶμεν
952 4398 1050 4470 τὴν
1086 4399 1450 4469 κληρονομίαν
1491 4400 1675 4456 αὑτοῦ.
1719 4420 1736 4454 ι

169 4490 446 4561 ’Λναιρῶν
492 4491 780 4563 τοιγαροῦν
825 4491 922 4559 τὴν
968 4491 1027 4555 ἒξ
1074 4492 1413 4561 εἰκαιότητος
1458 4494 1515 4545 ὲν
1560 4494 1744 4556 αὑτοῖς

1850 3307 2074 3375 reperiri
2108 3307 2159 3358 in
2193 3306 2476 3359 Salvatore
2510 3305 2796 3373 putabant.
2832 3306 3238 3360 Existimabam
3258 3308 3434 3369 enim,

1848 3408 1906 3451 ut
1940 3397 2173 3461 videtur,
2205 3396 2367 3466 idque
2402 3410 2513 3467 pra:
2543 3397 2812 3465 singulari
2848 3397 3087 3451 insania.
3138 3396 3433 3452 Dominum

1846 3503 2036 3542 eorum
2067 3489 2276 3541 ambire
2312 3490 2424 3556 jam
2455 3488 2849 3557 principatum,
2889 3498 2943 3542 et
2975 3488 3215 3544 honores
3248 3489 3350 3543 sibi
3402 3504 3433 3542 a

1846 3580 2061 3633 cunctis
2090 3581 2350 3648 aucupari
2388 3594 2453 3631 ex
2491 3594 2557 3632 eo
2594 3578 2742 3647 quod
2800 3579 2955 3649 ipsos
2983 3579 3051 3633 ad
3105 3578 3430 3636 discendum

1847 3670 2122 3724 invitaret.
2149 3669 2283 3723 Cum
2313 3683 2431 3722 eam
2470 3669 2841 3737 suSpicionem
2910 3670 3095 3724 animo
3128 3673 3428 3742 concepis-

1848 3770 1990 3827 sent,
2018 3762 2245 3831 jamjam
2282 3761 2639 3816 deturbatum
2675 3764 2739 3815 iri
2785 3778 2845 3816 se
2877 3763 2943 3817 de
2973 3778 3085 3817 sua:
3113 3764 3293 3833 gentis
3327 3765 3432 3819 im-

1848 3853 1998 3922 perio
2032 3851 2370 3906 credebant:
2407 3867 2517 3905 non
2548 3851 2900 3907 mediocriter
2926 3863 3111 3907 autem
3144 3854 3430 3924 dirumpe-

1848 3944 2067 4007 bantur,
2098 3958 2225 3997 cum
2251 3943 2501 3999 viderent
2530 3943 2799 3999 haercdem
2830 3943 3065 3998 fructum
3091 3944 3265 3999 vinea:
3286 3946 3428 3999 velle

1848 4044 2115 4105 repetere.
2169 4034 2514 4105 Quapropter
2562 4036 2608 4089 si
2670 4051 2859 4090 eorum
2900 4035 3033 4089 iram
3093 4043 3148 4091 et
3197 4036 3425 4091 livorem

1845 4134 2179 4196 spectemus,
2242 4126 2373 4179 illud
2429 4127 2826 4197 propemodum
2879 4127 3122 4180 clamant
3171 4127 3317 4196 quod
3370 4129 3428 4181 iu

1843 4219 2171 4287 evangelicis
2203 4218 2480 4286 parabolis
2511 4218 2775 4287 scriptum
2810 4226 2927 4272 est:
2977 4237 2995 4269 ‹
3037 4218 3254 4282 Venite,
3284 4219 3431 4273 occi-

1844 4310 2039 4365 danins
2066 4324 2215 4375 eum,
2244 4317 2298 4364 et
2330 4310 2654 4364 habebimus
2711 4309 3087 4364 haereditatem
3145 4310 3267 4380 ejus
3292 4312 3358 4365 ".
3399 4329 3423 4362 ι

1846 4399 2070 4455 Tollens
2107 4401 2292 4472 itaque
2319 4402 2694 4471 suspicionem
2728 4418 2917 4457 eorum
2975 4403 3146 4457 levem
3177 4417 3241 4457 ac
3291 4412 3425 4458 teni-

1850 4496 2143 4562 porariam,
2179 4501 2233 4548 et
2273 4494 2520 4561 germina
2562 4494 2751 4548 livoris
2787 4509 2851 4548 ac
2883 4495 3241 4565 malignitatis
3274 4497 3433 4565 prius

155 4584 628 4654 κατεσπαρμένην
686 4583 977 4646 ὑπόνοιαν,
1047 4584 1241 4637 καὶτὰ
1290 4586 1356 4637 ἐκ
1400 4586 1595 4654 φθόνου
1644 4588 1739 4639 καὶ

1855 4585 2166 4650 eradicans,
2208 4587 2388 4655 palam
2449 4595 2504 4640 et
2534 4595 2724 4656 aperte
2757 4586 2832 4639 ait
2862 4605 2875 4641 :
2926 4605 2944 4637 ι
3004 4554 3324 4641 έΙειι-ἰιοῑείη
3355 4588 3425 4641 ab

156 4676 462 4745 βασκανίας
506 4675 930 4748 προαποῤῥιζῶν
967 4675 1342 4747 βλαστήματα,
1387 4681 1564 4749 γυμνῇ
1597 4678 1742 4747 λέγει

151 4770 222 4834 τῇ
253 4769 405 4835 φωνῇ
430 4780 441 4792 '
473 4785 490 4817 ι
537 4766 704 4830 Δόξαν
750 4768 901 4837 παρά
956 4766 1250 4838 ἀνθρώπου
1293 4770 1353 4821 ού
1392 4770 1675 4839 λαμϐάνω.
1717 4788 1735 4821 ι

152 4860 235 4910 Ub
275 4859 387 4927 γὰρ
428 4858 599 4920 καλῶ,
631 4859 796 4929 φησὶν
823 4900 837 4923 ,
870 4861 951 4923 εἰς
992 4860 1294 4931 μαθητείαν
1320 4861 1419 4932 τὴν
1459 4862 1588 4929 παρ’
1618 4862 1740 4928 ἐμοὶ

153 4949 270 5020 [αι.
310 4948 488 5019 ἐμοῦ]
537 4951 664 5013 τοὺς
701 4951 1117 5021 ἀκροωμένους,
1175 4951 1207 5022 ἢ
1256 4952 1356 5016 τὰς
1396 4956 1527 5025 παρ’
1564 4954 1737 5024 ὑμῶν,

148 5044 182 5111 ἢ
221 5040 325 5102 τὰς
359 5042 487 5110 παρ’
522 5041 723 5113 ἐτέρων
754 5042 941 5111 τιμάς,
974 5042 1223 5113 καθάπερ
1265 5044 1442 5113 ὑμεῖς,
1488 5044 1739 5115 θηρώμε-

148 5146 271 5193 νος,
298 5130 418 5182 οὐδὲ
448 5129 637 5184 τοῦτον
669 5135 767 5201 τῆς
799 5132 1147 5197 διδασκαλίας
1180 5134 1644 5204 ἀντικομισαίμην
1673 5135 1739 5188 ἂν

148 5222 252 5274 τὸν
278 5220 492 5290 μισθὸν,
521 5221 904 5294 πληρεστάτην
931 5222 1069 5293 ἔχων
1093 5223 1192 5293 τὴν
1212 5224 1371 5291 δόξαν
1400 5225 1457 5290 ἐξ
1476 5225 1736 5293 ἐμαυτοῦ,

148 5312 255 5367 καὶ
288 5312 684 5384 ὑστεριζούσης
736 5314 835 5383 τῆς
884 5316 1013 5386 παρ’
1064 5314 1239 5385 ὑμῶν’
1287 5315 1403 5368 ἀλλ’
1436 5315 1634 5386 εἴρηκα
1668 5316 1742 5387 μὴ

148 5405 338 5458 θέλειν
364 5405 509 5474 ὑμᾶς
544 5405 797 5475 ἔρχεσθαι
830 5406 967 5477 πρός
1000 5424 1067 5476 με
1090 5406 1179 5460 διὰ
1205 5407 1264 5460 τὸ
1294 5406 1496 5475 γνῶναι
1530 5406 1737 5475 σαφῶς,

146 5498 232 5551 δτι
262 5496 366 5565 τὴν
389 5497 608 5565 ἀγάπην
630 5496 725 5551 τοῦ
751 5497 886 5551 Θεοῦ
914 5500 1013 5552 οὑκ
1044 5498 1193 5569 ἔχετε
1222 5501 1280 5552 ἐν
1305 5501 1538 5563 ἑαυτοῖς.
1573 5500 1742 5571 Ἔρη-

1845 4675 2162 4731 hominibus
2200 4691 2309 4730 non
2344 4676 2579 4746 accipio.
2615 4694 2632 4726 i
2668 4675 2785 4729 Non
2807 4677 2951 4731 enim
2989 4676 3043 4729 in
3079 4676 3423 4746 disciplinam

1842 4781 2042 4831 meam,
2080 4766 2279 4837 inquit,
2312 4767 2599 4822 auditores
2640 4780 2902 4836 provoco,
2956 4766 3198 4821 honores
3238 4774 3333 4820 aut
3392 4781 3424 4821 τι

1840 4858 1999 4914 vobis
2023 4871 2115 4913 aut
2151 4860 2219 4912 ab
2242 4859 2390 4924 aliis,
2432 4858 2594 4914 sicuti
2627 4873 2745 4921 vos,
2787 4857 3075 4920 ail‘ectans,
3114 4871 3297 4927 neque
3328 4857 3426 4911 do-

1842 4949 2033 5004 ctrina:
2065 4950 2367 5005 mercedem
2414 4950 2575 5003 istam
2620 4947 3014 5018 reportaverim
3056 4947 3151 5016 qui
3183 4946 3425 5001 absolu-

1842 5042 2112 5095 tissimain
2153 5056 2184 5094 a
2244 5041 2453 5109 meipso
2500 5040 2806 5093 claritatem
2856 5037 3059 5103 habeo,
3095 5052 3203 5106 qua
3265 5036 3428 5104 longe

1843 5134 2072 5189 inferior
2102 5142 2185 5188 est
2208 5134 2299 5186 illa
2326 5140 2509 5187 vestra
2538 5150 2550 5185 :
2587 5130 2682 5186 sed
2724 5129 2840 5183 dixi
2875 5143 2975 5183 vos
3022 5128 3090 5181 ad
3124 5142 3210 5182 me
3237 5126 3427 5182 venire

1844 5227 2005 5288 nolle,
2032 5232 2318 5295 propterea
2355 5223 2501 5294 quod
2541 5230 2730 5293 aperte
2772 5222 2899 5276 novi
2946 5220 3297 5275 dilectionem
3327 5216 3423 5271 Dei

1844 5333 1943 5372 vos
1976 5319 2031 5371 in
2065 5317 2225 5372 vobis
2258 5332 2367 5370 non
2400 5316 2621 5371 habere.
2663 5315 2931 5382 Expertes
2957 5313 3103 5367 enim
3145 5326 3269 5366 cum
3300 5308 3423 5364 sitis

1847 5408 2157 5465 dilectionis
2198 5408 2316 5474 Dei,
2359 5407 2553 5478 inquit,
2588 5406 2866 5477 quomodo
2922 5403 3179 5477 poteritis
3204 5400 3274 5457 ad
3338 5415 3425 5456 me

1851 5501 2043 5557 Filium
2075 5500 2171 5556 Dei
2213 5502 2550 5572 unigenitum
2587 5498 2894 5555 accedere?

152 5612 244 5665 μοι
272 5592 385 5662 γὰρ
425 5592 575 5657 ὄντες
602 5594 701 5664 τῆς
741 5596 821 5658 είς
862 5595 994 5649 Θεὸν
1024 5597 1279 5668 ἀγάπης,
1314 5597 1490 5668 φησὶ,
1558 5597 1675 5661 πῶς
1749 5598 1817 5651 ἂν
1857 5597 2142 5669 ἀφίκοισθε
2184 5598 2317 5669 πρός
2377 5615 2477 5669 με,
2511 5595 2605 5653 τὸν
2658 5598 2721 5650 ἐκ
2774 5593 2908 5648 Θεοῦ
2959 5592 3236 5666 πεφηνότα
3286 5587 3423 5644 θεὸν

151 5685 422 5758 μονογενῆ
453 5702 466 5747 ;

242 5859 294 5889 ”
312 5863 500 5917 )latlh.
543 5880 654 5931 xxi,
688 5866 775 5921 33.
