4218 6500
757 397 856 448 4Ξί
1728 394 1783 447 S.
1824 391 2097 447 CY‘RILU
2151 389 2617 446 ALEXANDRINI
2664 390 2985 447 ARCIIIEP.

833 518 892 585 \',
928 517 1027 573 45.
1087 515 1194 587 Ego
1246 514 1358 569 veni
1412 516 1463 567 in
1506 516 1713 567 nomine
1773 513 1953 568 Patris
1995 517 2117 575 mei,
2159 525 2206 567 et
2243 530 2341 565 non
2375 520 2423 578 Λ

764 608 1005 672 accipitis
1032 622 1148 659 me'
1196 608 1239 658 si
1265 606 1407 657 alius
1467 606 1658 657 venerit
1694 607 1753 677 in
1785 607 1995 659 nomine
2030 622 2148 671 suo,
2188 606 2341 658 illum

765 702 1061 769 accipietis.

838 794 917 847 Ne
940 789 1203 846 Phartszci
1232 796 1492 859 putarent
1518 788 1708 843 inferri
1732 788 1838 842 sibi
1866 803 1896 842 a
1920 789 2083 859 262
2112 788 2342 842 Domino

774 881 1027 937 convicia
1065 895 1191 933 cum
1217 880 1336 933 ait:
1390 900 1407 931 ι
1444 879 1562 933 Νοη
1592 880 1804 934 habetis
1842 880 2193 933 dilectionem
2248 877 2341 931 Dei

767 978 820 1028 in
858 974 1050 1038 vobis,
1097 992 1115 1024 ι
1168 974 1218 1026 id
1251 974 1395 1043 quod
1442 973 1652 1026 dictum
1682 980 1765 1026 est
1814 986 2005 1024 verum
2070 985 2194 1038 esse
2249 968 2342 1023 de-

765 1073 1107 1129 monstrans,
1144 1066 1331 1118 statim
1365 1064 1429 1116 ad
1468 1064 1754 1133 superiora
1804 1064 1950 1116 istud
2002 1075 2224 1131 quoque
2257 1076 2343 1114 re-

767 1160 891 1213 fert.
939 1158 1095 1224 Quod
1130 1159 1297 1218 enim,
1364 1157 1564 1225 inquit,
1604 1170 1711 1208 non
1764 1156 2025 1220 mentiar,
2086 1155 2214 1208 dum
2246 1168 2342 1206 vos

764 1251 859 1305 Dei
892 1250 1185 1305 dilectione
1229 1262 1421 1301 carere
1455 1246 1603 1308 dico,
1663 1246 1827 1300 unica
1867 1261 1922 1301 re
1966 1246 2123 1300 vobis
2162 1245 2344 1299 decla-

766 1344 922 1396 rabo.
957 1342 1067 1411 Ego
1092 1342 1363 1410 siquidem
1389 1339 1555 1393 «chi
1577 1341 1629 1391 in
1659 1340 1881 1391 nomine
1899 1338 2077 1392 Patris
2099 1338 2204 1392 mei
2223 1339 2286 1390 ⁹δ;
2318 1357 2334 1387 ι

764 1440 963 1487 cuncta
1002 1434 1145 1485 enim
1188 1430 1253 1485 ad
1320 1432 1548 1500 gloriam
1608 1428 1698 1481 Dei
1764 1429 1942 1482 Patris
2002 1426 2185 1482 facere
2242 1443 2340 1481 vos

766 1524 994 1575 hortor:
1026 1537 1123 1574 vos
1155 1530 1337 1574 autem
1371 1517 1757 1573 incredulitate
1791 1525 1973 1571 vestra
2000 1518 2219 1571 caelitus
2250 1532 2342 1570 ve-

767 1615 1030 1676 nientem,
1058 1623 1109 1666 et
1140 1628 1204 1666 ex
1252 1612 1363 1664 Deo
1405 1609 1792 1679 procedentem
1835 1610 2144 1678 repellitis:
2193 1609 2341 1662 acci-

767 1707 930 1774 pietis
956 1720 1103 1769 vero,
1140 1712 1198 1756 ut
1239 1703 1380 1755 Deus
1410 1702 1553 1755 enim
1605 1702 1785 1755 futura
1839 1701 1987 1763 novi,
2036 1700 2343 1755 falsinomi-

767 1814 888 1851 ncm
918 1797 1091 1861 illum,
1128 1796 1218 1866 qui
1265 1794 1373 1849 Deo
1405 1810 1467 1848 ac
1495 1793 1642 1847 Patri
1692 1793 1919 1864 gloriam
1958 1807 2063 1845 non
2122 1792 2339 1855 referet,

3940 404 4041 461 ωδ

2536 512 2680 581 Ἐγὼ
2706 514 2977 578 ἐλήλυθα
3010 515 3078 565 ἐι·
3107 513 3184 578 τῷ
3212 515 3455 583 ὀνόματι
3493 518 3597 571 τοῦ
3639 522 3867 587 Πατρός
3894 541 4038 590 μου,

2448 605 2543 657 καὶ
2575 607 2646 657 οὐ
2682 606 3015 673 λαμϐάνετέ
3034 622 3127 673 με·
3153 606 3263 659 ἐὰν
3298 609 3486 674 ἄλλος
3517 610 3663 677 ἔλθῃ
3701 612 3768 664 ἑν
3791 612 3872 677 τῷ
3901 614 4040 669 ὀνό-

2442 712 2581 763 ματι
2609 694 2687 758 τῷ
2719 696 2863 758 ἰδίῳ,
2900 696 3135 749 ἐκεῖνον
3168 698 3465 768 λήψεσθε.

2520 786 2636 838 ’Ὶνα
2677 785 2750 856 μὴ
2773 787 2976 839 δοκοῖεν
3014 789 3061 840 οἱ
3092 789 3378 859 Φαρισαῖοι
3414 790 3867 861 διαλοιδορείσθαι
3913 794 4044 864 μάλ-

2445 879 2535 930 λον
2566 880 2749 941 αὐτοῖς
2784 879 2875 931 τὸν
2918 879 3145 949 Κύριον,
3192 881 3279 934 διὰ
3310 880 3405 934 τοῦ
3435 882 3614 950 λέγειν
3641 900 3653 913 ·
3688 903 3705 935 ι
3740 885 3856 937 Οὐκ
3888 884 4043 955 ἔχετε

2443 968 2541 1037 τὴν
2566 969 2789 1038 ἀγάπην
2824 971 2881 1021 ἐν
2904 970 3119 1033 ἑαυτοῖς
3150 971 3244 1024 τοῦ
3264 971 3426 1025 Θεοῦ·
3480 992 3499 1025 ι
3538 976 3774 1044 πρᾶγμα
3825 977 4044 1039 δεικνὺς

2445 1059 2642 1129 ἀληθὲς
2670 1061 2732 1112 τὺ
2768 1061 3056 1131 εἰρημένον
3083 1102 3098 1129 ,
3136 1063 3487 1133 περιτίθησιν
3534 1065 3693 1128 εὐθὺς
3732 1069 3848 1127 τοῖς
3898 1067 4044 1119 ἀνω-

2444 1152 2586 1220 τέρω
2630 1152 2722 1203 καὶ
2752 1169 2929 1204 τουτο.
2970 1153 3089 1205 Ὀτι
3140 1153 3285 1224 γὰρ,
3334 1154 3536 1223 φησιν,
3576 1155 3635 1207 οὐ
3660 1155 4041 1225 διαψευδομαι,

2444 1245 2544 1313 τῆς
2582 1244 2720 1313 πρὸς
2750 1244 2811 1296 τὸ
2854 1245 3017 1298 Θετον
3050 1246 3270 1316 ἀγάπης
3302 1249 3543 1316 ἐρήμους
3595 1248 3739 1317 ὑμᾶς
3774 1248 4044 1317 ὑπάρχειν

2445 1336 2635 1401 εἰπὼν,
2676 1336 2739 1388 δι’
2786 1336 2904 1399 ἐνὸς
2943 1338 3071 1408 ὑμῖν
3122 1339 3465 1409 παραστήσω
3513 1339 3858 1408 πράγματος.
3901 1336 4044 1405 Ἐγὼ

2448 1428 2548 1498 μὲν
2581 1428 2690 1498 γάρ
2732 1424 2896 1497 ἦλθον
2944 1431 3002 1480 ὲν
3044 1427 3123 1497 τῷ
3163 1428 3388 1497 ὀνόματι
3434 1427 3527 1481 τοῦ
3573 1429 3795 1498 Πατρός
3839 1445 3968 1497 μου.
4023 1449 4039 1479 ι

2448 1520 2631 1573 Πάντα
2670 1519 2779 1590 γάρ
2823 1523 2899 1582 εἰς
2938 1518 3097 1583 δόξαν
3129 1520 3222 1573 τοῦ
3252 1520 3387 1574 Θεοῦ
3428 1522 3523 1573 καὶ
3562 1520 3779 1589 Πατρὺς
3820 1520 4045 1587 ἐπείγε-

2448 1612 2570 1665 σθαι
2606 1612 2865 1680 πράττειν
2894 1612 3037 1680 ὑμᾶς
3067 1613 3348 1665 ἁναπειθω
3369 1630 3381 1642 ο
3415 1614 3550 1666 ἀλλά
3573 1616 3695 1675 ταῖς
3734 1613 4043 1684 ρτειθείαις

2445 1703 2844 1768 ἀπετινάξασθε
2883 1704 2982 1770 μὲν
3019 1704 3110 1755 τὸν
3162 1705 3369 1758 ἄνωθεν
3413 1706 3618 1772 ἥκοντα
3646 1748 3659 1769 ,
3716 1706 3811 1757 καὶ
3852 1704 4044 1757 θεόθεν

2446 1794 2767 1867 ὁρμώμενον
2843 1795 3079 1865 λήψεσθε
3118 1796 3175 1849 δὲ
3217 1797 3435 1858 πάντως
3475 1792 3611 1861 (οἶδα
3644 1796 3755 1867 γὰρ
3800 1796 3877 1859 ὡς
3911 1794 4044 1859 Θεὸς

765 1898 818 1943 et
840 1905 867 1941 τι
892 1889 1050 1943 vobis
1077 1887 1235 1941 tidem
1260 1888 1463 1956 exiget,
1487 1885 1582 1940 sed
1609 1899 1728 1937 eam
1753 1900 1854 1938 suo
1876 1883 2087 1937 nomini
2114 1885 2321 1941 tribuet
2382 1871 2419 1924 Β

2455 1888 2518 1939 τὰ
2549 1887 2805 1956 ἐσόμενα)
2864 1886 2955 1939 τὸν
3010 1886 3393 1956 ψευδώνυμον,
3437 1887 3499 1939 οὑ
3537 1887 3614 1956 τῷ
3648 1887 3769 1957 Θεῷ
3818 1889 3918 1939 καὶ
3968 1880 4043 1955 τῷ

766 1980 905 2035 llinc
953 1981 1194 2033 arbitror
1242 1980 1459 2033 beatum
1512 1989 1732 2044 quoque
1784 1974 2012 2029 Paulum
2048 1989 2175 2031 vere
2208 1975 2340 2029 illud

766 2074 833 2126 de
863 2071 1067 2125 Judmis
1099 2080 1152 2122 ct
1196 2069 1500 2138 iniquitatis
1561 2068 1671 2120 lilio
1711 2066 1937 2121 dicere:
1979 2086 1996 2117 ι
2064 2065 2141 2120 Eo
2199 2067 2341 2135 quod

767 2164 1087 2215 charitatcm
1122 2162 1368 2214 veritatis
1415 2174 1522 2213 non
1564 2166 1914 2227 receperunt,
1966 2166 2026 2210 ut
2068 2157 2205 2212 salvi
2252 2158 2343 2211 tie-

767 2264 911 2317 rent,
946 2254 1068 2307 idco
1109 2253 1282 2306 mittet
1345 2253 1456 2306 illis
1519 2250 1663 2306 Deus
1695 2252 2078 2319 operationem
2111 2252 2340 2312 erroris,

768 2356 829 2400 ut.
857 2346 1081 2401 credant
1110 2344 1418 2404 mendacio,
1442 2350 1500 2394 ut
1530 2341 1851 2410 judicentur
1880 2356 2073 2396 omnes
2108 2342 2200 2411 qui
2234 2357 2343 2395 non

770 2438 1120 2504 crediderunt
1134 2434 1373 2497 veritati,
1391 2434 1486 2489 sed
1508 2442 1911 2489 consenserunt
1928 2432 2208 2502 iniquitati
2225 2434 2289 2484 η.
2322 2453 2337 2483 ι

770 2528 908 2587 lliuc
944 2528 1114 2602 igitur
1144 2535 1293 2600 patet
1319 2525 1629 2581 Pharisaeos
1663 2538 1691 2575 a
1722 2522 2007 2577 Salvatore
2046 2524 2201 2579 vanis
2232 2540 2345 2579 ser-

767 2624 1024 2679 monibus
1058 2622 1201 2674 ictos
1231 2634 1339 2672 non
1368 2618 1565 2679 fuisse,
1596 2628 1720 2669 cum
1752 2612 1957 2666 dictum
1984 2612 2115 2667 illud
2137 2612 2213 2667 rei
2244 2627 2346 2668 suo

770 2725 1017 2783 tempore
1049 2710 1248 2765 futurae
1280 2708 1568 2777 prophetia
1598 2705 1823 2760 inferat.

2453 1982 2626 2050 Παερὶ
2676 1980 2765 2049 τὴν
2790 1979 2948 2045 δόξαν
2991 1979 3348 2044 ἀνατιθέντα,
3399 1980 3491 2033 καὶ
3547 1979 3648 2050 τὴν
3705 1981 3836 2050 παρ’
3886 1980 4043 2050 ὑμῶν

2453 2070 2786 2123 ἀπαιτοῦντα
2831 2071 3046 2136 πίστιν,
3094 2071 3210 2125 ἀλλ’
3258 2074 3486 2142 ὀνόματι
3516 2074 3593 2143 τῷ
3631 2072 3745 2141 ἰδίῳ
3774 2089 4045 2142 πραγμα·

2455 2162 2761 2231 τευόμενον.
2806 2160 3109 2228 Ἐντεῦθεν,
3142 2158 3323 2233 οἶμαι,
3356 2165 3531 2226 συνεὶς
3574 2164 3666 2215 καὶ
3698 2166 3725 2216 ό
3769 2165 4045 2234 μακάριος

2457 2254 2688 2320 Παῦλος,
2722 2255 2920 2326 ἀληθές
2962 2257 3015 2308 τί
3054 2274 3187 2326 φησι
3235 2257 3363 2329 περί
3396 2274 3455 2309 τε
3489 2256 3596 2309 τ’ὦν
3639 2257 3913 2309 Ἰουδαίων
3952 2259 4046 2309 καὶ

2452 2345 2547 2400 τοῦ
2579 2346 2677 2416 τῆς
2721 2348 2952 2418 ἀνομίας
2982 2349 3101 2402 υἱοῦ
3147 2366 3159 2379 ·
3201 2369 3217 2401 ι
3267 2348 3408 2402 Ἀνθ’
3438 2342 3512 2401 ὧν
3551 2350 3651 2419 τὴν
3684 2349 3912 2420 ἀγάπην
3948 2353 4045 2420 τῆς

2456 2439 2713 2510 ἀληθείας
2757 2444 2858 2496 οὐκ
2908 2444 3158 2509 ἐδέξαντο
3209 2444 3289 2507 εἰς
3329 2443 3393 2495 τὸ
3427 2442 3668 2514 σωθῆναι
3702 2444 3929 2507 αὐτοὺς.
3960 2444 4045 2496 διὰ

2454 2533 2612 2587 τοῦτο
2641 2535 2845 2605 πέμψει
2874 2537 3056 2600 αὐτοῖς
3082 2539 3110 2590 ὁ
3147 2536 3275 2599 Θεὸς
3312 2538 3593 2608 ἐνέργειαν
3638 2536 3846 2605 πλάνης
3877 2538 3963 2600 εἰς
3992 2538 4048 2588 τὸ

2454 2621 2748 2675 πιστεῦσαι
2782 2623 2982 2684 αὐτοὺς
3020 2623 3098 2693 τῷ
3131 2623 3339 2693 ψεύδει,
3372 2625 3460 2677 ἵνα
3499 2624 3760 2694 κριθῶσιν
3803 2626 4047 2683 ἅπαντες

2453 2712 2500 2762 οἱ
2530 2710 2607 2783 μὴ
2653 2713 3044 2776 πιστεύσαντες
3074 2716 3139 2783 τῇ
3183 2712 3437 2783 ἀληθείᾳ,
3488 2713 3600 2766 ἀλλ’
3649 2714 4047 2784 εὐδοκήσαντες

769 2808 834 2875 τῇ
868 2804 1069 2873 ἀδικίᾳ.
1098 2823 1115 2855 ι
1155 2800 1455 2864 Ἀπόδειξις
1485 2801 1662 2853 τοίνυν
1687 2798 1779 2852 τοῦ
1813 2796 1889 2866 μὴ
1914 2796 2090 2861 λόγοις
2119 2794 2343 2859 εἰκαίοις
2381 2798 2678 2874 βεϐλῆσθαι
2706 2807 2833 2869 τοὺς
2851 2806 3177 2876 Φαρισαίους
3202 2807 3356 2878 παρά
3394 2807 3490 2860 τοῦ
3566 2810 3819 2879 Σωτῆρος
3887 2811 4048 2880 ἡμᾶν

768 2902 829 2955 τὸ
856 2901 1144 2972 εἰρημένον
1177 2897 1314 2959 ἐστὶ,
1349 2897 1672 2967 πράγματος
1706 2893 1964 2963 ἐσομένου
1998 2892 2116 2944 κατ’
2149 2894 2347 2946 οἰκεῖον
2389 2898 2579 2971 καιρὸν
2609 2901 2947 2972 προφητείαν
2976 2902 3249 2971 εἰσφέρον.

845 2992 908 3057 ν,
934 2992 1020 3043 Mi.
1055 2989 1331 3057 Quomodo
1366 3006 1453 3042 vos
1489 2989 1707 3055 potestis
1752 2988 1978 3050 credere,
2004 2989 2093 3057 qui
2122 2988 2349 3056 gloriam

771 3088 835 3139 ab
874 3087 1089 3139 invicem
1117 3084 1397 3149 accipitis:
1433 3092 1480 3134 et
1510 3082 1733 3151 gloriam
1756 3097 1874 3150 quae
1910 3097 1941 3131 a
1972 3082 2084 3133 solo
2140 3079 2248 3133 Deo
2272 3089 2350 3134 est

772 3193 874 3227 non
907 3174 1143 3243 qna'ritis
1169 3174 1193 3225 ?

845 3266 1155 3319 Pharisreos
1179 3264 1367 3334 gloria:
1391 3263 1643 3316 humanm
1663 3260 2093 3330 dominandique
2121 3262 2352 3331 cupidos

773 3358 977 3427 arguit,
1012 3358 1251 3410 obscure
1292 3355 1638 3410 subinnuens
1678 3354 1827 3421 ipsos
1882 3354 2022 3408 male
2058 3353 2352 3408 admodum

773 3467 954 3520 agere,
977 3450 1068 3518 qui
1096 3448 1259 3502 animi
1299 3447 1383 3501 sui
1429 3445 1654 3500 morbos
1698 3444 1808 3499 Deo
1843 3452 2052 3499 temere
2087 3444 2354 3515 aﬂingunt

774 3546 955 3614 omnis
1007 3542 1171 3611 plane
1230 3538 1404 3592 morbi
1464 3552 1673 3591 neseio.
1734 3534 1939 3590 Deinde
1982 3551 2046 3590 ex
2096 3551 2161 3591 eo
2206 3537 2353 3606 quod

776 3637 959 3690 inanis
987 3635 1169 3705 gloria:
1230 3631 1517 3700 cupiditati
1574 3628 1855 3682 mordicus
1922 3629 2221 3693 inhznrent,
2278 3646 2351 3684 rei

776 3728 1232 3798 prmclarissimai,
1278 3724 1401 3777 fidei
1435 3723 1696 3776 nimirum
1734 3722 1787 3774 in
1845 3721 2023 3789 ipsum
2070 3721 2352 3789 iacturam

777 3820 901 3872 illos
939 3819 1118 3871 facere
1152 3812 1414 3869 ostendit.
1442 3811 1601 3878 Quod
1630 3818 1783 3866 certe
1816 3810 2023 3866 Paulus
2052 3812 2220 3866 etiam
2257 3826 2352 3865 no-

779 3911 861 3964 bis
891 3910 1038 3963 clare
1077 3908 1287 3961 dixisse
1316 3906 1569 3959 videtur:
1622 3922 1639 3953 ι
1680 3903 1735 3955 Si
1797 3902 1945 3955 enim
2004 3902 2217 3964 adhuc,
2274 3905 2355 3956 in-

779 4003 921 4073 quit,
993 4000 1309 4054 hominibos
1367 3998 1663 4067 placerem,
1736 3995 1945 4050 Christi
2001 4010 2195 4050 servus
2247 4012 2353 4047 non

777 4094 1049 4149 esseni".
1113 4111 1131 4141 ι
1193 4089 1383 4143 Solent
1421 4088 1589 4158 igitur
1642 4088 1735 4157 qui
1790 4087 2064 4140 humanos
2118 4086 2355 4140 honores

777 4192 1069 4245 venantur,
1097 4195 1336 4251 superna
1385 4180 1561 4249 gloria
1593 4186 1645 4231 et
1698 4178 1790 4231 illa
1843 4192 1965 4247 quae
2002 4192 2031 4229 a
2070 4176 2181 4230 Deo
2239 4179 2355 4232 solo

778 4274 1171 4345 proﬁciscitur,
1205 4280 1263 4324 ut
1291 4271 1367 4323 ait
1399 4269 1675 4333 Salvator,
1724 4271 2038 4323 necessario
2085 4269 2356 4339 quodam-

780 4366 941 4422 modo
971 4365 1247 4419 excidere.
1284 4361 1385 4415 Hic
1412 4362 1590 4414 solum
1616 4360 1787 4414 Deum
1825 4374 2024 4414 rursus
2051 4360 2147 4425 ait,
2176 4359 2354 4428 ipsum

779 4460 883 4512 diis
906 4455 1148 4525 gentium
1177 4465 1529 4520 comparans.
1553 4464 1654 4503 nec
1680 4448 1747 4503 ab
1769 4449 1915 4503 illius
1944 4450 2111 4503 unius
2141 4449 2353 4503 honore

2532 2994 2664 3060 Πῶς
2693 2996 2961 3053 δύνασθε
2993 2999 3326 3063 πιστεύειν,
3367 2997 3557 3061 δόξαν
3583 2999 3719 3065 παρ’
3752 2998 4051 3065 ἀλλήλων

2459 3087 2887 3155 λαμϐάνοντες,
2918 3087 3035 3155 τὴν
3062 3087 3129 3140 δὲ
3152 3086 3343 3152 δόξαν
3365 3090 3480 3155 τὴν
3517 3088 3676 3157 παρὰ
3713 3088 3823 3142 τοῦ
3848 3092 4046 3156 μόνον

2463 3170 2612 3230 Θεοῦ
2644 3178 2719 3231 οὐ
2748 3177 2968 3244 ζητεῖτε
2994 3194 3011 3238 ;

2526 3269 2933 3341 Φιλαρχοῦντας
2981 3272 3114 3341 ἥδη,
3151 3274 3246 3326 καὶ
3284 3274 3381 3336 τὰς
3427 3272 3484 3337 ἐξ
3526 3271 3829 3343 ἀνθρώπων
3880 3274 4050 3341 τιμὰς

2458 3361 2813 3430 ποιουμένους
2864 3362 2992 3430 περὶ
3026 3361 3222 3413 πολλοῦ
3278 3363 3407 3423 τοὺς
3449 3362 3776 3430 Φαρισαίους
3806 3361 4047 3430 ἐλέγχει,

2457 3454 2759 3525 λεληθότως
2817 3456 3291 3525 ὑπαινιττόμενος,
3352 3457 3542 3526 ὅτιπερ
3577 3457 3780 3526 σφόδρα
3833 3458 4049 3511 ποιοῦσι

2458 3550 2664 3612 κακῶς,
2698 3549 2766 3601 τά
2786 3550 3068 3619 νοσήματα
3087 3551 3185 3617 τῆς
3220 3549 3428 3613 οἰκείας
3452 3550 3627 3618 ψυχης
3664 3550 4048 3619 περιτιθέντες

2458 3639 2699 3702 ἀϐούλως
2729 3638 2809 3709 τῷ
2833 3639 2983 3693 κατά
3024 3640 3227 3710 μηδένα
3258 3641 3463 3709 τρόπον
3504 3644 3677 3693 νοσεῖν
3707 3642 3871 3694 εἰδότι
3903 3642 4044 3709 Θεῷ.

2458 3727 2595 3783 Εἶτα
2624 3730 2722 3799 τῆς
2757 3728 3060 3797 φιλοδοξίας
3095 3728 3268 3800 ἀπρὶξ
3298 3731 3610 3800 ἐχομένους,
3654 3731 3720 3783 δι’
3764 3732 3939 3801 αὐτὴν
3982 3736 4048 3784 τὰ

2459 3820 2717 3872 κάλλιστα
2744 3819 3072 3889 ζημιοῦσθαί
3102 3835 3256 3889 φησι,
3298 3821 3395 3889 τὴν
3422 3819 3606 3871 πίστιν
3633 3820 3697 3890 δὴ
3737 3819 3917 3887 λέγων
3948 3823 4047 3891 τὴν

2459 3913 2537 3974 είς
2583 3912 2763 3965 αὐτόν.
2831 3914 3011 3981 Ὅπερ
3072 3914 3137 3981 δὴ
3187 3914 3283 3965 καὶ
3325 3913 3353 3964 ὁ
3408 3912 3619 3973 Παῦλος
3671 3914 3801 3981 ἡμῖν
3852 3915 4049 3983 δρᾶται

2459 4002 2625 4056 εἰπὼν
2654 4002 2873 4071 σαφῶς·
2913 4021 2930 4053 ι
2971 4004 3035 4055 Εἰ
3075 4003 3184 4073 γάρ
3216 4004 3316 4062 ἔτι,
3350 4003 3536 4072 φησὶν,
3568 4001 3881 4072 ἀνθρώποις
3919 4006 4049 4074 ἦρε-

2460 4112 2610 4156 σκον,
2643 4095 2880 4164 Χριστοῦ
2911 4093 3096 4157 δοῦλος
3128 4096 3227 4146 οὐκ
3256 4094 3321 4147 ἀν
3352 4096 3522 4164 ἥμην.
3561 4113 3579 4145 ι
3612 4094 3834 4161 Πέφυκε
3866 4099 4048 4148 τοίνυν

2459 4185 2647 4253 ὥσπερ
2677 4186 2733 4251 ἐξ
2760 4186 3007 4255 ἀνάγκης
3033 4184 3357 4255 συμϐαίνειν
3387 4188 3498 4248 τοῖς
3522 4185 3619 4247 τὰς
3651 4185 3710 4249 ἐξ
3739 4186 4048 4256 ἀνθρώπων

2459 4277 2797 4346 θηρωμένοις
2825 4278 3011 4346 τιμάς,
3046 4277 3107 4329 τὸ
3142 4278 3243 4346 τῆς
3268 4278 3472 4331 ἄνωθεν
3509 4278 3838 4331 ἀποπίπτειν
3863 4280 4046 4347 δόξης,

2459 4369 2553 4420 καὶ
2588 4368 2740 4438 παρὰ
2787 4367 2924 4421 Θεοῦ
2965 4368 3058 4422 τοῦ
3103 4369 3265 4439 μόνου
3290 4409 3303 4431 ,
3364 4369 3514 4422 καθά
3565 4387 3730 4439 φησιν
3761 4372 3789 4422 ὁ
3832 4371 4044 4441 Σωτήρ.

2458 4460 2633 4514 Μόνον
2653 4461 2709 4513 δέ
2725 4456 2894 4515 πάλιν
2936 4462 3069 4530 φησὶ
3105 4462 3196 4513 τὸν
3229 4461 3387 4523 Θεὸν,
3423 4464 3532 4524 τοῖς
3557 4462 3668 4513 τῶν
3701 4460 3871 4513 ἐθνῶν
3904 4463 4049 4514 ἀντι

780 4549 1015 4615 seipsum
1044 4542 1363 4598 excludens.
1396 4538 1612 4593 Sanctae
1639 4554 1881 4607 namque
1912 4547 1966 4592 et
1994 4540 2357 4594 consubstan-
2390 4571 2423 4629 Π

2461 4552 2824 4616 διαστέλλων,
2878 4555 2971 4606 καὶ
3020 4554 3120 4605 οὐκ
3187 4552 3293 4618 ἔξω
3331 4553 3501 4614 τιθεὶς
3547 4551 3751 4617 ,ἑαυτὸν
3796 4553 3903 4619 τῆς
3956 4554 4047 4605 το)

781 4639 928 4691 tialis
990 4634 1277 4688 Trinitatis
1334 4632 1657 4701 plenitudo,
1718 4630 2351 4699 quemadmodumﬁam

782 4745 923 4799 saepe
943 4729 1204 4793 diximus,
1229 4727 1285 4780 in
1318 4739 1479 4778 unam
1516 4722 1735 4780 deitatis
1760 4732 2017 4775 naturam
2048 4730 2100 4774 et
2126 4722 2352 4791 gloriam

781 4822 1060 4877 coalescit.

849 4913 1011 4984 263
1046 4912 1109 4976 ν,
1150 4910 1240 4966 45.
1281 4909 1464 4964 Nolite
1502 4917 1690 4977 putare
1726 4907 1851 4976 quia
1892 4922 1981 4974 ego
2012 4914 2357 4959 accusaturus

782 5006 881 5059 sim
904 5021 991 5057 vos
1022 5001 1162 5071 apud
1197 5001 1447 5055 Patrem:
1470 5010 1546 5054 est
1571 5015 1659 5069 qui
1684 5006 1900 5051 accusat
1925 5013 2011 5051 vos
2042 4995 2277 5065 Moyses,
2304 5014 2356 5049 ιη

781 5112 881 5165 quo
907 5112 992 5149 vos
1026 5094 1273 5162 speratis.

850 5186 1146 5255 Postquam
1218 5185 1357 5240 dixit
1413 5183 1724 5239 Pharisazos
1779 5182 2129 5237 ambitiosam
2185 5180 2359 5250 magis

781 5294 947 5349 quam
982 5278 1125 5347 piam
1175 5277 1343 5331 vitam
1384 5276 1586 5339 colere,
1632 5282 1795 5343 atque
1826 5274 2036 5327 idcirco
2080 5273 2134 5326 in
2185 5273 2361 5327 obsti-

781 5374 1058 5427 nationem
1117 5368 1498 5423 incredibilem
1550 5368 1846 5437 delapsos,
1900 5367 2065 5421 etiam
2112 5365 2181 5418 ab
2236 5365 2357 5433 ipso

782 5455 970 5528 Moyse
1006 5457 1155 5525 ipsos
1187 5464 1507 5511 accusatum
1550 5455 1617 5509 iri
1660 5456 1818 5517 dicit,
1852 5467 1963 5523 quo
1997 5461 2177 5507 tamen
2215 5456 2357 5507 sole-

782 5549 911 5603 bant
964 5548 1195 5601 miriﬁce
1242 5547 1494 5618 gloriari.
1531 5547 1595 5599 Et
1633 5557 1801 5611 certe,
1834 5558 1978 5600 ca’co
2009 5544 2103 5597 illo
2146 5559 2175 5597 a
2212 5546 2358 5597 nati-

786 5640 954 5695 ritatc
1005 5639 1266 5694 dicente:
1310 5658 1328 5689 ι
1366 5637 1643 5709 Numquid
1685 5648 1738 5692 et
1768 5654 1863 5692 vos
1905 5636 2073 5692 vultis
2100 5636 2358 5707 discipuli

850 5816 898 5844 κδ
936 5811 1094 5867 Joan.
1132 5831 1183 5877 ν,
1217 5815 1302 5867 45.
1382 5814 1425 5844 ³⁸
1468 5812 1508 5865 ll
1536 5812 1731 5867 Thess.
1767 5828 1824 5877 ιι,
1866 5812 1952 5877 10,
1988 5810 2072 5865 Η-

2465 4646 2627 4714 μόνου
2656 4646 2835 4715 τιμῆς.
2885 4644 3191 4698 Ἀναϐαίνει
3218 4645 3347 4713 γὰρ,
3384 4644 3635 4712 καθάπερ
3660 4642 3758 4712 ἤδη
3790 4642 4050 4704 πολλάκις

2464 4738 2882 4807 εἰρήκαμεν,είς
2906 4737 3033 4805 μίαν
3052 4736 3308 4804 θεότητος
3337 4735 3499 4803 φύσιν
3530 4752 3590 4787 τε
3619 4735 3710 4786 καὶ
3735 4733 3924 4799 δόξαν,
3955 4736 4048 4804 τῆς

2466 4826 2625 4891 ἁγίας
2647 4842 2704 4877 τε
2734 4826 2829 4877 καὶ
2862 4824 3148 4893 όμοουσίου
3184 4823 3411 4892 Τριάδος
3438 4825 3498 4876 τὸ
3522 4824 3821 4893 πλήρωμα.

2531 4914 2628 4981 Μὴ
2668 4913 2926 4978 δοκεῖτε,
2980 4914 3069 4967 ὅτι
3111 4914 3225 4982 ἐγὼ
3274 4914 3671 4981 κατηγορήσω
3699 4914 3872 4982 ὑμῶν
3904 4918 4052 4981 πρίνς

2462 5005 2567 5057 τὸν
2593 5002 2859 5071 Πατέρα·
2901 5006 3074 5058 ἐστιν
3123 5008 3154 5057 ό
3208 5002 3553 5073 κατηγορῶν
3599 5002 3766 5073 ὑμῶν
3798 5005 4049 5071 Μωσῆς,

2461 5100 2544 5160 εἰς
2582 5096 2654 5148 ὃν
2681 5096 2851 5163 ὑμεῖς
2878 5096 3198 5163 ἠλπίκατε.

2536 5186 2832 5252 Φιλοδόξως
2870 5187 3102 5257 μᾶλλον,
3136 5190 3279 5256 ἤπερ
3316 5188 3552 5250 εὐσεϐῶς
3599 5187 3787 5258 διαζῇν
3836 5189 4022 5257 ἐπείγε

2468 5275 2590 5329 σθαι
2649 5276 2775 5339 τοὺς
2808 5277 3137 5346 Φαρισαίους
3184 5277 3393 5341 εἰπὼν,
3450 5278 3539 5330 διά
3603 5294 3663 5329 τε
3710 5277 3874 5331 τοῦτο
3920 5279 4051 5349 πρὸς

2464 5368 2699 5439 ἄμετρον
2743 5366 3025 5420 ἀπείθειαν
3067 5367 3352 5421 ἀποκλῖναι
3394 5368 3630 5432 διδάξας,
3672 5370 3767 5421 καὶ
3796 5369 3857 5433 ἒξ
3888 5370 4047 5423 αὑτοῦ

2466 5477 2597 5527 φησι
2631 5458 3175 5529 κατηγορηθήσεσθαι
3213 5460 3478 5523 Μωσέως,
3510 5460 3594 5528 ἐφ’
3629 5454 3783 5530 ᾧπερ
3822 5456 3891 5530 ἦν
3933 5460 4049 5521 ἒὲιις

2467 5549 2647 5611 αὐτοῖς
2682 5548 2776 5601 καὶ
2814 5548 2933 5601 λίαν
2965 5550 3197 5613 εὐτόνως
3230 5549 3721 5619 ἀποσεμνύνεσθαι.
3767 5550 3881 5602 Καὶ
3922 5549 4050 5617 γοῦν

2466 5640 2715 5707 λέγοντός
2746 5658 2875 5695 ποτε
2928 5641 3023 5694 τοῦ
3064 5643 3126 5695 ἐκ
3182 5643 3405 5712 γενετῆς
3437 5641 3635 5710 τυφλοῦ
3676 5642 3815 5713 πρὸς
3854 5642 4048 5705 αὐτοὺς

2155 5808 2199 5839 ιο
2241 5804 2497 5867 Calai»,
2546 5810 2625 5861 lu.
