4218 6500
204 432 307 488 425

1266 421 1333 476 IN
1375 420 1665 477 JOANNIS
1704 420 2151 480 EVANGELIUM
2192 419 2317 477 LIB.
2354 419 2439 475 lii.

3378 416 3482 472 49.ίῖ

200 551 331 621 περὶ
352 549 595 620 Χριστοῦ
623 565 635 579 ·
673 568 690 600 ι
722 547 814 618 Μὴ
836 547 931 600 καὶ
960 544 1118 615 ὑμεῖς
1148 542 1332 596 θέλετε
1370 543 1611 615 μαθηταὶ
1630 542 1790 596 αὐτοῦ

1897 544 2019 613 ejus
2053 542 2212 598 ﬁeri?
2250 560 2268 593 ι
2302 542 2489 595 statim
2514 540 2854 594 occlamant:
2900 558 2917 589 ι
2965 534 3048 621 Tu
3072 533 3385 605 discipulus
3413 533 3482 586 ii-

199 639 501 707 γενέσθαι;
541 658 563 691 s
613 637 915 709 διαρρήδην
957 633 1121 696 εὐθὺς
1159 632 1603 703 άνακεκραγότες
1640 631 1795 700 φασί*

206 752 223 785 ι
263 735 338 786 Σὺ
374 732 627 803 μαθητὴς
687 727 738 785 εῐ
790 729 1036 791 ἐκείνου,
1088 728 1253 797 ἡμεῖς
1306 725 1364 778 δὲ
1412 724 1507 777 τοῦ
1554 724 1800 786 Μωσέως

198 826 371 895 ἐσμὲν
401 823 647 895 μαθηταί
703 841 723 875 ι
766 820 1155 891 Κατηγορήσει
1200 817 1422 880 τοίνυν,
1477 815 1651 885 φησὶ,
1704 814 1801 868 καὶ

197 914 366 977 αὐτὸς
392 915 552 985 ὐμῶν
592 916 623 967 6
668 914 897 983 Μωσης,
928 912 1016 981 ἐφ’
1048 902 1095 979 ᾧ
1125 911 1310 964 πᾶσαν
1347 907 1535 961 ἔθεσθε
1574 906 1674 976 τὴν
1710 904 1798 958 ἐλο

198 1006 363 1068 πίδα,
402 1006 500 1058 καὶ
547 1006 651 1075 τῆς
698 1002 930 1075 ἐνούσης
978 1002 1110 1072 ὑμῖν
1150 1000 1413 1063 ἀπονοίας
1461 996 1799 1067 καταϐοήσει

198 1098 355 1168 παρὰ
397 1095 543 1167 Θεῷ,
574 1096 714 1167 μετά
746 1093 859 1148 τῶν
898 1093 1076 1149 ἀλλων
1119 1088 1654 1162 καταφρονούμενος.
1687 1088 1801 1141 Καὶ

194 1191 254 1242 οὐ
287 1190 358 1260 δή
388 1206 495 1242 που
522 1186 819 1258 νομιοῦμεν
842 1184 1211 1255 ἀνεγκλήτους
1235 1179 1373 1237 εἶναι
1394 1180 1546 1253 παρά
1574 1178 1800 1251 Χριστῷ

195 1284 323 1340 τοὺς
358 1279 725 1342 ἀπειθοῦντας
758 1277 909 1349 αὐτῷ
936 1317 951 1341 ,
1001 1276 1092 1331 διὰ
1145 1276 1208 1329 τὸ
1263 1274 1430 1344 φάναι
1477 1273 1616 1343 πρὸς
1663 1273 1797 1325 Ἰου-

194 1372 426 1435 δαίους·
470 1390 489 1423 t
521 1371 616 1441 Μὴ
669 1371 875 1426 δοκεῖτε
929 1371 1013 1422 ὃτι
1067 1366 1181 1436 ἐγὼ
1228 1365 1597 1437 κατηγορήσω
1644 1364 1798 1433 ὑμῶν

195 1467 335 1535 πρὸς
361 1466 458 1518 τὸν
501 1465 747 1537 Πατέρα.
790 1482 808 1515 ι
859 1460 927 1515 Τί
975 1459 1085 1529 γὰρ
1126 1458 1192 1529 δὴ
1228 1457 1325 1510 καὶ
1372 1455 1641 1528 ἐροῦμεν,
1670 1455 1797 1508 ὅταν

194 1558 494 1627 ἀκούωμεν
522 1557 777 1625 λέγοντος
822 1572 836 1587 ·
875 1570 895 1605 ι
929 1553 1045 1615 Πᾶς
1073 1547 1167 1605 οὖν
1196 1551 1345 1613 ὅστις
1373 1548 1699 1619 ὁμολογήσει
1737 1547 1796 1599 ὲν

193 1651 319 1720 ἐμοὶ⁵
361 1647 681 1720 ἔμπροσθεν
726 1644 836 1701 τῶν
885 1643 1225 1715 ἀνθρώπιον,
1268 1640 1591 1711 ὁμολογήσω
1636 1638 1795 1707 κάγὼ

194 1744 249 1795 ἐν
275 1742 433 1810 αὐτῷ
463 1738 774 1811 ἔμπροσθεν
800 1736 894 1791 τοῦ
928 1734 1140 1807 Πατρός
1167 1750 1269 1805 μου
1296 1730 1391 1786 τοῦ
1423 1734 1482 1785 ἐν
1505 1732 1753 1803 οὐρανοῖς
1776 1746 1791 1760 ο

193 1834 345 1895 ὅστις
366 1832 413 1884 δ’
443 1830 511 1884 ἂν
545 1828 849 1901 ἀρνήσηταί
882 1845 951 1899 με
979 1825 1292 1897 ἔμπροσθεν
1321 1824 1431 1878 τῶν
1461 1822 1790 1894 ἀνθρώπιον,

1903 638 2011 692 lius
2046 637 2166 702 sis;
2219 650 2322 691 nos
2370 642 2552 689 autem
2587 633 2760 704 Moysi
2812 613 3071 704 discipuli
3125 646 3322 689 sumus
3350 629 3416 683 π.
3460 648 3479 680 ι

1902 726 2200 782 Accusahit
2252 726 2439 798 igitur,
2478 724 2686 795 inquit,
2731 723 2899 779 etiam
2940 739 3040 779 vos
3091 725 3211 794 ipse
3243 721 3481 792 Moyses.

1903 816 1957 869 in
1991 830 2101 886 quo
2128 830 2279 885 spem
2310 822 2550 870 vestram
2585 827 2803 869 omnem
2841 814 3128 884 posuistis,
3154 820 3210 868 et
3232 823 3483 868 vestrum

1902 906 2140 962 furorem
2181 907 2475 977 redargnet
2526 904 2670 976 apud
2726 904 2900 960 Deum
2934 942 2951 968 ,
3006 917 3117 958 una
3170 917 3299 957 cum
3355 901 3484 958 aliis

1900 996 2273 1069 contemptus.
2309 997 2497 1068 Neque
2523 1013 2657 1052 vero
2680 995 3340 1067 putabimusinculpatos
3358 1008 3483 1049 esse

1900 1090 2044 1160 apud
2080 1092 2362 1147 Christum
2411 1089 2665 1146 inﬁdeles
2712 1089 2860 1154 illos,
2888 1103 2956 1144 ex
2986 1102 3055 1144 eo
3083 1086 3232 1157 quod
3270 1085 3341 1140 ad
3382 1083 3484 1139 Ιιιρ

1899 1184 2046 1238 ὼεοε
2080 1182 2251 1239 dixit:
2293 1201 2313 1235 ι
2362 1182 2545 1238 Nolite
2572 1189 2770 1252 putare
2794 1182 2941 1252 quod
2976 1188 3346 1238 accusaturus
3376 1180 3483 1235 sim

1899 1290 1999 1331 vos
2037 1275 2179 1346 apud
2206 1273 2447 1329 Patrem.
2487 1292 2507 1325 ι
2541 1272 2685 1340 Quid
2739 1272 2885 1327 enim
2926 1272 3174 1328 dicemus
3207 1288 3337 1328 cum
3383 1288 3485 1327 au-

1898 1368 2120 1423 diamus
2150 1367 2426 1421 dicentem
2454 1382 2468 1421 :
2508 1384 2527 1418 ι
2567 1365 2765 1421 Omnis
2797 1380 2930 1436 ergo
2956 1365 3275 1436 quicunque
3300 1365 3480 1421 conii-

1898 1462 2104 1516 tebitur
2133 1476 2219 1514 me
2240 1474 2427 1513 coram
2451 1459 2794 1525 hominibus,
2819 1458 3126 1515 conﬁtebor
3142 1468 3199 1515 et
3220 1473 3326 1529 ego
3352 1473 3481 1514 eum

1896 1565 2084 1605 coram
2117 1548 2284 1605 Patre
2310 1564 2431 1604 meo
2460 1564 2556 1619 qut
2588 1564 2644 1604 ιιι
2675 1549 2834 1605 caelis
2863 1556 2982 1617 est;
3023 1551 3118 1620 qui
3170 1560 3354 1605 autem
3382 1563 3483 1605 ne-

1896 1642 2109 1713 gaverit
2151 1657 2238 1695 me
2284 1654 2471 1695 coram
2503 1641 2844 1707 hominibus,
2877 1642 3090 1712 negabo
3122 1657 3251 1697 eum
3287 1655 3482 1697 coram

1896 1733 2059 1790 Patre
2098 1748 2243 1801 meo,
2285 1733 2381 1804 qui
2433 1734 2487 1787 in
2536 1732 2696 1789 cmlis
2737 1740 2823 1789 est
2857 1733 2927 1787 ³⁸.
2974 1752 2992 1784 ι
3039 1732 3316 1805 Numquid
3350 1732 3482 1804 jure

1894 1824 2215 1895 putabimus
2266 1834 2592 1880 accusatum
2626 1825 2693 1880 iri
2728 1826 2875 1896 apud
2926 1824 3097 1880 Deum
3144 1839 3211 1880 ac
3259 1824 3480 1881 Patrem

198 1924 515 1994 ἀρνήσομαι
560 1918 718 1988 κάγὼ
763 1918 927 1974 αὐτὸν
974 1915 1287 1988 ἔμπροσθεν
1312 1914 1410 1967 τοῦ
1441 1914 1656 1982 Πατρός
1688 1930 1790 1984 μου

1896 1931 1991 1985 per
2021 1926 2374 1984 negationem
2416 1930 2514 1971 eos
2542 1915 2637 1985 qui
2679 1930 2779 1985 per
2803 1913 3085 1970 Christum
3119 1916 3302 1987 negati
3354 1915 3477 1972 fue-

198 2013 284 2065 τοῦ
336 2014 397 2064 ἐν
432 2012 726 2081 οὐρανοῖς;
767 2028 787 2062 ι
834 2006 966 2079 'Ap’
997 2024 1098 2061 ουκ
1144 2006 1383 2075 εὐλόγως
1419 2006 1794 2076 ὐπονοήσομεν

196 2101 759 2173 κατηγορηθήσεσθαί
784 2118 914 2156 ποτε
944 2101 1101 2171 παρὰ
1126 2099 1205 2171 τῷ
1234 2097 1355 2169 Θεῷ
1376 2098 1471 2152 καὶ
1503 2098 1678 2169 Πατρὶ
1705 2097 1795 2151 διά

195 2200 290 2269 τῆς
324 2199 657 2269 ἀρνήσεως,
706 2195 835 2258 τοὺς
879 2191 1075 2266 οἷσπερ
1111 2194 1177 2247 ἀν
1212 2189 1373 2244 τοῦτο
1404 2190 1679 2263 συμϐαίνῃ
1706 2189 1795 2245 διὰ

196 2288 481 2360 Χριστοῦς
550 2286 692 2339 Ἀλλ’
754 2287 1024 2357 ὑπάρχειν
1084 2279 1239 2356 οἶμαι
1291 2282 1449 2336 τοῦτο
1509 2282 1670 2337 παντί
1716 2299 1794 2352 τῳ

199 2382 391 2450 σαφές.
463 2380 678 2433 Οὐκοῦν
732 2381 834 2433 οὐκ
887 2379 1163 2451 ἐλεύθεροι
1217 2376 1313 2432 τοῦ
1367 2376 1794 2448 κατηγορεῖσθαι

197 2475 418 2537 πάντως
454 2473 598 2526 εἰσὶν
636 2472 899 2535 Ἰουδαῖοι,
938 2470 1030 2525 διὰ
1064 2471 1282 2543 μακρᾶς
1316 2468 1600 2532 ἀπειθείας
1632 2469 1795 2541 ἀρνη-

194 2566 425 2634 σάμενοι
451 2564 547 2618 τὸν
584 2563 844 2635 Χριστὸν,
878 2562 993 2617 ἀλλ’
1029 2562 1377 2631 εὐφυέστατα
1399 2562 1566 2615 πάλιν
1594 2562 1623 2615 6
1653 2562 1794 2631 πρὸς

191 2658 395 2719 αὐτοὺς
423 2656 539 2725 ἔχει
573 2655 753 2723 λόγος.
788 2653 1008 2725 Ἐπειδὴ
1036 2654 1149 2726 γὰρ
1179 2652 1281 2718 τὰς
1313 2648 1641 2724 παρ”αὐτοῦ
1668 2670 1791 2705 νου-

194 2747 386 2809 θεσίας
422 2744 834 2815 άποσειόμενοι,
863 2742 959 2798 καὶ
992 2743 1051 2796 ἐν
1080 2742 1159 2813 τῷ
1208 2740 1400 2813 μηδενί⁸
1426 2740 1791 2795 κατατάττον-

189 2854 283 2899 es;
323 2834 478 2905 λόγῳ
522 2833 625 2904 τὴν
681 2833 832 2888 θείαν
881 2850 941 2886 τε
1002 2833 1097 2886 καὶ
1142 2832 1392 2903 οὐράνιον
1443 2831 1792 2886 διδασκαλίαν

194 2925 386 2993 αὐτοῦ,
414 2924 512 2980 ἐπὶ
540 2925 604 2978 τὸ
626 2924 826 2995 χρῆναι
854 2923 1145 2992 φυλάττειν
1170 2924 1257 2976 ἀεὶ
1277 2923 1346 2976 τὰ
1369 2922 1615 2985 Μωσέως
1642 2922 1793 2992 βαδί-

193 3019 378 3082 ζουσιν
400 3058 417 3081 ,
469 3016 548 3080 ῶς
585 3016 679 3069 καὶ
727 3016 1062 3086 γυμνότερον
1108 3016 1208 3084 ήδη
1240 3013 1483 3084 βοῶντας
1515 3014 1750 3084 ὁρᾶσθαι
1774 3031 1788 3045 ·

196 3131 214 3162 ι
260 3111 459 3180 Ἡμεῖς
518 3108 771 3179 οἴδαμεν,
836 3108 919 3161 ὃτι
971 3108 1161 3161 Μωσεῖ
1224 3104 1522 3175 λελάληκεν
1561 3106 1590 3156 6
1633 3104 1789 3167 Θεὸς,

192 3201 384 3255 τοῦτον
421 3202 482 3254 δὲ
517 3201 619 3252 οὐκ
650 3199 873 3268 οἴδαμεν
903 3197 1068 3251 πόθεν
1105 3196 1256 3251 ἐστίν
1280 3213 1294 3227 ο
1336 3215 1356 3249 ι
1382 3194 1698 3263 ἀναγκαίως
1721 3196 1787 3268 δὴ

1896 2015 2009 2059 rtnt
2032 2007 2056 2045 ν
2076 2004 2320 2070 Nemini,
2342 2015 2403 2061 nt
2444 2020 2591 2071 reor,
2620 2005 2921 2062 obscurum
2962 2006 3110 2061 istud
3135 2016 3233 2063 est
3266 2007 3350 2062 Ab
3374 2007 3480 2063 hac

1896 2097 2061 2167 igitur
2085 2100 2441 2154 accusatione
2467 2098 2639 2155 Judaei
2664 2100 2851 2170 utique
2876 2115 2989 2154 non
3018 2107 3146 2156 sunt
3182 2100 3476 2165 immunes,

1894 2204 1989 2259 qu.
2039 2190 2204 2260 longa
2246 2190 2641 2246 incredulitate
2683 2188 3330 2264 Christum'negarunt,
3380 2193 3478 2248 scd

1896 2280 2012 2335 hac
2041 2281 2223 2336 oratio
2254 2282 2394 2337 scite
2420 2280 2716 2337 admodum
2747 2285 2829 2340 eis
2857 2293 3135 2340 convenit.
3182 2284 3316 2341 Nam
3350 2302 3478 2341 cum

1893 2371 2015 2441 ejus
2050 2372 2277 2430 monitis
2330 2374 2634 2443 repudiatis
2665 2376 2966 2448 divinaque
3011 2385 3068 2434 et
3104 2378 3318 2433 ctelcsti
3355 2379 3479 2449 ejus

1893 2461 2146 2519 doctrina
2182 2480 2282 2535 pro
2310 2465 2486 2520 nihilo
2520 2465 2727 2531 habita,
2760 2466 2828 2521 ad
2857 2468 3206 2524 observanda
3235 2468 3479 2526 Mosaica

1896 2565 2167 2629 praecepta
2194 2572 2255 2613 se
2285 2566 2634 2626 convertant,
2677 2559 2751 2615 ita
2787 2567 2847 2614 ut
2880 2562 3072 2617 videre
3112 2562 3280 2618 liceat
3324 2562 3478 2634 ipsos

1894 2657 2083 2719 aperte
2108 2650 2447 2706 clamantes:
2490 2670 2509 2702 ι
2546 2650 2659 2707 Nos
2689 2653 2900 2709 scimus
2930 2654 3063 2724 quia
3104 2653 3281 2726 Moysi
3322 2656 3480 2711 locu-

1895 2746 1985 2793 tus
2020 2747 2105 2793 est
2135 2736 2302 2802 Deus,
2330 2740 2476 2793 hunc
2509 2748 2690 2796 autem
2734 2743 3015 2800 nescimus
3053 2744 3199 2801 unde
3230 2746 3421 2801 sit"°:
3452 2765 3472 2797 ι

1898 2829 2106 2885 idcirco
2146 2846 2294 2885 nunc
2330 2846 2428 2887 eos
2469 2833 2787 2888 necessario
2820 2834 3163 2893 demonstrat
3198 2838 3254 2892 in
3291 2839 3475 2910 ipsum

1894 2934 2114 2990 quoque
2159 2920 2380 2992 Moysen
2426 2937 2679 2993 peccare,
2708 2940 2821 2996 quo
2867 2942 2927 2982 se
2974 2927 3208 2985 miriﬁce
3231 2929 3473 3001 jactant,

1893 3027 1993 3067 nec
2028 3012 2143 3068 ullo
2182 3022 2509 3071 accusatore
2538 3018 2651 3073 alio
2692 3033 2834 3089 opus
2862 3021 2981 3075 fore
3010 3021 3110 3090 ait,
3142 3024 3477 3096 unicamque

1893 3106 2095 3177 Moysis
2163 3108 2344 3179 legem
2402 3109 2759 3166 suffecturam
2826 3114 2895 3168 ad
2946 3128 3043 3170 eos
3106 3115 3239 3185 jure
3303 3133 3473 3175 accu-

1892 3197 2117 3263 sandos,
2165 3200 2385 3255 etiamsi
2427 3201 2654 3271 judicis,
2693 3203 2797 3259 hoc
2836 3213 2922 3259 est
2970 3205 3204 3276 Christi,
3231 3224 3337 3266 vox
3394 3212 3474 3269 si-

192 3293 403 3362 σφόδρα
446 3293 544 3343 καὶ
576 3292 657 3353 είς
699 3290 862 3343 αὐτὸν
896 3288 1355 3360 πλημμελοῦντας
1406 3288 1659 3357 ἐλέγχει,
1693 3288 1786 3341 τὸν
1812 3277 1857 3336 C
1893 3291 2018 3343 Icat.

190 3387 273 3453 ἐφ’
318 3378 366 3453 ᾧ
400 3384 788 3456 μεγαλαυχῶσι
835 3383 1074 3449 Μωσέα,
1120 3384 1217 3437 καὶ
1261 3383 1623 3455 δεηθήσεσθαι
1676 3387 1775 3457 μὲν
1811 3385 2063 3455 οὐδαμῶς
2088 3387 2277 3457 ἑτέρου
2304 3389 2736 3462 κατηγοροῦντάς
2797 3410 2981 3465 φησιν,
3026 3396 3344 3470 ἐξαρκέσειν
3416 3404 3474 3464 όὶ

192 3478 352 3547 μόνον
378 3479 564 3539 αὐτοῖς
589 3477 685 3531 καὶ
716 3476 809 3529 τὸν
853 3476 922 3529 δι’
950 3477 1159 3529 ἐκείνου
1202 3477 1375 3547 νόμον,
1404 3475 1472 3529 δι’
1510 3471 1586 3531 ὧν
1618 3479 1935 3532 ἀπειθοῦσιν
1962 3480 2109 3550 αὐτῷ
2144 3481 2278 3551 πρὸς
2334 3482 2395 3535 τὸ
2450 3485 2650 3555 χρῆναι
2686 3485 2872 3540 λοιπὸν
2933 3490 3171 3559 εὐλόγως
3234 3511 3469 3567 κατηγο.

191 3571 405 3641 ρεῖσθαι
436 3570 684 3635 πεσοῦσι,
713 3572 816 3623 κᾶν
842 3572 875 3641 ή
914 3570 1005 3623 τοῦ
1044 3572 1322 3641 κρίνοντος
1350 3572 1570 3644 άργήσῃ
1602 3574 1775 3645 φωνὴ,
1820 3576 2065 3629 τουτέστι
2096 3575 2350 3648 Χριστοῦ.

259 3667 330 3718 Εἰ
357 3664 473 3734 γὰρ
499 3664 844 3718 ἐπιστεύετε
880 3664 1099 3727 Μωσεῖ,
1130 3666 1476 3720 ἐπιστεύετε
1515 3666 1591 3720 ἂν
1627 3669 1778 3737 ἐμοί.

190 3758 327 3827 Περὶ
369 3756 481 3825 γὰρ
523 3756 671 3823 ἐμοῦ
704 3755 935 3822 ἐκεῖνος
971 3756 1253 3825 ἔγραψεν.

269 3850 412 3903 Ὑπὸ
458 3848 555 3901 τοῦ
612 3848 888 3916 πανσόφου
941 3849 1184 3912 Μωσέως
1232 3851 1782 3922 κατηγορηθήσεσθαι

187 3943 312 4004 τοὺς
355 3939 652 4001 Ἰουδαίους
689 3938 878 4004 εἰπὼν,
915 3941 1007 3992 καὶ
1056 3940 1157 4011 τὴν
1202 3940 1297 3992 ἐπὶ
1341 3945 1462 4005 ταῖς
1506 3945 1585 4005 εἰς
1618 3944 1780 3998 αυτὸν

188 4031 499 4092 ἀπειθείαις
557 4031 847 4100 ὑπομεῖναι
886 4030 1139 4101 γραφὴν,
1179 4031 1429 4102 ἐπιφέρει
1467 4032 1563 4085 καὶ
1604 4033 1778 4087 ταῦτα

187 4124 482 4191 χρησίμως
511 4120 571 4173 τὸ
608 4119 682 4190 μὴ
715 4120 893 4189 μάτην
926 4119 1110 4181 αὐτοῖς
1149 4120 1451 4191 ἐπισκῆψαι
1484 4120 1773 4187 διδάσκων,

188 4212 218 4280 ῆ
254 4213 352 4264 καὶ
378 4210 558 4275 ἄλλως
581 4212 680 4282 τὴν
706 4212 797 4263 ἐπὶ
823 4208 901 4280 τῷ
923 4209 1277 4281 λοιδορεῖσθαι
1306 4212 1480 4280 φιλεῖν
1508 4213 1776 4283 ὑπόληψιν

187 4301 654 4373 παραιτούμενος.
688 4301 932 4372 Πρᾶγμα
963 4299 1070 4371 γὰρ
1095 4300 1269 4368 λέγων
1295 4302 1357 4354 οὐ
1388 4301 1776 4373 διεψευσμένον

185 4392 405 4461 ὁρᾶται.
448 4392 633 4444 Ἔστω
673 4392 889 4457 τοίνυν,
931 4393 1098 4463 φησὶ,
1127 4392 1251 4455 τοὺς
1284 4393 1452 4463 ἐμοὺς
1476 4393 1560 4447 ὅτι
1594 4410 1777 4466 παρα-

186 4483 460 4553 κρούεσθε
524 4482 750 4551 λόγους,
817 4485 1143 4556 καρτερήσω
1213 4485 1309 4538 καὶ
1358 4485 1775 4558 ἀπειθούμενος.

186 4572 575 4637 Καταδέξασθε
636 4575 839 4628 Μωσέα
880 4576 973 4628 τὸν
1026 4575 1271 4629 ἑαυτῶν·
1336 4575 1455 4628 δότε
1507 4577 1585 4647 τῷ
1648 4580 1778 4649 παρ’

183 4666 340 4735 ὑμῶν
364 4664 770 4737 θαυμαζομένῳ
788 4667 885 4737 τὴν
910 4667 1109 4731 πίστιν,
1137 4668 1231 4721 κα)⁸
1254 4666 1531 4736 γνώσεσθε
1550 4670 1772 4737 πάντες,

1960 3670 2125 3741 264
2166 3670 2230 3736 V,
2262 3672 2351 3725 46.
2385 3671 2447 3728 Si
2475 3675 2611 3729 enim
2642 3675 2925 3732 crederetis
2950 3676 3149 3750 Moysi,
3184 3683 3467 3738 crederetis

1888 3762 2119 3831 forsitan
2137 3772 2185 3817 et
2217 3764 2361 3819 mihi.
2391 3765 2469 3819 De
2494 3783 2575 3820 me
2596 3768 2735 3821 enim
2760 3769 2851 3823 ille
2872 3771 3084 3839 scripsi!

1955 3854 2093 3908 Cum
2128 3854 2330 3910 dixerit
2381 3873 2412 3909 ει
2453 3858 2856 3927 sapientissimo
2896 3859 3081 3932 Moyse
3109 3860 3329 3920 Iudaeos
3359 3881 3466 3921 ac-

1886 3954 2140 3999 cusatum
2184 3946 2276 4009 iri,
2311 3954 2367 4001 et
2394 3948 2795 4005 incredulitatis
2832 3952 3173 4021 postulatum
3225 3954 3318 4020 iri,
3351 3956 3466 4012 haec

1885 4037 2050 4091 etiam
2102 4037 2314 4092 utiliter
2358 4040 2687 4112 subjungit,
2729 4041 2938 4098 docens
2978 4059 3041 4099 se
3089 4060 3201 4102 non
3251 4046 3463 4103 frustra

1883 4142 1981 4181 cos
2029 4128 2341 4199 increpare,
2387 4137 2482 4185 aut
2521 4140 2673 4187 certe
2711 4134 3029 4203 opinionem
3064 4138 3305 4195 convicii
3338 4155 3368 4194 a
3403 4156 3465 4196 se

1885 4234 2194 4275 removens.
2250 4220 2382 4276 Rem
2432 4222 2581 4277 enim
2616 4239 2804 4280 veram
2839 4227 3022 4285 dicere
3052 4229 3294 4287 videtur.
3329 4230 3463 4291 Esto

1883 4312 2076 4383 igitur,
2110 4313 2311 4384 inquit,
2344 4330 2627 4370 sermones
2657 4330 2810 4373 meos
2841 4318 3093 4387 rejicite:
3147 4324 3461 4394 sustinebo,

1883 4414 1939 4461 et
1969 4406 2153 4461 minus
2183 4406 2316 4461 mihi
2341 4407 2492 4462 credi
2527 4408 2725 4478 patiar.
2746 4406 3003 4465 Vestrum
3035 4411 3259 4485 Moysen
3280 4419 3463 4473 susci-

1886 4496 1996 4566 pite
2031 4513 2044 4550 :
2101 4496 2259 4552 ﬁdem
2298 4498 2553 4554 adhibete
2578 4500 2630 4554 ei
2668 4516 2828 4570 quem
2863 4503 3170 4574 suSpicitis,
3200 4515 3256 4563 et
3293 4524 3463 4582 agno.

1886 4586 2051 4640 scetis
2085 4602 2208 4641 eum
2244 4602 2406 4657 quem
2441 4604 2554 4659 praa
2592 4590 2817 4647 inscitia
2852 4596 3240 4654 contemnitis.
3280 4599 3465 4673 Typos

1888 4674 2187 4730 rescindite
2220 4676 2314 4745 qui
2345 4678 2636 4734 veritatem
2668 4682 3005 4751 parturiunt.
3049 4684 3162 4758 Ego
3210 4690 3358 4746 enim
3406 4694 3463 4749 in

181 4756 240 4809 ὃν
260 4758 367 4810 οὐκ
411 4758 618 4821 εἰδότες
644 4758 966 4828 ἀτιμάζετε.
1010 4759 1379 4830 Ἀναρρήξατε
1412 4762 1538 4825 τοὺς
1570 4762 1776 4826 τύπους

1893 4765 2031 4822 .Ilius
2081 4766 2239 4822 libris
2283 4769 2643 4828 adumbratas
2682 4788 2826 4829 sum.
2863 4753 3138 4843 Quocirca
3179 4780 3300 4852 ipse
3324 4800 3465 4855 quo-

181 4846 476 4910 ὼδίνοντας
519 4848 617 4919 τήν
660 4849 940 4920 ἀλήθειαν.
982 4848 1124 4918 Ἐγὼ
1174 4850 1285 4922 γὰρ
1321 4853 1378 4904 ἐν
1418 4853 1531 4917 τοῖς
1561 4846 1772 4907 ἐκείνου

183 4940 705 5014 σκιαγραφούμενος
745 4942 991 5013 βιϐλίοις.
1037 4943 1250 4998 Οὐκοῦν
1284 4944 1379 4999 καὶ
1412 4945 1576 5011 αὐτὸς
1616 4948 1772 5017 ὑμῶν

180 5035 581 5106 κατηγορήσει,
615 5034 798 5104 φησὶν,
827 5035 855 5085 6
878 5036 1103 5107 Μωσῆς,
1133 5037 1261 5090 ὅταν
1289 5036 1651 5102 ἀπειθοῦντας
1685 5039 1771 5113 ἴδῃ

178 5132 288 5193 toi;
320 5128 459 5197 περὶ
493 5124 629 5195 ἐμοῦ
666 5126 1117 5198 συγγράμμασιν.

250 5218 409 5273 Ἔδει
439 5216 541 5287 μὲν
573 5211 666 5269 οὖν
700 5217 829 5281 ἴσως
853 5220 1001 5288 ἡμᾶς
1029 5221 1123 5272 καὶ
1147 5220 1237 5273 τὸν
1263 5222 1321 5273 ἐν
1348 5223 1459 5285 τοῖς
1481 5223 1766 5292 προκειμέ
1844 5242 1847 5243 ν

179 5329 285 5375 νοις
311 5308 825 5381 διερμηνεύσαντας
866 5328 1023 5377 νουν,
1065 5312 1201 5365 ἰέναι
1233 5313 1395 5368 πάλιν
1423 5316 1516 5368 ἐπὶ
1554 5314 1624 5368 τά
1707 5333 1773 5384 φ-

178 5403 435 5470 ε,ης,ἐπι
474 5402 752 5472 ρέψαν-ας
775 5419 805 5453 τ
839 5403 887 5467 ῖς
913 5402 1456 5476 δντωςφιλομαθέσιν
1480 5408 1772 5479 ἀναζητεῖν

178 5510 275 5556 τας
326 5492 429 5546 ἐπὶ
471 5494 699 5563 Χριστῳ
740 5492 829 5547 διὰ
869 5494 1111 5560 Μωσέως
1149 5496 1383 5561 ε’κόναςν
1446 5498 1635 5570 Πλήρη
1669 5500 1771 5569 μὲν

178 5584 284 5656 γὰρ
327 5584 443 5637 τῶν
488 5585 803 5656 εἰρημένων
831 5585 901 5639 τά
928 5586 1138 5641 ἐκείνου
1189 5589 1631 5661 συγγράμματα,
1674 5591 1770 5644 καὶ

180 5675 347 5740 τωλὺς
390 5676 420 5728 6
450 5676 611 5746 λόγος
630 5679 661 5731 6
692 5678 823 5747 παρ’
850 5681 1028 5733 αὐτῶν
1055 5679 1171 5752 [ιιι.
1212 5682 1341 5751 περὶ
1365 5681 1579 5754 αὐτῶν]
1600 5724 1613 5748 ,
1644 5682 1773 5736 δυο·-

1881 4872 1993 4926 que
2027 4875 2125 4915 vos
2156 4860 2375 4933 Moyses
2408 4866 2716 4932 accusabit,
2748 4866 2951 4936 inquit,
2984 4886 3111 4927 cum
3134 4875 3336 4933 viderit
3364 4893 3463 4936 vos

1881 4950 1951 5006 iis
1983 4966 2104 5022 quae
2136 4955 2203 5011 de
2238 4972 2324 5012 me
2356 4958 2561 5028 scripta
2591 4969 2722 5014 sunt
2754 4977 2863 5016 non
2897 4965 3143 5023 credere.

1950 5218 2140 5291 Operm
2174 5222 2413 5291 pretium
2445 5225 2668 5296 quidem
2705 5224 2941 5284 forsitan
2970 5239 3143 5301 esset,
3180 5236 3455 5308 propositi

1877 5319 2058 5366 te.th
2111 5328 2140 5366 c
2184 5313 2404 5383 pinnata
2465 5318 2762 5386 sententia,
2802 5319 2871 5373 ad
2930 5316 3144 5391 reliqua
3193 5324 3457 5397 deinceps

1876 5403 2152 5473 progredi,
2180 5403 2481 5470 ﬁgurarum
2512 5404 2874 5463 Mosaicarum
2909 5409 3299 5482 disquisitione
3333 5423 3423 5471 stu

1875 5493 2047 5549 diosis
2098 5494 2311 5550 relicta.
2344 5496 2498 5552 Pleni
2552 5513 2699 5553 enim
2740 5511 2870 5556 sunt
2902 5502 3096 5573 ﬁguris
3135 5504 3453 5577 huiusmodi

1873 5586 1997 5640 libri
2041 5585 2288 5653 Mosaict,
2322 5590 2604 5661 multaque
2644 5591 2701 5647 'n
2748 5593 2817 5649 iis
2852 5593 3178 5662 aﬂt‘runtur,
3224 5598 3321 5654 sed
3370 5600 3458 5655 in-

1873 5678 2091 5735 tellectu
2131 5678 2398 5749 diﬁicilia,
2429 5690 2485 5739 et
2510 5682 2811 5742 subtilibus
2847 5694 3015 5758 atque
3054 5687 3293 5747 occultis
3320 5703 3457 5746 eon-

246 5851 291 5882 "
333 5850 495 5906 Joan.
526 5867 605 5919 Ix,
635 5852 733 5907 28.
811 5853 857 5884 “
896 5852 1093 5908 Matth.
1128 5871 1160 5908 ι
1184 5896 1201 5921 ,
1236 5857 1325 5912 52.
1406 5856 1467 5889 η’
1502 5854 1581 5913 Jo-
1606 5875 1641 5913 n
1710 5874 1757 5913 ιι
1786 5900 1803 5928 ,
1836 5858 1907 5914 29

381 5948 661 6011 Ριτιιοι.
704 5946 821 6008 Gn.
874 5949 1153 6014 LXXIII.

3060 5959 3133 6023 14
