4218 6500
742 410 848 464 437

1781 401 1839 456 S.
1881 396 2156 456 CY'RiLLl
2198 396 2669 455 ALEXANDRINI
2707 397 3026 455 ARCIIIEP.

3920 399 4024 455 ιειει

742 525 1201 599 templationibus
1243 523 1465 578 referta.
1515 519 1623 577 Sed
1679 535 1747 576 ne
1782 520 2013 590 scriptis
2068 515 2327 572 Mosaicis

2444 517 2653 587 (ερείας
2702 517 2749 571 δ’
2788 512 2885 571 οὖν
2930 518 3081 587 ὅμως
3121 515 3225 586 τῆς
3268 516 3349 579 είς
3387 515 3450 569 τὸ
3501 514 3740 569 συνιέναι
3803 514 4028 585 μεστὸς,

740 620 1096 675 difﬁcultates
1122 612 1429 685 aﬂingendo
1463 612 1675 669 inertia
1714 611 2079 668 succumbere
2109 616 2334 676 tamque

742 715 1070 785 praeclarum
1112 708 1357 763 laborem
1403 704 1664 776 defugere
1688 705 2001 771 videamur,
2036 702 2105 757 ad
2135 714 2202 755 ea
2229 714 2333 755 nos

742 819 961 877 quoque
1013 802 1404 864 demittemus,
1455 798 1613 869 gnari
1672 798 1798 867 ejus
1858 794 2008 865 quod
2065 793 2331 863 scriptum

743 907 870 954 est:
929 914 947 947 ι
1012 895 1279 949 Dominus
1328 890 1482 944 dabit
1540 890 1765 944 verbum
1822 883 2333 957 evangelizantibus

742 990 947 1043 virtute
986 985 1163 1040 multa
1185 984 1253 1038 ”.
1300 1001 1318 1035 ι
1356 982 1494 1037 Cum
1536 989 1721 1035 autem
1759 979 1828 1035 de
1857 978 1945 1034 his
1978 978 2151 1031 multa
2194 973 2334 1030 scri-

745 1086 837 1149 pta
877 1079 1026 1143 sint,
1068 1085 1128 1131 ut
1167 1075 1434 1139 diximus,
1472 1081 1526 1129 et
1586 1087 1686 1142 per
1736 1071 1942 1126 multas
1989 1068 2193 1140 ﬁguras
2241 1082 2334 1124 sa—

747 1170 1132 1242 pientissimus
1172 1166 1391 1237 Moyses
1424 1164 1639 1221 Christi
1697 1165 2024 1235 mysterium
2062 1160 2335 1232 praedixe-

747 1266 842 1327 rit,
881 1276 991 1316 non
1045 1259 1383 1316 arbitramur
1423 1259 1750 1313 immensam
1793 1255 2091 1325 quamdam
2141 1269 2333 1309 eorum

747 1351 1065 1423 congeriem
1111 1348 1516 1405 obtrudendam
1560 1360 1686 1402 esse
1722 1345 2045 1409 lectoribus,
2076 1344 2195 1411 sed,
2225 1358 2335 1398 uno

746 1460 779 1496 e
828 1442 1049 1498 cunctis
1098 1442 1326 1503 selecto,
1378 1439 1528 1493 clare
1571 1438 1955 1492 demonstrare
2003 1436 2336 1490 conabimur

750 1533 1093 1589 Salvatorem
1128 1540 1245 1585 tum
1267 1545 1393 1584 vere
1420 1529 1663 1583 locutum
1697 1542 1844 1593 esse,
1864 1542 1988 1581 cum
2022 1527 2088 1580 ad
2112 1527 2334 1582 Judaeos

747 1626 925 1679 dixit:
963 1642 983 1675 ι
1017 1622 1077 1677 Si
1107 1620 1408 1676 crederetis
1440 1619 1631 1691 Moysi,
1664 1619 1974 1674 crederetis
2017 1616 2253 1673 forsitan
2280 1625 2334 1672 et

751 1716 910 1769 mihi.
937 1713 1016 1770 De
1046 1728 1135 1768 me
1164 1712 1314 1768 enim
1347 1712 1439 1766 ille
1468 1709 1714 1778 scripsit.
1748 1727 1767 1761 ι

755 1807 840 1861 ὅτι
882 1804 980 1859 τοῦ
1031 1804 1283 1875 Σωτῆρος
1330 1801 1490 1871 ήμῶν
1536 1799 1743 1871 ἀληθὴς
1782 1794 1852 1869 ἦν
1899 1800 1928 1851 6
1978 1798 2169 1867 λόγος,
2235 1798 2296 1853 ὃν
2355 1800 2592 1853 ἐποιεῖτο
2655 1794 2793 1868 πρὸς
2862 1792 3153 1857 Ἰουδαίους
3217 1788 3389 1845 είπών
3414 1805 3431 1821 '

2440 608 2656 662 λεπτῶν
2705 608 2763 662 δὲ
2797 607 3043 678 σφόδρα,
3087 607 3184 678 καὶ
3210 606 3613 678 κεκρυμμένων
3652 605 4033 677 θεωρημάτων

2438 699 2742 763 ἀνάπλεως.
2778 699 2897 753 Ἵνα
2925 698 2981 751 δέ
3012 699 3087 768 μὴ
3116 698 3365 767 δοκῶμεν
3392 698 3536 768 ὄκνῳ
3566 696 3665 767 μὲν
3694 696 3774 767 τῷ
3804 698 4035 767 κρατεῖν

2441 790 2755 861 ἐπιτρέψαι,
2788 789 2991 860 ἱδρῶτα
3022 788 3081 842 δέ
3111 788 3257 842 οὕτω
3284 790 3378 843 τὸν
3419 788 3751 857 ἀξιάγαστον
3787 789 3892 841 οὐκ
3939 788 4036 841 εύ-

2439 884 2613 951 λόγως
2637 879 2963 936 ἀναδύεσθαι
2990 877 3355 951 περιτιθέντες
3375 877 3557 932 ἅπλῶς
3584 880 3695 940 τοῖς
3711 878 4037 938 Μωσαῖκοῖς

2439 974 2839 1045 συγγράμμασι
2894 971 2994 1041 τὴν
3044 970 3402 1041 δυσχέρειαν,
3456 969 3686 1032 ἐαυτοῦς
3734 968 3828 1021 καὶ
3893 966 4038 1037 πρὸς

2435 1066 2593 1119 τοῦτο
2627 1064 2973 1136 καθήσομεν,
3018 1063 3081 1117 τὺ
3128 1061 3520 1132 γεγραμμένον
3559 1060 3765 1122 ειδότες
3791 1076 3805 1089 ·
3853 1077 3873 1108 ι
3918 1058 4036 1110 Κύ-

2439 1169 2550 1223 ριος
2606 1151 2768 1219 δώσει
2832 1152 2987 1222 ῥῆμα
3052 1152 3168 1212 τοῖς
3239 1148 3745 1217 εύαγγελιζομένοις
3804 1147 4037 1216 δυνάμει

2436 1242 2626 1311 πολλῇ.
2659 1259 2678 1292 ι
2719 1239 2951 1310 Μακροῦ
2995 1239 3052 1292 δὲ
3098 1238 3251 1300 ὄντος
3289 1237 3384 1289 τοῦ
3434 1237 3562 1307 περὶ
3592 1234 3814 1288 τούτων
3848 1234 4035 1303 λόγου,

2434 1335 2691 1405 καθάπερ
2728 1334 3057 1404 εἰρήκαμεν,
3093 1332 3189 1386 καὶ
3227 1329 3318 1383 διὰ
3348 1330 3562 1382 πολλῶν
3607 1329 3915 1399 σχημάτων
3942 1328 4037 1380 τοῦ

2436 1428 2718 1495 πανσόφου
2750 1427 2995 1488 Μωσέως
3031 1426 3094 1478 τὸ
3120 1424 3217 1478 ἐπὶ
3254 1423 3481 1493 Χριστῷ
3512 1422 4037 1491 προαναμέλποντος

2436 1521 2739 1593 μυστήριον
2761 1557 2775 1581 ,
2823 1520 2924 1571 οὐκ
2968 1516 3284 1587 ἀμέτρητόν
3312 1531 3435 1567 τινα
3474 1515 3590 1576 τοῖς
3624 1510 4039 1582 ἐντευξομένοις

2434 1610 2796 1683 ἐπισωρεύειν
2826 1610 2982 1680 δχλον
3013 1607 3312 1678 οἰησόμεθα
3335 1607 3466 1670 δεῖν,
3494 1604 3609 1658 ἀλλ’
3635 1604 3691 1656 ἓν
3726 1603 3950 1665 ἑλόντες
3978 1604 4041 1653 ἐκ

2445 1708 2687 1769 πάντων,
2726 1704 2871 1775 σαφῆ
2891 1702 2988 1772 τὴν
3017 1698 3290 1764 ἀπόδειξιν
3320 1699 3593 1752 ποιεῖσθαι
3632 1695 4038 1762 σπουδάσομεν.

3526 1808 3545 1844 ι
3596 1788 3661 1843 Εί
3722 1786 4043 1840 ἐπιστεύετε

750 1902 960 1968 Μωσεῑ,
996 1897 1312 1953 ἐπιστεύετε
1344 1896 1411 1950 ἂν
1447 1896 1591 1966 ἐμοί.
1634 1896 1771 1965 Περὶ
1812 1893 1923 1966 γὰρ
1948 1894 2083 1964 ἐμοῦ
2127 1895 2333 1958 ἐκεῖνος
2371 1893 2630 1967 ἔγραψεν.
2666 1909 2686 1943 ι

1285 1987 1446 2057 255
1503 1984 1657 2040 CAP.
1703 1983 1789 2039 ιιι.

857 2080 1012 2148 Quod
1048 2076 1348 2133 Saluatoris
1378 2074 1657 2127 adventum
1701 2070 1912 2143 Moyses
1935 2070 2223 2127 nuntiarit.

1072 2169 1157 2222 Ea:
1200 2163 1632 2226 Deuteronomio,
1670 2163 1734 2218 de
1784 2160 2012 2218 Christo.

830 2285 849 2318 ι
881 2262 1210 2333 Prophetam
1252 2256 1410 2314 vobis
1456 2271 1521 2311 ex
1555 2254 1828 2309 fratribus
1857 2254 1989 2319 tuis,
2034 2252 2181 2307 sicut
2222 2265 2332 2315 me,

754 2356 1048 2416 suscitabit
1076 2353 1180 2409 tibi
1206 2351 1473 2406 Dominus
1500 2348 1649 2405 Deus
1677 2356 1830 2402 tuus.
1860 2346 2043 2417 Ipsum
2072 2343 2330 2400 audietis.

757 2447 1072 2506 Secundum
1105 2443 1289 2498 omnia
1337 2454 1461 2512 qua:
1506 2438 1717 2509 petiisti
1752 2454 1782 2492 a
1821 2436 2054 2492 Domino
2085 2435 2197 2492 Deo
2243 2443 2335 2490 tuo

3052 1975 3285 2032 ΚΕΦΑΛ
3319 1975 3392 2031 I".

2435 2076 2565 2129 Ὀτι
2601 2072 2708 2128 τοῦ
2744 2069 3020 2140 Σωτῆρος
3073 2068 3281 2138 ᾄριξιν
3329 2066 3663 2137 ἐσήμαινεν
3700 2066 3735 2119 ὁ
3786 2062 4036 2130 Μωσῆς.

2585 2166 2687 2227 Ἐκ
2714 2163 2821 2218 τοῦ
2866 2160 3351 2229 Δευτερονομίου,
3395 2159 3528 2228 περί
3574 2158 3860 2227 Χριστοῦ.

2513 2274 2532 2309 ι
2566 2255 2864 2327 Προφήτην
2910 2253 3041 2322 ὑμῖν
3094 2252 3159 2306 ἐκ
3183 2251 3290 2305 τῶν
3327 2234 3577 2319 ἀδελφῶν
3620 2266 3753 2314 σου,
3788 2248 3866 2312 ὡς
3901 2248 4040 2319 ἐμὲ,

2433 2349 2731 2419 ἀναστήσει
2760 2362 2845 2399 σοι
2890 2344 3093 2414 Κύριος
3122 2345 3151 2398 6
3182 2343 3317 2407 Θεός
3353 2360 3473 2396 σου’
3515 2341 3682 2395 αὐτοῦ
3711 2340 4038 2395 ἀκούσεσθε.

2435 2438 2592 2494 Κατά
2623 2437 2804 2493 πάντα
2825 2438 2925 2490 ὅσα
2941 2438 3130 2507 ᾐτήσω
3150 2434 3301 2505 παρά
3327 2433 3534 2506 Κυρίου
3566 2432 3660 2487 τοῦ
3680 2432 3819 2486 Θεοῦ
3845 2449 3967 2495 σου,
3987 2434 4043 2485 ἐν

757 2546 813 2597 in
850 2540 1069 2599 Chorcb
1126 2538 1183 2590 in
1222 2535 1313 2590 die
1366 2531 1821 2595 couvocationis,
1878 2527 2127 2584 dicentes
2163 2543 2176 2579 :
2215 2526 2335 2581 Non

2444 2528 2639 2601 Χωρὴὸ
2662 2531 2727 2599 τῇ
2763 2527 2949 2599 ήμέρᾳ
2988 2526 3088 2596 τῆς
3115 2524 3415 2595 ἐκκλησίας
3442 2525 3696 2593 λέγοντες
3718 2541 3730 2553 ·
3762 2524 3839 2577 Οὐ
3870 2540 4042 2594 προσ-

756 2632 1080 2705 adjiciemus
1107 2628 1297 2683 audire
1318 2639 1506 2681 vocem
1531 2622 1749 2678 Domini
1782 2620 1877 2677 Dei
1934 2620 2039 2684 tui,
2068 2627 2124 2675 et
2154 2619 2335 2691 ignem

757 2728 905 2780 hunc
943 2735 1200 2792 magnum
1237 2733 1348 2773 non
1379 2716 1717 2786 aspiciemus
1748 2714 1916 2777 ultra,
1942 2726 2123 2781 neque
2141 2709 2338 2764 moria-

761 2832 904 2873 mur.
940 2815 1007 2869 Et
1052 2814 1130 2867 ait
1176 2811 1443 2866 Dominus
1489 2807 1561 2862 ad
1608 2822 1695 2861 me
1736 2822 1748 2857 :
1786 2804 1954 2860 Recte
1997 2803 2181 2858 omnia
2217 2816 2339 2871 qua:

761 2910 979 2965 locutus
1024 2920 1107 2961 es.
1140 2900 1470 2973 Prophetam
1534 2896 1815 2954 suscitabo
1863 2895 1943 2949 eis
1976 2909 2045 2948 ex
2076 2891 2340 2945 fratribus

760 3014 973 3062 eorum,
1028 2994 1173 3052 sicut
1215 3000 1269 3047 te
1312 3011 1323 3045 :
1364 2999 1417 3044 et
1464 2978 1608 3044 dabo
1653 2988 1879 3042 verbum
1931 2998 2111 3039 meum
2149 2983 2205 3036 in
2242 2997 2339 3036 ore

759 3094 884 3163 ejus
913 3108 928 3145 :
956 3097 1012 3145 et
1031 3089 1292 3156 loquetur
1310 3083 1415 3149 eis,
1449 3080 1751 3136 secundum
1787 3076 1932 3148 quod
1972 3074 2247 3129 mandabo
2267 3073 2338 3127 ei.

766 3183 830 3238 Et
851 3184 1039 3243 homo,
1076 3180 1169 3249 qui
1200 3191 1309 3231 non
1337 3173 1577 3228 audierit
1599 3183 1941 3241 qumcunque
1975 3167 2191 3221 locutus
2221 3163 2339 3219 fue-

2437 2622 2678 2691 θήσομεν
2711 2617 2946 2674 ἀκοῦσαι
2978 2618 3079 2688 τῆς
3103 2617 3288 2686 φωνῆς
3330 2614 3532 2686 Κυρίου
3562 2615 3657 2669 τοῦ
3690 2614 3829 2669 Θεοῦ
3858 2614 4040 2686 ἡμῶν.

2439 2712 2533 2766 καὶ
2576 2712 2639 2763 τὸ
2689 2709 2801 2780 πῦρ
2827 2709 2888 2762 τὸ
2930 2708 3074 2780 μέγα
3114 2706 3276 2760 τοῦτο
3313 2707 3416 2760 οὐκ
3458 2705 3700 2777 ὀψόμεθα
3745 2706 3869 2771 ἔτι,
3920 2708 4042 2763 οὐδὲ

2442 2802 2519 2873 μὴ
2548 2801 2929 2869 ἀποθάνωμεν.
2974 2798 3085 2852 Kal.
3113 2792 3237 2851 εἷπε
3269 2797 3474 2868 Κύριος
3501 2796 3638 2865 πρὸς
3680 2797 3749 2866 μέ
3774 2812 3788 2826 .
3831 2796 4045 2867 Ὀρθῶς

2440 2894 2645 2957 πάντα,
2673 2892 2773 2945 ὅσα
2803 2889 3075 2961 ἐλάλησας
3093 2889 3192 2961 (1).
3222 2890 3517 2961 Προφήτην
3538 2890 3832 2958 ἀναστήσω
3855 2886 4046 2949 αὐτοῖς

2441 2986 2505 3038 ἐκ
2526 2982 2636 3038 τῶν
2667 2979 2917 3050 ἀδελφῶν
2951 2978 3154 3043 αὐτῶν,
3185 2978 3375 3047 ὥσπερ
3403 2976 3483 3041 σὲ,
3518 2976 3612 3031 καὶ
3631 2976 3788 3029 δώσω
3809 2974 3873 3028 τὸ
3893 2975 4047 3046 ῥῆμά

2446 3094 2549 3146 μου
2572 3076 2631 3129 ἐν
2662 3072 2742 3144 τῷ
2771 3073 2999 3142 στόματι
3026 3070 3211 3131 αὑτοῦ,
3238 3070 3333 3122 καὶ
3372 3068 3595 3139 λαλήσει
3627 3069 3814 3130 αὐτοῖς
3850 3066 4045 3120 καθότι

2445 3168 2511 3224 ἂν
2536 3165 2858 3234 ἐντείλωμαι
2880 3161 3051 3233 αύτῷ.
3085 3162 3193 3214 Καὶ
3214 3160 3590 3231 ἄνθρωπος,ὃς
3618 3158 3683 3212 ἂν
3706 3160 3780 3229 μὴ
3803 3157 4040 3229 ἀκούσῃ,

764 3274 837 3327 rit
884 3270 1150 3342 propheta
1206 3266 1300 3319 ille
1351 3266 1407 3317 in
1448 3260 1671 3316 nomine
1722 3272 1864 3321 meo,
1903 3271 2005 3326 ego
2047 3255 2335 3309 vindictam

2444 3260 2544 3313 ὅσα
2562 3257 2627 3311 ἂν
2654 3256 2863 3328 λαλήσῃ
2892 3256 2921 3307 6
2960 3254 3243 3324 προφήτης
3280 3253 3373 3305 ἐπὶ
3399 3250 3478 3321 τῷ
3516 3249 3744 3321 ὀνόματί
3777 3266 3907 3320 μου,
3932 3251 4046 3316 ἐγὼ

765 3316 1089 3420 suntlainrde
1112 3374 1177 3411 eo
1204 3357 1271 3409 ³⁵.
1301 3374 1319 3406 ι
1354 3352 1753 3429 Βερειὶιὶοιιοηι
1782 3350 2075 3418 quamdam
2102 3356 2156 3401 et
2187 3344 2335 3415 quasi

2447 3347 2724 3417 ἐκδικήσω
2778 3316 3061 3413 ἐξηαὺτοῦ.
3081 3316 3107 3395 ⁷ι
3131 3316 3517 3411 ’Ἐπανάληῷίν
3548 3316 3667 3392 τινα
3700 3316 3795 3391 καί
3842 3339 4047 3391 ἀνακε-

764 3451 1283 3525 recapitulationcm
1316 3446 1584 3500 librorum
1607 3440 1974 3496 Mosaicorum
2002 3437 2345 3492 Deuterono-

769 3547 939 3600 mium
980 3541 1248 3597 continet.
1302 3537 1544 3607 Ideoque
1589 3533 1698 3589 dici
1754 3547 1863 3587 non
1917 3537 2098 3601 potest
2140 3543 2241 3582 nos
2281 3542 2347 3581 ex

772 3633 893 3705 ipso
917 3628 1110 3706 typum
1140 3638 1195 3686 et
1226 3629 1519 3700 imaginem
1547 3624 1842 3684 sacerdotii
1861 3621 2053 3690 legalis
2077 3619 2346 3689 accipere.

769 3726 909 3792 Quia
940 3734 1123 3778 tamen
1153 3718 1407 3790 desipere
1440 3732 1550 3772 non
1598 3714 1842 3769 solemus
1875 3715 2151 3781 quotquot
2200 3716 2351 3760 ret-te

771 3816 1020 3888 sapimus
1048 3820 1275 3885 propter
1306 3808 1612 3870 Christum,
1639 3803 1943 3859 lectoribus
1970 3800 2223 3854 dicemus
2254 3811 2351 3866 p0-

773 3886 865 3962 siti
908 3918 1132 3977 quoque
1188 3908 1371 3956 textus
1433 3895 1768 3953 sententiam
1822 3896 2155 3947 reserantes.
2213 3886 2351 3941 Ecce

774 4012 997 4055 rursum
1051 4005 1238 4065 aperte
1300 3992 1461 4046 nobis
1502 3986 1834 4061 prmdicatur
1888 3982 2098 4038 Christi
2146 3988 2352 4052 myste-

774 4092 955 4151 rium,
1008 4103 1074 4143 ex
1131 4082 1492 4143 similitudine
1538 4078 1743 4152 Moysis
1777 4092 1872 4148 per
1929 4072 2349 4130 subtilissimam

775 4174 1303 4245 contemplationem
1352 4169 1651 4225 artiliciose
1695 4166 1989 4236 figuratum
2020 4178 2031 4213 :
2063 4180 2082 4214 ι
2106 4160 2351 4230 PrOphc-

777 4277 887 4322 tam
918 4266 1119 4338 quippe
1148 4262 1329 4326 vobis,
1361 4259 1563 4329 inquit,
1596 4254 1887 4312 suscitabit
1915 4252 2181 4308 Dominus
2208 4250 2353 4305 Deus

778 4367 989 4423 noster,
1026 4372 1094 4411 ex
1145 4354 1417 4410 fratribus
1466 4351 1596 4413 tuis,
1656 4349 1803 4403 sicut
1858 4361 1962 4401 me.
2003 4364 2022 4396 ι
2060 4343 2354 4413 Explicans

778 4462 958 4507 autem
998 4450 1116 4520 ipse
1160 4446 1332 4510 illico,
1370 4442 1555 4514 qualis
1587 4456 1653 4496 ex
1700 4439 1825 4510 ejus
1859 4436 2225 4493 similitudine
2265 4434 2352 4487 in-

777 4545 1069 4598 duceretur
1108 4534 1536 4605 contemplatio,
1586 4531 1868 4601 sapienter
1933 4526 2157 4582 intulit:
2192 4542 2212 4575 ι
2253 4521 2354 4579 Se-

779 4632 1023 4689 cundum
1057 4628 1241 4683 omnia
1276 4636 1621 4696 quaecunque
1652 4620 1862 4691 petiisti
1894 4634 1923 4672 a
1950 4604 2186 4677 Domino
2243 4613 2352 4668 Deo

780 4734 876 4779 tuo
922 4724 975 4775 in
1023 4725 1207 4774 monte
1257 4714 1411 4777 Sina,
1448 4714 1504 4767 in
1535 4712 1626 4766 die
1654 4706 2124 4779 congregationis,
2161 4705 2352 4759 dicen-

781 4826 864 4871 tes
900 4835 913 4869 :
947 4813 1068 4867 Non
1099 4809 1433 4878 adjiciemus
1461 4804 1651 4859 audire
1675 4816 1864 4855 vocem
1893 4798 2107 4853 Domini
2133 4797 2224 4850 Dei
2258 4811 2356 4849 no-

782 4907 918 4972 stri,
978 4912 1033 4959 et
1080 4903 1260 4970 ignem
1318 4897 1466 4951 hunc
1522 4907 1779 4962 magmnn
1847 4903 1957 4943 non
2023 4886 2357 4957 aspiciemus

784 5001 945 5060 ultra,
983 5008 1161 5065 neque
1201 4990 1523 5043 moriamur.
1554 5003 1573 5035 ι
1609 4982 1869 5052 Seipsum
1911 4980 2056 5033 enim
2088 4987 2220 5032 tunc
2247 4991 2358 5031 me-

783 5090 1052 5145 diatorem
1101 5083 1309 5137 dictum
1354 5092 1477 5132 esse
1526 5076 1839 5136 confirmat,
1874 5086 1999 5125 cum
2044 5068 2356 5123 Judaeornm

783 5176 1138 5249 congregatio
1186 5170 1433 5227 nondum
1481 5183 1571 5223 res
1626 5181 1792 5236 supra
1849 5172 2100 5218 naturam
2157 5161 2357 5216 intueri

786 5277 991 5340 posset,
1026 5266 1260 5333 ideoque
1287 5260 1585 5331 prudenter
1606 5257 1657 5312 id
1677 5256 1823 5326 quod
1857 5254 2003 5309 vires
2035 5267 2165 5308 suas
2191 5266 2356 5321 supe-

786 5361 944 5414 rabat
972 5360 1243 5412 renueret.
1282 5349 1417 5404 Illud
1444 5355 1626 5403 autem
1648 5356 1769 5401 erat
1790 5343 1881 5398 Dei
1907 5343 2045 5397 visio
2073 5341 2355 5404 nimirum,

787 5451 1007 5506 insolita
1082 5446 1267 5516 specie
1327 5448 1676 5514 perterrens,
1733 5444 1788 5490 et
1825 5435 2085 5491 tubarum
2142 5434 2358 5488 sonitus

789 5544 1053 5595 immanes
1082 5548 1247 5608 atque
1280 5530 1679 5589 intolerabiles.
1713 5527 1883 5599 Igitur
1912 5525 2173 5581 mediatio
2204 5523 2355 5596 Moy-

860 5700 908 5731 "
942 5698 1089 5752 Psal.
1121 5710 1340 5757 uvvu,
1382 5694 1468 5747 li.
1502 5672 1517 5681 ’
1582 5690 1627 5725 ³⁸
1667 5688 1830 5744 Deut.
1866 5703 2023 5751 xvul,
2059 5685 2256 5740 15-19.

2446 3438 2746 3508 φαλαίωσιν
2784 3436 2892 3489 τῶν
2914 3435 3226 3490 Μωσαῐκῶν
3260 3433 3480 3502 βιϐλίων
3536 3433 3597 3485 τὸ
3620 3432 4045 3501 Δευτερονόμιον

2445 3530 2579 3600 ἔχει.
2614 3529 2706 3580 Διὸ
2732 3527 2799 3599 δὴ
2830 3527 2999 3579 τύπον
3033 3525 3091 3591 ἐξ
3123 3525 3287 3578 αὑτοῦ
3321 3524 3416 3577 καὶ
3455 3525 3639 3577 εἰκόνα
3665 3522 3763 3592 τὴν
3790 3524 3854 3575 ἐκ
3886 3540 4041 3591 νομι-

2448 3622 2552 3692 κῆς
2591 3618 2905 3692 ἱερουργίας
2940 3618 3039 3671 οὐκ
3091 3616 3297 3669 ἔνεστιν
3350 3616 3572 3678 ἐλόντας
3612 3616 3805 3666 εἰπεῖν.
3853 3615 4044 3681 Ὅμως

2447 3710 2682 3779 ἐπείπερ
2730 3708 3011 3762 ἁσυνετεῖν
3056 3706 3156 3757 οὐκ
3210 3701 3497 3773 εἰθίσμεθα
3556 3702 3756 3763 πάντες
3796 3699 4043 3763 νοοῦντες

2448 3802 2624 3874 ὀρθῶς
2667 3800 2757 3853 διὰ
2801 3797 3055 3868 Χριστὸν,
3085 3797 3195 3858 τοῖς
3229 3792 3630 3863 ἐντευξομένοις
3656 3789 3917 3860 ἐροῦμεν,
3951 3795 4043 3843 καὶ

2446 3893 2548 3946 τὸν
2582 3893 2639 3944 ἐν
2671 3892 2786 3953 τοῖς
2824 3885 3207 3958 προκειμένοις
3238 3882 3701 3954 ἀναμοχλεύοντες
3728 3879 3876 3934 νοῦν.
3912 3882 4045 3933 Ἰδοὺ

2449 3982 2515 4054 δὴ
2551 3980 2712 4035 πάλιν
2736 3974 3209 4036 ἀκατακαλύπτως
3230 3973 3363 4042 ήμῖν
3397 3972 3457 4023 τὺ
3483 3970 3578 4022 ἐπὶ
3608 3968 3830 4038 Χριστῷ
3859 3966 4046 4019 λαλεῖς

2448 4090 2541 4127 ται
2579 4071 2899 4142 μυστήριον,
2939 4066 2998 4129 ἐξ
3048 4063 3365 4134 ὁμοιότητος
3394 4062 3494 4132 τῆς
3534 4060 3678 4113 κατὰ
3710 4059 3916 4113 Μωσέα
3961 4059 4045 4111 διὰ

2450 4161 2789 4230 λεπτοτάτης
2858 4156 3091 4230 θεωρίας
3157 4153 3421 4224 ἐντέχνως
3503 4151 4042 4223 μεταπλαττόμενον.

2458 4275 2477 4308 ι
2514 4254 2806 4327 Προφήτην
2857 4251 2966 4322 γὰρ
3006 4251 3135 4319 ὑμῖν
3185 4247 3519 4317 ἀγαπήσει,
3557 4244 3715 4316 φησὶ,
3764 4242 3973 4313 Κύριος
4018 4242 4046 4292 6

2452 4347 2582 4412 Θεὸς
2613 4345 2769 4417 ήμῶν
2802 4346 2866 4397 ὲκ
2895 4342 3003 4396 τῶν
3026 4340 3272 4410 ἀδελφῶν
3319 4356 3435 4403 σου,
3470 4339 3546 4401 ὡς
3589 4336 3711 4407 ἐμέ.
3750 4352 3778 4389 a
3813 4338 4046 4403 Διερμη-

2453 4437 2624 4491 νεύων
2647 4436 2704 4488 δὲ
2751 4434 2933 4497 αὐτὸς,
2960 4434 3055 4487 καὶ
3100 4431 3244 4501 μάλα
3288 4428 3503 4500 γοργῶς
3528 4467 3542 4492 ,
3573 4426 3763 4479 ὁποίαν
3797 4424 4047 4492 εἰσφέρει

2452 4529 2552 4600 τὴν
2582 4527 2641 4594 ἐξ
2671 4522 2985 4595 είκονισμοῦ
3031 4522 3122 4576 τοῦ
3164 4520 3284 4575 κατ’
3314 4519 3476 4573 αὑτὸν
3503 4516 3737 4586 θεωρίαν
3782 4515 3844 4566 τὸ
3890 4514 4044 4582 διηγ-

2386 4663 2427 4717 D
2454 4619 2737 4691 γελμένον,
2755 4616 3005 4686 ἐπιφέρει
3026 4613 3236 4681 σοφῶς·
3270 4630 3287 4662 ι
3316 4608 3473 4665 Κατά
3506 4607 3822 4667 πάντα,ὅσα
3855 4605 4045 4675 ᾐτήσω

2457 4710 2606 4783 παρά
2625 4707 2831 4781 Κυρίου
2859 4704 2952 4760 τοῦ
2979 4702 3112 4758 Θεοῦ
3145 4720 3239 4756 σου
3259 4702 3317 4754 ἐν
3343 4700 3421 4771 τῷ
3457 4699 3573 4768 δρει
3599 4698 3731 4767 Σινᾷ
3758 4697 3827 4766 τῇ
3860 4694 4045 4765 ἡμέρᾳ

2457 4805 2555 4872 τῆς
2591 4798 2908 4869 ἐκκλησίας,
2939 4795 3189 4864 λέγοντες
3214 4811 3229 4823 ο
3259 4792 3335 4845 Ού
3381 4790 3764 4859 προσθήσομεν
3813 4785 4047 4839 ἀκοῦσαι

2458 4897 2557 4965 τῆς
2599 4890 2781 4961 φωνῆς
2830 4887 3036 4959 Κυρίου
3086 4884 3181 4938 τοῦ
3225 4883 3359 4937 Θεοῦ
3415 4880 3592 4951 ήμῶν,
3621 4880 3714 4933 καὶ
3745 4876 3808 4929 τὸ
3842 4876 3956 4946 rip
3991 4875 4049 4927 τὸ

2463 4985 2606 5056 μέγα
2643 4982 2804 5034 τοῦτο
2849 4979 2949 5032 ούκ
2985 4975 3228 5047 ὀψόμεθα
3257 4975 3357 5040 ἔτι,
3404 4973 3499 5026 καὶ
3536 4971 3595 5023 ού
3641 4969 3717 5039 μὴ
3755 4965 4048 5021 ἀποθάνω-

2464 5054 2615 5141 μεν.»
2661 5067 2881 5122 Ἑαυτὸν
2911 5066 3006 5135 μὲν
3036 5065 3145 5134 γὰρ
3169 5063 3230 5116 τὸ
3256 5060 3507 5133 τηνικάδε
3535 5059 3764 5130 μεσίτην
3790 5054 4049 5127 εἰρῆσθαι

2463 5160 2877 5231 διῖσχυρίζεται,
2910 5159 3022 5220 τοῖς
3061 5154 3200 5226 ὑπὲρ
3234 5155 3333 5226 τὴν
3365 5153 3525 5223 φύσιν
3563 5148 3892 5221 προσϐαλεῖν
3922 5149 4051 5200 ἀτο-

2459 5252 2655 5321 νούσης
2703 5250 2784 5302 ἐτι
2830 5249 2929 5320 τῆς
2976 5246 3244 5301 Ἰουδαίων
3298 5243 3642 5313 συναγωγῆς.
3683 5240 3777 5294 καὶ
3812 5239 3881 5294 τά
3910 5238 4049 5307 ὑπὲρ

2458 5344 2686 5413 δύναμιν
2711 5341 2801 5394 διά
2830 5348 2992 5394 τουτο
3034 5337 3327 5409 σωφρόνως
3365 5332 3832 5408 παραιτουμένης.
3880 5329 4053 5381 Τοῦτο

2457 5434 2513 5486 δὲ
2550 5429 2619 5504 ἦν
2656 5432 2881 5487 θεοπτία
2902 5430 3162 5502 δηλονότι,
3192 5432 3311 5493 ταῖς
3336 5429 3436 5482 οῦκ
3462 5425 3521 5492 ἐξ
3542 5425 3695 5489 ἔθους
3726 5422 4053 5493 φαντασίαις

2461 5526 2561 5597 τὴν
2595 5526 2716 5597 ὄψιν
2774 5523 3073 5589 ξενίζουσα,
3124 5523 3217 5577 καὶ
3268 5522 3585 5589 σαλπίγγων
3639 5512 3900 5587 ὑπερφυῆ
3960 5512 4056 5564 καὶ

861 5812 934 5880 (l)
961 5808 1094 5863 LXX
1129 5819 1179 5862 et
1212 5807 1365 5877 Vulg.
1398 5804 1688 5873 ἐλάλησαν,
1717 5801 1878 5854 loculi
1909 5809 2055 5862 stult,
2090 5806 2145 5852 et
2174 5795 2253 5851 sic
2288 5794 2335 5849 in

2456 5793 2559 5847 col.
2597 5792 2699 5846 ιδο
2723 5790 2784 5846 C.
