  <div class='ocr_page' id='page_1' title='image "/cluster/home/n/w/nwhite01/storage/ocr_20150623/73/nnc1.0046980245/224.png"; bbox 0 0 4218 6500; ppageno 0'>
   <div class='ocr_carea' id='block_1_1' title="bbox 191 427 295 485">
    <p class='ocr_par' dir='ltr' id='par_1_1' title="bbox 191 427 295 485">
     <span class='ocr_line' id='line_1_1' title="bbox 191 427 295 485; baseline 0.038 -4"><span class='ocrx_word' id='word_1_1' title='bbox 191 427 295 485; x_wconf 68' lang='grc'><strong>429</strong></span> 
     </span>
    </p>
   </div>
   <div class='ocr_carea' id='block_1_2' title="bbox 1257 411 2413 475">
    <p class='ocr_par' dir='ltr' id='par_1_2' title="bbox 1257 411 2413 475">
     <span class='ocr_line' id='line_1_2' title="bbox 1257 411 2413 475; baseline -0.004 -4"><span class='ocrx_word' id='word_1_2' title='bbox 1257 416 1325 471; x_wconf 76' lang='lat' dir='ltr'><strong>IN</strong></span> <span class='ocrx_word' id='word_1_3' title='bbox 1359 415 1645 475; x_wconf 74' lang='lat' dir='ltr'><strong>JOANNIS</strong></span> <span class='ocrx_word' id='word_1_4' title='bbox 1683 411 2130 470; x_wconf 81' lang='lat' dir='ltr'><strong>EVANGELIUM</strong></span> <span class='ocrx_word' id='word_1_5' title='bbox 2170 412 2297 467; x_wconf 81' lang='lat' dir='ltr'><strong>LIB.</strong></span> <span class='ocrx_word' id='word_1_6' title='bbox 2347 411 2413 466; x_wconf 86' lang='grc'><strong>111</strong></span> 
     </span>
    </p>
   </div>
   <div class='ocr_carea' id='block_1_3' title="bbox 3369 415 3475 472">
    <p class='ocr_par' dir='ltr' id='par_1_3' title="bbox 3369 415 3475 472">
     <span class='ocr_line' id='line_1_3' title="bbox 3369 415 3475 472; baseline 0.038 -4"><span class='ocrx_word' id='word_1_7' title='bbox 3369 415 3475 472; x_wconf 77' lang='grc'><strong>450</strong></span> 
     </span>
    </p>
   </div>
   <div class='ocr_carea' id='block_1_4' title="bbox 188 523 1785 611">
    <p class='ocr_par' dir='ltr' id='par_1_4' title="bbox 188 531 1785 611">
     <span class='ocr_line' id='line_1_4' title="bbox 188 531 1785 611; baseline -0.027 14"><span class='ocrx_word' id='word_1_8' title='bbox 188 542 443 611; x_wconf 56' lang='grc' dir='ltr'><strong>ἀφόρητα</strong></span> <span class='ocrx_word' id='word_1_9' title='bbox 474 541 590 602; x_wconf 70' lang='grc' dir='ltr'>τοῖς</span> <span class='ocrx_word' id='word_1_10' title='bbox 617 535 991 609; x_wconf 71' lang='grc' dir='ltr'><strong>ἀκροωμένοις</strong></span> <span class='ocrx_word' id='word_1_11' title='bbox 1009 537 1371 606; x_wconf 82' lang='grc' dir='ltr'>ἀπηχήματα.</span> <span class='ocrx_word' id='word_1_12' title='bbox 1401 533 1613 591; x_wconf 84' lang='grc' dir='ltr'>οὐκοῦν</span> <span class='ocrx_word' id='word_1_13' title='bbox 1629 531 1785 586; x_wconf 43' lang='lat' dir='ltr'><strong>suos»</strong></span> 
     </span>
    </p>
   </div>
   <div class='ocr_carea' id='block_1_5' title="bbox 1891 523 3475 611">
    <p class='ocr_par' dir='ltr' id='par_1_5' title="bbox 1894 523 3475 596">
     <span class='ocr_line' id='line_1_5' title="bbox 1894 523 3475 596; baseline -0.001 -12"><span class='ocrx_word' id='word_1_14' title='bbox 1894 529 1975 585; x_wconf 86' lang='lat' dir='ltr'><strong>sis</strong></span> <span class='ocrx_word' id='word_1_15' title='bbox 2008 528 2199 583; x_wconf 87' lang='lat' dir='ltr'><strong>divina</strong></span> <span class='ocrx_word' id='word_1_16' title='bbox 2230 528 2452 583; x_wconf 86' lang='lat' dir='ltr'><strong>decreta</strong></span> <span class='ocrx_word' id='word_1_17' title='bbox 2494 523 2695 596; x_wconf 89' lang='lat' dir='ltr'><strong>populo</strong></span> <span class='ocrx_word' id='word_1_18' title='bbox 2741 523 3111 580; x_wconf 75' lang='lat' dir='ltr'><strong>ministrantis</strong></span> <span class='ocrx_word' id='word_1_19' title='bbox 3162 523 3231 578; x_wconf 90' lang='lat' dir='ltr'><strong>ad</strong></span> <span class='ocrx_word' id='word_1_20' title='bbox 3284 525 3475 582; x_wconf 87' lang='lat' dir='ltr'><strong>levan-</strong></span> 
     </span>
    </p>
   </div>
   <div class='ocr_carea' id='block_1_6' title="bbox 188 624 1788 701">
    <p class='ocr_par' dir='ltr' id='par_1_6' title="bbox 188 624 1788 701">
     <span class='ocr_line' id='line_1_6' title="bbox 188 624 1788 701; baseline -0.006 -17"><span class='ocrx_word' id='word_1_21' title='bbox 188 633 337 694; x_wconf 87' lang='grc' dir='ltr'>νείας</span> <span class='ocrx_word' id='word_1_22' title='bbox 366 633 482 694; x_wconf 83' lang='grc' dir='ltr'>τοῖς</span> <span class='ocrx_word' id='word_1_23' title='bbox 513 628 769 701; x_wconf 76' lang='grc' dir='ltr'><strong>τηνικάδε</strong></span> <span class='ocrx_word' id='word_1_24' title='bbox 815 629 1083 700; x_wconf 84' lang='grc' dir='ltr'>φάρμακα</span> <span class='ocrx_word' id='word_1_25' title='bbox 1112 629 1146 696; x_wconf 85' lang='grc' dir='ltr'><strong>ή</strong></span> <span class='ocrx_word' id='word_1_26' title='bbox 1176 627 1419 688; x_wconf 83' lang='grc' dir='ltr'><strong>Μωσέως</strong></span> <span class='ocrx_word' id='word_1_27' title='bbox 1447 624 1788 678; x_wconf 82' lang='grc' dir='ltr'>ἀνεδείκνυτο</span> 
     </span>
    </p>
   </div>
   <div class='ocr_carea' id='block_1_7' title="bbox 192 716 1787 792">
    <p class='ocr_par' dir='ltr' id='par_1_7' title="bbox 192 716 1787 792">
     <span class='ocr_line' id='line_1_7' title="bbox 192 716 1787 792; baseline -0.005 -15"><span class='ocrx_word' id='word_1_28' title='bbox 192 723 472 792; x_wconf 82' lang='grc' dir='ltr'>μεσιτεία,</span> <span class='ocrx_word' id='word_1_29' title='bbox 499 722 877 786; x_wconf 79' lang='grc' dir='ltr'><strong>διακονοῦντος</strong></span> <span class='ocrx_word' id='word_1_30' title='bbox 899 724 965 791; x_wconf 80' lang='grc' dir='ltr'>τῇ</span> <span class='ocrx_word' id='word_1_31' title='bbox 1000 722 1291 790; x_wconf 78' lang='grc' dir='ltr'><strong>συναγωγῇ</strong></span> <span class='ocrx_word' id='word_1_32' title='bbox 1324 719 1395 772; x_wconf 88' lang='grc' dir='ltr'><strong>τά</strong></span> <span class='ocrx_word' id='word_1_33' title='bbox 1428 718 1614 771; x_wconf 84' lang='grc' dir='ltr'><strong>θεόθεν</strong></span> <span class='ocrx_word' id='word_1_34' title='bbox 1638 716 1787 770; x_wconf 83' lang='grc' dir='ltr'>τεθε-</span> 
     </span>
    </p>
   </div>
   <div class='ocr_carea' id='block_1_8' title="bbox 190 807 1787 887">
    <p class='ocr_par' dir='ltr' id='par_1_8' title="bbox 190 807 1787 887">
     <span class='ocr_line' id='line_1_8' title="bbox 190 807 1787 887; baseline -0.004 -20"><span class='ocrx_word' id='word_1_35' title='bbox 190 815 492 885; x_wconf 79' lang='grc' dir='ltr'>σπισμένα.</span> <span class='ocrx_word' id='word_1_36' title='bbox 549 814 853 887; x_wconf 77' lang='grc' dir='ltr'>Μεταλήψῃ</span> <span class='ocrx_word' id='word_1_37' title='bbox 901 813 958 866; x_wconf 77' lang='grc' dir='ltr'>δὲ</span> <span class='ocrx_word' id='word_1_38' title='bbox 993 812 1157 865; x_wconf 83' lang='grc' dir='ltr'>πάλιν</span> <span class='ocrx_word' id='word_1_39' title='bbox 1201 810 1293 863; x_wconf 88' lang='grc' dir='ltr'><strong>τὸν</strong></span> <span class='ocrx_word' id='word_1_40' title='bbox 1332 808 1502 863; x_wconf 83' lang='grc' dir='ltr'>τύπον</span> <span class='ocrx_word' id='word_1_41' title='bbox 1543 809 1637 861; x_wconf 73' lang='grc' dir='ltr'>ἐπὶ</span> <span class='ocrx_word' id='word_1_42' title='bbox 1686 807 1787 876; x_wconf 82' lang='grc' dir='ltr'>τὴν</span> 
     </span>
    </p>
   </div>
   <div class='ocr_carea' id='block_1_9' title="bbox 186 900 1788 977">
    <p class='ocr_par' dir='ltr' id='par_1_9' title="bbox 186 900 1788 977">
     <span class='ocr_line' id='line_1_9' title="bbox 186 900 1788 977; baseline -0.004 -17"><span class='ocrx_word' id='word_1_43' title='bbox 186 907 474 977; x_wconf 78' lang='grc' dir='ltr'>ἀλήθειαν,</span> <span class='ocrx_word' id='word_1_44' title='bbox 505 924 601 962; x_wconf 78' lang='grc' dir='ltr'><strong>και</strong></span> <span class='ocrx_word' id='word_1_45' title='bbox 642 906 736 959; x_wconf 88' lang='grc' dir='ltr'><strong>τὸν</strong></span> <span class='ocrx_word' id='word_1_46' title='bbox 790 923 1017 976; x_wconf 69' lang='grc' dir='ltr'>μεσιτηι</span> <span class='ocrx_word' id='word_1_47' title='bbox 1056 903 1193 959; x_wconf 56' lang='grc' dir='ltr'>Θεοῦ</span> <span class='ocrx_word' id='word_1_48' title='bbox 1244 904 1337 957; x_wconf 79' lang='grc' dir='ltr'>καὶ</span> <span class='ocrx_word' id='word_1_49' title='bbox 1370 900 1673 973; x_wconf 85' lang='grc' dir='ltr'>ἀνθρώπων</span> <span class='ocrx_word' id='word_1_50' title='bbox 1699 901 1788 954; x_wconf 87' lang='grc' dir='ltr'><strong>διά</strong></span> 
     </span>
    </p>
   </div>
   <div class='ocr_carea' id='block_1_10' title="bbox 184 993 1789 1069">
    <p class='ocr_par' dir='ltr' id='par_1_10' title="bbox 184 993 1789 1069">
     <span class='ocr_line' id='line_1_10' title="bbox 184 993 1789 1069; baseline -0.004 -17"><span class='ocrx_word' id='word_1_51' title='bbox 184 999 399 1052; x_wconf 80' lang='grc' dir='ltr'>τούτων</span> <span class='ocrx_word' id='word_1_52' title='bbox 425 999 707 1069; x_wconf 75' lang='grc' dir='ltr'>ἐννοήσεις</span> <span class='ocrx_word' id='word_1_53' title='bbox 737 998 992 1069; x_wconf 84' lang='grc' dir='ltr'>Χριστὸν,</span> <span class='ocrx_word' id='word_1_54' title='bbox 1021 998 1375 1051; x_wconf 86' lang='grc' dir='ltr'>διακονουντα</span> <span class='ocrx_word' id='word_1_55' title='bbox 1406 997 1521 1057; x_wconf 82' lang='grc' dir='ltr'>τοῖς</span> <span class='ocrx_word' id='word_1_56' title='bbox 1555 993 1789 1063; x_wconf 82' lang='grc' dir='ltr'>εὐμαθε-</span> 
     </span>
    </p>
   </div>
   <div class='ocr_carea' id='block_1_11' title="bbox 187 1084 1788 1159">
    <p class='ocr_par' dir='ltr' id='par_1_11' title="bbox 187 1084 1788 1159">
     <span class='ocr_line' id='line_1_11' title="bbox 187 1084 1788 1159; baseline -0.003 -18"><span class='ocrx_word' id='word_1_57' title='bbox 187 1088 403 1157; x_wconf 83' lang='grc' dir='ltr'>στέροις</span> <span class='ocrx_word' id='word_1_58' title='bbox 420 1088 512 1141; x_wconf 76' lang='grc' dir='ltr'><strong>διὰ</strong></span> <span class='ocrx_word' id='word_1_59' title='bbox 524 1089 709 1157; x_wconf 80' lang='grc' dir='ltr'>φωνῆς</span> <span class='ocrx_word' id='word_1_60' title='bbox 726 1088 1094 1159; x_wconf 89' lang='grc' dir='ltr'>ἀνθρωπίνης,</span> <span class='ocrx_word' id='word_1_61' title='bbox 1108 1088 1196 1141; x_wconf 83' lang='grc' dir='ltr'>ὅτε</span> <span class='ocrx_word' id='word_1_62' title='bbox 1213 1086 1281 1140; x_wconf 79' lang='grc' dir='ltr'><strong>δι’</strong></span> <span class='ocrx_word' id='word_1_63' title='bbox 1292 1089 1325 1159; x_wconf 81' lang='grc' dir='ltr'>ἡ</span> <span class='ocrx_word' id='word_1_64' title='bbox 1336 1086 1441 1158; x_wconf 79' lang='grc' dir='ltr'>μᾶς</span> <span class='ocrx_word' id='word_1_65' title='bbox 1453 1086 1517 1139; x_wconf 86' lang='grc' dir='ltr'><strong>ἐκ</strong></span> <span class='ocrx_word' id='word_1_66' title='bbox 1530 1084 1788 1154; x_wconf 88' lang='grc' dir='ltr'>γυναικὸς</span> 
     </span>
    </p>
   </div>
   <div class='ocr_carea' id='block_1_12' title="bbox 187 1176 1788 1252">
    <p class='ocr_par' dir='ltr' id='par_1_12' title="bbox 187 1176 1788 1252">
     <span class='ocr_line' id='line_1_12' title="bbox 187 1176 1788 1252; baseline -0.001 -21"><span class='ocrx_word' id='word_1_67' title='bbox 187 1180 485 1252; x_wconf 73' lang='grc' dir='ltr'><strong>ἐγεννήθη,</strong></span> <span class='ocrx_word' id='word_1_68' title='bbox 513 1181 615 1251; x_wconf 78' lang='grc' dir='ltr'>τὴν</span> <span class='ocrx_word' id='word_1_69' title='bbox 643 1181 737 1233; x_wconf 87' lang='grc' dir='ltr'><strong>τοῦ</strong></span> <span class='ocrx_word' id='word_1_70' title='bbox 764 1181 899 1234; x_wconf 86' lang='grc' dir='ltr'><strong>Θεοῦ</strong></span> <span class='ocrx_word' id='word_1_71' title='bbox 917 1181 1011 1234; x_wconf 73' lang='grc' dir='ltr'>καὶ</span> <span class='ocrx_word' id='word_1_72' title='bbox 1046 1180 1260 1251; x_wconf 79' lang='grc' dir='ltr'>[ἰατρὸς</span> <span class='ocrx_word' id='word_1_73' title='bbox 1281 1179 1592 1250; x_wconf 78' lang='grc' dir='ltr'>ἀπόρρητον</span> <span class='ocrx_word' id='word_1_74' title='bbox 1628 1176 1788 1247; x_wconf 84' lang='grc' dir='ltr'>θέλη-</span> 
     </span>
    </p>
   </div>
   <div class='ocr_carea' id='block_1_13' title="bbox 189 1269 1789 1344">
    <p class='ocr_par' dir='ltr' id='par_1_13' title="bbox 189 1269 1789 1344">
     <span class='ocr_line' id='line_1_13' title="bbox 189 1269 1789 1344; baseline -0.002 -20"><span class='ocrx_word' id='word_1_75' title='bbox 189 1288 292 1337; x_wconf 75' lang='grc' dir='ltr'>σιν,</span> <span class='ocrx_word' id='word_1_76' title='bbox 316 1270 745 1343; x_wconf 72' lang='grc' dir='ltr'><strong>γνωριζομένην</strong></span> <span class='ocrx_word' id='word_1_77' title='bbox 773 1271 922 1342; x_wconf 86' lang='grc' dir='ltr'>αὺτῷ</span> <span class='ocrx_word' id='word_1_78' title='bbox 948 1272 1012 1344; x_wconf 81' lang='grc' dir='ltr'>δὴ</span> <span class='ocrx_word' id='word_1_79' title='bbox 1044 1273 1139 1325; x_wconf 81' lang='grc' dir='ltr'>καὶ</span> <span class='ocrx_word' id='word_1_80' title='bbox 1170 1272 1339 1343; x_wconf 84' lang='grc' dir='ltr'><strong>μόνῳ,</strong></span> <span class='ocrx_word' id='word_1_81' title='bbox 1376 1270 1511 1324; x_wconf 87' lang='grc' dir='ltr'>καθὸ</span> <span class='ocrx_word' id='word_1_82' title='bbox 1540 1270 1635 1323; x_wconf 75' lang='grc' dir='ltr'>καὶ</span> <span class='ocrx_word' id='word_1_83' title='bbox 1661 1269 1789 1333; x_wconf 79' lang='grc' dir='ltr'>Υἱὸς</span> 
     </span>
    </p>
   </div>
   <div class='ocr_carea' id='block_1_14' title="bbox 187 1360 1785 1431">
    <p class='ocr_par' dir='ltr' id='par_1_14' title="bbox 187 1360 1785 1431">
     <span class='ocr_line' id='line_1_14' title="bbox 187 1360 1785 1431; baseline -0.001 -17"><span class='ocrx_word' id='word_1_84' title='bbox 187 1362 245 1427; x_wconf 78' lang='grc' dir='ltr'>ἐξ</span> <span class='ocrx_word' id='word_1_85' title='bbox 274 1361 451 1415; x_wconf 75' lang='grc' dir='ltr'>αὑτοῦ</span> <span class='ocrx_word' id='word_1_86' title='bbox 473 1364 569 1415; x_wconf 71' lang='grc' dir='ltr'>καὶ</span> <span class='ocrx_word' id='word_1_87' title='bbox 600 1362 761 1431; x_wconf 89' lang='grc' dir='ltr'>σοφία</span> <span class='ocrx_word' id='word_1_88' title='bbox 787 1365 1008 1430; x_wconf 82' lang='grc' dir='ltr'><strong>νοεῖται,</strong></span> <span class='ocrx_word' id='word_1_89' title='bbox 1036 1363 1215 1417; x_wconf 82' lang='grc' dir='ltr'>πάντα</span> <span class='ocrx_word' id='word_1_90' title='bbox 1249 1361 1424 1427; x_wconf 85' lang='grc' dir='ltr'>εἰδὼς,</span> <span class='ocrx_word' id='word_1_91' title='bbox 1446 1362 1540 1416; x_wconf 76' lang='grc' dir='ltr'>καὶ</span> <span class='ocrx_word' id='word_1_92' title='bbox 1558 1361 1629 1414; x_wconf 71' lang='grc' dir='ltr'>τὰ</span> <span class='ocrx_word' id='word_1_93' title='bbox 1649 1360 1785 1430; x_wconf 77' lang='grc' dir='ltr'>βάθη</span> 
     </span>
    </p>
   </div>
   <div class='ocr_carea' id='block_1_15' title="bbox 186 1452 1790 1526">
    <p class='ocr_par' dir='ltr' id='par_1_15' title="bbox 186 1452 1790 1526">
     <span class='ocr_line' id='line_1_15' title="bbox 186 1452 1790 1526; baseline -0.002 -19"><span class='ocrx_word' id='word_1_94' title='bbox 186 1454 280 1507; x_wconf 82' lang='grc' dir='ltr'><strong>τοῦ</strong></span> <span class='ocrx_word' id='word_1_95' title='bbox 312 1453 480 1507; x_wconf 87' lang='grc' dir='ltr'>Θεοῦ.</span> <span class='ocrx_word' id='word_1_96' title='bbox 527 1454 749 1526; x_wconf 83' lang='grc' dir='ltr'>Ἐπειδὴ</span> <span class='ocrx_word' id='word_1_97' title='bbox 779 1454 889 1525; x_wconf 87' lang='grc' dir='ltr'><strong>γὰρ</strong></span> <span class='ocrx_word' id='word_1_98' title='bbox 915 1457 1029 1519; x_wconf 87' lang='grc' dir='ltr'>τοῖς</span> <span class='ocrx_word' id='word_1_99' title='bbox 1070 1452 1166 1507; x_wconf 90' lang='grc' dir='ltr'><strong>τοῦ</strong></span> <span class='ocrx_word' id='word_1_100' title='bbox 1198 1453 1450 1525; x_wconf 83' lang='grc' dir='ltr'>σώματος</span> <span class='ocrx_word' id='word_1_101' title='bbox 1489 1452 1790 1521; x_wconf 80' lang='grc' dir='ltr'>ὀφθαλμοῖς</span> 
     </span>
    </p>
   </div>
   <div class='ocr_carea' id='block_1_16' title="bbox 186 1541 1788 1620">
    <p class='ocr_par' dir='ltr' id='par_1_16' title="bbox 186 1541 1788 1620">
     <span class='ocr_line' id='line_1_16' title="bbox 186 1541 1788 1620; baseline -0.003 -21"><span class='ocrx_word' id='word_1_102' title='bbox 186 1545 284 1599; x_wconf 69' lang='grc' dir='ltr'>οὐκ</span> <span class='ocrx_word' id='word_1_103' title='bbox 304 1541 377 1617; x_wconf 80' lang='grc' dir='ltr'>ἦν</span> <span class='ocrx_word' id='word_1_104' title='bbox 407 1546 640 1616; x_wconf 67' lang='grc' dir='ltr'>ἀκράτῳ</span> <span class='ocrx_word' id='word_1_105' title='bbox 671 1547 762 1599; x_wconf 71' lang='grc' dir='ltr'>καὶ</span> <span class='ocrx_word' id='word_1_106' title='bbox 785 1548 964 1616; x_wconf 80' lang='grc' dir='ltr'>γυμνῇ</span> <span class='ocrx_word' id='word_1_107' title='bbox 990 1545 1319 1620; x_wconf 78' lang='grc' dir='ltr'>προσϐαλεῖν</span> <span class='ocrx_word' id='word_1_108' title='bbox 1355 1548 1423 1615; x_wconf 80' lang='grc' dir='ltr'><strong>τῇ</strong></span> <span class='ocrx_word' id='word_1_109' title='bbox 1456 1544 1576 1615; x_wconf 74' lang='grc' dir='ltr'>θείᾳ</span> <span class='ocrx_word' id='word_1_110' title='bbox 1610 1561 1668 1596; x_wconf 77' lang='grc' dir='ltr'><strong>τε</strong></span> <span class='ocrx_word' id='word_1_111' title='bbox 1696 1544 1788 1595; x_wconf 73' lang='grc' dir='ltr'>καὶ</span> 
     </span>
    </p>
   </div>
   <div class='ocr_carea' id='block_1_17' title="bbox 184 1636 1788 1707">
    <p class='ocr_par' dir='ltr' id='par_1_17' title="bbox 184 1636 1788 1707">
     <span class='ocr_line' id='line_1_17' title="bbox 184 1636 1788 1707; baseline 0.001 -18"><span class='ocrx_word' id='word_1_112' title='bbox 184 1638 417 1707; x_wconf 78' lang='grc' dir='ltr'>ἀρρήτῳ</span> <span class='ocrx_word' id='word_1_113' title='bbox 441 1637 571 1707; x_wconf 78' lang='grc' dir='ltr'>δόξῃ</span> <span class='ocrx_word' id='word_1_114' title='bbox 590 1641 690 1707; x_wconf 82' lang='grc' dir='ltr'>τῆς</span> <span class='ocrx_word' id='word_1_115' title='bbox 710 1639 779 1690; x_wconf 87' lang='grc' dir='ltr'><strong>τά</strong></span> <span class='ocrx_word' id='word_1_116' title='bbox 797 1638 975 1691; x_wconf 83' lang='grc' dir='ltr'>πάντα</span> <span class='ocrx_word' id='word_1_117' title='bbox 994 1636 1401 1707; x_wconf 80' lang='grc' dir='ltr'>ὑπερκειμένης</span> <span class='ocrx_word' id='word_1_118' title='bbox 1423 1636 1629 1699; x_wconf 80' lang='grc' dir='ltr'>οὐσίας·</span> <span class='ocrx_word' id='word_1_119' title='bbox 1648 1654 1666 1687; x_wconf 76' lang='grc' dir='ltr'><strong>ι</strong></span> <span class='ocrx_word' id='word_1_120' title='bbox 1694 1637 1788 1691; x_wconf 82' lang='grc' dir='ltr'><strong>Οὑ-</strong></span> 
     </span>
    </p>
   </div>
   <div class='ocr_carea' id='block_1_18' title="bbox 184 1728 1788 1800">
    <p class='ocr_par' dir='ltr' id='par_1_18' title="bbox 184 1728 1788 1800">
     <span class='ocr_line' id='line_1_18' title="bbox 184 1728 1788 1800; baseline 0 -19"><span class='ocrx_word' id='word_1_121' title='bbox 184 1730 294 1792; x_wconf 78' lang='grc' dir='ltr'>δεὶς</span> <span class='ocrx_word' id='word_1_122' title='bbox 329 1729 447 1800; x_wconf 85' lang='grc' dir='ltr'>γὰρ</span> <span class='ocrx_word' id='word_1_123' title='bbox 479 1728 670 1799; x_wconf 65' lang='grc' dir='ltr'>ὄψεται</span> <span class='ocrx_word' id='word_1_124' title='bbox 720 1730 781 1782; x_wconf 85' lang='grc' dir='ltr'><strong>τὸ</strong></span> <span class='ocrx_word' id='word_1_125' title='bbox 815 1730 1106 1799; x_wconf 81' lang='grc' dir='ltr'>πρόσωπόν</span> <span class='ocrx_word' id='word_1_126' title='bbox 1144 1747 1245 1799; x_wconf 89' lang='grc' dir='ltr'><strong>μου</strong></span> <span class='ocrx_word' id='word_1_127' title='bbox 1268 1769 1282 1793; x_wconf 90' lang='grc'><strong>,</strong></span> <span class='ocrx_word' id='word_1_128' title='bbox 1317 1729 1471 1800; x_wconf 72' lang='grc' dir='ltr'>φησι,</span> <span class='ocrx_word' id='word_1_129' title='bbox 1505 1730 1597 1781; x_wconf 77' lang='grc' dir='ltr'><strong>καὶ</strong></span> <span class='ocrx_word' id='word_1_130' title='bbox 1624 1729 1788 1799; x_wconf 75' lang='grc' dir='ltr'>ζήσε-</span> 
     </span>
    </p>
   </div>
   <div class='ocr_carea' id='block_1_19' title="bbox 184 1818 1783 1889">
    <p class='ocr_par' dir='ltr' id='par_1_19' title="bbox 184 1818 1783 1889">
     <span class='ocr_line' id='line_1_19' title="bbox 184 1818 1783 1889; baseline -0.002 -17"><span class='ocrx_word' id='word_1_131' title='bbox 184 1836 273 1873; x_wconf 83' lang='grc' dir='ltr'><strong>ται</strong></span> <span class='ocrx_word' id='word_1_132' title='bbox 304 1838 318 1849; x_wconf 92' lang='grc'><strong>·</strong></span> <span class='ocrx_word' id='word_1_133' title='bbox 353 1838 373 1871; x_wconf 77' lang='grc' dir='ltr'><strong>ι</strong></span> <span class='ocrx_word' id='word_1_134' title='bbox 423 1819 744 1886; x_wconf 78' lang='grc' dir='ltr'>ἀναγκαίως</span> <span class='ocrx_word' id='word_1_135' title='bbox 770 1821 800 1871; x_wconf 81' lang='grc' dir='ltr'>ὁ</span> <span class='ocrx_word' id='word_1_136' title='bbox 833 1818 1127 1889; x_wconf 79' lang='grc' dir='ltr'>μονογενὴς</span> <span class='ocrx_word' id='word_1_137' title='bbox 1160 1819 1254 1871; x_wconf 79' lang='grc' dir='ltr'><strong>τοῦ</strong></span> <span class='ocrx_word' id='word_1_138' title='bbox 1299 1818 1434 1871; x_wconf 84' lang='grc' dir='ltr'>Θεοῦ</span> <span class='ocrx_word' id='word_1_139' title='bbox 1473 1818 1644 1886; x_wconf 84' lang='grc' dir='ltr'>Λόγος</span> <span class='ocrx_word' id='word_1_140' title='bbox 1664 1820 1783 1881; x_wconf 85' lang='grc' dir='ltr'>ταῖς</span> 
     </span>
    </p>
   </div>
   <div class='ocr_carea' id='block_1_20' title="bbox 1894 618 3479 690">
    <p class='ocr_par' dir='ltr' id='par_1_20' title="bbox 1894 618 3479 690">
     <span class='ocr_line' id='line_1_20' title="bbox 1894 618 3479 690; baseline -0.004 -12"><span class='ocrx_word' id='word_1_141' title='bbox 1894 622 2025 678; x_wconf 90' lang='lat' dir='ltr'><strong>dum</strong></span> <span class='ocrx_word' id='word_1_142' title='bbox 2074 620 2365 675; x_wconf 87' lang='lat' dir='ltr'><strong>hominum</strong></span> <span class='ocrx_word' id='word_1_143' title='bbox 2394 620 2490 690; x_wconf 92' lang='lat' dir='ltr'><strong>qui</strong></span> <span class='ocrx_word' id='word_1_144' title='bbox 2525 628 2658 674; x_wconf 87' lang='lat' dir='ltr'><strong>tunc</strong></span> <span class='ocrx_word' id='word_1_145' title='bbox 2688 618 2950 687; x_wconf 84' lang='lat' dir='ltr'><strong>temporis</strong></span> <span class='ocrx_word' id='word_1_146' title='bbox 2982 626 3145 672; x_wconf 88' lang='lat' dir='ltr'><strong>erant</strong></span> <span class='ocrx_word' id='word_1_147' title='bbox 3183 618 3479 674; x_wconf 82' lang='lat' dir='ltr'><strong>infirmita-</strong></span> 
     </span>
    </p>
   </div>
   <div class='ocr_carea' id='block_1_21' title="bbox 1893 709 3479 780">
    <p class='ocr_par' dir='ltr' id='par_1_21' title="bbox 1893 709 3479 780">
     <span class='ocr_line' id='line_1_21' title="bbox 1893 709 3479 780; baseline -0.001 -14"><span class='ocrx_word' id='word_1_148' title='bbox 1893 721 2003 766; x_wconf 84' lang='lat' dir='ltr'><strong>tem</strong></span> <span class='ocrx_word' id='word_1_149' title='bbox 2038 711 2294 767; x_wconf 88' lang='lat' dir='ltr'><strong>instituta</strong></span> <span class='ocrx_word' id='word_1_150' title='bbox 2331 718 2437 765; x_wconf 90' lang='lat' dir='ltr'><strong>est.</strong></span> <span class='ocrx_word' id='word_1_151' title='bbox 2472 710 2571 767; x_wconf 86' lang='lat' dir='ltr'><strong>Hic</strong></span> <span class='ocrx_word' id='word_1_152' title='bbox 2615 719 2806 780; x_wconf 85' lang='lat' dir='ltr'><strong>typum</strong></span> <span class='ocrx_word' id='word_1_153' title='bbox 2858 724 3057 766; x_wconf 81' lang='lat' dir='ltr'><strong>rursus</strong></span> <span class='ocrx_word' id='word_1_154' title='bbox 3088 709 3158 764; x_wconf 84' lang='lat' dir='ltr'><strong>ad</strong></span> <span class='ocrx_word' id='word_1_155' title='bbox 3188 716 3479 766; x_wconf 72' lang='lat' dir='ltr'><strong>veritatem</strong></span> 
     </span>
    </p>
   </div>
   <div class='ocr_carea' id='block_1_22' title="bbox 1894 801 3477 875">
    <p class='ocr_par' dir='ltr' id='par_1_22' title="bbox 1894 801 3477 875">
     <span class='ocr_line' id='line_1_22' title="bbox 1894 801 3477 875; baseline 0.001 -17"><span class='ocrx_word' id='word_1_156' title='bbox 1894 802 2223 871; x_wconf 82' lang='lat' dir='ltr'><strong>transferes,</strong></span> <span class='ocrx_word' id='word_1_157' title='bbox 2249 810 2305 858; x_wconf 89' lang='lat' dir='ltr'><strong>et</strong></span> <span class='ocrx_word' id='word_1_158' title='bbox 2336 802 2693 859; x_wconf 85' lang='lat' dir='ltr'><strong>mediatorem</strong></span> <span class='ocrx_word' id='word_1_159' title='bbox 2733 801 2825 858; x_wconf 84' lang='lat' dir='ltr'><strong>Dei</strong></span> <span class='ocrx_word' id='word_1_160' title='bbox 2874 812 2933 858; x_wconf 87' lang='lat' dir='ltr'><strong>et</strong></span> <span class='ocrx_word' id='word_1_161' title='bbox 2976 803 3141 875; x_wconf 70' lang='lat'><strong>260</strong></span> <span class='ocrx_word' id='word_1_162' title='bbox 3188 804 3477 861; x_wconf 85' lang='lat' dir='ltr'><strong>hominum</strong></span> 
     </span>
    </p>
   </div>
   <div class='ocr_carea' id='block_1_23' title="bbox 1894 897 3479 972">
    <p class='ocr_par' dir='ltr' id='par_1_23' title="bbox 1894 897 3479 972">
     <span class='ocr_line' id='line_1_23' title="bbox 1894 897 3479 972; baseline -0.001 -18"><span class='ocrx_word' id='word_1_163' title='bbox 1894 898 2178 954; x_wconf 84' lang='lat' dir='ltr'><strong>Christum</strong></span> <span class='ocrx_word' id='word_1_164' title='bbox 2218 914 2317 969; x_wconf 87' lang='lat' dir='ltr'><strong>per</strong></span> <span class='ocrx_word' id='word_1_165' title='bbox 2346 897 2464 972; x_wconf 65' lang='lat' dir='ltr'><strong>haec</strong></span> <span class='ocrx_word' id='word_1_166' title='bbox 2493 898 2787 969; x_wconf 87' lang='lat' dir='ltr'><strong>intelliges,</strong></span> <span class='ocrx_word' id='word_1_167' title='bbox 2824 898 3240 955; x_wconf 78' lang='lat' dir='ltr'><strong>ministrantem</strong></span> <span class='ocrx_word' id='word_1_168' title='bbox 3277 900 3479 956; x_wconf 83' lang='lat' dir='ltr'><strong>docili-</strong></span> 
     </span>
    </p>
   </div>
   <div class='ocr_carea' id='block_1_24' title="bbox 1895 989 3481 1061">
    <p class='ocr_par' dir='ltr' id='par_1_24' title="bbox 1895 989 3481 1061">
     <span class='ocr_line' id='line_1_24' title="bbox 1895 989 3481 1061; baseline 0.002 -16"><span class='ocrx_word' id='word_1_169' title='bbox 1895 990 1999 1045; x_wconf 89' lang='lat' dir='ltr'><strong>bus</strong></span> <span class='ocrx_word' id='word_1_170' title='bbox 2029 991 2269 1044; x_wconf 85' lang='lat' dir='ltr'><strong>humana</strong></span> <span class='ocrx_word' id='word_1_171' title='bbox 2303 1005 2459 1055; x_wconf 87' lang='lat' dir='ltr'><strong>voce,</strong></span> <span class='ocrx_word' id='word_1_172' title='bbox 2492 989 2721 1059; x_wconf 83' lang='lat' dir='ltr'><strong>quando</strong></span> <span class='ocrx_word' id='word_1_173' title='bbox 2754 1002 2979 1061; x_wconf 84' lang='lat' dir='ltr'><strong>propter</strong></span> <span class='ocrx_word' id='word_1_174' title='bbox 3024 1006 3128 1048; x_wconf 84' lang='lat' dir='ltr'><strong>nos</strong></span> <span class='ocrx_word' id='word_1_175' title='bbox 3152 1006 3219 1045; x_wconf 89' lang='lat' dir='ltr'><strong>ex</strong></span> <span class='ocrx_word' id='word_1_176' title='bbox 3250 992 3481 1048; x_wconf 80' lang='lat' dir='ltr'><strong>muliere</strong></span> 
     </span>
    </p>
   </div>
   <div class='ocr_carea' id='block_1_25' title="bbox 1895 1080 3479 1147">
    <p class='ocr_par' dir='ltr' id='par_1_25' title="bbox 1895 1080 3479 1147">
     <span class='ocr_line' id='line_1_25' title="bbox 1895 1080 3479 1147; baseline 0.001 -11"><span class='ocrx_word' id='word_1_177' title='bbox 1895 1089 2062 1138; x_wconf 89' lang='lat' dir='ltr'><strong>natus</strong></span> <span class='ocrx_word' id='word_1_178' title='bbox 2094 1090 2199 1145; x_wconf 88' lang='lat' dir='ltr'><strong>est,</strong></span> <span class='ocrx_word' id='word_1_179' title='bbox 2235 1082 2333 1137; x_wconf 86' lang='lat' dir='ltr'><strong>Dei</strong></span> <span class='ocrx_word' id='word_1_180' title='bbox 2388 1096 2454 1138; x_wconf 90' lang='lat' dir='ltr'><strong>ac</strong></span> <span class='ocrx_word' id='word_1_181' title='bbox 2510 1080 2694 1138; x_wconf 84' lang='lat' dir='ltr'><strong>Patris</strong></span> <span class='ocrx_word' id='word_1_182' title='bbox 2736 1082 3075 1138; x_wconf 71' lang='lat' dir='ltr'><strong>voluntatem</strong></span> <span class='ocrx_word' id='word_1_183' title='bbox 3123 1082 3479 1147; x_wconf 75' lang='lat' dir='ltr'><strong>ineﬁ‘abilem,</strong></span> 
     </span>
    </p>
   </div>
   <div class='ocr_carea' id='block_1_26' title="bbox 1898 1173 3477 1244">
    <p class='ocr_par' dir='ltr' id='par_1_26' title="bbox 1898 1173 3477 1244">
     <span class='ocr_line' id='line_1_26' title="bbox 1898 1173 3477 1244; baseline 0.003 -19"><span class='ocrx_word' id='word_1_184' title='bbox 1898 1174 2002 1244; x_wconf 84' lang='lat' dir='ltr'><strong>ipsi</strong></span> <span class='ocrx_word' id='word_1_185' title='bbox 2055 1180 2207 1228; x_wconf 88' lang='lat' dir='ltr'><strong>certe</strong></span> <span class='ocrx_word' id='word_1_186' title='bbox 2246 1174 2342 1228; x_wconf 89' lang='lat' dir='ltr'><strong>uni</strong></span> <span class='ocrx_word' id='word_1_187' title='bbox 2390 1175 2694 1243; x_wconf 81' lang='lat' dir='ltr'><strong>cognita’m,</strong></span> <span class='ocrx_word' id='word_1_188' title='bbox 2721 1173 2779 1228; x_wconf 91' lang='lat' dir='ltr'><strong>in</strong></span> <span class='ocrx_word' id='word_1_189' title='bbox 2808 1183 3077 1244; x_wconf 86' lang='lat' dir='ltr'><strong>quantum</strong></span> <span class='ocrx_word' id='word_1_190' title='bbox 3123 1183 3178 1233; x_wconf 89' lang='lat' dir='ltr'><strong>et</strong></span> <span class='ocrx_word' id='word_1_191' title='bbox 3208 1175 3385 1233; x_wconf 84' lang='lat' dir='ltr'><strong>Filius</strong></span> <span class='ocrx_word' id='word_1_192' title='bbox 3411 1192 3477 1231; x_wconf 77' lang='lat' dir='ltr'><strong>ex</strong></span> 
     </span>
    </p>
   </div>
   <div class='ocr_carea' id='block_1_27' title="bbox 1896 1262 3478 1337">
    <p class='ocr_par' dir='ltr' id='par_1_27' title="bbox 1896 1262 3478 1337">
     <span class='ocr_line' id='line_1_27' title="bbox 1896 1262 3478 1337; baseline 0.004 -21"><span class='ocrx_word' id='word_1_193' title='bbox 1896 1262 2039 1334; x_wconf 89' lang='lat' dir='ltr'><strong>ipso,</strong></span> <span class='ocrx_word' id='word_1_194' title='bbox 2075 1273 2131 1320; x_wconf 90' lang='lat' dir='ltr'><strong>et</strong></span> <span class='ocrx_word' id='word_1_195' title='bbox 2179 1264 2453 1334; x_wconf 86' lang='lat' dir='ltr'><strong>sapientia</strong></span> <span class='ocrx_word' id='word_1_196' title='bbox 2488 1265 2841 1336; x_wconf 84' lang='lat' dir='ltr'><strong>intelligitur,</strong></span> <span class='ocrx_word' id='word_1_197' title='bbox 2875 1273 3074 1320; x_wconf 84' lang='lat' dir='ltr'><strong>cuncta</strong></span> <span class='ocrx_word' id='word_1_198' title='bbox 3110 1281 3478 1337; x_wconf 83' lang='lat' dir='ltr'><strong>cognoscens,</strong></span> 
     </span>
    </p>
   </div>
   <div class='ocr_carea' id='block_1_28' title="bbox 1895 1355 3479 1429">
    <p class='ocr_par' dir='ltr' id='par_1_28' title="bbox 1895 1355 3479 1429">
     <span class='ocr_line' id='line_1_28' title="bbox 1895 1355 3479 1429; baseline 0.003 -18"><span class='ocrx_word' id='word_1_199' title='bbox 1895 1356 2059 1411; x_wconf 90' lang='lat' dir='ltr'><strong>etiam</strong></span> <span class='ocrx_word' id='word_1_200' title='bbox 2104 1355 2377 1425; x_wconf 85' lang='lat' dir='ltr'><strong>profunda</strong></span> <span class='ocrx_word' id='word_1_201' title='bbox 2407 1355 2583 1412; x_wconf 81' lang='lat' dir='ltr'><strong>Dei“.</strong></span> <span class='ocrx_word' id='word_1_202' title='bbox 2612 1358 2748 1413; x_wconf 89' lang='lat' dir='ltr'><strong>Cum</strong></span> <span class='ocrx_word' id='word_1_203' title='bbox 2780 1358 2929 1413; x_wconf 88' lang='lat' dir='ltr'><strong>enim</strong></span> <span class='ocrx_word' id='word_1_204' title='bbox 2958 1360 3247 1429; x_wconf 78' lang='lat' dir='ltr'><strong>corporeis</strong></span> <span class='ocrx_word' id='word_1_205' title='bbox 3296 1361 3479 1416; x_wconf 83' lang='lat' dir='ltr'><strong>oculis</strong></span> 
     </span>
    </p>
   </div>
   <div class='ocr_carea' id='block_1_29' title="bbox 1893 1447 3480 1521">
    <p class='ocr_par' dir='ltr' id='par_1_29' title="bbox 1893 1447 3480 1521">
     <span class='ocr_line' id='line_1_29' title="bbox 1893 1447 3480 1521; baseline 0.003 -19"><span class='ocrx_word' id='word_1_206' title='bbox 1893 1448 2137 1502; x_wconf 86' lang='lat' dir='ltr'><strong>divinam</strong></span> <span class='ocrx_word' id='word_1_207' title='bbox 2174 1456 2226 1502; x_wconf 89' lang='lat' dir='ltr'><strong>et</strong></span> <span class='ocrx_word' id='word_1_208' title='bbox 2274 1447 2608 1503; x_wconf 79' lang='lat' dir='ltr'><strong>ineﬂ’abileni</strong></span> <span class='ocrx_word' id='word_1_209' title='bbox 2644 1448 2866 1504; x_wconf 89' lang='lat' dir='ltr'><strong>deitatis</strong></span> <span class='ocrx_word' id='word_1_210' title='bbox 2918 1450 3109 1506; x_wconf 83' lang='lat' dir='ltr'><strong>omnia</strong></span> <span class='ocrx_word' id='word_1_211' title='bbox 3161 1452 3480 1521; x_wconf 75' lang='lat' dir='ltr'><strong>superantis</strong></span> 
     </span>
    </p>
   </div>
   <div class='ocr_carea' id='block_1_30' title="bbox 1897 1540 3476 1613">
    <p class='ocr_par' dir='ltr' id='par_1_30' title="bbox 1897 1540 3476 1613">
     <span class='ocr_line' id='line_1_30' title="bbox 1897 1540 3476 1613; baseline 0.004 -22"><span class='ocrx_word' id='word_1_212' title='bbox 1897 1540 2130 1609; x_wconf 76' lang='lat' dir='ltr'><strong>gloriam</strong></span> <span class='ocrx_word' id='word_1_213' title='bbox 2161 1554 2353 1608; x_wconf 89' lang='lat' dir='ltr'><strong>puram</strong></span> <span class='ocrx_word' id='word_1_214' title='bbox 2386 1555 2450 1594; x_wconf 90' lang='lat' dir='ltr'><strong>ac</strong></span> <span class='ocrx_word' id='word_1_215' title='bbox 2491 1540 2693 1594; x_wconf 86' lang='lat' dir='ltr'><strong>nudam</strong></span> <span class='ocrx_word' id='word_1_216' title='bbox 2726 1554 2955 1596; x_wconf 88' lang='lat' dir='ltr'><strong>cernere</strong></span> <span class='ocrx_word' id='word_1_217' title='bbox 2987 1557 3095 1597; x_wconf 88' lang='lat' dir='ltr'><strong>non</strong></span> <span class='ocrx_word' id='word_1_218' title='bbox 3130 1558 3427 1613; x_wconf 78' lang='lat' dir='ltr'><strong>possemus</strong></span> <span class='ocrx_word' id='word_1_219' title='bbox 3463 1562 3476 1597; x_wconf 91' lang='lat'>:</span> 
     </span>
    </p>
   </div>
   <div class='ocr_carea' id='block_1_31' title="bbox 1901 1631 3481 1706">
    <p class='ocr_par' dir='ltr' id='par_1_31' title="bbox 1901 1631 3481 1706">
     <span class='ocr_line' id='line_1_31' title="bbox 1901 1631 3481 1706; baseline 0.004 -23"><span class='ocrx_word' id='word_1_220' title='bbox 1901 1650 1919 1683; x_wconf 76' lang='grc' dir='ltr'><strong>ι</strong></span> <span class='ocrx_word' id='word_1_221' title='bbox 1953 1631 2074 1686; x_wconf 89' lang='lat' dir='ltr'><strong>Non</strong></span> <span class='ocrx_word' id='word_1_222' title='bbox 2104 1633 2254 1687; x_wconf 90' lang='lat' dir='ltr'><strong>enim</strong></span> <span class='ocrx_word' id='word_1_223' title='bbox 2286 1632 2494 1688; x_wconf 82' lang='lat' dir='ltr'><strong>videbit</strong></span> <span class='ocrx_word' id='word_1_224' title='bbox 2532 1633 2703 1687; x_wconf 88' lang='lat' dir='ltr'><strong>homo</strong></span> <span class='ocrx_word' id='word_1_225' title='bbox 2737 1632 2935 1688; x_wconf 80' lang='lat' dir='ltr'><strong>faciem</strong></span> <span class='ocrx_word' id='word_1_226' title='bbox 2973 1635 3397 1706; x_wconf 86' lang='lat' dir='ltr'><strong>meam,inquit,</strong></span> <span class='ocrx_word' id='word_1_227' title='bbox 3426 1646 3481 1689; x_wconf 74' lang='lat' dir='ltr'><strong>rt</strong></span> 
     </span>
    </p>
   </div>
   <div class='ocr_carea' id='block_1_32' title="bbox 1894 1722 3481 1796">
    <p class='ocr_par' dir='ltr' id='par_1_32' title="bbox 1894 1722 3481 1796">
     <span class='ocr_line' id='line_1_32' title="bbox 1894 1722 3481 1796; baseline 0.003 -20"><span class='ocrx_word' id='word_1_228' title='bbox 1894 1722 2132 1789; x_wconf 80' lang='lat' dir='ltr'><strong>vivet“;</strong></span> <span class='ocrx_word' id='word_1_229' title='bbox 2165 1742 2183 1776; x_wconf 73' lang='grc' dir='ltr'><strong>ι</strong></span> <span class='ocrx_word' id='word_1_230' title='bbox 2218 1723 2433 1779; x_wconf 89' lang='lat' dir='ltr'><strong>idcirco</strong></span> <span class='ocrx_word' id='word_1_231' title='bbox 2485 1724 2805 1780; x_wconf 77' lang='lat' dir='ltr'><strong>necessario</strong></span> <span class='ocrx_word' id='word_1_232' title='bbox 2840 1725 3183 1796; x_wconf 76' lang='lat' dir='ltr'><strong>unigenitum</strong></span> <span class='ocrx_word' id='word_1_233' title='bbox 3218 1725 3310 1782; x_wconf 82' lang='lat' dir='ltr'><strong>Dei</strong></span> <span class='ocrx_word' id='word_1_234' title='bbox 3344 1727 3481 1782; x_wconf 82' lang='lat' dir='ltr'><strong>Ver-</strong></span> 
     </span>
    </p>
   </div>
   <div class='ocr_carea' id='block_1_33' title="bbox 1893 1814 3479 1881">
    <p class='ocr_par' dir='ltr' id='par_1_33' title="bbox 1893 1814 3479 1881">
     <span class='ocr_line' id='line_1_33' title="bbox 1893 1814 3479 1881; baseline 0.004 -13"><span class='ocrx_word' id='word_1_235' title='bbox 1893 1815 2020 1869; x_wconf 88' lang='lat' dir='ltr'><strong>bum</strong></span> <span class='ocrx_word' id='word_1_236' title='bbox 2051 1814 2259 1870; x_wconf 85' lang='lat' dir='ltr'><strong>nostris</strong></span> <span class='ocrx_word' id='word_1_237' title='bbox 2288 1814 2704 1870; x_wconf 85' lang='lat' dir='ltr'><strong>infirmitatibus</strong></span> <span class='ocrx_word' id='word_1_238' title='bbox 2737 1815 3147 1871; x_wconf 87' lang='lat' dir='ltr'><strong>conformatum</strong></span> <span class='ocrx_word' id='word_1_239' title='bbox 3177 1825 3282 1881; x_wconf 83' lang='lat' dir='ltr'><strong>est,</strong></span> <span class='ocrx_word' id='word_1_240' title='bbox 3324 1834 3479 1873; x_wconf 70' lang='lat' dir='ltr'><strong>mor-</strong></span> 
     </span>
    </p>
   </div>
   <div class='ocr_carea' id='block_1_34' title="bbox 188 1906 1785 1990">
    <p class='ocr_par' dir='ltr' id='par_1_34' title="bbox 188 1908 1782 1981">
     <span class='ocr_line' id='line_1_34' title="bbox 188 1908 1782 1981; baseline -0.001 -18"><span class='ocrx_word' id='word_1_241' title='bbox 188 1910 498 1981; x_wconf 80' lang='grc' dir='ltr'>ήμετὲραις</span> <span class='ocrx_word' id='word_1_242' title='bbox 522 1909 834 1971; x_wconf 83' lang='grc' dir='ltr'>ἀσθενείαις</span> <span class='ocrx_word' id='word_1_243' title='bbox 858 1909 1376 1980; x_wconf 75' lang='grc' dir='ltr'>συνεσχηματίξετο,</span> <span class='ocrx_word' id='word_1_244' title='bbox 1407 1908 1467 1963; x_wconf 85' lang='grc' dir='ltr'><strong>τὸ</strong></span> <span class='ocrx_word' id='word_1_245' title='bbox 1506 1909 1782 1961; x_wconf 84' lang='grc' dir='ltr'>ἀνθοώπι-</span> 
     </span>
    </p>
   </div>
   <div class='ocr_carea' id='block_1_35' title="bbox 1891 1906 3482 1990">
    <p class='ocr_par' dir='ltr' id='par_1_35' title="bbox 1899 1906 3482 1979">
     <span class='ocr_line' id='line_1_35' title="bbox 1899 1906 3482 1979; baseline 0.003 -21"><span class='ocrx_word' id='word_1_246' title='bbox 1899 1906 1987 1959; x_wconf 87' lang='lat' dir='ltr'><strong>tali</strong></span> <span class='ocrx_word' id='word_1_247' title='bbox 2040 1906 2147 1960; x_wconf 87' lang='lat' dir='ltr'><strong>hoc</strong></span> <span class='ocrx_word' id='word_1_248' title='bbox 2184 1921 2419 1975; x_wconf 90' lang='lat' dir='ltr'><strong>corpore</strong></span> <span class='ocrx_word' id='word_1_249' title='bbox 2471 1906 2777 1960; x_wconf 87' lang='lat' dir='ltr'><strong>secundum</strong></span> <span class='ocrx_word' id='word_1_250' title='bbox 2816 1907 3147 1963; x_wconf 85' lang='lat' dir='ltr'><strong>ineffabilem</strong></span> <span class='ocrx_word' id='word_1_251' title='bbox 3191 1908 3482 1979; x_wconf 83' lang='lat' dir='ltr'><strong>dispensa-</strong></span> 
     </span>
    </p>
   </div>
   <div class='ocr_carea' id='block_1_36' title="bbox 186 2002 1785 2074">
    <p class='ocr_par' dir='ltr' id='par_1_36' title="bbox 186 2002 1785 2074">
     <span class='ocr_line' id='line_1_36' title="bbox 186 2002 1785 2074; baseline -0.002 -18"><span class='ocrx_word' id='word_1_252' title='bbox 186 2022 275 2056; x_wconf 91' lang='grc' dir='ltr'><strong>νον</strong></span> <span class='ocrx_word' id='word_1_253' title='bbox 314 2004 382 2074; x_wconf 83' lang='grc' dir='ltr'>δὴ</span> <span class='ocrx_word' id='word_1_254' title='bbox 412 2004 578 2056; x_wconf 80' lang='grc' dir='ltr'>τοῦ-ο</span> <span class='ocrx_word' id='word_1_255' title='bbox 618 2002 760 2056; x_wconf 80' lang='grc' dir='ltr'>κατᾶ</span> <span class='ocrx_word' id='word_1_256' title='bbox 787 2006 876 2055; x_wconf 68' lang='grc' dir='ltr'><strong>τὸν</strong></span> <span class='ocrx_word' id='word_1_257' title='bbox 910 2003 1148 2074; x_wconf 75' lang='grc' dir='ltr'>ἄρρητον</span> <span class='ocrx_word' id='word_1_258' title='bbox 1178 2006 1277 2071; x_wconf 73' lang='grc' dir='ltr'><strong>της</strong></span> <span class='ocrx_word' id='word_1_259' title='bbox 1298 2036 1317 2045; x_wconf 60' lang='grc' dir='ltr'><strong>η</strong></span> <span class='ocrx_word' id='word_1_260' title='bbox 1352 2004 1609 2071; x_wconf 77' lang='grc' dir='ltr'>μίας</span> <span class='ocrx_word' id='word_1_261' title='bbox 1630 2002 1785 2070; x_wconf 79' lang='grc' dir='ltr'>λόγον</span> 
     </span>
    </p>
   </div>
   <div class='ocr_carea' id='block_1_37' title="bbox 187 2095 1786 2167">
    <p class='ocr_par' dir='ltr' id='par_1_37' title="bbox 187 2095 1786 2167">
     <span class='ocr_line' id='line_1_37' title="bbox 187 2095 1786 2167; baseline -0.002 -18"><span class='ocrx_word' id='word_1_262' title='bbox 187 2096 577 2167; x_wconf 69' lang='grc' dir='ltr'>ἠμφιεσμένος</span> <span class='ocrx_word' id='word_1_263' title='bbox 616 2095 799 2167; x_wconf 82' lang='grc' dir='ltr'>σῶμα,</span> <span class='ocrx_word' id='word_1_264' title='bbox 825 2096 917 2149; x_wconf 77' lang='grc' dir='ltr'>καὶ</span> <span class='ocrx_word' id='word_1_265' title='bbox 953 2096 1052 2166; x_wconf 83' lang='grc' dir='ltr'>τὴν</span> <span class='ocrx_word' id='word_1_266' title='bbox 1103 2095 1309 2150; x_wconf 70' lang='grc' dir='ltr'>ἀνωθεν</span> <span class='ocrx_word' id='word_1_267' title='bbox 1356 2097 1507 2166; x_wconf 80' lang='grc' dir='ltr'>ἡμῖν,</span> <span class='ocrx_word' id='word_1_268' title='bbox 1538 2095 1786 2149; x_wconf 80' lang='grc' dir='ltr'><strong>τουτέστι</strong></span> 
     </span>
    </p>
   </div>
   <div class='ocr_carea' id='block_1_38' title="bbox 148 2184 1783 2259">
    <p class='ocr_par' dir='ltr' id='par_1_38' title="bbox 148 2184 1783 2259">
     <span class='ocr_line' id='line_1_38' title="bbox 148 2184 1783 2259; baseline -0.002 -18"><span class='ocrx_word' id='word_1_269' title='bbox 148 2234 157 2241; x_wconf 91' lang='grc'>.</span> <span class='ocrx_word' id='word_1_270' title='bbox 185 2188 279 2241; x_wconf 83' lang='grc' dir='ltr'><strong>τοῦ</strong></span> <span class='ocrx_word' id='word_1_271' title='bbox 307 2188 453 2241; x_wconf 84' lang='grc' dir='ltr'>Θεοῦ</span> <span class='ocrx_word' id='word_1_272' title='bbox 481 2189 575 2242; x_wconf 74' lang='grc' dir='ltr'>καὶ</span> <span class='ocrx_word' id='word_1_273' title='bbox 594 2188 805 2259; x_wconf 81' lang='grc' dir='ltr'>[ἰατρὸς</span> <span class='ocrx_word' id='word_1_274' title='bbox 842 2188 1083 2258; x_wconf 74' lang='grc' dir='ltr'>φανερὰν</span> <span class='ocrx_word' id='word_1_275' title='bbox 1114 2187 1285 2241; x_wconf 88' lang='grc' dir='ltr'>ἐποίει</span> <span class='ocrx_word' id='word_1_276' title='bbox 1315 2186 1528 2259; x_wconf 75' lang='grc' dir='ltr'>βουλὴν,</span> <span class='ocrx_word' id='word_1_277' title='bbox 1561 2184 1736 2255; x_wconf 81' lang='grc' dir='ltr'>λέγων</span> <span class='ocrx_word' id='word_1_278' title='bbox 1770 2203 1783 2216; x_wconf 87' lang='grc'><strong>·</strong></span> 
     </span>
    </p>
   </div>
   <div class='ocr_carea' id='block_1_39' title="bbox 196 2278 1787 2352">
    <p class='ocr_par' dir='ltr' id='par_1_39' title="bbox 196 2278 1787 2352">
     <span class='ocr_line' id='line_1_39' title="bbox 196 2278 1787 2352; baseline 0.001 -21"><span class='ocrx_word' id='word_1_279' title='bbox 196 2299 214 2331; x_wconf 78' lang='grc' dir='ltr'><strong>ι</strong></span> <span class='ocrx_word' id='word_1_280' title='bbox 246 2281 443 2335; x_wconf 80' lang='grc' dir='ltr'>Πάντα</span> <span class='ocrx_word' id='word_1_281' title='bbox 469 2282 570 2335; x_wconf 77' lang='grc' dir='ltr'>ὅσα</span> <span class='ocrx_word' id='word_1_282' title='bbox 600 2282 807 2352; x_wconf 70' lang='grc' dir='ltr'>ἥκουσα</span> <span class='ocrx_word' id='word_1_283' title='bbox 841 2281 992 2350; x_wconf 74' lang='grc' dir='ltr'>παρὰ</span> <span class='ocrx_word' id='word_1_284' title='bbox 1020 2280 1113 2333; x_wconf 86' lang='grc' dir='ltr'><strong>τοῦ</strong></span> <span class='ocrx_word' id='word_1_285' title='bbox 1152 2279 1385 2349; x_wconf 86' lang='grc' dir='ltr'>Πατρὸς,</span> <span class='ocrx_word' id='word_1_286' title='bbox 1415 2278 1591 2333; x_wconf 87' lang='grc' dir='ltr'>ταῦτα</span> <span class='ocrx_word' id='word_1_287' title='bbox 1619 2280 1787 2347; x_wconf 83' lang='grc' dir='ltr'>ἀναγ-</span> 
     </span>
    </p>
   </div>
   <div class='ocr_carea' id='block_1_40' title="bbox 190 2369 1789 2443">
    <p class='ocr_par' dir='ltr' id='par_1_40' title="bbox 190 2369 1789 2443">
     <span class='ocr_line' id='line_1_40' title="bbox 190 2369 1789 2443; baseline 0.001 -18"><span class='ocrx_word' id='word_1_288' title='bbox 190 2373 369 2439; x_wconf 78' lang='grc' dir='ltr'>γέλλω</span> <span class='ocrx_word' id='word_1_289' title='bbox 406 2374 560 2442; x_wconf 81' lang='grc' dir='ltr'>ὑμῖν.</span> <span class='ocrx_word' id='word_1_290' title='bbox 595 2393 613 2425; x_wconf 73' lang='grc' dir='ltr'><strong>ι</strong></span> <span class='ocrx_word' id='word_1_291' title='bbox 642 2374 753 2427; x_wconf 77' lang='grc' dir='ltr'><strong>Καὶ</strong></span> <span class='ocrx_word' id='word_1_292' title='bbox 776 2373 960 2441; x_wconf 82' lang='grc' dir='ltr'>πάλιν,</span> <span class='ocrx_word' id='word_1_293' title='bbox 991 2375 1072 2427; x_wconf 83' lang='grc' dir='ltr'>ὅτι</span> <span class='ocrx_word' id='word_1_294' title='bbox 1105 2389 1124 2423; x_wconf 77' lang='grc' dir='ltr'><strong>ι</strong></span> <span class='ocrx_word' id='word_1_295' title='bbox 1160 2370 1303 2442; x_wconf 84' lang='grc' dir='ltr'>Ἐγὼ</span> <span class='ocrx_word' id='word_1_296' title='bbox 1330 2369 1651 2443; x_wconf 80' lang='grc' dir='ltr'>ἐξέμαυτοῦ</span> <span class='ocrx_word' id='word_1_297' title='bbox 1689 2372 1789 2427; x_wconf 81' lang='grc' dir='ltr'>οὐκ</span> 
     </span>
    </p>
   </div>
   <div class='ocr_carea' id='block_1_41' title="bbox 189 2464 1757 2536">
    <p class='ocr_par' dir='ltr' id='par_1_41' title="bbox 189 2464 1757 2536">
     <span class='ocr_line' id='line_1_41' title="bbox 189 2464 1757 2536; baseline 0 -18"><span class='ocrx_word' id='word_1_298' title='bbox 189 2466 456 2536; x_wconf 72' lang='grc' dir='ltr'>ἐλάλησα,</span> <span class='ocrx_word' id='word_1_299' title='bbox 485 2466 599 2518; x_wconf 80' lang='grc' dir='ltr'>ἀλλ’</span> <span class='ocrx_word' id='word_1_300' title='bbox 624 2469 654 2519; x_wconf 83' lang='grc' dir='ltr'>ὁ</span> <span class='ocrx_word' id='word_1_301' title='bbox 683 2465 910 2536; x_wconf 77' lang='grc' dir='ltr'>πέμψας</span> <span class='ocrx_word' id='word_1_302' title='bbox 947 2482 1014 2535; x_wconf 89' lang='grc' dir='ltr'><strong>με</strong></span> <span class='ocrx_word' id='word_1_303' title='bbox 1060 2465 1273 2535; x_wconf 79' lang='grc' dir='ltr'>Πατὴρ,</span> <span class='ocrx_word' id='word_1_304' title='bbox 1313 2464 1477 2526; x_wconf 85' lang='grc' dir='ltr'>αὑτός</span> <span class='ocrx_word' id='word_1_305' title='bbox 1512 2481 1603 2534; x_wconf 89' lang='grc' dir='ltr'><strong>μοι</strong></span> <span class='ocrx_word' id='word_1_306' title='bbox 1637 2467 1757 2518; x_wconf 88' lang='grc' dir='ltr'>ἐντο</span> 
     </span>
    </p>
   </div>
   <div class='ocr_carea' id='block_1_42' title="bbox 188 2558 1791 2631">
    <p class='ocr_par' dir='ltr' id='par_1_42' title="bbox 188 2558 1791 2631">
     <span class='ocr_line' id='line_1_42' title="bbox 188 2558 1791 2631; baseline 0 -20"><span class='ocrx_word' id='word_1_307' title='bbox 188 2560 286 2631; x_wconf 72' lang='grc' dir='ltr'>λὴν</span> <span class='ocrx_word' id='word_1_308' title='bbox 317 2560 527 2614; x_wconf 81' lang='grc' dir='ltr'>δέδωκε</span> <span class='ocrx_word' id='word_1_309' title='bbox 556 2560 609 2612; x_wconf 88' lang='grc' dir='ltr'><strong>τί</strong></span> <span class='ocrx_word' id='word_1_310' title='bbox 654 2559 814 2627; x_wconf 76' lang='grc' dir='ltr'>εἴπω,</span> <span class='ocrx_word' id='word_1_311' title='bbox 838 2561 934 2613; x_wconf 68' lang='grc' dir='ltr'>καὶ</span> <span class='ocrx_word' id='word_1_312' title='bbox 962 2560 1016 2613; x_wconf 90' lang='grc' dir='ltr'><strong>τί</strong></span> <span class='ocrx_word' id='word_1_313' title='bbox 1048 2559 1270 2629; x_wconf 84' lang='grc' dir='ltr'>λαλήσω</span> <span class='ocrx_word' id='word_1_314' title='bbox 1326 2576 1345 2610; x_wconf 72' lang='grc' dir='ltr'><strong>ι</strong></span> <span class='ocrx_word' id='word_1_315' title='bbox 1390 2558 1599 2611; x_wconf 80' lang='grc' dir='ltr'>Οὐκοῦν</span> <span class='ocrx_word' id='word_1_316' title='bbox 1646 2558 1791 2611; x_wconf 69' lang='grc' dir='ltr'>κατὰ</span> 
     </span>
    </p>
   </div>
   <div class='ocr_carea' id='block_1_43' title="bbox 193 2651 1788 2725">
    <p class='ocr_par' dir='ltr' id='par_1_43' title="bbox 193 2651 1788 2725">
     <span class='ocr_line' id='line_1_43' title="bbox 193 2651 1788 2725; baseline -0.003 -16"><span class='ocrx_word' id='word_1_317' title='bbox 193 2656 291 2725; x_wconf 83' lang='grc' dir='ltr'>μὲν</span> <span class='ocrx_word' id='word_1_318' title='bbox 340 2655 448 2725; x_wconf 77' lang='grc' dir='ltr'>τῆς</span> <span class='ocrx_word' id='word_1_319' title='bbox 484 2654 761 2724; x_wconf 85' lang='grc' dir='ltr'>μεσιτείας</span> <span class='ocrx_word' id='word_1_320' title='bbox 809 2655 1012 2716; x_wconf 77' lang='grc' dir='ltr'>είκόνα,</span> <span class='ocrx_word' id='word_1_321' title='bbox 1047 2654 1217 2715; x_wconf 80' lang='grc' dir='ltr'>τύπος</span> <span class='ocrx_word' id='word_1_322' title='bbox 1244 2652 1310 2706; x_wconf 80' lang='grc' dir='ltr'><strong>ἀν</strong></span> <span class='ocrx_word' id='word_1_323' title='bbox 1336 2654 1509 2705; x_wconf 78' lang='grc' dir='ltr'>νοοῖτο</span> <span class='ocrx_word' id='word_1_324' title='bbox 1548 2651 1788 2723; x_wconf 79' lang='grc' dir='ltr'>Χριστοῦ</span> 
     </span>
    </p>
   </div>
   <div class='ocr_carea' id='block_1_44' title="bbox 192 2737 1787 2815">
    <p class='ocr_par' dir='ltr' id='par_1_44' title="bbox 192 2737 1787 2815">
     <span class='ocr_line' id='line_1_44' title="bbox 192 2737 1787 2815; baseline -0.003 -16"><span class='ocrx_word' id='word_1_325' title='bbox 192 2748 285 2799; x_wconf 71' lang='grc' dir='ltr'>καὶ</span> <span class='ocrx_word' id='word_1_326' title='bbox 326 2746 508 2798; x_wconf 76' lang='grc' dir='ltr'>πάλαι</span> <span class='ocrx_word' id='word_1_327' title='bbox 550 2744 779 2813; x_wconf 75' lang='grc' dir='ltr'>Μωσῆς,</span> <span class='ocrx_word' id='word_1_328' title='bbox 809 2745 879 2798; x_wconf 72' lang='grc' dir='ltr'><strong>τὰ</strong></span> <span class='ocrx_word' id='word_1_329' title='bbox 925 2742 1108 2797; x_wconf 76' lang='grc' dir='ltr'>θεόθεν</span> <span class='ocrx_word' id='word_1_330' title='bbox 1135 2737 1468 2815; x_wconf 77' lang='grc' dir='ltr'>διωρισμένα</span> <span class='ocrx_word' id='word_1_331' title='bbox 1494 2744 1607 2805; x_wconf 86' lang='grc' dir='ltr'>τοῖς</span> <span class='ocrx_word' id='word_1_332' title='bbox 1651 2744 1787 2807; x_wconf 81' lang='grc' dir='ltr'>υἱοῖς</span> 
     </span>
    </p>
   </div>
   <div class='ocr_carea' id='block_1_45' title="bbox 203 2832 1789 2908">
    <p class='ocr_par' dir='ltr' id='par_1_45' title="bbox 203 2832 1789 2908">
     <span class='ocr_line' id='line_1_45' title="bbox 203 2832 1789 2908; baseline -0.003 -18"><span class='ocrx_word' id='word_1_333' title='bbox 203 2836 429 2908; x_wconf 69' lang='grc' dir='ltr'>Ἰσραὴλ</span> <span class='ocrx_word' id='word_1_334' title='bbox 461 2832 523 2890; x_wconf 82' lang='grc' dir='ltr'>εὖ</span> <span class='ocrx_word' id='word_1_335' title='bbox 568 2835 631 2905; x_wconf 81' lang='grc' dir='ltr'>δὴ</span> <span class='ocrx_word' id='word_1_336' title='bbox 671 2836 765 2890; x_wconf 77' lang='grc' dir='ltr'>καὶ</span> <span class='ocrx_word' id='word_1_337' title='bbox 807 2836 951 2905; x_wconf 85' lang='grc' dir='ltr'>μάλα</span> <span class='ocrx_word' id='word_1_338' title='bbox 992 2832 1413 2904; x_wconf 79' lang='grc' dir='ltr'>διακονούμενος</span> <span class='ocrx_word' id='word_1_339' title='bbox 1473 2833 1588 2886; x_wconf 89' lang='grc' dir='ltr'>ἀλλ’</span> <span class='ocrx_word' id='word_1_340' title='bbox 1620 2835 1653 2903; x_wconf 83' lang='grc' dir='ltr'>ὴ</span> <span class='ocrx_word' id='word_1_341' title='bbox 1692 2833 1789 2903; x_wconf 84' lang='grc' dir='ltr'>μὲν</span> 
     </span>
    </p>
   </div>
   <div class='ocr_carea' id='block_1_46' title="bbox 192 2925 1791 2999">
    <p class='ocr_par' dir='ltr' id='par_1_46' title="bbox 192 2925 1791 2999">
     <span class='ocr_line' id='line_1_46' title="bbox 192 2925 1791 2999; baseline -0.004 -15"><span class='ocrx_word' id='word_1_342' title='bbox 192 2930 441 2992; x_wconf 66' lang='grc' dir='ltr'>Μωσέως</span> <span class='ocrx_word' id='word_1_343' title='bbox 492 2929 740 2999; x_wconf 83' lang='grc' dir='ltr'>μεσιτεία</span> <span class='ocrx_word' id='word_1_344' title='bbox 768 2926 1070 2998; x_wconf 84' lang='grc' dir='ltr'>διακονικὴ,</span> <span class='ocrx_word' id='word_1_345' title='bbox 1102 2926 1361 2997; x_wconf 77' lang='grc' dir='ltr'>ἐλευθέρα</span> <span class='ocrx_word' id='word_1_346' title='bbox 1392 2925 1449 2979; x_wconf 76' lang='grc' dir='ltr'>δὲ</span> <span class='ocrx_word' id='word_1_347' title='bbox 1477 2928 1510 2995; x_wconf 86' lang='grc' dir='ltr'><strong>ή</strong></span> <span class='ocrx_word' id='word_1_348' title='bbox 1545 2926 1632 2979; x_wconf 90' lang='grc' dir='ltr'><strong>διά</strong></span> <span class='ocrx_word' id='word_1_349' title='bbox 1658 2926 1791 2996; x_wconf 81' lang='grc' dir='ltr'>Χρι-</span> 
     </span>
    </p>
   </div>
   <div class='ocr_carea' id='block_1_47' title="bbox 193 3010 1789 3088">
    <p class='ocr_par' dir='ltr' id='par_1_47' title="bbox 193 3010 1789 3088">
     <span class='ocr_line' id='line_1_47' title="bbox 193 3010 1789 3088; baseline -0.002 -17"><span class='ocrx_word' id='word_1_350' title='bbox 193 3036 318 3071; x_wconf 81' lang='grc' dir='ltr'>στου</span> <span class='ocrx_word' id='word_1_351' title='bbox 358 3018 460 3072; x_wconf 72' lang='grc' dir='ltr'><strong>καὶ</strong></span> <span class='ocrx_word' id='word_1_352' title='bbox 508 3017 913 3088; x_wconf 83' lang='grc' dir='ltr'>μυστικωτέρα,</span> <span class='ocrx_word' id='word_1_353' title='bbox 945 3015 1193 3085; x_wconf 80' lang='grc' dir='ltr'>φυσικῶς</span> <span class='ocrx_word' id='word_1_354' title='bbox 1216 3010 1324 3069; x_wconf 85' lang='grc' dir='ltr'><strong>τῶν</strong></span> <span class='ocrx_word' id='word_1_355' title='bbox 1358 3015 1789 3087; x_wconf 80' lang='grc' dir='ltr'>μεσιτευομένων</span> 
     </span>
    </p>
   </div>
   <div class='ocr_carea' id='block_1_48' title="bbox 192 3108 1791 3179">
    <p class='ocr_par' dir='ltr' id='par_1_48' title="bbox 192 3108 1791 3179">
     <span class='ocr_line' id='line_1_48' title="bbox 192 3108 1791 3179; baseline -0.003 -15"><span class='ocrx_word' id='word_1_356' title='bbox 192 3109 663 3179; x_wconf 75' lang='grc' dir='ltr'>ἐπιθιγγάνοντος,</span> <span class='ocrx_word' id='word_1_357' title='bbox 689 3110 784 3162; x_wconf 70' lang='grc' dir='ltr'>καὶ</span> <span class='ocrx_word' id='word_1_358' title='bbox 817 3108 954 3178; x_wconf 88' lang='grc' dir='ltr'>πρὸς</span> <span class='ocrx_word' id='word_1_359' title='bbox 974 3109 1139 3178; x_wconf 84' lang='grc' dir='ltr'>ἄμφω</span> <span class='ocrx_word' id='word_1_360' title='bbox 1156 3108 1452 3179; x_wconf 84' lang='grc' dir='ltr'>διήκοντος,</span> <span class='ocrx_word' id='word_1_361' title='bbox 1473 3108 1574 3177; x_wconf 85' lang='grc' dir='ltr'><strong>τήν</strong></span> <span class='ocrx_word' id='word_1_362' title='bbox 1601 3123 1660 3160; x_wconf 88' lang='grc' dir='ltr'><strong>τε</strong></span> <span class='ocrx_word' id='word_1_363' title='bbox 1697 3124 1791 3176; x_wconf 90' lang='grc' dir='ltr'>με-</span> 
     </span>
    </p>
   </div>
   <div class='ocr_carea' id='block_1_49' title="bbox 192 3195 1789 3273">
    <p class='ocr_par' dir='ltr' id='par_1_49' title="bbox 192 3195 1789 3273">
     <span class='ocr_line' id='line_1_49' title="bbox 192 3195 1789 3273; baseline -0.004 -15"><span class='ocrx_word' id='word_1_364' title='bbox 192 3203 560 3273; x_wconf 84' lang='grc' dir='ltr'>σιτευομένην</span> <span class='ocrx_word' id='word_1_365' title='bbox 608 3200 1040 3271; x_wconf 86' lang='grc' dir='ltr'>ἀνθρωπότητα,</span> <span class='ocrx_word' id='word_1_366' title='bbox 1072 3200 1168 3253; x_wconf 81' lang='grc' dir='ltr'>καὶ</span> <span class='ocrx_word' id='word_1_367' title='bbox 1220 3200 1442 3269; x_wconf 78' lang='grc' dir='ltr'>Πατέρα</span> <span class='ocrx_word' id='word_1_368' title='bbox 1482 3199 1635 3253; x_wconf 88' lang='grc' dir='ltr'>Θεόν.</span> <span class='ocrx_word' id='word_1_369' title='bbox 1679 3195 1789 3252; x_wconf 85' lang='grc' dir='ltr'>Ἦν</span> 
     </span>
    </p>
   </div>
   <div class='ocr_carea' id='block_1_50' title="bbox 1889 1997 3481 2069">
    <p class='ocr_par' dir='ltr' id='par_1_50' title="bbox 1889 1997 3481 2069">
     <span class='ocr_line' id='line_1_50' title="bbox 1889 1997 3481 2069; baseline 0.005 -19"><span class='ocrx_word' id='word_1_370' title='bbox 1889 2006 2059 2052; x_wconf 57' lang='grc' dir='ltr'>ιποιιε</span> <span class='ocrx_word' id='word_1_371' title='bbox 2104 1998 2221 2051; x_wconf 52' lang='grc' dir='ltr'><strong>,³ιῖ</strong></span> <span class='ocrx_word' id='word_1_372' title='bbox 2253 2013 2376 2052; x_wconf 89' lang='lat' dir='ltr'><strong>nem</strong></span> <span class='ocrx_word' id='word_1_373' title='bbox 2423 1997 2700 2063; x_wconf 89' lang='lat' dir='ltr'><strong>&#39;ndutum,</strong></span> <span class='ocrx_word' id='word_1_374' title='bbox 2727 2006 2781 2052; x_wconf 86' lang='lat' dir='ltr'><strong>et</strong></span> <span class='ocrx_word' id='word_1_375' title='bbox 2832 2015 3127 2069; x_wconf 85' lang='lat' dir='ltr'><strong>supernam</strong></span> <span class='ocrx_word' id='word_1_376' title='bbox 3160 2002 3341 2068; x_wconf 89' lang='lat' dir='ltr'><strong>nobis,</strong></span> <span class='ocrx_word' id='word_1_377' title='bbox 3376 2003 3481 2059; x_wconf 89' lang='lat' dir='ltr'><strong>hoc</strong></span> 
     </span>
    </p>
   </div>
   <div class='ocr_carea' id='block_1_51' title="bbox 1884 2086 3477 2159">
    <p class='ocr_par' dir='ltr' id='par_1_51' title="bbox 1884 2086 3477 2159">
     <span class='ocr_line' id='line_1_51' title="bbox 1884 2086 3477 2159; baseline 0.003 -17"><span class='ocrx_word' id='word_1_378' title='bbox 1884 2097 1970 2142; x_wconf 89' lang='lat' dir='ltr'><strong>est</strong></span> <span class='ocrx_word' id='word_1_379' title='bbox 2001 2087 2093 2142; x_wconf 80' lang='lat' dir='ltr'><strong>Dei</strong></span> <span class='ocrx_word' id='word_1_380' title='bbox 2126 2102 2191 2143; x_wconf 90' lang='lat' dir='ltr'><strong>ac</strong></span> <span class='ocrx_word' id='word_1_381' title='bbox 2219 2086 2425 2151; x_wconf 89' lang='lat' dir='ltr'><strong>Patris,</strong></span> <span class='ocrx_word' id='word_1_382' title='bbox 2452 2088 2789 2145; x_wconf 83' lang='lat' dir='ltr'><strong>voluntatem</strong></span> <span class='ocrx_word' id='word_1_383' title='bbox 2815 2089 3207 2159; x_wconf 83' lang='lat' dir='ltr'><strong>manifestavit,</strong></span> <span class='ocrx_word' id='word_1_384' title='bbox 3238 2094 3430 2150; x_wconf 71' lang='lat' dir='ltr'><strong>dicens</strong></span> <span class='ocrx_word' id='word_1_385' title='bbox 3460 2111 3477 2146; x_wconf 90' lang='lat'><strong>:</strong></span> 
     </span>
    </p>
   </div>
   <div class='ocr_carea' id='block_1_52' title="bbox 1892 2181 3481 2265">
    <p class='ocr_par' dir='ltr' id='par_1_52' title="bbox 1892 2181 3481 2265">
     <span class='ocr_line' id='line_1_52' title="bbox 1892 2181 3481 2265; baseline 0.008 -33"><span class='ocrx_word' id='word_1_386' title='bbox 1892 2200 1909 2231; x_wconf 77' lang='grc' dir='ltr'><strong>ι</strong></span> <span class='ocrx_word' id='word_1_387' title='bbox 1938 2182 2135 2235; x_wconf 89' lang='lat' dir='ltr'><strong>Omnia</strong></span> <span class='ocrx_word' id='word_1_388' title='bbox 2157 2196 2505 2265; x_wconf 53' lang='lat' dir='ltr'><strong>quaecunque</strong></span> <span class='ocrx_word' id='word_1_389' title='bbox 2533 2182 2718 2237; x_wconf 82' lang='lat' dir='ltr'><strong>audivi</strong></span> <span class='ocrx_word' id='word_1_390' title='bbox 2746 2198 2778 2237; x_wconf 90' lang='lat' dir='ltr'><strong>a</strong></span> <span class='ocrx_word' id='word_1_391' title='bbox 2808 2181 2971 2239; x_wconf 86' lang='lat' dir='ltr'><strong>Patre</strong></span> <span class='ocrx_word' id='word_1_392' title='bbox 2999 2198 3143 2249; x_wconf 89' lang='lat' dir='ltr'><strong>meo,</strong></span> <span class='ocrx_word' id='word_1_393' title='bbox 3170 2192 3300 2241; x_wconf 87' lang='lat' dir='ltr'><strong>nota</strong></span> <span class='ocrx_word' id='word_1_394' title='bbox 3337 2187 3481 2244; x_wconf 82' lang='lat' dir='ltr'><strong>facio</strong></span> 
     </span>
    </p>
   </div>
   <div class='ocr_carea' id='block_1_53' title="bbox 1887 2274 3467 2348">
    <p class='ocr_par' dir='ltr' id='par_1_53' title="bbox 1887 2274 3467 2348">
     <span class='ocr_line' id='line_1_53' title="bbox 1887 2274 3467 2348; baseline 0.004 -18"><span class='ocrx_word' id='word_1_395' title='bbox 1887 2276 2043 2331; x_wconf 85' lang='lat' dir='ltr'><strong>vobis</strong></span> <span class='ocrx_word' id='word_1_396' title='bbox 2066 2276 2132 2329; x_wconf 84' lang='grc'><strong>³³.</strong></span> <span class='ocrx_word' id='word_1_397' title='bbox 2172 2295 2191 2328; x_wconf 83' lang='grc'>›</span> <span class='ocrx_word' id='word_1_398' title='bbox 2226 2274 2357 2331; x_wconf 83' lang='lat' dir='ltr'><strong>Item</strong></span> <span class='ocrx_word' id='word_1_399' title='bbox 2388 2294 2400 2328; x_wconf 90' lang='lat'>:</span> <span class='ocrx_word' id='word_1_400' title='bbox 2432 2294 2451 2327; x_wconf 76' lang='grc' dir='ltr'><strong>ι</strong></span> <span class='ocrx_word' id='word_1_401' title='bbox 2489 2276 2604 2346; x_wconf 86' lang='lat' dir='ltr'><strong>Ego</strong></span> <span class='ocrx_word' id='word_1_402' title='bbox 2636 2293 2699 2332; x_wconf 89' lang='lat' dir='ltr'><strong>ex</strong></span> <span class='ocrx_word' id='word_1_403' title='bbox 2748 2277 2959 2348; x_wconf 88' lang='lat' dir='ltr'><strong>meipso</strong></span> <span class='ocrx_word' id='word_1_404' title='bbox 3003 2293 3115 2334; x_wconf 86' lang='lat' dir='ltr'><strong>non</strong></span> <span class='ocrx_word' id='word_1_405' title='bbox 3159 2296 3282 2337; x_wconf 90' lang='lat' dir='ltr'><strong>sum</strong></span> <span class='ocrx_word' id='word_1_406' title='bbox 3315 2282 3467 2338; x_wconf 85' lang='lat' dir='ltr'><strong>locn-</strong></span> 
     </span>
    </p>
   </div>
   <div class='ocr_carea' id='block_1_54' title="bbox 1888 2368 3475 2440">
    <p class='ocr_par' dir='ltr' id='par_1_54' title="bbox 1888 2368 3475 2440">
     <span class='ocr_line' id='line_1_54' title="bbox 1888 2368 3475 2440; baseline 0.004 -17"><span class='ocrx_word' id='word_1_407' title='bbox 1888 2376 2003 2433; x_wconf 87' lang='lat' dir='ltr'><strong>tns,</strong></span> <span class='ocrx_word' id='word_1_408' title='bbox 2035 2368 2129 2426; x_wconf 88' lang='lat' dir='ltr'><strong>sed</strong></span> <span class='ocrx_word' id='word_1_409' title='bbox 2160 2369 2256 2440; x_wconf 89' lang='lat' dir='ltr'><strong>qui</strong></span> <span class='ocrx_word' id='word_1_410' title='bbox 2295 2368 2449 2426; x_wconf 90' lang='lat' dir='ltr'><strong>misit</strong></span> <span class='ocrx_word' id='word_1_411' title='bbox 2489 2384 2576 2425; x_wconf 88' lang='lat' dir='ltr'><strong>me</strong></span> <span class='ocrx_word' id='word_1_412' title='bbox 2610 2369 2793 2434; x_wconf 88' lang='lat' dir='ltr'><strong>Pater,</strong></span> <span class='ocrx_word' id='word_1_413' title='bbox 2831 2370 2952 2440; x_wconf 89' lang='lat' dir='ltr'><strong>ipse</strong></span> <span class='ocrx_word' id='word_1_414' title='bbox 2982 2370 3117 2426; x_wconf 89' lang='lat' dir='ltr'><strong>mihi</strong></span> <span class='ocrx_word' id='word_1_415' title='bbox 3153 2373 3475 2431; x_wconf 87' lang='lat' dir='ltr'><strong>mandatum</strong></span> 
     </span>
    </p>
   </div>
   <div class='ocr_carea' id='block_1_55' title="bbox 1888 2462 3477 2537">
    <p class='ocr_par' dir='ltr' id='par_1_55' title="bbox 1888 2462 3477 2537">
     <span class='ocr_line' id='line_1_55' title="bbox 1888 2462 3477 2537; baseline 0.003 -19"><span class='ocrx_word' id='word_1_416' title='bbox 1888 2464 2039 2519; x_wconf 80' lang='lat' dir='ltr'><strong>dedit</strong></span> <span class='ocrx_word' id='word_1_417' title='bbox 2064 2463 2195 2533; x_wconf 82' lang='lat' dir='ltr'><strong>quid</strong></span> <span class='ocrx_word' id='word_1_418' title='bbox 2231 2462 2448 2528; x_wconf 85' lang='lat' dir='ltr'><strong>dicam,</strong></span> <span class='ocrx_word' id='word_1_419' title='bbox 2484 2474 2538 2516; x_wconf 89' lang='lat' dir='ltr'><strong>et</strong></span> <span class='ocrx_word' id='word_1_420' title='bbox 2569 2462 2701 2533; x_wconf 74' lang='lat' dir='ltr'><strong>qund</strong></span> <span class='ocrx_word' id='word_1_421' title='bbox 2732 2463 2927 2532; x_wconf 86' lang='lat' dir='ltr'><strong>loquar</strong></span> <span class='ocrx_word' id='word_1_422' title='bbox 2955 2464 3023 2517; x_wconf 76' lang='lat'><strong>“.</strong></span> <span class='ocrx_word' id='word_1_423' title='bbox 3061 2483 3080 2516; x_wconf 75' lang='grc' dir='ltr'><strong>ι</strong></span> <span class='ocrx_word' id='word_1_424' title='bbox 3117 2462 3290 2535; x_wconf 83' lang='lat' dir='ltr'><strong>Igitur</strong></span> <span class='ocrx_word' id='word_1_425' title='bbox 3329 2468 3477 2537; x_wconf 91' lang='lat' dir='ltr'><strong>quod</strong></span> 
     </span>
    </p>
   </div>
   <div class='ocr_carea' id='block_1_56' title="bbox 1892 2555 3480 2633">
    <p class='ocr_par' dir='ltr' id='par_1_56' title="bbox 1892 2555 3480 2633">
     <span class='ocr_line' id='line_1_56' title="bbox 1892 2555 3480 2633; baseline 0.005 -24"><span class='ocrx_word' id='word_1_426' title='bbox 1892 2556 1959 2610; x_wconf 87' lang='lat' dir='ltr'><strong>ad</strong></span> <span class='ocrx_word' id='word_1_427' title='bbox 1998 2556 2348 2611; x_wconf 87' lang='lat' dir='ltr'><strong>niediationis</strong></span> <span class='ocrx_word' id='word_1_428' title='bbox 2383 2555 2605 2626; x_wconf 83' lang='lat' dir='ltr'><strong>quidem</strong></span> <span class='ocrx_word' id='word_1_429' title='bbox 2666 2562 2881 2623; x_wconf 83' lang='lat' dir='ltr'><strong>spectat</strong></span> <span class='ocrx_word' id='word_1_430' title='bbox 2939 2557 3260 2628; x_wconf 80' lang='lat' dir='ltr'><strong>imaginem,</strong></span> <span class='ocrx_word' id='word_1_431' title='bbox 3312 2568 3480 2633; x_wconf 80' lang='lat' dir='ltr'><strong>typus</strong></span> 
     </span>
    </p>
   </div>
   <div class='ocr_carea' id='block_1_57' title="bbox 1893 2646 3477 2719">
    <p class='ocr_par' dir='ltr' id='par_1_57' title="bbox 1893 2646 3477 2719">
     <span class='ocr_line' id='line_1_57' title="bbox 1893 2646 3477 2719; baseline 0.004 -19"><span class='ocrx_word' id='word_1_432' title='bbox 1893 2647 2099 2703; x_wconf 85' lang='lat' dir='ltr'><strong>Christi</strong></span> <span class='ocrx_word' id='word_1_433' title='bbox 2130 2648 2445 2703; x_wconf 86' lang='lat' dir='ltr'><strong>censendus</strong></span> <span class='ocrx_word' id='word_1_434' title='bbox 2492 2660 2578 2703; x_wconf 76' lang='grc' dir='ltr'><strong>εει</strong></span> <span class='ocrx_word' id='word_1_435' title='bbox 2613 2646 2851 2718; x_wconf 77' lang='lat' dir='ltr'><strong>Moyses,</strong></span> <span class='ocrx_word' id='word_1_436' title='bbox 2888 2650 2984 2719; x_wconf 86' lang='lat' dir='ltr'><strong>qui</strong></span> <span class='ocrx_word' id='word_1_437' title='bbox 3020 2650 3211 2706; x_wconf 89' lang='lat' dir='ltr'><strong>divina</strong></span> <span class='ocrx_word' id='word_1_438' title='bbox 3254 2652 3477 2709; x_wconf 80' lang='lat' dir='ltr'><strong>decreta</strong></span> 
     </span>
    </p>
   </div>
   <div class='ocr_carea' id='block_1_58' title="bbox 1898 2738 3478 2814">
    <p class='ocr_par' dir='ltr' id='par_1_58' title="bbox 1898 2738 3478 2814">
     <span class='ocr_line' id='line_1_58' title="bbox 1898 2738 3478 2814; baseline 0.004 -22"><span class='ocrx_word' id='word_1_439' title='bbox 1898 2738 2023 2794; x_wconf 83' lang='lat' dir='ltr'><strong>ﬁliis</strong></span> <span class='ocrx_word' id='word_1_440' title='bbox 2057 2738 2223 2794; x_wconf 81' lang='lat' dir='ltr'><strong>Israel</strong></span> <span class='ocrx_word' id='word_1_441' title='bbox 2258 2739 2451 2809; x_wconf 85' lang='lat' dir='ltr'><strong>utique</strong></span> <span class='ocrx_word' id='word_1_442' title='bbox 2480 2739 2858 2806; x_wconf 85' lang='lat' dir='ltr'><strong>ministrabat,</strong></span> <span class='ocrx_word' id='word_1_443' title='bbox 2898 2742 2994 2796; x_wconf 82' lang='lat' dir='ltr'><strong>sed</strong></span> <span class='ocrx_word' id='word_1_444' title='bbox 3019 2740 3223 2813; x_wconf 79' lang='lat' dir='ltr'><strong>Moysis</strong></span> <span class='ocrx_word' id='word_1_445' title='bbox 3256 2744 3478 2814; x_wconf 87' lang='lat' dir='ltr'><strong>quidem</strong></span> 
     </span>
    </p>
   </div>
   <div class='ocr_carea' id='block_1_59' title="bbox 1906 2829 3480 2893">
    <p class='ocr_par' dir='ltr' id='par_1_59' title="bbox 1906 2829 3480 2893">
     <span class='ocr_line' id='line_1_59' title="bbox 1906 2829 3480 2893; baseline 0.006 -12"><span class='ocrx_word' id='word_1_446' title='bbox 1906 2830 2172 2885; x_wconf 82' lang='lat' dir='ltr'><strong>inediatio</strong></span> <span class='ocrx_word' id='word_1_447' title='bbox 2198 2829 2602 2885; x_wconf 87' lang='lat' dir='ltr'><strong>ministratoria</strong></span> <span class='ocrx_word' id='word_1_448' title='bbox 2633 2838 2773 2893; x_wconf 88' lang='lat' dir='ltr'><strong>erat,</strong></span> <span class='ocrx_word' id='word_1_449' title='bbox 2799 2829 3008 2887; x_wconf 85' lang='lat' dir='ltr'><strong>Christi</strong></span> <span class='ocrx_word' id='word_1_450' title='bbox 3056 2847 3187 2888; x_wconf 82' lang='lat' dir='ltr'><strong>vero</strong></span> <span class='ocrx_word' id='word_1_451' title='bbox 3219 2834 3480 2890; x_wconf 85' lang='lat' dir='ltr'><strong>mediatio</strong></span> 
     </span>
    </p>
   </div>
   <div class='ocr_carea' id='block_1_60' title="bbox 1896 2918 3478 2995">
    <p class='ocr_par' dir='ltr' id='par_1_60' title="bbox 1896 2918 3478 2995">
     <span class='ocr_line' id='line_1_60' title="bbox 1896 2918 3478 2995; baseline 0.008 -26"><span class='ocrx_word' id='word_1_452' title='bbox 1896 2918 2068 2971; x_wconf 89' lang='lat' dir='ltr'><strong>libera</strong></span> <span class='ocrx_word' id='word_1_453' title='bbox 2113 2927 2169 2973; x_wconf 89' lang='lat' dir='ltr'><strong>et</strong></span> <span class='ocrx_word' id='word_1_454' title='bbox 2221 2920 2479 2990; x_wconf 87' lang='lat' dir='ltr'><strong>mystica,</strong></span> <span class='ocrx_word' id='word_1_455' title='bbox 2512 2926 2707 2988; x_wconf 90' lang='lat' dir='ltr'><strong>utpote</strong></span> <span class='ocrx_word' id='word_1_456' title='bbox 2734 2935 2829 2991; x_wconf 84' lang='lat' dir='ltr'><strong>qui</strong></span> <span class='ocrx_word' id='word_1_457' title='bbox 2863 2921 3192 2977; x_wconf 87' lang='lat' dir='ltr'><strong>naturaliter</strong></span> <span class='ocrx_word' id='word_1_458' title='bbox 3230 2938 3294 2979; x_wconf 88' lang='lat' dir='ltr'><strong>ea</strong></span> <span class='ocrx_word' id='word_1_459' title='bbox 3336 2940 3478 2995; x_wconf 85' lang='lat' dir='ltr'><strong>quo-</strong></span> 
     </span>
    </p>
   </div>
   <div class='ocr_carea' id='block_1_61' title="bbox 1892 3009 3477 3085">
    <p class='ocr_par' dir='ltr' id='par_1_61' title="bbox 1892 3009 3477 3085">
     <span class='ocr_line' id='line_1_61' title="bbox 1892 3009 3477 3085; baseline 0.008 -25"><span class='ocrx_word' id='word_1_460' title='bbox 1892 3024 2013 3061; x_wconf 92' lang='lat' dir='ltr'><strong>rum</strong></span> <span class='ocrx_word' id='word_1_461' title='bbox 2045 3010 2413 3066; x_wconf 87' lang='lat' dir='ltr'><strong>mediatorest</strong></span> <span class='ocrx_word' id='word_1_462' title='bbox 2439 3009 2684 3081; x_wconf 82' lang='lat' dir='ltr'><strong>attingit,</strong></span> <span class='ocrx_word' id='word_1_463' title='bbox 2717 3019 2772 3064; x_wconf 90' lang='lat' dir='ltr'><strong>et</strong></span> <span class='ocrx_word' id='word_1_464' title='bbox 2800 3011 2867 3065; x_wconf 90' lang='lat' dir='ltr'><strong>ad</strong></span> <span class='ocrx_word' id='word_1_465' title='bbox 2896 3013 3059 3068; x_wconf 85' lang='lat' dir='ltr'><strong>ambo</strong></span> <span class='ocrx_word' id='word_1_466' title='bbox 3086 3015 3346 3085; x_wconf 86' lang='lat' dir='ltr'><strong>pertinet,</strong></span> <span class='ocrx_word' id='word_1_467' title='bbox 3376 3016 3477 3072; x_wconf 90' lang='lat' dir='ltr'><strong>hu-</strong></span> 
     </span>
    </p>
   </div>
   <div class='ocr_carea' id='block_1_62' title="bbox 1893 3099 3477 3170">
    <p class='ocr_par' dir='ltr' id='par_1_62' title="bbox 1893 3099 3477 3170">
     <span class='ocr_line' id='line_1_62' title="bbox 1893 3099 3477 3170; baseline 0.005 -19"><span class='ocrx_word' id='word_1_468' title='bbox 1893 3099 2216 3154; x_wconf 87' lang='lat' dir='ltr'><strong>manitatem</strong></span> <span class='ocrx_word' id='word_1_469' title='bbox 2254 3100 2540 3165; x_wconf 90' lang='lat' dir='ltr'><strong>nimirum,</strong></span> <span class='ocrx_word' id='word_1_470' title='bbox 2573 3116 2736 3170; x_wconf 62' lang='lat' dir='ltr'><strong>cujus</strong></span> <span class='ocrx_word' id='word_1_471' title='bbox 2786 3102 3061 3157; x_wconf 88' lang='lat' dir='ltr'><strong>mediator</strong></span> <span class='ocrx_word' id='word_1_472' title='bbox 3122 3111 3226 3166; x_wconf 87' lang='lat' dir='ltr'><strong>est,</strong></span> <span class='ocrx_word' id='word_1_473' title='bbox 3285 3113 3340 3159; x_wconf 86' lang='lat' dir='ltr'><strong>et</strong></span> <span class='ocrx_word' id='word_1_474' title='bbox 3372 3104 3477 3159; x_wconf 82' lang='lat' dir='ltr'><strong>Pa-</strong></span> 
     </span>
    </p>
   </div>
   <div class='ocr_carea' id='block_1_63' title="bbox 1894 3191 3475 3252">
    <p class='ocr_par' dir='ltr' id='par_1_63' title="bbox 1894 3191 3475 3252">
     <span class='ocr_line' id='line_1_63' title="bbox 1894 3191 3475 3252; baseline 0.004 -7"><span class='ocrx_word' id='word_1_475' title='bbox 1894 3198 2036 3247; x_wconf 87' lang='lat' dir='ltr'><strong>trem</strong></span> <span class='ocrx_word' id='word_1_476' title='bbox 2072 3192 2263 3247; x_wconf 88' lang='lat' dir='ltr'><strong>Deum.</strong></span> <span class='ocrx_word' id='word_1_477' title='bbox 2293 3192 2388 3248; x_wconf 87' lang='lat' dir='ltr'><strong>Est</strong></span> <span class='ocrx_word' id='word_1_478' title='bbox 2423 3194 2568 3247; x_wconf 90' lang='lat' dir='ltr'><strong>enim</strong></span> <span class='ocrx_word' id='word_1_479' title='bbox 2592 3200 2792 3247; x_wconf 87' lang='lat' dir='ltr'><strong>natura</strong></span> <span class='ocrx_word' id='word_1_480' title='bbox 2826 3191 2970 3250; x_wconf 90' lang='lat' dir='ltr'><strong>Deus</strong></span> <span class='ocrx_word' id='word_1_481' title='bbox 3011 3203 3069 3248; x_wconf 90' lang='lat' dir='ltr'><strong>ut</strong></span> <span class='ocrx_word' id='word_1_482' title='bbox 3104 3210 3171 3251; x_wconf 87' lang='lat' dir='ltr'><strong>ex</strong></span> <span class='ocrx_word' id='word_1_483' title='bbox 3206 3194 3317 3251; x_wconf 88' lang='lat' dir='ltr'><strong>Deo</strong></span> <span class='ocrx_word' id='word_1_484' title='bbox 3343 3195 3475 3252; x_wconf 83' lang='lat' dir='ltr'><strong>Uni-</strong></span> 
     </span>
    </p>
   </div>
   <div class='ocr_carea' id='block_1_64' title="bbox 193 3282 1785 3357">
    <p class='ocr_par' dir='ltr' id='par_1_64' title="bbox 193 3287 1785 3357">
     <span class='ocr_line' id='line_1_64' title="bbox 193 3287 1785 3357; baseline 0 -16"><span class='ocrx_word' id='word_1_485' title='bbox 193 3290 290 3355; x_wconf 76' lang='grc' dir='ltr'>μὲν</span> <span class='ocrx_word' id='word_1_486' title='bbox 325 3289 440 3357; x_wconf 72' lang='grc' dir='ltr'>γὰρ</span> <span class='ocrx_word' id='word_1_487' title='bbox 472 3288 633 3356; x_wconf 79' lang='grc' dir='ltr'>φύσει</span> <span class='ocrx_word' id='word_1_488' title='bbox 675 3288 808 3350; x_wconf 85' lang='grc' dir='ltr'>Θεὸς</span> <span class='ocrx_word' id='word_1_489' title='bbox 850 3288 928 3351; x_wconf 79' lang='grc' dir='ltr'><strong>ὡς</strong></span> <span class='ocrx_word' id='word_1_490' title='bbox 969 3289 1035 3341; x_wconf 88' lang='grc' dir='ltr'><strong>ἐκ</strong></span> <span class='ocrx_word' id='word_1_491' title='bbox 1082 3287 1218 3340; x_wconf 84' lang='grc' dir='ltr'>Θεου</span> <span class='ocrx_word' id='word_1_492' title='bbox 1252 3288 1597 3357; x_wconf 80' lang='grc' dir='ltr'>Μονογενὴς,</span> <span class='ocrx_word' id='word_1_493' title='bbox 1628 3288 1785 3341; x_wconf 78' lang='grc' dir='ltr'>οἱονεὶ</span> 
     </span>
    </p>
   </div>
   <div class='ocr_carea' id='block_1_65' title="bbox 1891 3282 3474 3357">
    <p class='ocr_par' dir='ltr' id='par_1_65' title="bbox 1894 3284 3474 3357">
     <span class='ocr_line' id='line_1_65' title="bbox 1894 3284 3474 3357; baseline 0.001 -17"><span class='ocrx_word' id='word_1_494' title='bbox 1894 3286 2137 3355; x_wconf 90' lang='lat' dir='ltr'><strong>genitus,</strong></span> <span class='ocrx_word' id='word_1_495' title='bbox 2172 3300 2201 3338; x_wconf 90' lang='lat' dir='ltr'><strong>a</strong></span> <span class='ocrx_word' id='word_1_496' title='bbox 2255 3286 2562 3340; x_wconf 88' lang='lat' dir='ltr'><strong>substantia</strong></span> <span class='ocrx_word' id='word_1_497' title='bbox 2611 3284 2891 3341; x_wconf 85' lang='lat' dir='ltr'><strong>Genitoris</strong></span> <span class='ocrx_word' id='word_1_498' title='bbox 2920 3302 3028 3340; x_wconf 87' lang='lat' dir='ltr'><strong>non</strong></span> <span class='ocrx_word' id='word_1_499' title='bbox 3071 3296 3387 3357; x_wconf 86' lang='lat' dir='ltr'><strong>separatus,</strong></span> <span class='ocrx_word' id='word_1_500' title='bbox 3424 3300 3474 3343; x_wconf 83' lang='lat' dir='ltr'><strong>et</strong></span> 
     </span>
    </p>
   </div>
   <div class='ocr_carea' id='block_1_66' title="bbox 192 3376 1785 3450">
    <p class='ocr_par' dir='ltr' id='par_1_66' title="bbox 192 3376 1785 3449">
     <span class='ocr_line' id='line_1_66' title="bbox 192 3376 1785 3449; baseline -0.002 -18"><span class='ocrx_word' id='word_1_501' title='bbox 192 3381 287 3449; x_wconf 79' lang='grc' dir='ltr'>τῆς</span> <span class='ocrx_word' id='word_1_502' title='bbox 342 3378 444 3431; x_wconf 87' lang='grc' dir='ltr'><strong>τοῦ</strong></span> <span class='ocrx_word' id='word_1_503' title='bbox 497 3379 858 3449; x_wconf 78' lang='grc' dir='ltr'>γεννήσαντος</span> <span class='ocrx_word' id='word_1_504' title='bbox 884 3376 945 3429; x_wconf 83' lang='grc' dir='ltr'>οὐ</span> <span class='ocrx_word' id='word_1_505' title='bbox 990 3376 1398 3447; x_wconf 71' lang='grc' dir='ltr'>κεχωρισμένος</span> <span class='ocrx_word' id='word_1_506' title='bbox 1436 3377 1659 3439; x_wconf 82' lang='grc' dir='ltr'>οὐσίας,</span> <span class='ocrx_word' id='word_1_507' title='bbox 1699 3376 1785 3429; x_wconf 63' lang='grc' dir='ltr'>καὶ</span> 
     </span>
    </p>
   </div>
   <div class='ocr_carea' id='block_1_67' title="bbox 1891 3376 3473 3450">
    <p class='ocr_par' dir='ltr' id='par_1_67' title="bbox 1895 3377 3473 3450">
     <span class='ocr_line' id='line_1_67' title="bbox 1895 3377 3473 3450; baseline 0.003 -18"><span class='ocrx_word' id='word_1_508' title='bbox 1895 3378 2000 3450; x_wconf 91' lang='lat' dir='ltr'><strong>ipsi</strong></span> <span class='ocrx_word' id='word_1_509' title='bbox 2036 3377 2393 3442; x_wconf 87' lang='lat' dir='ltr'><strong>inexsistens,</strong></span> <span class='ocrx_word' id='word_1_510' title='bbox 2428 3377 2481 3431; x_wconf 89' lang='lat' dir='ltr'><strong>in</strong></span> <span class='ocrx_word' id='word_1_511' title='bbox 2514 3387 2782 3449; x_wconf 86' lang='lat' dir='ltr'><strong>quantum</strong></span> <span class='ocrx_word' id='word_1_512' title='bbox 2811 3394 2875 3434; x_wconf 92' lang='lat' dir='ltr'><strong>ex</strong></span> <span class='ocrx_word' id='word_1_513' title='bbox 2915 3378 3034 3450; x_wconf 88' lang='lat' dir='ltr'><strong>ipsa</strong></span> <span class='ocrx_word' id='word_1_514' title='bbox 3074 3380 3238 3435; x_wconf 85' lang='lat' dir='ltr'><strong>etiam</strong></span> <span class='ocrx_word' id='word_1_515' title='bbox 3273 3382 3473 3437; x_wconf 79' lang='grc' dir='ltr'>ἰηιεηὶ-</span> 
     </span>
    </p>
   </div>
   <div class='ocr_carea' id='block_1_68' title="bbox 192 3462 1785 3541">
    <p class='ocr_par' dir='ltr' id='par_1_68' title="bbox 192 3462 1785 3541">
     <span class='ocr_line' id='line_1_68' title="bbox 192 3462 1785 3541; baseline -0.001 -19"><span class='ocrx_word' id='word_1_516' title='bbox 192 3472 327 3541; x_wconf 74' lang='grc' dir='ltr'>αὑτῇ</span> <span class='ocrx_word' id='word_1_517' title='bbox 374 3467 781 3537; x_wconf 82' lang='grc' dir='ltr'>προσπεφυκὼς</span> <span class='ocrx_word' id='word_1_518' title='bbox 806 3509 820 3533; x_wconf 92' lang='grc'><strong>,</strong></span> <span class='ocrx_word' id='word_1_519' title='bbox 846 3466 981 3521; x_wconf 86' lang='grc' dir='ltr'>καθὸ</span> <span class='ocrx_word' id='word_1_520' title='bbox 1016 3468 1213 3521; x_wconf 80' lang='grc' dir='ltr'>νοεῖται</span> <span class='ocrx_word' id='word_1_521' title='bbox 1240 3468 1335 3520; x_wconf 77' lang='grc' dir='ltr'><strong>καὶ</strong></span> <span class='ocrx_word' id='word_1_522' title='bbox 1362 3466 1421 3534; x_wconf 79' lang='grc' dir='ltr'>ἐξ</span> <span class='ocrx_word' id='word_1_523' title='bbox 1458 3468 1650 3536; x_wconf 75' lang='grc' dir='ltr'>αὐτῆς.</span> <span class='ocrx_word' id='word_1_524' title='bbox 1680 3462 1785 3521; x_wconf 83' lang='grc' dir='ltr'>Ἦν</span> 
     </span>
    </p>
   </div>
   <div class='ocr_carea' id='block_1_69' title="bbox 1891 3462 3472 3541">
    <p class='ocr_par' dir='ltr' id='par_1_69' title="bbox 1893 3466 3472 3539">
     <span class='ocr_line' id='line_1_69' title="bbox 1893 3466 3472 3539; baseline 0.006 -20"><span class='ocrx_word' id='word_1_525' title='bbox 1893 3466 2061 3538; x_wconf 84' lang='lat' dir='ltr'><strong>gitur.</strong></span> <span class='ocrx_word' id='word_1_526' title='bbox 2096 3466 2192 3522; x_wconf 84' lang='lat' dir='ltr'><strong>Est</strong></span> <span class='ocrx_word' id='word_1_527' title='bbox 2226 3481 2359 3521; x_wconf 85' lang='lat' dir='ltr'><strong>vero</strong></span> <span class='ocrx_word' id='word_1_528' title='bbox 2390 3467 2556 3521; x_wconf 89' lang='lat' dir='ltr'><strong>etiam</strong></span> <span class='ocrx_word' id='word_1_529' title='bbox 2591 3466 2776 3529; x_wconf 89' lang='lat' dir='ltr'><strong>homo,</strong></span> <span class='ocrx_word' id='word_1_530' title='bbox 2809 3477 3083 3539; x_wconf 85' lang='lat' dir='ltr'><strong>quatenus</strong></span> <span class='ocrx_word' id='word_1_531' title='bbox 3115 3485 3246 3525; x_wconf 88' lang='lat' dir='ltr'><strong>caro</strong></span> <span class='ocrx_word' id='word_1_532' title='bbox 3297 3472 3472 3530; x_wconf 81' lang='lat' dir='ltr'><strong>factus</strong></span> 
     </span>
    </p>
   </div>
   <div class='ocr_carea' id='block_1_70' title="bbox 190 3558 1785 3630">
    <p class='ocr_par' dir='ltr' id='par_1_70' title="bbox 190 3558 1785 3630">
     <span class='ocr_line' id='line_1_70' title="bbox 190 3558 1785 3630; baseline -0.003 -14"><span class='ocrx_word' id='word_1_533' title='bbox 190 3562 244 3616; x_wconf 77' lang='grc' dir='ltr'>δὲ</span> <span class='ocrx_word' id='word_1_534' title='bbox 270 3562 369 3615; x_wconf 73' lang='grc' dir='ltr'>καὶ</span> <span class='ocrx_word' id='word_1_535' title='bbox 389 3560 702 3628; x_wconf 60' lang='grc' dir='ltr'>ἀνθρωιος,</span> <span class='ocrx_word' id='word_1_536' title='bbox 728 3558 863 3613; x_wconf 85' lang='grc' dir='ltr'>καθὸ</span> <span class='ocrx_word' id='word_1_537' title='bbox 884 3559 1074 3626; x_wconf 79' lang='grc' dir='ltr'>νέγονο</span> <span class='ocrx_word' id='word_1_538' title='bbox 1117 3559 1255 3629; x_wconf 80' lang='grc' dir='ltr'>σὰρξ</span> <span class='ocrx_word' id='word_1_539' title='bbox 1285 3559 1477 3613; x_wconf 86' lang='grc' dir='ltr'>ἐαυτὸν</span> <span class='ocrx_word' id='word_1_540' title='bbox 1515 3562 1647 3630; x_wconf 82' lang='grc' dir='ltr'>ἡμῖν</span> <span class='ocrx_word' id='word_1_541' title='bbox 1697 3558 1785 3623; x_wconf 81' lang='grc' dir='ltr'><strong>ἐξ·</strong></span> 
     </span>
    </p>
   </div>
   <div class='ocr_carea' id='block_1_71' title="bbox 192 3647 1788 3720">
    <p class='ocr_par' dir='ltr' id='par_1_71' title="bbox 192 3647 1788 3720">
     <span class='ocr_line' id='line_1_71' title="bbox 192 3647 1788 3720; baseline -0.001 -16"><span class='ocrx_word' id='word_1_542' title='bbox 192 3651 399 3720; x_wconf 76' lang='grc' dir='ltr'>ομοιὼν</span> <span class='ocrx_word' id='word_1_543' title='bbox 424 3688 439 3709; x_wconf 93' lang='grc'><strong>,</strong></span> <span class='ocrx_word' id='word_1_544' title='bbox 461 3650 550 3702; x_wconf 81' lang='grc' dir='ltr'>ἵνα</span> <span class='ocrx_word' id='word_1_545' title='bbox 574 3650 639 3701; x_wconf 81' lang='grc' dir='ltr'>δι’</span> <span class='ocrx_word' id='word_1_546' title='bbox 670 3648 834 3702; x_wconf 81' lang='grc' dir='ltr'>αὑτοῦ</span> <span class='ocrx_word' id='word_1_547' title='bbox 864 3649 1205 3717; x_wconf 84' lang='grc' dir='ltr'>συνάπτηται</span> <span class='ocrx_word' id='word_1_548' title='bbox 1247 3647 1369 3718; x_wconf 85' lang='grc' dir='ltr'>Θεῴ</span> <span class='ocrx_word' id='word_1_549' title='bbox 1395 3648 1456 3701; x_wconf 91' lang='grc' dir='ltr'><strong>τὸ</strong></span> <span class='ocrx_word' id='word_1_550' title='bbox 1488 3648 1621 3703; x_wconf 83' lang='grc' dir='ltr'>πολυ</span> <span class='ocrx_word' id='word_1_551' title='bbox 1645 3648 1788 3703; x_wconf 84' lang='grc' dir='ltr'>κατὰ</span> 
     </span>
    </p>
   </div>
   <div class='ocr_carea' id='block_1_72' title="bbox 192 3737 1788 3813">
    <p class='ocr_par' dir='ltr' id='par_1_72' title="bbox 192 3737 1788 3813">
     <span class='ocr_line' id='line_1_72' title="bbox 192 3737 1788 3813; baseline -0.001 -17"><span class='ocrx_word' id='word_1_552' title='bbox 192 3744 358 3811; x_wconf 75' lang='grc' dir='ltr'>φύσιν</span> <span class='ocrx_word' id='word_1_553' title='bbox 406 3742 759 3813; x_wconf 77' lang='grc' dir='ltr'>διῃρημένον.</span> <span class='ocrx_word' id='word_1_554' title='bbox 792 3743 959 3796; x_wconf 82' lang='grc' dir='ltr'>Ὅταν</span> <span class='ocrx_word' id='word_1_555' title='bbox 989 3737 1082 3794; x_wconf 82' lang='grc' dir='ltr'>οὖν</span> <span class='ocrx_word' id='word_1_556' title='bbox 1123 3741 1255 3812; x_wconf 81' lang='grc' dir='ltr'>λέγῃ</span> <span class='ocrx_word' id='word_1_557' title='bbox 1291 3742 1531 3812; x_wconf 79' lang='grc' dir='ltr'>Μωσῆς⁶</span> <span class='ocrx_word' id='word_1_558' title='bbox 1568 3761 1587 3795; x_wconf 75' lang='grc' dir='ltr'><strong>ι</strong></span> <span class='ocrx_word' id='word_1_559' title='bbox 1633 3744 1788 3795; x_wconf 81' lang='grc' dir='ltr'>Ἀνα-</span> 
     </span>
    </p>
   </div>
   <div class='ocr_carea' id='block_1_73' title="bbox 193 3832 1789 3905">
    <p class='ocr_par' dir='ltr' id='par_1_73' title="bbox 193 3832 1789 3905">
     <span class='ocr_line' id='line_1_73' title="bbox 193 3832 1789 3905; baseline -0.001 -16"><span class='ocrx_word' id='word_1_560' title='bbox 193 3837 387 3905; x_wconf 79' lang='grc' dir='ltr'>στήσει</span> <span class='ocrx_word' id='word_1_561' title='bbox 421 3833 630 3903; x_wconf 83' lang='grc' dir='ltr'>Κύριος</span> <span class='ocrx_word' id='word_1_562' title='bbox 652 3834 781 3904; x_wconf 82' lang='grc' dir='ltr'>ὑμῖν</span> <span class='ocrx_word' id='word_1_563' title='bbox 811 3833 904 3887; x_wconf 84' lang='grc' dir='ltr'><strong>τὸν</strong></span> <span class='ocrx_word' id='word_1_564' title='bbox 934 3834 1219 3904; x_wconf 83' lang='grc' dir='ltr'>προφήτην</span> <span class='ocrx_word' id='word_1_565' title='bbox 1250 3850 1326 3897; x_wconf 91' lang='grc' dir='ltr'><strong>ως</strong></span> <span class='ocrx_word' id='word_1_566' title='bbox 1356 3832 1477 3904; x_wconf 70' lang='grc' dir='ltr'>ἐμὲ,</span> <span class='ocrx_word' id='word_1_567' title='bbox 1514 3853 1533 3885; x_wconf 74' lang='lat' dir='ltr'><strong>i</strong></span> <span class='ocrx_word' id='word_1_568' title='bbox 1574 3835 1789 3904; x_wconf 84' lang='grc' dir='ltr'>νοήσεις</span> 
     </span>
    </p>
   </div>
   <div class='ocr_carea' id='block_1_74' title="bbox 189 3924 1786 3999">
    <p class='ocr_par' dir='ltr' id='par_1_74' title="bbox 189 3924 1786 3999">
     <span class='ocr_line' id='line_1_74' title="bbox 189 3924 1786 3999; baseline -0.002 -19"><span class='ocrx_word' id='word_1_569' title='bbox 189 3930 285 3999; x_wconf 71' lang='grc' dir='ltr'><strong>οὐχ</strong></span> <span class='ocrx_word' id='word_1_570' title='bbox 314 3926 601 3997; x_wconf 82' lang='grc' dir='ltr'>ἐτέρως,ῆ</span> <span class='ocrx_word' id='word_1_571' title='bbox 630 3926 799 3996; x_wconf 81' lang='grc' dir='ltr'>ὅνπερ</span> <span class='ocrx_word' id='word_1_572' title='bbox 823 3925 1021 3996; x_wconf 85' lang='grc' dir='ltr'>τρόπον</span> <span class='ocrx_word' id='word_1_573' title='bbox 1055 3924 1259 3995; x_wconf 82' lang='grc' dir='ltr'>ἀρτίως</span> <span class='ocrx_word' id='word_1_574' title='bbox 1293 3925 1629 3997; x_wconf 85' lang='grc' dir='ltr'>εἰρήκαμεν·</span> <span class='ocrx_word' id='word_1_575' title='bbox 1661 3927 1786 3979; x_wconf 76' lang='grc' dir='ltr'>ἐπεὶ</span> 
     </span>
    </p>
   </div>
   <div class='ocr_carea' id='block_1_75' title="bbox 191 4016 1786 4087">
    <p class='ocr_par' dir='ltr' id='par_1_75' title="bbox 191 4016 1786 4087">
     <span class='ocr_line' id='line_1_75' title="bbox 191 4016 1786 4087; baseline -0.003 -13"><span class='ocrx_word' id='word_1_576' title='bbox 191 4022 282 4074; x_wconf 76' lang='grc' dir='ltr'><strong>καὶ</strong></span> <span class='ocrx_word' id='word_1_577' title='bbox 322 4020 493 4079; x_wconf 72' lang='grc' dir='ltr'>αὐτὸς</span> <span class='ocrx_word' id='word_1_578' title='bbox 521 4018 613 4071; x_wconf 91' lang='grc' dir='ltr'><strong>τὸν</strong></span> <span class='ocrx_word' id='word_1_579' title='bbox 654 4018 748 4070; x_wconf 74' lang='grc' dir='ltr'>ἐπὶ</span> <span class='ocrx_word' id='word_1_580' title='bbox 794 4017 969 4087; x_wconf 82' lang='grc' dir='ltr'>τούτῳ</span> <span class='ocrx_word' id='word_1_581' title='bbox 1006 4016 1161 4085; x_wconf 85' lang='grc' dir='ltr'>λόγον</span> <span class='ocrx_word' id='word_1_582' title='bbox 1194 4016 1578 4086; x_wconf 81' lang='grc' dir='ltr'>ἐπισφραγίζει</span> <span class='ocrx_word' id='word_1_583' title='bbox 1610 4016 1786 4085; x_wconf 84' lang='grc' dir='ltr'>λέγων</span> 
     </span>
    </p>
   </div>
   <div class='ocr_carea' id='block_1_76' title="bbox 196 4108 1782 4182">
    <p class='ocr_par' dir='ltr' id='par_1_76' title="bbox 196 4108 1782 4182">
     <span class='ocr_line' id='line_1_76' title="bbox 196 4108 1782 4182; baseline -0.002 -18"><span class='ocrx_word' id='word_1_584' title='bbox 196 4113 223 4164; x_wconf 84' lang='grc' dir='ltr'><strong>ὸ</strong></span> <span class='ocrx_word' id='word_1_585' title='bbox 252 4114 427 4176; x_wconf 82' lang='grc' dir='ltr'>Θεος·</span> <span class='ocrx_word' id='word_1_586' title='bbox 468 4129 488 4163; x_wconf 76' lang='grc' dir='ltr'><strong>ι</strong></span> <span class='ocrx_word' id='word_1_587' title='bbox 543 4110 746 4182; x_wconf 70' lang='grc' dir='ltr'>Ὀρθῶς</span> <span class='ocrx_word' id='word_1_588' title='bbox 792 4110 970 4163; x_wconf 80' lang='grc' dir='ltr'>πάντα</span> <span class='ocrx_word' id='word_1_589' title='bbox 1014 4126 1115 4163; x_wconf 90' lang='grc' dir='ltr'><strong>οσα</strong></span> <span class='ocrx_word' id='word_1_590' title='bbox 1165 4108 1449 4178; x_wconf 76' lang='grc' dir='ltr'>ἐλάλησαν</span> <span class='ocrx_word' id='word_1_591' title='bbox 1490 4110 1782 4181; x_wconf 86' lang='grc' dir='ltr'>Προφήτην</span> 
     </span>
    </p>
   </div>
   <div class='ocr_carea' id='block_1_77' title="bbox 189 4200 1785 4273">
    <p class='ocr_par' dir='ltr' id='par_1_77' title="bbox 189 4200 1785 4273">
     <span class='ocr_line' id='line_1_77' title="bbox 189 4200 1785 4273; baseline -0.003 -15"><span class='ocrx_word' id='word_1_592' title='bbox 189 4205 380 4267; x_wconf 79' lang='grc' dir='ltr'>αὐτοῖς</span> <span class='ocrx_word' id='word_1_593' title='bbox 415 4203 711 4273; x_wconf 83' lang='grc' dir='ltr'>ἀναστήσω</span> <span class='ocrx_word' id='word_1_594' title='bbox 746 4201 936 4272; x_wconf 84' lang='grc' dir='ltr'>ὥσπερ</span> <span class='ocrx_word' id='word_1_595' title='bbox 985 4200 1079 4266; x_wconf 83' lang='grc' dir='ltr'>σὲ,</span> <span class='ocrx_word' id='word_1_596' title='bbox 1114 4201 1210 4254; x_wconf 54' lang='grc' dir='ltr'><strong>καί⁵</strong></span> <span class='ocrx_word' id='word_1_597' title='bbox 1259 4201 1409 4272; x_wconf 89' lang='grc' dir='ltr'>θήσω</span> <span class='ocrx_word' id='word_1_598' title='bbox 1441 4200 1513 4255; x_wconf 84' lang='grc' dir='ltr'><strong>τά</strong></span> <span class='ocrx_word' id='word_1_599' title='bbox 1562 4201 1785 4271; x_wconf 79' lang='grc' dir='ltr'>ῥήματά</span> 
     </span>
    </p>
   </div>
   <div class='ocr_carea' id='block_1_78' title="bbox 194 4291 1784 4365">
    <p class='ocr_par' dir='ltr' id='par_1_78' title="bbox 194 4291 1784 4365">
     <span class='ocr_line' id='line_1_78' title="bbox 194 4291 1784 4365; baseline -0.003 -14"><span class='ocrx_word' id='word_1_600' title='bbox 194 4315 293 4365; x_wconf 77' lang='grc' dir='ltr'><strong>μου</strong></span> <span class='ocrx_word' id='word_1_601' title='bbox 344 4296 435 4349; x_wconf 81' lang='grc' dir='ltr'><strong>ἐπ’</strong></span> <span class='ocrx_word' id='word_1_602' title='bbox 470 4294 642 4365; x_wconf 82' lang='grc' dir='ltr'>αὐτῷ,</span> <span class='ocrx_word' id='word_1_603' title='bbox 679 4294 775 4350; x_wconf 80' lang='grc' dir='ltr'>καὶ</span> <span class='ocrx_word' id='word_1_604' title='bbox 814 4294 1038 4363; x_wconf 88' lang='grc' dir='ltr'>λαλήσει</span> <span class='ocrx_word' id='word_1_605' title='bbox 1071 4291 1220 4362; x_wconf 86' lang='grc' dir='ltr'>αὐτῷ</span> <span class='ocrx_word' id='word_1_606' title='bbox 1269 4292 1409 4347; x_wconf 83' lang='grc' dir='ltr'>κατὰ</span> <span class='ocrx_word' id='word_1_607' title='bbox 1456 4293 1655 4356; x_wconf 84' lang='grc' dir='ltr'>πάντα,</span> <span class='ocrx_word' id='word_1_608' title='bbox 1685 4295 1784 4346; x_wconf 83' lang='grc' dir='ltr'>ὅσα</span> 
     </span>
    </p>
   </div>
   <div class='ocr_carea' id='block_1_79' title="bbox 190 4384 1785 4457">
    <p class='ocr_par' dir='ltr' id='par_1_79' title="bbox 190 4384 1785 4457">
     <span class='ocr_line' id='line_1_79' title="bbox 190 4384 1785 4457; baseline -0.004 -16"><span class='ocrx_word' id='word_1_609' title='bbox 190 4388 253 4441; x_wconf 73' lang='grc' dir='ltr'>ἂν</span> <span class='ocrx_word' id='word_1_610' title='bbox 280 4387 619 4455; x_wconf 78' lang='grc' dir='ltr'>ἐντείλωμαι</span> <span class='ocrx_word' id='word_1_611' title='bbox 651 4385 895 4456; x_wconf 83' lang='grc' dir='ltr'><strong>αὒτῷ.-</strong></span> <span class='ocrx_word' id='word_1_612' title='bbox 922 4384 1084 4455; x_wconf 67' lang='grc' dir='ltr'>Φέρει</span> <span class='ocrx_word' id='word_1_613' title='bbox 1114 4386 1223 4455; x_wconf 82' lang='grc' dir='ltr'>γὰρ</span> <span class='ocrx_word' id='word_1_614' title='bbox 1256 4386 1323 4438; x_wconf 79' lang='grc' dir='ltr'>τὰ</span> <span class='ocrx_word' id='word_1_615' title='bbox 1365 4386 1542 4439; x_wconf 81' lang='grc' dir='ltr'>πάντα</span> <span class='ocrx_word' id='word_1_616' title='bbox 1584 4385 1661 4456; x_wconf 81' lang='grc' dir='ltr'>τῷ</span> <span class='ocrx_word' id='word_1_617' title='bbox 1688 4386 1785 4457; x_wconf 75' lang='grc' dir='ltr'>ρήο</span> 
     </span>
    </p>
   </div>
   <div class='ocr_carea' id='block_1_80' title="bbox 192 4476 1783 4549">
    <p class='ocr_par' dir='ltr' id='par_1_80' title="bbox 192 4476 1783 4549">
     <span class='ocr_line' id='line_1_80' title="bbox 192 4476 1783 4549; baseline -0.001 -17"><span class='ocrx_word' id='word_1_618' title='bbox 192 4496 322 4549; x_wconf 78' lang='grc' dir='ltr'>ματι</span> <span class='ocrx_word' id='word_1_619' title='bbox 356 4478 465 4548; x_wconf 81' lang='grc' dir='ltr'>τῆς</span> <span class='ocrx_word' id='word_1_620' title='bbox 495 4477 824 4547; x_wconf 73' lang='grc' dir='ltr'>δυνάμεωςό</span> <span class='ocrx_word' id='word_1_621' title='bbox 850 4477 979 4537; x_wconf 84' lang='grc' dir='ltr'>Υἱὸς</span> <span class='ocrx_word' id='word_1_622' title='bbox 1001 4517 1015 4541; x_wconf 89' lang='grc'><strong>,</strong></span> <span class='ocrx_word' id='word_1_623' title='bbox 1052 4495 1071 4528; x_wconf 74' lang='grc' dir='ltr'><strong>ι</strong></span> <span class='ocrx_word' id='word_1_624' title='bbox 1108 4477 1183 4540; x_wconf 85' lang='grc' dir='ltr'><strong>ὡς</strong></span> <span class='ocrx_word' id='word_1_625' title='bbox 1207 4476 1236 4527; x_wconf 87' lang='grc' dir='ltr'><strong>ὁ</strong></span> <span class='ocrx_word' id='word_1_626' title='bbox 1266 4476 1477 4541; x_wconf 85' lang='grc' dir='ltr'>Παῦλός</span> <span class='ocrx_word' id='word_1_627' title='bbox 1501 4496 1655 4549; x_wconf 85' lang='grc' dir='ltr'>φησι,</span> <span class='ocrx_word' id='word_1_628' title='bbox 1690 4479 1783 4532; x_wconf 78' lang='grc' dir='ltr'>καὶ</span> 
     </span>
    </p>
   </div>
   <div class='ocr_carea' id='block_1_81' title="bbox 187 4565 1782 4639">
    <p class='ocr_par' dir='ltr' id='par_1_81' title="bbox 187 4565 1782 4639">
     <span class='ocr_line' id='line_1_81' title="bbox 187 4565 1782 4639; baseline 0.002 -21"><span class='ocrx_word' id='word_1_629' title='bbox 187 4567 284 4630; x_wconf 65' lang='grc' dir='ltr'><strong>τὰς</strong></span> <span class='ocrx_word' id='word_1_630' title='bbox 311 4566 413 4620; x_wconf 87' lang='grc' dir='ltr'><strong>τοῦ</strong></span> <span class='ocrx_word' id='word_1_631' title='bbox 449 4566 665 4638; x_wconf 78' lang='grc' dir='ltr'>[ἰατρὸς</span> <span class='ocrx_word' id='word_1_632' title='bbox 689 4567 823 4637; x_wconf 70' lang='grc' dir='ltr'>ἡμῖν</span> <span class='ocrx_word' id='word_1_633' title='bbox 853 4565 1172 4634; x_wconf 79' lang='grc' dir='ltr'>ἀναγγέλλει</span> <span class='ocrx_word' id='word_1_634' title='bbox 1199 4566 1403 4635; x_wconf 83' lang='grc' dir='ltr'>φωνὰς,</span> <span class='ocrx_word' id='word_1_635' title='bbox 1432 4567 1528 4622; x_wconf 78' lang='grc' dir='ltr'>ᾰτε</span> <span class='ocrx_word' id='word_1_636' title='bbox 1550 4568 1613 4638; x_wconf 84' lang='grc' dir='ltr'>δὴ</span> <span class='ocrx_word' id='word_1_637' title='bbox 1650 4571 1782 4639; x_wconf 87' lang='grc' dir='ltr'>παρ’</span> 
     </span>
    </p>
   </div>
   <div class='ocr_carea' id='block_1_82' title="bbox 1890 3558 3472 3634">
    <p class='ocr_par' dir='ltr' id='par_1_82' title="bbox 1890 3558 3472 3634">
     <span class='ocr_line' id='line_1_82' title="bbox 1890 3558 3472 3634; baseline 0.004 -20"><span class='ocrx_word' id='word_1_638' title='bbox 1890 3569 1996 3625; x_wconf 86' lang='lat' dir='ltr'><strong>est,</strong></span> <span class='ocrx_word' id='word_1_639' title='bbox 2034 3559 2276 3628; x_wconf 76' lang='lat' dir='ltr'><strong>scipsum</strong></span> <span class='ocrx_word' id='word_1_640' title='bbox 2310 3558 2470 3613; x_wconf 88' lang='lat' dir='ltr'><strong>nobis</strong></span> <span class='ocrx_word' id='word_1_641' title='bbox 2492 3558 2725 3615; x_wconf 89' lang='lat' dir='ltr'><strong>similem</strong></span> <span class='ocrx_word' id='word_1_642' title='bbox 2777 3559 3015 3626; x_wconf 83' lang='lat' dir='ltr'><strong>faciens,</strong></span> <span class='ocrx_word' id='word_1_643' title='bbox 3055 3572 3109 3618; x_wconf 94' lang='lat' dir='ltr'><strong>ut</strong></span> <span class='ocrx_word' id='word_1_644' title='bbox 3146 3578 3245 3633; x_wconf 87' lang='lat' dir='ltr'><strong>per</strong></span> <span class='ocrx_word' id='word_1_645' title='bbox 3296 3564 3472 3634; x_wconf 84' lang='lat' dir='ltr'><strong>ipsum</strong></span> 
     </span>
    </p>
   </div>
   <div class='ocr_carea' id='block_1_83' title="bbox 1890 3650 3476 3728">
    <p class='ocr_par' dir='ltr' id='par_1_83' title="bbox 1890 3650 3476 3728">
     <span class='ocr_line' id='line_1_83' title="bbox 1890 3650 3476 3728; baseline 0.004 -22"><span class='ocrx_word' id='word_1_646' title='bbox 1890 3650 1945 3706; x_wconf 89' lang='lat' dir='ltr'><strong>id</strong></span> <span class='ocrx_word' id='word_1_647' title='bbox 1980 3651 2126 3721; x_wconf 89' lang='lat' dir='ltr'><strong>quod</strong></span> <span class='ocrx_word' id='word_1_648' title='bbox 2164 3660 2362 3706; x_wconf 87' lang='lat' dir='ltr'><strong>natura</strong></span> <span class='ocrx_word' id='word_1_649' title='bbox 2406 3653 2569 3723; x_wconf 90' lang='lat' dir='ltr'><strong>longe</strong></span> <span class='ocrx_word' id='word_1_650' title='bbox 2608 3652 2868 3708; x_wconf 86' lang='lat' dir='ltr'><strong>dissitum</strong></span> <span class='ocrx_word' id='word_1_651' title='bbox 2904 3663 3042 3720; x_wconf 78' lang='lat' dir='ltr'><strong>erat,</strong></span> <span class='ocrx_word' id='word_1_652' title='bbox 3073 3655 3185 3711; x_wconf 90' lang='lat' dir='ltr'><strong>Deo</strong></span> <span class='ocrx_word' id='word_1_653' title='bbox 3235 3660 3476 3728; x_wconf 87' lang='lat' dir='ltr'><strong>conjun-</strong></span> 
     </span>
    </p>
   </div>
   <div class='ocr_carea' id='block_1_84' title="bbox 1892 3743 3464 3815">
    <p class='ocr_par' dir='ltr' id='par_1_84' title="bbox 1892 3743 3464 3815">
     <span class='ocr_line' id='line_1_84' title="bbox 1892 3743 3464 3815; baseline 0.004 -18"><span class='ocrx_word' id='word_1_654' title='bbox 1892 3752 2138 3813; x_wconf 86' lang='lat' dir='ltr'><strong>geretur.</strong></span> <span class='ocrx_word' id='word_1_655' title='bbox 2182 3743 2317 3796; x_wconf 73' lang='lat' dir='ltr'><strong>(lum</strong></span> <span class='ocrx_word' id='word_1_656' title='bbox 2343 3757 2475 3813; x_wconf 89' lang='lat' dir='ltr'><strong>ergo</strong></span> <span class='ocrx_word' id='word_1_657' title='bbox 2499 3743 2635 3798; x_wconf 85' lang='lat' dir='ltr'><strong>dieit</strong></span> <span class='ocrx_word' id='word_1_658' title='bbox 2665 3743 2881 3815; x_wconf 81' lang='lat' dir='ltr'><strong>Moyses</strong></span> <span class='ocrx_word' id='word_1_659' title='bbox 2910 3766 2921 3801; x_wconf 92' lang='lat'>:</span> <span class='ocrx_word' id='word_1_660' title='bbox 2959 3763 2980 3798; x_wconf 73' lang='grc' dir='ltr'><strong>ι</strong></span> <span class='ocrx_word' id='word_1_661' title='bbox 3020 3746 3327 3803; x_wconf 87' lang='lat' dir='ltr'><strong>Suscitabit</strong></span> <span class='ocrx_word' id='word_1_662' title='bbox 3365 3748 3464 3804; x_wconf 60' lang='lat' dir='ltr'><strong>Do.</strong></span> 
     </span>
    </p>
   </div>
   <div class='ocr_carea' id='block_1_85' title="bbox 1888 3836 3468 3907">
    <p class='ocr_par' dir='ltr' id='par_1_85' title="bbox 1888 3836 3468 3907">
     <span class='ocr_line' id='line_1_85' title="bbox 1888 3836 3468 3907; baseline 0.005 -17"><span class='ocrx_word' id='word_1_663' title='bbox 1888 3836 2074 3891; x_wconf 90' lang='lat' dir='ltr'><strong>minus</strong></span> <span class='ocrx_word' id='word_1_664' title='bbox 2120 3836 2278 3892; x_wconf 85' lang='lat' dir='ltr'><strong>vobis</strong></span> <span class='ocrx_word' id='word_1_665' title='bbox 2320 3837 2644 3907; x_wconf 88' lang='lat' dir='ltr'><strong>prophetam</strong></span> <span class='ocrx_word' id='word_1_666' title='bbox 2688 3837 2854 3892; x_wconf 87' lang='lat' dir='ltr'><strong>sicuti</strong></span> <span class='ocrx_word' id='word_1_667' title='bbox 2894 3853 2978 3893; x_wconf 88' lang='lat' dir='ltr'><strong>me</strong></span> <span class='ocrx_word' id='word_1_668' title='bbox 3001 3839 3068 3904; x_wconf 83' lang='grc'><strong>³⁸,</strong></span> <span class='ocrx_word' id='word_1_669' title='bbox 3100 3858 3119 3891; x_wconf 74' lang='grc' dir='ltr'><strong>ι</strong></span> <span class='ocrx_word' id='word_1_670' title='bbox 3160 3840 3320 3896; x_wconf 83' lang='lat' dir='ltr'><strong>aliter</strong></span> <span class='ocrx_word' id='word_1_671' title='bbox 3359 3857 3468 3897; x_wconf 75' lang='lat' dir='ltr'><strong>non</strong></span> 
     </span>
    </p>
   </div>
   <div class='ocr_carea' id='block_1_86' title="bbox 1888 3925 3466 3997">
    <p class='ocr_par' dir='ltr' id='par_1_86' title="bbox 1888 3925 3466 3997">
     <span class='ocr_line' id='line_1_86' title="bbox 1888 3925 3466 3997; baseline 0.004 -18"><span class='ocrx_word' id='word_1_672' title='bbox 1888 3925 2163 3997; x_wconf 84' lang='lat' dir='ltr'><strong>intelliges</strong></span> <span class='ocrx_word' id='word_1_673' title='bbox 2188 3940 2353 3997; x_wconf 86' lang='lat' dir='ltr'><strong>quam</strong></span> <span class='ocrx_word' id='word_1_674' title='bbox 2382 3941 2493 3997; x_wconf 92' lang='lat' dir='ltr'><strong>quo</strong></span> <span class='ocrx_word' id='word_1_675' title='bbox 2525 3927 2686 3982; x_wconf 90' lang='lat' dir='ltr'><strong>modo</strong></span> <span class='ocrx_word' id='word_1_676' title='bbox 2734 3934 2897 3983; x_wconf 88' lang='lat' dir='ltr'><strong>antea</strong></span> <span class='ocrx_word' id='word_1_677' title='bbox 2933 3929 3179 3986; x_wconf 80' lang='lat' dir='ltr'><strong>diximus</strong></span> <span class='ocrx_word' id='word_1_678' title='bbox 3205 3949 3217 3985; x_wconf 89' lang='lat'><strong>:</strong></span> <span class='ocrx_word' id='word_1_679' title='bbox 3243 3948 3369 3987; x_wconf 89' lang='lat' dir='ltr'><strong>nam</strong></span> <span class='ocrx_word' id='word_1_680' title='bbox 3416 3943 3466 3989; x_wconf 85' lang='lat' dir='ltr'><strong>et</strong></span> 
     </span>
    </p>
   </div>
   <div class='ocr_carea' id='block_1_87' title="bbox 1889 4018 3465 4094">
    <p class='ocr_par' dir='ltr' id='par_1_87' title="bbox 1889 4018 3465 4094">
     <span class='ocr_line' id='line_1_87' title="bbox 1889 4018 3465 4094; baseline 0.004 -21"><span class='ocrx_word' id='word_1_681' title='bbox 1889 4018 2006 4088; x_wconf 89' lang='lat' dir='ltr'><strong>ipse</strong></span> <span class='ocrx_word' id='word_1_682' title='bbox 2039 4018 2182 4073; x_wconf 83' lang='lat' dir='ltr'><strong>Deus</strong></span> <span class='ocrx_word' id='word_1_683' title='bbox 2211 4018 2262 4072; x_wconf 90' lang='lat' dir='ltr'><strong>id</strong></span> <span class='ocrx_word' id='word_1_684' title='bbox 2289 4018 2601 4084; x_wconf 87' lang='lat' dir='ltr'><strong>confirmat,</strong></span> <span class='ocrx_word' id='word_1_685' title='bbox 2630 4018 2857 4074; x_wconf 79' lang='lat' dir='ltr'><strong>dicens:</strong></span> <span class='ocrx_word' id='word_1_686' title='bbox 2885 4037 2904 4071; x_wconf 76' lang='grc' dir='ltr'><strong>ι</strong></span> <span class='ocrx_word' id='word_1_687' title='bbox 2942 4019 3115 4077; x_wconf 77' lang='lat' dir='ltr'><strong>Recte</strong></span> <span class='ocrx_word' id='word_1_688' title='bbox 3137 4024 3320 4077; x_wconf 89' lang='lat' dir='ltr'><strong>omnia</strong></span> <span class='ocrx_word' id='word_1_689' title='bbox 3347 4040 3465 4094; x_wconf 76' lang='lat' dir='ltr'><strong>qua:</strong></span> 
     </span>
    </p>
   </div>
   <div class='ocr_carea' id='block_1_88' title="bbox 1890 4110 3471 4185">
    <p class='ocr_par' dir='ltr' id='par_1_88' title="bbox 1890 4110 3471 4185">
     <span class='ocr_line' id='line_1_88' title="bbox 1890 4110 3471 4185; baseline 0.005 -22"><span class='ocrx_word' id='word_1_690' title='bbox 1890 4110 2056 4163; x_wconf 84' lang='lat' dir='ltr'><strong>locuti</strong></span> <span class='ocrx_word' id='word_1_691' title='bbox 2098 4118 2228 4164; x_wconf 90' lang='lat' dir='ltr'><strong>sunt</strong></span> <span class='ocrx_word' id='word_1_692' title='bbox 2264 4126 2277 4161; x_wconf 89' lang='lat'><strong>:</strong></span> <span class='ocrx_word' id='word_1_693' title='bbox 2326 4110 2647 4179; x_wconf 86' lang='lat' dir='ltr'><strong>prophetam</strong></span> <span class='ocrx_word' id='word_1_694' title='bbox 2698 4111 2981 4167; x_wconf 87' lang='lat' dir='ltr'><strong>suscitabo</strong></span> <span class='ocrx_word' id='word_1_695' title='bbox 3024 4113 3126 4177; x_wconf 91' lang='lat' dir='ltr'><strong>eis,</strong></span> <span class='ocrx_word' id='word_1_696' title='bbox 3177 4115 3323 4169; x_wconf 91' lang='lat' dir='ltr'><strong>sicut</strong></span> <span class='ocrx_word' id='word_1_697' title='bbox 3366 4124 3418 4172; x_wconf 91' lang='lat' dir='ltr'><strong>te</strong></span> <span class='ocrx_word' id='word_1_698' title='bbox 3458 4166 3471 4185; x_wconf 90' lang='grc'><strong>,</strong></span> 
     </span>
    </p>
   </div>
   <div class='ocr_carea' id='block_1_89' title="bbox 1889 4199 3464 4274">
    <p class='ocr_par' dir='ltr' id='par_1_89' title="bbox 1889 4199 3464 4274">
     <span class='ocr_line' id='line_1_89' title="bbox 1889 4199 3464 4274; baseline 0.005 -21"><span class='ocrx_word' id='word_1_699' title='bbox 1889 4208 1941 4253; x_wconf 89' lang='lat' dir='ltr'><strong>et</strong></span> <span class='ocrx_word' id='word_1_700' title='bbox 1972 4200 2116 4255; x_wconf 87' lang='lat' dir='ltr'><strong>dabo</strong></span> <span class='ocrx_word' id='word_1_701' title='bbox 2144 4199 2308 4255; x_wconf 83' lang='lat' dir='ltr'><strong>verba</strong></span> <span class='ocrx_word' id='word_1_702' title='bbox 2346 4215 2465 4253; x_wconf 83' lang='lat' dir='ltr'><strong>mea</strong></span> <span class='ocrx_word' id='word_1_703' title='bbox 2514 4200 2570 4254; x_wconf 92' lang='lat' dir='ltr'><strong>in</strong></span> <span class='ocrx_word' id='word_1_704' title='bbox 2623 4214 2720 4255; x_wconf 76' lang='lat' dir='ltr'><strong>ore</strong></span> <span class='ocrx_word' id='word_1_705' title='bbox 2761 4200 2916 4267; x_wconf 89' lang='lat' dir='ltr'><strong>eius;</strong></span> <span class='ocrx_word' id='word_1_706' title='bbox 2974 4210 3028 4257; x_wconf 85' lang='lat' dir='ltr'><strong>et</strong></span> <span class='ocrx_word' id='word_1_707' title='bbox 3079 4204 3337 4274; x_wconf 90' lang='lat' dir='ltr'><strong>loquetur</strong></span> <span class='ocrx_word' id='word_1_708' title='bbox 3384 4208 3464 4261; x_wconf 90' lang='lat' dir='ltr'><strong>eis</strong></span> 
     </span>
    </p>
   </div>
   <div class='ocr_carea' id='block_1_90' title="bbox 1886 4288 3464 4361">
    <p class='ocr_par' dir='ltr' id='par_1_90' title="bbox 1886 4288 3464 4361">
     <span class='ocr_line' id='line_1_90' title="bbox 1886 4288 3464 4361; baseline 0.003 -15"><span class='ocrx_word' id='word_1_709' title='bbox 1886 4305 2230 4361; x_wconf 72' lang='lat' dir='ltr'><strong>quaecunque</strong></span> <span class='ocrx_word' id='word_1_710' title='bbox 2282 4291 2613 4345; x_wconf 83' lang='lat' dir='ltr'><strong>mandavero</strong></span> <span class='ocrx_word' id='word_1_711' title='bbox 2656 4290 2705 4345; x_wconf 90' lang='lat' dir='ltr'><strong>ei</strong></span> <span class='ocrx_word' id='word_1_712' title='bbox 2726 4288 3015 4345; x_wconf 67' lang='lat' dir='ltr'><strong>“.DPortat</strong></span> <span class='ocrx_word' id='word_1_713' title='bbox 3073 4296 3220 4349; x_wconf 85' lang='lat' dir='ltr'><strong>enim</strong></span> <span class='ocrx_word' id='word_1_714' title='bbox 3281 4299 3464 4351; x_wconf 77' lang='lat' dir='ltr'><strong>omnia</strong></span> 
     </span>
    </p>
   </div>
   <div class='ocr_carea' id='block_1_91' title="bbox 1887 4381 3465 4455">
    <p class='ocr_par' dir='ltr' id='par_1_91' title="bbox 1887 4381 3465 4455">
     <span class='ocr_line' id='line_1_91' title="bbox 1887 4381 3465 4455; baseline 0.005 -18"><span class='ocrx_word' id='word_1_715' title='bbox 1887 4384 2055 4440; x_wconf 85' lang='lat' dir='ltr'><strong>verbo</strong></span> <span class='ocrx_word' id='word_1_716' title='bbox 2111 4384 2330 4439; x_wconf 78' lang='lat' dir='ltr'><strong>virtutis</strong></span> <span class='ocrx_word' id='word_1_717' title='bbox 2366 4399 2481 4439; x_wconf 69' lang='lat' dir='ltr'><strong>suae</strong></span> <span class='ocrx_word' id='word_1_718' title='bbox 2521 4381 2713 4448; x_wconf 84' lang='lat' dir='ltr'><strong>Filius,</strong></span> <span class='ocrx_word' id='word_1_719' title='bbox 2761 4385 3224 4455; x_wconf 85' lang='lat' dir='ltr'><strong>quemadmodum</strong></span> <span class='ocrx_word' id='word_1_720' title='bbox 3259 4388 3465 4446; x_wconf 87' lang='lat' dir='ltr'><strong>Paulus</strong></span> 
     </span>
    </p>
   </div>
   <div class='ocr_carea' id='block_1_92' title="bbox 1886 4473 3464 4541">
    <p class='ocr_par' dir='ltr' id='par_1_92' title="bbox 1886 4473 3464 4541">
     <span class='ocr_line' id='line_1_92' title="bbox 1886 4473 3464 4541; baseline 0.004 -15"><span class='ocrx_word' id='word_1_721' title='bbox 1886 4475 1962 4527; x_wconf 89' lang='lat' dir='ltr'><strong>ait</strong></span> <span class='ocrx_word' id='word_1_722' title='bbox 1987 4473 2053 4540; x_wconf 86' lang='grc'><strong>³⁷,</strong></span> <span class='ocrx_word' id='word_1_723' title='bbox 2075 4480 2130 4529; x_wconf 84' lang='grc' dir='ltr'><strong>ει</strong></span> <span class='ocrx_word' id='word_1_724' title='bbox 2156 4473 2336 4529; x_wconf 89' lang='lat' dir='ltr'><strong>Patris</strong></span> <span class='ocrx_word' id='word_1_725' title='bbox 2370 4488 2530 4528; x_wconf 77' lang='lat' dir='ltr'><strong>voces</strong></span> <span class='ocrx_word' id='word_1_726' title='bbox 2563 4474 2722 4527; x_wconf 89' lang='lat' dir='ltr'><strong>nobis</strong></span> <span class='ocrx_word' id='word_1_727' title='bbox 2742 4475 3309 4541; x_wconf 86' lang='lat' dir='ltr'><strong>annuntiat,maxime</strong></span> <span class='ocrx_word' id='word_1_728' title='bbox 3339 4494 3464 4533; x_wconf 87' lang='lat' dir='ltr'><strong>cum</strong></span> 
     </span>
    </p>
   </div>
   <div class='ocr_carea' id='block_1_93' title="bbox 1888 4566 3464 4637">
    <p class='ocr_par' dir='ltr' id='par_1_93' title="bbox 1888 4566 3464 4637">
     <span class='ocr_line' id='line_1_93' title="bbox 1888 4566 3464 4637; baseline 0.004 -16"><span class='ocrx_word' id='word_1_729' title='bbox 1888 4568 1957 4621; x_wconf 86' lang='lat' dir='ltr'><strong>ab</strong></span> <span class='ocrx_word' id='word_1_730' title='bbox 1987 4568 2110 4637; x_wconf 90' lang='lat' dir='ltr'><strong>ipso</strong></span> <span class='ocrx_word' id='word_1_731' title='bbox 2140 4568 2410 4621; x_wconf 85' lang='lat' dir='ltr'><strong>mediator</strong></span> <span class='ocrx_word' id='word_1_732' title='bbox 2438 4566 2510 4622; x_wconf 90' lang='lat' dir='ltr'><strong>sit</strong></span> <span class='ocrx_word' id='word_1_733' title='bbox 2553 4567 2915 4633; x_wconf 83' lang='lat' dir='ltr'><strong>constitutus,</strong></span> <span class='ocrx_word' id='word_1_734' title='bbox 2957 4566 3119 4637; x_wconf 85' lang='lat' dir='ltr'><strong>juxta</strong></span> <span class='ocrx_word' id='word_1_735' title='bbox 3151 4570 3285 4625; x_wconf 92' lang='lat' dir='ltr'><strong>illud</strong></span> <span class='ocrx_word' id='word_1_736' title='bbox 3309 4570 3464 4627; x_wconf 86' lang='lat' dir='ltr'><strong>Psal-</strong></span> 
     </span>
    </p>
   </div>
   <div class='ocr_carea' id='block_1_94' title="bbox 188 4658 1785 4733">
    <p class='ocr_par' dir='ltr' id='par_1_94' title="bbox 188 4658 1777 4729">
     <span class='ocr_line' id='line_1_94' title="bbox 188 4658 1777 4729; baseline -0.001 -15"><span class='ocrx_word' id='word_1_737' title='bbox 188 4660 357 4714; x_wconf 77' lang='grc' dir='ltr'>αὐτοῦ</span> <span class='ocrx_word' id='word_1_738' title='bbox 396 4658 625 4729; x_wconf 80' lang='grc' dir='ltr'>μεσίτης</span> <span class='ocrx_word' id='word_1_739' title='bbox 657 4659 1201 4729; x_wconf 84' lang='grc' dir='ltr'>κεχειροτονημένος,</span> <span class='ocrx_word' id='word_1_740' title='bbox 1232 4659 1373 4713; x_wconf 83' lang='grc' dir='ltr'>κατὰ</span> <span class='ocrx_word' id='word_1_741' title='bbox 1410 4660 1473 4712; x_wconf 88' lang='grc' dir='ltr'><strong>τὸ</strong></span> <span class='ocrx_word' id='word_1_742' title='bbox 1516 4660 1574 4712; x_wconf 84' lang='grc' dir='ltr'><strong>ἐν</strong></span> <span class='ocrx_word' id='word_1_743' title='bbox 1620 4660 1777 4713; x_wconf 75' lang='grc' dir='ltr'>Ψαλ-</span> 
     </span>
    </p>
   </div>
   <div class='ocr_carea' id='block_1_95' title="bbox 1891 4658 3463 4733">
    <p class='ocr_par' dir='ltr' id='par_1_95' title="bbox 1891 4660 3463 4733">
     <span class='ocr_line' id='line_1_95' title="bbox 1891 4660 3463 4733; baseline 0.001 -18"><span class='ocrx_word' id='word_1_744' title='bbox 1891 4662 2063 4716; x_wconf 68' lang='lat' dir='ltr'><strong>mistre</strong></span> <span class='ocrx_word' id='word_1_745' title='bbox 2101 4668 2363 4731; x_wconf 86' lang='lat' dir='ltr'><strong>tanquam</strong></span> <span class='ocrx_word' id='word_1_746' title='bbox 2394 4675 2459 4716; x_wconf 89' lang='lat' dir='ltr'><strong>ex</strong></span> <span class='ocrx_word' id='word_1_747' title='bbox 2506 4675 2742 4731; x_wconf 87' lang='lat' dir='ltr'><strong>persona</strong></span> <span class='ocrx_word' id='word_1_748' title='bbox 2782 4660 2986 4716; x_wconf 83' lang='lat' dir='ltr'><strong>Christi</strong></span> <span class='ocrx_word' id='word_1_749' title='bbox 3018 4679 3029 4714; x_wconf 87' lang='lat'><strong>:</strong></span> <span class='ocrx_word' id='word_1_750' title='bbox 3072 4680 3091 4711; x_wconf 73' lang='grc' dir='ltr'><strong>ι</strong></span> <span class='ocrx_word' id='word_1_751' title='bbox 3126 4663 3241 4733; x_wconf 84' lang='lat' dir='ltr'><strong>Ego</strong></span> <span class='ocrx_word' id='word_1_752' title='bbox 3279 4674 3463 4719; x_wconf 86' lang='lat' dir='ltr'><strong>autem</strong></span> 
     </span>
    </p>
   </div>
   <div class='ocr_carea' id='block_1_96' title="bbox 190 4747 1782 4820">
    <p class='ocr_par' dir='ltr' id='par_1_96' title="bbox 190 4747 1782 4820">
     <span class='ocr_line' id='line_1_96' title="bbox 190 4747 1782 4820; baseline 0.002 -18"><span class='ocrx_word' id='word_1_753' title='bbox 190 4752 311 4819; x_wconf 87' lang='grc' dir='ltr'>μοῖς</span> <span class='ocrx_word' id='word_1_754' title='bbox 338 4748 629 4820; x_wconf 73' lang='grc' dir='ltr'>ᾀδόμενον,</span> <span class='ocrx_word' id='word_1_755' title='bbox 662 4748 739 4811; x_wconf 85' lang='grc' dir='ltr'>ὡς</span> <span class='ocrx_word' id='word_1_756' title='bbox 764 4747 823 4812; x_wconf 83' lang='grc' dir='ltr'>ἐξ</span> <span class='ocrx_word' id='word_1_757' title='bbox 852 4748 1018 4801; x_wconf 83' lang='grc' dir='ltr'>αὑτοῦ</span> <span class='ocrx_word' id='word_1_758' title='bbox 1043 4747 1139 4801; x_wconf 87' lang='grc' dir='ltr'><strong>τοῦ</strong></span> <span class='ocrx_word' id='word_1_759' title='bbox 1170 4747 1409 4819; x_wconf 81' lang='grc' dir='ltr'>Χριστοῦ</span> <span class='ocrx_word' id='word_1_760' title='bbox 1429 4766 1445 4783; x_wconf 80' lang='grc' dir='ltr'><strong>ο</strong></span> <span class='ocrx_word' id='word_1_761' title='bbox 1485 4768 1504 4802; x_wconf 76' lang='grc' dir='ltr'><strong>ι</strong></span> <span class='ocrx_word' id='word_1_762' title='bbox 1554 4750 1697 4820; x_wconf 87' lang='grc' dir='ltr'><strong>Ἐγὼ</strong></span> <span class='ocrx_word' id='word_1_763' title='bbox 1725 4752 1782 4805; x_wconf 85' lang='grc' dir='ltr'>δὲ</span> 
     </span>
    </p>
   </div>
   <div class='ocr_carea' id='block_1_97' title="bbox 188 4837 1784 4913">
    <p class='ocr_par' dir='ltr' id='par_1_97' title="bbox 188 4837 1784 4913">
     <span class='ocr_line' id='line_1_97' title="bbox 188 4837 1784 4913; baseline 0.002 -20"><span class='ocrx_word' id='word_1_764' title='bbox 188 4839 541 4909; x_wconf 84' lang='grc' dir='ltr'>κατεστάθην</span> <span class='ocrx_word' id='word_1_765' title='bbox 580 4837 833 4907; x_wconf 80' lang='grc' dir='ltr'>βασιλεὺς</span> <span class='ocrx_word' id='word_1_766' title='bbox 874 4839 964 4892; x_wconf 77' lang='grc' dir='ltr'><strong>ὑπ’</strong></span> <span class='ocrx_word' id='word_1_767' title='bbox 996 4839 1161 4893; x_wconf 89' lang='grc' dir='ltr'>αὐτοῦ</span> <span class='ocrx_word' id='word_1_768' title='bbox 1187 4880 1202 4906; x_wconf 89' lang='grc'><strong>,</strong></span> <span class='ocrx_word' id='word_1_769' title='bbox 1238 4842 1332 4894; x_wconf 76' lang='grc' dir='ltr'>ἐπὶ</span> <span class='ocrx_word' id='word_1_770' title='bbox 1387 4841 1524 4895; x_wconf 88' lang='grc' dir='ltr'>Σιὼν</span> <span class='ocrx_word' id='word_1_771' title='bbox 1558 4843 1683 4913; x_wconf 77' lang='grc' dir='ltr'>ὅρος</span> <span class='ocrx_word' id='word_1_772' title='bbox 1722 4844 1784 4895; x_wconf 88' lang='grc' dir='ltr'><strong>τὸ</strong></span> 
     </span>
    </p>
   </div>
   <div class='ocr_carea' id='block_1_98' title="bbox 189 4929 1782 5004">
    <p class='ocr_par' dir='ltr' id='par_1_98' title="bbox 189 4929 1782 5004">
     <span class='ocr_line' id='line_1_98' title="bbox 189 4929 1782 5004; baseline 0.003 -21"><span class='ocrx_word' id='word_1_773' title='bbox 189 4932 343 4998; x_wconf 73' lang='grc' dir='ltr'>ἅγιον</span> <span class='ocrx_word' id='word_1_774' title='bbox 372 4929 545 4984; x_wconf 84' lang='grc' dir='ltr'>αὐτοῦ</span> <span class='ocrx_word' id='word_1_775' title='bbox 578 4929 913 4999; x_wconf 79' lang='grc' dir='ltr'>διαγγέλλων</span> <span class='ocrx_word' id='word_1_776' title='bbox 943 4932 1005 4985; x_wconf 90' lang='grc' dir='ltr'><strong>τὸ</strong></span> <span class='ocrx_word' id='word_1_777' title='bbox 1034 4932 1367 5003; x_wconf 83' lang='grc' dir='ltr'>πρόσταγμα</span> <span class='ocrx_word' id='word_1_778' title='bbox 1399 4934 1629 5004; x_wconf 84' lang='grc' dir='ltr'>Κυρίου.</span> <span class='ocrx_word' id='word_1_779' title='bbox 1663 4954 1683 4986; x_wconf 73' lang='grc' dir='ltr'><strong>ι</strong></span> <span class='ocrx_word' id='word_1_780' title='bbox 1721 4935 1782 4988; x_wconf 83' lang='grc' dir='ltr'><strong>Εἰ</strong></span> 
     </span>
    </p>
   </div>
   <div class='ocr_carea' id='block_1_99' title="bbox 186 5022 1782 5097">
    <p class='ocr_par' dir='ltr' id='par_1_99' title="bbox 186 5022 1782 5097">
     <span class='ocr_line' id='line_1_99' title="bbox 186 5022 1782 5097; baseline -0.001 -17"><span class='ocrx_word' id='word_1_781' title='bbox 186 5023 239 5076; x_wconf 77' lang='grc' dir='ltr'>δέ</span> <span class='ocrx_word' id='word_1_782' title='bbox 282 5040 367 5091; x_wconf 80' lang='grc' dir='ltr'><strong>τῳ</strong></span> <span class='ocrx_word' id='word_1_783' title='bbox 416 5022 600 5085; x_wconf 78' lang='grc' dir='ltr'>δοκεῖ,</span> <span class='ocrx_word' id='word_1_784' title='bbox 636 5023 731 5075; x_wconf 73' lang='grc' dir='ltr'>καὶ</span> <span class='ocrx_word' id='word_1_785' title='bbox 778 5023 836 5087; x_wconf 85' lang='grc' dir='ltr'>ἐξ</span> <span class='ocrx_word' id='word_1_786' title='bbox 887 5023 1091 5092; x_wconf 75' lang='grc' dir='ltr'>ἐτέρων</span> <span class='ocrx_word' id='word_1_787' title='bbox 1144 5024 1363 5078; x_wconf 79' lang='grc' dir='ltr'>ἐννοιῶν</span> <span class='ocrx_word' id='word_1_788' title='bbox 1416 5026 1510 5078; x_wconf 67' lang='grc' dir='ltr'>ἐπὶ</span> <span class='ocrx_word' id='word_1_789' title='bbox 1552 5025 1642 5078; x_wconf 85' lang='grc' dir='ltr'><strong>τὸν</strong></span> <span class='ocrx_word' id='word_1_790' title='bbox 1684 5027 1782 5097; x_wconf 81' lang='grc' dir='ltr'>τῆς</span> 
     </span>
    </p>
   </div>
   <div class='ocr_carea' id='block_1_100' title="bbox 186 5112 1779 5186">
    <p class='ocr_par' dir='ltr' id='par_1_100' title="bbox 186 5112 1779 5186">
     <span class='ocr_line' id='line_1_100' title="bbox 186 5112 1779 5186; baseline 0.002 -21"><span class='ocrx_word' id='word_1_791' title='bbox 186 5115 514 5182; x_wconf 76' lang='grc' dir='ltr'>ὁμοιότητος</span> <span class='ocrx_word' id='word_1_792' title='bbox 569 5112 997 5177; x_wconf 78' lang='grc' dir='ltr'>ἀναὸιὸἀζισθαι</span> <span class='ocrx_word' id='word_1_793' title='bbox 1048 5114 1269 5183; x_wconf 81' lang='grc' dir='ltr'>τρόπον,</span> <span class='ocrx_word' id='word_1_794' title='bbox 1327 5115 1626 5185; x_wconf 72' lang='grc' dir='ltr'>ἐκλήψεται</span> <span class='ocrx_word' id='word_1_795' title='bbox 1682 5117 1779 5186; x_wconf 68' lang='grc' dir='ltr'>μὲν</span> 
     </span>
    </p>
   </div>
   <div class='ocr_carea' id='block_1_101' title="bbox 187 5202 1753 5277">
    <p class='ocr_par' dir='ltr' id='par_1_101' title="bbox 187 5202 1753 5277">
     <span class='ocr_line' id='line_1_101' title="bbox 187 5202 1753 5277; baseline 0.003 -21"><span class='ocrx_word' id='word_1_796' title='bbox 187 5204 490 5274; x_wconf 78' lang='grc' dir='ltr'>νομοθέτην</span> <span class='ocrx_word' id='word_1_797' title='bbox 514 5202 576 5255; x_wconf 87' lang='grc' dir='ltr'><strong>τὸ</strong></span> <span class='ocrx_word' id='word_1_798' title='bbox 603 5220 622 5253; x_wconf 77' lang='grc' dir='ltr'><strong>ι</strong></span> <span class='ocrx_word' id='word_1_799' title='bbox 661 5221 737 5267; x_wconf 88' lang='grc' dir='ltr'><strong>ως</strong></span> <span class='ocrx_word' id='word_1_800' title='bbox 770 5204 892 5274; x_wconf 79' lang='grc' dir='ltr'>ἐμὲ,</span> <span class='ocrx_word' id='word_1_801' title='bbox 927 5223 945 5254; x_wconf 74' lang='grc' dir='ltr'><strong>ι</strong></span> <span class='ocrx_word' id='word_1_802' title='bbox 981 5205 1075 5258; x_wconf 85' lang='grc' dir='ltr'>καὶ</span> <span class='ocrx_word' id='word_1_803' title='bbox 1109 5206 1359 5277; x_wconf 84' lang='grc' dir='ltr'>παροίσει</span> <span class='ocrx_word' id='word_1_804' title='bbox 1394 5207 1531 5277; x_wconf 81' lang='grc' dir='ltr'>πρὸς</span> <span class='ocrx_word' id='word_1_805' title='bbox 1565 5207 1753 5261; x_wconf 83' lang='grc' dir='ltr'>ἀκόδει</span> 
     </span>
    </p>
   </div>
   <div class='ocr_carea' id='block_1_102' title="bbox 220 5293 1701 5369">
    <p class='ocr_par' dir='ltr' id='par_1_102' title="bbox 220 5293 1701 5369">
     <span class='ocr_line' id='line_1_102' title="bbox 220 5293 1701 5369; baseline 0.005 -26"><span class='ocrx_word' id='word_1_806' title='bbox 220 5316 261 5343; x_wconf 61' lang='lat' dir='ltr'>w</span> <span class='ocrx_word' id='word_1_807' title='bbox 319 5314 349 5343; x_wconf 63' lang='grc' dir='ltr'><strong>τ</strong></span> <span class='ocrx_word' id='word_1_808' title='bbox 441 5314 453 5345; x_wconf 85' lang='lat'>;</span> <span class='ocrx_word' id='word_1_809' title='bbox 540 5293 742 5364; x_wconf 52' lang='grc' dir='ltr'>ἶν’ἐθη</span> <span class='ocrx_word' id='word_1_810' title='bbox 818 5312 911 5358; x_wconf 75' lang='grc' dir='ltr'><strong>ὀις</strong></span> <span class='ocrx_word' id='word_1_811' title='bbox 962 5297 997 5350; x_wconf 85' lang='grc' dir='ltr'><strong>ἀ</strong></span> <span class='ocrx_word' id='word_1_812' title='bbox 1038 5315 1069 5366; x_wconf 87' lang='grc' dir='ltr'>χ</span> <span class='ocrx_word' id='word_1_813' title='bbox 1113 5297 1209 5359; x_wconf 64' lang='lat' dir='ltr'><strong>tat;</strong></span> <span class='ocrx_word' id='word_1_814' title='bbox 1311 5298 1387 5351; x_wconf 73' lang='grc'><strong>03</strong></span> <span class='ocrx_word' id='word_1_815' title='bbox 1424 5315 1491 5369; x_wconf 87' lang='grc' dir='ltr'><strong>μο</strong></span> <span class='ocrx_word' id='word_1_816' title='bbox 1518 5297 1701 5369; x_wconf 71' lang='grc' dir='ltr'>κε’σει</span> 
     </span>
    </p>
   </div>
   <div class='ocr_carea' id='block_1_103' title="bbox 186 5384 1775 5460">
    <p class='ocr_par' dir='ltr' id='par_1_103' title="bbox 186 5384 1775 5460">
     <span class='ocr_line' id='line_1_103' title="bbox 186 5384 1775 5460; baseline 0.007 -28"><span class='ocrx_word' id='word_1_817' title='bbox 186 5384 293 5451; x_wconf 78' lang='grc' dir='ltr'>εγὼ</span> <span class='ocrx_word' id='word_1_818' title='bbox 331 5386 393 5438; x_wconf 82' lang='grc' dir='ltr'><strong>δέ</strong></span> <span class='ocrx_word' id='word_1_819' title='bbox 426 5384 575 5453; x_wconf 83' lang='grc' dir='ltr'>λέγω</span> <span class='ocrx_word' id='word_1_820' title='bbox 603 5386 729 5455; x_wconf 82' lang='grc' dir='ltr'>ὑμῖν</span> <span class='ocrx_word' id='word_1_821' title='bbox 762 5426 775 5450; x_wconf 93' lang='grc'><strong>,</strong></span> <span class='ocrx_word' id='word_1_822' title='bbox 814 5386 929 5440; x_wconf 74' lang='grc' dir='ltr'>Οὐκ</span> <span class='ocrx_word' id='word_1_823' title='bbox 976 5387 1354 5459; x_wconf 80' lang='grc' dir='ltr'>ἐπιθυμήσεις.</span> <span class='ocrx_word' id='word_1_824' title='bbox 1392 5409 1410 5441; x_wconf 73' lang='grc' dir='ltr'><strong>ι</strong></span> <span class='ocrx_word' id='word_1_825' title='bbox 1449 5388 1775 5460; x_wconf 77' lang='grc' dir='ltr'>Ἐκλήψεται</span> 
     </span>
    </p>
   </div>
   <div class='ocr_carea' id='block_1_104' title="bbox 184 5477 1775 5551">
    <p class='ocr_par' dir='ltr' id='par_1_104' title="bbox 184 5477 1775 5551">
     <span class='ocr_line' id='line_1_104' title="bbox 184 5477 1775 5551; baseline 0.004 -21"><span class='ocrx_word' id='word_1_826' title='bbox 184 5479 241 5530; x_wconf 66' lang='grc' dir='ltr'>δὲ</span> <span class='ocrx_word' id='word_1_827' title='bbox 268 5478 440 5531; x_wconf 81' lang='grc' dir='ltr'>πάλιν</span> <span class='ocrx_word' id='word_1_828' title='bbox 492 5477 697 5545; x_wconf 74' lang='grc' dir='ltr'>ὁμοίως</span> <span class='ocrx_word' id='word_1_829' title='bbox 722 5478 785 5531; x_wconf 88' lang='grc' dir='ltr'><strong>τὸ</strong></span> <span class='ocrx_word' id='word_1_830' title='bbox 817 5497 836 5531; x_wconf 78' lang='grc' dir='ltr'><strong>ι</strong></span> <span class='ocrx_word' id='word_1_831' title='bbox 876 5478 954 5542; x_wconf 85' lang='grc' dir='ltr'><strong>ὡς</strong></span> <span class='ocrx_word' id='word_1_832' title='bbox 999 5480 1121 5550; x_wconf 80' lang='grc' dir='ltr'>ἐμὲ,</span> <span class='ocrx_word' id='word_1_833' title='bbox 1170 5499 1188 5531; x_wconf 75' lang='grc' dir='ltr'><strong>ι</strong></span> <span class='ocrx_word' id='word_1_834' title='bbox 1236 5482 1575 5551; x_wconf 77' lang='grc' dir='ltr'>χειραγωγὸν</span> <span class='ocrx_word' id='word_1_835' title='bbox 1614 5482 1775 5536; x_wconf 85' lang='grc' dir='ltr'>οἱονεί</span> 
     </span>
    </p>
   </div>
   <div class='ocr_carea' id='block_1_105' title="bbox 186 5568 1775 5639">
    <p class='ocr_par' dir='ltr' id='par_1_105' title="bbox 186 5568 1775 5639">
     <span class='ocr_line' id='line_1_105' title="bbox 186 5568 1775 5639; baseline 0.005 -20"><span class='ocrx_word' id='word_1_836' title='bbox 186 5568 439 5634; x_wconf 75' lang='grc' dir='ltr'>τινα,καὶ</span> <span class='ocrx_word' id='word_1_837' title='bbox 474 5568 912 5639; x_wconf 76' lang='grc' dir='ltr'>καθηγούμενον,</span> <span class='ocrx_word' id='word_1_838' title='bbox 936 5570 1129 5638; x_wconf 80' lang='grc' dir='ltr'>λέγων,</span> <span class='ocrx_word' id='word_1_839' title='bbox 1147 5571 1225 5633; x_wconf 85' lang='grc' dir='ltr'><strong>είς</strong></span> <span class='ocrx_word' id='word_1_840' title='bbox 1257 5571 1316 5623; x_wconf 76' lang='grc' dir='ltr'><strong>τὸ</strong></span> <span class='ocrx_word' id='word_1_841' title='bbox 1345 5571 1605 5625; x_wconf 85' lang='grc' dir='ltr'>δύνασθαι</span> <span class='ocrx_word' id='word_1_842' title='bbox 1635 5575 1775 5627; x_wconf 87' lang='grc' dir='ltr'>νοεῖν</span> 
     </span>
    </p>
   </div>
   <div class='ocr_carea' id='block_1_106' title="bbox 186 5656 1775 5733">
    <p class='ocr_par' dir='ltr' id='par_1_106' title="bbox 186 5656 1775 5733">
     <span class='ocr_line' id='line_1_106' title="bbox 186 5656 1775 5733; baseline 0.004 -24"><span class='ocrx_word' id='word_1_843' title='bbox 186 5661 253 5710; x_wconf 68' lang='grc' dir='ltr'>τὰ</span> <span class='ocrx_word' id='word_1_844' title='bbox 295 5660 355 5711; x_wconf 83' lang='grc' dir='ltr'><strong>ἐν</strong></span> <span class='ocrx_word' id='word_1_845' title='bbox 381 5659 605 5728; x_wconf 81' lang='grc' dir='ltr'>θελήσει</span> <span class='ocrx_word' id='word_1_846' title='bbox 638 5662 875 5732; x_wconf 80' lang='grc' dir='ltr'>Πατρὸς,</span> <span class='ocrx_word' id='word_1_847' title='bbox 900 5662 993 5714; x_wconf 79' lang='grc' dir='ltr'>καὶ</span> <span class='ocrx_word' id='word_1_848' title='bbox 1024 5661 1090 5714; x_wconf 81' lang='grc' dir='ltr'><strong>δι’</strong></span> <span class='ocrx_word' id='word_1_849' title='bbox 1119 5656 1195 5716; x_wconf 79' lang='grc' dir='ltr'>ὧν</span> <span class='ocrx_word' id='word_1_850' title='bbox 1237 5662 1303 5716; x_wconf 85' lang='grc' dir='ltr'>ἂν</span> <span class='ocrx_word' id='word_1_851' title='bbox 1336 5663 1544 5731; x_wconf 80' lang='grc' dir='ltr'>γένοιτο</span> <span class='ocrx_word' id='word_1_852' title='bbox 1571 5663 1670 5733; x_wconf 85' lang='grc' dir='ltr'>τῆς</span> <span class='ocrx_word' id='word_1_853' title='bbox 1696 5665 1775 5726; x_wconf 85' lang='grc' dir='ltr'><strong>εἰς</strong></span> 
     </span>
    </p>
   </div>
   <div class='ocr_carea' id='block_1_107' title="bbox 258 5774 1491 5840">
    <p class='ocr_par' dir='ltr' id='par_1_107' title="bbox 258 5774 1491 5840">
     <span class='ocr_line' id='line_1_107' title="bbox 258 5774 1491 5840; baseline 0 -13"><span class='ocrx_word' id='word_1_854' title='bbox 258 5776 298 5804; x_wconf 75' lang='grc'>⁸¹</span> <span class='ocrx_word' id='word_1_855' title='bbox 342 5774 522 5829; x_wconf 87' lang='lat' dir='ltr'><strong>lCor.</strong></span> <span class='ocrx_word' id='word_1_856' title='bbox 558 5790 621 5836; x_wconf 85' lang='lat' dir='ltr'><strong>tt,</strong></span> <span class='ocrx_word' id='word_1_857' title='bbox 665 5775 750 5829; x_wconf 77' lang='grc'><strong>10.</strong></span> <span class='ocrx_word' id='word_1_858' title='bbox 864 5777 906 5807; x_wconf 74' lang='grc'><strong><em>³⁸</em></strong></span> <span class='ocrx_word' id='word_1_859' title='bbox 951 5775 1121 5831; x_wconf 83' lang='lat' dir='ltr'><strong>Exod.</strong></span> <span class='ocrx_word' id='word_1_860' title='bbox 1165 5793 1373 5840; x_wconf 78' lang='lat' dir='ltr'><strong>xxxm,</strong></span> <span class='ocrx_word' id='word_1_861' title='bbox 1404 5776 1491 5831; x_wconf 70' lang='grc'><strong>20.</strong></span> 
     </span>
    </p>
   </div>
   <div class='ocr_carea' id='block_1_108' title="bbox 187 5843 1762 5912">
    <p class='ocr_par' dir='ltr' id='par_1_108' title="bbox 187 5843 1762 5912">
     <span class='ocr_line' id='line_1_108' title="bbox 187 5843 1762 5912; baseline 0.001 -11"><span class='ocrx_word' id='word_1_862' title='bbox 187 5846 228 5873; x_wconf 84' lang='lat'><strong>‘°</strong></span> <span class='ocrx_word' id='word_1_863' title='bbox 269 5843 430 5901; x_wconf 85' lang='lat' dir='ltr'><strong>Deut.</strong></span> <span class='ocrx_word' id='word_1_864' title='bbox 459 5846 758 5912; x_wconf 71' lang='lat' dir='ltr'><strong>xvut,18,</strong></span> <span class='ocrx_word' id='word_1_865' title='bbox 837 5847 878 5877; x_wconf 84' lang='grc'>³⁷</span> <span class='ocrx_word' id='word_1_866' title='bbox 927 5846 1087 5901; x_wconf 85' lang='lat' dir='ltr'><strong>Hebr.</strong></span> <span class='ocrx_word' id='word_1_867' title='bbox 1122 5864 1159 5912; x_wconf 88' lang='grc' dir='ltr'><strong>ι,</strong></span> <span class='ocrx_word' id='word_1_868' title='bbox 1196 5848 1248 5901; x_wconf 74' lang='grc'><strong>5.</strong></span> <span class='ocrx_word' id='word_1_869' title='bbox 1327 5849 1372 5879; x_wconf 86' lang='grc'><strong>³⁸</strong></span> <span class='ocrx_word' id='word_1_870' title='bbox 1406 5847 1556 5902; x_wconf 85' lang='lat' dir='ltr'><strong>Psal.</strong></span> <span class='ocrx_word' id='word_1_871' title='bbox 1598 5863 1673 5911; x_wconf 82' lang='grc' dir='ltr'><strong>ιι,</strong></span> <span class='ocrx_word' id='word_1_872' title='bbox 1709 5848 1762 5904; x_wconf 85' lang='grc'><strong>6.</strong></span> 
     </span>
    </p>
   </div>
   <div class='ocr_carea' id='block_1_109' title="bbox 1608 5777 2389 5853">
    <p class='ocr_par' dir='ltr' id='par_1_109' title="bbox 1608 5777 2389 5853">
     <span class='ocr_line' id='line_1_109' title="bbox 1608 5777 2389 5853; baseline 0 0"><span class='ocrx_word' id='word_1_873' title='bbox 1608 5779 1652 5809; x_wconf 79' lang='grc'><strong>⁸³</strong></span> <span class='ocrx_word' id='word_1_874' title='bbox 1685 5777 1971 5853; x_wconf 46' lang='lat'><strong>1930-}?!</strong></span> <span class='ocrx_word' id='word_1_875' title='bbox 2008 5779 2090 5853; x_wconf 69' lang='grc' dir='ltr'><strong>¹5ο</strong></span> <span class='ocrx_word' id='word_1_876' title='bbox 2208 5777 2389 5853; x_wconf 63' lang='grc' dir='ltr'><strong>⁸ἱέεεὶ</strong></span> 
     </span>
    </p>
   </div>
   <div class='ocr_carea' id='block_1_110' title="bbox 1840 5848 2409 5912">
    <p class='ocr_par' dir='ltr' id='par_1_110' title="bbox 1840 5848 2409 5912">
     <span class='ocr_line' id='line_1_110' title="bbox 1840 5848 2409 5912; baseline -0.004 -9"><span class='ocrx_word' id='word_1_877' title='bbox 1840 5850 1883 5880; x_wconf 72' lang='grc'><em>³³</em></span> <span class='ocrx_word' id='word_1_878' title='bbox 1928 5848 2117 5902; x_wconf 77' lang='lat' dir='ltr'><strong>Matth.</strong></span> <span class='ocrx_word' id='word_1_879' title='bbox 2152 5866 2205 5912; x_wconf 85' lang='grc' dir='ltr'><strong>ν,</strong></span> <span class='ocrx_word' id='word_1_880' title='bbox 2235 5848 2409 5901; x_wconf 74' lang='lat'><strong>‘27-‘28</strong></span> 
     </span>
    </p>
   </div>
   <div class='ocr_carea' id='block_1_111' title="bbox 1888 4751 3465 4821">
    <p class='ocr_par' dir='ltr' id='par_1_111' title="bbox 1888 4751 3465 4821">
     <span class='ocr_line' id='line_1_111' title="bbox 1888 4751 3465 4821; baseline 0.002 -15"><span class='ocrx_word' id='word_1_881' title='bbox 1888 4751 2232 4806; x_wconf 90' lang='lat' dir='ltr'><strong>constitutus</strong></span> <span class='ocrx_word' id='word_1_882' title='bbox 2275 4766 2397 4805; x_wconf 89' lang='lat' dir='ltr'><strong>sum</strong></span> <span class='ocrx_word' id='word_1_883' title='bbox 2454 4767 2549 4806; x_wconf 87' lang='lat' dir='ltr'><strong>rex</strong></span> <span class='ocrx_word' id='word_1_884' title='bbox 2597 4752 2665 4806; x_wconf 88' lang='lat' dir='ltr'><strong>ab</strong></span> <span class='ocrx_word' id='word_1_885' title='bbox 2716 4766 2782 4806; x_wconf 89' lang='lat' dir='ltr'><strong>co</strong></span> <span class='ocrx_word' id='word_1_886' title='bbox 2829 4766 2995 4821; x_wconf 90' lang='lat' dir='ltr'><strong>super</strong></span> <span class='ocrx_word' id='word_1_887' title='bbox 3038 4752 3169 4807; x_wconf 88' lang='lat' dir='ltr'><strong>Sion</strong></span> <span class='ocrx_word' id='word_1_888' title='bbox 3223 4762 3465 4809; x_wconf 86' lang='lat' dir='ltr'><strong>montem</strong></span> 
     </span>
    </p>
   </div>
   <div class='ocr_carea' id='block_1_112' title="bbox 1888 4841 3462 4912">
    <p class='ocr_par' dir='ltr' id='par_1_112' title="bbox 1888 4841 3462 4912">
     <span class='ocr_line' id='line_1_112' title="bbox 1888 4841 3462 4912; baseline -0.001 -14"><span class='ocrx_word' id='word_1_889' title='bbox 1888 4852 2140 4898; x_wconf 87' lang='lat' dir='ltr'><strong>sanctum</strong></span> <span class='ocrx_word' id='word_1_890' title='bbox 2185 4843 2308 4911; x_wconf 86' lang='lat' dir='ltr'><strong>ejus</strong></span> <span class='ocrx_word' id='word_1_891' title='bbox 2362 4841 2666 4912; x_wconf 70' lang='lat' dir='ltr'><strong>praedicans</strong></span> <span class='ocrx_word' id='word_1_892' title='bbox 2716 4852 3050 4912; x_wconf 66' lang='lat' dir='ltr'><strong>praeceptum</strong></span> <span class='ocrx_word' id='word_1_893' title='bbox 3113 4843 3410 4900; x_wconf 76' lang='lat' dir='ltr'><strong>Domini“.</strong></span> <span class='ocrx_word' id='word_1_894' title='bbox 3444 4865 3462 4897; x_wconf 72' lang='grc' dir='ltr'><strong>ι</strong></span> 
     </span>
    </p>
   </div>
   <div class='ocr_carea' id='block_1_113' title="bbox 1886 4926 3466 5005">
    <p class='ocr_par' dir='ltr' id='par_1_113' title="bbox 1886 4926 3466 5005">
     <span class='ocr_line' id='line_1_113' title="bbox 1886 4926 3466 5005; baseline 0.003 -16"><span class='ocrx_word' id='word_1_895' title='bbox 1886 4934 2043 5001; x_wconf 86' lang='lat' dir='ltr'><strong>Quod</strong></span> <span class='ocrx_word' id='word_1_896' title='bbox 2079 4951 2123 4990; x_wconf 76' lang='lat' dir='ltr'><strong>sn</strong></span> <span class='ocrx_word' id='word_1_897' title='bbox 2153 4950 2242 4989; x_wconf 87' lang='lat' dir='ltr'><strong>cui</strong></span> <span class='ocrx_word' id='word_1_898' title='bbox 2290 4934 2455 4988; x_wconf 87' lang='lat' dir='ltr'><strong>libeat</strong></span> <span class='ocrx_word' id='word_1_899' title='bbox 2487 4934 2612 4989; x_wconf 88' lang='lat' dir='ltr'><strong>aliis</strong></span> <span class='ocrx_word' id='word_1_900' title='bbox 2642 4948 2864 5004; x_wconf 90' lang='lat' dir='ltr'><strong>quoque</strong></span> <span class='ocrx_word' id='word_1_901' title='bbox 2896 4926 3466 5005; x_wconf 71' lang='lat' dir='ltr'><strong>contemplationibus</strong></span> 
     </span>
    </p>
   </div>
   <div class='ocr_carea' id='block_1_114' title="bbox 1886 5023 3466 5097">
    <p class='ocr_par' dir='ltr' id='par_1_114' title="bbox 1886 5023 3466 5097">
     <span class='ocr_line' id='line_1_114' title="bbox 1886 5023 3466 5097; baseline 0.001 -18"><span class='ocrx_word' id='word_1_902' title='bbox 1886 5025 2265 5080; x_wconf 88' lang='lat' dir='ltr'><strong>similitudinis</strong></span> <span class='ocrx_word' id='word_1_903' title='bbox 2295 5024 2443 5077; x_wconf 89' lang='lat' dir='ltr'><strong>illius</strong></span> <span class='ocrx_word' id='word_1_904' title='bbox 2470 5023 2690 5077; x_wconf 89' lang='lat' dir='ltr'><strong>modum</strong></span> <span class='ocrx_word' id='word_1_905' title='bbox 2724 5028 3027 5094; x_wconf 85' lang='lat' dir='ltr'><strong>inquirere,</strong></span> <span class='ocrx_word' id='word_1_906' title='bbox 3058 5025 3143 5080; x_wconf 89' lang='lat' dir='ltr'><strong>bis</strong></span> <span class='ocrx_word' id='word_1_907' title='bbox 3166 5026 3327 5096; x_wconf 72' lang='lat'><strong>287</strong></span> <span class='ocrx_word' id='word_1_908' title='bbox 3347 5030 3466 5097; x_wconf 88' lang='lat' dir='ltr'><strong>qui-</strong></span> 
     </span>
    </p>
   </div>
   <div class='ocr_carea' id='block_1_115' title="bbox 1889 5113 3441 5187">
    <p class='ocr_par' dir='ltr' id='par_1_115' title="bbox 1889 5113 3441 5187">
     <span class='ocr_line' id='line_1_115' title="bbox 1889 5113 3441 5187; baseline 0.001 -16"><span class='ocrx_word' id='word_1_909' title='bbox 1889 5118 2013 5171; x_wconf 90' lang='lat' dir='ltr'><strong>dem</strong></span> <span class='ocrx_word' id='word_1_910' title='bbox 2049 5116 2260 5179; x_wconf 82' lang='lat' dir='ltr'><strong>verbis,</strong></span> <span class='ocrx_word' id='word_1_911' title='bbox 2287 5134 2303 5166; x_wconf 79' lang='grc' dir='ltr'><strong>ι</strong></span> <span class='ocrx_word' id='word_1_912' title='bbox 2337 5116 2483 5169; x_wconf 90' lang='lat' dir='ltr'><strong>sicut</strong></span> <span class='ocrx_word' id='word_1_913' title='bbox 2524 5129 2633 5180; x_wconf 84' lang='lat' dir='ltr'><strong>me,</strong></span> <span class='ocrx_word' id='word_1_914' title='bbox 2674 5132 2693 5165; x_wconf 71' lang='grc' dir='ltr'><strong>ι</strong></span> <span class='ocrx_word' id='word_1_915' title='bbox 2749 5113 3121 5185; x_wconf 81' lang='lat' dir='ltr'><strong>legislatorem</strong></span> <span class='ocrx_word' id='word_1_916' title='bbox 3172 5117 3441 5187; x_wconf 78' lang='lat' dir='ltr'><strong>intelliget</strong></span> 
     </span>
    </p>
   </div>
   <div class='ocr_carea' id='block_1_116' title="bbox 1886 5204 3445 5276">
    <p class='ocr_par' dir='ltr' id='par_1_116' title="bbox 1886 5204 3445 5276">
     <span class='ocr_line' id='line_1_116' title="bbox 1886 5204 3445 5276; baseline -0.001 -13"><span class='ocrx_word' id='word_1_917' title='bbox 1886 5218 1939 5264; x_wconf 87' lang='lat' dir='ltr'><strong>et</strong></span> <span class='ocrx_word' id='word_1_918' title='bbox 1974 5208 2041 5262; x_wconf 91' lang='lat' dir='ltr'><strong>ad</strong></span> <span class='ocrx_word' id='word_1_919' title='bbox 2086 5207 2140 5261; x_wconf 87' lang='lat' dir='ltr'><strong>id</strong></span> <span class='ocrx_word' id='word_1_920' title='bbox 2173 5204 2668 5262; x_wconf 86' lang='lat' dir='ltr'><strong>demonstrandum</strong></span> <span class='ocrx_word' id='word_1_921' title='bbox 2706 5205 2843 5259; x_wconf 82' lang='lat' dir='ltr'><strong>illud</strong></span> <span class='ocrx_word' id='word_1_922' title='bbox 2876 5206 3160 5276; x_wconf 84' lang='lat' dir='ltr'><strong>proferet:</strong></span> <span class='ocrx_word' id='word_1_923' title='bbox 3195 5226 3214 5259; x_wconf 73' lang='grc' dir='ltr'><strong>ι</strong></span> <span class='ocrx_word' id='word_1_924' title='bbox 3248 5207 3445 5262; x_wconf 83' lang='lat' dir='ltr'><strong>Dictun</strong></span> 
     </span>
    </p>
   </div>
   <div class='ocr_carea' id='block_1_117' title="bbox 1885 5296 3451 5368">
    <p class='ocr_par' dir='ltr' id='par_1_117' title="bbox 1885 5296 3451 5368">
     <span class='ocr_line' id='line_1_117' title="bbox 1885 5296 3451 5368; baseline 0 -11"><span class='ocrx_word' id='word_1_925' title='bbox 1885 5312 1969 5357; x_wconf 86' lang='lat' dir='ltr'><strong>est</strong></span> <span class='ocrx_word' id='word_1_926' title='bbox 1996 5299 2243 5368; x_wconf 87' lang='lat' dir='ltr'><strong>antiquis</strong></span> <span class='ocrx_word' id='word_1_927' title='bbox 2273 5316 2286 5329; x_wconf 76' lang='grc'><em>’</em></span> <span class='ocrx_word' id='word_1_928' title='bbox 2319 5296 2438 5352; x_wconf 84' lang='grc' dir='ltr'>Νοη</span> <span class='ocrx_word' id='word_1_929' title='bbox 2487 5298 2853 5352; x_wconf 70' lang='lat' dir='ltr'><strong>mmehaberis</strong></span> <span class='ocrx_word' id='word_1_930' title='bbox 2899 5339 2911 5351; x_wconf 90' lang='lat'>.</span> <span class='ocrx_word' id='word_1_931' title='bbox 2949 5308 3051 5367; x_wconf 76' lang='lat' dir='ltr'><strong>ego</strong></span> <span class='ocrx_word' id='word_1_932' title='bbox 3108 5306 3289 5354; x_wconf 85' lang='lat' dir='ltr'><strong>autem</strong></span> <span class='ocrx_word' id='word_1_933' title='bbox 3338 5299 3451 5356; x_wconf 76' lang='lat' dir='ltr'><strong>dici.</strong></span> 
     </span>
    </p>
   </div>
   <div class='ocr_carea' id='block_1_118' title="bbox 1882 5386 3466 5458">
    <p class='ocr_par' dir='ltr' id='par_1_118' title="bbox 1882 5386 3466 5458">
     <span class='ocr_line' id='line_1_118' title="bbox 1882 5386 3466 5458; baseline -0.003 -11"><span class='ocrx_word' id='word_1_934' title='bbox 1882 5390 2043 5447; x_wconf 76' lang='lat' dir='ltr'><strong>vobis</strong></span> <span class='ocrx_word' id='word_1_935' title='bbox 2080 5409 2093 5445; x_wconf 89' lang='lat'>:</span> <span class='ocrx_word' id='word_1_936' title='bbox 2127 5388 2247 5444; x_wconf 79' lang='lat' dir='ltr'><strong>Non</strong></span> <span class='ocrx_word' id='word_1_937' title='bbox 2292 5404 2653 5458; x_wconf 85' lang='lat' dir='ltr'><strong>concupisces</strong></span> <span class='ocrx_word' id='word_1_938' title='bbox 2684 5388 2749 5441; x_wconf 84' lang='grc'><strong>⁸⁹.</strong></span> <span class='ocrx_word' id='word_1_939' title='bbox 2803 5406 2821 5438; x_wconf 73' lang='grc' dir='ltr'><strong>ι</strong></span> <span class='ocrx_word' id='word_1_940' title='bbox 2870 5386 3161 5457; x_wconf 88' lang='lat' dir='ltr'><strong>Similiter,</strong></span> <span class='ocrx_word' id='word_1_941' title='bbox 3207 5389 3296 5446; x_wconf 84' lang='lat' dir='ltr'><strong>his</strong></span> <span class='ocrx_word' id='word_1_942' title='bbox 3349 5406 3466 5446; x_wconf 78' lang='lat' dir='ltr'><strong>ver-</strong></span> 
     </span>
    </p>
   </div>
   <div class='ocr_carea' id='block_1_119' title="bbox 1885 5480 3464 5551">
    <p class='ocr_par' dir='ltr' id='par_1_119' title="bbox 1885 5480 3464 5551">
     <span class='ocr_line' id='line_1_119' title="bbox 1885 5480 3464 5551; baseline 0 -14"><span class='ocrx_word' id='word_1_943' title='bbox 1885 5482 2006 5545; x_wconf 86' lang='lat' dir='ltr'><strong>bis,</strong></span> <span class='ocrx_word' id='word_1_944' title='bbox 2053 5500 2071 5531; x_wconf 85' lang='grc'><strong><em>‹</em></strong></span> <span class='ocrx_word' id='word_1_945' title='bbox 2121 5480 2267 5535; x_wconf 90' lang='lat' dir='ltr'><strong>sicut</strong></span> <span class='ocrx_word' id='word_1_946' title='bbox 2324 5495 2448 5545; x_wconf 87' lang='lat' dir='ltr'><strong>me,</strong></span> <span class='ocrx_word' id='word_1_947' title='bbox 2482 5500 2499 5531; x_wconf 76' lang='grc' dir='ltr'><strong>ι</strong></span> <span class='ocrx_word' id='word_1_948' title='bbox 2545 5480 2737 5533; x_wconf 83' lang='lat' dir='ltr'><strong>ducem</strong></span> <span class='ocrx_word' id='word_1_949' title='bbox 2780 5480 2945 5533; x_wconf 78' lang='lat' dir='ltr'><strong>veluti</strong></span> <span class='ocrx_word' id='word_1_950' title='bbox 3004 5480 3296 5551; x_wconf 86' lang='lat' dir='ltr'><strong>quemdam</strong></span> <span class='ocrx_word' id='word_1_951' title='bbox 3340 5498 3464 5537; x_wconf 80' lang='lat' dir='ltr'><strong>esse</strong></span> 
     </span>
    </p>
   </div>
   <div class='ocr_carea' id='block_1_120' title="bbox 1884 5571 3461 5643">
    <p class='ocr_par' dir='ltr' id='par_1_120' title="bbox 1884 5571 3461 5643">
     <span class='ocr_line' id='line_1_120' title="bbox 1884 5571 3461 5643; baseline -0.003 -13"><span class='ocrx_word' id='word_1_952' title='bbox 1884 5574 2149 5643; x_wconf 88' lang='lat' dir='ltr'><strong>intelliget</strong></span> <span class='ocrx_word' id='word_1_953' title='bbox 2204 5573 2272 5627; x_wconf 90' lang='lat' dir='ltr'><strong>ad</strong></span> <span class='ocrx_word' id='word_1_954' title='bbox 2339 5588 2401 5626; x_wconf 89' lang='lat' dir='ltr'><strong>ea</strong></span> <span class='ocrx_word' id='word_1_955' title='bbox 2466 5571 2815 5642; x_wconf 83' lang='lat' dir='ltr'><strong>percipienda</strong></span> <span class='ocrx_word' id='word_1_956' title='bbox 2886 5586 3007 5641; x_wconf 62' lang='lat' dir='ltr'><strong>quae</strong></span> <span class='ocrx_word' id='word_1_957' title='bbox 3066 5573 3123 5626; x_wconf 83' lang='lat' dir='ltr'><strong>in</strong></span> <span class='ocrx_word' id='word_1_958' title='bbox 3182 5574 3461 5627; x_wconf 78' lang='lat' dir='ltr'><strong>voluntate</strong></span> 
     </span>
    </p>
   </div>
   <div class='ocr_carea' id='block_1_121' title="bbox 1883 5662 3465 5736">
    <p class='ocr_par' dir='ltr' id='par_1_121' title="bbox 1883 5662 3465 5736">
     <span class='ocr_line' id='line_1_121' title="bbox 1883 5662 3465 5736; baseline -0.003 -14"><span class='ocrx_word' id='word_1_959' title='bbox 1883 5673 2013 5722; x_wconf 84' lang='lat' dir='ltr'><strong>sunt</strong></span> <span class='ocrx_word' id='word_1_960' title='bbox 2064 5662 2265 5728; x_wconf 87' lang='lat' dir='ltr'><strong>Patris,</strong></span> <span class='ocrx_word' id='word_1_961' title='bbox 2318 5672 2372 5719; x_wconf 91' lang='lat' dir='ltr'><strong>et</strong></span> <span class='ocrx_word' id='word_1_962' title='bbox 2424 5679 2518 5733; x_wconf 80' lang='lat' dir='ltr'><strong>per</strong></span> <span class='ocrx_word' id='word_1_963' title='bbox 2561 5678 2684 5733; x_wconf 76' lang='lat' dir='ltr'><strong>qua:</strong></span> <span class='ocrx_word' id='word_1_964' title='bbox 2732 5663 2882 5733; x_wconf 86' lang='lat' dir='ltr'><strong>regni</strong></span> <span class='ocrx_word' id='word_1_965' title='bbox 2936 5664 3179 5719; x_wconf 70' lang='lat' dir='ltr'><strong>cmlestis</strong></span> <span class='ocrx_word' id='word_1_966' title='bbox 3227 5663 3334 5720; x_wconf 89' lang='lat' dir='ltr'><strong>iter</strong></span> <span class='ocrx_word' id='word_1_967' title='bbox 3367 5679 3465 5736; x_wconf 80' lang='lat' dir='ltr'><strong>pa-</strong></span> 
     </span>
    </p>
   </div>
   <div class='ocr_carea' id='block_1_122' title="bbox 2208 5775 3461 5845">
    <p class='ocr_par' dir='ltr' id='par_1_122' title="bbox 2208 5775 3461 5845">
     <span class='ocr_line' id='line_1_122' title="bbox 2208 5775 3461 5845; baseline 0.002 -15"><span class='ocrx_word' id='word_1_968' title='bbox 2208 5777 2251 5808; x_wconf 76' lang='lat'>“</span> <span class='ocrx_word' id='word_1_969' title='bbox 2283 5776 2441 5830; x_wconf 77' lang='lat' dir='ltr'><strong>Joan.</strong></span> <span class='ocrx_word' id='word_1_970' title='bbox 2496 5792 2607 5842; x_wconf 81' lang='lat' dir='ltr'><strong>xii,</strong></span> <span class='ocrx_word' id='word_1_971' title='bbox 2658 5775 2741 5829; x_wconf 73' lang='grc'><strong>49.</strong></span> <span class='ocrx_word' id='word_1_972' title='bbox 2865 5776 2907 5806; x_wconf 87' lang='grc'><strong><em>³⁵</em></strong></span> <span class='ocrx_word' id='word_1_973' title='bbox 2952 5775 3107 5832; x_wconf 88' lang='lat' dir='ltr'><strong>Deut.</strong></span> <span class='ocrx_word' id='word_1_974' title='bbox 3147 5794 3304 5845; x_wconf 85' lang='lat' dir='ltr'><strong>xvm,</strong></span> <span class='ocrx_word' id='word_1_975' title='bbox 3365 5776 3461 5833; x_wconf 77' lang='grc'><strong>15.</strong></span> 
     </span>
    </p>
   </div>
  </div>
