4218 6500
732 399 831 454 ιὸί

1720 398 1774 453 S.
1820 396 2093 451 CYRILLI
2134 394 2604 451 ALEXANDRINI
2646 395 2967 451 ARClllEl'.

3896 397 4009 453 £52

734 518 875 569 teat,
926 507 1386 574 quemadmodum
1435 508 1695 562 nimirum
1753 508 1951 562 beatus
2010 510 2101 561 ille
2156 506 2307 576 Moy-
2338 512 2381 568 Α

2421 510 2671 577 οὐρανοὺς
2706 508 2983 578 βασιλείας
3028 511 3056 579 ή
3101 508 3219 573 ὁδὸς
3277 509 3579 579 ἱππήλατος
3613 526 3625 539 ο
3661 509 3852 579 ὥσπερ
3908 506 4008 563 οὖν

733 616 822 653 ses
874 601 1065 667 legalis
1128 600 1492 656 institutionis
1542 602 1804 671 magister
1871 603 2039 655 etiam
2104 601 2309 655 veteri-

735 690 837 742 bus
892 689 1139 753 exstitit,
1182 689 1383 759 ubique
1410 690 1541 745 suis
1570 690 1782 746 addens
1838 691 2079 745 oraculis
2126 706 2139 741 :
2183 708 2200 741 ι
2242 687 2311 743 Ut

733 784 904 835 multo
937 783 1392 850 tcmporevivas,
1425 792 1479 835 ct
1510 783 1733 837 inducat
1764 794 1815 838 te
1859 774 2122 837 Dentinus
2168 782 2310 836 licus

732 883 859 927 tuus
914 874 966 926 in
1017 882 1221 927 terram
1266 890 1428 943 quam
1482 874 1689 942 juravit
1745 876 1991 945 patribus
2047 876 2247 929 tuis“.
2286 894 2304 926 ι

733 964 1003 1029 Quoniam
1050 979 1182 1018 vero
1215 964 1501 1031 subjunin
1531 983 1543 1017 :
1577 985 1594 1015 ι
1634 964 1699 1017 Et
1740 966 1903 1019 homo
1932 967 2025 1034 qui
2061 980 2169 1019 non
2216 981 2311 1019 au-

732 1056 899 1109 dierit
940 1070 1284 1125 quzecunque
1320 1055 1539 1109 locutus
1595 1056 1760 1110 fuerit
1796 1058 2075 1126 propheta
2129 1058 2220 1112 ille
2255 1058 2310 1112 in

736 1148 960 1201 nomine
984 1163 1122 1210 meo,
1148 1147 1575 1218 ego'vindictam
1603 1164 1819 1202 sumam
1846 1150 1911 1203 de
1953 1165 2018 1204 eo
2044 1191 2059 1214 ,
2098 1168 2116 1200 ι
2160 1150 2312 1219 igna-

732 1240 777 1292 ri
818 1238 1020 1303 Judzei,
1056 1248 1111 1293 et
1163 1250 1409 1294 extrema
1472 1241 1675 1294 duritie
1725 1240 2001 1294 obﬁrmati
2053 1242 2201 1295 uitro
2252 1255 2311 1295 se

733 1332 850 1387 suis
900 1331 1179 1400 capitibus
1239 1331 1467 1385 exitium
1524 1346 1807 1384 arcessere
1849 1330 2067 1385 tandem
2109 1330 2310 1385 intelli-

731 1433 881 1493 gant.
950 1422 1046 1476 Ira:
1112 1423 1313 1491 quippe
1367 1422 1567 1474 divina:
1627 1422 2036 1490 subjacebunt,
2092 1438 2205 1477 sua:
2256 1423 2309 1475 in

732 1516 1012 1569 Christum
1056 1515 1373 1583 petulantia:
1427 1514 1783 1583 stipendium,
1829 1514 2073 1567 omnium
2120 1529 2313 1583 nempe

732 1610 961 1660 omnino
992 1608 1261 1660 bonorum
1291 1607 1563 1675 iacturam
1596 1614 1941 1675 reportantcs
1971 1629 1981 1659 ;
2020 1624 2037 1655 ι
2078 1605 2134 1659 Si
2165 1608 2309 1660 enim

732 1697 1103 1751 credidissent
1130 1697 1326 1767 Moysi,
1352 1696 1717 1751 credidissent
1744 1706 1795 1751 et
1822 1697 2078 1762 Christo,
2104 1697 2171 1750 de
2195 1697 2312 1767 ipso

733 1790 879 1843 enim
913 1790 1003 1843 illc
1042 1789 1281 1857 scripsit.
1313 1806 1329 1838 ι

812 2051 873 2120 ν,
910 2054 999 2109 Π.
1052 2052 1109 2107 Si
1155 2063 1329 2107 autem
1362 2053 1507 2106 illius
1546 2052 1738 2105 litteris
1780 2068 1879 2105 non
1916 2050 2153 2113 creditis,
2185 2066 2315 2118 quu-

738 2146 891 2199 modo
916 2144 1079 2197 verbis
1113 2144 1239 2195 meis
1280 2142 1542 2196 credetis?

811 2236 1061 2305 Magnam
1115 2233 1169 2287 in
1224 2232 1309 2287 his
1354 2232 1537 2287 verbis
1587 2232 1981 2291 obscuritatem
2023 2246 2148 2285 esse
2204 2245 2315 2284 non

740 2329 1016 2380 immerito
1059 2325 1183 2394 quis
1242 2325 1540 2377 existimet.
1590 2322 1799 2375 Poterit
1834 2322 2004 2385 enim,
2040 2337 2217 2391 neque
2262 2321 2315 2374 id

740 2422 837 2475 abs
874 2436 952 2482 re,
984 2419 1123 2473 l'also
1148 2416 1445 2487 suspicari,
1481 2415 1721 2468 Mosaica
1759 2416 1968 2484 St'l‘ipltl
2012 2412 2317 2466 Salvatoris

740 2510 922 2565 verbis
954 2508 1301 2562 antecellere.
1352 2505 1408 2557 ld
1439 2506 1585 2559 enim
1632 2502 2047 2573 quodammodo
2100 2518 2212 2571 prae
2260 2516 2318 2557 se

741 2604 885 2656 ferre
913 2601 1129 2655 videtur
1176 2598 1383 2659 oratio,
1443 2605 1494 2651 cl
1555 2597 1659 2649 nisi
1707 2610 1819 2649 rem
1874 2596 2188 2649 accuratius
2230 2594 2317 2647 in-

742 2693 1159 2762 trospiciamus,
1189 2689 1395 2759 Moysis
1424 2688 1646 2757 scriptis
1684 2688 1804 2756 plus
1837 2688 2187 2740 auctoritatis
2223 2688 2318 2738 tri-

740 2786 884 2849 buit,
915 2799 1077 2855 quam
1114 2782 1297 2837 verbis
1325 2778 1812 2834 Salvatoris.Nam
1846 2794 1971 2832 cum
1998 2779 2145 2832 dicat
2176 2797 2229 2829 ε(
2260 2776 2316 2831 Si

743 2884 927 2929 autem
973 2873 1123 2927 illius
1157 2870 1355 2923 litteris
1391 2883 1501 2922 non
1544 2868 1795 2931 creditis,
1827 2867 2104 2937 quomodo
2137 2868 2319 2922 verbis

744 2967 882 3021 meis
914 2963 1219 3019 credetis?»
1245 2962 1393 3015 illius
1424 2961 1629 3029 scripta
1667 2959 1783 3014 suis
1803 2960 2153 3013 sermonibus
2182 2975 2321 3028 pne-

742 3069 908 3122 stare,
934 3056 1340 3127 quodammodo
1366 3051 1715 3121 cogitandum
1748 3052 2029 3121 relinquit.
2064 3050 2170 3105 Sed
2203 3053 2318 3120 ipsa

2410 599 2601 668 ἀμέλει
2633 599 2726 652 καὶ
2764 601 2876 661 τοῖς
2906 599 3283 668 ἀρχαιοτέροις
3311 601 3339 651 ὁ
3371 600 3642 669 μακάριος
3668 599 3876 667 Μωσῆς
3904 598 4008 667 τῆς

2408 690 2495 743 διὰ
2525 690 2688 759 νόμου
2725 690 3099 758 παιδαγωγίας
3133 690 3449 753 διδάσκαλος
3484 690 3823 757 ἀνεφαίνετο,
3869 707 4009 741 παν-

2409 783 2549 850 ταχῆ
2583 784 2693 845 τοῖς
2742 782 2892 845 ἰδίοις
2927 782 3189 845 ἐπιτιθεὶς
3230 782 3431 849 λογίοις
3463 782 3556 845 τὸ,
3604 800 3623 833 ι
3667 783 3783 834 Ἵνα
3833 782 4008 834 πολὺν

2411 871 2583 941 ζήσῃς
2631 873 2840 943 χρόνον,
2874 872 2968 923 καὶ
3001 872 3192 943 είσάξῃ
3226 890 3286 925 σε
3335 872 3587 942 Κύριοςὸ
3623 873 3756 935 Θεός
3799 890 3896 925 σου
3927 875 4008 934 είς

2411 964 2509 1033 τὴν
2540 964 2665 1033 γῆν,
2688 965 2753 1034 ἢν
2770 964 2951 1033 ὤμοσε
2976 967 3088 1027 τοῖς
3118 966 3358 1033 πατράσι
3380 981 3527 1017 σου.»
3563 965 3784 1033 Ἐπειδὴ
3809 964 3865 1016 δὲ
3890 968 4007 1026 τοῖς

2411 1052 2723 1123 είρημένοις
2772 1056 3043 1126 ἐπήνεγκε
3075 1071 3088 1083 ·
3126 1072 3144 1106 ι
3186 1056 3294 1108 Καὶ
3347 1056 3652 1126 ἄνθρωπος,
3699 1056 3756 1117 ὃς
3796 1056 3864 1108 ἂν
3929 1057 4009 1125 μὴ

2411 1142 2641 1212 ἀκούσῃ,
2665 1144 2764 1195 ὅσα
2795 1142 2862 1195 ἂν
2902 1143 3108 1214 λαλήσῃ
3157 1144 3184 1195 ὁ
3217 1146 3501 1215 προφήτης
3556 1147 3763 1206 ἐκεῖνος
3796 1145 3891 1196 ἐπὶ
3922 1144 4010 1212 τῷ

2411 1236 2637 1303 ὀνόματί
2674 1253 2797 1306 μου,
2824 1235 2935 1302 ἐγὼ
2967 1237 3237 1308 ἐκδικήσω
3270 1236 3329 1300 ἐξ
3358 1236 3545 1301 αὑτοῦ,
3567 1255 3586 1289 ι
3609 1237 4007 1307 ἁμαθαίνοντες

2414 1327 2676 1390 Ἰουδαῖοι,
2711 1328 2805 1379 καὶ⁵
2856 1328 2989 1397 πρὸς
3049 1328 3284 1398 ἐσχάτην
3334 1329 3633 1398 δυσηκοῖαν
3684 1328 3777 1379 τὸν
3803 1329 4010 1379 οἰκεῖον

2413 1418 2881 1486 ἀποτραχύνοντες
2920 1418 3079 1483 νοῦν,
3118 1418 3451 1487 αὐτόκλητον
3492 1419 3595 1487 ήδη
3650 1419 4009 1485 βλεπέτωσαν

2413 1511 2533 1571 ταῖς
2591 1509 2796 1561 ἑαυτῶν
2846 1508 3108 1576 κεφαλαῖς
3162 1509 3561 1571 ἑπαντλοῦντες
3613 1509 3706 1561 τὸν
3755 1508 4003 1577 ὄλεθρον.

2420 1601 2671 1654 Ἔσονται
2708 1600 2815 1669 γὰρ
2856 1599 2961 1651 ὑπὸ
2996 1599 3144 1652 θείαν
3178 1599 3369 1670 ὀργὴν,
3397 1600 3601 1667 ὀψώνια
3631 1601 3728 1667 τῆς
3757 1600 3838 1660 είς
3865 1599 4005 1667 Χρι-

2416 1693 2539 1745 στὸν
2573 1691 2858 1761 παροινίας
2883 1692 2945 1743 τὸ
2978 1693 3035 1743 ὲν
3084 1691 3363 1761 ὁλοκλήρῳ
3417 1692 3525 1744 τῶν
3577 1689 3796 1757 ἀγαθῶν
3832 1689 4008 1758 ζημία

2414 1782 2667 1847 γενέσθαι
2718 1781 3121 1851 λαμϐάνοντες’
3156 1800 3172 1831 ι
3220 1783 3280 1833 Ei
3323 1781 3430 1850 γὰρ
3463 1780 3748 1833 ἐπίστευον
3804 1781 4005 1847 Μωσῇ,

2350 1851 2386 1903 Β
2417 1871 2697 1925 ἐπίστευον
2742 1871 2807 1923 ἂν
2849 1869 2925 1939 τῷ
2959 1867 3211 1939 Χριστῷ·
3248 1869 3377 1939 ’περὶ⁸
3428 1870 3536 1937 γὰρ
3589 1867 3753 1920 αὑτοῦ
3795 1868 4005 1930 ἐκεῖνος

2416 1963 2676 2032 ἔγραψεν.
2724 1981 2743 2014 ι

2488 2058 2557 2109 Ei
2606 2054 2674 2107 δὲ
2718 2054 2840 2121 τοῖς
2872 2054 3107 2108 ἐκείνου
3140 2053 3482 2123 γράμμασιν
3522 2054 3595 2107 οὐ
3645 2052 3964 2107 πιστεύετε
3988 2093 4004 2119 ,

2416 2146 2543 2213 πῶς
2580 2150 2705 2215 τοῖς
2755 2148 2919 2217 ἐμοῖς
2947 2146 3176 2217 ῥήμασι
3208 2148 3603 2211 πιστεύσετε;

2487 2240 2696 2311 Πολλὴν
2714 2239 2779 2293 ἄν
2796 2257 2873 2310 τῳ
2892 2240 2985 2292 καὶ
3004 2240 3123 2291 λίαν
3146 2239 3371 2301 εἰκότως
3387 2241 3415 2291 ὁ
3432 2226 3588 2307 λόγος
3613 2238 3757 2309 ἔχειν
3784 2236 4007 2310 [δόξειε]

2416 2333 2514 2403 τὴν
2562 2333 2852 2401 ἀσάφειαν.
2887 2334 3185 2402 υίχήσεται
3217 2331 3324 2401 γὰρ
3351 2332 3445 2385 καὶ
3491 2332 3593 2385 οὐκ
3626 2332 3740 2385 άπὸ
3772 2330 4010 2395 σκοποῦ,

2420 2424 2556 2495 πρὸς
2583 2424 2833 2486 ὑπονοίας
2866 2424 2966 2476 οὑκ
2985 2423 3226 2493 ἀληθεῖς,
3247 2423 3604 2493 ὑπερκεῖσθαι
3635 2423 3733 2485 τὰς
3764 2423 4015 2480 Μωσέως

2422 2516 2744 2587 συγγραφὰς
2762 2516 2870 2569 τῶν
2885 2514 2979 2567 τοῦ
2994 2515 3241 2586 Σωτῆρος
3262 2516 3521 2585 ῥημάτων
3538 2515 4012 2583 ὑπολαϐών.Ἔχει

2419 2610 2527 2680 γάρ
2570 2626 2690 2663 τινα
2742 2610 2984 2661 τοιοῦτον
3016 2609 3044 2659 ὁ
3094 2607 3250 2673 λόγος
3307 2607 3399 2659 τὸν
3455 2607 3838 2679 σχηματισμὸν
3864 2646 3879 2671 ,
3912 2606 4013 2657 καὶ

2419 2702 2541 2754 ὅσον
2580 2701 2725 2753 ἔστιν
2769 2699 2868 2752 οὑκ
2898 2698 2957 2763 ἑξ
3000 2699 3263 2770 ἀκριϐοῦς
3299 2700 3528 2770 θεωρίας
3554 2700 3770 2762 ἑλόντας
3807 2700 4012 2761 εἰπεῖν,

2422 2789 2853 2859 ἀξιολογωτέραν
2885 2788 2991 2843 τῶν
3018 2788 3114 2841 τοῦ
3164 2790 3413 2859 Σωτῆρος
3456 2791 3717 2859 ῥημάτων
3743 2792 3855 2852 τοῖς
3878 2790 4012 2843 Μω-

2423 2885 2632 2944 σαῐκοῖς
2666 2880 3096 2951 συγγράμμασιν
3132 2881 3412 2952 ἑκπορίζει
3449 2884 3548 2952 τὴν
3584 2882 3874 2951 ὑπόληψιν.
3910 2882 4014 2935 Διὰ

2422 2972 2529 3042 γάρ
2553 2971 2644 3024 τοῦ
2676 2971 2855 3038 λέγειν
2883 2988 2896 3000 ·
2935 2991 2952 3022 ι
2997 2973 3060 3023 Εἰ
3103 2972 3159 3024 δὲ
3184 2974 3296 3034 τοῖς
3338 2972 3549 3024 ἐκείνου
3598 2974 3923 3042 γράμμασιν
3952 2974 4015 3026 οὐ

2424 3063 2735 3128 πιστεύετε,
2767 3062 2883 3125 πῶς
2936 3064 3050 3126 τοῖς
3097 3064 3249 3133 ἐμοῖς
3309 3064 3551 3134 ῥήμασιν
3589 3064 3953 3130 πιστεύσετες
3993 3084 4012 3115 ο

743 3152 821 3205 rei
850 3159 1047 3204 natura
1074 3154 1329 3201 extremae
1347 3143 1573 3198 insaniae
1598 3143 1819 3212 plenam
1845 3158 1967 3196 esse
1987 3143 2126 3196 hanc
2144 3144 2319 3211 expli-
2349 3176 2392 3235 C

2424 3154 2484 3206 τὸ
2514 3156 2570 3206 ὲν
2594 3153 2841 3224 ἀμείνοσι
2862 3155 3075 3207 κεῖσθαι
3096 3155 3193 3217 τάς
3215 3154 3425 3207 ἑκείνου
3449 3156 3822 3226 συγγραφὰςῆ
3849 3157 3908 3209 ὲν
3935 3150 4019 3218 οἷς

743 3245 1018 3298 cationem
1053 3238 1324 3293 ostendet.
1355 3234 1643 3303 Quomodo
1668 3234 1816 3289 enim
1858 3234 2063 3304 scripta
2102 3234 2306 3289 Mosai-

745 3352 807 3390 ca
841 3333 1025 3388 verbis
1075 3328 1382 3384 Salvatoris
1433 3335 1696 3397 praestare
1750 3326 2149 3389 censebuntur,
2192 3340 2317 3378 cum

746 3428 836 3481 illa
879 3426 1063 3495 ﬁgurae
1096 3432 1308 3476 tantum
1350 3426 1534 3475 essent
1563 3427 1617 3471 et
1639 3418 1869 3482 umbra),
1896 3416 2103 3471 Christi
2138 3425 2319 3470 autem

747 3518 915 3571 verba
956 3517 1065 3570 sint
1109 3512 1346 3567 veritas?
1377 3508 1443 3563 Et
1478 3516 1629 3563 certe
1674 3506 1893 3562 dillicile
1938 3506 2125 3561 forsan
2175 3505 2319 3559 haud

747 3620 893 3666 esset
926 3611 1149 3677 longum
1191 3621 1253 3661 ea
1287 3604 1354 3659 de
1378 3620 1437 3658 re
1477 3618 1789 3658 sermonem
1828 3612 2033 3668 texere,
2075 3600 2168 3656 sed
2202 3616 2323 3671 qua:

746 3705 905 3761 valde
948 3702 1241 3757 manifesta
1291 3706 1458 3762 sunt,
1510 3712 1612 3751 nec
1658 3696 1901 3761 aliunde,
1936 3696 2029 3750 sed
2065 3711 2093 3747 a
2124 3696 2322 3764 seipsis

750 3794 1077 3864 produntur,
1116 3790 1256 3844 male
1295 3804 1364 3842 an
1414 3801 1574 3843 secus
1616 3802 1676 3840 se
1725 3786 1995 3851 habeant,
2045 3785 2324 3855 superﬂue

748 3886 854 3941 dici
896 3894 1045 3954 puto.
1080 3881 1193 3936 Cur
1226 3881 1375 3933 enim
1423 3878 1740 3933 istiusmodi
1777 3878 2186 3932 subtilitatibus
2231 3892 2324 3932 ex-

750 3972 1021 4045 plicandis
1077 3969 1355 4039 quispiam
1404 3967 1758 4031 immoretur.
1803 3976 1875 4029 et,
1911 3966 2077 4035 268
2136 3964 2326 4018 intem-

752 4067 961 4139 pestiva
996 4064 1335 4134 prolixitate,
1362 4076 1482 4130 qua:
1510 4059 1647 4113 nihil
1679 4059 2021 4112 dillicultatis
2047 4058 2101 4111 in
2134 4073 2195 4111 se
2229 4057 2327 4111 lia-

751 4162 881 4212 bent
904 4158 958 4210 in
990 4156 1232 4209 minutas
1256 4153 1660 4222 quodammodo
1689 4159 1873 4219 partes
1911 4151 2093 4205 secet?
2123 4148 2325 4202 Eorum

754 4252 922 4320 igitur
953 4264 1073 4317 qua:
1114 4263 1143 4301 a
1178 4245 1462 4299 Salvatore
1492 4244 1751 4297 dicuntur
1782 4259 1977 4298 sensus
2011 4252 2094 4297 est
2135 4244 2329 4312 hujus-

756 4342 924 4395 modi.
954 4341 1010 4393 Si
1048 4340 1243 4408 legem,
1272 4338 1474 4405 inquit,
1520 4336 1723 4405 Moysis
1774 4339 2034 4405 scriptam
2066 4351 2191 4388 cum
2242 4336 2331 4388 ha-

757 4432 953 4493 beatis,
992 4436 1045 4482 et
1083 4429 1136 4480 in
1172 4426 1294 4495 ejus
1328 4424 1552 4493 scriptis
1594 4421 1816 4476 assidue
1869 4421 2187 4482 versemini,
2229 4435 2327 4489 pro

756 4522 931 4577 nihilo
975 4530 1156 4575 tamen
1208 4518 1411 4575 ducitis
1443 4532 1505 4569 ea
1549 4515 1923 4585 prsetergredi,
1960 4515 2165 4581 ingenti
2198 4513 2331 4567 obli-
2362 4503 2406 4559 D

754 4615 917 4667 vione
976 4618 1283 4679 mergentes
1325 4607 1472 4677 quod
1526 4620 1670 4675 saepe
1730 4607 1941 4676 legistis
1990 4625 2001 4659 :
2051 4606 2331 4673 quomodo

752 4722 883 4776 erga
919 4718 1071 4757 meos
1119 4715 1400 4755 sermones
1454 4700 1727 4767 mquiorcs
1786 4700 2026 4761 fueritis,
2069 4710 2161 4750 aut
2198 4714 2331 4766 quo-

755 4797 920 4850 modo
954 4793 1323 4863 promptiores
1366 4799 1419 4844 et
1461 4790 1759 4844 alacriores
1789 4790 1853 4842 ad
1886 4806 1947 4842 ea
1980 4789 2329 4857 suscipienda

756 4904 876 4957 qua:
905 4888 1028 4941 dico
1056 4900 1152 4939 vos
1185 4884 1551 4953 praebueritis,
1580 4884 1673 4953 qui
1713 4898 1821 4936 non
1872 4897 2015 4950 smpe
2052 4896 2155 4935 nec
2185 4897 2330 4936 sem-

757 4997 852 5051 per
902 4978 1187 5042 assidetis,
1232 4978 1327 5031 sed
1363 4978 1509 5031 velut
1540 4977 1595 5029 in
1631 4984 1959 5030 transcursu
2003 4992 2066 5031 ea
2103 4977 2329 5037 auditis,

756 5080 809 5125 et
854 5071 942 5123 vix
997 5070 1167 5125 semel
1220 5068 1274 5122 in
1324 5082 1488 5121 aures
1544 5067 1797 5136 corporis
1853 5064 2335 5120 admisistis?Aut

755 5163 901 5215 enim
939 5159 1041 5214 hoc
1063 5158 1225 5213 modo
1248 5173 1311 5213 ea
1350 5158 1648 5226 intelliges,
1674 5165 1767 5209 aut
1794 5165 1943 5211 certe
1978 5157 2157 5225 (utilis
2186 5157 2331 5211 enim

758 5270 819 5307 ac
863 5254 1003 5305 bona
1038 5260 1124 5305 est
1151 5250 1203 5303 in
1243 5250 1329 5305 his
1362 5250 1681 5318 curiositas)
1717 5250 1923 5317 scripta
1974 5248 2215 5303 Mosaica
2251 5251 2335 5303 di-

757 5361 850 5401 ces
895 5344 1293 5398 institutionem
1351 5342 1671 5411 quamdam,
1716 5348 1770 5394 et
1810 5341 2045 5411 typicam
2100 5341 2329 5394 formam

757 5436 960 5489 Christi
1019 5435 1407 5503 mysteriorum
1462 5432 1768 5495 continere,
1820 5440 1874 5486 et
1924 5447 2046 5500 quae
2097 5433 2150 5486 in
2198 5434 2333 5502 ipsis

762 5528 1157 5581 adumbrantur
1184 5526 1452 5582 elementa
1486 5525 1657 5580 veluti
1695 5525 1945 5595 quaedam
1982 5542 2103 5581 esse
2138 5530 2328 5596 cogni-

760 5621 925 5673 tionis
946 5620 1086 5687 ejus,
1119 5618 1187 5673 de
1216 5618 1420 5688 quibus
1454 5627 1612 5674 antea
1644 5618 1915 5688 prolixius
1953 5619 2215 5674 diximus.
2246 5619 2333 5673 Fi-

831 5798 876 5830 “
920 5799 1072 5853 Deut.
1108 5814 1161 5864 v,
1198 5798 1287 5853 16.

2426 3245 2491 3297 ἂν
2526 3240 2636 3296 εἷεν
2682 3245 2733 3297 οἱ
2785 3244 2915 3315 παρ’
2954 3244 3118 3298 αὑτοῦ
3168 3247 3338 3313 λόγοι,
3369 3247 3553 3299 δίδωσί
3610 3264 3727 3310 πως
3786 3250 4013 3303 ὲννοεῖν.

2437 3337 2575 3389 Ἀλλ’
2635 3336 2770 3406 αὑτὴ
2826 3337 2919 3389 τοῦ
2978 3338 3301 3408 πράγματος
3348 3340 3381 3409 ή
3422 3338 3583 3406 φύσις
3626 3339 3724 3408 τῆς
3774 3342 4018 3413 ἐσχάτης

2423 3429 2675 3498 εὐηθείας
2721 3428 3003 3481 ἀνάπλεων
3058 3428 3155 3498 τὴν
3205 3428 3377 3491 οῦτως
3431 3430 3693 3482 ἀπίθανον
3754 3431 4017 3496 ἐπιδείξει

2422 3522 2680 3575 διάνοιαν.
2707 3522 2829 3583 Πῶς
2860 3521 2969 3591 γὰρ
3000 3519 3066 3573 ἂν
3100 3524 3273 3575 νοοῖτο
3311 3523 3379 3575 τὰ
3429 3523 3673 3586 Μωσέως
3704 3524 4017 3593 γράμματα

2423 3614 2530 3665 τῶν
2562 3612 2655 3667 τοῦ
2696 3612 2947 3683 Σωτῆρος
3005 3613 3355 3679 διενεγκόντα
3388 3615 3818 3683 ρημάτων,δπου
3852 3614 4016 3666 τύπω

2428 3704 2526 3773 μὲν
2552 3700 2691 3774 ἦσαν
2714 3702 2781 3756 τὰ
2810 3704 2875 3755 δι’
2903 3704 3114 3755 ἑκείνου
3139 3703 3234 3754 καὶ
3267 3705 3442 3767 σκιαὶ,
3477 3704 3710 3774 ἀλήθεια
3732 3704 3788 3757 δὲ
3822 3706 3895 3757 τὰ
3925 3706 4015 3757 διὰ

2427 3794 2662 3865 Χριστοῦ
2698 3813 2712 3859 ;
2749 3794 2855 3846 Καὶ
2900 3792 3109 3863 μακρὸν
3145 3792 3243 3862 μὲν
3275 3789 3342 3862 ἦν
3386 3794 3514 3857 ἴσως
3544 3794 3605 3846 οὑ
3654 3795 3893 3863 χαλεπὸν
3923 3796 4018 3845 ἐπὶ

2426 3886 2600 3954 τούτῳ
2629 3884 2939 3953 δαπανῆσαι
2976 3882 3135 3949 λόγον
3158 3896 3170 3910 ·
3199 3881 3266 3933 τὰ
3298 3883 3357 3935 δὲ
3404 3884 3524 3935 λίαν
3556 3885 3785 3955 ὲναργῆ,
3828 3886 3923 3936 καὶ
3953 3885 4017 3935 ού

2429 3977 2681 4049 θύραθεν,
2712 3976 2825 4029 ἀλλ’
2863 3975 2922 4039 ἐξ
2968 3972 3196 4036 ἑαυτῶν,
3228 3973 3327 4025 οὐκ
3372 3972 3569 4037 ἔξωθεν
3598 3978 3721 4037 τοὺς
3756 3976 4016 4043 ἐλέγχους

2428 4069 2790 4139 λαμϐάνοντα,
2828 4066 3077 4137 περιττὸν
3106 4060 3258 4135 οἴμαι
3306 4064 3503 4131 λέγειν,
3540 4066 3615 4128 ὡς
3658 4066 3755 4118 οὐκ
3791 4066 3859 4118 ἂν
3900 4067 4017 4135 ἔχοι

2430 4161 2636 4223 κακῶς,
2666 4159 2697 4229 ἢ
2733 4158 2934 4220 καλῶς.
2967 4156 3032 4210 Τί
3065 4157 3174 4227 γὰρ
3220 4156 3286 4210 ἄν
3332 4174 3416 4219 τις
3448 4160 3558 4220 τοῖς
3587 4157 3847 4219 τοιούτοις
3894 4159 4018 4208 ἑπι-

2430 4251 2705 4321 διατρίψαι
2758 4248 3135 4318 λεπτομυθῶν,
3169 4248 3261 4299 καὶ
3313 4248 3381 4301 τὰ
3413 4247 3725 4316 μηδαμόθεν
3770 4246 4016 4316 δυσχερῆ

2433 4343 2918 4414 κατακερματίζων
2938 4343 3015 4403 είς
3035 4343 3133 4393 οὐκ
3157 4341 3444 4409 εὐκαίρους
3474 4340 3799 4407 πολυλογίας
3820 4358 3835 4405 ;
3860 4342 4017 4411 Ἔχει

2431 4439 2608 4491 τοίνυν
2636 4436 2696 4488 τὸ
2742 4435 2831 4487 διὰ
2858 4434 2952 4487 τοῦ
2990 4434 3237 4504 Σωτῆρος
3290 4432 3577 4501 λεγόμενον
3620 4433 3864 4487 τοιοῦτόν
3897 4453 4017 4488 τινα

2435 4530 2575 4583 νοῦν·
2619 4530 2681 4581 Εἰ
2712 4528 2894 4597 νόμον,
2926 4525 3077 4595 φησὶ,
3102 4526 3191 4578 τὸν
3236 4524 3325 4577 διὰ
3368 4525 3611 4587 Μωσέως
3663 4525 3879 4595 ἔχοντες
3925 4544 4019 4593 γε-

2436 4620 2774 4692 γραμμένον,
2806 4617 2919 4670 ἄνω
2946 4633 3003 4669 τε
3033 4615 3127 4668 καὶ
3160 4614 3309 4667 κάτω
3342 4615 3409 4667 τά
3443 4612 3649 4667 ἐκείνου
3685 4616 4019 4684 μελετῶντες

2436 4713 2739 4783 γράμματα
2772 4710 2899 4779 παρ’
2920 4707 3071 4759 οὐδὲν
3105 4707 3341 4759 ποιεῖσθε
3376 4707 3474 4776 τὴν
3503 4708 3589 4758 ἐπ’
3626 4707 3809 4769 αὐτοῖς
3838 4710 4021 4778 παρά-

2435 4804 2592 4858 ϐασιν
2619 4844 2633 4868 ,
2665 4802 2879 4870 ἑκτόπῳ
2927 4798 3063 4871 λήθῃ
3108 4798 3458 4867 βαπτίζοντες
3504 4797 3563 4849 τὸ
3615 4797 3876 4860 πολλάκις
3920 4800 4020 4852 άν-

2438 4884 2799 4965 εγνωσμένον,
2832 4890 2947 4953 πῶς
2988 4889 3053 4941 ἂν
3095 4888 3337 4956 γένοισθε
3378 4889 3505 4957 περὶ
3547 4887 3675 4948 τοὺς
3708 4889 3877 4955 ἐμοὺς
3922 4890 4016 4941 εὑ-

2437 4982 2862 5054 γνωμονέστεροι
2909 4976 3203 5046 λόγους,ῆ
3264 4975 3381 5038 πῶς
3416 4975 3481 5028 ἂν
3531 4974 3867 5043 ἑτοιμότεροι
3926 4976 4021 5025 καὶ

2436 5072 2840 5139 εὐπειθέστεροι
2871 5068 3005 5139 πρὸς
3039 5067 3136 5129 τὰς
3172 5066 3313 5135 ὲμὰς
3344 5064 3699 5132 ἁναφανεῖσθε
3732 5063 4017 5130 φωνὰς,οὖ

2438 5167 2695 5228 πολλάκις
2720 5163 2842 5216 οὐδὲ
2885 5162 2971 5215 ἀεὶ
2996 5158 3468 5230 προσεδρεύοντες,
3510 5155 3623 5209 ἀλλ’
3655 5157 3730 5217 ῶς
3755 5157 3819 5207 ὲκ
3842 5172 4019 5225 παρα-

2436 5258 2642 5329 δρομῆς
2674 5254 3059 5325 ἀκροώμενοι,
3087 5251 3180 5303 καὶ
3225 5250 3384 5318 μόνον
3430 5246 3578 5309 ἅπαξ
3632 5245 3741 5297 ἔσθ’
3768 5246 3857 5297 ὅτε
3900 5247 4019 5305 ταῖς

2438 5350 2531 5404 τοῦ
2567 5351 2813 5417 σώματος
2852 5346 3041 5405 ἀκοαῖς
3088 5341 3502 5404 εἰσοικίζοντες;
3532 5339 3601 5390 Ἣ
3644 5337 3750 5405 γὰρ
3786 5339 3925 5390 κατὰ
3964 5338 4021 5386 τὸ

2444 5443 2629 5510 σχῆμα
2679 5438 2796 5490 τόδε
2841 5437 2954 5498 τοῖς
2990 5433 3296 5504 εἰρημένοις
3331 5430 3675 5501 προσϐαλεῖς,
3726 5428 3758 5497 ἢ
3817 5428 4019 5497 ἑτέρως

2442 5530 2786 5599 ἑπαθλήσεις’
2818 5524 3203 5599 χρηστομαθὴς
3230 5523 3337 5594 γὰρ
3355 5521 3474 5575 λίαν
3495 5522 3528 5589 ὴ
3556 5522 3614 5573 ὲν
3634 5518 3844 5579 τούτοις
3868 5533 4026 5585 πεμ-

2445 5622 2599 5691 εργία
2625 5621 2714 5675 καὶ
2733 5621 2988 5689 ζήτησις·
3014 5614 3211 5670 οὐκοῦν
3230 5614 3297 5667 τά
3334 5614 3432 5684 μὲν
3459 5611 3696 5675 Μωσέως
3714 5608 4024 5678 γράμματα
