4218 6500
170 402 257 457 ἰὸδ
1181 405 1246 458 ΙΝ
1280 404 1568 461 JOANNIS
1604 406 1735 462 EVA

1842 405 2053 462 ELIUM
2096 407 2219 462 LIB.
2265 407 2318 461 ΙΙ.

3330 412 3431 471 434

165 523 530 592 παιδαγωγίαν
578 524 695 578 τινά
720 566 734 590 ,
766 524 860 578 καὶ
893 525 982 578 τὸν
1027 526 1115 579 διὰ
1147 527 1321 580 τύπου
1363 530 1737 599 σχηματισμὸν

1847 530 1933 585 nis
1959 536 2145 583 autem
2174 528 2538 584 institutionis
2562 528 2757 599 legalis
2778 529 3057 595 Christus,
3080 539 3137 583 ut
3161 529 3429 600 scriptum

164 616 258 669 τῶν
288 616 379 669 ἐπὶ
407 616 631 686 Χριστῷ
663 618 978 688 μυστηρίων
1005 620 1270 690 εἰσφέρει,
1298 621 1385 673 καῖ
1408 622 1571 673 οἱονεὶ
1594 638 1735 675 στοι-

162 709 269 775 χεῖά
308 724 433 760 τινα
464 708 564 778 τῆς
614 710 743 778 περὶ
786 709 952 762 αὑτοῦ
998 710 1285 778 γνώσεως,
1314 713 1383 765 τά
1432 714 1490 765 ὲν
1541 714 1734 785 ἐκείνῳ

162 798 660 869 σκιαγραφούμενα,
695 799 731 853 ἀ
780 801 873 853 καὶ
916 800 1007 854 διὰ
1049 801 1157 854 τῶν
1183 802 1285 871 ἤδη
1321 802 1734 873 προεξητασμέ-

159 907 251 941 νων
289 889 629 960 πλατύτερον
674 890 1052 961 ὑπεδείξαμεν.
1101 892 1265 956 Τέλος
1302 893 1359 946 δὲ
1400 893 1735 957 παιδεύσεως

158 980 373 1051 νομικῆς
400 984 431 1035 ό
470 982 727 1052 Χριστὸς,
761 984 902 1036 κατά
934 984 995 1036 τὸ
1020 984 1345 1055 γεγραμμέν
1382 1002 1427 1051 v,
1462 984 1739 1057 πλήρωμα

157 1071 308 1140 νόμου
343 1073 438 1125 καὶ¹
485 1073 781 1143 προφητῶν
812 1076 839 1126 ό
869 1074 1122 1143 Χριστός.
1152 1076 1214 1127 Οἰ
1253 1073 1451 1139 τοίνυν,
1484 1074 1638 1145 φησὶ,
1671 1075 1739 1129 τὰ

159 1166 385 1233 στοιχεῖα
414 1168 514 1235 τῆς
552 1165 726 1235 ἀρχῆς
761 1165 868 1218 τῶν
898 1165 1073 1233 λόγων
1097 1165 1190 1219 τοῦ
1216 1165 1352 1219 Θεοῦ
1379 1166 1455 1235 μὴ
1497 1168 1739 1239 παραδει-

1842 633 1927 677 est
1953 622 2095 687 “"',
2125 621 2410 691 plenitudo
2459 623 2595 693 legis
2634 631 2689 676 et
2721 624 3113 693 pr0phetarum
3146 622 3426 675 Christus.

1843 712 1944 778 Qui
1978 728 2130 784 ergo,
2163 713 2363 781 inquit,
2389 715 2658 768 elementa
2688 713 2831 766 initii
2856 728 3175 769 sermonum
3201 711 3295 766 Dei
3318 728 3427 765 non

1846 806 2179 876 suscipiunt,
2213 813 2267 863 et
2304 807 2472 874 legem
2512 821 2607 875 per
2646 806 2885 859 litteram
2921 807 3082 875 quasi
3121 819 3290 857 manu
3323 802 3427 857 du-

1843 905 2054 952 centem
2105 897 2273 952 stulte
2324 897 2615 965 repellunt,
2647 912 2759 967 quo
2828 906 2988 967 pacto
3040 897 3260 951 demum
3308 910 3429 965 per-

1844 986 2124 1043 fectiorem
2170 988 2540 1059 cognitionem
2569 988 2973 1059 assequentur?
3020 995 3114 1041 aut
3149 985 3427 1056 quomodo

1844 1079 1894 1133 id
1937 1080 2083 1148 quod
2132 1080 2310 1148 majus
2365 1087 2453 1135 est
2505 1080 2748 1150 capient,
2780 1082 2873 1158 qui
2905 1080 3050 1151 quod
3084 1093 3315 1150 parvum
3362 1092 3427 1131 ac

1845 1171 2077 1226 inferius
2106 1179 2191 1227 est
2224 1188 2332 1225 non
2365 1174 2634 1242 capiunt?
3209 1165 3219 1170 ’

158 1260 403 1329 ξάμενοι,
473 1263 567 1314 καὶ
611 1262 703 1314 τὸν
753 1260 817 1314 δι’
851 1262 1258 1333 ὲμφανεστέρου
1338 1261 1432 1315 τοῦ
1480 1263 1803 1334 γράμματος
1841 1266 2282 1336 χειραγωγοῦντα
2340 1268 2500 1338 νόμον
2552 1270 2672 1333 ταῖς
2735 1266 2997 1340 εὐηθείαις
3044 1266 3424 1336 ἐξωθούμενοι,

158 1352 263 1413 πῶς
296 1352 362 1404 ἂν
406 1352 487 1404 ἔτι
525 1352 624 1421 τῆς
656 1351 991 1421 τελειοτέρας
1032 1353 1306 1420 ὲφίκοιντο
1337 1352 1624 1421 γνώσεως;
1664 1356 1731 1408 Ἢ
1774 1358 1889 1423 πῶς
1916 1358 1980 1412 ἂν
2009 1360 2192 1422 αὐτοῖς
2248 1360 2651 1429 εὐπαράδεκτον
2708 1359 2787 1414 ἔτι
2828 1360 3047 1429 μεῖζον,
3089 1360 3427 1430 χωρηθέντος

161 1442 401 1511 οὐδαμῶς
432 1440 527 1493 τοῦ
565 1440 765 1512 μικροῦ
798 1458 855 1493 τε
886 1444 981 1495 καὶ
1010 1442 1453 1514 ὑποϐεϐηκότοςς

760 1532 1017 1588 ΚΕΦΑΛ.
1052 1538 1125 1589 Δ’.

161 1628 274 1678 Ὀτι
328 1622 631 1695 πολλάκις
673 1627 732 1678 al
758 1626 1026 1695 Xpio'toﬁ
1068 1628 1427 1694 μεταϐάσεις
1456 1628 1572 1682 ἀπὸ
1629 1630 1737 1695 τῆς

224 1694 644 1767 Ἰιικροινοςιιλὴμ⁸
707 1694 1339 1767 τὸ-μετατειὶήσεσθαι
1400 1699 1515 1763 τὴν
1566 1694 1741 1767 7am;-

212 1766 303 1817 ἐ.τί
333 1763 413 1838 Δτὰ
439 1760 596 1838 ξθνηή
617 1760 941 1838 δηλοῦσιν.
988 1760 1283 1838 Ἑῇαὑτῷ
1315 1768 1383 1820 δὲ
1416 1760 1513 1821 καὶ
1556 1760 1738 1838 ,λόγος

216 1834 348 1906 πιέρί
395 1832 522 1885 τῶν
572 1834 752 1906 πέντε
783 1833 976 1903 ἀρτων
1005 1836 1123 1889 τῶν
1167 1839 1447 1906 κριθίνων
1492 1839 1591 1892 λαὶ
1622 1832 1739 1895 ἰῶκ-

214 1905 446 1960 δώδεκα
478 1903 771 1972 ὀψαρίων.

2481 1537 2639 1593 CAP.
2691 1537 2783 1593 IV.

1845 1629 1999 1696 Quod
2047 1628 2349 1695 plerumque
2395 1628 2969 1699 Christi'imigratioues
3003 1647 3067 1684 ex
3123 1631 3425 1687 Jerusalem

1913 1700 2210 1769 signiﬁcent
2259 1699 2581 1751 translatum
2616 1717 2682 1752 m
2735 1711 2966 1768 gratiam
2994 1718 3048 1753 ιη
3080 1713 3277 1769 gcnles.
3325 1703 3417 1757 Ubi

1915 1787 2090 1823 senuo
2117 1785 2319 1840 quoque
2346 1779 2424 1821 est
2457 1771 2519 1822 dc
2560 1772 2787 1839 quinque
2816 1770 3041 1840 panibus
3092 1772 3420 1839 hordeaceis,

1912 1850 1961 1893 et
1994 1840 2273 1893 duodecim
2306 1840 2598 1905 piscicutis.

215 1995 316 2048 Καὶ
342 1995 500 2063 μετὰ
521 1966 719 2049 ταῦτα
756 1996 1029 2064 ἀπῆλθεν
1054 2000 1087 2051 ό
1130 1997 1361 2065 Ἰησοῦς
1414 1998 1605 2067 πέραν
1628 1998 1737 2066 τῆς

1912 1992 2001 2059 Vl,
2042 1996 2089 2050 l.
2124 1993 2190 2047 Et
2229 2003 2346 2063 post
2394 1995 2505 2049 lia'c
2532 1994 2665 2048 abiit
2696 1992 2856 2050 Jews
2901 2004 3048 2051 trans
3085 2013 3232 2053 mare
3268 1998 3423 2055 Tibe-

154 2088 467 2154 θαλάσσης
499 2087 611 2155 τῆς
643 2087 993 2157 Τιϐεριάδος.

216 2182 440 2252 Πρῶτον
494 2183 673 2235 ὲκε.νο
720 2184 916 2252 χρῆναι
975 2188 1091 2247 τοίς
1141 2185 1512 2257 ἀκροωμένοις
1561 2188 1736 2240 εἰπεῖν

155 2273 520 2344 ὑπολαμϐάνω
550 2275 867 2346 ἀνσγκαιοι,
900 2276 983 2329 δτι
1029 2276 1129 2340 τάς
1176 2281 1241 2331 ἐκ
1286 2278 1394 2331 τῶν
1438 2278 1736 2349 Ἰεροσολυ-

157 2384 261 2435 μων
292 2366 675 2437 μεταϐάσειςό
709 2368 912 2438 Κύριος
944 2370 1004 2422 οὐ
1041 2369 1165 2439 δίχα
1192 2370 1337 2435 τινὸς
1375 2371 1738 2440 ἀναγκαιοτά-

151 2475 241 2527 της
272 2458 457 2521 αἰτίας
486 2461 682 2530 ὁρᾶται
712 2461 903 2514 ποιῶν.
929 2462 1218 2532 Οἰκονομεϊ
1254 2462 1311 2515 δέ
1346 2479 1399 2516 τι
1434 2463 1616 2533 σχεδὸν
1651 2464 1737 2531 ἐφ’

154 2551 370 2621 ἑκάστῃ,
407 2552 508 2602 καὶ
554 2552 612 2602 ὲν
641 2552 707 2620 τῇ
744 2550 855 2604 τῶν
897 2550 1238 2623 πραγμάτων
1270 2552 1453 2622 φύσει,
1487 2554 1736 2625 καθάπερ

153 2643 203 2692 ἐν
228 2644 417 2695 πίνακι
452 2685 464 2704 ,
495 2644 843 2712 καταγράφει
898 2645 1196 2715 μυστήρια.
1241 2646 1451 2708 Ὀποῖος
1514 2646 1611 2717 μὲν
1642 2644 1735 2701 οὖν

153 2731 242 2797 τῆς
273 2734 666 2801 μεταστάσεως
694 2736 723 2786 ὁ
754 2735 976 2799 σκοπδς,
1004 2737 1096 2789 καὶ
1125 2736 1177 2789 τί
1203 2734 1265 2790 τὸ
1304 2738 1553 2792 ἐντεῦθεν
1599 2740 1734 2793 ύπο-

154 2820 495 2892 δηλούμενον,
521 2825 581 2875 ὲν
623 2823 809 2894 οἰκείῳ
853 2826 1029 2896 καιρῷ
1072 2827 1359 2899 καταφανῆ
1393 2831 1735 2900 καταστήσο-

154 2929 261 2980 μεν,
293 2912 679 2983 έκδεὸηκότων
706 2916 787 2979 εἰς
826 2916 1001 2987 πέρας
1046 2919 1155 2970 τῶν
1197 2920 1575 2990 προκειμένων
1606 2924 1736 2992 ἡμῖν

153 3006 472 3069 κεφαλαίων.
512 3004 765 3061 Ἐκαστα
789 3008 899 3078 γάρ
946 3008 1209 3073 διελόντες
1250 3012 1387 3065 κατὰ
1414 3012 1610 3083 βραχὺ,
1642 3016 1735 3069 καὶ

152 3096 205 3147 τὸ
240 3097 302 3149 ὲκ
346 3096 463 3151 τῶν
512 3098 863 3167 Γραμμάτων
905 3100 1395 3171 ὁιερμηνεύσαντες
1443 3106 1732 3175 χρήσιμον,

151 3185 279 3240 οὕτω
315 3204 376 3240 τε
412 3189 531 3250 τοῖς
570 3188 971 3259 ἐντευξομένοις
1020 3192 1359 3261 παραθέντες
1405 3196 1483 3258 εἰς
1527 3201 1733 3265 νόησιν,

150 3276 461 3330 τελευταίαν
487 3277 784 3349 ἐποίσομεν
822 3280 919 3351 τὴν
965 3282 1058 3333 ἐπὶ
1086 3282 1164 3351 τῷ
1198 3285 1359 3337 παντὶ
1406 3286 1637 3355 θεωρίαν
1670 3286 1737 3340 τὰ
1763 3318 1805 3374 C

152 3367 473 3439 πολυμερῶς
526 3369 796 3439 εἰρημένα
845 3370 1375 3444 κεφαλαιωδέστερον
1422 3376 1736 3447 ἐπιτέμνον-

1840 2085 2031 2142 ιὶαάίε.

1911 2181 2152 2235 l’rimum
2178 2180 2523 2236 auditoribus
2559 2178 2693 2233 illud
2726 2179 3021 2235 dicendum
3056 2187 3213 2251 puto,
3239 2181 3421 2236 Donu-

1839 2288 1967 2327 num
2015 2271 2408 2343 Hierosolymis
2464 2286 2573 2326 non
2619 2271 2740 2327 siue
2790 2273 2939 2341 gravi
2996 2280 3050 2327 et
3106 2275 3422 2329 necessaria

1837 2379 2005 2419 causa
2055 2364 2312 2433 migrare.
2363 2362 2590 2427 Quoties
2645 2371 2827 2418 autem
2889 2363 2943 2417 id
2998 2363 3151 2429 facit,
3214 2366 3421 2436 aliquid

1838 2458 2099 2513 eximium
2156 2457 2269 2511 fere
2319 2456 2562 2521 molitur,
2608 2463 2662 2511 et
2726 2456 2781 2509 in
2824 2471 3006 2510 rerum
3050 2464 3248 2511 natura
3298 2465 3423 2511 tan-

1838 2564 1999 2618 quam
2056 2549 2110 2601 in
2166 2547 2347 2601 tabula
2403 2548 2660 2618 mysteria
2712 2547 2973 2617 depingit.
3016 2547 3265 2614 Quonam
3326 2551 3426 2621 igi—

1839 2652 1927 2695 tur
1969 2650 2179 2710 spectet
2230 2640 2507 2709 migratio,
2552 2640 2774 2709 etquid
2824 2640 2914 2692 illa
2969 2642 3263 2710 signiticet,
3318 2659 3421 2697 suo

1838 2731 2001 2803 269
2026 2741 2270 2801 tempore
2294 2730 2640 2795 docebimus,
2675 2745 2801 2785 cum
2834 2730 2901 2785 ad
2934 2732 3144 2786 calcem
3178 2735 3420 2802 capitum

1838 2823 2273 2894 pervenerimus.
2307 2822 2554 2894 Singulis
2578 2824 2724 2877 enim
2752 2823 2981 2889 divisis,
3015 2836 3070 2879 et
3107 2824 3422 2896 Scriptura.

1836 2931 1955 2969 rum
1984 2915 2224 2970 utilitate
2254 2915 2532 2984 exposita,
2564 2923 2725 2983 atqm:
2756 2915 2859 2968 hoc
2881 2923 3041 2984 pacto
3071 2916 3422 2971 auditoribus

1836 3007 1902 3061 ad
1928 3005 2347 3076 intelligendum
2365 3007 2671 3076 proposita,
2687 3015 2989 3061 extremam
3012 3008 3178 3063 totius
3196 3010 3271 3062 rei
3298 3024 3424 3061 cou-

1838 3097 2253 3167 templationem
2304 3096 2622 3161 all‘eremus,
2667 3113 2790 3165 quae
2830 3098 2985 3150 varie
3033 3106 3266 3151 tractata
3303 3098 3422 3153 l‘ue-

1839 3190 1949 3242 rint
1982 3191 2294 3243 summatim
2326 3190 2653 3244 dividentes.
2675 3188 2832 3254 Quod
2859 3197 3043 3244 autem
3074 3190 3130 3243 in
3164 3190 3421 3243 manibus

1840 3281 1946 3348 iam
1984 3282 2147 3336 nobis
2178 3289 2280 3345 est,
2315 3282 2550 3350 primum
2588 3284 2833 3336 omnium
2869 3281 3266 3336 declarandum
3304 3282 3423 3337 exi-

1840 3375 2023 3427 stimo.
2070 3391 2087 3423 ι
2133 3373 2260 3428 Post
2298 3373 2442 3439 haec,
2472 3373 2684 3443 inquit,
2726 3374 2861 3427 abiit
2887 3373 3048 3430 Jesus
3080 3382 3233 3427 trans
3272 3388 3423 3428 mare

151 3474 247 3520 τες.
281 3460 345 3513 Ὀ
382 3460 444 3513 δὲ
484 3458 583 3512 νῦν
610 3461 668 3512 ὲν
701 3462 889 3531 χερσὶν
918 3462 1178 3533 ὑπάρχει,
1213 3464 1371 3519 τοῦτο
1404 3468 1495 3520 καὶ
1520 3468 1735 3539 πρῶτον

1840 3464 2165 3519 Tiberiadis.
2205 3483 2223 3515 ι
2260 3464 2520 3529 Quaenam
2555 3465 2666 3519 sint
2698 3480 2760 3517 ea
2802 3464 2870 3518 de
2891 3464 3097 3533 quibus
3131 3463 3208 3515 ait
3232 3502 3246 3523 .
3297 3472 3421 3531 post

150 3544 311 3596 εἰπεῖν
348 3546 615 3615 οἰήσομαι
648 3546 777 3602 δεῖν.
811 3566 830 3598 ι
862 3549 1015 3603 Μετά
1057 3550 1251 3615 ταῦτα,
1281 3556 1465 3623 φησιν,
1495 3557 1734 3626 ἀπῆλθεν

1840 3557 1975 3618 haec,
2008 3556 2299 3627 diligenter
2329 3555 2773 3625 investigandum
2804 3564 2907 3609 est.
2939 3555 3197 3609 Christus
3226 3553 3421 3607 Hieru-

150 3634 173 3681 ὁ
210 3635 411 3704 Ἰησοῦς
478 3637 655 3705 πέραν
700 3637 797 3708 τῆς
848 3638 1124 3711 θαλάσσης
1172 3646 1271 3713 τῆς
1322 3645 1365 3697 Τ
1373 3645 1655 3715 ιεεριάδος.
1710 3666 1727 3697 ι

1838 3648 2065 3719 solymis
2114 3648 2421 3701 mirabilem
2462 3646 2737 3700 medicum
2792 3662 2851 3701 se
2898 3648 3147 3715 praebuit.
3191 3645 3419 3699 Sanavit

152 3725 291 3779 Μετὰ
323 3730 457 3780 ποῖα
491 3745 687 3791 ταυτα,
722 3728 981 3800 ζητητέον
1020 3733 1083 3789 ού
1128 3734 1496 3803 παρειμένως.
1550 3736 1734 3806 Παρά-

1841 3739 2139 3799 hominem,
2168 3738 2261 3807 qui
2296 3745 2423 3790 octo
2453 3748 2505 3791 et
2536 3738 2758 3805 triginta
2797 3745 2943 3791 totos
2975 3752 3149 3792 annos
3178 3747 3415 3806 aegrota-

148 3814 282 3879 δοξος
313 3818 502 3870 τοίνυν
536 3818 595 3869 ὲν
633 3822 746 3881 τοῖς
785 3818 1177 3893 Ἰεροσολύμοις
1222 3825 1404 3897 ἰατρὸς
1450 3827 1730 3898 ἀνεδείχθη

1839 3831 1967 3894 bat,
2002 3845 2111 3884 non
2156 3828 2405 3883 adhihito
2442 3829 2780 3898 pharmaco,
2819 3829 2970 3883 nulla
3010 3828 3239 3883 medica?
3279 3830 3418 3883 artis

151 3908 395 3979 Χριστός.
466 3910 885 3982 Τεθεράπευκεν
949 3914 1235 3985 ἄνθρωπον
1288 3932 1581 3986 τριακοντα
1643 3920 1737 3972 καὶ

149 4002 279 4054 ὀκτὼ
315 4004 415 4072 ἔτη
452 4004 514 4055 ἐν
556 4007 621 4074 τῇ
661 4004 917 4076 ἀσθενείᾳ
958 4006 1148 4073 αὑτοῦ,
1188 4009 1251 4061 ού
1293 4008 1587 4079 φάρμακον
1617 4012 1735 4063 ὲπι-

150 4097 269 4163 θεὶς,
319 4100 382 4152 ού
433 4100 763 4169 νοσημάτων
798 4101 1231 4171 ἀποκρουστικὸν
1279 4104 1569 4173 ἐπινοήσας
1608 4105 1733 4174 βοή-

148 4190 304 4260 θημα,
334 4194 486 4263 λόγῳ
512 4193 571 4245 δὲ
607 4194 825 4263 μᾶλλον,
861 4195 935 4256 ὡς
964 4195 1124 4262 Θεὸς,
1152 4194 1371 4266 ἐξουσία
1408 4197 1733 4267 παντουργῴ

150 4284 234 4334 καὶ
263 4283 573 4353 θεοπρεπεί
596 4281 673 4351 τῷ
702 4283 948 4353 νεύματι.
991 4302 1009 4333 ι
1042 4284 1318 4355 Ἐγερθεὶς
1342 4309 1358 4336 ο
1395 4284 1522 4355 γὰρ,
1546 4285 1731 4353 φησὶν,

153 4390 167 4418 σ
194 4368 316 4441 ἆρον
340 4376 405 4427 τὸ
436 4374 699 4428 κλινίδιόν
727 4376 947 4440 σου,καὶ
971 4374 1149 4444 ὕπαγε
1176 4378 1255 4440 εἰς
1274 4376 1365 4430 τὸν
1380 4373 1526 4430 οἷκον
1555 4393 1666 4430 σου.
1711 4396 1728 4427 ι

160 4463 363 4538 Ἐπειδὴ
401 4468 464 4520 δὲ
496 4466 774 4519 Σάϐϐατόν
817 4464 907 4539 ἦν,
956 4468 1373 4538 χαλεπαίνουσιν
1418 4469 1645 4539 ἀμαθῶς
1682 4470 1731 4521 ol

148 4555 234 4623 τὴν
260 4558 557 4627 παχύτητα
587 4558 867 4621 νοσοῦντες
897 4559 991 4612 τοῦ
1030 4562 1354 4630 γράμματος
1396 4560 1655 4621 Ἰουδαῖοι,
1682 4561 1731 4612 οἰ

1836 3936 1962 3993 ope,
2000 3921 2093 3976 sed
2128 3922 2248 3977 solo
2276 3922 2464 3984 verbo,
2492 3929 2681 3989 utpote
2710 3922 2874 3987 Deus,
2908 3921 3271 3990 omnipotenti
3304 3923 3417 3975 vir-

1838 4020 1990 4074 tute,
2029 4020 2082 4065 et
2122 4019 2255 4063 nutu
2290 4010 2397 4063 Deo
2443 4011 2793 4067 iouvcnienti
2835 4030 2848 4066 :
2903 4030 2919 4063 ι
2957 4009 3201 4080 Surgens
3233 4012 3413 4072 enim,

1838 4104 2053 4172 inquit,
2104 4103 2231 4155 tolle
2262 4102 2551 4169 grabatum
2577 4110 2731 4156 tuum
2758 4142 2772 4164 ,
2824 4113 2875 4157 et
2910 4110 3182 4157 revertere
3224 4102 3277 4155 in
3320 4102 3418 4156 do-

1838 4210 1985 4247 mum
2054 4201 2202 4247 tuatn
2257 4193 2367 4246 ".i
2417 4190 2524 4247 Sed
2579 4193 2840 4262 quoniam
2901 4193 3199 4247 Sabbatum
3255 4202 3414 4256 erat,

1836 4283 2008 4340 Judaei
2042 4284 2210 4340 stulte
2258 4283 2652 4353 indignantur,
2690 4298 2816 4337 cum
2850 4283 3126 4339 crassitiei
3159 4284 3417 4338 litteratis

1837 4378 2032 4433 morbo
2063 4382 2389 4442 teneantur,
2443 4383 2497 4430 et
2547 4375 3021 4430 inconsiderantia
3057 4389 3155 4430 sua
3182 4415 3196 4439 ,
3252 4376 3417 4429 vehe-

1838 4470 2077 4525 mentius
2124 4483 2287 4538 quam
2345 4476 2583 4537 aegrotus
2642 4466 2733 4519 ille
2780 4466 2973 4520 inorbo
3029 4466 3411 4535 stringantur,

1835 4560 2080 4628 adeoque
2125 4558 2393 4611 bonorum
2439 4555 2686 4609 omnium
2739 4558 2970 4623 penuria
3016 4554 3287 4608 laborent.
3333 4554 3415 4607 llli

150 4647 295 4701 πλέον
344 4650 380 4720 ἢ
429 4652 646 4713 ἐκεῖνος
698 4646 818 4713 ταῖς
876 4651 1195 4721 συντρόφοις
1250 4649 1431 4704 αὐτῶν
1485 4650 1733 4717 ἀλογίαις

1840 4659 2026 4704 mente
2076 4648 2361 4719 paralytici
2391 4687 2407 4711 ,
2447 4654 2503 4701 et
2550 4646 2800 4699 moribus
2842 4645 3141 4711 dissoluti,
3184 4646 3241 4699 in
3276 4660 3416 4715 quos

149 4741 540 4813 συνδεδεμένοι,
591 4743 642 4794 οἰ
686 4743 901 4796 πάντων
942 4742 1077 4812 ὁμοῦ
1127 4743 1238 4795 τῶν
1280 4742 1501 4809 ἀγαθῶν
1529 4742 1731 4812 ἀδρανῆ

146 4832 415 4896 νοσοῦντες
449 4832 680 4904 ἀργίαν,
719 4835 769 4886 οἰ
817 4835 1117 4904 παράλυτοι
1165 4835 1255 4887 τὸν
1305 4834 1449 4897 νοῦν,
1500 4834 1596 4887 καὶ
1634 4834 1734 4903 τὴν

148 4923 247 4987 ἕξιν
277 4922 661 4994 ἐκλελυμένοι,
689 4923 824 4994 πρὸς
855 4924 948 4987 οὓς
982 4925 1048 4978 ἂν
1078 4925 1303 4989 εἰκότως
1348 4926 1441 4979 καὶ
1485 4926 1697 4993 λέγοιτο
1717 4942 1730 4955 ·

154 5034 168 5061 ι
207 5015 720 5085 ’ἰσχύσατε,χεῖρες
767 5014 1067 5084 ἀνειμέναι,
1112 5016 1207 5068 καὶ
1251 5016 1456 5083 γόνατα
1493 5016 1733 5086 παραλε-

149 5105 358 5174 λυμένα.
424 5126 448 5161 ι
507 5106 909 5159 Χαλεπαίνουσι
976 5106 1033 5159 δὲ
1093 5107 1192 5177 τὴν
1240 5107 1595 5178 ὀφειλομένην
1655 5106 1734 5177 τῷ

148 5196 401 5270 Σαόϐἀτῳ
453 5197 629 5268 τιμὴν
686 5198 883 5268 χρῆναι
929 5198 1177 5266 λέγοντες
1226 5199 1321 5251 καὶ
1380 5198 1511 5267 παρ’
1565 5198 1734 5251 αὐτοῦ

146 5289 231 5342 τοῦ
279 5290 591 5361 νομοθέτου
656 5289 1023 5357 φυλάττεσθαι
1055 5305 1071 5320 ο
1143 5288 1595 5353 καταδικάζουσιν
1657 5289 1731 5352 ὡς

152 5384 593 5452 παραϐαίνοντος
630 5382 724 5435 τοῦ
774 5380 1052 5453 Χριστοῦ,
1108 5383 1183 5446 ὡς
1230 5382 1615 5453 γεγραμμένον
1670 5383 1732 5435 οὐ

147 5473 409 5544 δεχόμενοι
427 5492 442 5505 ·
471 5493 492 5525 ε
535 5472 766 5543 Ἀσεϐὴς
792 5474 821 5526 δ
848 5473 1020 5543 λέγων
1046 5473 1288 5544 βασιλεῖ·
1315 5475 1674 5544 Παρανομεῖς.
1708 5492 1726 5525 ι

160 5564 268 5617 Ἐπί
298 5567 520 5629 τούτοις
562 5565 776 5635 ἔλεγχοι
821 5565 923 5636 μὲν
964 5562 1102 5637 ἦσαν
1159 5567 1311 5637 παρά
1346 5566 1440 5619 τοῦ
1482 5567 1732 5637 Σωτῆρος

149 5654 343 5725 δριμεῖς
363 5674 376 5685 ο
402 5658 571 5725 λόγος
602 5657 657 5711 δὲ
687 5658 1065 5723 διεσκευάζετο
1096 5658 1258 5723 πολύς
1290 5676 1346 5712 τε
1377 5659 1469 5711 καὶ
1499 5658 1726 5728 μακρὸς,

215 5834 327 5873 ’¹-’³
366 5834 537 5891 Itoni.
582 5853 641 5903 ι,
678 5838 723 5891 l.
804 5838 849 5869 "
891 5837 1045 5894 Joan.
1078 5857 1130 5905 v,
1176 5841 1227 5895 8.

1302 5842 1347 5871 "'
1386 5840 1485 5895 lsa.
1522 5854 1683 5899 xxxv.
1717 5838 1768 5891 ὖ.

1835 4741 2120 4809 illudjurc
2155 4738 2543 4810 quadraverit:
2584 4756 2603 4788 ι
2634 4736 3065 4799 Conlortamini,
3100 4752 3296 4791 manus
3332 4752 3419 4792 re-

1837 4834 2024 4888 missae
2044 4872 2058 4895 ,
2092 4842 2147 4886 et
2179 4845 2355 4902 genua
2386 4829 2659 4885 dissoluta
2690 4828 2759 4881 ".
2788 4847 2805 4879 ι
2851 4829 3215 4898 lndignantur
3246 4844 3379 4883 vero
3402 4870 3416 4891 ,

1839 4922 2065 4978 Sahbati
2102 4924 2368 4977 honorem
2411 4922 2480 4973 ab
2519 4921 2640 4988 ipso
2675 4933 2898 4989 quoque
2937 4918 3258 4988 legislatore
3294 4934 3417 4974 ser-

1835 5014 2073 5067 vandum
2096 5026 2221 5066 esse
2243 5010 2530 5065 dicentes:
2561 5008 2845 5063 Christum
2867 5008 3257 5074 condemnant,
3280 5026 3420 5079 qua-

1834 5105 1880 5161 si
1916 5104 2417 5173 praevaricatorem,
2442 5114 2567 5155 cum
2587 5116 2695 5155 non
2724 5101 2945 5167 capiant
2968 5098 3118 5168 quod
3148 5101 3415 5169 scriptum

1833 5204 1917 5251 est
1952 5214 1963 5249 :
2007 5213 2025 5244 ι
2056 5193 2262 5264 Impius
2291 5200 2377 5247 est
2407 5193 2500 5263 qui
2533 5192 2666 5246 dicit
2695 5192 2849 5260 regi:
2890 5190 3101 5260 lnjuste
3137 5192 3256 5261 agis
3290 5192 3355 5244 “.
3393 5211 3408 5243 ι

1834 5287 1946 5343 Hos
1990 5286 2195 5341 acriter
2234 5284 2491 5338 Salvator
2520 5281 2800 5351 redarguit
2838 5300 2851 5335 :
2884 5281 3181 5350 multisque
3209 5283 3414 5352 proba-

1831 5378 1909 5432 vit
1940 5391 2066 5431 cum
2096 5376 2463 5431 cessationem
2491 5375 2548 5428 in
2578 5372 2819 5427 Sabbato
2851 5373 3032 5442 typice
3062 5386 3092 5425 a
3128 5372 3244 5443 lege
3276 5388 3416 5427 con-

1837 5472 2121 5534 stitutam,
2160 5475 2277 5522 tum
2314 5465 2515 5520 Filium
2550 5463 2789 5518 hominis
2819 5462 3101 5517 dominum
3133 5462 3418 5519 esseSab-

1838 5562 1948 5617 bati
1977 5561 2020 5592 "
2052 5579 2065 5614 :
2121 5568 2177 5612 at
2208 5558 2412 5629 quibus
2448 5556 2597 5611 nulla
2633 5564 2753 5611 crat
2793 5568 2928 5608 cura
2972 5554 3095 5608 boni
3120 5594 3134 5618 ,
3181 5554 3283 5610 scd
3339 5556 3408 5610 ad

1839 5669 2056 5710 onmem
2093 5651 2352 5723 prOpensi
2385 5648 2674 5714 malitiam,
2709 5648 2763 5701 in
2791 5648 3073 5703 doctorem
3102 5646 3416 5720 insurgunt,

1848 5837 1892 5867 ³⁸
1935 5832 2034 5889 Job
2063 5832 2371 5898 xxxiv,18.
2453 5834 2493 5865 ”
2539 5831 2671 5886 Luc.
2708 5846 2779 5890 vi,
2817 5828 2869 5883 ὃ.
