  <div class='ocr_page' id='page_1' title='image "/cluster/home/n/w/nwhite01/storage/ocr_20150623/73/nnc1.0046980245/227.png"; bbox 0 0 4218 6500; ppageno 0'>
   <div class='ocr_carea' id='block_1_1' title="bbox 765 403 868 458">
    <p class='ocr_par' dir='ltr' id='par_1_1' title="bbox 765 403 868 458">
     <span class='ocr_line' id='line_1_1' title="bbox 765 403 868 458; baseline 0.029 -3"><span class='ocrx_word' id='word_1_1' title='bbox 765 403 868 458; x_wconf 69' lang='grc'><strong>4⁵55</strong></span> 
     </span>
    </p>
   </div>
   <div class='ocr_carea' id='block_1_2' title="bbox 1798 396 3038 458">
    <p class='ocr_par' dir='ltr' id='par_1_2' title="bbox 1798 396 3038 458">
     <span class='ocr_line' id='line_1_2' title="bbox 1798 396 3038 458; baseline 0.005 -6"><span class='ocrx_word' id='word_1_2' title='bbox 1798 399 1852 452; x_wconf 91' lang='lat' dir='ltr'><strong>S.</strong></span> <span class='ocrx_word' id='word_1_3' title='bbox 1892 396 2170 452; x_wconf 65' lang='lat' dir='ltr'><strong>CVRILLI</strong></span> <span class='ocrx_word' id='word_1_4' title='bbox 2212 396 2685 455; x_wconf 69' lang='lat' dir='ltr'><strong>ALEXANDRINI</strong></span> <span class='ocrx_word' id='word_1_5' title='bbox 2722 403 3038 458; x_wconf 78' lang='lat' dir='ltr'><strong>ARCHIEI‘.</strong></span> 
     </span>
    </p>
   </div>
   <div class='ocr_carea' id='block_1_3' title="bbox 3937 410 4043 464">
    <p class='ocr_par' dir='ltr' id='par_1_3' title="bbox 3937 410 4043 464">
     <span class='ocr_line' id='line_1_3' title="bbox 3937 410 4043 464; baseline 0.009 -2"><span class='ocrx_word' id='word_1_6' title='bbox 3937 410 4043 464; x_wconf 67' lang='lat'><strong>436</strong></span> 
     </span>
    </p>
   </div>
   <div class='ocr_carea' id='block_1_4' title="bbox 764 518 2355 597">
    <p class='ocr_par' dir='ltr' id='par_1_4' title="bbox 764 518 2348 595">
     <span class='ocr_line' id='line_1_4' title="bbox 764 518 2348 595; baseline -0.008 -14"><span class='ocrx_word' id='word_1_7' title='bbox 764 539 811 582; x_wconf 88' lang='lat' dir='ltr'><strong>et</strong></span> <span class='ocrx_word' id='word_1_8' title='bbox 835 526 1042 581; x_wconf 65' lang='lat' dir='ltr'><strong>caadem</strong></span> <span class='ocrx_word' id='word_1_9' title='bbox 1085 522 1207 595; x_wconf 82' lang='lat' dir='ltr'><strong>ejus</strong></span> <span class='ocrx_word' id='word_1_10' title='bbox 1251 524 1640 577; x_wconf 80' lang='lat' dir='ltr'><strong>macltinantur</strong></span> <span class='ocrx_word' id='word_1_11' title='bbox 1674 520 1767 591; x_wconf 99' lang='lat' dir='ltr'><strong>qui</strong></span> <span class='ocrx_word' id='word_1_12' title='bbox 1802 520 2127 590; x_wconf 78' lang='lat' dir='ltr'><strong>sapientiam</strong></span> <span class='ocrx_word' id='word_1_13' title='bbox 2162 518 2230 572; x_wconf 86' lang='lat' dir='ltr'><strong>iis</strong></span> <span class='ocrx_word' id='word_1_14' title='bbox 2264 518 2348 570; x_wconf 81' lang='lat' dir='ltr'><strong>in-</strong></span> 
     </span>
    </p>
   </div>
   <div class='ocr_carea' id='block_1_5' title="bbox 2456 518 4045 597">
    <p class='ocr_par' dir='ltr' id='par_1_5' title="bbox 2456 522 4045 597">
     <span class='ocr_line' id='line_1_5' title="bbox 2456 522 4045 597; baseline 0.006 -24"><span class='ocrx_word' id='word_1_15' title='bbox 2456 522 2538 575; x_wconf 86' lang='grc' dir='ltr'>ὃτι</span> <span class='ocrx_word' id='word_1_16' title='bbox 2577 526 2825 589; x_wconf 83' lang='grc' dir='ltr'><strong>τυπικῶς</strong></span> <span class='ocrx_word' id='word_1_17' title='bbox 2849 528 2961 589; x_wconf 83' lang='grc' dir='ltr'>τοῖς</span> <span class='ocrx_word' id='word_1_18' title='bbox 2990 527 3368 596; x_wconf 78' lang='grc' dir='ltr'><strong>ἀρχαιοτέροις</strong></span> <span class='ocrx_word' id='word_1_19' title='bbox 3413 528 3446 597; x_wconf 78' lang='grc' dir='ltr'>ἡ</span> <span class='ocrx_word' id='word_1_20' title='bbox 3490 527 3628 580; x_wconf 86' lang='grc' dir='ltr'><strong>κατά</strong></span> <span class='ocrx_word' id='word_1_21' title='bbox 3664 527 3724 581; x_wconf 81' lang='grc' dir='ltr'>τὸ</span> <span class='ocrx_word' id='word_1_22' title='bbox 3765 528 4045 584; x_wconf 74' lang='grc' dir='ltr'>Σάδϐατον</span> 
     </span>
    </p>
   </div>
   <div class='ocr_carea' id='block_1_6' title="bbox 767 611 2338 684">
    <p class='ocr_par' dir='ltr' id='par_1_6' title="bbox 767 611 2338 684">
     <span class='ocr_line' id='line_1_6' title="bbox 767 611 2338 684; baseline -0.008 -12"><span class='ocrx_word' id='word_1_23' title='bbox 767 620 996 674; x_wconf 90' lang='lat' dir='ltr'><strong>fundere</strong></span> <span class='ocrx_word' id='word_1_24' title='bbox 1040 618 1294 680; x_wconf 84' lang='lat' dir='ltr'><strong>volebat,</strong></span> <span class='ocrx_word' id='word_1_25' title='bbox 1343 616 1485 670; x_wconf 88' lang='lat' dir='ltr'><strong>mala</strong></span> <span class='ocrx_word' id='word_1_26' title='bbox 1518 615 1568 670; x_wconf 91' lang='lat' dir='ltr'><strong>ei</strong></span> <span class='ocrx_word' id='word_1_27' title='bbox 1610 628 1707 684; x_wconf 91' lang='lat' dir='ltr'><strong>pro</strong></span> <span class='ocrx_word' id='word_1_28' title='bbox 1743 613 1904 667; x_wconf 86' lang='lat' dir='ltr'><strong>bonis</strong></span> <span class='ocrx_word' id='word_1_29' title='bbox 1928 656 1941 675; x_wconf 94' lang='lat'><strong>,</strong></span> <span class='ocrx_word' id='word_1_30' title='bbox 1981 621 2039 665; x_wconf 90' lang='lat' dir='ltr'><strong>ut</strong></span> <span class='ocrx_word' id='word_1_31' title='bbox 2068 611 2338 679; x_wconf 81' lang='lat' dir='ltr'><strong>scriptum</strong></span> 
     </span>
    </p>
   </div>
   <div class='ocr_carea' id='block_1_7' title="bbox 765 700 2348 775">
    <p class='ocr_par' dir='ltr' id='par_1_7' title="bbox 765 700 2348 775">
     <span class='ocr_line' id='line_1_7' title="bbox 765 700 2348 775; baseline -0.007 -12"><span class='ocrx_word' id='word_1_32' title='bbox 765 718 853 765; x_wconf 80' lang='lat' dir='ltr'><strong>est</strong></span> <span class='ocrx_word' id='word_1_33' title='bbox 880 709 930 742; x_wconf 80' lang='grc'><strong>⁸⁸</strong></span> <span class='ocrx_word' id='word_1_34' title='bbox 958 748 975 772; x_wconf 89' lang='lat'><strong>,</strong></span> <span class='ocrx_word' id='word_1_35' title='bbox 1024 709 1417 762; x_wconf 84' lang='lat' dir='ltr'><strong>retribuentes.</strong></span> <span class='ocrx_word' id='word_1_36' title='bbox 1476 706 1773 775; x_wconf 80' lang='lat' dir='ltr'><strong>Postquam</strong></span> <span class='ocrx_word' id='word_1_37' title='bbox 1811 705 1982 773; x_wconf 80' lang='lat' dir='ltr'><strong>igitur</strong></span> <span class='ocrx_word' id='word_1_38' title='bbox 2030 703 2145 755; x_wconf 63' lang='lat' dir='ltr'><strong>hac</strong></span> <span class='ocrx_word' id='word_1_39' title='bbox 2178 700 2348 753; x_wconf 85' lang='lat' dir='ltr'><strong>abeo</strong></span> 
     </span>
    </p>
   </div>
   <div class='ocr_carea' id='block_1_8' title="bbox 768 794 2347 865">
    <p class='ocr_par' dir='ltr' id='par_1_8' title="bbox 768 794 2347 865">
     <span class='ocr_line' id='line_1_8' title="bbox 768 794 2347 865; baseline -0.008 -9"><span class='ocrx_word' id='word_1_40' title='bbox 768 804 909 856; x_wconf 88' lang='lat' dir='ltr'><strong>facta</strong></span> <span class='ocrx_word' id='word_1_41' title='bbox 942 810 1073 856; x_wconf 85' lang='lat' dir='ltr'><strong>sunt</strong></span> <span class='ocrx_word' id='word_1_42' title='bbox 1108 815 1174 855; x_wconf 87' lang='lat' dir='ltr'><strong>ac</strong></span> <span class='ocrx_word' id='word_1_43' title='bbox 1208 801 1375 865; x_wconf 88' lang='lat' dir='ltr'><strong>dicta,</strong></span> <span class='ocrx_word' id='word_1_44' title='bbox 1416 798 1651 855; x_wconf 82' lang='lat' dir='ltr'><strong>discedit</strong></span> <span class='ocrx_word' id='word_1_45' title='bbox 1687 795 2081 865; x_wconf 79' lang='lat' dir='ltr'><strong>Hierosolymis</strong></span> <span class='ocrx_word' id='word_1_46' title='bbox 2111 794 2256 847; x_wconf 88' lang='lat' dir='ltr'><strong>velut</strong></span> <span class='ocrx_word' id='word_1_47' title='bbox 2282 807 2347 845; x_wconf 76' lang='lat' dir='ltr'><strong>ex</strong></span> 
     </span>
    </p>
   </div>
   <div class='ocr_carea' id='block_1_9' title="bbox 766 888 2351 962">
    <p class='ocr_par' dir='ltr' id='par_1_9' title="bbox 766 888 2351 962">
     <span class='ocr_line' id='line_1_9' title="bbox 766 888 2351 962; baseline -0.01 -12"><span class='ocrx_word' id='word_1_48' title='bbox 766 894 1099 950; x_wconf 72' lang='lat' dir='ltr'><strong>necessitate</strong></span> <span class='ocrx_word' id='word_1_49' title='bbox 1126 893 1365 962; x_wconf 84' lang='lat' dir='ltr'><strong>quadam</strong></span> <span class='ocrx_word' id='word_1_50' title='bbox 1398 890 1663 945; x_wconf 89' lang='lat' dir='ltr'><strong>Dominus</strong></span> <span class='ocrx_word' id='word_1_51' title='bbox 1690 926 1706 952; x_wconf 95' lang='lat'><strong>,</strong></span> <span class='ocrx_word' id='word_1_52' title='bbox 1742 900 1976 955; x_wconf 89' lang='lat' dir='ltr'><strong>cumque</strong></span> <span class='ocrx_word' id='word_1_53' title='bbox 2006 898 2177 955; x_wconf 86' lang='lat' dir='ltr'><strong>prepe</strong></span> <span class='ocrx_word' id='word_1_54' title='bbox 2202 888 2351 937; x_wconf 85' lang='lat' dir='ltr'><strong>esset</strong></span> 
     </span>
    </p>
   </div>
   <div class='ocr_carea' id='block_1_10' title="bbox 764 974 2351 1050">
    <p class='ocr_par' dir='ltr' id='par_1_10' title="bbox 764 974 2351 1050">
     <span class='ocr_line' id='line_1_10' title="bbox 764 974 2351 1050; baseline -0.008 -11"><span class='ocrx_word' id='word_1_55' title='bbox 764 986 977 1041; x_wconf 81' lang='lat' dir='ltr'><strong>Pascha</strong></span> <span class='ocrx_word' id='word_1_56' title='bbox 1021 983 1367 1047; x_wconf 71' lang='lat' dir='ltr'><strong>Iudaeorum,</strong></span> <span class='ocrx_word' id='word_1_57' title='bbox 1414 988 1475 1035; x_wconf 90' lang='lat' dir='ltr'><strong>ut</strong></span> <span class='ocrx_word' id='word_1_58' title='bbox 1517 981 1571 1035; x_wconf 92' lang='lat' dir='ltr'><strong>in</strong></span> <span class='ocrx_word' id='word_1_59' title='bbox 1621 977 1983 1050; x_wconf 86' lang='lat' dir='ltr'><strong>sequentibus</strong></span> <span class='ocrx_word' id='word_1_60' title='bbox 2032 974 2195 1044; x_wconf 78' lang='lat' dir='ltr'><strong>paulo</strong></span> <span class='ocrx_word' id='word_1_61' title='bbox 2226 979 2351 1043; x_wconf 90' lang='lat' dir='ltr'><strong>post</strong></span> 
     </span>
    </p>
   </div>
   <div class='ocr_carea' id='block_1_11' title="bbox 766 1064 2351 1144">
    <p class='ocr_par' dir='ltr' id='par_1_11' title="bbox 766 1064 2351 1144">
     <span class='ocr_line' id='line_1_11' title="bbox 766 1064 2351 1144; baseline -0.006 -16"><span class='ocrx_word' id='word_1_62' title='bbox 766 1076 1109 1144; x_wconf 71' lang='lat' dir='ltr'><strong>reperiemus</strong></span> <span class='ocrx_word' id='word_1_63' title='bbox 1134 1116 1149 1140; x_wconf 91' lang='lat'><strong>,</strong></span> <span class='ocrx_word' id='word_1_64' title='bbox 1203 1076 1380 1143; x_wconf 88' lang='lat' dir='ltr'><strong>ipsum</strong></span> <span class='ocrx_word' id='word_1_65' title='bbox 1414 1088 1566 1128; x_wconf 89' lang='lat' dir='ltr'><strong>mare</strong></span> <span class='ocrx_word' id='word_1_66' title='bbox 1598 1069 1909 1126; x_wconf 84' lang='lat' dir='ltr'><strong>Tiberiadis</strong></span> <span class='ocrx_word' id='word_1_67' title='bbox 1951 1068 2196 1137; x_wconf 75' lang='lat' dir='ltr'><strong>trajecit,</strong></span> <span class='ocrx_word' id='word_1_68' title='bbox 2234 1064 2351 1120; x_wconf 81' lang='lat' dir='ltr'><strong>sive</strong></span> 
     </span>
    </p>
   </div>
   <div class='ocr_carea' id='block_1_12' title="bbox 769 1160 2347 1238">
    <p class='ocr_par' dir='ltr' id='par_1_12' title="bbox 769 1160 2347 1238">
     <span class='ocr_line' id='line_1_12' title="bbox 769 1160 2347 1238; baseline -0.006 -18"><span class='ocrx_word' id='word_1_69' title='bbox 769 1169 1022 1238; x_wconf 77' lang='lat' dir='ltr'><strong>paludem</strong></span> <span class='ocrx_word' id='word_1_70' title='bbox 1049 1170 1121 1221; x_wconf 91' lang='lat' dir='ltr'><strong>ita</strong></span> <span class='ocrx_word' id='word_1_71' title='bbox 1150 1168 1351 1220; x_wconf 81' lang='lat' dir='ltr'><strong>dictam</strong></span> <span class='ocrx_word' id='word_1_72' title='bbox 1379 1166 1433 1220; x_wconf 91' lang='lat' dir='ltr'><strong>in</strong></span> <span class='ocrx_word' id='word_1_73' title='bbox 1466 1166 1689 1235; x_wconf 79' lang='lat' dir='ltr'><strong>regione</strong></span> <span class='ocrx_word' id='word_1_74' title='bbox 1709 1163 2048 1217; x_wconf 67' lang='lat' dir='ltr'><strong>Judazorum.</strong></span> <span class='ocrx_word' id='word_1_75' title='bbox 2075 1160 2347 1225; x_wconf 86' lang='lat' dir='ltr'><strong>Quoniam</strong></span> 
     </span>
    </p>
   </div>
   <div class='ocr_carea' id='block_1_13' title="bbox 769 1249 2351 1327">
    <p class='ocr_par' dir='ltr' id='par_1_13' title="bbox 769 1249 2351 1327">
     <span class='ocr_line' id='line_1_13' title="bbox 769 1249 2351 1327; baseline -0.008 -14"><span class='ocrx_word' id='word_1_76' title='bbox 769 1275 899 1313; x_wconf 75' lang='lat' dir='ltr'><strong>vero</strong></span> <span class='ocrx_word' id='word_1_77' title='bbox 930 1274 1053 1313; x_wconf 77' lang='lat' dir='ltr'><strong>mox</strong></span> <span class='ocrx_word' id='word_1_78' title='bbox 1083 1258 1324 1313; x_wconf 80' lang='lat' dir='ltr'><strong>diximus</strong></span> <span class='ocrx_word' id='word_1_79' title='bbox 1352 1255 1613 1327; x_wconf 82' lang='lat' dir='ltr'><strong>quidnam</strong></span> <span class='ocrx_word' id='word_1_80' title='bbox 1644 1270 1768 1308; x_wconf 89' lang='lat' dir='ltr'><strong>eum</strong></span> <span class='ocrx_word' id='word_1_81' title='bbox 1802 1252 2151 1323; x_wconf 85' lang='lat' dir='ltr'><strong>potissimum</strong></span> <span class='ocrx_word' id='word_1_82' title='bbox 2181 1249 2351 1317; x_wconf 90' lang='lat' dir='ltr'><strong>impu-</strong></span> 
     </span>
    </p>
   </div>
   <div class='ocr_carea' id='block_1_14' title="bbox 770 1343 2350 1419">
    <p class='ocr_par' dir='ltr' id='par_1_14' title="bbox 770 1343 2350 1419">
     <span class='ocr_line' id='line_1_14' title="bbox 770 1343 2350 1419; baseline -0.007 -15"><span class='ocrx_word' id='word_1_83' title='bbox 770 1350 861 1416; x_wconf 90' lang='lat' dir='ltr'><strong>lit,</strong></span> <span class='ocrx_word' id='word_1_84' title='bbox 917 1359 973 1405; x_wconf 88' lang='lat' dir='ltr'><strong>et</strong></span> <span class='ocrx_word' id='word_1_85' title='bbox 1017 1349 1277 1406; x_wconf 84' lang='lat' dir='ltr'><strong>recedere</strong></span> <span class='ocrx_word' id='word_1_86' title='bbox 1308 1348 1489 1419; x_wconf 87' lang='lat' dir='ltr'><strong>coegit</strong></span> <span class='ocrx_word' id='word_1_87' title='bbox 1519 1347 1574 1401; x_wconf 88' lang='lat' dir='ltr'><strong>in</strong></span> <span class='ocrx_word' id='word_1_88' title='bbox 1603 1348 1709 1401; x_wconf 90' lang='lat' dir='ltr'><strong>alia</strong></span> <span class='ocrx_word' id='word_1_89' title='bbox 1741 1347 1858 1400; x_wconf 88' lang='lat' dir='ltr'><strong>loca</strong></span> <span class='ocrx_word' id='word_1_90' title='bbox 1884 1384 1901 1411; x_wconf 94' lang='lat'><strong>,</strong></span> <span class='ocrx_word' id='word_1_91' title='bbox 1954 1343 2120 1412; x_wconf 75' lang='lat' dir='ltr'><strong>27o</strong></span> <span class='ocrx_word' id='word_1_92' title='bbox 2174 1354 2350 1410; x_wconf 86' lang='lat' dir='ltr'><strong>eaque</strong></span> 
     </span>
    </p>
   </div>
   <div class='ocr_carea' id='block_1_15' title="bbox 770 1434 2348 1512">
    <p class='ocr_par' dir='ltr' id='par_1_15' title="bbox 770 1434 2348 1512">
     <span class='ocr_line' id='line_1_15' title="bbox 770 1434 2348 1512; baseline -0.006 -18"><span class='ocrx_word' id='word_1_93' title='bbox 770 1452 923 1497; x_wconf 89' lang='lat' dir='ltr'><strong>tanto</strong></span> <span class='ocrx_word' id='word_1_94' title='bbox 954 1443 1134 1512; x_wconf 88' lang='lat' dir='ltr'><strong>spatio</strong></span> <span class='ocrx_word' id='word_1_95' title='bbox 1170 1439 1572 1511; x_wconf 82' lang='lat' dir='ltr'><strong>Hierosolymis</strong></span> <span class='ocrx_word' id='word_1_96' title='bbox 1608 1436 1871 1492; x_wconf 84' lang='lat' dir='ltr'><strong>distantia</strong></span> <span class='ocrx_word' id='word_1_97' title='bbox 1893 1476 1909 1501; x_wconf 89' lang='lat'><strong>,</strong></span> <span class='ocrx_word' id='word_1_98' title='bbox 1952 1435 2085 1488; x_wconf 89' lang='lat' dir='ltr'><strong>illud</strong></span> <span class='ocrx_word' id='word_1_99' title='bbox 2116 1448 2239 1489; x_wconf 88' lang='lat' dir='ltr'><strong>esse</strong></span> <span class='ocrx_word' id='word_1_100' title='bbox 2270 1434 2348 1486; x_wconf 88' lang='lat' dir='ltr'><strong>ni-</strong></span> 
     </span>
    </p>
   </div>
   <div class='ocr_carea' id='block_1_16' title="bbox 770 1526 2351 1604">
    <p class='ocr_par' dir='ltr' id='par_1_16' title="bbox 770 1526 2351 1604">
     <span class='ocr_line' id='line_1_16' title="bbox 770 1526 2351 1604; baseline -0.008 -16"><span class='ocrx_word' id='word_1_101' title='bbox 770 1536 993 1597; x_wconf 88' lang='lat' dir='ltr'><strong>mirum,</strong></span> <span class='ocrx_word' id='word_1_102' title='bbox 1026 1534 1173 1604; x_wconf 89' lang='lat' dir='ltr'><strong>quod</strong></span> <span class='ocrx_word' id='word_1_103' title='bbox 1205 1548 1375 1603; x_wconf 80' lang='lat' dir='ltr'><strong>prepe</strong></span> <span class='ocrx_word' id='word_1_104' title='bbox 1405 1542 1551 1586; x_wconf 87' lang='lat' dir='ltr'><strong>esset</strong></span> <span class='ocrx_word' id='word_1_105' title='bbox 1572 1528 1783 1583; x_wconf 81' lang='lat' dir='ltr'><strong>Pascha</strong></span> <span class='ocrx_word' id='word_1_106' title='bbox 1804 1526 2140 1587; x_wconf 74' lang='lat' dir='ltr'><strong>Judznorum,</strong></span> <span class='ocrx_word' id='word_1_107' title='bbox 2166 1534 2351 1579; x_wconf 83' lang='lat' dir='ltr'><strong>osten-</strong></span> 
     </span>
    </p>
   </div>
   <div class='ocr_carea' id='block_1_17' title="bbox 768 1618 2351 1687">
    <p class='ocr_par' dir='ltr' id='par_1_17' title="bbox 768 1618 2351 1687">
     <span class='ocr_line' id='line_1_17' title="bbox 768 1618 2351 1687; baseline -0.005 -11"><span class='ocrx_word' id='word_1_108' title='bbox 768 1626 1006 1679; x_wconf 68' lang='lat' dir='ltr'><strong>«ten-lum</strong></span> <span class='ocrx_word' id='word_1_109' title='bbox 1054 1625 1299 1677; x_wconf 88' lang='lat' dir='ltr'><strong>arbitror</strong></span> <span class='ocrx_word' id='word_1_110' title='bbox 1340 1621 1528 1677; x_wconf 76' lang='lat' dir='ltr'><strong>Iesum</strong></span> <span class='ocrx_word' id='word_1_111' title='bbox 1574 1627 1729 1675; x_wconf 89' lang='lat' dir='ltr'><strong>recte</strong></span> <span class='ocrx_word' id='word_1_112' title='bbox 1770 1618 1961 1687; x_wconf 86' lang='lat' dir='ltr'><strong>utique</strong></span> <span class='ocrx_word' id='word_1_113' title='bbox 2008 1632 2075 1671; x_wconf 91' lang='lat' dir='ltr'><strong>eo</strong></span> <span class='ocrx_word' id='word_1_114' title='bbox 2106 1625 2351 1684; x_wconf 86' lang='lat' dir='ltr'><strong>tempore</strong></span> 
     </span>
    </p>
   </div>
   <div class='ocr_carea' id='block_1_18' title="bbox 773 1706 2348 1787">
    <p class='ocr_par' dir='ltr' id='par_1_18' title="bbox 773 1706 2348 1787">
     <span class='ocr_line' id='line_1_18' title="bbox 773 1706 2348 1787; baseline -0.007 -18"><span class='ocrx_word' id='word_1_115' title='bbox 773 1718 1169 1787; x_wconf 82' lang='lat' dir='ltr'><strong>Hierosolymis</strong></span> <span class='ocrx_word' id='word_1_116' title='bbox 1207 1714 1438 1785; x_wconf 84' lang='lat' dir='ltr'><strong>reperiri</strong></span> <span class='ocrx_word' id='word_1_117' title='bbox 1476 1712 1744 1767; x_wconf 88' lang='lat' dir='ltr'><strong>noluisse.</strong></span> <span class='ocrx_word' id='word_1_118' title='bbox 1789 1710 1959 1777; x_wconf 92' lang='lat' dir='ltr'><strong>Igitur</strong></span> <span class='ocrx_word' id='word_1_119' title='bbox 1986 1710 2071 1763; x_wconf 78' lang='lat' dir='ltr'><strong>lex</strong></span> <span class='ocrx_word' id='word_1_120' title='bbox 2108 1706 2348 1761; x_wconf 68' lang='lat' dir='ltr'><strong>ilosaica</strong></span> 
     </span>
    </p>
   </div>
   <div class='ocr_carea' id='block_1_19' title="bbox 767 1796 2345 1873">
    <p class='ocr_par' dir='ltr' id='par_1_19' title="bbox 767 1796 2345 1873">
     <span class='ocr_line' id='line_1_19' title="bbox 767 1796 2345 1873; baseline -0.009 -12"><span class='ocrx_word' id='word_1_121' title='bbox 767 1809 987 1864; x_wconf 71' lang='lat' dir='ltr'><strong>Judreos</strong></span> <span class='ocrx_word' id='word_1_122' title='bbox 1014 1824 1079 1862; x_wconf 82' lang='lat' dir='ltr'><strong>ex</strong></span> <span class='ocrx_word' id='word_1_123' title='bbox 1116 1808 1265 1861; x_wconf 90' lang='lat' dir='ltr'><strong>omni</strong></span> <span class='ocrx_word' id='word_1_124' title='bbox 1307 1808 1742 1873; x_wconf 84' lang='lat' dir='ltr'><strong>circumquaque</strong></span> <span class='ocrx_word' id='word_1_125' title='bbox 1774 1801 2001 1871; x_wconf 84' lang='lat' dir='ltr'><strong>regione</strong></span> <span class='ocrx_word' id='word_1_126' title='bbox 2033 1796 2345 1865; x_wconf 81' lang='lat' dir='ltr'><strong>Hierosoly-</strong></span> 
     </span>
    </p>
   </div>
   <div class='ocr_carea' id='block_1_20' title="bbox 770 1888 2350 1968">
    <p class='ocr_par' dir='ltr' id='par_1_20' title="bbox 770 1888 2350 1968">
     <span class='ocr_line' id='line_1_20' title="bbox 770 1888 2350 1968; baseline -0.007 -17"><span class='ocrx_word' id='word_1_127' title='bbox 770 1915 915 1953; x_wconf 88' lang='lat' dir='ltr'><strong>mam</strong></span> <span class='ocrx_word' id='word_1_128' title='bbox 963 1898 1239 1968; x_wconf 81' lang='lat' dir='ltr'><strong>proﬁcisci</strong></span> <span class='ocrx_word' id='word_1_129' title='bbox 1275 1896 1534 1965; x_wconf 86' lang='lat' dir='ltr'><strong>jubebat,</strong></span> <span class='ocrx_word' id='word_1_130' title='bbox 1576 1904 1638 1948; x_wconf 91' lang='lat' dir='ltr'><strong>ut</strong></span> <span class='ocrx_word' id='word_1_131' title='bbox 1673 1893 1751 1947; x_wconf 89' lang='lat' dir='ltr'><strong>ibi</strong></span> <span class='ocrx_word' id='word_1_132' title='bbox 1794 1894 2037 1963; x_wconf 89' lang='lat' dir='ltr'><strong>typicum</strong></span> <span class='ocrx_word' id='word_1_133' title='bbox 2075 1888 2350 1957; x_wconf 88' lang='lat' dir='ltr'><strong>Scenope-</strong></span> 
     </span>
    </p>
   </div>
   <div class='ocr_carea' id='block_1_21' title="bbox 769 1979 2352 2058">
    <p class='ocr_par' dir='ltr' id='par_1_21' title="bbox 769 1979 2352 2058">
     <span class='ocr_line' id='line_1_21' title="bbox 769 1979 2352 2058; baseline -0.005 -17"><span class='ocrx_word' id='word_1_134' title='bbox 769 1988 871 2058; x_wconf 69' lang='lat' dir='ltr'><strong>giae</strong></span> <span class='ocrx_word' id='word_1_135' title='bbox 922 1990 1118 2044; x_wconf 87' lang='lat' dir='ltr'><strong>festum</strong></span> <span class='ocrx_word' id='word_1_136' title='bbox 1164 1996 1513 2058; x_wconf 80' lang='lat' dir='ltr'><strong>peragerent.</strong></span> <span class='ocrx_word' id='word_1_137' title='bbox 1549 1986 1616 2039; x_wconf 87' lang='lat' dir='ltr'><strong>Et</strong></span> <span class='ocrx_word' id='word_1_138' title='bbox 1643 1984 1864 2055; x_wconf 88' lang='lat' dir='ltr'><strong>quidem</strong></span> <span class='ocrx_word' id='word_1_139' title='bbox 1905 1982 2034 2038; x_wconf 87' lang='lat' dir='ltr'><strong>hinc</strong></span> <span class='ocrx_word' id='word_1_140' title='bbox 2081 1979 2352 2051; x_wconf 87' lang='lat' dir='ltr'><strong>spiritalis</strong></span> 
     </span>
    </p>
   </div>
   <div class='ocr_carea' id='block_1_22' title="bbox 771 2070 2354 2147">
    <p class='ocr_par' dir='ltr' id='par_1_22' title="bbox 771 2070 2354 2147">
     <span class='ocr_line' id='line_1_22' title="bbox 771 2070 2354 2147; baseline -0.006 -14"><span class='ocrx_word' id='word_1_141' title='bbox 771 2080 933 2135; x_wconf 85' lang='lat' dir='ltr'><strong>homo</strong></span> <span class='ocrx_word' id='word_1_142' title='bbox 967 2088 1286 2134; x_wconf 88' lang='lat' dir='ltr'><strong>sanctorum</strong></span> <span class='ocrx_word' id='word_1_143' title='bbox 1316 2079 1568 2133; x_wconf 87' lang='lat' dir='ltr'><strong>omnium</strong></span> <span class='ocrx_word' id='word_1_144' title='bbox 1596 2074 2079 2147; x_wconf 82' lang='lat' dir='ltr'><strong>congregationem</strong></span> <span class='ocrx_word' id='word_1_145' title='bbox 2112 2073 2165 2125; x_wconf 90' lang='lat' dir='ltr'><strong>in</strong></span> <span class='ocrx_word' id='word_1_146' title='bbox 2196 2070 2354 2126; x_wconf 87' lang='lat' dir='ltr'><strong>Chri-</strong></span> 
     </span>
    </p>
   </div>
   <div class='ocr_carea' id='block_1_23' title="bbox 772 2162 2354 2241">
    <p class='ocr_par' dir='ltr' id='par_1_23' title="bbox 772 2162 2354 2241">
     <span class='ocr_line' id='line_1_23' title="bbox 772 2162 2354 2241; baseline -0.007 -15"><span class='ocrx_word' id='word_1_147' title='bbox 772 2180 918 2227; x_wconf 90' lang='lat' dir='ltr'><strong>stum</strong></span> <span class='ocrx_word' id='word_1_148' title='bbox 952 2171 1257 2241; x_wconf 87' lang='lat' dir='ltr'><strong>intelliget,</strong></span> <span class='ocrx_word' id='word_1_149' title='bbox 1294 2184 1421 2224; x_wconf 93' lang='lat' dir='ltr'><strong>cum</strong></span> <span class='ocrx_word' id='word_1_150' title='bbox 1472 2183 1540 2223; x_wconf 83' lang='lat' dir='ltr'><strong>ex</strong></span> <span class='ocrx_word' id='word_1_151' title='bbox 1588 2168 1849 2222; x_wconf 84' lang='lat' dir='ltr'><strong>universo</strong></span> <span class='ocrx_word' id='word_1_152' title='bbox 1900 2172 2173 2220; x_wconf 87' lang='lat' dir='ltr'><strong>terrarum</strong></span> <span class='ocrx_word' id='word_1_153' title='bbox 2218 2162 2354 2217; x_wconf 88' lang='lat' dir='ltr'><strong>orbe</strong></span> 
     </span>
    </p>
   </div>
   <div class='ocr_carea' id='block_1_24' title="bbox 774 2253 2353 2332">
    <p class='ocr_par' dir='ltr' id='par_1_24' title="bbox 774 2253 2353 2332">
     <span class='ocr_line' id='line_1_24' title="bbox 774 2253 2353 2332; baseline -0.008 -14"><span class='ocrx_word' id='word_1_154' title='bbox 774 2271 895 2332; x_wconf 87' lang='lat' dir='ltr'><strong>post</strong></span> <span class='ocrx_word' id='word_1_155' title='bbox 926 2274 1267 2316; x_wconf 89' lang='lat' dir='ltr'><strong>mortuorum</strong></span> <span class='ocrx_word' id='word_1_156' title='bbox 1308 2260 1768 2316; x_wconf 88' lang='lat' dir='ltr'><strong>resurrectionem</strong></span> <span class='ocrx_word' id='word_1_157' title='bbox 1799 2258 1854 2311; x_wconf 92' lang='lat' dir='ltr'><strong>in</strong></span> <span class='ocrx_word' id='word_1_158' title='bbox 1885 2269 2183 2326; x_wconf 89' lang='lat' dir='ltr'><strong>supernam</strong></span> <span class='ocrx_word' id='word_1_159' title='bbox 2215 2253 2353 2309; x_wconf 84' lang='lat' dir='ltr'><strong>civi-</strong></span> 
     </span>
    </p>
   </div>
   <div class='ocr_carea' id='block_1_25' title="bbox 773 2343 2352 2416">
    <p class='ocr_par' dir='ltr' id='par_1_25' title="bbox 773 2343 2352 2416">
     <span class='ocr_line' id='line_1_25' title="bbox 773 2343 2352 2416; baseline -0.007 -8"><span class='ocrx_word' id='word_1_160' title='bbox 773 2362 936 2409; x_wconf 88' lang='lat' dir='ltr'><strong>tatem</strong></span> <span class='ocrx_word' id='word_1_161' title='bbox 973 2353 1341 2416; x_wconf 86' lang='lat' dir='ltr'><strong>convenient,</strong></span> <span class='ocrx_word' id='word_1_162' title='bbox 1387 2350 1539 2405; x_wconf 84' lang='lat' dir='ltr'><strong>illam</strong></span> <span class='ocrx_word' id='word_1_163' title='bbox 1570 2350 1853 2403; x_wconf 77' lang='lat' dir='ltr'><strong>cmlestem</strong></span> <span class='ocrx_word' id='word_1_164' title='bbox 1896 2346 2243 2408; x_wconf 81' lang='lat' dir='ltr'><strong>Jerusalem,</strong></span> <span class='ocrx_word' id='word_1_165' title='bbox 2280 2343 2352 2399; x_wconf 90' lang='lat' dir='ltr'><strong>ibi</strong></span> 
     </span>
    </p>
   </div>
   <div class='ocr_carea' id='block_1_26' title="bbox 772 2435 2354 2514">
    <p class='ocr_par' dir='ltr' id='par_1_26' title="bbox 772 2435 2354 2514">
     <span class='ocr_line' id='line_1_26' title="bbox 772 2435 2354 2514; baseline -0.007 -17"><span class='ocrx_word' id='word_1_166' title='bbox 772 2443 980 2514; x_wconf 83' lang='lat' dir='ltr'><strong>gratias</strong></span> <span class='ocrx_word' id='word_1_167' title='bbox 1016 2442 1196 2498; x_wconf 88' lang='lat' dir='ltr'><strong>acturi</strong></span> <span class='ocrx_word' id='word_1_168' title='bbox 1225 2458 1368 2498; x_wconf 74' lang='lat' dir='ltr'><strong>vera:</strong></span> <span class='ocrx_word' id='word_1_169' title='bbox 1401 2440 1754 2511; x_wconf 68' lang='lat' dir='ltr'><strong>Scenopc-gize</strong></span> <span class='ocrx_word' id='word_1_170' title='bbox 1784 2480 1798 2505; x_wconf 91' lang='lat'><strong>,</strong></span> <span class='ocrx_word' id='word_1_171' title='bbox 1842 2440 1947 2493; x_wconf 77' lang='lat' dir='ltr'><strong>bne</strong></span> <span class='ocrx_word' id='word_1_172' title='bbox 1976 2447 2062 2493; x_wconf 88' lang='lat' dir='ltr'><strong>est</strong></span> <span class='ocrx_word' id='word_1_173' title='bbox 2096 2435 2354 2507; x_wconf 88' lang='lat' dir='ltr'><strong>perenni-</strong></span> 
     </span>
    </p>
   </div>
   <div class='ocr_carea' id='block_1_27' title="bbox 774 2529 2353 2605">
    <p class='ocr_par' dir='ltr' id='par_1_27' title="bbox 774 2529 2353 2605">
     <span class='ocr_line' id='line_1_27' title="bbox 774 2529 2353 2605; baseline -0.005 -17"><span class='ocrx_word' id='word_1_174' title='bbox 774 2537 905 2591; x_wconf 89' lang='lat' dir='ltr'><strong>tatis</strong></span> <span class='ocrx_word' id='word_1_175' title='bbox 975 2549 1272 2605; x_wconf 85' lang='lat' dir='ltr'><strong>corporum</strong></span> <span class='ocrx_word' id='word_1_176' title='bbox 1300 2571 1315 2598; x_wconf 86' lang='lat'><strong>,</strong></span> <span class='ocrx_word' id='word_1_177' title='bbox 1362 2533 1543 2588; x_wconf 86' lang='lat' dir='ltr'><strong>soluta</strong></span> <span class='ocrx_word' id='word_1_178' title='bbox 1589 2532 1942 2600; x_wconf 85' lang='lat' dir='ltr'><strong>corruptione</strong></span> <span class='ocrx_word' id='word_1_179' title='bbox 1990 2529 2241 2583; x_wconf 83' lang='lat' dir='ltr'><strong>videlicet</strong></span> <span class='ocrx_word' id='word_1_180' title='bbox 2298 2532 2353 2581; x_wconf 93' lang='lat' dir='ltr'><strong>et</strong></span> 
     </span>
    </p>
   </div>
   <div class='ocr_carea' id='block_1_28' title="bbox 774 2621 2352 2696">
    <p class='ocr_par' dir='ltr' id='par_1_28' title="bbox 774 2621 2352 2696">
     <span class='ocr_line' id='line_1_28' title="bbox 774 2621 2352 2696; baseline -0.006 -16"><span class='ocrx_word' id='word_1_181' title='bbox 774 2636 956 2685; x_wconf 87' lang='lat' dir='ltr'><strong>morte</strong></span> <span class='ocrx_word' id='word_1_182' title='bbox 1006 2628 1060 2683; x_wconf 89' lang='lat' dir='ltr'><strong>in</strong></span> <span class='ocrx_word' id='word_1_183' title='bbox 1112 2638 1343 2683; x_wconf 89' lang='lat' dir='ltr'><strong>mortem</strong></span> <span class='ocrx_word' id='word_1_184' title='bbox 1396 2627 1569 2696; x_wconf 85' lang='lat' dir='ltr'><strong>lapsa.</strong></span> <span class='ocrx_word' id='word_1_185' title='bbox 1626 2623 1783 2690; x_wconf 85' lang='lat' dir='ltr'><strong>Quod</strong></span> <span class='ocrx_word' id='word_1_186' title='bbox 1835 2623 1882 2679; x_wconf 83' lang='lat' dir='ltr'><strong>si</strong></span> <span class='ocrx_word' id='word_1_187' title='bbox 1938 2622 2017 2677; x_wconf 86' lang='lat' dir='ltr'><strong>rei</strong></span> <span class='ocrx_word' id='word_1_188' title='bbox 2066 2621 2352 2675; x_wconf 85' lang='lat' dir='ltr'><strong>veritatem</strong></span> 
     </span>
    </p>
   </div>
   <div class='ocr_carea' id='block_1_29' title="bbox 775 2710 2356 2789">
    <p class='ocr_par' dir='ltr' id='par_1_29' title="bbox 775 2710 2356 2789">
     <span class='ocr_line' id='line_1_29' title="bbox 775 2710 2356 2789; baseline -0.008 -14"><span class='ocrx_word' id='word_1_189' title='bbox 775 2721 1092 2775; x_wconf 76' lang='lat' dir='ltr'><strong>bistoriram</strong></span> <span class='ocrx_word' id='word_1_190' title='bbox 1120 2728 1457 2789; x_wconf 86' lang='lat' dir='ltr'><strong>spectemus,</strong></span> <span class='ocrx_word' id='word_1_191' title='bbox 1488 2725 1701 2771; x_wconf 86' lang='lat' dir='ltr'><strong>certum</strong></span> <span class='ocrx_word' id='word_1_192' title='bbox 1727 2724 1812 2769; x_wconf 82' lang='lat' dir='ltr'><strong>est</strong></span> <span class='ocrx_word' id='word_1_193' title='bbox 1841 2715 2185 2767; x_wconf 91' lang='lat' dir='ltr'><strong>innumeram</strong></span> <span class='ocrx_word' id='word_1_194' title='bbox 2216 2710 2356 2763; x_wconf 89' lang='lat' dir='ltr'><strong>mul—</strong></span> 
     </span>
    </p>
   </div>
   <div class='ocr_carea' id='block_1_30' title="bbox 775 2803 2356 2871">
    <p class='ocr_par' dir='ltr' id='par_1_30' title="bbox 775 2803 2356 2871">
     <span class='ocr_line' id='line_1_30' title="bbox 775 2803 2356 2871; baseline -0.009 -3"><span class='ocrx_word' id='word_1_195' title='bbox 775 2814 1063 2868; x_wconf 90' lang='lat' dir='ltr'><strong>titudinem</strong></span> <span class='ocrx_word' id='word_1_196' title='bbox 1108 2812 1404 2867; x_wconf 87' lang='lat' dir='ltr'><strong>ascendere</strong></span> <span class='ocrx_word' id='word_1_197' title='bbox 1439 2811 1659 2866; x_wconf 88' lang='lat' dir='ltr'><strong>solitam</strong></span> <span class='ocrx_word' id='word_1_198' title='bbox 1689 2808 2031 2868; x_wconf 85' lang='lat' dir='ltr'><strong>Jerusalem,</strong></span> <span class='ocrx_word' id='word_1_199' title='bbox 2072 2813 2126 2859; x_wconf 90' lang='lat' dir='ltr'><strong>et</strong></span> <span class='ocrx_word' id='word_1_200' title='bbox 2157 2803 2356 2871; x_wconf 82' lang='lat' dir='ltr'><strong>proba-</strong></span> 
     </span>
    </p>
   </div>
   <div class='ocr_carea' id='block_1_31' title="bbox 775 2896 2361 2969">
    <p class='ocr_par' dir='ltr' id='par_1_31' title="bbox 775 2896 2361 2969">
     <span class='ocr_line' id='line_1_31' title="bbox 775 2896 2361 2969; baseline -0.008 -10"><span class='ocrx_word' id='word_1_201' title='bbox 775 2905 883 2960; x_wconf 82' lang='lat' dir='ltr'><strong>bile</strong></span> <span class='ocrx_word' id='word_1_202' title='bbox 906 2911 993 2960; x_wconf 87' lang='lat' dir='ltr'><strong>est</strong></span> <span class='ocrx_word' id='word_1_203' title='bbox 1020 2902 1328 2959; x_wconf 66' lang='lat' dir='ltr'><strong>Pliarisaeos</strong></span> <span class='ocrx_word' id='word_1_204' title='bbox 1359 2918 1427 2958; x_wconf 91' lang='lat' dir='ltr'><strong>eo</strong></span> <span class='ocrx_word' id='word_1_205' title='bbox 1465 2902 1701 2956; x_wconf 80' lang='lat' dir='ltr'><strong>maxime</strong></span> <span class='ocrx_word' id='word_1_206' title='bbox 1734 2910 1981 2969; x_wconf 88' lang='lat' dir='ltr'><strong>tempore</strong></span> <span class='ocrx_word' id='word_1_207' title='bbox 2008 2896 2150 2966; x_wconf 91' lang='lat' dir='ltr'><strong>apud</strong></span> <span class='ocrx_word' id='word_1_208' title='bbox 2179 2898 2361 2966; x_wconf 62' lang='lat' dir='ltr'><strong>popu-‘</strong></span> 
     </span>
    </p>
   </div>
   <div class='ocr_carea' id='block_1_32' title="bbox 775 2988 2357 3061">
    <p class='ocr_par' dir='ltr' id='par_1_32' title="bbox 775 2988 2357 3061">
     <span class='ocr_line' id='line_1_32' title="bbox 775 2988 2357 3061; baseline -0.006 -12"><span class='ocrx_word' id='word_1_209' title='bbox 775 2997 884 3050; x_wconf 87' lang='lat' dir='ltr'><strong>lum</strong></span> <span class='ocrx_word' id='word_1_210' title='bbox 914 2996 1188 3059; x_wconf 80' lang='lat' dir='ltr'><strong>valuisse,</strong></span> <span class='ocrx_word' id='word_1_211' title='bbox 1232 2994 1558 3050; x_wconf 85' lang='lat' dir='ltr'><strong>simulantes</strong></span> <span class='ocrx_word' id='word_1_212' title='bbox 1606 3008 1666 3049; x_wconf 86' lang='lat' dir='ltr'><strong>se</strong></span> <span class='ocrx_word' id='word_1_213' title='bbox 1713 2993 1884 3061; x_wconf 85' lang='lat' dir='ltr'><strong>legem</strong></span> <span class='ocrx_word' id='word_1_214' title='bbox 1926 2988 2257 3050; x_wconf 84' lang='lat' dir='ltr'><strong>defendere,</strong></span> <span class='ocrx_word' id='word_1_215' title='bbox 2300 2994 2357 3041; x_wconf 89' lang='lat' dir='ltr'><strong>et</strong></span> 
     </span>
    </p>
   </div>
   <div class='ocr_carea' id='block_1_33' title="bbox 773 3080 2357 3142">
    <p class='ocr_par' dir='ltr' id='par_1_33' title="bbox 773 3080 2357 3142">
     <span class='ocr_line' id='line_1_33' title="bbox 773 3080 2357 3142; baseline -0.006 -2"><span class='ocrx_word' id='word_1_216' title='bbox 773 3102 961 3142; x_wconf 83' lang='lat' dir='ltr'><strong>coram</strong></span> <span class='ocrx_word' id='word_1_217' title='bbox 995 3094 1149 3140; x_wconf 87' lang='lat' dir='ltr'><strong>tanta</strong></span> <span class='ocrx_word' id='word_1_218' title='bbox 1193 3084 1549 3139; x_wconf 86' lang='lat' dir='ltr'><strong>multitudine</strong></span> <span class='ocrx_word' id='word_1_219' title='bbox 1593 3084 1857 3138; x_wconf 84' lang='lat' dir='ltr'><strong>adversus</strong></span> <span class='ocrx_word' id='word_1_220' title='bbox 1887 3096 2012 3136; x_wconf 89' lang='lat' dir='ltr'><strong>eum</strong></span> <span class='ocrx_word' id='word_1_221' title='bbox 2042 3080 2357 3135; x_wconf 63' lang='lat' dir='ltr'><strong>declamano</strong></span> 
     </span>
    </p>
   </div>
   <div class='ocr_carea' id='block_1_34' title="bbox 2458 612 4046 686">
    <p class='ocr_par' dir='ltr' id='par_1_34' title="bbox 2458 612 4046 686">
     <span class='ocr_line' id='line_1_34' title="bbox 2458 612 4046 686; baseline 0.004 -21"><span class='ocrx_word' id='word_1_222' title='bbox 2458 612 2627 684; x_wconf 82' lang='grc' dir='ltr'>ἀργία</span> <span class='ocrx_word' id='word_1_223' title='bbox 2676 614 3079 685; x_wconf 82' lang='grc' dir='ltr'>νενομοθέτητο,</span> <span class='ocrx_word' id='word_1_224' title='bbox 3121 616 3214 668; x_wconf 74' lang='grc' dir='ltr'>καὶ</span> <span class='ocrx_word' id='word_1_225' title='bbox 3253 616 3336 668; x_wconf 87' lang='grc' dir='ltr'><strong>δτι</strong></span> <span class='ocrx_word' id='word_1_226' title='bbox 3386 615 3573 686; x_wconf 83' lang='grc' dir='ltr'>κύριός</span> <span class='ocrx_word' id='word_1_227' title='bbox 3616 618 3733 670; x_wconf 75' lang='grc' dir='ltr'>ἐστι</span> <span class='ocrx_word' id='word_1_228' title='bbox 3768 618 3865 670; x_wconf 87' lang='grc' dir='ltr'><strong>τοῦ</strong></span> <span class='ocrx_word' id='word_1_229' title='bbox 3901 620 4046 673; x_wconf 80' lang='grc' dir='ltr'>Σαδ-</span> 
     </span>
    </p>
   </div>
   <div class='ocr_carea' id='block_1_35' title="bbox 2452 702 4047 779">
    <p class='ocr_par' dir='ltr' id='par_1_35' title="bbox 2452 702 4047 779">
     <span class='ocr_line' id='line_1_35' title="bbox 2452 702 4047 779; baseline 0.004 -25"><span class='ocrx_word' id='word_1_230' title='bbox 2452 702 2616 757; x_wconf 86' lang='grc' dir='ltr'>6άτου</span> <span class='ocrx_word' id='word_1_231' title='bbox 2642 706 2671 757; x_wconf 86' lang='grc' dir='ltr'>ὁ</span> <span class='ocrx_word' id='word_1_232' title='bbox 2699 705 2827 768; x_wconf 81' lang='grc' dir='ltr'><strong>Υἱὸς</strong></span> <span class='ocrx_word' id='word_1_233' title='bbox 2858 705 2951 759; x_wconf 92' lang='grc' dir='ltr'><strong>τοῦ</strong></span> <span class='ocrx_word' id='word_1_234' title='bbox 2996 706 3315 777; x_wconf 80' lang='grc' dir='ltr'>ἀνθρώπου·</span> <span class='ocrx_word' id='word_1_235' title='bbox 3352 707 3469 759; x_wconf 85' lang='grc' dir='ltr'>ἀλλ’</span> <span class='ocrx_word' id='word_1_236' title='bbox 3494 710 3541 759; x_wconf 79' lang='grc' dir='ltr'>οἱ</span> <span class='ocrx_word' id='word_1_237' title='bbox 3577 708 3713 778; x_wconf 82' lang='grc' dir='ltr'>πρὸς</span> <span class='ocrx_word' id='word_1_238' title='bbox 3748 709 3914 779; x_wconf 76' lang='grc' dir='ltr'>μηδὲν</span> <span class='ocrx_word' id='word_1_239' title='bbox 3945 710 4047 779; x_wconf 84' lang='grc' dir='ltr'>μὲν</span> 
     </span>
    </p>
   </div>
   <div class='ocr_carea' id='block_1_36' title="bbox 2452 792 4047 869">
    <p class='ocr_par' dir='ltr' id='par_1_36' title="bbox 2452 792 4047 869">
     <span class='ocr_line' id='line_1_36' title="bbox 2452 792 4047 869; baseline 0.004 -24"><span class='ocrx_word' id='word_1_240' title='bbox 2452 792 2562 845; x_wconf 87' lang='grc' dir='ltr'><strong>τῶν</strong></span> <span class='ocrx_word' id='word_1_241' title='bbox 2604 795 2827 861; x_wconf 83' lang='grc' dir='ltr'><strong>ἀγαθῶν</strong></span> <span class='ocrx_word' id='word_1_242' title='bbox 2856 796 3167 865; x_wconf 78' lang='grc' dir='ltr'>ἐπιτήδειοι,</span> <span class='ocrx_word' id='word_1_243' title='bbox 3200 794 3336 866; x_wconf 83' lang='grc' dir='ltr'>πρὸς</span> <span class='ocrx_word' id='word_1_244' title='bbox 3374 797 3431 850; x_wconf 85' lang='grc' dir='ltr'>δὲ</span> <span class='ocrx_word' id='word_1_245' title='bbox 3473 797 3655 861; x_wconf 89' lang='grc' dir='ltr'>πάσας</span> <span class='ocrx_word' id='word_1_246' title='bbox 3702 799 4047 869; x_wconf 79' lang='grc' dir='ltr'>ἑτοιμότατοι</span> 
     </span>
    </p>
   </div>
   <div class='ocr_carea' id='block_1_37' title="bbox 2449 882 4047 959">
    <p class='ocr_par' dir='ltr' id='par_1_37' title="bbox 2449 882 4047 959">
     <span class='ocr_line' id='line_1_37' title="bbox 2449 882 4047 959; baseline 0.005 -24"><span class='ocrx_word' id='word_1_247' title='bbox 2449 882 2777 955; x_wconf 89' lang='grc' dir='ltr'>δυστροπίας</span> <span class='ocrx_word' id='word_1_248' title='bbox 2822 888 3313 951; x_wconf 79' lang='grc' dir='ltr'>καταστασιάζουσι</span> <span class='ocrx_word' id='word_1_249' title='bbox 3361 887 3459 941; x_wconf 86' lang='grc' dir='ltr'><strong>τοῦ</strong></span> <span class='ocrx_word' id='word_1_250' title='bbox 3508 888 3849 951; x_wconf 82' lang='grc' dir='ltr'><strong>διδάσκοντος</strong></span> <span class='ocrx_word' id='word_1_251' title='bbox 3896 892 4047 959; x_wconf 78' lang='grc' dir='ltr'>άπερ</span> 
     </span>
    </p>
   </div>
   <div class='ocr_carea' id='block_1_38' title="bbox 2451 974 4048 1051">
    <p class='ocr_par' dir='ltr' id='par_1_38' title="bbox 2451 974 4048 1051">
     <span class='ocr_line' id='line_1_38' title="bbox 2451 974 4048 1051; baseline 0.004 -24"><span class='ocrx_word' id='word_1_252' title='bbox 2451 974 2558 1027; x_wconf 74' lang='grc' dir='ltr'>ἔδει</span> <span class='ocrx_word' id='word_1_253' title='bbox 2592 976 2803 1047; x_wconf 81' lang='grc' dir='ltr'><strong>μαθεῖν,</strong></span> <span class='ocrx_word' id='word_1_254' title='bbox 2847 978 2942 1031; x_wconf 80' lang='grc' dir='ltr'>καὶ</span> <span class='ocrx_word' id='word_1_255' title='bbox 2966 978 3199 1047; x_wconf 81' lang='grc' dir='ltr'>φονῶσιν</span> <span class='ocrx_word' id='word_1_256' title='bbox 3237 979 3337 1051; x_wconf 73' lang='grc' dir='ltr'>ήδη</span> <span class='ocrx_word' id='word_1_257' title='bbox 3381 980 3525 1032; x_wconf 84' lang='grc' dir='ltr'><strong>κατά</strong></span> <span class='ocrx_word' id='word_1_258' title='bbox 3560 978 3655 1033; x_wconf 92' lang='grc' dir='ltr'><strong>τοῦ</strong></span> <span class='ocrx_word' id='word_1_259' title='bbox 3691 980 3891 1050; x_wconf 82' lang='grc' dir='ltr'>σοφοῦν</span> <span class='ocrx_word' id='word_1_260' title='bbox 3922 980 4048 1033; x_wconf 76' lang='grc' dir='ltr'>ἑθέ-</span> 
     </span>
    </p>
   </div>
   <div class='ocr_carea' id='block_1_39' title="bbox 2450 1064 4046 1140">
    <p class='ocr_par' dir='ltr' id='par_1_39' title="bbox 2450 1064 4046 1140">
     <span class='ocr_line' id='line_1_39' title="bbox 2450 1064 4046 1140; baseline 0.003 -22"><span class='ocrx_word' id='word_1_261' title='bbox 2450 1064 2654 1131; x_wconf 86' lang='grc' dir='ltr'>λοντος,</span> <span class='ocrx_word' id='word_1_262' title='bbox 2684 1068 2913 1139; x_wconf 83' lang='grc' dir='ltr'>πονηρά,</span> <span class='ocrx_word' id='word_1_263' title='bbox 2936 1070 3078 1123; x_wconf 86' lang='grc' dir='ltr'><strong>κατά</strong></span> <span class='ocrx_word' id='word_1_264' title='bbox 3108 1069 3169 1122; x_wconf 85' lang='grc' dir='ltr'><strong>τὺ</strong></span> <span class='ocrx_word' id='word_1_265' title='bbox 3209 1070 3617 1140; x_wconf 83' lang='grc' dir='ltr'><strong>γεγραμμένον,</strong></span> <span class='ocrx_word' id='word_1_266' title='bbox 3654 1072 3775 1124; x_wconf 80' lang='grc' dir='ltr'>ἀντὶ</span> <span class='ocrx_word' id='word_1_267' title='bbox 3814 1070 4046 1138; x_wconf 79' lang='grc' dir='ltr'>ἀγαθῶν</span> 
     </span>
    </p>
   </div>
   <div class='ocr_carea' id='block_1_40' title="bbox 2450 1158 4047 1232">
    <p class='ocr_par' dir='ltr' id='par_1_40' title="bbox 2450 1158 4047 1232">
     <span class='ocr_line' id='line_1_40' title="bbox 2450 1158 4047 1232; baseline 0.002 -21"><span class='ocrx_word' id='word_1_268' title='bbox 2450 1158 2792 1223; x_wconf 76' lang='grc' dir='ltr'><strong>ἀποδιδόντες</strong></span> <span class='ocrx_word' id='word_1_269' title='bbox 2838 1160 3009 1232; x_wconf 82' lang='grc' dir='ltr'>αὑτῷ.</span> <span class='ocrx_word' id='word_1_270' title='bbox 3042 1161 3196 1215; x_wconf 84' lang='grc' dir='ltr'>Μετά</span> <span class='ocrx_word' id='word_1_271' title='bbox 3240 1161 3422 1215; x_wconf 81' lang='grc' dir='ltr'>τοίνυν</span> <span class='ocrx_word' id='word_1_272' title='bbox 3449 1161 3624 1215; x_wconf 88' lang='grc' dir='ltr'>ταῦτα</span> <span class='ocrx_word' id='word_1_273' title='bbox 3671 1162 3740 1215; x_wconf 85' lang='grc' dir='ltr'><strong>τά</strong></span> <span class='ocrx_word' id='word_1_274' title='bbox 3788 1180 4047 1232; x_wconf 84' lang='grc' dir='ltr'>πεπραγ-</span> 
     </span>
    </p>
   </div>
   <div class='ocr_carea' id='block_1_41' title="bbox 2456 1251 4045 1325">
    <p class='ocr_par' dir='ltr' id='par_1_41' title="bbox 2456 1251 4045 1325">
     <span class='ocr_line' id='line_1_41' title="bbox 2456 1251 4045 1325; baseline 0.003 -22"><span class='ocrx_word' id='word_1_275' title='bbox 2456 1251 2591 1320; x_wconf 91' lang='grc' dir='ltr'>μένα</span> <span class='ocrx_word' id='word_1_276' title='bbox 2622 1269 2682 1304; x_wconf 90' lang='grc' dir='ltr'><strong>τε</strong></span> <span class='ocrx_word' id='word_1_277' title='bbox 2734 1253 2829 1306; x_wconf 73' lang='grc' dir='ltr'>καὶ</span> <span class='ocrx_word' id='word_1_278' title='bbox 2874 1253 3144 1324; x_wconf 75' lang='grc' dir='ltr'><strong>εἰρημένα</strong></span> <span class='ocrx_word' id='word_1_279' title='bbox 3190 1255 3554 1309; x_wconf 84' lang='grc' dir='ltr'>ἀπανίσταται</span> <span class='ocrx_word' id='word_1_280' title='bbox 3585 1255 3695 1308; x_wconf 90' lang='grc' dir='ltr'><strong>τῶν</strong></span> <span class='ocrx_word' id='word_1_281' title='bbox 3745 1255 4045 1325; x_wconf 84' lang='grc' dir='ltr'>Ἱεροσολύ-</span> 
     </span>
    </p>
   </div>
   <div class='ocr_carea' id='block_1_42' title="bbox 2456 1340 4044 1415">
    <p class='ocr_par' dir='ltr' id='par_1_42' title="bbox 2456 1340 4044 1415">
     <span class='ocr_line' id='line_1_42' title="bbox 2456 1340 4044 1415; baseline 0.005 -25"><span class='ocrx_word' id='word_1_282' title='bbox 2456 1356 2572 1408; x_wconf 93' lang='grc' dir='ltr'><strong>μων</strong></span> <span class='ocrx_word' id='word_1_283' title='bbox 2596 1340 2668 1403; x_wconf 84' lang='grc' dir='ltr'>ὡς</span> <span class='ocrx_word' id='word_1_284' title='bbox 2698 1340 2756 1405; x_wconf 77' lang='grc' dir='ltr'>ἐξ</span> <span class='ocrx_word' id='word_1_285' title='bbox 2784 1342 3030 1410; x_wconf 78' lang='grc' dir='ltr'>ἀνάγκης</span> <span class='ocrx_word' id='word_1_286' title='bbox 3054 1344 3083 1396; x_wconf 97' lang='lat'><strong>6</strong></span> <span class='ocrx_word' id='word_1_287' title='bbox 3108 1343 3332 1415; x_wconf 83' lang='grc' dir='ltr'>Κύριος,</span> <span class='ocrx_word' id='word_1_288' title='bbox 3364 1346 3459 1398; x_wconf 74' lang='grc' dir='ltr'>καὶ</span> <span class='ocrx_word' id='word_1_289' title='bbox 3503 1344 3735 1415; x_wconf 76' lang='grc' dir='ltr'>ἐπείπερ</span> <span class='ocrx_word' id='word_1_290' title='bbox 3762 1340 3830 1415; x_wconf 77' lang='grc' dir='ltr'>ἦν</span> <span class='ocrx_word' id='word_1_291' title='bbox 3868 1347 4044 1411; x_wconf 77' lang='grc' dir='ltr'>ἐγγὺς</span> 
     </span>
    </p>
   </div>
   <div class='ocr_carea' id='block_1_43' title="bbox 2452 1431 4043 1504">
    <p class='ocr_par' dir='ltr' id='par_1_43' title="bbox 2452 1431 4043 1504">
     <span class='ocr_line' id='line_1_43' title="bbox 2452 1431 4043 1504; baseline 0.002 -21"><span class='ocrx_word' id='word_1_292' title='bbox 2452 1431 2512 1483; x_wconf 76' lang='grc' dir='ltr'>τὸ</span> <span class='ocrx_word' id='word_1_293' title='bbox 2543 1433 2734 1503; x_wconf 77' lang='grc' dir='ltr'>Πάσχα</span> <span class='ocrx_word' id='word_1_294' title='bbox 2769 1434 2877 1486; x_wconf 86' lang='grc' dir='ltr'><strong>τῶν</strong></span> <span class='ocrx_word' id='word_1_295' title='bbox 2921 1433 3210 1499; x_wconf 83' lang='grc' dir='ltr'><strong>Ἰουδαίων⁹</strong></span> <span class='ocrx_word' id='word_1_296' title='bbox 3241 1435 3316 1499; x_wconf 80' lang='grc' dir='ltr'><strong>ὡς</strong></span> <span class='ocrx_word' id='word_1_297' title='bbox 3360 1435 3540 1504; x_wconf 79' lang='grc' dir='ltr'>ὀλίγον</span> <span class='ocrx_word' id='word_1_298' title='bbox 3580 1437 3639 1489; x_wconf 81' lang='grc' dir='ltr'>ἐν</span> <span class='ocrx_word' id='word_1_299' title='bbox 3682 1439 3793 1498; x_wconf 80' lang='grc' dir='ltr'>τοῖς</span> <span class='ocrx_word' id='word_1_300' title='bbox 3841 1436 4043 1504; x_wconf 72' lang='grc' dir='ltr'>ἑφεξῆς</span> 
     </span>
    </p>
   </div>
   <div class='ocr_carea' id='block_1_44' title="bbox 2454 1521 4039 1597">
    <p class='ocr_par' dir='ltr' id='par_1_44' title="bbox 2454 1521 4039 1597">
     <span class='ocr_line' id='line_1_44' title="bbox 2454 1521 4039 1597; baseline 0.005 -26"><span class='ocrx_word' id='word_1_301' title='bbox 2454 1521 2776 1591; x_wconf 79' lang='grc' dir='ltr'>εὑρήσομεν,</span> <span class='ocrx_word' id='word_1_302' title='bbox 2803 1523 2897 1576; x_wconf 76' lang='grc' dir='ltr'>καὶ</span> <span class='ocrx_word' id='word_1_303' title='bbox 2937 1523 3106 1595; x_wconf 80' lang='grc' dir='ltr'>αὐτὴν</span> <span class='ocrx_word' id='word_1_304' title='bbox 3135 1525 3416 1579; x_wconf 79' lang='grc' dir='ltr'>διέπλευσε</span> <span class='ocrx_word' id='word_1_305' title='bbox 3457 1527 3555 1597; x_wconf 83' lang='grc' dir='ltr'><strong>τὴν</strong></span> <span class='ocrx_word' id='word_1_306' title='bbox 3589 1527 3906 1596; x_wconf 77' lang='grc' dir='ltr'>Τιϐεριάδος</span> <span class='ocrx_word' id='word_1_307' title='bbox 3939 1527 4039 1578; x_wconf 84' lang='grc' dir='ltr'>θά-</span> 
     </span>
    </p>
   </div>
   <div class='ocr_carea' id='block_1_45' title="bbox 2453 1610 4042 1688">
    <p class='ocr_par' dir='ltr' id='par_1_45' title="bbox 2453 1610 4042 1688">
     <span class='ocr_line' id='line_1_45' title="bbox 2453 1610 4042 1688; baseline 0.004 -25"><span class='ocrx_word' id='word_1_308' title='bbox 2453 1610 2678 1675; x_wconf 87' lang='grc' dir='ltr'>λασσαν,</span> <span class='ocrx_word' id='word_1_309' title='bbox 2706 1614 2825 1683; x_wconf 74' lang='grc' dir='ltr'>ἦτοι</span> <span class='ocrx_word' id='word_1_310' title='bbox 2875 1615 3092 1685; x_wconf 81' lang='grc' dir='ltr'>λίμνην,</span> <span class='ocrx_word' id='word_1_311' title='bbox 3120 1615 3263 1668; x_wconf 83' lang='grc' dir='ltr'>οὑτω</span> <span class='ocrx_word' id='word_1_312' title='bbox 3311 1616 3475 1670; x_wconf 82' lang='grc' dir='ltr'>καλου</span> <span class='ocrx_word' id='word_1_313' title='bbox 3490 1618 3657 1687; x_wconf 80' lang='grc' dir='ltr'>μένην</span> <span class='ocrx_word' id='word_1_314' title='bbox 3687 1618 3743 1669; x_wconf 80' lang='grc' dir='ltr'>ὲν</span> <span class='ocrx_word' id='word_1_315' title='bbox 3776 1622 3850 1687; x_wconf 74' lang='grc' dir='ltr'>τῇ</span> <span class='ocrx_word' id='word_1_316' title='bbox 3882 1617 4042 1688; x_wconf 77' lang='grc' dir='ltr'>χώρᾳ</span> 
     </span>
    </p>
   </div>
   <div class='ocr_carea' id='block_1_46' title="bbox 2456 1700 4041 1780">
    <p class='ocr_par' dir='ltr' id='par_1_46' title="bbox 2456 1700 4041 1780">
     <span class='ocr_line' id='line_1_46' title="bbox 2456 1700 4041 1780; baseline -0.007 -11"><span class='ocrx_word' id='word_1_317' title='bbox 2456 1700 2551 1773; x_wconf 73' lang='grc' dir='ltr'><strong>[αίο</strong></span> <span class='ocrx_word' id='word_1_318' title='bbox 2582 1704 2647 1755; x_wconf 68' lang='grc' dir='ltr'><strong>ὲκ</strong></span> <span class='ocrx_word' id='word_1_319' title='bbox 2679 1704 2779 1773; x_wconf 83' lang='grc' dir='ltr'><strong>τῆς</strong></span> <span class='ocrx_word' id='word_1_320' title='bbox 2815 1704 3024 1777; x_wconf 82' lang='grc' dir='ltr'>χώρας]</span> <span class='ocrx_word' id='word_1_321' title='bbox 3072 1706 3179 1760; x_wconf 84' lang='grc' dir='ltr'><strong>τῶν</strong></span> <span class='ocrx_word' id='word_1_322' title='bbox 3220 1708 3509 1762; x_wconf 83' lang='grc' dir='ltr'>Ἰουδαίων.</span> <span class='ocrx_word' id='word_1_323' title='bbox 3552 1709 3767 1780; x_wconf 79' lang='grc' dir='ltr'>Ἐπειδὴ</span> <span class='ocrx_word' id='word_1_324' title='bbox 3798 1711 3854 1762; x_wconf 79' lang='grc' dir='ltr'>δὲ</span> <span class='ocrx_word' id='word_1_325' title='bbox 3890 1710 3955 1762; x_wconf 83' lang='grc' dir='ltr'>τὸ</span> <span class='ocrx_word' id='word_1_326' title='bbox 3987 1710 4041 1760; x_wconf 86' lang='grc' dir='ltr'><strong>τί</strong></span> 
     </span>
    </p>
   </div>
   <div class='ocr_carea' id='block_1_47' title="bbox 2458 1796 4038 1872">
    <p class='ocr_par' dir='ltr' id='par_1_47' title="bbox 2458 1796 4038 1872">
     <span class='ocr_line' id='line_1_47' title="bbox 2458 1796 4038 1872; baseline 0.005 -25"><span class='ocrx_word' id='word_1_327' title='bbox 2458 1796 2695 1865; x_wconf 90' lang='grc' dir='ltr'>μάλιστα</span> <span class='ocrx_word' id='word_1_328' title='bbox 2735 1798 3119 1869; x_wconf 80' lang='grc' dir='ltr'>κατασοϐἦσαν</span> <span class='ocrx_word' id='word_1_329' title='bbox 3162 1802 3345 1861; x_wconf 79' lang='grc' dir='ltr'>αὑτὸν,</span> <span class='ocrx_word' id='word_1_330' title='bbox 3387 1802 3483 1855; x_wconf 76' lang='grc' dir='ltr'>καὶ</span> <span class='ocrx_word' id='word_1_331' title='bbox 3528 1806 3869 1872; x_wconf 77' lang='grc' dir='ltr'>μεταχωρεῖν</span> <span class='ocrx_word' id='word_1_332' title='bbox 3900 1807 4038 1857; x_wconf 86' lang='grc' dir='ltr'>ἀνα-</span> 
     </span>
    </p>
   </div>
   <div class='ocr_carea' id='block_1_48' title="bbox 2455 1888 4040 1961">
    <p class='ocr_par' dir='ltr' id='par_1_48' title="bbox 2455 1888 4040 1961">
     <span class='ocr_line' id='line_1_48' title="bbox 2455 1888 4040 1961; baseline 0.004 -22"><span class='ocrx_word' id='word_1_333' title='bbox 2455 1888 2736 1951; x_wconf 83' lang='grc' dir='ltr'>πεπεικὸς,</span> <span class='ocrx_word' id='word_1_334' title='bbox 2772 1890 2852 1951; x_wconf 90' lang='grc' dir='ltr'><strong>εἰς</strong></span> <span class='ocrx_word' id='word_1_335' title='bbox 2890 1890 3112 1961; x_wconf 79' lang='grc' dir='ltr'>ἑτέρους</span> <span class='ocrx_word' id='word_1_336' title='bbox 3153 1909 3213 1944; x_wconf 88' lang='grc' dir='ltr'><strong>τε</strong></span> <span class='ocrx_word' id='word_1_337' title='bbox 3252 1892 3494 1961; x_wconf 77' lang='grc' dir='ltr'>οἴχεσθαι</span> <span class='ocrx_word' id='word_1_338' title='bbox 3525 1893 3742 1957; x_wconf 81' lang='grc' dir='ltr'>τόπους,</span> <span class='ocrx_word' id='word_1_339' title='bbox 3778 1893 3873 1945; x_wconf 74' lang='grc' dir='ltr'>καὶ</span> <span class='ocrx_word' id='word_1_340' title='bbox 3916 1911 4040 1945; x_wconf 61' lang='lat' dir='ltr'><strong>ro:-</strong></span> 
     </span>
    </p>
   </div>
   <div class='ocr_carea' id='block_1_49' title="bbox 2452 1979 4043 2055">
    <p class='ocr_par' dir='ltr' id='par_1_49' title="bbox 2452 1979 4043 2055">
     <span class='ocr_line' id='line_1_49' title="bbox 2452 1979 4043 2055; baseline 0.002 -22"><span class='ocrx_word' id='word_1_341' title='bbox 2452 1979 2609 2033; x_wconf 91' lang='grc' dir='ltr'>οῦτον</span> <span class='ocrx_word' id='word_1_342' title='bbox 2635 1980 2735 2051; x_wconf 85' lang='grc' dir='ltr'>τῆς</span> <span class='ocrx_word' id='word_1_343' title='bbox 2769 1980 3123 2053; x_wconf 83' lang='grc' dir='ltr'>Ἰερουσαλὴμ</span> <span class='ocrx_word' id='word_1_344' title='bbox 3172 1984 3713 2055; x_wconf 81' lang='grc' dir='ltr'>ἀπεσχοινισμένους,</span> <span class='ocrx_word' id='word_1_345' title='bbox 3763 1986 3942 2038; x_wconf 73' lang='grc' dir='ltr'>ἐκεῖνο</span> <span class='ocrx_word' id='word_1_346' title='bbox 3976 1983 4043 2052; x_wconf 73' lang='grc' dir='ltr'>δὴ</span> 
     </span>
    </p>
   </div>
   <div class='ocr_carea' id='block_1_50' title="bbox 2457 2072 4040 2148">
    <p class='ocr_par' dir='ltr' id='par_1_50' title="bbox 2457 2072 4040 2148">
     <span class='ocr_line' id='line_1_50' title="bbox 2457 2072 4040 2148; baseline 0.003 -21"><span class='ocrx_word' id='word_1_347' title='bbox 2457 2073 2692 2144; x_wconf 84' lang='grc' dir='ltr'>μάλιστα</span> <span class='ocrx_word' id='word_1_348' title='bbox 2724 2074 2989 2145; x_wconf 84' lang='grc' dir='ltr'>ὑπάρχειν</span> <span class='ocrx_word' id='word_1_349' title='bbox 3021 2078 3223 2147; x_wconf 81' lang='grc' dir='ltr'>ἀρτίως</span> <span class='ocrx_word' id='word_1_350' title='bbox 3258 2076 3580 2148; x_wconf 76' lang='grc' dir='ltr'>εἰρήκαμεν,</span> <span class='ocrx_word' id='word_1_351' title='bbox 3614 2078 3675 2129; x_wconf 85' lang='grc' dir='ltr'><strong>τδ</strong></span> <span class='ocrx_word' id='word_1_352' title='bbox 3704 2078 3871 2146; x_wconf 77' lang='grc' dir='ltr'>ἐγγὺς</span> <span class='ocrx_word' id='word_1_353' title='bbox 3899 2072 4040 2132; x_wconf 73' lang='grc' dir='ltr'>εἷναι</span> 
     </span>
    </p>
   </div>
   <div class='ocr_carea' id='block_1_51' title="bbox 2452 2165 4041 2238">
    <p class='ocr_par' dir='ltr' id='par_1_51' title="bbox 2452 2165 4041 2238">
     <span class='ocr_line' id='line_1_51' title="bbox 2452 2165 4041 2238; baseline 0.001 -19"><span class='ocrx_word' id='word_1_354' title='bbox 2452 2165 2513 2220; x_wconf 79' lang='grc' dir='ltr'>τὸ</span> <span class='ocrx_word' id='word_1_355' title='bbox 2560 2166 2751 2237; x_wconf 74' lang='grc' dir='ltr'>Πάσχα</span> <span class='ocrx_word' id='word_1_356' title='bbox 2796 2168 2904 2220; x_wconf 89' lang='grc' dir='ltr'><strong>τῶν</strong></span> <span class='ocrx_word' id='word_1_357' title='bbox 2954 2168 3260 2232; x_wconf 83' lang='grc' dir='ltr'>Ἰουδαίων,</span> <span class='ocrx_word' id='word_1_358' title='bbox 3310 2167 3581 2222; x_wconf 84' lang='grc' dir='ltr'>δεικνύναι</span> <span class='ocrx_word' id='word_1_359' title='bbox 3632 2168 3865 2238; x_wconf 79' lang='grc' dir='ltr'>πρέπειν</span> <span class='ocrx_word' id='word_1_360' title='bbox 3906 2168 4041 2220; x_wconf 81' lang='grc' dir='ltr'>ὑπο-</span> 
     </span>
    </p>
   </div>
   <div class='ocr_carea' id='block_1_52' title="bbox 2453 2258 4041 2332">
    <p class='ocr_par' dir='ltr' id='par_1_52' title="bbox 2453 2258 4041 2332">
     <span class='ocr_line' id='line_1_52' title="bbox 2453 2258 4041 2332; baseline 0 -19"><span class='ocrx_word' id='word_1_361' title='bbox 2453 2258 2733 2329; x_wconf 76' lang='grc' dir='ltr'>λαμϐάνω,</span> <span class='ocrx_word' id='word_1_362' title='bbox 2778 2260 2959 2325; x_wconf 91' lang='grc' dir='ltr'>καλῶς</span> <span class='ocrx_word' id='word_1_363' title='bbox 3002 2261 3067 2332; x_wconf 82' lang='grc' dir='ltr'>δὴ</span> <span class='ocrx_word' id='word_1_364' title='bbox 3116 2261 3235 2315; x_wconf 88' lang='grc' dir='ltr'>λίαν</span> <span class='ocrx_word' id='word_1_365' title='bbox 3278 2261 3340 2313; x_wconf 83' lang='grc' dir='ltr'><strong>τὸ</strong></span> <span class='ocrx_word' id='word_1_366' title='bbox 3388 2262 3446 2314; x_wconf 70' lang='grc' dir='ltr'>ἐν</span> <span class='ocrx_word' id='word_1_367' title='bbox 3491 2263 3601 2323; x_wconf 88' lang='grc' dir='ltr'>τοῖς</span> <span class='ocrx_word' id='word_1_368' title='bbox 3643 2260 4041 2331; x_wconf 81' lang='grc' dir='ltr'>Ἰεροσολύμοις</span> 
     </span>
    </p>
   </div>
   <div class='ocr_carea' id='block_1_53' title="bbox 2453 2350 4043 2424">
    <p class='ocr_par' dir='ltr' id='par_1_53' title="bbox 2453 2350 4043 2424">
     <span class='ocr_line' id='line_1_53' title="bbox 2453 2350 4043 2424; baseline 0.001 -19"><span class='ocrx_word' id='word_1_369' title='bbox 2453 2350 2805 2423; x_wconf 80' lang='grc' dir='ltr'>εὑρίσκεσθαι</span> <span class='ocrx_word' id='word_1_370' title='bbox 2835 2353 2957 2405; x_wconf 81' lang='grc' dir='ltr'>κατ’</span> <span class='ocrx_word' id='word_1_371' title='bbox 2986 2354 3161 2406; x_wconf 80' lang='grc' dir='ltr'>ἐκεῖνο</span> <span class='ocrx_word' id='word_1_372' title='bbox 3204 2353 3397 2424; x_wconf 84' lang='grc' dir='ltr'>καιροῦ</span> <span class='ocrx_word' id='word_1_373' title='bbox 3438 2354 3916 2424; x_wconf 83' lang='grc' dir='ltr'>παραιτησάμενον</span> <span class='ocrx_word' id='word_1_374' title='bbox 3947 2354 4043 2407; x_wconf 81' lang='grc' dir='ltr'>τὸν</span> 
     </span>
    </p>
   </div>
   <div class='ocr_carea' id='block_1_54' title="bbox 2466 2443 4043 2516">
    <p class='ocr_par' dir='ltr' id='par_1_54' title="bbox 2466 2443 4043 2516">
     <span class='ocr_line' id='line_1_54' title="bbox 2466 2443 4043 2516; baseline -0.001 -17"><span class='ocrx_word' id='word_1_375' title='bbox 2466 2445 2692 2513; x_wconf 83' lang='grc' dir='ltr'>Ἰησοῦν.</span> <span class='ocrx_word' id='word_1_376' title='bbox 2739 2444 2948 2500; x_wconf 90' lang='grc' dir='ltr'>Οὑκοῦν</span> <span class='ocrx_word' id='word_1_377' title='bbox 2990 2445 3153 2516; x_wconf 89' lang='grc' dir='ltr'>νόμος</span> <span class='ocrx_word' id='word_1_378' title='bbox 3189 2446 3217 2499; x_wconf 92' lang='lat'><strong>6</strong></span> <span class='ocrx_word' id='word_1_379' title='bbox 3262 2445 3350 2499; x_wconf 89' lang='grc' dir='ltr'><strong>διά</strong></span> <span class='ocrx_word' id='word_1_380' title='bbox 3398 2444 3642 2508; x_wconf 79' lang='grc' dir='ltr'>Μωσέως</span> <span class='ocrx_word' id='word_1_381' title='bbox 3698 2443 3808 2498; x_wconf 75' lang='grc' dir='ltr'><strong>ἀπὺ</strong></span> <span class='ocrx_word' id='word_1_382' title='bbox 3855 2445 4043 2511; x_wconf 83' lang='grc' dir='ltr'>πάσης</span> 
     </span>
    </p>
   </div>
   <div class='ocr_carea' id='block_1_55' title="bbox 2452 2535 4043 2607">
    <p class='ocr_par' dir='ltr' id='par_1_55' title="bbox 2452 2535 4043 2607">
     <span class='ocr_line' id='line_1_55' title="bbox 2452 2535 4043 2607; baseline -0.003 -18"><span class='ocrx_word' id='word_1_383' title='bbox 2452 2536 2552 2605; x_wconf 83' lang='grc' dir='ltr'>τῆς</span> <span class='ocrx_word' id='word_1_384' title='bbox 2602 2536 2933 2607; x_wconf 89' lang='grc' dir='ltr'>περιοικίδος</span> <span class='ocrx_word' id='word_1_385' title='bbox 2995 2536 3314 2607; x_wconf 84' lang='grc' dir='ltr'>ἀνατρέχειν</span> <span class='ocrx_word' id='word_1_386' title='bbox 3369 2537 3447 2598; x_wconf 88' lang='grc' dir='ltr'><strong>εἰς</strong></span> <span class='ocrx_word' id='word_1_387' title='bbox 3502 2536 3851 2606; x_wconf 87' lang='grc' dir='ltr'>Ἰεροσόλυμα</span> <span class='ocrx_word' id='word_1_388' title='bbox 3912 2535 4043 2597; x_wconf 70' lang='grc' dir='ltr'>τοὺς</span> 
     </span>
    </p>
   </div>
   <div class='ocr_carea' id='block_1_56' title="bbox 2469 2627 4045 2699">
    <p class='ocr_par' dir='ltr' id='par_1_56' title="bbox 2469 2627 4045 2699">
     <span class='ocr_line' id='line_1_56' title="bbox 2469 2627 4045 2699; baseline -0.003 -18"><span class='ocrx_word' id='word_1_389' title='bbox 2469 2630 2751 2691; x_wconf 80' lang='grc' dir='ltr'>Ἰουδαίους</span> <span class='ocrx_word' id='word_1_390' title='bbox 2773 2629 3041 2693; x_wconf 76' lang='grc' dir='ltr'>ἐκέλευεν,</span> <span class='ocrx_word' id='word_1_391' title='bbox 3075 2630 3191 2681; x_wconf 74' lang='grc' dir='ltr'>ἐκεῖ</span> <span class='ocrx_word' id='word_1_392' title='bbox 3216 2628 3316 2699; x_wconf 82' lang='grc' dir='ltr'><strong>τὴν</strong></span> <span class='ocrx_word' id='word_1_393' title='bbox 3352 2630 3409 2680; x_wconf 77' lang='grc' dir='ltr'>ὲν</span> <span class='ocrx_word' id='word_1_394' title='bbox 3442 2627 3598 2697; x_wconf 84' lang='grc' dir='ltr'>τύπῳ</span> <span class='ocrx_word' id='word_1_395' title='bbox 3635 2627 3735 2695; x_wconf 76' lang='grc' dir='ltr'>τῆς</span> <span class='ocrx_word' id='word_1_396' title='bbox 3768 2643 4045 2695; x_wconf 81' lang='grc' dir='ltr'>σκηνοπη-</span> 
     </span>
    </p>
   </div>
   <div class='ocr_carea' id='block_1_57' title="bbox 2455 2718 4046 2790">
    <p class='ocr_par' dir='ltr' id='par_1_57' title="bbox 2455 2718 4046 2790">
     <span class='ocr_line' id='line_1_57' title="bbox 2455 2718 4046 2790; baseline -0.003 -17"><span class='ocrx_word' id='word_1_397' title='bbox 2455 2721 2579 2788; x_wconf 88' lang='grc' dir='ltr'>γίας</span> <span class='ocrx_word' id='word_1_398' title='bbox 2612 2721 3019 2783; x_wconf 80' lang='grc' dir='ltr'>ὲπιτελέσοντας</span> <span class='ocrx_word' id='word_1_399' title='bbox 3043 2721 3255 2790; x_wconf 66' lang='grc' dir='ltr'>ἑορτήν.</span> <span class='ocrx_word' id='word_1_400' title='bbox 3293 2721 3402 2773; x_wconf 57' lang='grc' dir='ltr'><strong>Καὶ⁵</strong></span> <span class='ocrx_word' id='word_1_401' title='bbox 3433 2720 3616 2789; x_wconf 74' lang='grc' dir='ltr'>νοήσει</span> <span class='ocrx_word' id='word_1_402' title='bbox 3655 2720 3753 2787; x_wconf 84' lang='grc' dir='ltr'>μὲν</span> <span class='ocrx_word' id='word_1_403' title='bbox 3790 2718 4046 2770; x_wconf 77' lang='grc' dir='ltr'>ἐντεῦθεν</span> 
     </span>
    </p>
   </div>
   <div class='ocr_carea' id='block_1_58' title="bbox 2454 2810 4042 2882">
    <p class='ocr_par' dir='ltr' id='par_1_58' title="bbox 2454 2810 4042 2882">
     <span class='ocr_line' id='line_1_58' title="bbox 2454 2810 4042 2882; baseline -0.003 -16"><span class='ocrx_word' id='word_1_404' title='bbox 2454 2815 2483 2866; x_wconf 93' lang='lat'><strong>6</strong></span> <span class='ocrx_word' id='word_1_405' title='bbox 2516 2813 2881 2882; x_wconf 77' lang='grc' dir='ltr'>πνευματικὸς</span> <span class='ocrx_word' id='word_1_406' title='bbox 2904 2812 3004 2882; x_wconf 76' lang='grc' dir='ltr'><strong>τὴν</strong></span> <span class='ocrx_word' id='word_1_407' title='bbox 3034 2813 3289 2865; x_wconf 89' lang='grc' dir='ltr'>ἀπάντων</span> <span class='ocrx_word' id='word_1_408' title='bbox 3319 2810 3429 2864; x_wconf 88' lang='grc' dir='ltr'><strong>τῶν</strong></span> <span class='ocrx_word' id='word_1_409' title='bbox 3478 2812 3649 2879; x_wconf 88' lang='grc' dir='ltr'>ἀγίων</span> <span class='ocrx_word' id='word_1_410' title='bbox 3692 2812 4042 2877; x_wconf 77' lang='grc' dir='ltr'>ἱπισυναγω-</span> 
     </span>
    </p>
   </div>
   <div class='ocr_carea' id='block_1_59' title="bbox 2454 2901 4047 2975">
    <p class='ocr_par' dir='ltr' id='par_1_59' title="bbox 2454 2901 4047 2975">
     <span class='ocr_line' id='line_1_59' title="bbox 2454 2901 4047 2975; baseline -0.002 -20"><span class='ocrx_word' id='word_1_411' title='bbox 2454 2904 2559 2975; x_wconf 78' lang='grc' dir='ltr'>γὴν</span> <span class='ocrx_word' id='word_1_412' title='bbox 2588 2905 2667 2968; x_wconf 89' lang='grc' dir='ltr'><strong>εἰς</strong></span> <span class='ocrx_word' id='word_1_413' title='bbox 2690 2905 2941 2975; x_wconf 76' lang='grc' dir='ltr'>Χριστὸν,</span> <span class='ocrx_word' id='word_1_414' title='bbox 2966 2905 3054 2958; x_wconf 83' lang='grc' dir='ltr'>ὅτε</span> <span class='ocrx_word' id='word_1_415' title='bbox 3094 2903 3157 2973; x_wconf 77' lang='grc' dir='ltr'>δὴ</span> <span class='ocrx_word' id='word_1_416' title='bbox 3206 2905 3299 2955; x_wconf 82' lang='grc' dir='ltr'>καὶ</span> <span class='ocrx_word' id='word_1_417' title='bbox 3325 2902 3434 2956; x_wconf 81' lang='grc' dir='ltr'>ἀπὸ</span> <span class='ocrx_word' id='word_1_418' title='bbox 3463 2902 3644 2972; x_wconf 86' lang='grc' dir='ltr'>πάσης</span> <span class='ocrx_word' id='word_1_419' title='bbox 3670 2905 3770 2972; x_wconf 78' lang='grc' dir='ltr'>τῆς</span> <span class='ocrx_word' id='word_1_420' title='bbox 3789 2901 4047 2969; x_wconf 70' lang='grc' dir='ltr'>οἰκουμέ-</span> 
     </span>
    </p>
   </div>
   <div class='ocr_carea' id='block_1_60' title="bbox 2460 2993 4047 3069">
    <p class='ocr_par' dir='ltr' id='par_1_60' title="bbox 2460 2993 4047 3069">
     <span class='ocr_line' id='line_1_60' title="bbox 2460 2993 4047 3069; baseline -0.005 -17"><span class='ocrx_word' id='word_1_421' title='bbox 2460 3015 2557 3069; x_wconf 81' lang='grc' dir='ltr'><strong>νης</strong></span> <span class='ocrx_word' id='word_1_422' title='bbox 2587 2997 2725 3067; x_wconf 86' lang='grc' dir='ltr'><strong>μετά</strong></span> <span class='ocrx_word' id='word_1_423' title='bbox 2747 2996 2846 3068; x_wconf 73' lang='grc' dir='ltr'>τὴν</span> <span class='ocrx_word' id='word_1_424' title='bbox 2869 2996 2979 3050; x_wconf 90' lang='grc' dir='ltr'><strong>τῶν</strong></span> <span class='ocrx_word' id='word_1_425' title='bbox 2999 2996 3208 3065; x_wconf 86' lang='grc' dir='ltr'>νεκρῶν</span> <span class='ocrx_word' id='word_1_426' title='bbox 3232 2995 3529 3047; x_wconf 76' lang='grc' dir='ltr'>ἀναϐίωσιν</span> <span class='ocrx_word' id='word_1_427' title='bbox 3553 2995 3631 3055; x_wconf 89' lang='grc' dir='ltr'><strong>εἰς</strong></span> <span class='ocrx_word' id='word_1_428' title='bbox 3652 2993 3748 3063; x_wconf 84' lang='grc' dir='ltr'>τὴν</span> <span class='ocrx_word' id='word_1_429' title='bbox 3772 2994 3886 3046; x_wconf 81' lang='grc' dir='ltr'><strong>ἀνω</strong></span> <span class='ocrx_word' id='word_1_430' title='bbox 3919 3009 4047 3044; x_wconf 89' lang='grc' dir='ltr'>συν-</span> 
     </span>
    </p>
   </div>
   <div class='ocr_carea' id='block_1_61' title="bbox 2457 3084 4045 3161">
    <p class='ocr_par' dir='ltr' id='par_1_61' title="bbox 2457 3084 4045 3161">
     <span class='ocr_line' id='line_1_61' title="bbox 2457 3084 4045 3161; baseline -0.003 -19"><span class='ocrx_word' id='word_1_431' title='bbox 2457 3090 2839 3161; x_wconf 83' lang='grc' dir='ltr'>ενεχθήσονται</span> <span class='ocrx_word' id='word_1_432' title='bbox 2862 3089 3017 3142; x_wconf 89' lang='grc' dir='ltr'>πόλιν</span> <span class='ocrx_word' id='word_1_433' title='bbox 3038 3088 3137 3157; x_wconf 81' lang='grc' dir='ltr'>τὴν</span> <span class='ocrx_word' id='word_1_434' title='bbox 3158 3088 3476 3157; x_wconf 73' lang='grc' dir='ltr'>ἐπουράνιον</span> <span class='ocrx_word' id='word_1_435' title='bbox 3509 3084 3884 3157; x_wconf 78' lang='grc' dir='ltr'>Ἰερουσαλὴμ,</span> <span class='ocrx_word' id='word_1_436' title='bbox 3912 3086 4045 3138; x_wconf 86' lang='grc' dir='ltr'>ἀνα-</span> 
     </span>
    </p>
   </div>
   <div class='ocr_carea' id='block_1_62' title="bbox 776 3171 4046 3250">
    <p class='ocr_par' dir='ltr' id='par_1_62' title="bbox 776 3171 4046 3250">
     <span class='ocr_line' id='line_1_62' title="bbox 776 3171 4046 3250; baseline -0.007 -2"><span class='ocrx_word' id='word_1_437' title='bbox 776 3189 859 3233; x_wconf 68' lang='grc' dir='ltr'><strong>ιθε</strong></span> <span class='ocrx_word' id='word_1_438' title='bbox 885 3176 978 3246; x_wconf 75' lang='grc' dir='ltr'>(ιυί</span> <span class='ocrx_word' id='word_1_439' title='bbox 1012 3176 1183 3247; x_wconf 71' lang='grc' dir='ltr'><strong>ιθεθηι</strong></span> <span class='ocrx_word' id='word_1_440' title='bbox 1216 3174 1766 3247; x_wconf 63' lang='grc' dir='ltr'><strong>Ρτίθίθΐετθάίθδθίυτ</strong></span> <span class='ocrx_word' id='word_1_441' title='bbox 1784 3214 1799 3239; x_wconf 75' lang='grc' dir='ltr'><strong>ν</strong></span> <span class='ocrx_word' id='word_1_442' title='bbox 1828 3182 1924 3225; x_wconf 65' lang='grc' dir='ltr'><strong>θυι</strong></span> <span class='ocrx_word' id='word_1_443' title='bbox 1950 3171 2041 3241; x_wconf 62' lang='lat' dir='ltr'><strong>qm</strong></span> <span class='ocrx_word' id='word_1_444' title='bbox 2066 3185 2186 3225; x_wconf 69' lang='lat' dir='ltr'><strong>eam</strong></span> <span class='ocrx_word' id='word_1_445' title='bbox 2216 3184 2355 3240; x_wconf 62' lang='grc' dir='ltr'><strong>Ρτκ·</strong></span> <span class='ocrx_word' id='word_1_446' title='bbox 2380 3180 2423 3238; x_wconf 88' lang='lat' dir='ltr'>C</span> <span class='ocrx_word' id='word_1_447' title='bbox 2457 3180 2713 3250; x_wconf 85' lang='grc' dir='ltr'>θήσοντες</span> <span class='ocrx_word' id='word_1_448' title='bbox 2740 3180 2919 3233; x_wconf 84' lang='grc' dir='ltr'>ὲκεῖσε</span> <span class='ocrx_word' id='word_1_449' title='bbox 2959 3178 3029 3231; x_wconf 88' lang='grc' dir='ltr'><strong>τά</strong></span> <span class='ocrx_word' id='word_1_450' title='bbox 3057 3178 3388 3248; x_wconf 85' lang='grc' dir='ltr'>χαριστήρια</span> <span class='ocrx_word' id='word_1_451' title='bbox 3412 3175 3512 3244; x_wconf 85' lang='grc' dir='ltr'>τῆς</span> <span class='ocrx_word' id='word_1_452' title='bbox 3542 3176 3917 3246; x_wconf 87' lang='grc' dir='ltr'>σκηνοπηγίας</span> <span class='ocrx_word' id='word_1_453' title='bbox 3945 3176 4046 3243; x_wconf 77' lang='grc' dir='ltr'>τῆς</span> 
     </span>
    </p>
   </div>
   <div class='ocr_carea' id='block_1_63' title="bbox 777 3265 2358 3339">
    <p class='ocr_par' dir='ltr' id='par_1_63' title="bbox 777 3265 2358 3339">
     <span class='ocr_line' id='line_1_63' title="bbox 777 3265 2358 3339; baseline -0.004 -17"><span class='ocrx_word' id='word_1_454' title='bbox 777 3267 1018 3339; x_wconf 83' lang='lat' dir='ltr'><strong>tergredi</strong></span> <span class='ocrx_word' id='word_1_455' title='bbox 1060 3268 1373 3323; x_wconf 80' lang='lat' dir='ltr'><strong>videbatur.</strong></span> <span class='ocrx_word' id='word_1_456' title='bbox 1428 3266 1656 3321; x_wconf 77' lang='lat' dir='ltr'><strong>Diﬂicile</strong></span> <span class='ocrx_word' id='word_1_457' title='bbox 1692 3266 1837 3321; x_wconf 90' lang='lat' dir='ltr'><strong>enim</strong></span> <span class='ocrx_word' id='word_1_458' title='bbox 1878 3265 2069 3334; x_wconf 86' lang='lat' dir='ltr'><strong>utique</strong></span> <span class='ocrx_word' id='word_1_459' title='bbox 2117 3276 2225 3316; x_wconf 86' lang='lat' dir='ltr'><strong>non</strong></span> <span class='ocrx_word' id='word_1_460' title='bbox 2274 3271 2358 3317; x_wconf 89' lang='lat' dir='ltr'><strong>est</strong></span> 
     </span>
    </p>
   </div>
   <div class='ocr_carea' id='block_1_64' title="bbox 778 3354 2356 3429">
    <p class='ocr_par' dir='ltr' id='par_1_64' title="bbox 778 3354 2356 3429">
     <span class='ocr_line' id='line_1_64' title="bbox 778 3354 2356 3429; baseline -0.006 -15"><span class='ocrx_word' id='word_1_461' title='bbox 778 3360 1079 3429; x_wconf 63' lang='lat' dir='ltr'><strong>plebecula</strong></span> <span class='ocrx_word' id='word_1_462' title='bbox 1142 3359 1555 3414; x_wconf 89' lang='lat' dir='ltr'><strong>multitudinem</strong></span> <span class='ocrx_word' id='word_1_463' title='bbox 1622 3357 1970 3411; x_wconf 89' lang='lat' dir='ltr'><strong>innumeram</strong></span> <span class='ocrx_word' id='word_1_464' title='bbox 2040 3354 2356 3417; x_wconf 87' lang='lat' dir='ltr'><strong>concitare,</strong></span> 
     </span>
    </p>
   </div>
   <div class='ocr_carea' id='block_1_65' title="bbox 775 3444 2357 3521">
    <p class='ocr_par' dir='ltr' id='par_1_65' title="bbox 775 3444 2357 3521">
     <span class='ocr_line' id='line_1_65' title="bbox 775 3444 2357 3521; baseline -0.005 -16"><span class='ocrx_word' id='word_1_465' title='bbox 775 3467 900 3506; x_wconf 88' lang='lat' dir='ltr'><strong>cum</strong></span> <span class='ocrx_word' id='word_1_466' title='bbox 924 3450 1047 3521; x_wconf 90' lang='lat' dir='ltr'><strong>quis</strong></span> <span class='ocrx_word' id='word_1_467' title='bbox 1072 3451 1245 3519; x_wconf 85' lang='lat' dir='ltr'><strong>ipsam</strong></span> <span class='ocrx_word' id='word_1_468' title='bbox 1281 3450 1483 3519; x_wconf 86' lang='lat' dir='ltr'><strong>injuria</strong></span> <span class='ocrx_word' id='word_1_469' title='bbox 1513 3448 1763 3503; x_wconf 76' lang='lat' dir='ltr'><strong>affectam</strong></span> <span class='ocrx_word' id='word_1_470' title='bbox 1797 3447 2088 3516; x_wconf 60' lang='lat' dir='ltr'><strong>praedicat,</strong></span> <span class='ocrx_word' id='word_1_471' title='bbox 2132 3452 2186 3500; x_wconf 90' lang='lat' dir='ltr'><strong>et</strong></span> <span class='ocrx_word' id='word_1_472' title='bbox 2216 3444 2357 3498; x_wconf 86' lang='lat' dir='ltr'><strong>inci-</strong></span> 
     </span>
    </p>
   </div>
   <div class='ocr_carea' id='block_1_66' title="bbox 775 3534 2356 3607">
    <p class='ocr_par' dir='ltr' id='par_1_66' title="bbox 775 3534 2356 3607">
     <span class='ocr_line' id='line_1_66' title="bbox 775 3534 2356 3607; baseline -0.004 -15"><span class='ocrx_word' id='word_1_473' title='bbox 775 3552 895 3596; x_wconf 85' lang='lat' dir='ltr'><strong>tare</strong></span> <span class='ocrx_word' id='word_1_474' title='bbox 935 3541 1130 3595; x_wconf 88' lang='lat' dir='ltr'><strong>nititur</strong></span> <span class='ocrx_word' id='word_1_475' title='bbox 1173 3541 1440 3595; x_wconf 87' lang='lat' dir='ltr'><strong>adversus</strong></span> <span class='ocrx_word' id='word_1_476' title='bbox 1473 3554 1570 3595; x_wconf 84' lang='lat' dir='ltr'><strong>eos</strong></span> <span class='ocrx_word' id='word_1_477' title='bbox 1597 3538 1767 3594; x_wconf 84' lang='lat' dir='ltr'><strong>etiam</strong></span> <span class='ocrx_word' id='word_1_478' title='bbox 1820 3537 1915 3607; x_wconf 92' lang='lat' dir='ltr'><strong>qui</strong></span> <span class='ocrx_word' id='word_1_479' title='bbox 1956 3537 2164 3590; x_wconf 88' lang='lat' dir='ltr'><strong>nullam</strong></span> <span class='ocrx_word' id='word_1_480' title='bbox 2214 3534 2356 3603; x_wconf 84' lang='lat' dir='ltr'><strong>inju-</strong></span> 
     </span>
    </p>
   </div>
   <div class='ocr_carea' id='block_1_67' title="bbox 778 3628 2360 3699">
    <p class='ocr_par' dir='ltr' id='par_1_67' title="bbox 778 3628 2360 3699">
     <span class='ocr_line' id='line_1_67' title="bbox 778 3628 2360 3699; baseline -0.002 -16"><span class='ocrx_word' id='word_1_481' title='bbox 778 3630 916 3685; x_wconf 86' lang='lat' dir='ltr'><strong>riam</strong></span> <span class='ocrx_word' id='word_1_482' title='bbox 950 3633 1273 3687; x_wconf 85' lang='lat' dir='ltr'><strong>intulerunt.</strong></span> <span class='ocrx_word' id='word_1_483' title='bbox 1322 3632 1499 3687; x_wconf 89' lang='lat' dir='ltr'><strong>lnstar</strong></span> <span class='ocrx_word' id='word_1_484' title='bbox 1527 3631 1675 3687; x_wconf 90' lang='lat' dir='ltr'><strong>enim</strong></span> <span class='ocrx_word' id='word_1_485' title='bbox 1706 3644 1859 3699; x_wconf 83' lang='lat' dir='ltr'><strong>aquae</strong></span> <span class='ocrx_word' id='word_1_486' title='bbox 1890 3636 1985 3681; x_wconf 93' lang='lat' dir='ltr'><strong>aut</strong></span> <span class='ocrx_word' id='word_1_487' title='bbox 2020 3628 2165 3697; x_wconf 87' lang='lat' dir='ltr'><strong>ignis</strong></span> <span class='ocrx_word' id='word_1_488' title='bbox 2192 3636 2360 3680; x_wconf 85' lang='lat' dir='ltr'><strong>teme—</strong></span> 
     </span>
    </p>
   </div>
   <div class='ocr_carea' id='block_1_68' title="bbox 778 3717 2361 3791">
    <p class='ocr_par' dir='ltr' id='par_1_68' title="bbox 778 3717 2361 3791">
     <span class='ocr_line' id='line_1_68' title="bbox 778 3717 2361 3791; baseline -0.002 -20"><span class='ocrx_word' id='word_1_489' title='bbox 778 3720 929 3775; x_wconf 87' lang='lat' dir='ltr'><strong>rario</strong></span> <span class='ocrx_word' id='word_1_490' title='bbox 956 3721 1158 3791; x_wconf 89' lang='lat' dir='ltr'><strong>impetu</strong></span> <span class='ocrx_word' id='word_1_491' title='bbox 1190 3721 1364 3775; x_wconf 84' lang='lat' dir='ltr'><strong>fertur</strong></span> <span class='ocrx_word' id='word_1_492' title='bbox 1394 3720 1502 3774; x_wconf 88' lang='lat' dir='ltr'><strong>huc</strong></span> <span class='ocrx_word' id='word_1_493' title='bbox 1530 3727 1585 3775; x_wconf 91' lang='lat' dir='ltr'><strong>et</strong></span> <span class='ocrx_word' id='word_1_494' title='bbox 1622 3719 1773 3781; x_wconf 85' lang='lat' dir='ltr'><strong>illuc,</strong></span> <span class='ocrx_word' id='word_1_495' title='bbox 1810 3726 1864 3773; x_wconf 89' lang='lat' dir='ltr'><strong>et</strong></span> <span class='ocrx_word' id='word_1_496' title='bbox 1896 3717 2031 3772; x_wconf 87' lang='lat' dir='ltr'><strong>nihil</strong></span> <span class='ocrx_word' id='word_1_497' title='bbox 2064 3732 2173 3771; x_wconf 92' lang='lat' dir='ltr'><strong>non</strong></span> <span class='ocrx_word' id='word_1_498' title='bbox 2209 3718 2361 3770; x_wconf 84' lang='lat' dir='ltr'><strong>inva-</strong></span> 
     </span>
    </p>
   </div>
   <div class='ocr_carea' id='block_1_69' title="bbox 774 3806 2360 3882">
    <p class='ocr_par' dir='ltr' id='par_1_69' title="bbox 774 3806 2360 3882">
     <span class='ocr_line' id='line_1_69' title="bbox 774 3806 2360 3882; baseline -0.005 -13"><span class='ocrx_word' id='word_1_499' title='bbox 774 3815 856 3871; x_wconf 92' lang='lat' dir='ltr'><strong>dit</strong></span> <span class='ocrx_word' id='word_1_500' title='bbox 894 3814 1039 3882; x_wconf 90' lang='lat' dir='ltr'><strong>quod</strong></span> <span class='ocrx_word' id='word_1_501' title='bbox 1081 3812 1295 3882; x_wconf 70' lang='lat' dir='ltr'><strong>injuriae</strong></span> <span class='ocrx_word' id='word_1_502' title='bbox 1324 3812 1576 3868; x_wconf 86' lang='lat' dir='ltr'><strong>cesserit.</strong></span> <span class='ocrx_word' id='word_1_503' title='bbox 1605 3809 1735 3865; x_wconf 66' lang='lat' dir='ltr'><strong>Ilaec</strong></span> <span class='ocrx_word' id='word_1_504' title='bbox 1774 3810 1946 3881; x_wconf 87' lang='lat' dir='ltr'><strong>igitur</strong></span> <span class='ocrx_word' id='word_1_505' title='bbox 1995 3824 2119 3863; x_wconf 90' lang='lat' dir='ltr'><strong>cum</strong></span> <span class='ocrx_word' id='word_1_506' title='bbox 2176 3806 2360 3862; x_wconf 91' lang='lat' dir='ltr'><strong>Domi-</strong></span> 
     </span>
    </p>
   </div>
   <div class='ocr_carea' id='block_1_70' title="bbox 778 3898 2360 3974">
    <p class='ocr_par' dir='ltr' id='par_1_70' title="bbox 778 3898 2360 3974">
     <span class='ocr_line' id='line_1_70' title="bbox 778 3898 2360 3974; baseline -0.006 -15"><span class='ocrx_word' id='word_1_507' title='bbox 778 3920 885 3959; x_wconf 89' lang='lat' dir='ltr'><strong>nus</strong></span> <span class='ocrx_word' id='word_1_508' title='bbox 914 3917 1024 3958; x_wconf 93' lang='lat' dir='ltr'><strong>non</strong></span> <span class='ocrx_word' id='word_1_509' title='bbox 1059 3904 1373 3974; x_wconf 85' lang='lat' dir='ltr'><strong>ignoraret,</strong></span> <span class='ocrx_word' id='word_1_510' title='bbox 1411 3918 1535 3957; x_wconf 89' lang='lat' dir='ltr'><strong>cum</strong></span> <span class='ocrx_word' id='word_1_511' title='bbox 1578 3902 1697 3957; x_wconf 83' lang='lat' dir='ltr'><strong>suis</strong></span> <span class='ocrx_word' id='word_1_512' title='bbox 1724 3900 2016 3970; x_wconf 90' lang='lat' dir='ltr'><strong>discipulis</strong></span> <span class='ocrx_word' id='word_1_513' title='bbox 2047 3898 2360 3968; x_wconf 86' lang='lat' dir='ltr'><strong>Hierosoly-</strong></span> 
     </span>
    </p>
   </div>
   <div class='ocr_carea' id='block_1_71' title="bbox 781 3988 2357 4056">
    <p class='ocr_par' dir='ltr' id='par_1_71' title="bbox 781 3988 2357 4056">
     <span class='ocr_line' id='line_1_71' title="bbox 781 3988 2357 4056; baseline -0.003 -10"><span class='ocrx_word' id='word_1_514' title='bbox 781 3995 885 4050; x_wconf 85' lang='lat' dir='ltr'><strong>mis</strong></span> <span class='ocrx_word' id='word_1_515' title='bbox 924 4009 985 4051; x_wconf 86' lang='lat' dir='ltr'><strong>se</strong></span> <span class='ocrx_word' id='word_1_516' title='bbox 1024 3994 1325 4056; x_wconf 87' lang='lat' dir='ltr'><strong>subducit,</strong></span> <span class='ocrx_word' id='word_1_517' title='bbox 1372 4001 1427 4048; x_wconf 86' lang='lat' dir='ltr'><strong>et</strong></span> <span class='ocrx_word' id='word_1_518' title='bbox 1474 3992 1587 4047; x_wconf 84' lang='lat' dir='ltr'><strong>abit</strong></span> <span class='ocrx_word' id='word_1_519' title='bbox 1636 4000 1791 4048; x_wconf 88' lang='lat' dir='ltr'><strong>trans</strong></span> <span class='ocrx_word' id='word_1_520' title='bbox 1841 4006 1991 4045; x_wconf 81' lang='lat' dir='ltr'><strong>mare</strong></span> <span class='ocrx_word' id='word_1_521' title='bbox 2025 3988 2357 4044; x_wconf 83' lang='lat' dir='ltr'><strong>Tiberiadis.</strong></span> 
     </span>
    </p>
   </div>
   <div class='ocr_carea' id='block_1_72' title="bbox 780 4082 2362 4154">
    <p class='ocr_par' dir='ltr' id='par_1_72' title="bbox 780 4082 2362 4154">
     <span class='ocr_line' id='line_1_72' title="bbox 780 4082 2362 4154; baseline -0.003 -14"><span class='ocrx_word' id='word_1_522' title='bbox 780 4084 939 4150; x_wconf 81' lang='lat' dir='ltr'><strong>Quod</strong></span> <span class='ocrx_word' id='word_1_523' title='bbox 980 4094 1164 4139; x_wconf 89' lang='lat' dir='ltr'><strong>autem</strong></span> <span class='ocrx_word' id='word_1_524' title='bbox 1194 4084 1435 4150; x_wconf 66' lang='lat' dir='ltr'><strong>Iudaeos,</strong></span> <span class='ocrx_word' id='word_1_525' title='bbox 1461 4099 1492 4138; x_wconf 90' lang='lat' dir='ltr'><strong>a</strong></span> <span class='ocrx_word' id='word_1_526' title='bbox 1538 4084 1742 4154; x_wconf 87' lang='lat' dir='ltr'><strong>quibus</strong></span> <span class='ocrx_word' id='word_1_527' title='bbox 1766 4082 1834 4137; x_wconf 91' lang='lat' dir='ltr'><strong>ad</strong></span> <span class='ocrx_word' id='word_1_528' title='bbox 1862 4083 2061 4137; x_wconf 70' lang='lat' dir='ltr'><strong>caedem</strong></span> <span class='ocrx_word' id='word_1_529' title='bbox 2101 4082 2362 4151; x_wconf 88' lang='lat' dir='ltr'><strong>deposce—</strong></span> 
     </span>
    </p>
   </div>
   <div class='ocr_carea' id='block_1_73' title="bbox 781 4176 2358 4245">
    <p class='ocr_par' dir='ltr' id='par_1_73' title="bbox 781 4176 2358 4245">
     <span class='ocr_line' id='line_1_73' title="bbox 781 4176 2358 4245; baseline -0.003 -16"><span class='ocrx_word' id='word_1_530' title='bbox 781 4179 964 4243; x_wconf 88' lang='lat' dir='ltr'><strong>batur,</strong></span> <span class='ocrx_word' id='word_1_531' title='bbox 1000 4186 1150 4233; x_wconf 88' lang='lat' dir='ltr'><strong>recte</strong></span> <span class='ocrx_word' id='word_1_532' title='bbox 1189 4176 1419 4240; x_wconf 82' lang='lat' dir='ltr'><strong>devitet,</strong></span> <span class='ocrx_word' id='word_1_533' title='bbox 1453 4192 1523 4231; x_wconf 76' lang='lat' dir='ltr'><strong>ex</strong></span> <span class='ocrx_word' id='word_1_534' title='bbox 1567 4176 1654 4231; x_wconf 86' lang='lat' dir='ltr'><strong>his</strong></span> <span class='ocrx_word' id='word_1_535' title='bbox 1704 4190 1924 4229; x_wconf 89' lang='lat' dir='ltr'><strong>rursum</strong></span> <span class='ocrx_word' id='word_1_536' title='bbox 1975 4186 2358 4245; x_wconf 76' lang='lat' dir='ltr'><strong>agnoscamus.</strong></span> 
     </span>
    </p>
   </div>
   <div class='ocr_carea' id='block_1_74' title="bbox 781 4266 2357 4338">
    <p class='ocr_par' dir='ltr' id='par_1_74' title="bbox 781 4266 2357 4338">
     <span class='ocr_line' id='line_1_74' title="bbox 781 4266 2357 4338; baseline 0 -18"><span class='ocrx_word' id='word_1_537' title='bbox 781 4266 901 4337; x_wconf 88' lang='lat' dir='ltr'><strong>Ipse</strong></span> <span class='ocrx_word' id='word_1_538' title='bbox 923 4269 1070 4324; x_wconf 90' lang='lat' dir='ltr'><strong>enim</strong></span> <span class='ocrx_word' id='word_1_539' title='bbox 1094 4269 1288 4325; x_wconf 86' lang='lat' dir='ltr'><strong>beatus</strong></span> <span class='ocrx_word' id='word_1_540' title='bbox 1313 4268 1653 4338; x_wconf 87' lang='lat' dir='ltr'><strong>evangelista</strong></span> <span class='ocrx_word' id='word_1_541' title='bbox 1684 4268 1735 4322; x_wconf 91' lang='lat' dir='ltr'><strong>id</strong></span> <span class='ocrx_word' id='word_1_542' title='bbox 1760 4267 1997 4321; x_wconf 82' lang='lat' dir='ltr'><strong>declarat</strong></span> <span class='ocrx_word' id='word_1_543' title='bbox 2027 4267 2113 4322; x_wconf 85' lang='lat' dir='ltr'><strong>his</strong></span> <span class='ocrx_word' id='word_1_544' title='bbox 2138 4266 2321 4321; x_wconf 83' lang='lat' dir='ltr'><strong>verbis</strong></span> <span class='ocrx_word' id='word_1_545' title='bbox 2345 4284 2357 4320; x_wconf 91' lang='lat'><strong>:</strong></span> 
     </span>
    </p>
   </div>
   <div class='ocr_carea' id='block_1_75' title="bbox 788 4355 2357 4413">
    <p class='ocr_par' dir='ltr' id='par_1_75' title="bbox 788 4355 2357 4413">
     <span class='ocr_line' id='line_1_75' title="bbox 788 4355 2357 4413; baseline 0.001 -5"><span class='ocrx_word' id='word_1_546' title='bbox 788 4376 805 4408; x_wconf 74' lang='grc' dir='ltr'><strong>ι</strong></span> <span class='ocrx_word' id='word_1_547' title='bbox 839 4356 971 4412; x_wconf 90' lang='lat' dir='ltr'><strong>Post</strong></span> <span class='ocrx_word' id='word_1_548' title='bbox 1014 4357 1129 4411; x_wconf 70' lang='lat' dir='ltr'><strong>bzec</strong></span> <span class='ocrx_word' id='word_1_549' title='bbox 1173 4364 1357 4413; x_wconf 88' lang='lat' dir='ltr'><strong>autem</strong></span> <span class='ocrx_word' id='word_1_550' title='bbox 1414 4357 1734 4412; x_wconf 87' lang='lat' dir='ltr'><strong>ambulabat</strong></span> <span class='ocrx_word' id='word_1_551' title='bbox 1782 4355 1941 4412; x_wconf 73' lang='lat' dir='ltr'><strong>Iesus</strong></span> <span class='ocrx_word' id='word_1_552' title='bbox 1990 4359 2045 4411; x_wconf 93' lang='lat' dir='ltr'><strong>in</strong></span> <span class='ocrx_word' id='word_1_553' title='bbox 2087 4357 2310 4412; x_wconf 76' lang='lat' dir='ltr'><strong>Galilrea</strong></span> <span class='ocrx_word' id='word_1_554' title='bbox 2345 4373 2357 4409; x_wconf 92' lang='lat'><strong>:</strong></span> 
     </span>
    </p>
   </div>
   <div class='ocr_carea' id='block_1_76' title="bbox 785 4446 2361 4519">
    <p class='ocr_par' dir='ltr' id='par_1_76' title="bbox 785 4446 2361 4519">
     <span class='ocr_line' id='line_1_76' title="bbox 785 4446 2361 4519; baseline -0.001 -15"><span class='ocrx_word' id='word_1_555' title='bbox 785 4464 897 4504; x_wconf 91' lang='lat' dir='ltr'><strong>non</strong></span> <span class='ocrx_word' id='word_1_556' title='bbox 933 4447 1079 4506; x_wconf 86' lang='lat' dir='ltr'><strong>enim</strong></span> <span class='ocrx_word' id='word_1_557' title='bbox 1108 4446 1328 4504; x_wconf 78' lang='lat' dir='ltr'><strong>volebat</strong></span> <span class='ocrx_word' id='word_1_558' title='bbox 1350 4449 1404 4504; x_wconf 90' lang='lat' dir='ltr'><strong>in</strong></span> <span class='ocrx_word' id='word_1_559' title='bbox 1434 4447 1619 4504; x_wconf 66' lang='lat' dir='ltr'><strong>Judaia</strong></span> <span class='ocrx_word' id='word_1_560' title='bbox 1652 4448 1957 4515; x_wconf 84' lang='lat' dir='ltr'><strong>ambulare,</strong></span> <span class='ocrx_word' id='word_1_561' title='bbox 1988 4450 2115 4518; x_wconf 89' lang='lat' dir='ltr'><strong>quia</strong></span> <span class='ocrx_word' id='word_1_562' title='bbox 2146 4465 2361 4519; x_wconf 78' lang='lat' dir='ltr'><strong>quaere-</strong></span> 
     </span>
    </p>
   </div>
   <div class='ocr_carea' id='block_1_77' title="bbox 2458 3265 4045 3342">
    <p class='ocr_par' dir='ltr' id='par_1_77' title="bbox 2458 3265 4045 3342">
     <span class='ocr_line' id='line_1_77' title="bbox 2458 3265 4045 3342; baseline -0.004 -17"><span class='ocrx_word' id='word_1_563' title='bbox 2458 3270 2711 3342; x_wconf 80' lang='grc' dir='ltr'>ἀληθοῦς,</span> <span class='ocrx_word' id='word_1_564' title='bbox 2736 3270 2983 3325; x_wconf 87' lang='grc' dir='ltr'>τουτέστι</span> <span class='ocrx_word' id='word_1_565' title='bbox 3019 3270 3119 3339; x_wconf 76' lang='grc' dir='ltr'>τῆς</span> <span class='ocrx_word' id='word_1_566' title='bbox 3164 3268 3272 3322; x_wconf 86' lang='grc' dir='ltr'><strong>τῶν</strong></span> <span class='ocrx_word' id='word_1_567' title='bbox 3320 3267 3587 3338; x_wconf 82' lang='grc' dir='ltr'>σωμάτων</span> <span class='ocrx_word' id='word_1_568' title='bbox 3622 3265 3957 3336; x_wconf 73' lang='grc' dir='ltr'>συμπήξεὼς</span> <span class='ocrx_word' id='word_1_569' title='bbox 3985 3284 4045 3319; x_wconf 83' lang='grc' dir='ltr'><strong>τε</strong></span> 
     </span>
    </p>
   </div>
   <div class='ocr_carea' id='block_1_78' title="bbox 2458 3358 4047 3433">
    <p class='ocr_par' dir='ltr' id='par_1_78' title="bbox 2458 3358 4047 3433">
     <span class='ocr_line' id='line_1_78' title="bbox 2458 3358 4047 3433; baseline -0.004 -17"><span class='ocrx_word' id='word_1_570' title='bbox 2458 3364 2553 3416; x_wconf 79' lang='grc' dir='ltr'>καὶ</span> <span class='ocrx_word' id='word_1_571' title='bbox 2596 3363 2875 3433; x_wconf 83' lang='grc' dir='ltr'>διαμονῆς,</span> <span class='ocrx_word' id='word_1_572' title='bbox 2910 3360 3212 3431; x_wconf 75' lang='grc' dir='ltr'>λελυμένης</span> <span class='ocrx_word' id='word_1_573' title='bbox 3249 3360 3490 3429; x_wconf 87' lang='grc' dir='ltr'>δηλονότι</span> <span class='ocrx_word' id='word_1_574' title='bbox 3534 3359 3635 3427; x_wconf 84' lang='grc' dir='ltr'>τῆς</span> <span class='ocrx_word' id='word_1_575' title='bbox 3682 3358 3913 3427; x_wconf 77' lang='grc' dir='ltr'>φθορᾶς,</span> <span class='ocrx_word' id='word_1_576' title='bbox 3949 3361 4047 3411; x_wconf 73' lang='grc' dir='ltr'>καὶ</span> 
     </span>
    </p>
   </div>
   <div class='ocr_carea' id='block_1_79' title="bbox 2457 3448 4047 3513">
    <p class='ocr_par' dir='ltr' id='par_1_79' title="bbox 2457 3448 4047 3513">
     <span class='ocr_line' id='line_1_79' title="bbox 2457 3448 4047 3513; baseline -0.004 -10"><span class='ocrx_word' id='word_1_577' title='bbox 2457 3454 2551 3507; x_wconf 77' lang='grc' dir='ltr'><strong>τοῦ</strong></span> <span class='ocrx_word' id='word_1_578' title='bbox 2583 3452 2814 3506; x_wconf 85' lang='grc' dir='ltr'>Θανάτου</span> <span class='ocrx_word' id='word_1_579' title='bbox 2844 3452 3097 3513; x_wconf 82' lang='grc' dir='ltr'>πεσόντος</span> <span class='ocrx_word' id='word_1_580' title='bbox 3127 3453 3205 3513; x_wconf 88' lang='grc' dir='ltr'><strong>εἰς</strong></span> <span class='ocrx_word' id='word_1_581' title='bbox 3239 3450 3487 3503; x_wconf 79' lang='grc' dir='ltr'>θάνατον.</span> <span class='ocrx_word' id='word_1_582' title='bbox 3525 3448 3599 3500; x_wconf 88' lang='grc' dir='ltr'><strong>Τὸ</strong></span> <span class='ocrx_word' id='word_1_583' title='bbox 3625 3448 3683 3500; x_wconf 79' lang='grc' dir='ltr'>δὲ</span> <span class='ocrx_word' id='word_1_584' title='bbox 3710 3448 3835 3500; x_wconf 84' lang='grc' dir='ltr'>ὅσον</span> <span class='ocrx_word' id='word_1_585' title='bbox 3869 3448 4047 3500; x_wconf 62' lang='grc' dir='ltr'>εἰπεῖν</span> 
     </span>
    </p>
   </div>
   <div class='ocr_carea' id='block_1_80' title="bbox 2459 3541 4047 3616">
    <p class='ocr_par' dir='ltr' id='par_1_80' title="bbox 2459 3541 4047 3616">
     <span class='ocr_line' id='line_1_80' title="bbox 2459 3541 4047 3616; baseline -0.005 -16"><span class='ocrx_word' id='word_1_586' title='bbox 2459 3551 2539 3611; x_wconf 86' lang='grc' dir='ltr'><strong>εἰς</strong></span> <span class='ocrx_word' id='word_1_587' title='bbox 2575 3548 2637 3600; x_wconf 83' lang='grc' dir='ltr'>τὸ</span> <span class='ocrx_word' id='word_1_588' title='bbox 2687 3549 2751 3599; x_wconf 78' lang='grc' dir='ltr'>ὲκ</span> <span class='ocrx_word' id='word_1_589' title='bbox 2796 3546 2895 3616; x_wconf 83' lang='grc' dir='ltr'><strong>τῆς</strong></span> <span class='ocrx_word' id='word_1_590' title='bbox 2953 3544 3194 3612; x_wconf 76' lang='grc' dir='ltr'>ἱστορίας</span> <span class='ocrx_word' id='word_1_591' title='bbox 3221 3542 3467 3612; x_wconf 79' lang='grc' dir='ltr'>γίνεσθαι</span> <span class='ocrx_word' id='word_1_592' title='bbox 3503 3542 3767 3609; x_wconf 69' lang='grc' dir='ltr'>πεφυκὸς,</span> <span class='ocrx_word' id='word_1_593' title='bbox 3811 3541 4047 3611; x_wconf 70' lang='grc' dir='ltr'>ἀριθμὸν</span> 
     </span>
    </p>
   </div>
   <div class='ocr_carea' id='block_1_81' title="bbox 2458 3634 4046 3709">
    <p class='ocr_par' dir='ltr' id='par_1_81' title="bbox 2458 3634 4046 3709">
     <span class='ocr_line' id='line_1_81' title="bbox 2458 3634 4046 3709; baseline -0.004 -16"><span class='ocrx_word' id='word_1_594' title='bbox 2458 3642 2557 3693; x_wconf 85' lang='grc' dir='ltr'><strong>οὑκ</strong></span> <span class='ocrx_word' id='word_1_595' title='bbox 2577 3640 2693 3709; x_wconf 75' lang='grc' dir='ltr'>ᾔδει</span> <span class='ocrx_word' id='word_1_596' title='bbox 2720 3638 2827 3691; x_wconf 87' lang='grc' dir='ltr'><strong>τῶν</strong></span> <span class='ocrx_word' id='word_1_597' title='bbox 2851 3636 3246 3691; x_wconf 76' lang='grc' dir='ltr'>ἀναδαινόντων</span> <span class='ocrx_word' id='word_1_598' title='bbox 3268 3636 3347 3697; x_wconf 91' lang='grc' dir='ltr'><strong>εἰς</strong></span> <span class='ocrx_word' id='word_1_599' title='bbox 3380 3634 3732 3705; x_wconf 82' lang='grc' dir='ltr'>Ἰερουσαλὴμ</span> <span class='ocrx_word' id='word_1_600' title='bbox 3754 3635 3788 3703; x_wconf 84' lang='grc' dir='ltr'>ἠ</span> <span class='ocrx_word' id='word_1_601' title='bbox 3811 3634 4046 3702; x_wconf 77' lang='grc' dir='ltr'>πληθὺς,</span> 
     </span>
    </p>
   </div>
   <div class='ocr_carea' id='block_1_82' title="bbox 2460 3721 4050 3799">
    <p class='ocr_par' dir='ltr' id='par_1_82' title="bbox 2460 3721 4050 3799">
     <span class='ocr_line' id='line_1_82' title="bbox 2460 3721 4050 3799; baseline -0.006 -16"><span class='ocrx_word' id='word_1_602' title='bbox 2460 3731 2555 3784; x_wconf 76' lang='grc' dir='ltr'>καὶ</span> <span class='ocrx_word' id='word_1_603' title='bbox 2593 3725 2661 3799; x_wconf 80' lang='grc' dir='ltr'>ἦν</span> <span class='ocrx_word' id='word_1_604' title='bbox 2690 3728 2755 3798; x_wconf 85' lang='grc' dir='ltr'>δὴ</span> <span class='ocrx_word' id='word_1_605' title='bbox 2790 3726 3022 3797; x_wconf 87' lang='grc' dir='ltr'>μάλιστα</span> <span class='ocrx_word' id='word_1_606' title='bbox 3072 3727 3192 3779; x_wconf 78' lang='grc' dir='ltr'>κατ’</span> <span class='ocrx_word' id='word_1_607' title='bbox 3228 3726 3403 3777; x_wconf 68' lang='grc' dir='ltr'>έκεῖνο</span> <span class='ocrx_word' id='word_1_608' title='bbox 3437 3721 3631 3793; x_wconf 91' lang='grc' dir='ltr'>καιροῦ</span> <span class='ocrx_word' id='word_1_609' title='bbox 3684 3721 3858 3774; x_wconf 85' lang='grc' dir='ltr'>πολλά</span> <span class='ocrx_word' id='word_1_610' title='bbox 3887 3722 4050 3775; x_wconf 70' lang='grc' dir='ltr'>δύναα</span> 
     </span>
    </p>
   </div>
   <div class='ocr_carea' id='block_1_83' title="bbox 2462 3813 4051 3889">
    <p class='ocr_par' dir='ltr' id='par_1_83' title="bbox 2462 3813 4051 3889">
     <span class='ocr_line' id='line_1_83' title="bbox 2462 3813 4051 3889; baseline -0.006 -13"><span class='ocrx_word' id='word_1_611' title='bbox 2462 3821 2584 3876; x_wconf 85' lang='grc' dir='ltr'>σθαι</span> <span class='ocrx_word' id='word_1_612' title='bbox 2625 3821 2747 3882; x_wconf 78' lang='grc' dir='ltr'>τοὺς</span> <span class='ocrx_word' id='word_1_613' title='bbox 2792 3818 3115 3889; x_wconf 76' lang='grc' dir='ltr'>Φαρισαίους</span> <span class='ocrx_word' id='word_1_614' title='bbox 3147 3816 3311 3880; x_wconf 83' lang='grc' dir='ltr'>εἰκὸς,</span> <span class='ocrx_word' id='word_1_615' title='bbox 3350 3813 3733 3883; x_wconf 84' lang='grc' dir='ltr'>συναγορεύειν</span> <span class='ocrx_word' id='word_1_616' title='bbox 3778 3814 3857 3883; x_wconf 83' lang='grc' dir='ltr'><strong>τῷ</strong></span> <span class='ocrx_word' id='word_1_617' title='bbox 3898 3814 4051 3884; x_wconf 81' lang='grc' dir='ltr'>νόμῳ</span> 
     </span>
    </p>
   </div>
   <div class='ocr_carea' id='block_1_84' title="bbox 2463 3906 4051 3986">
    <p class='ocr_par' dir='ltr' id='par_1_84' title="bbox 2463 3906 4051 3986">
     <span class='ocr_line' id='line_1_84' title="bbox 2463 3906 4051 3986; baseline -0.006 -18"><span class='ocrx_word' id='word_1_618' title='bbox 2463 3913 2983 3986; x_wconf 83' lang='grc' dir='ltr'>προσποιουμένους,</span> <span class='ocrx_word' id='word_1_619' title='bbox 3022 3910 3115 3962; x_wconf 77' lang='grc' dir='ltr'>καὶ</span> <span class='ocrx_word' id='word_1_620' title='bbox 3150 3908 3226 3971; x_wconf 86' lang='grc' dir='ltr'>ὡς</span> <span class='ocrx_word' id='word_1_621' title='bbox 3260 3909 3317 3959; x_wconf 83' lang='grc' dir='ltr'>ἐν</span> <span class='ocrx_word' id='word_1_622' title='bbox 3363 3907 3558 3977; x_wconf 79' lang='grc' dir='ltr'>πλήθει</span> <span class='ocrx_word' id='word_1_623' title='bbox 3606 3906 3847 3975; x_wconf 83' lang='grc' dir='ltr'>τοσούτῳ</span> <span class='ocrx_word' id='word_1_624' title='bbox 3888 3925 4051 3960; x_wconf 80' lang='grc' dir='ltr'>καταο</span> 
     </span>
    </p>
   </div>
   <div class='ocr_carea' id='block_1_85' title="bbox 2462 3995 4049 4070">
    <p class='ocr_par' dir='ltr' id='par_1_85' title="bbox 2462 3995 4049 4070">
     <span class='ocr_line' id='line_1_85' title="bbox 2462 3995 4049 4070; baseline -0.007 -13"><span class='ocrx_word' id='word_1_625' title='bbox 2462 4004 2700 4065; x_wconf 76' lang='grc' dir='ltr'>ϐοῶντας</span> <span class='ocrx_word' id='word_1_626' title='bbox 2761 4001 2855 4054; x_wconf 87' lang='grc' dir='ltr'><strong>τοῦ</strong></span> <span class='ocrx_word' id='word_1_627' title='bbox 2916 3998 3385 4070; x_wconf 76' lang='grc' dir='ltr'>παραϐαίνοντος,</span> <span class='ocrx_word' id='word_1_628' title='bbox 3448 3996 3481 4066; x_wconf 74' lang='grc' dir='ltr'>ἢ</span> <span class='ocrx_word' id='word_1_629' title='bbox 3540 3996 3634 4049; x_wconf 73' lang='grc' dir='ltr'>καὶ</span> <span class='ocrx_word' id='word_1_630' title='bbox 3688 3995 4049 4065; x_wconf 67' lang='grc' dir='ltr'>παραϐαίνειν</span> 
     </span>
    </p>
   </div>
   <div class='ocr_carea' id='block_1_86' title="bbox 2462 4087 4052 4166">
    <p class='ocr_par' dir='ltr' id='par_1_86' title="bbox 2462 4087 4052 4166">
     <span class='ocr_line' id='line_1_86' title="bbox 2462 4087 4052 4166; baseline -0.008 -15"><span class='ocrx_word' id='word_1_631' title='bbox 2462 4097 2736 4166; x_wconf 76' lang='grc' dir='ltr'>οἰηθέντος</span> <span class='ocrx_word' id='word_1_632' title='bbox 2768 4095 2970 4156; x_wconf 85' lang='grc' dir='ltr'>αὑτοῖς.</span> <span class='ocrx_word' id='word_1_633' title='bbox 3015 4091 3179 4145; x_wconf 82' lang='grc' dir='ltr'>Οὑδὲν</span> <span class='ocrx_word' id='word_1_634' title='bbox 3223 4089 3332 4159; x_wconf 71' lang='grc' dir='ltr'><strong>γὰρ</strong></span> <span class='ocrx_word' id='word_1_635' title='bbox 3373 4088 3510 4151; x_wconf 84' lang='grc' dir='ltr'>ὅλως</span> <span class='ocrx_word' id='word_1_636' title='bbox 3553 4089 3615 4142; x_wconf 82' lang='grc' dir='ltr'>τὸ</span> <span class='ocrx_word' id='word_1_637' title='bbox 3666 4087 3923 4157; x_wconf 73' lang='grc' dir='ltr'>χαλεπὸν,</span> <span class='ocrx_word' id='word_1_638' title='bbox 3959 4088 4052 4140; x_wconf 78' lang='grc' dir='ltr'>τὸν</span> 
     </span>
    </p>
   </div>
   <div class='ocr_carea' id='block_1_87' title="bbox 2461 4173 4049 4257">
    <p class='ocr_par' dir='ltr' id='par_1_87' title="bbox 2461 4173 4049 4257">
     <span class='ocr_line' id='line_1_87' title="bbox 2461 4173 4049 4257; baseline -0.011 -16"><span class='ocrx_word' id='word_1_639' title='bbox 2461 4186 2774 4257; x_wconf 82' lang='grc' dir='ltr'>ἀμέτρητον</span> <span class='ocrx_word' id='word_1_640' title='bbox 2816 4182 2925 4235; x_wconf 87' lang='grc' dir='ltr'><strong>τῶν</strong></span> <span class='ocrx_word' id='word_1_641' title='bbox 2953 4179 3220 4247; x_wconf 87' lang='grc' dir='ltr'>ἀγελαίων</span> <span class='ocrx_word' id='word_1_642' title='bbox 3268 4175 3649 4248; x_wconf 73' lang='grc' dir='ltr'>ἀναρριπίζειν</span> <span class='ocrx_word' id='word_1_643' title='bbox 3693 4173 3881 4244; x_wconf 72' lang='grc' dir='ltr'>ἐσμὸν,</span> <span class='ocrx_word' id='word_1_644' title='bbox 3919 4174 4049 4226; x_wconf 79' lang='grc' dir='ltr'>ὅταν</span> 
     </span>
    </p>
   </div>
   <div class='ocr_carea' id='block_1_88' title="bbox 2462 4266 4046 4344">
    <p class='ocr_par' dir='ltr' id='par_1_88' title="bbox 2462 4266 4046 4344">
     <span class='ocr_line' id='line_1_88' title="bbox 2462 4266 4046 4344; baseline -0.011 -12"><span class='ocrx_word' id='word_1_645' title='bbox 2462 4297 2547 4341; x_wconf 88' lang='grc' dir='ltr'><strong>τις</strong></span> <span class='ocrx_word' id='word_1_646' title='bbox 2585 4277 2746 4331; x_wconf 68' lang='grc' dir='ltr'>αὑτὸν</span> <span class='ocrx_word' id='word_1_647' title='bbox 2774 4271 3065 4344; x_wconf 72' lang='grc' dir='ltr'>ἠδικῆσθαι</span> <span class='ocrx_word' id='word_1_648' title='bbox 3096 4269 3231 4340; x_wconf 82' lang='grc' dir='ltr'>λέγῃ</span> <span class='ocrx_word' id='word_1_649' title='bbox 3263 4268 3355 4320; x_wconf 73' lang='grc' dir='ltr'>καὶ</span> <span class='ocrx_word' id='word_1_650' title='bbox 3394 4266 3755 4337; x_wconf 79' lang='grc' dir='ltr'>παροτρύνειν</span> <span class='ocrx_word' id='word_1_651' title='bbox 3792 4267 4046 4335; x_wconf 81' lang='grc' dir='ltr'>ἐπιχειρῇ</span> 
     </span>
    </p>
   </div>
   <div class='ocr_carea' id='block_1_89' title="bbox 2464 4358 4046 4428">
    <p class='ocr_par' dir='ltr' id='par_1_89' title="bbox 2464 4358 4046 4428">
     <span class='ocr_line' id='line_1_89' title="bbox 2464 4358 4046 4428; baseline -0.01 -5"><span class='ocrx_word' id='word_1_652' title='bbox 2464 4371 2557 4423; x_wconf 77' lang='grc' dir='ltr'>καὶ</span> <span class='ocrx_word' id='word_1_653' title='bbox 2593 4368 2734 4422; x_wconf 88' lang='grc' dir='ltr'><strong>κατά</strong></span> <span class='ocrx_word' id='word_1_654' title='bbox 2759 4366 2869 4420; x_wconf 90' lang='grc' dir='ltr'><strong>τῶν</strong></span> <span class='ocrx_word' id='word_1_655' title='bbox 2908 4362 3222 4417; x_wconf 86' lang='grc' dir='ltr'>λυπούντων</span> <span class='ocrx_word' id='word_1_656' title='bbox 3254 4360 3427 4415; x_wconf 81' lang='grc' dir='ltr'>οὐδέν.</span> <span class='ocrx_word' id='word_1_657' title='bbox 3453 4360 3683 4421; x_wconf 79' lang='grc' dir='ltr'>’Υδατος</span> <span class='ocrx_word' id='word_1_658' title='bbox 3723 4358 3834 4428; x_wconf 72' lang='grc' dir='ltr'>γὰρ</span> <span class='ocrx_word' id='word_1_659' title='bbox 3866 4359 4046 4426; x_wconf 77' lang='grc' dir='ltr'>δίκην,</span> 
     </span>
    </p>
   </div>
   <div class='ocr_carea' id='block_1_90' title="bbox 2418 4450 4048 4559">
    <p class='ocr_par' dir='ltr' id='par_1_90' title="bbox 2418 4450 4048 4559">
     <span class='ocr_line' id='line_1_90' title="bbox 2418 4450 4048 4559; baseline -0.01 -43"><span class='ocrx_word' id='word_1_660' title='bbox 2418 4516 2436 4559; x_wconf 63' lang='grc'><strong>)</strong></span> <span class='ocrx_word' id='word_1_661' title='bbox 2465 4463 2498 4533; x_wconf 81' lang='grc' dir='ltr'>ἢ</span> <span class='ocrx_word' id='word_1_662' title='bbox 2529 4462 2620 4516; x_wconf 73' lang='grc' dir='ltr'>καὶ</span> <span class='ocrx_word' id='word_1_663' title='bbox 2650 4458 2819 4531; x_wconf 79' lang='grc' dir='ltr'>πυρὸς</span> <span class='ocrx_word' id='word_1_664' title='bbox 2850 4456 3182 4527; x_wconf 84' lang='grc' dir='ltr'>ἀδιακρίτοις</span> <span class='ocrx_word' id='word_1_665' title='bbox 3211 4453 3305 4506; x_wconf 70' lang='grc' dir='ltr'>καὶ</span> <span class='ocrx_word' id='word_1_666' title='bbox 3336 4450 3824 4523; x_wconf 78' lang='grc' dir='ltr'>ἁπροαόουλεύτοις</span> <span class='ocrx_word' id='word_1_667' title='bbox 3849 4450 4048 4519; x_wconf 81' lang='grc' dir='ltr'>ὁρμαῖς</span> 
     </span>
    </p>
   </div>
   <div class='ocr_carea' id='block_1_91' title="bbox 783 4539 2355 4625">
    <p class='ocr_par' dir='ltr' id='par_1_91' title="bbox 783 4539 2355 4612">
     <span class='ocr_line' id='line_1_91' title="bbox 783 4539 2355 4612; baseline -0.003 -13"><span class='ocrx_word' id='word_1_668' title='bbox 783 4543 917 4599; x_wconf 88' lang='lat' dir='ltr'><strong>bant</strong></span> <span class='ocrx_word' id='word_1_669' title='bbox 943 4557 1067 4597; x_wconf 89' lang='lat' dir='ltr'><strong>eum</strong></span> <span class='ocrx_word' id='word_1_670' title='bbox 1092 4539 1267 4597; x_wconf 67' lang='lat' dir='ltr'><strong>Judaei</strong></span> <span class='ocrx_word' id='word_1_671' title='bbox 1296 4542 1604 4599; x_wconf 77' lang='lat' dir='ltr'><strong>interﬁcere</strong></span> <span class='ocrx_word' id='word_1_672' title='bbox 1627 4543 1695 4597; x_wconf 85' lang='lat'><strong>&quot;.</strong></span> <span class='ocrx_word' id='word_1_673' title='bbox 1728 4562 1747 4596; x_wconf 73' lang='grc' dir='ltr'><strong>ι</strong></span> <span class='ocrx_word' id='word_1_674' title='bbox 1784 4542 1891 4597; x_wconf 90' lang='lat' dir='ltr'><strong>Sed</strong></span> <span class='ocrx_word' id='word_1_675' title='bbox 1926 4543 2141 4612; x_wconf 82' lang='lat' dir='ltr'><strong>inquiet</strong></span> <span class='ocrx_word' id='word_1_676' title='bbox 2171 4542 2355 4599; x_wconf 86' lang='lat' dir='ltr'><strong>forsan</strong></span> 
     </span>
    </p>
   </div>
   <div class='ocr_carea' id='block_1_92' title="bbox 2456 4539 4048 4625">
    <p class='ocr_par' dir='ltr' id='par_1_92' title="bbox 2465 4540 4048 4625">
     <span class='ocr_line' id='line_1_92' title="bbox 2465 4540 4048 4625; baseline -0.009 -17"><span class='ocrx_word' id='word_1_677' title='bbox 2465 4554 2864 4625; x_wconf 76' lang='grc' dir='ltr'>διαρριπτεῖται</span> <span class='ocrx_word' id='word_1_678' title='bbox 2897 4546 3167 4617; x_wconf 83' lang='grc' dir='ltr'>πανταχῆ,</span> <span class='ocrx_word' id='word_1_679' title='bbox 3221 4545 3318 4598; x_wconf 75' lang='grc' dir='ltr'>καὶ</span> <span class='ocrx_word' id='word_1_680' title='bbox 3361 4542 3496 4615; x_wconf 77' lang='grc' dir='ltr'>πρὸς</span> <span class='ocrx_word' id='word_1_681' title='bbox 3534 4543 3745 4595; x_wconf 75' lang='grc' dir='ltr'>ἅπαντα</span> <span class='ocrx_word' id='word_1_682' title='bbox 3779 4544 3953 4612; x_wconf 84' lang='grc' dir='ltr'>χωρεῖ</span> <span class='ocrx_word' id='word_1_683' title='bbox 3985 4540 4048 4593; x_wconf 75' lang='grc' dir='ltr'><strong>τά</strong></span> 
     </span>
    </p>
   </div>
   <div class='ocr_carea' id='block_1_93' title="bbox 786 4635 2362 4707">
    <p class='ocr_par' dir='ltr' id='par_1_93' title="bbox 786 4635 2362 4707">
     <span class='ocr_line' id='line_1_93' title="bbox 786 4635 2362 4707; baseline 0 -17"><span class='ocrx_word' id='word_1_684' title='bbox 786 4635 1033 4705; x_wconf 80' lang='lat' dir='ltr'><strong>aliquis:</strong></span> <span class='ocrx_word' id='word_1_685' title='bbox 1069 4635 1270 4691; x_wconf 78' lang='lat' dir='ltr'><strong>Fateor</strong></span> <span class='ocrx_word' id='word_1_686' title='bbox 1316 4638 1495 4707; x_wconf 91' lang='lat' dir='ltr'><strong>ipsum</strong></span> <span class='ocrx_word' id='word_1_687' title='bbox 1532 4637 1585 4691; x_wconf 93' lang='lat' dir='ltr'><strong>in</strong></span> <span class='ocrx_word' id='word_1_688' title='bbox 1623 4635 1810 4691; x_wconf 63' lang='lat' dir='ltr'><strong>Iudam</strong></span> <span class='ocrx_word' id='word_1_689' title='bbox 1841 4638 1984 4691; x_wconf 92' lang='lat' dir='ltr'><strong>nolle</strong></span> <span class='ocrx_word' id='word_1_690' title='bbox 2016 4638 2252 4701; x_wconf 79' lang='lat' dir='ltr'><strong>versari,</strong></span> <span class='ocrx_word' id='word_1_691' title='bbox 2294 4652 2362 4690; x_wconf 90' lang='lat' dir='ltr'><strong>ne</strong></span> 
     </span>
    </p>
   </div>
   <div class='ocr_carea' id='block_1_94' title="bbox 788 4730 2359 4788">
    <p class='ocr_par' dir='ltr' id='par_1_94' title="bbox 788 4730 2359 4788">
     <span class='ocr_line' id='line_1_94' title="bbox 788 4730 2359 4788; baseline -0.001 -4"><span class='ocrx_word' id='word_1_692' title='bbox 788 4740 1017 4787; x_wconf 88' lang='lat' dir='ltr'><strong>mortem</strong></span> <span class='ocrx_word' id='word_1_693' title='bbox 1066 4732 1417 4786; x_wconf 84' lang='lat' dir='ltr'><strong>immaturam</strong></span> <span class='ocrx_word' id='word_1_694' title='bbox 1464 4732 1659 4787; x_wconf 86' lang='lat' dir='ltr'><strong>subeat</strong></span> <span class='ocrx_word' id='word_1_695' title='bbox 1702 4746 1717 4783; x_wconf 91' lang='lat'><strong>:</strong></span> <span class='ocrx_word' id='word_1_696' title='bbox 1768 4732 1862 4788; x_wconf 88' lang='lat' dir='ltr'><strong>sed</strong></span> <span class='ocrx_word' id='word_1_697' title='bbox 1919 4739 2105 4785; x_wconf 89' lang='lat' dir='ltr'><strong>utrum</strong></span> <span class='ocrx_word' id='word_1_698' title='bbox 2161 4730 2359 4784; x_wconf 87' lang='lat' dir='ltr'><strong>festum</strong></span> 
     </span>
    </p>
   </div>
   <div class='ocr_carea' id='block_1_95' title="bbox 788 4820 2362 4893">
    <p class='ocr_par' dir='ltr' id='par_1_95' title="bbox 788 4820 2362 4893">
     <span class='ocr_line' id='line_1_95' title="bbox 788 4820 2362 4893; baseline 0.001 -17"><span class='ocrx_word' id='word_1_699' title='bbox 788 4837 1007 4892; x_wconf 85' lang='lat' dir='ltr'><strong>quoque</strong></span> <span class='ocrx_word' id='word_1_700' title='bbox 1040 4822 1245 4892; x_wconf 87' lang='lat' dir='ltr'><strong>fugiat,</strong></span> <span class='ocrx_word' id='word_1_701' title='bbox 1270 4825 1512 4878; x_wconf 86' lang='lat' dir='ltr'><strong>nondum</strong></span> <span class='ocrx_word' id='word_1_702' title='bbox 1546 4823 1813 4893; x_wconf 88' lang='lat' dir='ltr'><strong>intelligo.</strong></span> <span class='ocrx_word' id='word_1_703' title='bbox 1840 4822 2015 4893; x_wconf 81' lang='lat' dir='ltr'><strong>Igitur</strong></span> <span class='ocrx_word' id='word_1_704' title='bbox 2043 4822 2138 4891; x_wconf 91' lang='lat' dir='ltr'><strong>qui</strong></span> <span class='ocrx_word' id='word_1_705' title='bbox 2163 4820 2362 4877; x_wconf 82' lang='lat' dir='ltr'><strong>fratres</strong></span> 
     </span>
    </p>
   </div>
   <div class='ocr_carea' id='block_1_96' title="bbox 788 4914 2361 4983">
    <p class='ocr_par' dir='ltr' id='par_1_96' title="bbox 788 4914 2361 4983">
     <span class='ocr_line' id='line_1_96' title="bbox 788 4914 2361 4983; baseline 0.001 -16"><span class='ocrx_word' id='word_1_706' title='bbox 788 4914 1156 4983; x_wconf 88' lang='lat' dir='ltr'><strong>putabantur,</strong></span> <span class='ocrx_word' id='word_1_707' title='bbox 1189 4915 1257 4969; x_wconf 89' lang='lat' dir='ltr'><strong>ad</strong></span> <span class='ocrx_word' id='word_1_708' title='bbox 1284 4916 1564 4971; x_wconf 86' lang='lat' dir='ltr'><strong>Christum</strong></span> <span class='ocrx_word' id='word_1_709' title='bbox 1592 4916 1865 4971; x_wconf 88' lang='lat' dir='ltr'><strong>accedunt</strong></span> <span class='ocrx_word' id='word_1_710' title='bbox 1895 4917 1949 4972; x_wconf 93' lang='lat' dir='ltr'><strong>in</strong></span> <span class='ocrx_word' id='word_1_711' title='bbox 1976 4917 2198 4972; x_wconf 71' lang='lat' dir='ltr'><strong>Galilaea</strong></span> <span class='ocrx_word' id='word_1_712' title='bbox 2221 4958 2235 4982; x_wconf 94' lang='lat'><strong>,</strong></span> <span class='ocrx_word' id='word_1_713' title='bbox 2277 4918 2361 4970; x_wconf 88' lang='lat' dir='ltr'><strong>di-</strong></span> 
     </span>
    </p>
   </div>
   <div class='ocr_carea' id='block_1_97' title="bbox 790 5004 2362 5072">
    <p class='ocr_par' dir='ltr' id='par_1_97' title="bbox 790 5004 2362 5072">
     <span class='ocr_line' id='line_1_97' title="bbox 790 5004 2362 5072; baseline 0.002 -15"><span class='ocrx_word' id='word_1_714' title='bbox 790 5015 976 5060; x_wconf 71' lang='lat' dir='ltr'><strong>centes</strong></span> <span class='ocrx_word' id='word_1_715' title='bbox 1008 5022 1023 5060; x_wconf 90' lang='lat'><strong>:</strong></span> <span class='ocrx_word' id='word_1_716' title='bbox 1062 5026 1081 5058; x_wconf 76' lang='grc' dir='ltr'><strong>ι</strong></span> <span class='ocrx_word' id='word_1_717' title='bbox 1118 5004 1316 5061; x_wconf 87' lang='lat' dir='ltr'><strong>&#39;fransi</strong></span> <span class='ocrx_word' id='word_1_718' title='bbox 1350 5007 1512 5071; x_wconf 89' lang='lat' dir='ltr'><strong>hinc,</strong></span> <span class='ocrx_word' id='word_1_719' title='bbox 1554 5016 1606 5063; x_wconf 90' lang='lat' dir='ltr'><strong>et</strong></span> <span class='ocrx_word' id='word_1_720' title='bbox 1637 5008 1775 5063; x_wconf 84' lang='lat' dir='ltr'><strong>vade</strong></span> <span class='ocrx_word' id='word_1_721' title='bbox 1812 5008 1868 5063; x_wconf 89' lang='lat' dir='ltr'><strong>in</strong></span> <span class='ocrx_word' id='word_1_722' title='bbox 1894 5008 2172 5072; x_wconf 74' lang='lat' dir='ltr'><strong>Judaaam,</strong></span> <span class='ocrx_word' id='word_1_723' title='bbox 2210 5017 2271 5063; x_wconf 91' lang='lat' dir='ltr'><strong>ut</strong></span> <span class='ocrx_word' id='word_1_724' title='bbox 2311 5016 2362 5061; x_wconf 86' lang='lat' dir='ltr'><strong>et</strong></span> 
     </span>
    </p>
   </div>
   <div class='ocr_carea' id='block_1_98' title="bbox 787 5096 2363 5171">
    <p class='ocr_par' dir='ltr' id='par_1_98' title="bbox 787 5096 2363 5171">
     <span class='ocr_line' id='line_1_98' title="bbox 787 5096 2363 5171; baseline 0.003 -24"><span class='ocrx_word' id='word_1_725' title='bbox 787 5096 1045 5166; x_wconf 88' lang='lat' dir='ltr'><strong>discipuli</strong></span> <span class='ocrx_word' id='word_1_726' title='bbox 1088 5099 1165 5151; x_wconf 90' lang='lat' dir='ltr'><strong>tui</strong></span> <span class='ocrx_word' id='word_1_727' title='bbox 1211 5098 1433 5152; x_wconf 81' lang='lat' dir='ltr'><strong>videant</strong></span> <span class='ocrx_word' id='word_1_728' title='bbox 1475 5114 1644 5168; x_wconf 82' lang='lat' dir='ltr'><strong>Opera</strong></span> <span class='ocrx_word' id='word_1_729' title='bbox 1696 5107 1787 5152; x_wconf 90' lang='lat' dir='ltr'><strong>tua</strong></span> <span class='ocrx_word' id='word_1_730' title='bbox 1832 5116 1954 5171; x_wconf 69' lang='lat' dir='ltr'><strong>qua:</strong></span> <span class='ocrx_word' id='word_1_731' title='bbox 1989 5099 2123 5155; x_wconf 83' lang='lat' dir='ltr'><strong>facis</strong></span> <span class='ocrx_word' id='word_1_732' title='bbox 2152 5102 2190 5154; x_wconf 77' lang='grc' dir='ltr'><strong>ί.</strong></span> <span class='ocrx_word' id='word_1_733' title='bbox 2225 5119 2243 5151; x_wconf 73' lang='grc' dir='ltr'><strong>ι</strong></span> <span class='ocrx_word' id='word_1_734' title='bbox 2281 5100 2363 5154; x_wconf 81' lang='lat' dir='ltr'><strong>Ad</strong></span> 
     </span>
    </p>
   </div>
   <div class='ocr_carea' id='block_1_99' title="bbox 785 5186 2363 5259">
    <p class='ocr_par' dir='ltr' id='par_1_99' title="bbox 785 5186 2363 5259">
     <span class='ocr_line' id='line_1_99' title="bbox 785 5186 2363 5259; baseline 0.003 -22"><span class='ocrx_word' id='word_1_735' title='bbox 785 5202 923 5255; x_wconf 86' lang='lat' dir='ltr'><strong>quos</strong></span> <span class='ocrx_word' id='word_1_736' title='bbox 970 5186 1238 5244; x_wconf 84' lang='lat' dir='ltr'><strong>Dominus</strong></span> <span class='ocrx_word' id='word_1_737' title='bbox 1284 5206 1296 5241; x_wconf 89' lang='lat'><strong>:</strong></span> <span class='ocrx_word' id='word_1_738' title='bbox 1358 5190 1517 5259; x_wconf 80' lang='lat'><strong>271</strong></span> <span class='ocrx_word' id='word_1_739' title='bbox 1583 5208 1601 5241; x_wconf 74' lang='grc' dir='ltr'><strong>ι</strong></span> <span class='ocrx_word' id='word_1_740' title='bbox 1646 5190 1752 5244; x_wconf 84' lang='lat' dir='ltr'><strong>Vos</strong></span> <span class='ocrx_word' id='word_1_741' title='bbox 1802 5191 2090 5246; x_wconf 78' lang='lat' dir='ltr'><strong>ascendite</strong></span> <span class='ocrx_word' id='word_1_742' title='bbox 2120 5191 2187 5243; x_wconf 89' lang='lat' dir='ltr'><strong>ad</strong></span> <span class='ocrx_word' id='word_1_743' title='bbox 2220 5190 2363 5245; x_wconf 82' lang='lat' dir='ltr'><strong>diem</strong></span> 
     </span>
    </p>
   </div>
   <div class='ocr_carea' id='block_1_100' title="bbox 788 5279 2364 5350">
    <p class='ocr_par' dir='ltr' id='par_1_100' title="bbox 788 5279 2364 5350">
     <span class='ocr_line' id='line_1_100' title="bbox 788 5279 2364 5350; baseline 0.001 -19"><span class='ocrx_word' id='word_1_744' title='bbox 788 5280 984 5334; x_wconf 85' lang='lat' dir='ltr'><strong>festum</strong></span> <span class='ocrx_word' id='word_1_745' title='bbox 1016 5279 1205 5335; x_wconf 89' lang='lat' dir='ltr'><strong>hunc:</strong></span> <span class='ocrx_word' id='word_1_746' title='bbox 1256 5296 1359 5350; x_wconf 88' lang='lat' dir='ltr'><strong>ego</strong></span> <span class='ocrx_word' id='word_1_747' title='bbox 1409 5296 1517 5335; x_wconf 91' lang='lat' dir='ltr'><strong>non</strong></span> <span class='ocrx_word' id='word_1_748' title='bbox 1571 5282 1811 5337; x_wconf 87' lang='lat' dir='ltr'><strong>ascendo</strong></span> <span class='ocrx_word' id='word_1_749' title='bbox 1858 5282 1925 5336; x_wconf 87' lang='lat' dir='ltr'><strong>ad</strong></span> <span class='ocrx_word' id='word_1_750' title='bbox 1975 5282 2121 5338; x_wconf 89' lang='lat' dir='ltr'><strong>diem</strong></span> <span class='ocrx_word' id='word_1_751' title='bbox 2166 5281 2364 5337; x_wconf 86' lang='lat' dir='ltr'><strong>festum</strong></span> 
     </span>
    </p>
   </div>
   <div class='ocr_carea' id='block_1_101' title="bbox 788 5372 2365 5445">
    <p class='ocr_par' dir='ltr' id='par_1_101' title="bbox 788 5372 2365 5445">
     <span class='ocr_line' id='line_1_101' title="bbox 788 5372 2365 5445; baseline 0.001 -21"><span class='ocrx_word' id='word_1_752' title='bbox 788 5372 994 5436; x_wconf 89' lang='lat' dir='ltr'><strong>istum,</strong></span> <span class='ocrx_word' id='word_1_753' title='bbox 1071 5375 1202 5439; x_wconf 88' lang='lat' dir='ltr'><strong>quia</strong></span> <span class='ocrx_word' id='word_1_754' title='bbox 1263 5389 1443 5429; x_wconf 90' lang='lat' dir='ltr'><strong>meum</strong></span> <span class='ocrx_word' id='word_1_755' title='bbox 1500 5382 1721 5445; x_wconf 88' lang='lat' dir='ltr'><strong>tempus</strong></span> <span class='ocrx_word' id='word_1_756' title='bbox 1772 5376 2019 5430; x_wconf 91' lang='lat' dir='ltr'><strong>nondum</strong></span> <span class='ocrx_word' id='word_1_757' title='bbox 2084 5376 2365 5445; x_wconf 90' lang='lat' dir='ltr'><strong>impletum</strong></span> 
     </span>
    </p>
   </div>
   <div class='ocr_carea' id='block_1_102' title="bbox 788 5465 2369 5537">
    <p class='ocr_par' dir='ltr' id='par_1_102' title="bbox 788 5465 2369 5537">
     <span class='ocr_line' id='line_1_102' title="bbox 788 5465 2369 5537; baseline 0.001 -22"><span class='ocrx_word' id='word_1_758' title='bbox 788 5471 871 5519; x_wconf 81' lang='lat' dir='ltr'><strong>est</strong></span> <span class='ocrx_word' id='word_1_759' title='bbox 902 5466 944 5518; x_wconf 84' lang='lat'><strong>&#39;.</strong></span> <span class='ocrx_word' id='word_1_760' title='bbox 995 5483 1014 5515; x_wconf 77' lang='grc' dir='ltr'><strong>ι</strong></span> <span class='ocrx_word' id='word_1_761' title='bbox 1070 5465 1290 5519; x_wconf 85' lang='lat' dir='ltr'><strong>Clarum</strong></span> <span class='ocrx_word' id='word_1_762' title='bbox 1333 5467 1501 5537; x_wconf 81' lang='lat' dir='ltr'><strong>igitur</strong></span> <span class='ocrx_word' id='word_1_763' title='bbox 1544 5474 1600 5521; x_wconf 90' lang='lat' dir='ltr'><strong>et</strong></span> <span class='ocrx_word' id='word_1_764' title='bbox 1651 5467 2006 5521; x_wconf 84' lang='lat' dir='ltr'><strong>manifestum</strong></span> <span class='ocrx_word' id='word_1_765' title='bbox 2050 5476 2135 5521; x_wconf 86' lang='lat' dir='ltr'><strong>est</strong></span> <span class='ocrx_word' id='word_1_766' title='bbox 2181 5466 2369 5519; x_wconf 75' lang='lat' dir='ltr'><strong>Salva-</strong></span> 
     </span>
    </p>
   </div>
   <div class='ocr_carea' id='block_1_103' title="bbox 790 5555 2370 5629">
    <p class='ocr_par' dir='ltr' id='par_1_103' title="bbox 790 5555 2370 5629">
     <span class='ocr_line' id='line_1_103' title="bbox 790 5555 2370 5629; baseline 0.003 -24"><span class='ocrx_word' id='word_1_767' title='bbox 790 5562 962 5609; x_wconf 81' lang='lat' dir='ltr'><strong>torem</strong></span> <span class='ocrx_word' id='word_1_768' title='bbox 1011 5555 1339 5611; x_wconf 85' lang='lat' dir='ltr'><strong>discessisse</strong></span> <span class='ocrx_word' id='word_1_769' title='bbox 1389 5557 1821 5629; x_wconf 85' lang='lat' dir='ltr'><strong>Hierosolymis,</strong></span> <span class='ocrx_word' id='word_1_770' title='bbox 1862 5573 1969 5613; x_wconf 89' lang='lat' dir='ltr'><strong>non</strong></span> <span class='ocrx_word' id='word_1_771' title='bbox 1996 5556 2143 5627; x_wconf 92' lang='lat' dir='ltr'><strong>quod</strong></span> <span class='ocrx_word' id='word_1_772' title='bbox 2175 5564 2370 5625; x_wconf 88' lang='lat' dir='ltr'><strong>sponte</strong></span> 
     </span>
    </p>
   </div>
   <div class='ocr_carea' id='block_1_104' title="bbox 791 5639 2371 5720">
    <p class='ocr_par' dir='ltr' id='par_1_104' title="bbox 791 5639 2371 5720">
     <span class='ocr_line' id='line_1_104' title="bbox 791 5639 2371 5720; baseline 0.003 -24"><span class='ocrx_word' id='word_1_773' title='bbox 791 5639 942 5698; x_wconf 90' lang='lat' dir='ltr'><strong>illinc</strong></span> <span class='ocrx_word' id='word_1_774' title='bbox 972 5644 1253 5714; x_wconf 87' lang='lat' dir='ltr'><strong>profectus</strong></span> <span class='ocrx_word' id='word_1_775' title='bbox 1289 5646 1393 5711; x_wconf 85' lang='lat' dir='ltr'><strong>sit,</strong></span> <span class='ocrx_word' id='word_1_776' title='bbox 1432 5648 1527 5702; x_wconf 87' lang='lat' dir='ltr'><strong>scd</strong></span> <span class='ocrx_word' id='word_1_777' title='bbox 1560 5649 1706 5720; x_wconf 93' lang='lat' dir='ltr'><strong>quod</strong></span> <span class='ocrx_word' id='word_1_778' title='bbox 1740 5648 2150 5705; x_wconf 89' lang='lat' dir='ltr'><strong>incredulorum</strong></span> <span class='ocrx_word' id='word_1_779' title='bbox 2180 5647 2371 5702; x_wconf 79' lang='lat' dir='ltr'><strong>nefan-</strong></span> 
     </span>
    </p>
   </div>
   <div class='ocr_carea' id='block_1_105' title="bbox 854 5822 1479 5890">
    <p class='ocr_par' dir='ltr' id='par_1_105' title="bbox 854 5822 1479 5890">
     <span class='ocr_line' id='line_1_105' title="bbox 854 5822 1479 5890; baseline 0.006 -12"><span class='ocrx_word' id='word_1_780' title='bbox 854 5824 903 5856; x_wconf 81' lang='lat'>”</span> <span class='ocrx_word' id='word_1_781' title='bbox 946 5822 1091 5880; x_wconf 85' lang='lat' dir='ltr'><strong>Psal.</strong></span> <span class='ocrx_word' id='word_1_782' title='bbox 1130 5841 1349 5890; x_wconf 74' lang='lat' dir='ltr'><strong>sum,</strong></span> <span class='ocrx_word' id='word_1_783' title='bbox 1388 5826 1479 5882; x_wconf 78' lang='lat' dir='ltr'><strong>2i.</strong></span> 
     </span>
    </p>
   </div>
   <div class='ocr_carea' id='block_1_106' title="bbox 2470 4634 4049 4713">
    <p class='ocr_par' dir='ltr' id='par_1_106' title="bbox 2470 4634 4049 4713">
     <span class='ocr_line' id='line_1_106' title="bbox 2470 4634 4049 4713; baseline -0.01 -13"><span class='ocrx_word' id='word_1_784' title='bbox 2470 4646 2663 4700; x_wconf 79' lang='grc' dir='ltr'>παθεῖν</span> <span class='ocrx_word' id='word_1_785' title='bbox 2719 4642 3039 4713; x_wconf 81' lang='grc' dir='ltr'>ἀνεχόμενα.</span> <span class='ocrx_word' id='word_1_786' title='bbox 3089 4638 3276 4694; x_wconf 89' lang='grc' dir='ltr'>Ταῦτα</span> <span class='ocrx_word' id='word_1_787' title='bbox 3324 4637 3506 4689; x_wconf 83' lang='grc' dir='ltr'>τοίνυν</span> <span class='ocrx_word' id='word_1_788' title='bbox 3550 4635 3649 4687; x_wconf 88' lang='grc' dir='ltr'><strong>οὑκ</strong></span> <span class='ocrx_word' id='word_1_789' title='bbox 3694 4636 3973 4703; x_wconf 75' lang='grc' dir='ltr'>ἀγνοήσας</span> <span class='ocrx_word' id='word_1_790' title='bbox 4024 4634 4049 4684; x_wconf 88' lang='lat'><strong>6</strong></span> 
     </span>
    </p>
   </div>
   <div class='ocr_carea' id='block_1_107' title="bbox 2469 4724 4049 4809">
    <p class='ocr_par' dir='ltr' id='par_1_107' title="bbox 2469 4724 4049 4809">
     <span class='ocr_line' id='line_1_107' title="bbox 2469 4724 4049 4809; baseline -0.011 -16"><span class='ocrx_word' id='word_1_791' title='bbox 2469 4739 2672 4809; x_wconf 83' lang='grc' dir='ltr'>Κύριος</span> <span class='ocrx_word' id='word_1_792' title='bbox 2710 4733 3073 4789; x_wconf 85' lang='grc' dir='ltr'>ὑπεκκλέπτει</span> <span class='ocrx_word' id='word_1_793' title='bbox 3130 4731 3229 4801; x_wconf 86' lang='grc' dir='ltr'>μὲν</span> <span class='ocrx_word' id='word_1_794' title='bbox 3262 4730 3364 4799; x_wconf 71' lang='grc' dir='ltr'>τῆς</span> <span class='ocrx_word' id='word_1_795' title='bbox 3403 4724 3757 4798; x_wconf 68' lang='grc' dir='ltr'>Ἰερουσαλὴμ</span> <span class='ocrx_word' id='word_1_796' title='bbox 3790 4726 3909 4794; x_wconf 76' lang='grc' dir='ltr'>ἅμα</span> <span class='ocrx_word' id='word_1_797' title='bbox 3941 4726 4049 4787; x_wconf 82' lang='grc' dir='ltr'>τοῖς</span> 
     </span>
    </p>
   </div>
   <div class='ocr_carea' id='block_1_108' title="bbox 2472 4816 4051 4901">
    <p class='ocr_par' dir='ltr' id='par_1_108' title="bbox 2472 4816 4051 4901">
     <span class='ocr_line' id='line_1_108' title="bbox 2472 4816 4051 4901; baseline -0.013 -17"><span class='ocrx_word' id='word_1_798' title='bbox 2472 4830 2739 4901; x_wconf 80' lang='grc' dir='ltr'>μαθηταῖς</span> <span class='ocrx_word' id='word_1_799' title='bbox 2769 4826 2979 4891; x_wconf 78' lang='grc' dir='ltr'>ἑαυτὸν,</span> <span class='ocrx_word' id='word_1_800' title='bbox 3014 4824 3319 4891; x_wconf 86' lang='grc' dir='ltr'>ἀφικνεῖται</span> <span class='ocrx_word' id='word_1_801' title='bbox 3350 4819 3405 4872; x_wconf 83' lang='grc' dir='ltr'>δὲ</span> <span class='ocrx_word' id='word_1_802' title='bbox 3437 4819 3536 4888; x_wconf 81' lang='grc' dir='ltr'>τῆς</span> <span class='ocrx_word' id='word_1_803' title='bbox 3566 4816 3842 4883; x_wconf 84' lang='grc' dir='ltr'>θαλάσσης</span> <span class='ocrx_word' id='word_1_804' title='bbox 3879 4817 4051 4885; x_wconf 79' lang='grc' dir='ltr'>πέραν</span> 
     </span>
    </p>
   </div>
   <div class='ocr_carea' id='block_1_109' title="bbox 2469 4907 4052 4990">
    <p class='ocr_par' dir='ltr' id='par_1_109' title="bbox 2469 4907 4052 4990">
     <span class='ocr_line' id='line_1_109' title="bbox 2469 4907 4052 4990; baseline -0.011 -17"><span class='ocrx_word' id='word_1_805' title='bbox 2469 4921 2571 4990; x_wconf 75' lang='grc' dir='ltr'>τῆς</span> <span class='ocrx_word' id='word_1_806' title='bbox 2615 4917 2962 4989; x_wconf 77' lang='grc' dir='ltr'>Τιϐεριάδος·</span> <span class='ocrx_word' id='word_1_807' title='bbox 3006 4916 3085 4967; x_wconf 81' lang='grc' dir='ltr'>ὅτι</span> <span class='ocrx_word' id='word_1_808' title='bbox 3132 4912 3188 4965; x_wconf 86' lang='grc' dir='ltr'>δὲ</span> <span class='ocrx_word' id='word_1_809' title='bbox 3231 4910 3507 4979; x_wconf 78' lang='grc' dir='ltr'>φονῶντας</span> <span class='ocrx_word' id='word_1_810' title='bbox 3538 4908 3889 4977; x_wconf 85' lang='grc' dir='ltr'>παραιτεῖται</span> <span class='ocrx_word' id='word_1_811' title='bbox 3933 4907 4052 4967; x_wconf 66' lang='grc' dir='ltr'>τοὺς</span> 
     </span>
    </p>
   </div>
   <div class='ocr_carea' id='block_1_110' title="bbox 2478 4998 4055 5077">
    <p class='ocr_par' dir='ltr' id='par_1_110' title="bbox 2478 4998 4055 5077">
     <span class='ocr_line' id='line_1_110' title="bbox 2478 4998 4055 5077; baseline -0.011 -10"><span class='ocrx_word' id='word_1_812' title='bbox 2478 5012 2787 5075; x_wconf 89' lang='grc' dir='ltr'>Ἰουδαίους,</span> <span class='ocrx_word' id='word_1_813' title='bbox 2818 5007 2999 5071; x_wconf 86' lang='grc' dir='ltr'>καλῶς</span> <span class='ocrx_word' id='word_1_814' title='bbox 3039 5006 3102 5077; x_wconf 79' lang='grc' dir='ltr'>δὴ</span> <span class='ocrx_word' id='word_1_815' title='bbox 3135 5005 3279 5075; x_wconf 80' lang='grc' dir='ltr'>μάλα</span> <span class='ocrx_word' id='word_1_816' title='bbox 3326 5003 3533 5065; x_wconf 89' lang='grc' dir='ltr'>ποιῶν,</span> <span class='ocrx_word' id='word_1_817' title='bbox 3574 4999 3835 5069; x_wconf 85' lang='grc' dir='ltr'>εἰσόμεθα</span> <span class='ocrx_word' id='word_1_818' title='bbox 3893 4998 4055 5052; x_wconf 81' lang='grc' dir='ltr'>πάλιν</span> 
     </span>
    </p>
   </div>
   <div class='ocr_carea' id='block_1_111' title="bbox 2467 5090 4053 5167">
    <p class='ocr_par' dir='ltr' id='par_1_111' title="bbox 2467 5090 4053 5167">
     <span class='ocr_line' id='line_1_111' title="bbox 2467 5090 4053 5167; baseline -0.011 -8"><span class='ocrx_word' id='word_1_819' title='bbox 2467 5106 2561 5159; x_wconf 80' lang='grc' dir='ltr'>καὶ</span> <span class='ocrx_word' id='word_1_820' title='bbox 2591 5104 2679 5157; x_wconf 75' lang='grc' dir='ltr'><strong>διὰ</strong></span> <span class='ocrx_word' id='word_1_821' title='bbox 2711 5102 2937 5155; x_wconf 80' lang='grc' dir='ltr'>τούτων.</span> <span class='ocrx_word' id='word_1_822' title='bbox 2989 5098 3149 5166; x_wconf 85' lang='grc' dir='ltr'>Λέγει</span> <span class='ocrx_word' id='word_1_823' title='bbox 3186 5095 3295 5167; x_wconf 80' lang='grc' dir='ltr'>γὰρ</span> <span class='ocrx_word' id='word_1_824' title='bbox 3325 5094 3484 5158; x_wconf 77' lang='grc' dir='ltr'>αὐτὸς</span> <span class='ocrx_word' id='word_1_825' title='bbox 3515 5096 3543 5147; x_wconf 88' lang='grc' dir='ltr'><strong>δ</strong></span> <span class='ocrx_word' id='word_1_826' title='bbox 3573 5091 3841 5163; x_wconf 80' lang='grc' dir='ltr'>μακάριος</span> <span class='ocrx_word' id='word_1_827' title='bbox 3878 5090 4053 5157; x_wconf 83' lang='grc' dir='ltr'>Εὑαγ-</span> 
     </span>
    </p>
   </div>
   <div class='ocr_carea' id='block_1_112' title="bbox 2470 5177 4056 5264">
    <p class='ocr_par' dir='ltr' id='par_1_112' title="bbox 2470 5177 4056 5264">
     <span class='ocr_line' id='line_1_112' title="bbox 2470 5177 4056 5264; baseline -0.011 -15"><span class='ocrx_word' id='word_1_828' title='bbox 2470 5194 2760 5264; x_wconf 80' lang='grc' dir='ltr'>γελιστής·</span> <span class='ocrx_word' id='word_1_829' title='bbox 2792 5211 2810 5242; x_wconf 75' lang='grc' dir='ltr'><strong>ι</strong></span> <span class='ocrx_word' id='word_1_830' title='bbox 2850 5190 2959 5243; x_wconf 76' lang='grc' dir='ltr'><strong>Καὶ</strong></span> <span class='ocrx_word' id='word_1_831' title='bbox 2994 5186 3132 5259; x_wconf 88' lang='grc' dir='ltr'><strong>μετά</strong></span> <span class='ocrx_word' id='word_1_832' title='bbox 3175 5186 3347 5239; x_wconf 89' lang='grc' dir='ltr'>ταῦτα</span> <span class='ocrx_word' id='word_1_833' title='bbox 3399 5182 3720 5253; x_wconf 84' lang='grc' dir='ltr'>περιεπάτει</span> <span class='ocrx_word' id='word_1_834' title='bbox 3768 5181 3797 5231; x_wconf 80' lang='grc' dir='ltr'>ὁ</span> <span class='ocrx_word' id='word_1_835' title='bbox 3845 5177 4056 5250; x_wconf 76' lang='grc' dir='ltr'>Ἰησοῦς</span> 
     </span>
    </p>
   </div>
   <div class='ocr_carea' id='block_1_113' title="bbox 2474 5269 4055 5354">
    <p class='ocr_par' dir='ltr' id='par_1_113' title="bbox 2474 5269 4055 5354">
     <span class='ocr_line' id='line_1_113' title="bbox 2474 5269 4055 5354; baseline -0.01 -17"><span class='ocrx_word' id='word_1_836' title='bbox 2474 5286 2531 5338; x_wconf 69' lang='grc' dir='ltr'>ἐν</span> <span class='ocrx_word' id='word_1_837' title='bbox 2562 5286 2629 5354; x_wconf 79' lang='grc' dir='ltr'>τῇ</span> <span class='ocrx_word' id='word_1_838' title='bbox 2655 5280 2944 5350; x_wconf 79' lang='grc' dir='ltr'><strong>Γαλιλαίᾳ⁸</strong></span> <span class='ocrx_word' id='word_1_839' title='bbox 2976 5279 3036 5331; x_wconf 93' lang='grc' dir='ltr'><strong>οὑ</strong></span> <span class='ocrx_word' id='word_1_840' title='bbox 3072 5276 3178 5347; x_wconf 88' lang='grc' dir='ltr'><strong>γάρ</strong></span> <span class='ocrx_word' id='word_1_841' title='bbox 3217 5272 3406 5345; x_wconf 74' lang='grc' dir='ltr'>ἢθελεν</span> <span class='ocrx_word' id='word_1_842' title='bbox 3440 5274 3496 5325; x_wconf 81' lang='grc' dir='ltr'>ὲν</span> <span class='ocrx_word' id='word_1_843' title='bbox 3527 5272 3593 5342; x_wconf 81' lang='grc' dir='ltr'>τῇ</span> <span class='ocrx_word' id='word_1_844' title='bbox 3641 5269 3870 5339; x_wconf 67' lang='grc' dir='ltr'>Ἰουδαίᾳ</span> <span class='ocrx_word' id='word_1_845' title='bbox 3905 5286 4055 5340; x_wconf 77' lang='grc' dir='ltr'>περι-</span> 
     </span>
    </p>
   </div>
   <div class='ocr_carea' id='block_1_114' title="bbox 2476 5363 4054 5439">
    <p class='ocr_par' dir='ltr' id='par_1_114' title="bbox 2476 5363 4054 5439">
     <span class='ocr_line' id='line_1_114' title="bbox 2476 5363 4054 5439; baseline -0.009 -14"><span class='ocrx_word' id='word_1_846' title='bbox 2476 5375 2683 5436; x_wconf 78' lang='grc' dir='ltr'>πατεῖν,</span> <span class='ocrx_word' id='word_1_847' title='bbox 2728 5371 2810 5423; x_wconf 85' lang='grc' dir='ltr'>ὅτι</span> <span class='ocrx_word' id='word_1_848' title='bbox 2849 5370 3072 5439; x_wconf 72' lang='grc' dir='ltr'>ἐζήτουν</span> <span class='ocrx_word' id='word_1_849' title='bbox 3107 5366 3269 5420; x_wconf 74' lang='grc' dir='ltr'>αὑτὸν</span> <span class='ocrx_word' id='word_1_850' title='bbox 3301 5367 3349 5417; x_wconf 84' lang='grc' dir='ltr'><strong>οἰ</strong></span> <span class='ocrx_word' id='word_1_851' title='bbox 3388 5364 3623 5417; x_wconf 74' lang='grc' dir='ltr'>Ἰουδαῖοι</span> <span class='ocrx_word' id='word_1_852' title='bbox 3657 5363 4000 5415; x_wconf 76' lang='grc' dir='ltr'>ἀποκτεῖναι.</span> <span class='ocrx_word' id='word_1_853' title='bbox 4036 5380 4054 5411; x_wconf 76' lang='grc' dir='ltr'><strong>ι</strong></span> 
     </span>
    </p>
   </div>
   <div class='ocr_carea' id='block_1_115' title="bbox 2477 5452 4054 5532">
    <p class='ocr_par' dir='ltr' id='par_1_115' title="bbox 2477 5452 4054 5532">
     <span class='ocr_line' id='line_1_115' title="bbox 2477 5452 4054 5532; baseline -0.01 -15"><span class='ocrx_word' id='word_1_854' title='bbox 2477 5464 2603 5518; x_wconf 75' lang='grc' dir='ltr'>Ὀτι</span> <span class='ocrx_word' id='word_1_855' title='bbox 2635 5462 2735 5532; x_wconf 79' lang='grc' dir='ltr'>μὲν</span> <span class='ocrx_word' id='word_1_856' title='bbox 2777 5456 2870 5514; x_wconf 81' lang='grc' dir='ltr'><strong>οὖν</strong></span> <span class='ocrx_word' id='word_1_857' title='bbox 2917 5460 3263 5531; x_wconf 84' lang='grc' dir='ltr'>παραιτεῖται</span> <span class='ocrx_word' id='word_1_858' title='bbox 3310 5456 3371 5508; x_wconf 82' lang='grc' dir='ltr'>τὸ</span> <span class='ocrx_word' id='word_1_859' title='bbox 3415 5456 3477 5507; x_wconf 82' lang='grc' dir='ltr'>ἐν</span> <span class='ocrx_word' id='word_1_860' title='bbox 3528 5456 3593 5523; x_wconf 83' lang='grc' dir='ltr'>τῇ</span> <span class='ocrx_word' id='word_1_861' title='bbox 3644 5452 3877 5521; x_wconf 70' lang='grc' dir='ltr'>Ἰουδαίᾳ</span> <span class='ocrx_word' id='word_1_862' title='bbox 3908 5469 4054 5521; x_wconf 70' lang='grc' dir='ltr'>περιο</span> 
     </span>
    </p>
   </div>
   <div class='ocr_carea' id='block_1_116' title="bbox 2478 5544 4064 5624">
    <p class='ocr_par' dir='ltr' id='par_1_116' title="bbox 2478 5544 4064 5624">
     <span class='ocr_line' id='line_1_116' title="bbox 2478 5544 4064 5624; baseline -0.009 -15"><span class='ocrx_word' id='word_1_863' title='bbox 2478 5558 2687 5617; x_wconf 85' lang='grc' dir='ltr'>πατεῖν,</span> <span class='ocrx_word' id='word_1_864' title='bbox 2717 5554 2803 5607; x_wconf 84' lang='grc' dir='ltr'>ἵνα</span> <span class='ocrx_word' id='word_1_865' title='bbox 2840 5553 2915 5624; x_wconf 81' lang='grc' dir='ltr'>μὴ</span> <span class='ocrx_word' id='word_1_866' title='bbox 2960 5552 3207 5624; x_wconf 88' lang='grc' dir='ltr'>πρόωρον</span> <span class='ocrx_word' id='word_1_867' title='bbox 3239 5547 3506 5619; x_wconf 75' lang='grc' dir='ltr'>ὑπομείνῃ</span> <span class='ocrx_word' id='word_1_868' title='bbox 3533 5547 3625 5598; x_wconf 74' lang='grc' dir='ltr'><strong>τὸν</strong></span> <span class='ocrx_word' id='word_1_869' title='bbox 3656 5544 3908 5605; x_wconf 79' lang='grc' dir='ltr'>θάνατον,</span> <span class='ocrx_word' id='word_1_870' title='bbox 3943 5559 4064 5609; x_wconf 68' lang='grc' dir='ltr'>συγ-</span> 
     </span>
    </p>
   </div>
   <div class='ocr_carea' id='block_1_117' title="bbox 2478 5630 4052 5714">
    <p class='ocr_par' dir='ltr' id='par_1_117' title="bbox 2478 5630 4052 5714">
     <span class='ocr_line' id='line_1_117' title="bbox 2478 5630 4052 5714; baseline -0.01 -16"><span class='ocrx_word' id='word_1_871' title='bbox 2478 5644 2813 5709; x_wconf 76' lang='grc' dir='ltr'>κατανεύσω,</span> <span class='ocrx_word' id='word_1_872' title='bbox 2845 5643 3029 5714; x_wconf 78' lang='grc' dir='ltr'>φησὶν,</span> <span class='ocrx_word' id='word_1_873' title='bbox 3063 5642 3178 5713; x_wconf 76' lang='grc' dir='ltr'>ἐρεῖ</span> <span class='ocrx_word' id='word_1_874' title='bbox 3216 5656 3299 5701; x_wconf 88' lang='grc' dir='ltr'><strong>τις</strong></span> <span class='ocrx_word' id='word_1_875' title='bbox 3333 5636 3517 5707; x_wconf 70' lang='grc' dir='ltr'>τυχὸν,</span> <span class='ocrx_word' id='word_1_876' title='bbox 3552 5633 3667 5689; x_wconf 79' lang='grc' dir='ltr'>ἀλλ’</span> <span class='ocrx_word' id='word_1_877' title='bbox 3709 5634 3758 5686; x_wconf 83' lang='grc' dir='ltr'><strong>εί</strong></span> <span class='ocrx_word' id='word_1_878' title='bbox 3798 5634 3898 5687; x_wconf 69' lang='grc' dir='ltr'>καὶ</span> <span class='ocrx_word' id='word_1_879' title='bbox 3931 5630 4052 5702; x_wconf 69' lang='grc' dir='ltr'>φεύο</span> 
     </span>
    </p>
   </div>
   <div class='ocr_carea' id='block_1_118' title="bbox 1590 5823 2795 5893">
    <p class='ocr_par' dir='ltr' id='par_1_118' title="bbox 1590 5823 2795 5893">
     <span class='ocr_line' id='line_1_118' title="bbox 1590 5823 2795 5893; baseline -0.007 -12"><span class='ocrx_word' id='word_1_880' title='bbox 1590 5827 1633 5859; x_wconf 77' lang='lat'>”</span> <span class='ocrx_word' id='word_1_881' title='bbox 1669 5825 1827 5881; x_wconf 81' lang='lat' dir='ltr'><strong>Joan.</strong></span> <span class='ocrx_word' id='word_1_882' title='bbox 1860 5842 1935 5882; x_wconf 81' lang='lat' dir='ltr'><strong>vn</strong></span> <span class='ocrx_word' id='word_1_883' title='bbox 1964 5869 1978 5893; x_wconf 91' lang='lat'><strong>,</strong></span> <span class='ocrx_word' id='word_1_884' title='bbox 2032 5828 2076 5880; x_wconf 86' lang='lat' dir='ltr'><strong>I.</strong></span> <span class='ocrx_word' id='word_1_885' title='bbox 2161 5829 2172 5859; x_wconf 87' lang='grc'>¹</span> <span class='ocrx_word' id='word_1_886' title='bbox 2213 5824 2345 5881; x_wconf 88' lang='lat' dir='ltr'><strong>ibid.</strong></span> <span class='ocrx_word' id='word_1_887' title='bbox 2387 5824 2437 5877; x_wconf 78' lang='grc'>5.</span> <span class='ocrx_word' id='word_1_888' title='bbox 2518 5832 2537 5862; x_wconf 77' lang='grc'>³</span> <span class='ocrx_word' id='word_1_889' title='bbox 2573 5825 2708 5882; x_wconf 88' lang='lat' dir='ltr'><strong>ibid.</strong></span> <span class='ocrx_word' id='word_1_890' title='bbox 2742 5823 2795 5876; x_wconf 91' lang='lat'><strong>8.</strong></span> 
     </span>
    </p>
   </div>
  </div>
