4218 6500
160 444 260 499 457

1180 436 1245 489 lN
1275 432 1563 491 JO\NNIS
1604 433 2053 490 EVANGELIUM
2099 435 2224 488 LIB.
2266 431 2342 487 Iil.

3344 420 3448 478 633

161 577 240 628 γει
272 558 375 627 τὴν
408 557 627 625 ἑορτὴν,
656 556 812 609 οὔπω
844 553 1119 624 μανθάνω.
1157 553 1367 607 Οὐκοῦν
1396 556 1443 606 οἱ
1488 553 1585 622 μὲν
1613 568 1765 620 νομιο

1872 552 1937 606 da
1960 550 2189 605 consilia
2208 549 2611 609 detesta‘retur,
2652 551 2706 598 et
2730 546 3147 611 persecutorum
3176 536 3452 592 feritatem

164 651 379 711 σθέντες
412 648 638 714 ἀδελφοὶ
686 645 944 717 προσίασι
975 646 1227 713 λέγοντες
1273 648 1331 697 ἐν
1374 648 1440 715 τῇ
1494 642 1757 712 Γαλιλαία

158 740 231 809 τῷ
257 739 489 810 Χριστῷ
508 757 521 769 ·
563 758 581 789 ι
627 738 883 808 ’Δνάόηθι
914 737 1187 801 ἐντεῦθεν,
1222 738 1317 789 καὶ
1345 736 1523 804 ὓπαγε
1552 737 1632 797 είς
1661 734 1757 804 τὴν

172 833 456 896 Ἰουδαίαν,
498 831 587 884 ἵνα
617 834 713 885 καὶ
760 831 813 883 οἱ
867 829 1105 900 μαθηταί
1147 846 1242 881 σου
1282 828 1523 897 βλέπωσι
1559 827 1626 879 τὰ
1662 843 1759 895 ση-

163 932 286 998 μεῖα
330 927 368 979 ἀ
403 929 601 990 ποιεῖς.
641 945 659 977 ι
690 925 833 996 Πρὸς
856 925 1055 987 αὐτοὺς
1087 924 1143 976 δὲ
1175 926 1203 976 6
1236 922 1473 992 Κύριος·
1511 940 1529 972 ι
1571 921 1760 991 Ὑμεῖς

160 1020 402 1090 ἀνάϐητε
434 1022 515 1082 εἰς
552 1019 652 1087 τὴν
694 1018 909 1088 ἑορτήν·
938 1016 1047 1084 ἐγὼ
1086 1015 1186 1068 οὐκ
1233 1014 1511 1069 ἀνασωίνω
1548 1014 1628 1076 εἰς
1660 1012 1760 1082 τὴν

161 1112 355 1182 ἑορτὴν
402 1110 632 1179 ταύτην,
664 1110 746 1162 ὅτι
776 1110 805 1161 6
845 1109 975 1178 ἐμὸς
1022 1108 1212 1177 καιρὸς
1259 1105 1412 1159 οὔπω
1461 1105 1759 1175 πεπλήρω-

161 1219 268 1254 ται.
310 1222 330 1253 ι
363 1200 644 1269 Πρόδηλον
686 1194 779 1252 οὖν
811 1199 920 1268 ἄρα
950 1197 1044 1249 καὶ
1074 1196 1259 1264 σαφὲς,
1283 1197 1365 1249 ὅτι
1391 1196 1500 1247 τῶν
1536 1194 1762 1265 Ἰεροσο-

164 1292 354 1362 λύμων
389 1291 781 1362 ἐκκεχώρηκεν
816 1293 844 1343 6
885 1291 1097 1361 Σωτὴρ,
1146 1290 1248 1341 οὐκ
1296 1288 1618 1358 αὐθαίρετον
1666 1286 1762 1356 τὴν

164 1384 234 1446 ὡς
269 1384 334 1450 ἐξ
364 1384 580 1435 ἐκεῖθεν
618 1382 926 1450 ἀποδημίαν
974 1382 1343 1450 στειλάμενος,
1374 1378 1509 1432 άλλά
1546 1377 1641 1431 καὶ
1667 1376 1765 1440 τὰς

161 1476 268 1527 τῶν
323 1474 703 1527 ἀπειθούντων
759 1474 1039 1542 βδελυρίας
1089 1472 1604 1543 ὲκμυσαττόμενος,
1670 1470 1766 1523 καὶ

165 1566 269 1618 τῶν
310 1564 625 1618 διωκόντων
674 1565 772 1634 τὴν
807 1564 1107 1635 ἀγριότητα
1151 1564 1251 1633 τῆς
1289 1561 1573 1631 εὐστοχίας
1612 1576 1767 1631 περι-

167 1657 408 1719 πλανῶν,
446 1656 540 1708 καὶ
572 1655 735 1725 τέχνῃ
770 1656 862 1709 τοῦ
898 1656 1093 1725 φθόνου
1123 1655 1184 1706 τὸ
1216 1655 1367 1724 βέλος
1398 1653 1769 1723 ἀποκρουόμε-

163 1766 271 1810 νος.
312 1746 643 1800 ’Υπεκνεύει
690 1748 747 1801 δὲ
792 1748 973 1812 πάλιν,
1006 1747 1185 1798 καίτοι
1214 1746 1409 1799 παθεῖν
1449 1744 1648 1814 ίσχύων
1686 1743 1769 1797 οὐ-

164 1838 269 1901 δὲν,
304 1836 424 1903 εἴγε
454 1838 549 1889 καὶ
574 1836 781 1907 παρῆν,
807 1836 893 1888 ἵνα
925 1835 1097 1888 τύπον
1124 1837 1284 1905 ἡμεῖς
1326 1835 1620 1905 ἀναγράῲῃ
1667 1850 1766 1885 κα·

1860 641 2151 715 prudentia
2218 654 2318 693 sua
2379 637 2665 708 defugeret
2730 647 2795 686 ac
2837 630 3063 686 invidiae
3110 628 3283 684 telum
3332 634 3455 682 arte

1859 734 2174 802 depelleret.
2224 730 2438 783 Rursus
2482 737 2665 782 autent
2716 741 2776 781 se
2815 722 3094 788 subducit,
3150 719 3282 775 licet
3314 718 3455 773 nihil

1860 827 1976 897 pati
2012 832 2198 894 posset
2232 822 2396 877 etiam
2426 835 2553 874 cum
2580 818 2820 879 adesset.
2854 824 2913 870 ut
2944 814 3255 883 exemplum
3288 810 3455 867 nobis

1861 918 2186 987 prteclarum
2231 920 2522 978 statueret,
2559 926 2671 965 non
2701 907 3039 969 timiditatis,
3089 905 3184 961 sed
3230 903 3465 974 pietatis

1861 1018 1916 1064 et
1938 1008 2230 1062 charitatis
2258 1007 2310 1059 in
2337 1004 2671 1076 proximum.
2696 1000 2835 1054 llinc
2862 998 3010 1054 enim
3030 995 3283 1064 exemplo
3316 1009 3454 1064 qua-

1863 1103 1910 1158 si
1936 1099 2178 1171 quodam
2213 1097 2281 1149 ad
2314 1096 2394 1150 rei
2428 1094 2585 1151 utilis
2612 1091 2981 1163 cognitionem
3016 1087 3241 1144 deducti
3271 1086 3453 1142 disce-

1866 1209 2009 1255 mus.
2040 1186 2471 1262 quod,inimicis
2502 1202 2604 1241 nos
2629 1182 3123 1254 persequentibus,
3157 1180 3289 1234 licet
3316 1178 3457 1233 nihil

1867 1286 2049 1340 damni
2100 1281 2391 1353 praesentia
2428 1286 2616 1332 nostra
2645 1276 2808 1331 nobis
2841 1273 3073 1327 allatura
3104 1272 3376 1334 videatur,
3408 1269 3457 1325 si

1869 1386 2048 1429 tamen
2096 1374 2473 1435 declinemus,
2519 1377 2574 1425 et
2626 1370 2729 1423 hoc
2772 1377 2935 1437 pacto
2980 1365 3189 1437 primos
3219 1364 3459 1434 impetus

1868 1465 2267 1527 retundamus,
2309 1476 2616 1532 eorumque
2655 1458 2825 1513 furori
2875 1474 2975 1513 nos
3024 1454 3417 1511 subtrahamus
3443 1493 3459 1519 ,

1870 1560 2008 1613 iram
2042 1570 2235 1611 eorum
2260 1554 2477 1608 tandem
2507 1550 2756 1607 sedatam
2788 1548 3153 1611 ollendemus,
3184 1555 3458 1601 eteorum

1870 1650 2127 1718 injuriam
2174 1646 2589 1709 resecahimus,
2631 1642 2961 1712 adjuvantes
3005 1640 3181 1708 magis
3222 1652 3321 1693 eos
3366 1634 3461 1705 qui

1872 1741 2033 1796 nobis
2060 1738 2248 1793 infesti
2275 1746 2428 1802 sunt,
2452 1751 2621 1807 quam
2654 1734 2827 1802 adjuti
2858 1752 2879 1789 ιΔ
2907 1730 3053 1803 quod
3083 1729 3307 1800 quidem
3334 1736 3461 1792 est,

1875 1840 1933 1887 ut
1963 1838 2211 1901 apparet,
2240 1836 2429 1883 nostra
2455 1843 2565 1882 non
2596 1838 2867 1896 quaerere,
2898 1823 2995 1878 sed
3025 1836 3149 1893 quae
3172 1829 3303 1876 sunt
3331 1818 3463 1872 alio-

164 1900 270 1989 λὸν,
304 1900 603 1989 οὑνδειλίας
630 1900 868 1996 μάλλον,
918 1927 1033 1979 ἀλλ’
1076 1900 1362 1988 εὐλαϐείας
1399 1900 1493 1979 καί
1542 1900 1765 1993 ἀγάπης

1874 1900 2309 1978 rum.0ﬂicium
2356 1922 2541 1990 itaque
2590 1917 2889 1974 charitatts
2932 1926 3053 1979 est,
3106 1929 3218 1969 non
3270 1912 3462 1981 utique

164 2019 261 2085 τῆς
290 2021 376 2081 εἰς
408 2019 503 2071 τὸν
534 2018 726 2080 πέλας.
756 2018 1032 2089 Είσόμεθα
1054 2018 1181 2088 γὰρ,
1204 2016 1279 2080 ὡς
1319 2018 1385 2070 ὲκ
1423 2017 1597 2069 τύπου
1625 2014 1763 2086 πρὸς

165 2111 466 2177 ἐπίγνωσιν
518 2111 792 2180 χρησίμου
847 2109 1350 2180 χειραγωγούμενοι
1402 2108 1759 2181 πράγματος,

164 2204 244 2253 ὅτι
268 2203 580 2255 διωκόντων
604 2204 754 2272 ἡμᾶς
775 2203 882 2255 τῶν
914 2202 1148 2271 ἐχθρῶν,
1179 2203 1272 2255 καὶ
1309 2202 1356 2253 εἰ
1390 2202 1558 2271 μηδὲν
1588 2201 1763 2271 ὁρῷτο

166 2292 453 2354 παντελῶς
480 2293 537 2343 ἐν
560 2291 640 2362 τῷ
665 2296 921 2363 παρεῖναι
945 2293 1004 2346 τὸ
1039 2292 1253 2362 βλάϐος.
1281 2292 1394 2345 ἀλλ’
1421 2292 1761 2361 ὲξιστάμενοί

1868 2016 2136 2073 resistere
2181 2014 2250 2069 iis
2285 2013 2381 2082 qui
2417 2011 2620 2066 malum
2665 2011 2721 2065 in
2753 2024 2859 2064 nos
2891 2007 3199 2062 moliuntur
3222 2046 3237 2061 .
3281 2019 3463 2073 neque

1867 2126 1932 2164 ex
1964 2123 2030 2161 eo
2059 2106 2203 2176 quod
2231 2104 2369 2159 nihil
2396 2104 2554 2159 nobis
2591 2103 2746 2166 mali,
2773 2117 2840 2155 ne
2866 2101 2912 2156 si
2941 2099 3192 2154 adsimus
3217 2097 3459 2167 quidem,

1868 2197 2061 2254 inferri
2099 2198 2297 2267 possit,
2337 2210 2533 2250 eorum
2565 2194 2811 2248 animum
2843 2190 3199 2253 exacerbare,
3228 2189 3362 2243 dum
3395 2202 3455 2243 se

1869 2290 2078 2345 viribus
2111 2287 2320 2345 nostris
2365 2286 2662 2342 inferiores
2714 2285 3099 2355 indignantur.
3154 2300 3175 2335 ‹
3205 2279 3465 2336 Charitas

166 2400 305 2447 πως,
355 2385 455 2436 καὶ
490 2384 580 2437 διὰ
624 2384 818 2437 τούτου
868 2386 1209 2454 σοφιζόμενοι
1255 2385 1355 2449 τὰς
1403 2384 1512 2438 τῶν
1567 2384 1767 2451 ἐφόδων

1876 2383 2068 2454 igitur.
2098 2391 2158 2435 ut
2178 2380 2385 2436 Paulus
2409 2380 2507 2444 ait,
2535 2394 2649 2434 non
2697 2378 2895 2448 quaerit
2919 2392 3041 2447 (μαι
3069 2392 3170 2434 sua
3199 2384 3331 2432 sunt
3352 2374 3405 2441 ⁸,
3436 2392 3455 2427 ι

164 2473 354 2541 ἀκμὰς
374 2514 390 2536 ,
442 2475 874 2546 ύπεκτρέχοντές
909 2492 970 2528 τε
994 2475 1055 2528 τὸ
1084 2475 1399 2545 παραυτίκα
1435 2475 1657 2544 θερμὸν,
1684 2474 1767 2537 ἒξ-

1877 2490 2001 2545 quae
2032 2475 2086 2528 in
2115 2474 2338 2529 Christo
2363 2472 2585 2544 quidem
2615 2479 2736 2527 erat
2760 2470 3072 2525 manifeste.

166 2563 314 2628 ἡεοις
376 2565 483 2635 ήδη
548 2566 978 2637 περιτευξόμεθα
1041 2570 1161 2631 ταῖς
1217 2568 1326 2621 τύν
1388 2567 1713 2621 ἀδικούντων
1779 2569 1985 2638 ὀργαῖς,
2044 2568 2141 2620 καὶ
2195 2567 2259 2621 τδ
2309 2567 2511 2638 θράσος
2557 2566 2657 2635 τῆς
2722 2564 2845 2619 καθ’
2893 2563 3101 2617 ἑαυτῶν
3149 2558 3464 2624 πλεονεξίας

166 2654 612 2724 ὑποτεμνόμεθα,
665 2656 1002 2725 ὠφελοῦντες
1062 2658 1262 2728 μᾶλλον
1309 2659 1437 2722 τοὺς
1480 2659 1639 2729 οῐπερ
1696 2658 1763 2712 ἂν
1800 2658 2040 2725 γένοιντο
2089 2660 2218 2730 περὶ
2256 2660 2403 2729 ἡμᾶς
2452 2659 2555 2711 οὐκ
2638 2656 2853 2724 ἀγαθοὶ,
2908 2655 3003 2709 καὶ
3058 2653 3279 2715 ἀδίκως,
3320 2653 3467 2722 ἢπερ

164 2750 573 2820 ὠφελούμενοι,
616 2752 756 2821 ὅπερ
804 2753 951 2804 ἐστὶν
1004 2753 1271 2823 ἐναργῶς,
1319 2753 1394 2824 μὴ
1441 2752 1510 2807 τὰ
1557 2754 1763 2806 ἑαυτῶν
1802 2753 2112 2824 ζητοῦντες,
2139 2754 2276 2807 ἀλλά
2312 2754 2406 2807 καὶ
2435 2753 2504 2806 τὰ
2536 2752 2762 2822 ἑτέρων.
2796 2752 2999 2820 Ἔργον
3061 2743 3153 2801 οὖν
3217 2747 3463 2815 ἀγάπης,

163 2842 222 2893 τὸ
246 2844 366 2902 τοῖς
395 2840 784 2893 ἐθελοκακοῦσι
812 2841 887 2911 μὴ
921 2842 1330 2912 ἀντεγείρεσθαι
1361 2842 1599 2907 πάντως,
1665 2842 1799 2911 μηδὲ
1836 2842 2320 2913 ἀποκεχρημὲνους
2384 2841 2461 2912 τῷ
2493 2840 2752 2894 δύνασθαι
2792 2838 3019 2909 πάσχειν
3051 2837 3171 2891 οὐδὲ
3200 2836 3304 2889 κᾶν
3331 2851 3467 2905 παρ.

168 2931 315 2993 ὀντες
364 2928 744 3001 ἀλισκώμεθα,
800 2931 1125 3003 δριμύτερον
1184 2951 1373 3005 ωσπερ
1420 2935 1480 2987 ἐν
1537 2934 1765 2995 ἐκείνοις
1804 2933 2210 3003 ἀπεργάζεσθαι
2239 2933 2329 2985 τὸν
2360 2932 2551 3002 θυμὸν,
2582 2932 2922 2984 πλεονεκτ;ῖν
2953 2931 3053 2982 οὐκ
3116 2928 3308 2998 ἔχοντα
3372 2924 3467 2980 τοῦ

170 3021 508 3089 μισουμένου
553 3022 653 3091 τὴν
696 3021 956 3091 δύναμιν.
992 3042 1011 3076 ι
1057 3024 1123 3077 Ἠ
1158 3024 1333 3079 τοίνυν
1374 3026 1585 3096 ἀγάπη,
1622 3024 1875 3096 καθάπερ
1915 3027 2078 3095 φησιν
2107 3027 2135 3078 6
2162 3024 2395 3089 Παῦλος,
2435 3025 2496 3077 ού
2536 3023 2690 3095 ζητεί
2721 3022 2789 3076 τά
2822 3023 3042 3092 ἑαυτῆς,
3067 3040 3084 3071 ι
3124 3022 3270 3092 ἦπερ
3300 3016 3369 3091 ἦν
3408 3023 3467 3078 ὲν

167 3113 393 3183 Χριστῷ
428 3114 705 3183 καθαρῶς.

248 3206 379 3269 Ὀξίι
440 3205 499 3258 δὲ
554 3206 620 3276 δὴ
678 3209 841 3261 πάλιν
896 3208 1175 3279 ἐνερείσας
1218 3210 1625 3281 γεγραμμένοις
1675 3209 1767 3279 τῆς

1952 3202 2153 3259 Verum
2184 3203 2231 3258 si
2259 3203 2479 3273 penitus
2510 3217 2574 3257 ea
2602 3218 2725 3273 qua:
2748 3200 2842 3257 hic
2870 3201 3077 3271 scripta
3110 3211 3241 3257 sunt
3270 3203 3467 3259 mentis

167 3298 414 3360 διανοίας
478 3296 541 3348 τὸ
603 3298 792 3369 ὄμμα,
850 3300 1151 3370 θαυμάσεις
1217 3301 1447 3371 ἀρίστην
1508 3301 1767 3371 εὑρίσκων

1884 3296 2062 3351 oculis
2092 3295 2487 3365 introspexeris
2515 3336 2531 3360 ,
2577 3295 2633 3349 in
2676 3294 2785 3350 isto
2835 3293 2905 3347 ab
2945 3292 3343 3364 Hierosolymis
3382 3310 3467 3350 re-

168 3390 496 3458 οἰκονομίαν
541 3392 601 3443 ὲν
644 3395 764 3454 ταῖς
808 3391 901 3444 τοῦ
944 3392 1195 3461 Σωτῆρος
1234 3392 1391 3462 ἡμῶν
1419 3393 1775 3457 ἀποστάσεσι,

169 3484 290 3544 ταῖς
339 3483 409 3534 ὲκ
455 3481 566 3533 τῶν
610 3480 995 3550 Ἱεροσολύμων
1048 3482 1211 3553 φημί.
1260 3481 1635 3547 Ἑξελαύνεται
1676 3482 1776 3552 μὲν

171 3570 276 3639 γὰρ
306 3571 419 3622 ὑπὸ
446 3574 547 3640 τῆς
571 3570 679 3622 τῶν
714 3571 981 3624 Ἰουδαίων
1013 3572 1269 3635 ἀπονοίας
1298 3573 1580 3636 πολλάκις,
1613 3589 1776 3627 κατα-

170 3661 311 3712 λύων
338 3660 400 3713 ει
428 3660 584 3730 παρά
613 3662 725 3722 τοῖς
754 3659 1083 3728 ἀλλογενὼι,
1120 3660 1213 3714 καὶ
1254 3661 1628 3726 ἀνασώζεσθαί
1658 3679 1776 3725 πως

168 3752 318 3805 ὁογεί
341 3752 481 3823 παρ’
501 3751 753 3815 ἐκείνοις,
778 3752 992 3821 καὶτῆς
1011 3751 1237 3822 δεούσης
1264 3753 1558 3806 ἀπολαύειν
1583 3752 1771 3821 τιμῆς·

169 3842 266 3911 τὴν
292 3842 512 3911 ἀμείνω
537 3842 719 3911 ψῆφον
746 3843 813 3912 τῇ
846 3842 907 3906 ἐξ
931 3842 1099 3895 ὲθνῶν
1132 3842 1428 3914 Ἐκκλησία
1456 3842 1545 3895 διὰ
1582 3842 1773 3895 τούτου

168 3933 368 3996 διδοὺς.
401 3933 502 3984 καὶ
536 3932 599 3983 τὸ
634 3932 884 4000 μισόθεον
923 3932 1034 3986 τῶν
1060 3934 1121 3997 ἐξ
1157 3933 1375 4004 Ἰσραὴλ
1411 3933 1501 3987 διὰ
1526 3935 1626 4004 τῆς
1658 3933 1773 3986 ἑτέ-

172 4041 280 4092 ρων
304 4023 601 4085 εὐλαόείας
624 4023 1003 4092 ὲξ;λὲγχεσθσι
1031 4025 1223 4089 ποιῶν,
1249 4025 1344 4077 καὶ
1373 4024 1435 4078 τὸ
1464 4026 1521 4078 ὲν
1544 4025 1775 4089 ἐκείνοις

168 4115 321 4182 ὠμὸν
378 4113 471 4167 διὰ
512 4114 612 4183 τῆς
651 4115 711 4166 έν
755 4113 965 4177 τούτοις
1015 4115 1353 4187 ἡμερότητος
1395 4116 1769 4182 ἐπιδεικνύων,

171 4208 257 4260 ἶνα
281 4207 352 4274 δὴ
385 4205 476 4258 διὰ
506 4206 726 4259 πάντων
752 4206 1025 4273 φαίνοιντο
1065 4207 1250 4261 λοιπὸν
1274 4207 1772 4278 κεχρεωστημένως

170 4296 268 4363 ἢδη
323 4295 421 4347 καί
467 4294 652 4357 καλῶς
703 4296 803 4365 τῆς
850 4297 930 4359 είς
974 4297 1103 4360 τοὺς
1149 4296 1389 4366 πατέρας
1443 4296 1771 4365 ἐπαγγελίας

170 4385 562 4454 ἐξωθούμενοι.
612 4385 994 4455 ’Δποπηδήσας
1049 4386 1107 4440 δὲ
1156 4386 1267 4440 τῶν
1310 4388 1698 4458 Ἰεροσολύμων
1742 4390 1772 4442 6

170 4476 414 4545 Κύριος,
463 4476 567 4528 οὐκ
627 4476 707 4539 είς
765 4476 896 4546 μίαν
943 4478 1052 4538 τῶν
1105 4481 1452 4548 περιοικίδων
1512 4480 1769 4533 καταλύει

1883 3401 2047 3443 cessu
2080 3385 2597 3457 praestantissimam
2635 3384 3105 3456 dispensationem
3148 3384 3465 3441 miraberis.

1881 3476 2194 3531 Iudaeorum
2239 3476 2447 3546 quippe
2492 3475 2718 3530 vesania
2769 3490 2913 3545 saepe
2964 3474 3227 3544 ejicitur:
3271 3475 3368 3529 sed
3400 3474 3467 3529 ad

1884 3570 2221 3639 alienigenas
2252 3568 2576 3624 divertendo
2600 3609 2614 3632 ,
2647 3577 2827 3623 tutum
2863 3568 2969 3623 sibi
3006 3567 3149 3639 apud
3186 3568 3309 3623 illos
3345 3584 3466 3638 per-

1884 3661 2093 3732 fugium
2150 3677 2275 3716 esse
2303 3669 2501 3731 putat,
2546 3669 2714 3731 et.se,
2758 3670 2822 3717 ιιι
2868 3660 3119 3727 decebat,
3168 3661 3468 3717 honoriﬁce

1883 3751 2108 3805 tractari
2159 3768 2172 3803 :
2227 3767 2335 3821 quo
2382 3750 2529 3806 facto
2576 3753 2822 3821 gentium
2880 3751 3143 3807 Ecclesia:
3190 3753 3463 3822 potiorem

1881 3842 2154 3897 calculum
2186 3842 2395 3896 tribuit.
2426 3850 2481 3897 et
2510 3842 2843 3912 impietatem
2877 3842 3195 3899 Judtcorum
3228 3846 3460 3899 aliorum

1882 3934 2083 4003 pietate
2109 3932 2407 4002 redarguit,
2426 3940 2480 3986 et
2504 3932 2725 3987 illorum
2742 3933 3123 3988 crudelitatem
3145 3934 3341 3989 horum
3362 3934 3463 3989 hu-

1881 4033 2145 4080 manitate
2176 4025 2562 4093 demonstrat,
2604 4033 2664 4081 ut
2693 4036 2890 4081 merito
2920 4026 3215 4081 videantur
3242 4027 3309 4082 de
3339 4042 3464 4096 pro-

1880 4114 2145 4169 missione
2176 4115 2424 4183 patribus
2453 4115 2601 4171 facta
2635 4116 2855 4186 deiecti.
2902 4114 3071 4170 Porrw
3119 4131 3242 4170 cum
3282 4116 3433 4172 Domi

1878 4220 1985 4260 nus
2025 4207 2259 4261 recessit
2294 4207 2731 4276 Hierosolymis,
2778 4223 2889 4262 non
2929 4224 2983 4262 ιη
3020 4222 3183 4262 unam
3222 4209 3465 4278 aliquam

1876 4313 1941 4353 ex
1983 4298 2305 4355 civitatibus
2329 4299 2529 4355 vicinis
2566 4300 2823 4365 divertit,
2862 4309 2959 4352 aut
2990 4300 3045 4354 in
3083 4299 3335 4357 ﬁnitimis
3370 4316 3467 4371 pa-

1877 4392 1962 4462 gis
2008 4399 2295 4457 moratur,
2345 4391 2440 4447 sed
2488 4391 2601 4446 abit
2643 4400 2798 4447 trans
2830 4405 2984 4445 mare
3012 4389 3350 4455 'l‘iberiadis,
3407 4400 3465 4445 ut

1877 4484 2056 4551 τείρεα
2079 4481 2485 4552 quodammodo
2501 4481 2685 4550 impiis
2704 4480 3148 4550 persecutoribus
3166 4481 3283 4535 suis
3300 4480 3463 4548 2'72

171 4567 351 4629 πόλιν,
380 4568 477 4620 καὶ
507 4566 566 4618 ἐν
598 4569 717 4628 ταῖς
745 4567 967 4637 ὁμόροις
999 4567 1281 4631 αὐλίζεται
1324 4568 1559 4638 κώμαις,
1596 4570 1767 4639 πέραν

1874 4572 2219 4627 iuterminari
2260 4570 2546 4633 videatur,
2588 4579 2697 4623 tam
2731 4570 2923 4640 procul
2962 4570 3030 4622 ab
3075 4568 3143 4624 iis
3181 4584 3241 4623 se
3281 4569 3466 4622 abitu-

168 4660 224 4712 δὲ
269 4662 468 4714 ἄπεισι
518 4659 619 4728 τῆς
672 4658 945 4730 θαλάσσης
974 4660 1076 4730 τῆς
1124 4660 1463 4731 Τιϐεριάδος,
1495 4665 1772 4732 μονονουχὶ

168 4753 237 4803 δι’
267 4751 690 4821 ὲμφανεστάτου
718 4750 1043 4820 πράγματος
1072 4752 1313 4805 ἀπειλῶν
1337 4754 1453 4815 τοῖς
1487 4754 1571 4806 ὅτι
1604 4771 1775 4823 προσ-

170 4846 292 4911 ήκοι
319 4842 543 4894 διώκειν
574 4842 735 4894 αὑτὸν
768 4841 1041 4905 δυσσεϐῶς
1073 4842 1392 4913 ᾑρημένοις,
1416 4844 1497 4896 ὅτι
1523 4844 1773 4896 τοσοῦτον

168 4934 353 4986 αὐτῶν
400 4934 791 5002 ἀποστήσεται,
840 4933 935 4985 καὶ
970 4934 1171 4997 παντὸς
1210 4933 1305 4986 τοῦ
1352 4935 1540 4998 ἔθνους
1582 4936 1773 4989 ἑαυτὸν

168 5026 519 5091 άπονοσςριεῖ,
561 5023 638 5085 ὡς
681 5023 775 5077 καὶ
819 5023 1018 5077 ἇῦατον
1064 5025 1248 5088 αὐτοῖς
1291 5026 1493 5097 τρόπον
1520 5027 1639 5079 τινὰ
1670 5030 1771 5097 τῆς

172 5118 306 5187 πρὸς
368 5113 540 5167 αὐτὸν
597 5114 936 5183 ἐπιστροφῆς
986 5116 1396 5171 κατασκευάσαι
1460 5120 1561 5189 τὴν
1620 5119 1767 5174 ὁδόν*

171 5208 309 5277 βατὴ
346 5206 457 5274 γάρ
487 5204 739 5275 ούδαμιῖις
772 5209 882 5269 τοῖς
908 5204 1211 5278 ἀνθρώπων
1248 5210 1405 5263 ποσίν
1438 5212 1469 5279 ὴ
1504 5210 1767 5265 θάλασσα.

169 5301 427 5354 Τοιοῦτον
460 5298 519 5350 δέ
546 5316 599 5351 τι
637 5299 731 5351 καὶ
773 5299 829 5352 ὲν
857 5303 969 5364 τοῖς
1003 5302 1200 5373 ἐφεξῆς
1250 5304 1387 5373 πρὸς
1432 5304 1627 5367 αὐτούς
1668 5322 1770 5359 που

390 5395 783 5465 εὑρεθήσεται·
814 5414 833 5447 ι
871 5398 1142 5468 Ζητήσετέ
1181 5417 1269 5470 με,
1322 5402 1418 5454 καὶ
1462 5402 1559 5471 ούχ
1607 5401 1773 5472 εὑρή-

174 5504 315 5549 σετε,
340 5488 437 5540 καὶ
463 5487 601 5539 ὅπου
628 5486 739 5555 ἐγὼ
760 5487 977 5557 ὑπάγω,
1001 5490 1158 5559 ὑμεῖς
1184 5492 1245 5543 ού
1264 5490 1494 5545 δύνασθε
1519 5492 1710 5547 ἐλθεῖν.
1745 5512 1765 5547 ι·

173 5577 439 5648 Λειοτάτη
479 5577 583 5647 μὲν
614 5576 744 5648 γάρ,
775 5578 868 5631 καὶ
897 5579 1244 5651 εὑπόρευτος,
1272 5580 1367 5634 καὶ
1397 5580 1549 5634 οὐδὲν
1574 5581 1771 5652 ἔχουσα

171 5672 231 5721 τῖ)
257 5670 437 5742 τραχῦ
491 5671 602 5733 τοῖς
642 5668 731 5723 διὰ
779 5670 1014 5735 πίστεως
1044 5672 1179 5743 πρὸς
1208 5673 1370 5728 αὐτὸν
1419 5674 1588 5728 ἰοῦσιν
1618 5676 1650 5745 ὴ
1685 5675 1770 5730 διά

244 5846 264 5876 ⁸
297 5845 313 5899 1
344 5846 475 5901 Cor.
521 5862 645 5906 Slll,
678 5846 731 5899 5.
812 5846 828 5876 δ
869 5844 1025 5903 Joan.
1066 5864 1182 5917 vm,
1210 5850 1301 5903 *2l.

1872 4681 1994 4719 rum
2029 4671 2084 4719 et
2114 4664 2183 4718 ab
2216 4663 2366 4718 omni
2400 4672 2562 4733 gente
2592 4678 2943 4716 recessurum
2974 4701 2990 4727 ,
3021 4670 3081 4713 ut
3114 4660 3464 4716 inaccessum

1871 4754 2279 4827 quodammodo
2307 4754 2693 4809 conversionis
2726 4753 2793 4807 ad
2828 4752 3006 4823 ipsum
3041 4753 3145 4808 iter
3186 4755 3466 4822 praestitu-

1872 4862 1969 4901 rus
1998 4847 2070 4901 sit
2097 4863 2110 4899 :
2144 4846 2349 4900 invium
2373 4844 2579 4914 quippe
2614 4844 2873 4899 humanis
2908 4843 3141 4912 pedibus
3171 4850 3258 4897 est
3288 4858 3460 4898 mare.

1873 4936 2006 4993 Tale
2035 4937 2295 5007 quiddam
2327 4937 2493 4991 etiam
2527 4938 2580 4990 in
2613 4936 2977 5006 sequentibus
3024 4935 3209 4991 dicere
3250 4950 3467 5004 compe-

1878 5030 2087 5082 rietur:
2125 5047 2142 5079 ι
2181 5026 2452 5091 Quaaretis
2498 5042 2584 5080 me
2610 5067 2624 5090 ,
2664 5035 2721 5081 et
2751 5041 2860 5079 non
2895 5025 3228 5087 invenietis;
3275 5033 3331 5077 et
3355 5039 3465 5093 quo

1876 5136 1975 5190 ego
2019 5120 2197 5183 vado,
2238 5133 2335 5173 vos
2379 5134 2488 5173 non
2513 5118 2742 5188 potestis
2761 5116 2947 5172 venire
2975 5117 3018 5171 ⁸.
3058 5135 3077 5168 ι
3131 5115 3462 5171 Planissima

1877 5212 2021 5265 enim
2053 5219 2107 5266 et
2142 5210 2318 5265 facilis
2342 5218 2449 5274 est,
2485 5225 2585 5264 nec
2618 5208 2935 5280 asperitatis
2963 5206 3266 5278 quidquam
3300 5206 3463 5261 habet

1880 5307 1965 5359 via
1992 5305 2223 5373 justitiat
2239 5304 2588 5359 venientibus
2620 5302 2688 5357 ad
2720 5303 2897 5372 ipsum
2927 5315 3026 5371 per
3058 5299 3219 5354 ﬁdem
3251 5317 3266 5354 :
3302 5314 3463 5368 aspc-

1881 5412 1939 5451 ra
1970 5412 2103 5452 vero
2140 5405 2196 5452 et
2236 5396 2403 5451 ardua
2427 5435 2442 5459 ,
2495 5397 2605 5449 imo
2637 5409 2769 5450 vero
2810 5393 3090 5447 inaccessa
3128 5406 3360 5460 prorsus
3395 5390 3463 5446 iis

1881 5490 1972 5559 qui
2024 5490 2361 5544 cxacerbant
2409 5491 2622 5558 ipsum,
2668 5495 2727 5539 ut
2777 5500 2871 5555 per
2915 5499 3084 5539 unum
3135 5490 3459 5539 sanctorum

1882 5582 2271 5653 prophetarum
2305 5581 2571 5650 scriptum
2617 5586 2703 5632 est
2736 5594 2750 5631 :
2797 5598 2815 5629 ι
2853 5577 2998 5640 Ideo,
3042 5575 3218 5644 inquit
3243 5613 3257 5637 ,
3293 5584 3458 5628 recta:

1882 5676 1977 5730 via:
2014 5673 2257 5738 Domini,
2302 5681 2354 5729 ct
2382 5672 2514 5744 justi
2562 5670 2922 5727 ambulabunt
2964 5670 3018 5724 in
3071 5668 3189 5724 eis:
3229 5665 3323 5738 qui
3359 5681 3460 5720 au-
