4218 6500
773 407 880 466 439

1808 406 1865 460 S.
1908 402 2185 461 CYRILIJ
2226 401 2697 461 ALEXANDRINI
2734 407 3053 464 ARCHIEP.

3978 417 4075 472 H0

775 538 885 583 tem
920 527 1074 599 impii
1103 534 1271 591 sunt,
1318 525 1748 582 inflrmabuntur
1794 528 1849 580 in
1894 528 2006 583 illis
2037 529 2078 581 '.
2118 548 2137 580 ι
2179 527 2367 596 Itaque

2476 534 2575 601 τῆς
2606 532 2951 602 δικαιοσύνης
2974 534 3111 593 ὁδὸς,
3140 534 3579 607 ἐκτετραχυμένη
3609 535 3665 589 δὲ
3692 537 3786 589 καὶ
3814 537 4074 606 ἀνάντης,

774 622 1129 690 interiectum
1168 619 1302 674 illud
1341 619 1513 674 maris
1554 620 1795 689 spatium
1852 620 2127 689 signiﬁcat
2164 618 2375 675 Iudaeis

771 712 992 767 diflicile
1020 710 1468 781 quodammodo,
1510 712 1623 765 imo
1667 726 1800 765 vero
1844 712 2053 765 invium
2103 726 2229 767 esse
2270 711 2375 766 iter

773 806 840 859 ad
888 805 1106 875 ipsum,
1160 803 1611 875 quandoquidem
1664 805 1849 875 impia:
1903 820 2125 875 quoque
2171 806 2375 859 anima:

770 898 890 951 vias
921 896 1300 953 intercludere
1340 912 1400 953 se
1441 897 1733 967 profitetur
1769 897 1910 953 Deus
1956 898 2097 968 apud
2135 897 2376 968 prophe-

774 996 909 1051 tam,
945 985 1139 1043 dicens
1173 1004 1186 1036 :
1224 1006 1242 1037 ι
1272 986 1420 1051 Ideo,
1447 986 1664 1058 inquit,
1698 1001 1798 1058 ego
1828 989 2041 1057 sepiam
2071 988 2219 1041 viam
2253 986 2376 1056 ejus

772 1093 828 1145 in
879 1077 1116 1134 sudibus
1147 1117 1161 1142 ,
1209 1086 1265 1133 et
1311 1080 1567 1134 semitam
1619 1093 1776 1133 suam
1834 1094 1944 1134 non
2003 1079 2248 1135 inveniet
2271 1080 2313 1131 ⁸.
2351 1097 2370 1131 ι

770 1170 928 1235 Quod
981 1170 1154 1241 igitur
1205 1170 1281 1227 ibi
1329 1170 1533 1236 fossae,
1589 1170 1830 1241 idipsum
1879 1173 2047 1227 etiam
2089 1171 2179 1225 hic
2225 1184 2376 1226 mare

769 1261 1078 1331 significat,
1116 1262 1265 1332 quod
1301 1263 1583 1331 improbos
1612 1262 1684 1318 ab
1716 1278 1782 1318 eo
1809 1263 1898 1318 cui
1944 1263 2284 1318 contumelia
2316 1262 2375 1315 fit

770 1362 995 1423 Separat
1018 1394 1033 1417 ,
1077 1363 1133 1408 et
1164 1369 1193 1406 a
1226 1354 1517 1424 ﬂagitiosis
1551 1363 1806 1409 sanctum
1843 1354 2133 1424 dispescit.
2165 1354 2271 1409 Sed
2304 1363 2360 1409 et

770 1446 989 1499 videtur
1038 1445 1186 1498 aliud
1239 1446 1519 1515 quoddam
1577 1447 1740 1501 nobis
1799 1454 1963 1517 typus
2027 1445 2119 1501 illc
2179 1461 2375 1515 parere

770 1537 1275 1607 iuysterium.Nam
1311 1555 1437 1591 cum
1462 1555 1525 1593 ex
1562 1537 1800 1609 Aigypto
1824 1538 2154 1593 educeretur
2183 1537 2375 1603 Israel,

770 1632 1167 1699 insequebatur
1193 1632 1420 1684 nimium
1442 1640 1709 1697 quantum
1746 1638 2107 1699 exasperatus
2130 1628 2371 1691 Pharao,

770 1728 825 1773 et
867 1722 1150 1791 inopinata
1204 1722 1382 1791 gentis
1430 1721 1582 1776 illius
1633 1720 1897 1776 felicitate
1939 1718 2373 1780 exstimulatus,

771 1830 884 1884 pra:
927 1814 1132 1869 invidia
1176 1830 1239 1869 ac
1286 1814 1481 1871 dolore
1522 1822 1771 1871 extrema
1816 1828 2048 1884 quaeque
2090 1812 2368 1881 parabat:

2485 622 2686 691 μᾶλλον
2728 623 2785 675 δὲ
2830 623 2926 675 καὶ
2976 624 3281 687 άδιόδευτος
3333 625 3612 690 παντελῶς
3656 630 3771 690 τοῖς
3813 629 4081 698 παροργί·

2480 714 2666 779 ζουσιν
2703 716 2887 779 αὑτὸν,
2916 716 3058 769 κατά
3098 716 3159 768 τὸ
3201 718 3494 787 εἰρημένον
3518 718 3586 771 δι’
3616 718 3733 781 ὲνὸς
3764 720 3875 772 τῶν
3906 720 4079 787 ἁγίων

2483 806 2806 877 προφητῶν·
2847 825 2865 860 ι
2899 808 3043 860 Διότι
3090 807 3295 861 εὐθεῖαι
3340 810 3397 862 αί
3432 809 3544 862 όδοὶ
3589 808 3685 862 τοῦ
3724 811 3956 881 Κυρίου,
3985 812 4080 862 καὶ

2480 896 2678 961 δίκαιοι
2706 897 3062 968 πορεύσονται
3093 898 3148 950 ὲν
3174 898 3386 962 αὐταῖς,
3418 899 3468 951 οἱ
3507 898 3564 950 δὲ
3599 899 3819 961 ἀσεϐεῖς
3840 898 4083 967 ἀσθενή-

2482 1003 2668 1041 σουσιν
2716 988 2774 1041 ἑν
2821 988 3033 1050 αὐταῖς.
3084 1006 3101 1038 i
3130 987 3341 1041 Οὐκοῦν
3401 990 3462 1040 τὸ
3510 986 3806 1057 δυσήνυτον
3860 986 4075 1055 ὥσπερ,

2485 1080 2685 1151 μᾶλλον
2720 1080 2776 1133 δὲ
2811 1079 2905 1132 καὶ
2949 1080 3209 1151 ἀνήνυτον
3254 1084 3369 1143 τοῖς
3406 1079 3697 1142 Ἰουδαίοις,
3729 1078 3830 1147 τῆς
3870 1079 3946 1141 ὡς
3983 1080 4076 1129 ἐπ’

2482 1174 2644 1227 αὑτὸν
2666 1172 2963 1243 νοουμένης
2985 1173 3130 1236 ὁδοῦ,
3154 1173 3215 1226 τὸ
3244 1172 3449 1242 μεταξὺ
3474 1172 3575 1241 τῆς
3599 1171 3874 1239 Θαλάσσης
3902 1189 4070 1223 κατα-

2486 1262 2743 1333 σημαίνει
2774 1262 3072 1330 διάστημα,
3104 1262 3227 1313 ἐπεὶ
3256 1261 3350 1313 καὶ
3380 1262 3475 1328 τῆς
3498 1258 3865 1325 δυσσεϐούσης
3895 1258 4075 1325 ψυχῆς

2481 1356 2849 1427 ἀναφράττειν
2901 1353 3296 1421 ἐπαγγέλλεται
3352 1352 3450 1414 τὰς
3498 1351 3651 1413 ὁδοὺς
3702 1352 3761 1402 ὲν
3817 1353 4071 1421 προφήτῃ

2482 1449 2614 1511 Θεὸς
2646 1448 2846 1514 λέγων·
2883 1466 2900 1498 ι
2937 1446 3034 1499 Διὰ
3056 1445 3235 1507 τοῦτο,
3269 1446 3376 1499 ἰδοὺ
3416 1444 3527 1511 ἐγὼ
3562 1443 3794 1512 φράσσω
3825 1444 3924 1511 τὴν
3956 1444 4071 1494 ὁδὸν

2482 1539 2652 1607 αὐτῆς
2681 1540 2738 1591 ὲν
2764 1538 3003 1606 σκόλοψι,
3038 1538 3130 1590 καὶ
3157 1537 3255 1607 τὴν
3275 1536 3456 1606 τρίϐον
3482 1536 3649 1602 αὐτῆς
3678 1536 3737 1586 οὑ
3766 1534 3842 1603 μὴ
3877 1535 4033 1604 εὕρῃ,
4054 1556 4066 1580 ι

2483 1632 2663 1703 ’Ὁπερ
2688 1629 2784 1685 οὖν
2811 1634 2872 1685 ὲν
2898 1631 3123 1692 ἐκείνοις
3153 1630 3373 1699 ἐδήλουν
3400 1630 3449 1681 οἱ
3487 1627 3765 1689 σκόλοπες,
3790 1626 3951 1680 τοῦτο
3982 1632 4067 1679 καὶ

2480 1723 2539 1774 ὲν
2598 1721 2807 1783 τούτοις
2876 1724 2910 1789 ἡ
2982 1720 3225 1773 θάλασσα
3269 1719 3378 1771 τῶν
3432 1716 3756 1783 ἁψυλάκτως
3798 1718 4069 1785 ἐμπαροι-

2482 1815 2593 1866 νεῖν
2656 1812 2929 1881 ἑλομένων
2999 1810 3092 1863 τὸν
3171 1807 3647 1880 ὲμπαροινηθέντα
3722 1808 4065 1879 χωρίζουσα,

774 1906 1169 1975 insequebatur
1192 1914 1376 1961 autem
1408 1915 1727 1969 coacturus,
1758 1913 1818 1959 ut
1841 1906 1944 1960 sibi
1976 1904 2365 1974 persuadebat,

2472 1906 2566 1958 καὶ
2629 1904 2889 1958 διῖστῶσα
2941 1904 3050 1957 τῶν
3115 1902 3214 1971 οὐχ
3281 1901 3445 1953 ὁσίων
3482 1902 3575 1953 τὸν
3648 1902 3815 1953 ὅσιον.
3882 1898 4065 1950 "an:

772 1998 973 2051 iterum
1015 1999 1070 2050 in
1098 1996 1421 2051 servitutem
1448 2011 1545 2050 eos
1574 1995 1673 2065 qui
1708 2010 1837 2051 sero
1870 2010 1933 2050 ac
1963 1995 2053 2049 vix
2085 1994 2232 2048 illam
2268 2008 2363 2047 ex-

770 2096 1080 2141 cusserant.
1115 2086 1179 2139 Et
1213 2086 1503 2142 traductus
1529 2085 1750 2156 quidem
1780 2092 1865 2141 est
1895 2099 1925 2138 a
1959 2084 2070 2140 Deo
2091 2099 2189 2153 per
2212 2098 2365 2137 mare

771 2181 1011 2234 medium
1038 2200 1049 2233 :
1074 2196 1261 2235 verum
1283 2195 1408 2234 eum
1433 2180 1637 2234 acriter
1659 2180 2065 2249 insequeretur,
2091 2192 2195 2232 nec
2216 2178 2354 2232 iram

771 2274 956 2327 sedari
990 2289 1219 2343 prorsus
1249 2282 1556 2343 pateretur,
1590 2272 1685 2328 sed
1716 2273 2005 2341 impotenti
2030 2273 2219 2326 animo
2255 2271 2366 2325 Deo

771 2367 939 2421 stulte
962 2366 1163 2421 bellum
1194 2365 1461 2429 inferret,
1489 2366 1545 2420 in
1572 2365 1770 2429 mediis
1803 2364 2061 2419 fluctibus
2096 2380 2220 2418 cum
2250 2379 2367 2417 om-

772 2460 938 2514 nibus
986 2460 1163 2528 copiis
1205 2460 1440 2514 obrutus
1497 2466 1617 2522 est,
1666 2459 1935 2527 solusque
1982 2464 2238 2511 servatus
2285 2465 2367 2509 est

774 2549 961 2604 Israel.
992 2550 1097 2604 Sed
1133 2549 1363 2619 prodeat
1397 2550 1511 2619 jam
1552 2550 1716 2604 nobis
1755 2549 1809 2603 in
1843 2548 2088 2602 medium
2127 2548 2219 2602 ille
2255 2545 2370 2600 Mo-

774 2659 863 2696 ses
898 2642 992 2711 qui
1022 2640 1341 2695 Juda‘orum
1381 2641 1661 2695 vesaniam
1710 2641 1866 2710 prius
1905 2639 2125 2695 deﬂevit
2148 2678 2161 2702 ,
2198 2648 2253 2693 et
2283 2638 2369 2693 di-

774 2740 864 2785 cat
904 2731 970 2785 ad
1020 2748 1115 2785 eos
1166 2748 1307 2801 aegre
1352 2732 1533 2788 ferens
1578 2733 1750 2802 impia
1792 2733 1847 2786 in
1894 2731 2179 2787 Christum
2234 2729 2369 2784 faci-

776 2840 911 2877 nora
968 2844 981 2878 :
1040 2824 1386 2879 «Generatio
1436 2840 1623 2895 prava,
1679 2834 1734 2879 et
1789 2823 2072 2887 adultera,
2128 2822 2369 2877 haeccine

774 2913 965 2969 reddis
1027 2913 1261 2969 Domino
1301 2914 1366 2966 7?
1414 2933 1431 2965 ι
1493 2913 1626 2968 Eum
1686 2914 1781 2983 qui
1843 2922 1897 2967 te
1948 2928 2044 2982 per
2096 2928 2249 2967 mare
2314 2919 2369 2967 et

774 3004 977 3063 ﬂuctus
1027 3004 1317 3067 traduxit,
1372 3004 1519 3057 ultra
1575 3018 1727 3058 mare
1775 3002 1992 3072 abigis,
2048 3010 2103 3057 et
2150 2999 2367 3069 insequi

776 3113 886 3150 non
946 3095 1209 3150 vereris?
1272 3094 1404 3149 Tum
1456 3096 1570 3163 jam
1641 3104 1771 3148 sunt
1826 3090 2011 3162 partes
2046 3132 2063 3159 ,
2124 3092 2362 3147 Iudaee:

775 3189 937 3259 273
980 3202 1129 3241 mare
1172 3195 1224 3241 te
1271 3188 1490 3242 tandem
1533 3188 1828 3257 opprimet.
1883 3185 2030 3240 Mors
2076 3187 2222 3241 enim
2271 3200 2365 3241 eos

776 3283 869 3349 qui
913 3287 1325 3349 persequuntur
1352 3288 1561 3339 manet,
1591 3295 1699 3333 non
1738 3278 1832 3347 qui
1866 3278 2105 3347 fugiunt,
2138 3276 2365 3346 etquod

776 3380 909 3424 tunc
940 3369 994 3423 in
1026 3370 1135 3422 illis
1161 3410 1176 3434 ,
1224 3369 1277 3423 id
1310 3386 1459 3424 nunc
1496 3371 1549 3423 in
1587 3370 1812 3423 Christo
1839 3385 2064 3438 quoque
2097 3379 2151 3422 et
2185 3368 2367 3437 impiis

778 3464 982 3520 Judaeis
1007 3466 1192 3521 videre
1223 3473 1328 3521 est.
1376 3466 1567 3521 Psallit
1603 3480 1733 3519 vero
1778 3466 1982 3519 alicubi
2015 3466 2234 3519 divinus
2276 3465 2367 3518 ille

777 3564 966 3611 noster
990 3556 1161 3611 David
1190 3576 1204 3613 :
1242 3575 1262 3608 ι
1290 3557 1409 3612 Νοη
1439 3574 1524 3611 me
1548 3556 1832 3626 demergat
1856 3565 2154 3625 tempestas
2189 3572 2365 3626 aquae,

777 3660 957 3714 neque
995 3646 1293 3701 absorbent
1330 3662 1414 3701 me
1438 3646 1771 3715 profundum
1799 3648 1852 3709 ⁸,
1887 3666 1904 3697 ι
1946 3648 2148 3715 quibus
2188 3649 2367 3702 verbis

776 3737 1165 3807 gravissimum
1245 3738 1549 3809 Synagog'e
1616 3737 1933 3791 Judzeorum
2016 3737 2365 3809 naufragium

776 3830 1111 3890 subindicat,
1147 3840 1201 3883 et
1236 3832 1560 3899 ignorantiae
1593 3830 1871 3898 profundo
1916 3831 2081 3885 simul
2122 3830 2368 3899 demergi

776 3931 1080 3978 aversatur.
1124 3923 1230 3977 Sed
1263 3922 1506 3994 Egyptii
1549 3924 1768 3993 quidem
1802 3930 1856 3977 et
1888 3938 2076 3976 eorum
2121 3938 2214 3977 rex
2254 3938 2370 3977 cor-

776 4028 972 4080 porum
1016 4013 1401 4067 tantummodo
1444 4013 1722 4083 jacturam
1778 4013 2049 4066 fecerunt.
2093 4011 2269 4066 Judzei
2311 4028 2368 4064 re

777 4106 1164 4170 przestabiliori
1211 4107 1426 4160 multati
1468 4109 1694 4177 gravius
1748 4106 2052 4173 puniuntur
2100 4124 2111 4159 :
2171 4105 2368 4158 anima:

776 4196 978 4266 quippe
1013 4196 1288 4264 jacturam
1326 4197 1535 4251 faciunt
1562 4239 1575 4263 ,
1627 4213 1728 4267 pro
1762 4199 1978 4251 ratione
2026 4212 2252 4252 suorum
2287 4196 2366 4249 far

775 4288 1031 4341 cinorum
1084 4288 1305 4358 praemia
1344 4296 1714 4357 reportantes.
1763 4288 1897 4343 Jure
1947 4288 2093 4341 enim
2144 4287 2367 4357 punitus

744 4389 860 4449 gest
898 4379 1137 4444 Pharao,
1179 4390 1368 4449 utpote
1397 4381 1489 4449 qui
1526 4381 1759 4435 liberum
1792 4380 2055 4449 populum
2100 4380 2367 4434 servitute

775 4486 1025 4539 premere
1095 4480 1382 4537 tentaret;
1452 4480 1645 4525 contra
1716 4486 1847 4525 vero
1917 4471 2067 4539 juste
2134 4471 2366 4541 punitur

2464 1999 2523 2052 δέ
2594 2016 2646 2051 τι
2718 1998 2813 2051 καὶ
2879 1997 3063 2066 ἕτερον
3108 1996 3239 2065 ἡμῖν
3294 1993 3372 2055 ὡς
3444 1993 3502 2045 ὲν
3569 1992 3752 2046 ὠδῖσιν
3812 1992 3843 2043 ὁ
3899 1990 4069 2051 τύπος

2469 2090 2853 2162 κεκρυμμένον
2946 2090 3090 2158 ἔχειν
3172 2088 3491 2157 μυστήριον.
3573 2086 3701 2138 Ὅτε
3785 2085 3899 2153 γὰρ
3969 2084 4067 2151 τῆς

2467 2184 2783 2252 Αἰγυπτίων
2843 2181 3185 2251 ἐξεπέμπετο
3238 2179 3421 2251 χώρας
3472 2180 3501 2231 6
3538 2179 3776 2248 Ἰσραὴλ,
3834 2177 4066 2246 ἠκολού-

2469 2277 2551 2328 θει
2593 2275 2691 2343 μὲν
2745 2274 2865 2326 λίαν
2910 2273 3309 2343 ἐκτεθηγμένος
3356 2273 3386 2325 6
3426 2270 3647 2339 Φαραὼ,
3700 2270 3793 2321 ἐπὶ
3843 2269 3903 2321 δὲ
3946 2271 4068 2330 ταῖς

2469 2366 2751 2437 ἀδοκήτοις
2809 2366 3135 2437 εὐπραγίαις
3190 2364 3286 2418 τοῦ
3347 2364 3529 2426 ἔθνους
3594 2362 4064 2431 ὲξοιστρούμενος,

2468 2459 2539 2511 τά
2567 2460 2631 2511 ἐκ
2662 2458 2856 2527 φθόνου
2896 2460 2989 2511 καὶ
3027 2458 3204 2527 λύπης
3232 2456 3546 2525 ἀποτολμᾷν
3592 2454 3743 2525 νόμῳ
3767 2455 3845 2523 τῷ
3885 2454 4065 2523 μάχης

2469 2552 2759 2621 ἠπείγετο·
2800 2550 3084 2621 ἠκολούθει
3130 2550 3187 2603 δὲ
3241 2549 3503 2601 δύνασθαι
3551 2548 3940 2617 παλινδρομεῖν
3989 2549 4067 2609 είς

2469 2642 2714 2695 δουλείαν
2760 2639 3090 2708 ἀναγκάζειν
3140 2641 3386 2710 οἰόμενος
3432 2641 3559 2702 τοὺς
3608 2640 3705 2706 όψὲ
3760 2640 3854 2691 καὶ
3914 2640 4065 2705 μόλις

2469 2736 2567 2805 τῆς
2616 2733 2708 2785 ὑπ’
2736 2733 2884 2802 αὐτῷ
2917 2732 3136 2803 θητείας
3174 2732 3545 2793 ἐκδεδυκότας.
3588 2730 3745 2782 Ἀλλὰ
3790 2730 4061 2791 διεϐίϐαζε

2474 2824 2573 2895 μὲν
2600 2827 2702 2894 τὴν
2731 2824 2818 2876 διὰ
2852 2822 3127 2891 θαλάσσης
3166 2822 3337 2891 μέσης
3374 2821 3527 2883 Θεὸς,
3560 2822 3589 2873 6
3624 2820 3679 2872 δὲ
3720 2819 3939 2871 διώκων
3983 2822 4063 2869 ὲν-

2469 2916 2657 2979 τόνως,
2689 2916 2783 2968 καὶ
2812 2914 3047 2984 χαλάσαι
3084 2915 3182 2983 μὲν
3226 2914 3324 2983 τὴν
3361 2914 3531 2983 ὀργὴν
3573 2912 3836 2982 μηδαμῶς
3884 2912 4063 2979 ἀνεχό-

2473 3024 2651 3075 μενος,
2683 3007 2972 3075 θεομαχεῖν
3017 3006 3073 3057 δὲ
3120 3005 3449 3074 παραλόγως
3502 3001 3981 3070 άναπεπεισμένος
4009 3001 4063 3062 ἐξ

2470 3095 2712 3164 ἀκράτου
2774 3095 2987 3162 θυμοῦ.
3047 3094 3189 3147 κατὰ
3260 3094 3432 3160 μέσην
3490 3092 3661 3160 αὐτὴν
3716 3094 4059 3162 πανστρατιᾷ

2471 3186 2865 3253 κατεπνίγετο,
2912 3184 3201 3249 διεσώζετο
3248 3184 3304 3235 δὲ
3364 3183 3521 3253 μόνος
3570 3184 3599 3235 6
3646 3180 3885 3253 Ἰσραήλ.
3934 3185 4055 3234 Ἀλλ’

2471 3280 2651 3349 ἡκέτω
2691 3280 2783 3331 καὶ¹
2815 3278 2909 3332 νῦν
2946 3280 3026 3340 εἰς
3074 3277 3239 3345 μέσον
3283 3278 3410 3344 ἡμῖν
3444 3276 3473 3325 6
3512 3278 3608 3339 τὰς
3647 3277 3756 3329 τῶν
3793 3277 4059 3330 Ἰουδαίων

2470 3371 2726 3433 ἀπονοίας
2756 3370 3245 3441 προαναθρηνήσας
3282 3369 3510 3438 Μωσῆς,
3542 3370 3637 3422 καὶ
3688 3369 3897 3435 λεγέτω
3928 3371 4056 3437 πρὸς

2469 3462 2665 3523 αὐτοὺς
2699 3462 2792 3513 ἐπὶ
2818 3464 2939 3524 ταῖς
2983 3464 3063 3525 είς
3110 3462 3344 3531 Χριστὸν
3378 3461 3656 3523 ἀσεϐείαις
3702 3463 4057 3525 ἀγανακτῶν·

2476 3571 2493 3603 ι
2529 3552 2694 3606 Γενεὰ
2744 3553 2957 3621 πονηρᾶ
3007 3552 3103 3605 καὶ
3156 3554 3437 3623 μοιχαλὶς,
3484 3553 3656 3605 ταῦτα
3701 3555 3895 3624 Κυρίῳ
3940 3556 4053 3606 άντ-

2468 3644 2771 3709 αποδίδοτε;
2804 3664 2822 3696 ι
2861 3645 2964 3697 Τὸν
2987 3645 3327 3712 διενεγκόντα
3350 3644 3439 3697 διὰ
3460 3645 3736 3714 θαλάσσης
3767 3646 3944 3713 μέσης
3975 3646 4059 3696 καὶ

2468 3738 2729 3807 κυμάτων
2775 3737 3021 3807 σφοδρῶν
3076 3737 3252 3807 πέραν
3298 3737 3542 3800 ἐλαύνεις
3592 3738 3907 3806 θαλάσσης,
3972 3740 4059 3790 καὶ

2468 3831 2679 3883 διώκων
2708 3829 2807 3881 οὐκ
2834 3829 3124 3899 ἐρυθριᾷς;
3167 3830 3264 3882 Σὺν
3310 3826 3401 3883 οὖν
3432 3833 3539 3896 ἄρα
3574 3831 3633 3882 τὸ
3674 3830 3891 3890 παθεῖν,
3933 3834 4060 3884 Ἰον-

2468 3921 2606 3985 δαῖε,
2648 3921 2706 3973 σὲ
2757 3921 3074 3984 καταπνίξει
3132 3920 3319 3974 λοιπὸν
3361 3923 3393 3991 ἡ
3444 3922 3709 3975 θάλασσα.
3779 3924 3904 3975 Τῶν
3954 3926 4059 3992 γάρ

2467 4012 2794 4075 διωκόντων,
2836 4013 2899 4065 οὐ
2957 4013 3065 4064 τῶν
3107 4013 3451 4082 διωκομένων
3488 4015 3516 4066 6
3562 4012 3813 4076 θάνατος,
3865 4016 3962 4067 καὶ
4006 4018 4059 4067 ἐν

2471 4105 2699 4167 ἐκείνοις
2726 4100 2793 4173 ἦν
2824 4104 3068 4156 τότε-καὶ
3106 4103 3199 4156 νῦν
3257 4104 3349 4155 ἐπὶ
3388 4104 3625 4173 Χριστοῦ
3673 4106 3766 4157 καὶ
3815 4106 3926 4157 τῶν
3972 4109 4057 4159 άν-

2467 4196 2629 4248 οσίων
2688 4195 2973 4249 Ἰουδαίων.
3032 4195 3238 4249 Ψάλλει
3282 4196 3339 4248 δέ
3404 4212 3507 4247 που
3541 4197 3634 4248 καὶ
3686 4196 3737 4247 6-
3771 4195 4055 4259 θεσπέσιος

2468 4289 2599 4355 ἡμῖν
2634 4287 2822 4340 Δαδίδ’
2862 4306 2879 4337 ι
2914 4289 3003 4357 Μή
3048 4305 3114 4357 με
3154 4288 3603 4341 καταποντισάτω
3646 4290 3901 4355 καταιγὶς
3938 4290 4058 4342 ὓδα-

2466 4397 2578 4441 τος,
2615 4379 2811 4446 λέγων,
2845 4380 2978 4449 μηδὲ
3011 4379 3326 4431 καταπιέτω
3364 4396 3431 4447 με
3466 4378 3647 4447 βυθὸς,
3690 4399 3707 4430 r
3734 4380 3796 4432 τὸ
3847 4382 4054 4450 rani-

2467 4471 2630 4523 λεπον
2673 4472 2771 4540 τῆς
2812 4472 3077 4524 Ἰουδαίων
3137 4473 3466 4540 Συναγωγῆς
3519 4474 3874 4541 ύπεμφαίνων
3932 4493 4055 4527 ναν-

774 4561 940 4621 lsracl
968 4601 981 4623 ,
1012 4562 1101 4629 qui
1151 4562 1357 4615 servire
1401 4562 1644 4617 universi
1678 4562 1906 4616 Domino
1935 4562 2361 4633 dedignaretur;

2472 4561 2644 4628 άγιον,
2693 4561 2789 4612 καὶ
2832 4561 2893 4612 τὸ
2940 4562 3036 4613 σὺν
3074 4561 3300 4623 ἐκείνοις
3343 4562 3801 4629 ἐναποπνίγεσθαι
3848 4564 3926 4633 τῷ
3960 4566 4054 4631 τῆς

772 4660 1017 4718 et'quem
1052 4651 1141 4705 ille
1174 4654 1317 4722 apud
1351 4652 1531 4720 ipsum
1565 4652 1873 4721 tyrannidis
1908 4653 2091 4707 locum
2117 4653 2360 4716 tenebat,

775 4742 919 4794 hunc
959 4742 1075 4810 ipse
1105 4757 1233 4810 erga
1275 4741 1442 4796 Deum
1476 4742 1747 4812 superbiae
1781 4751 1965 4798 tenere
1998 4742 2364 4812 deprehendi-

774 4843 884 4885 tur.
933 4832 1245 4885 Notandum
1324 4849 1489 4901 purro
1570 4834 1660 4887 hic
1715 4834 1969 4904 paludem
2018 4834 2362 4888 Tiberiadem

776 4940 926 4978 mare
967 4925 1178 4987 vocari,
1210 4940 1307 4993 pro
1339 4942 1491 4977 amre
1522 4925 1823 4995 Scriptura:
1855 4927 2055 4981 divina:
2088 4946 2098 4979 :
2157 4945 2175 4977 ι
2214 4928 2365 4981 Con-

771 5015 1127 5083 gregationes
1198 5015 1341 5068 enim
1411 5031 1677 5084 aquarum
1758 5018 1932 5071 maria
2016 5020 2277 5072 vocavit”
2341 5039 2357 5071 ι

773 5106 995 5175 tlpifex.
1030 5106 1183 5175 Saape
1213 5116 1393 5161 autem
1438 5108 1543 5161 hoc
1584 5110 1915 5163 vocabulum
1954 5110 2167 5164 externi
2219 5112 2361 5165 scri-

772 5206 961 5263 ptores
992 5196 1305 5266 promiscue
1345 5207 1650 5267 usurpant,
1700 5198 1773 5252 ita
1808 5208 1865 5253 ut
1912 5200 2162 5255 nonnulli
2208 5203 2364 5272 palu-

770 5290 893 5342 «lem
928 5290 1097 5345 maris
1126 5289 1347 5344 nomine
1371 5306 1695 5361 nuncupare
1727 5307 1836 5345 non
1865 5291 2142 5347 dubitent.

2467 4653 2741 4721 ἀγνωσίας
2771 4652 2919 4721 βυθῷ
2958 4652 3409 4722 παραιτούμενος.
3448 4655 3588 4706 Ἀλλ’
3617 4656 3935 4721 Αἰγυπτίοις
3962 4658 4055 4725 μὲν

2468 4744 2563 4797 καὶ
2594 4743 2671 4813 τῷ
2699 4744 2827 4813 παρ’
2881 4744 3105 4806 ἐκείνοις
3145 4743 3432 4813 κρατοῦντι
3478 4748 3595 4799 τότε
3641 4748 3767 4816 περὶ
3804 4748 4051 4815 σώματος

2467 4837 2532 4888 ὲκ
2564 4836 2665 4905 γῆς
2710 4836 2739 4886 ὁ
2787 4835 3026 4897 κίνδυνος
3057 4832 3145 4905 ἦν,
3184 4837 3421 4889 Ἰουδαῖοι
3461 4839 3515 4891 δὲ
3549 4839 3807 4901 παθόντες
3860 4844 3942 4903 εἰς
3993 4842 4052 4893 τα

2469 4926 2768 4997 τιμιώτερα
2804 4926 3065 4996 μειζόνως
3107 4928 3453 4991 κολάζονται’
3487 4929 3667 4999 ψυχῆς
3709 4930 3818 4999 γαρ
3847 4933 4052 5001 ὑπομέ-

2470 5037 2615 5073 νουσι
2649 5020 2869 5090 ζημίαν,
2899 5020 3176 5087 ἀναλόγως
3214 5024 3325 5083 τοῖς
3360 5022 3505 5085 ἰδίοις
3532 5026 3955 5094 κακουργήμασι
3992 5028 4051 5078 τα

2470 5111 2724 5184 ἐπίχειρα
2757 5112 3122 5183 κομιζόμενοι.
3169 5114 3483 5178 Ἑκολάζετο
3529 5116 3628 5186 μὲν
3672 5117 3780 5187 γὰρ
3820 5117 4052 5185 είλόγιλις

2469 5206 2497 5256 6
2527 5203 2745 5274 Φαραὼ,
2772 5204 3113 5257 πλεονεκτεῖν
3143 5208 3221 5267 εἰς
3251 5206 3494 5259 δουλείαν
3523 5207 3582 5260 τὸ
3623 5208 3907 5277 ἐλεύθερον
3949 5216 4047 5262 ἐπι-

2471 5296 2698 5366 χειρῶν³
2732 5298 3055 5365 τιμωρεῖται
3084 5297 3139 5350 δὲ
3165 5298 3325 5351 πάλιν
3352 5299 3409 5365 ἐξ
3437 5300 3791 5371 ἀντεστρόεξου
3829 5302 4048 5363 δικαίως

768 5381 796 5430 6
845 5380 1064 5450 Ἰσραὴλ
1088 5380 1188 5451 τὴν
1215 5380 1320 5434 ὑπὸ
1356 5379 1435 5450 τῷ
1466 5381 1686 5436 πάντων
1722 5382 1967 5453 Δεσπότῃ
1996 5382 2238 5436 δουλείαν
2264 5386 2362 5437 οὐκ
2393 5386 2790 5456 εἰσερχόμενος,
2840 5386 2953 5439 ἀλλ’
2979 5388 3117 5457 ὅπερ
3146 5382 3212 5457 ἦν
3239 5387 3313 5450 ὡς
3363 5390 3420 5440 ἐν
3470 5389 3692 5459 δυνάμει
3743 5392 4047 5458 πλεονεξίας

764 5478 979 5538 ἐκεῖνος
1038 5477 1206 5545 αὐτῷ,
1276 5477 1434 5531 τοῦτο
1468 5477 1561 5532 καὶ
1626 5479 1785 5542 αὐτὸς
1829 5482 1893 5532 ὲκ
1968 5480 2167 5549 πολλῆς
2229 5481 2544 5546 ἀλαζονείας
2586 5484 2665 5546 είς
2716 5482 2849 5535 Θεὸν
2893 5484 3298 5553 εὑρισκόμενος,
3343 5486 3681 5556 Σημειωτέον
3717 5489 3793 5551 δὲ,
3831 5490 3919 5542 δτι
3960 5492 4047 5560 sip

776 5566 1066 5637 Τιϐεριάδα
1122 5568 1316 5637 λίμνην
1363 5569 1636 5623 θάλασσαν
1682 5570 1979 5635 ἀποκαλεῖ,
2020 5575 2129 5634 τοῖς
2204 5574 2301 5643 τῆς
2340 5572 2489 5636 θείας
2548 5575 2767 5644 Γραφῆς
2830 5575 3092 5645 ἑπόμενος
3124 5575 3331 5641 λόγοις·
3364 5594 3382 5627 ι
3423 5577 3500 5629 Τὰ
3562 5576 3668 5647 γὰρ
3732 5582 4045 5650 συστήματα

768 5660 883 5711 τῶν
929 5660 1137 5713 ὑδάτων
1194 5662 1466 5725 θαλάσσας
1515 5665 1773 5717 ἐκάλεσεν
1832 5686 1848 5717 i
1898 5669 1924 5717 6
1976 5668 2335 5738 Δημιουργός.
2379 5669 2681 5739 ’Δδιαφορεῖ
2721 5670 2777 5723 δὲ
2822 5670 3074 5734 πολλάκις
3120 5672 3207 5723 καί
3244 5672 3272 5721 6
3299 5672 3443 5739 rupi
3489 5674 3596 5735 τοῖς
3624 5672 3725 5737 ἔξω
3763 5675 3939 5744 λόγος,
3982 5680 4036 5737 ti,

769 5754 867 5807 καὶ
895 5753 1089 5822 λίμνην
1126 5753 1245 5805 ἔσθ’
1292 5756 1377 5806 ὅτε
1445 5758 1541 5826 τὴν
1576 5757 1848 5809 θάλασσαν
1916 5760 2199 5829 ὀνομάζειν
2265 5762 2325 5813 οὐ
2381 5762 2957 5831 παραιτεῖσθαίτινας.

854 5908 871 5938 ⁵
908 5906 1046 5963 Osce
1077 5927 1189 5981 xw,
1230 5911 1313 5965 l0.
1396 5916 1410 5939 ³
1452 5916 1586 5972 Osce
1623 5932 1697 5982 ιι,
1735 5918 1761 5971 6

1868 5922 1877 5949 τ
1925 5915 2083 5972 I'cut.
2124 5934 2273 5972 um
2301 5961 2313 5981 ,

2483 5919 2498 5939 ί
2536 5916 2681 5973 I‘sal.
2722 5934 2925 5985 Limn,
2980 5920 3058 5973 ll}.
3145 5920 3312 5974 'ch.
3352 5937 3387 5987 1,
3434 5922 3494 5975 l0
