4218 6500
164 437 267 492 ιιι

1210 418 1274 471 ΙΝ
1315 413 1604 472 JOANNIS
1644 401 2093 466 EVANGELIUM
2139 397 2268 457 LIB.
2307 394 2396 449 lli.

3358 380 3466 436 4η

256 546 603 614 Ἠκολούθει
628 542 699 597 δὲ
717 540 879 607 αὐτῷ
900 538 1084 609 ὄχλος
1104 536 1318 602 πολὺς,
1346 535 1436 588 ὅτι
1485 533 1777 599 ἐθεώρουν

1954 524 2040 589 Vl,
2061 524 2182 580 2-4.
2228 512 2556 589 Sequebatur
2590 516 2904 562 autemeum
2930 498 3216 555 multitudo
3248 510 3465 565 magna,

2367 613 2375 614 ί
2667 598 2688 614 ι·
2759 598 2768 608 ·
2808 597 2819 614 ι
2848 603 2891 614 κ·
2937 607 3087 614 --η--.-
3130 589 3207 614 ι.;-
3258 588 3344 614 -..ι
3388 586 3465 614 :..,,

167 639 244 693 τὰ
280 637 530 706 σημεῖα,
567 636 605 690 d
632 635 820 688 ἐποίει
849 631 947 685 ἐπὶ
986 629 1105 683 τῶν
1137 626 1581 683 ἀσθενούντων.
1628 625 1762 677 Ἀν-

164 730 323 812 ῆλρε
362 729 436 782 δὲ
465 731 555 795 εις
591 727 655 781 τὸ
697 726 835 793 ὅρος
861 727 894 777 d
934 720 1188 790 Ἰησοῦς,
1232 718 1327 771 καὶ
1357 717 1485 771 ἐκεῖ
1511 716 1770 781 ἐκάθητο

164 808 316 888 μετά
345 820 469 873 τῶν
479 816 769 889 μαθητῶν
789 815 994 870 αὑτοῦ.
1023 810 1136 870 Ἦν
1162 813 1231 866 δὲ
1260 812 1439 881 ἐγγὺς
1464 810 1531 863 τὸ
1554 808 1771 877 Πάσχα

169 908 209 973 ἠ
238 908 419 975 ἑορτὴ
451 907 573 959 τῶν
607 904 921 960 Ἰουδαίων.

246 1003 379 1055 Ὅτε
411 1002 523 1073 γάρ
564 1001 674 1053 τῶν
717 996 1110 1068 Ἰεροσολύμων
1141 993 1540 1065 ὲκπεφοίτηκεν
1570 994 1598 1045 ὁ
1635 993 1768 1062 Χρι-

172 1096 319 1159 στὸς,
362 1095 512 1149 κατά
539 1094 601 1147 τὸ
629 1096 686 1147 ὲν
728 1095 1034 1164 προφήταις
1069 1090 1360 1162 εἰρημένον
1390 1106 1403 1119 ·
1448 1108 1466 1139 ι
1506 1089 1770 1156 Ἐγκατασ-

170 1187 401 1238 λέλοιπα
423 1185 515 1237 τὸν
541 1180 691 1237 οἶκόν
724 1200 847 1253 μου,
879 1181 1070 1251 ἀφῆκα
1098 1180 1196 1249 τὴν
1223 1176 1587 1248 κληρονομίαν
1610 1192 1765 1245 pou,»

171 1280 261 1331 ὅτε
293 1279 388 1330 τὸν
410 1277 616 1345 ἀπειθῆ
644 1276 740 1329 καὶ
760 1275 1010 1345 δυσήνιον
1037 1274 1147 1326 τῶν
1182 1270 1453 1325 Ἰουδαίων
1475 1266 1771 1322 ἀπολακτί-

173 1386 273 1432 σας
306 1369 476 1433 λαὸν,
528 1370 641 1429 τοῖς
686 1364 1031 1434 ἀλλογενέσιν
1058 1361 1249 1416 ἑαυτὸν
1290 1357 1602 1429 ἐχαρίζετο,
1650 1355 1773 1408 τότε

171 1462 344 1524 πολὺς
373 1460 479 1530 μὲν
504 1460 658 1530 ὄχλος
684 1457 987 1512 ἀκολουθεῖ.
1016 1456 1225 1507 ’Λνεισι
1249 1452 1305 1505 δὲ
1334 1453 1413 1514 εἰς
1439 1450 1563 1520 ὅρος
1588 1447 1769 1513 αὐτὸς,

171 1556 294 1605 κατ’
318 1554 504 1605 ἐκεῖνο
530 1551 594 1621 δὴ
624 1551 862 1612 πάντως,
896 1550 1034 1618 ὅπερ
1057 1546 1246 1617 εἴρηκε
1269 1543 1483 1613 φθάσας
1508 1559 1523 1573 ·
1559 1559 1577 1593 ι
1604 1539 1775 1607 Κάγὼ

170 1647 267 1698 ἐὰν
294 1643 505 1714 ὑψωθῶ
537 1646 601 1697 ὲκ
640 1644 764 1713 γῆς,
795 1644 1002 1701 πάντας
1046 1639 1261 1692 ἑλκύσω
1291 1635 1428 1710 πρὸς
1464 1633 1722 1705 ἐμαυτόν.
1749 1650 1767 1682 ι

184 1736 413 1805 Ὑψὼοη
443 1735 544 1805 μὲν
573 1734 683 1805 γάρ
712 1736 776 1787 ἐκ
800 1734 902 1801 τῆς
926 1733 1052 1801 γῆς,
1081 1729 1175 1783 καὶ
1208 1731 1287 1792 είς
1327 1728 1418 1781 τὸν
1442 1726 1584 1795 ὑπὲρ
1616 1722 1776 1794 ἡμῶν

171 1827 490 1880 ἀναϐαίνων
530 1826 782 1896 σταυρόν.
825 1822 1048 1894 ’Υψώθη
1076 1822 1131 1875 δὲ
1161 1822 1325 1874 πάλιν
1355 1819 1579 1889 ἑτέρως,
1613 1816 1783 1870 καθά-

171 1937 279 1990 περ
317 1923 401 1983 εἰς
432 1921 560 1991 ὅρος
606 1917 964 1989 ἀναϐεϐηκὼς
1017 1916 1117 1986 τὴν
1164 1913 1447 1984 θεοπρεπῆ
1493 1911 1662 1980 τιμήν
1713 1925 1773 1961 τε

172 2014 267 2067 καὶ
288 2013 474 2079 δόξαν.
501 2013 576 2065 Οὐ
598 2013 707 2081 γὰρ
734 2010 810 2073 ὡς
840 2009 1123 2080 ἄνθρωπον
1146 2004 1488 2075 άτιμάζομεν
1512 2002 1655 2056 κατά
1683 2001 1773 2055 τὸν

186 2101 445 2170 Ἰσραὴλ,
503 2099 617 2152 ἀλλ’
657 2100 733 2162 ὡς
765 2098 932 2162 Θεὸν,
980 2099 1075 2150 καὶ
1105 2097 1367 2167 Σωτῆρα,
1422 2094 1518 2148 καὶ
1565 2093 1773 2163 Κύριον

173 2192 601 2263 προσκυνοῦμεν
632 2194 815 2261 ἡμεῖς.
839 2191 975 2261 Παρ’
1002 2189 1231 2251 ἐκείνοις
1258 2189 1354 2259 μὲν
1384 2186 1492 2258 γάρ
1518 2184 1775 2248 ταπεινός

174 2305 253 2349 τις
286 2286 581 2356 ὑπάρχειν,
622 2285 717 2338 καὶ
746 2284 897 2338 οὐδὲν
914 2284 1052 2345 ὅλως
1084 2282 1226 2335 κατά
1259 2281 1320 2333 τὸ
1350 2278 1631 2341 παντελῶς
1666 2280 1775 2331 ὲνο-

176 2377 369 2444 μὲζετο
401 2392 416 2404 ⁶
480 2376 579 2429 καὶ
631 2376 763 2443 γοῦν
806 2374 1154 2446 Σαμαρείτην
1214 2372 1618 2434 ἀποκαλοῦντες
1675 2371 1776 2424 οὐκ

174 2468 460 2537 ἔφριττον,
520 2468 848 2537 σεμνότερον
886 2467 943 2519 δέ
989 2485 1106 2529 πως
1140 2465 1503 2536 ἀτιμάζοντες
1546 2464 1639 2516 τὸν
1681 2463 1774 2516 τοῦ

174 2559 434 2621 τέκτονος
464 2559 626 2611 αὐτὸν
652 2559 961 2612 ἀπεκάλουν
997 2559 1113 2610 υἱόν
1134 2574 1146 2586 ·
1192 2556 1428 2626 παρὰ·δέ
1456 2573 1519 2624 γε
1553 2558 1665 2618 τοῖς
1687 2574 1774 2608 πι-

176 2650 467 2701 στεύουσιν
496 2650 576 2711 εἰς
600 2649 764 2702 αὐτὸν
790 2688 805 2711 ,
856 2649 929 2711 ὡς
958 2648 1330 2719 μεγαλουργὺς
1354 2648 1449 2700 καὶ
1479 2647 1614 2709 Θεὸς
1636 2687 1649 2710 ,
1700 2646 1777 2709 ὡς

175 2739 285 2792 τῶν
307 2738 631 2808 παραδόξων
651 2739 889 2809 ἐργάτης
905 2737 1377 2808 ἀποθαυμάζεται.
1395 2737 1621 2807 ’Λκούῃς
1645 2736 1774 2807 γὰρ,

172 2832 327 2893 ὃπως
359 2830 594 2899 εὐσεϐὴς
622 2833 736 2893 τοῖς
755 2831 1190 2901 ἀκολουθήσασιν
1218 2831 1518 2900 ἐνυπάρχει
1551 2830 1772 2892 σκοπός.

174 2922 303 2975 Ὅτι
338 2922 451 2993 γάρ
484 2919 758 2992 ἐθεώρουν
791 2922 860 2975 τὰ
886 2922 979 2974 ἐπὶ
1006 2922 1115 2975 τῶν
1143 2920 1518 2974 ἀσθενούντων
1549 2924 1773 2990 σημεῖα,

174 3014 542 3120 δήτοῦτο-δὴ
564 3015 710 3085 μάλα
736 3014 955 3085 θερμῶς
985 3014 1213 3067 ἔπεσθαι
1232 3014 1343 3067 δεῖν
1370 3012 1775 3083 ὑπελάμϐανον,

165 3105 243 3166 ὡς
265 3109 381 3161 ἀπὸ
403 3109 512 3161 τῶν
530 3108 872 3178 τελουμένων
894 3106 1172 3175 ἀναλόγως
1195 3108 1289 3159 ἐπὶ
1318 3107 1418 3175 τὴν
1443 3106 1539 3158 τοῦ
1564 3105 1779 3157 τελοῦν-

1872 618 1998 687 quia
2030 586 2284 669 uidebant
2308 586 2487 680 signa
2512 616 2630 671 qua:
2661 597 2891 665 faciebat
2929 607 3087 659 super
3124 589 3207 642 his
3255 588 3344 657 qui
3388 586 3469 638 in-

1876 711 2252 777 ﬁrmabantur.
2287 679 2463 756 Subiit
2499 714 2625 770 ergo
2649 698 2704 751 in
2738 696 2969 748 montem
3001 682 3182 746 Iesus,
3207 689 3256 734 et
3285 679 3356 731 ibi
3387 692 3467 730 se-

1873 803 2028 856 debat
2071 816 2193 854 cum
2242 795 2520 862 discipulis
2563 792 2698 845 suis.
2758 788 2897 843 Erat
2945 795 3121 838 autem
3162 773 3467 852 profimum

1875 893 2092 949 Pascha
2129 892 2243 946 dies
2285 890 2452 959 festus
2488 884 2822 940 Judazorum.

1944 988 2080 1042 Cum
2134 984 2282 1041 enim
2326 976 2730 1047 Hierosolymis
2781 969 3042 1029 Christus
3089 961 3463 1024 discessisset,

1872 1079 2028 1150 juxta
2062 1075 2198 1131 illud
2227 1073 2609 1144 propheticum
2641 1086 2652 1120 :
2697 1084 2714 1117 ι
2748 1063 2965 1133 Reliqui
2998 1061 3226 1115 domum
3262 1068 3464 1115 meam,

1875 1168 2058 1225 dimisi
2104 1165 2481 1221 hmrcditatem
2525 1174 2700 1215 meam
2731 1158 2807 1222 ¹⁰;
2850 1174 2869 1207 ι
2901 1168 3049 1215 cum,
3077 1148 3372 1220 prmfracto
3412 1150 3467 1197 et

1875 1263 2189 1321 contumaci
2241 1258 2556 1314 Judaiorum
2609 1252 2814 1323 populo
2866 1247 3095 1315 reiecto,
3141 1237 3465 1306 alienigenis

1876 1371 1998 1412 sese
2027 1351 2377 1425 praebuisset,
2412 1358 2545 1401 tunc
2576 1360 2770 1413 magna
2795 1347 2987 1397 secuta
3009 1344 3094 1391 est
3122 1348 3245 1388 eum
3274 1330 3461 1383 turba.

1876 1446 1997 1516 Ipse
2023 1415 2157 1505 vero
2188 1441 2243 1495 in
2272 1445 2512 1492 montem
2548 1430 2820 1495 ascendit,
2852 1428 3011 1498 juxta
3040 1422 3092 1476 id
3117 1416 3263 1489 quod
3292 1415 3460 1470 dixit:

1882 1559 1900 1590 ι
1930 1538 1996 1591 Ει
2025 1553 2127 1608 ego
2159 1536 2204 1589 si
2236 1533 2508 1589 exaltatus
2533 1528 2691 1580 fuero
2717 1523 2785 1577 de
2819 1530 2987 1583 terra,
3023 1528 3218 1570 omnes
3249 1507 3463 1563 traham

1878 1631 1947 1686 ad
1980 1630 2249 1698 meipsum
2271 1625 2335 1677 “.
2372 1640 2390 1673 ι
2414 1620 2700 1674 Ειιιιιιιιιιιε
2726 1614 2873 1669 enim
2897 1609 3071 1666 estde
3098 1615 3265 1667 terra,
3297 1600 3462 1657 etiam

1877 1738 2002 1778 eum
2036 1722 2089 1775 in
2115 1730 2339 1773 crucem
2375 1729 2477 1784 pro
2515 1710 2680 1766 nobis
2706 1700 2977 1761 ascendit.
3028 1697 3161 1753 ltem
3192 1692 3466 1749 exaltatus

1879 1816 1984 1870 alio
2014 1826 2237 1883 quoque
2273 1806 2437 1863 modo
2463 1812 2568 1865 est,
2598 1816 2721 1856 cum
2756 1798 2823 1850 ad
2857 1796 3123 1849 honorem
3150 1794 3204 1843 et
3232 1784 3463 1855 gloriam

1877 1908 1987 1963 Deo
2012 1906 2234 1975 dignam
2266 1897 2538 1956 ascendit.
2581 1892 2708 1947 Non
2731 1889 2877 1945 enim
2903 1882 3278 1941 lsraelitarum
3315 1889 3467 1928 more

1875 2016 1978 2056 nos
2008 2012 2132 2054 eum
2163 2004 2221 2051 ut
2258 1992 2539 2049 hominem
2574 1982 2893 2056 respuimus
2914 2020 2929 2043 ,
2985 1976 3078 2033 sed
3107 1982 3166 2029 ut
3205 1972 3372 2026 Deum
3402 1982 3464 2020 ae

1877 2094 2222 2150 Servatorem
2285 2083 2684 2150 Dominutnque
2742 2075 3056 2129 adoramus.
3121 2064 3277 2134 Apud
3341 2062 3465 2115 illos

1874 2190 2079 2262 quippe
2111 2184 2235 2238 vilis
2275 2195 2339 2235 ae
2370 2192 2471 2249 pro
2509 2172 2682 2227 nihilo
2723 2164 2887 2238 274
2921 2163 3081 2233 plane
3115 2157 3461 2212 habebatur:

1877 2282 2022 2338 unde
2054 2278 2464 2335 Samaritanutn
2508 2269 2687 2337 ipsum
2736 2259 3012 2329 appellare
3058 2268 3167 2307 non
3198 2249 3467 2305 vereban-

1876 2337 1968 2429 tur
1999 2373 2134 2435 ",et
2164 2367 2257 2438 qui
2289 2358 2658 2419 verecundius
2687 2352 2737 2407 ei
2772 2345 3099 2405 illudehant,
3131 2340 3267 2394 fabri
3294 2337 3463 2390 ﬁliutn

1877 2464 2191 2521 vocitabant
2214 2460 2281 2511 ¹³.
2314 2453 2472 2524 Apud
2509 2448 2699 2503 ﬁdeles
2734 2457 2866 2498 vero
2887 2479 2901 2503 ,
2933 2448 2996 2492 ut
3030 2445 3351 2503 magnarum
3380 2443 3461 2482 re-

1879 2574 1996 2614 rum
2026 2565 2272 2626 patrator
2301 2563 2367 2603 ac
2393 2546 2637 2607 Deus,ut
2665 2532 3003 2591 mirabilium
3033 2525 3259 2583 eﬁ'eetor
3281 2520 3466 2589 suspi-

1877 2612 2041 2706 citur:
2073 2645 2212 2700 Audi
2243 2642 2389 2698 enim
2414 2678 2427 2701 ,
2485 2645 2539 2689 ut
2573 2632 2668 2703 qui
2701 2626 3077 2698 sequebantur
3106 2633 3233 2673 cum
3266 2615 3358 2685 pio
3386 2612 3465 2665 af-

1880 2743 2024 2799 fectu
2059 2740 2416 2794 ducerentur.
2474 2726 2616 2792 Quia
2668 2721 2817 2777 enim
2854 2718 3010 2787 signa
3057 2709 3315 2765 videbant
3348 2720 3469 2774 qua:

1878 2849 2044 2903 super
2077 2826 2312 2883 inﬁrmis
2360 2820 2626 2878 faciebat.
2677 2814 2887 2870 idcirco
2920 2820 3122 2877 magno
3170 2798 3355 2856 studio
3385 2812 3470 2850 sc-

1880 2896 2158 2996 quendum
2186 2933 2311 2975 esse
2337 2915 2644 2986 putabant,
2700 2906 2853 2962 velut
2895 2918 2925 2957 a
2958 2896 3351 2955 miraculorum
3385 2905 3470 2942 ra-

1880 2990 2032 3072 tione
2073 3012 2141 3067 ad
2184 3009 2519 3081 agnitionem
2569 3000 2691 3069 ejus
2748 3014 2777 3049 a
2827 3008 2939 3064 quo
2992 2990 3188 3044 ﬁeban’
3242 2995 3469 3054 progre-

1880 3110 2094 3165 dientes
2118 3146 2132 3170 ,
2183 3073 2292 3159 eta
2326 3105 2597 3170 potestate
2617 3092 2728 3146 Deo
2754 3083 3101 3143 eonvenienti
3143 3079 3237 3131 Det
3270 3073 3468 3127 Filium

175 3217 268 3261 τος
290 3200 594 3266 ἐπίγνωσιν
613 3165 1034 3268 ποδηγούμενοι,
1053 3165 1276 3250 καὶτάπὺ
1305 3165 1406 3265 τῆς
1440 3193 1777 3266 θεοπρεποῦς

1883 3216 2007 3257 esse
2055 3165 2379 3265 colligentes
2430 3203 2554 3244 eum
2610 3184 2703 3254 qui
2753 3186 2905 3234 tanta
2956 3175 3156 3228 virtute
3208 3165 3469 3238 praeditus

175 3289 433 3355 ἐξουσίας
463 3290 556 3342 τὸν
597 3288 803 3358 ταύτην
833 3288 1212 3358 ἠμφιεσμένον
1258 3287 1504 3356 φυσικῶς
1537 3286 1780 3339 ἐννοοῦν-

176 3401 267 3446 τες
298 3382 450 3436 Υίόν.
509 3383 607 3435 Διά
640 3382 845 3451 ταύτης
876 3381 935 3433 δὲ
979 3380 1180 3450 χρῆναι
1224 3379 1463 3448 βαδίζειν
1488 3380 1639 3448 ἡμᾶς
1681 3379 1782 3448 τῆς

177 3475 302 3529 ὁδοῦ
330 3474 469 3544 πρὸς
498 3474 597 3544 τὴν
624 3475 712 3542 ἐφ’
748 3472 928 3542 ἐαυτῷ
960 3473 1145 3525 πίστιν
1188 3470 1475 3524 ἐκέλευσεν
1507 3474 1534 3523 ὁ
1563 3472 1776 3540 Σωτήρ.

182 3586 201 3619 ‹
232 3567 317 3618 Τὲι
347 3566 459 3635 γάρ
486 3565 641 3637 ἔργα,
675 3566 709 3618 ἆ
736 3563 845 3632 ἐγὼ
872 3563 1033 3627 ποιῶ,
1063 3563 1252 3633 φησίν,
1290 3562 1428 3615 αύτά
1457 3562 1525 3614 τᾶι
1556 3562 1712 3631 ἔργα,
1746 3560 1782 3613 ἃ.

178 3660 294 3726 ἐγὼ
318 3658 459 3710 ποιῶ
488 3658 757 3727 μαρτυρεί
791 3657 921 3726 περὶ
950 3657 1106 3725 ἐμοῦ.
1141 3674 1159 3706 ι
1194 3654 1307 3708 Καὶ
1336 3654 1498 3707 πάλιν
1520 3671 1533 3684 ⁸
1568 3674 1585 3703 ι
1617 3655 1679 3705 Et
1718 3653 1781 3704 οὐ

180 3750 326 3803 ποιῶ
354 3748 424 3802 τὰ
468 3748 606 3818 ἔργα
651 3748 748 3800 τοῦ
783 3747 998 3815 Πατρός
1025 3764 1157 3815 μου,
1219 3745 1293 3816 μὴ
1331 3744 1617 3798 πιστεύετέ
1650 3762 1740 3814 μοι
1765 3762 1777 3774 ·

182 3844 230 3895 εἰ
260 3842 318 3894 δὲ
364 3841 527 3905 ποιῶ,
567 3840 669 3894 κᾶν
701 3839 825 3910 ἐμοὶ
860 3839 933 3909 μὴ
972 3837 1288 3907 πιστεύητε,
1321 3840 1435 3898 τοῖς
1469 3836 1651 3907 ἔργοις
1681 3854 1783 3908 μου

184 3932 498 3987 πιστεύετε.
532 3952 550 3982 ι
586 3932 795 4001 Ὠσπερ
826 3928 920 3984 οὖν
949 3930 1059 3983 ἀπὸ
1092 3929 1355 3997 μεγέθους
1380 3929 1645 3998 καλλονῆς
1676 3930 1784 3983 τῶν

186 4024 558 4095 κτισμάτωνό
582 4023 959 4093 γενεσιουργὸς
989 4021 1170 4075 αὐτῶν
1203 4021 1490 4091 θεωρεῖται
1509 4021 1660 4086 Θεὸς,
1693 4020 1785 4074 οῦ-

185 4134 295 4179 τιος
329 4114 440 4167 ἀπὸ
488 4113 587 4182 τῆς
629 4111 956 4181 θεοσημείας
981 4154 995 4177 ,
1041 4110 1183 4163 κατὰ
1215 4109 1312 4179 τὴν
1357 4110 1481 4179 ίσην
1510 4111 1619 4163 τῶν
1657 4129 1783 4180 νοη-

190 4209 381 4277 μάτων
414 4204 733 4274 διασκευὴν,
755 4204 783 4255 ὁ
811 4203 920 4254 τῶν
943 4201 1215 4271 σωμάτων
1246 4202 1441 4271 δρᾶται
1468 4201 1780 4270 τελειωτὴς,

188 4300 285 4352 καὶ
328 4300 361 4367 ὴ
394 4297 502 4349 τῶν
524 4293 966 4349 ἀκολουθούντων
999 4292 1184 4354 πίστις
1213 4292 1437 4355 δικαίως
1470 4289 1536 4345 ἂν
1567 4292 1785 4362 θαυμά-

188 4392 355 4455 ζοιτο.
392 4387 560 4459 Οἶμαι
596 4389 641 4440 δ’
674 4387 849 4455 ἔγωγε
910 4386 1346 4457 περιεργοτέραν
1377 4385 1500 4439 τινὰ
1548 4387 1643 4439 καὶ
1686 4386 1785 4454 οὐχ

185 4483 369 4551 ἁπλῆν
397 4482 511 4542 τοῖς
556 4478 867 4549 εἰρημένοις
902 4476 1279 4547 ἐγκεκρύφθαι
1313 4477 1571 4532 διάνοιαν.
1615 4476 1784 4547 Ὀρῶ-

1880 3301 2048 3348 esset.
2121 3286 2273 3344 lstud
2335 3296 2466 3337 vero
2528 3280 2635 3332 iter
2704 3288 2805 3326 nos
2866 3268 3031 3338 jussit
3060 3262 3318 3318 Christus
3382 3257 3466 3310 in-

1882 3384 2119 3441 sistere.
2188 3376 2255 3428 ad
2318 3372 2478 3427 ﬁdem
2536 3361 2957 3423 contendentes.
3016 3373 3033 3405 ι
3093 3350 3272 3418 Opera
3322 3342 3469 3399 enim

1881 3488 2001 3543 qua:
2026 3486 2125 3541 ego
2149 3468 2312 3531 iacio,
2342 3460 2542 3532 inquit,
2573 3459 2693 3527 ipsa
2737 3464 2903 3521 opera
2932 3460 3055 3516 qua:
3088 3457 3188 3512 ego
3217 3437 3360 3494 facio
3390 3443 3471 3489 te-

1882 3562 2205 3621 stimonium
2252 3554 2545 3629 perhibent
2579 3548 2648 3602 de
2681 3543 2847 3599 me“.
2884 3560 2902 3593 ι
2958 3536 3089 3591 Item
3128 3552 3140 3586 :
3198 3551 3217 3580 ‹
3256 3528 3314 3583 Si
3361 3541 3469 3580 non

1883 3655 2028 3709 facio
2072 3663 2239 3721 opera
2288 3645 2471 3701 Patris
2520 3639 2659 3701 mei,
2708 3634 2880 3689 nolite
2926 3627 3152 3685 credere
3193 3621 3328 3676 mihi
3373 3637 3387 3673 :
3426 3618 3470 3671 si

1883 3757 2062 3803 autem
2097 3742 2269 3805 facio,
2310 3748 2363 3794 et
2390 3736 2436 3791 si
2467 3730 2600 3787 mihi
2636 3742 2745 3782 non
2785 3721 2953 3779 vultis
2988 3717 3247 3778 credere,
3293 3710 3471 3781 cperi—

1885 3843 1989 3897 bus
2038 3836 2177 3891 meis
2230 3830 2438 3887 credite
2460 3826 2526 3878 η.
2560 3842 2578 3874 ι
2636 3820 2793 3875 Sicut
2840 3828 2970 3884 ergo
3020 3826 3049 3865 a
3097 3803 3473 3878 magnitudine

1886 3928 2087 4002 speciei
2118 3930 2496 3981 creaturarum
2546 3920 2740 3968 auctor
2778 3917 2834 3965 et
2876 3903 3062 3977 opifex
3101 3911 3291 3956 earum
3329 3894 3474 3947 Deus

1880 4020 2233 4092 agnoscitur,
2288 4014 2368 4068 sic
2416 4027 2445 4064 ιι
2504 4003 2823 4064 miraculis,
2882 3997 3074 4053 eodem
3131 3984 3471 4056 intelligendi

1886 4112 2071 4172 modo,
2096 4118 2391 4177 corporum
2424 4098 2700 4170 perfector
2727 4091 3006 4151 cernitur,
3042 4090 3095 4138 et
3122 4076 3471 4150 sequentium

1889 4204 2022 4259 ﬁdes
2059 4202 2183 4271 jure
2236 4167 2514 4251 laudatur.
2568 4187 2741 4241 Porro
2788 4179 3130 4237 subtiliorem
3180 4167 3471 4242 quemdam

1888 4310 1990 4352 nec
2022 4290 2325 4361 simplicem
2357 4287 2411 4340 in
2452 4284 2536 4337 his
2567 4282 2738 4333 latere
2773 4286 2995 4330 sensum
3026 4266 3287 4321 arbitror.
3314 4261 3474 4314 Vide-

1889 4402 2014 4442 mus
2044 4384 2192 4440 enim
2221 4376 2611 4447 evangelistam
2637 4370 2843 4429 dicere,
2882 4377 2990 4417 non
3027 4366 3241 4413 tantum
3278 4352 3476 4423 cupide

1888 4490 2139 4550 spectare
2188 4469 2453 4527 miracula
2497 4463 2705 4519 Christi
2760 4456 3035 4516 asseclas,
3098 4449 3193 4505 sed
3246 4455 3301 4501 et
3354 4459 3476 4513 quae

184 4589 286 4642 μεν
342 4573 456 4642 γὰρ
500 4536 730 4638 λέγοντα
766 4536 863 4622 τὸν
901 4536 1329 4639 εύαγγελιστὴν,
1390 4568 1487 4639 οὐχ
1514 4570 1595 4622 ὅτι
1628 4536 1778 4637 μόνοι

1893 4536 2049 4640 signa
2099 4567 2176 4621 illi
2219 4566 2345 4634 jure
2387 4560 2756 4615 mirarentur,
2806 4548 3031 4601 indicat.
3088 4540 3255 4595 Addit
3304 4536 3472 4599 enim,

186 4660 330 4731 ἦσαν
376 4660 765 4730 φιλοθεάμονες
811 4660 862 4712 οἱ
906 4658 1375 4729 ἀκολουθήσαντες
1417 4657 1496 4727 τῷ
1538 4658 1784 4727 Χριστῷ,

190 4750 327 4807 ἁλλά
369 4750 467 4801 καὶ
511 4748 683 4800 ποίων
724 4742 867 4816 ἦσαν
910 4746 1156 4817 σημείων
1200 4746 1531 4800 δικαιότατοι
1577 4745 1788 4815 θαυμα-

194 4844 335 4895 σταί.
397 4838 731 4908 Προστίθησι
762 4838 892 4908 γάρ,
919 4838 1001 4889 ὅτι
1043 4856 1059 4888 ι
1089 4837 1154 4888 ’Ἃ
1187 4837 1361 4890 ἐποίει
1386 4838 1479 4889 ἐπὶ
1504 4837 1611 4891 τῶν
1638 4836 1791 4890 ἀσθε-

190 4935 431 4987 νούντων
452 4974 465 4995 ,
500 4949 517 4978 ι
559 4930 647 4983 ἴνα
667 4929 754 4982 διὰ.
776 4927 982 4981 τούτων
1012 4927 1279 4997 ἐναντίως.
1298 4927 1528 4996 ἔχουσαν
1567 4931 1635 4997 τῇ
1678 4928 1786 4981 τῶν

204 5024 481 5077 Ἰουδαίων
514 5021 614 5091 τὴν
644 5021 753 5073 τῶν
786 5019 1224 5073 ἀκολουθούντων
1238 5018 1495 5088 ἀποδείξῃ
1527 5020 1782 5073 διάνοιαν.

188 5118 252 5168 Οί
303 5115 405 5186 μὲν
446 5112 559 5183 γὰρ
588 5114 670 5165 ὅτι
717 5111 807 5164 τὸν
839 5111 1150 5182 παράλυτον
1191 5109 1522 5164 ἀσθενοῦντα
1554 5110 1783 5181 τεθερά-

193 5224 367 5264 πευκε
392 5249 404 5268 ,
429 5204 708 5267 δυσσεϐῶς
742 5204 1155 5273 χαλεπαίνουσιν
1175 5240 1191 5265 ,
1224 5202 1272 5254 οἱ
1306 5201 1363 5254 δὲ
1402 5207 1464 5261 οὐ
1497 5203 1657 5272 μόνον
1696 5206 1788 5258 ἐπὶ

193 5300 411 5361 τούτοις
434 5296 682 5367 παρόντα
710 5293 1107 5365 θαυμάζουσιν,
1134 5292 1268 5346 ἀλλά
1295 5292 1389 5347 καὶ
1417 5293 1786 5364 ἀποδημοῦντι

196 5389 677 5460 σννεκτρέχουσιν,
702 5386 777 5449 ὡς
800 5383 1205 5455 θαυματουργῷ
1235 5385 1328 5438 καλ⁸
1351 5384 1489 5457 Θεῷ.
1523 5385 1788 5454 Φύγωιιεν

196 5483 379 5534 τοίνυν
412 5480 513 5548 τὴν
559 5477 831 5540 Ἰουδαίοις
876 5476 1196 5546 πρέπουσαν
1237 5476 1507 5545 ἀμαθίαν.
1558 5478 1607 5530 oi
1660 5478 1789 5546 Χριο

200 5576 327 5626 στὸν
349 5572 629 5640 Δεσπότην
660 5572 1113 5640 ἐπιγραφόμενοι,
1133 5568 1620 5638 προσεδρεύσῐομεν
1643 5570 1791 5639 αὐτῷ

200 5666 286 5719 διά
307 5667 408 5734 τῆς
448 5664 727 5733 ὑπομονῆς
754 5705 766 5724 ,
795 5664 928 5732 ὅπερ
956 5662 1123 5732 Ξὸρων
1148 5661 1434 5730 τληπαθῶς
1460 5665 1505 5714 οἱ
1540 5660 1786 5731 σοφώτα-

255 5782 541 5835 ληίοιςηιΔ
588 5797 687 5831 xu.
713 5780 741 5825 7
851 5782 885 5809 "
915 5779 1071 5834 Joan.
1108 5795 1205 5844 \ll,
1234 5777 1320 5831 32.

215 5852 251 5881 ”
275 5852 437 5907 Hom.
480 5867 601 5909 vm.
634 5851 720 5904 35.

1406 5777 1620 5834 "Joan.
1654 5779 1704 5845 8,
1742 5779 1817 5833 i3.

1896 4678 1914 4709 ι
1944 4631 2076 4722 ilum
2107 4631 2341 4707 faciebat
2376 4659 2543 4716 super
2585 4642 2674 4695 his
2709 4638 2804 4708 qui
2839 4631 3263 4690 inﬁrmabantur
3287 4666 3302 4693 ,
3345 4645 3363 4677 ι
3419 4633 3478 4677 ut

1888 4749 2019 4803 hinc
2058 4744 2300 4799 ﬁdelium
2343 4739 2587 4793 animum
2634 4728 2977 4787 contrarium
3007 4739 3129 4780 esse
3178 4719 3344 4775 menti
3375 4715 3473 4769 .Iu-

1891 4841 2133 4893 darerum
2166 4832 2500 4889 ostenderet.
2535 4826 2598 4879 Hi
2630 4825 2776 4879 enim
2821 4820 2964 4889 quod
3001 4813 3362 4886 paralytieum
3388 4822 3475 4863 sa-

1892 4932 2061 4993 narit,
2087 4926 2255 4996 impie
2276 4926 2605 4979 succensent
2633 4935 2645 4970 :
2669 4915 2747 4969 illi
2773 4928 2922 4977 vero,
2949 4924 3060 4963 non
3093 4906 3165 4960 ob
3193 4904 3298 4958 ista
3339 4914 3475 4970 pra:-

1893 5030 2101 5079 sentem
2126 5017 2421 5074 mirantur,
2452 5010 2545 5066 sed
2580 5016 2634 5063 et
2657 5006 2947 5060 abeuntem
2982 5001 3390 5069 prosequuntur
3418 4998 3477 5044 ut

1895 5108 2227 5166 mirabilium
2256 5112 2589 5172 patratorem
2624 5110 2689 5150 ac
2723 5096 2914 5148 Deum.
2963 5088 3263 5158 Fugiamus
3292 5085 3477 5150 itaque

1896 5204 2112 5273 dignam
2142 5194 2345 5250 Iudaeis
2375 5191 2671 5251 inscitiam,
2697 5189 2971 5256 quotquot
2992 5179 3213 5235 Christo
3245 5174 3478 5227 Domino

1896 5308 2094 5350 nomen
2142 5290 2425 5351 dedimus,
2477 5284 2860 5338 adhmreamus
2902 5280 2955 5334 ei
3005 5286 3100 5342 per
3136 5268 3474 5338 patientiam,

1895 5383 2041 5456 quod
2091 5378 2484 5451 sapientissimi
2522 5371 2779 5442 discipuli
2811 5372 3133 5424 constanter
3179 5360 3474 5423 faciebant,

1900 5492 2000 5531 nec
2051 5475 2352 5528 avellamur
2405 5481 2647 5537 unquam
2692 5469 2786 5517 aut
2829 5456 3080 5514 ordinem
3127 5454 3472 5514 deseramus,

1900 5569 1993 5625 sed
2026 5568 2206 5636 reipsa
2234 5579 2341 5619 una
2365 5578 2489 5617 eum
2515 5558 2685 5613 Paulo
2708 5555 3082 5609 cxclamemus
3113 5564 3125 5599 :
3158 5563 3175 5595 ι
3206 5542 3342 5607 Quis
3366 5557 3476 5595 nos

1901 5661 2178 5732 separabit
2205 5676 2234 5712 ιι
2271 5655 2541 5711 charitate
2577 5647 2783 5706 Christi
2813 5643 2889 5695 '5?
2928 5662 2944 5693 ι
2977 5639 3283 5707 Sequamur
3312 5632 3476 5703 igitur

1905 5772 2419 5837 ’³Μειίῑ11.ιιιιι,ΐὶῗί.
2508 5768 2546 5798 η
2571 5766 2732 5820 .Ioan.
2760 5778 2840 5826 ut,
2867 5756 2951 5813 756.
3038 5754 3079 5785 ’⁸
3108 5750 3264 5807 30311-
3305 5765 3355 5814 π,
3383 5747 3473 5801 33-
