4218 6500
724 356 829 409 H5

1719 364 1775 420 S.
1825 362 2102 420 CYRILLI
2148 362 2624 420 ALEXANDRINI
2665 364 2992 421 ARCHIEP.

3902 375 4008 430 ΗΞ

725 494 851 535 eum
887 492 1014 534 eum
1050 479 1490 550 persecutionem
1529 481 1858 552 patientem,
1914 493 2029 538 tum
2071 481 2313 537 hostium

2444 500 2501 536 τοι
2534 482 2775 553 μαθηταί
2802 501 2817 515 ο
2861 484 3190 555 χωρίζεσθαι
3235 486 3337 558 μὲν
3370 488 3465 544 καὶ
3506 489 3885 544 λειποτακτεὼ
3916 493 4013 545 ἀν-

728 571 1124 625 immanitatem
1162 570 1498 639 fugientem,
1551 582 1610 626 ut
1642 582 1695 627 et
1735 575 1790 627 in
1837 580 2077 627 montem
2121 587 2317 627 ascen-

728 660 947 726 damus,
975 667 1027 713 et
1061 658 1133 724 ibi
1156 660 1447 717 sedeamus
1477 677 1601 717 cum
1631 662 1891 733 ipso,hoc
1919 669 2005 716 est
2032 661 2101 716 ad
2131 661 2316 731 splen—

731 750 913 804 didam
964 758 1019 805 et
1053 751 1533 819 praeclarissimam
1581 753 1815 823 gratiam
1855 751 2175 817 eﬁ'eramur,
2224 766 2315 805 re-

731 843 948 914 guando
970 860 1095 899 cum
1126 860 1213 909 eo,
1232 845 1695 915 quemadmodum
1727 846 1988 901 nimirum
2011 845 2129 915 ipse
2151 844 2316 914 275

733 936 869 989 dixit
902 954 913 989 :
955 954 972 986 ι
1002 935 1110 991 Vos
1142 936 1239 1007 qui
1270 937 1445 991 secuti
1471 938 1607 993 estis
1635 954 1749 1002 me,
1778 956 1796 989 ι
1832 938 1887 991 in
1919 935 2317 991 tentationibus

733 1028 871 1082 meis
930 1029 1223 1093 nimirum,
1262 1047 1282 1079 ι
1330 1029 1384 1082 in
1432 1030 1890 1100 regeneratione,
1940 1042 2066 1083 cum
2118 1027 2324 1082 sederit

738 1119 908 1173 Filius
936 1120 1171 1174 hominis
1206 1120 1261 1174 in
1291 1119 1421 1176 sedc
1454 1122 1760 1190 majestatis
1796 1136 1938 1182 suae,
1976 1120 2240 1175 sedebitis
2267 1126 2324 1173 et

737 1230 833 1269 vos
852 1229 1018 1283 super
1049 1214 1209 1269 sedes
1231 1215 1540 1279 duodecim,
1571 1215 1885 1283 judicantes
1900 1212 2191 1269 duodecim
2225 1212 2323 1264 tri-

736 1307 839 1362 bus
871 1306 1038 1361 lsrael
1064 1308 1128 1360 ¹⁷.
1157 1326 1175 1358 ι
1227 1307 1341 1361 Hoc
1368 1310 1513 1362 enim
1541 1309 1841 1378 signiﬁcari
1884 1307 2146 1369 arbitror,
2196 1320 2322 1358 eum

736 1396 997 1467 discipuli
1039 1398 1287 1453 assidere
1326 1394 1563 1457 Christo
1584 1400 1869 1461 dicuntur,
1928 1404 2219 1467 postquam
2266 1396 2320 1449 in

737 1497 979 1543 montem
1013 1490 1485 1545 conscendissent.

2420 573 2667 643 εχόμενοι
2704 574 2988 645 μηδαμῶς,
3017 578 3200 641 αὐτοῖς
3227 578 3283 633 δὲ
3310 580 3496 634 λοιπόν
3519 582 3861 646 ἀναϐοῶντες
3896 584 4012 644 τοῖς

2421 666 2742 737 πράγμασι,
2780 666 2842 719 τὸ
2870 668 3132 734 νεανικῶς
3171 670 3277 724 ὑπὸ
3295 672 3392 725 τοῦ
3416 672 3632 726 Παύλου
3665 673 3964 744 λεγόμενον
3994 692 4009 706 ’

2427 774 2446 808 ι
2473 756 2569 820 Τίς
2593 758 2743 827 ἡμᾶς
2770 759 2995 831 χωρίσει
3026 762 3136 815 ἀπὸ
3161 764 3263 834 τῆς
3300 766 3524 837 ἀγάπης
3557 766 3651 820 τοῦ
3676 766 3916 836 Χριστοῦ
3940 782 3955 827 ;
3989 785 4007 817 ι

2434 847 2918 920 Ἀκολουθήσωμεν
2952 852 3132 905 τοίνυν
3166 854 3351 925 αὐτῷ,
3396 857 3492 909 καὶ⁹
3524 857 3871 927 διωκομένῳ,
3914 856 4013 910 καὶ

2422 938 2678 1008 φεύγοντι
2715 940 2816 1005 τὰς
2848 942 2957 996 τῶν
2993 946 3319 1015 μαχομένων
3346 946 3494 1018 αύτῷ
3524 948 3854 1017 δυστροπίας
3879 986 3893 1011 ,
3922 947 4014 998 ἴνα

2423 1029 2517 1081 καὶ
2551 1030 2632 1093 εἰς
2657 1030 2783 1101 ὅρος
2820 1032 3203 1105 ἀναϐαίνωμεν
3222 1076 3236 1101 ,
3288 1036 3383 1091 καὶ
3411 1039 3529 1090 ἐκεῖ
3570 1037 3887 1107 καθίσωμεν
3915 1039 4015 1089 σὺν

2424 1118 2610 1188 αὐτῷ,
2657 1122 2953 1189 τουτέστιν,
2998 1116 3079 1189 εἰς
3123 1133 3396 1199 περιφανῆ
3449 1130 3544 1183 καὶ
3612 1128 4016 1196 εὐκλεεστάτην

2425 1211 2863 1284 ἀναπηδήσωμεν
2899 1217 3091 1288 χάριν,
3136 1219 3225 1273 διὰ
3250 1219 3345 1273 τοῦ
3374 1220 3798 1290 συμϐασιλεύειν
3838 1219 4014 1287 αὐτῷ,

2426 1304 2680 1375 καθάπερ
2715 1302 2807 1360 οὖν
2836 1306 3073 1376 ἔφασκεν
3106 1311 3270 1375 αὐτός
3295 1329 3308 1344 ο
3366 1331 3384 1364 ι
3422 1313 3613 1382 Ὑμεῖς
3636 1313 3685 1365 οἰ
3713 1310 4017 1379 ἀκολουθή-

2430 1398 2621 1461 σαντές
2652 1416 2740 1468 μοι
2769 1418 2786 1451 ι
2810 1401 2868 1452 ὲν
2899 1402 3009 1465 τοῖς
3024 1406 3351 1475 πειρασμοῖς
3374 1422 3497 1474 μου,
3519 1424 3537 1456 ι
3562 1407 3620 1458 ὲν
3648 1408 3713 1475 τῇ
3743 1405 4015 1470 παλιγγεο

2429 1486 2582 1556 νεσίᾳ
2600 1527 2615 1553 ,
2663 1488 2790 1541 ὅταν
2827 1489 3029 1562 καθίσῃ
3054 1492 3083 1542 ὁ
3109 1492 3236 1554 Υἱὸς
3262 1492 3358 1545 τοῦ
3392 1492 3681 1563 ἀνθρώπου
3706 1492 3798 1545 ἐπὶ
3824 1490 4019 1559 θρόνου

737 1584 899 1653 δόξης
928 1583 1131 1645 αὑτοῦ,
1187 1585 1494 1654 καθήσεσθε
1523 1585 1618 1637 καὶ
1662 1585 1824 1655 ὑμεῖς
1890 1585 1985 1637 ἐπὶ
2048 1582 2256 1635 δώδεκα
2317 1579 2574 1649 θρόνους,
2621 1582 2899 1652 κρίνοντες
2945 1586 3043 1649 τὰς
3084 1585 3293 1639 δώδεκα
3337 1586 3513 1654 φυλὰς
3555 1586 3650 1639 τοῦ
3710 1584 3953 1656 Ἰσραήλ.
3996 1604 4014 1634 ι

740 1675 956 1736 Ταύτας
980 1676 1089 1745 γάρ
1105 1671 1255 1745 οἶμαι
1282 1677 1375 1737 τὰς
1399 1675 1630 1746 θεωρίας
1652 1676 1925 1746 εἰσφέρειν
1954 1675 2013 1728 τὸ
2044 1674 2139 1727 καὶ
2160 1669 2541 1742 προσεδρεύειν
2578 1672 2832 1739 λέγεσθαι
2861 1675 2940 1741 τῷ
2963 1676 3176 1747 Σωτῆρι
3239 1678 3370 1741 τοὺς
3403 1677 3654 1747 μαθητὰς
3673 1716 3689 1740 ,
3758 1677 3854 1729 καὶ
3913 1676 4009 1727 ἀν-

740 1766 994 1829 ελθόντας
1027 1769 1083 1820 ὲν
1115 1768 1230 1837 ὄρει
1262 1768 1660 1837 συγκαθῆσθαι.

814 1858 904 1920 Vl,
941 1861 993 1925 5,
1022 1860 1073 1914 6.
1126 1860 1259 1915 Cum
1296 1862 1618 1917 sublevasset
1648 1881 1770 1934 ergo
1815 1865 1996 1919 oculos
2052 1862 2233 1925 Iesus,
2275 1870 2324 1915 et
2357 1859 2399 1915 Β

743 1955 959 2007 vidisset
982 1958 1106 2023 quia
1145 1958 1433 2010 multitudo
1472 1960 1711 2013 maxima
1738 1962 1875 2014 venit
1905 1960 1973 2013 ad
2008 1977 2126 2014 eum
2147 2003 2161 2025 ,
2193 1959 2330 2012 dixit

745 2050 815 2101 ml
846 2049 1151 2119 Philippum
1185 2068 1201 2104 :
1254 2051 1401 2105 Unde
1424 2069 1653 2107 ememus
1693 2070 1854 2122 panes
1879 2093 1892 2112 ,
1934 2065 1989 2106 ut
2018 2051 2332 2105 manducent

746 2140 844 2190 lii?
883 2139 995 2191 Hoc
1024 2148 1199 2194 autent
1224 2141 1429 2194 dicebat
1467 2150 1674 2196 teutaus
1704 2159 1824 2196 eum
1856 2159 1873 2196 :
1898 2144 2009 2211 ipse
2027 2143 2169 2196 enim
2201 2143 2329 2196 scie-

748 2231 832 2284 bat
864 2232 987 2301 quid
1018 2241 1151 2286 esset
1180 2233 1454 2301 facturus.
1501 2232 1789 2305 Respondit
1815 2234 1864 2289 ei
1890 2234 2190 2304 Philippus.

820 2408 1153 2464 Prmclarum
1187 2409 1276 2465 hic
1306 2426 1540 2474 rursus,
1588 2420 1642 2466 et
1683 2413 2055 2468 sanctissimis
2102 2413 2337 2467 homini-

749 2503 854 2558 bus
883 2503 999 2557 suis
1021 2502 1310 2571 discipulis
1333 2505 1918 2559 convenientissimum
1942 2505 2335 2561 documentum

748 2594 1007 2651 Christus
1039 2596 1262 2660 statuit,
1304 2595 1511 2651 docens
1545 2597 1597 2649 in
1627 2598 1886 2652 maximis
1912 2613 2132 2667 quoque
2161 2612 2337 2668 angu-

752 2688 875 2741 stiis
905 2687 1181 2757 intrepide
1216 2688 1581 2742 exercendam
1628 2703 1754 2743 esse
1785 2687 2219 2757 hospitalitatem
2241 2728 2256 2752 ,
2285 2696 2341 2742 et

752 2778 1163 2833 cunctationem
1199 2794 1416 2833 omnem
1450 2780 1638 2849 procul
1668 2779 2035 2848 repellendam
2061 2818 2076 2843 ,
2126 2780 2238 2833 imo
2271 2780 2337 2832 ad

753 2889 873 2926 eam
916 2874 1173 2927 virtutem
1207 2882 1324 2928 toto
1359 2874 1545 2928 animo
1573 2874 1980 2944 properandum
2023 2892 2035 2927 :
2070 2888 2180 2944 quo
2210 2873 2342 2943 quid

756 2964 937 3031 majus
964 2964 1106 3032 apud
1134 2978 1231 3018 eos
1276 2978 1401 3017 esse
1443 2972 1626 3033 potest
1665 2964 1757 3032 qui
1802 2972 2006 3017 norunt
2046 2978 2112 3018 ac
2154 2965 2345 3017 volunt

757 3066 1050 3118 supernam
1109 3053 1216 3107 sibi
1287 3053 1589 3106 amicitiam
1660 3060 1719 3105 ut
1775 3053 1931 3107 decet
1986 3052 2345 3122 comparare?

756 3144 1005 3212 Quippe,
1065 3160 1187 3198 cum
1244 3144 1401 3197 turba
1452 3159 1560 3197 non
1609 3158 1781 3213 pauca
1826 3153 1881 3198 et
1925 3143 2344 3199 innumerabilis

2512 1856 2765 1926 Ἑπιὶριις
2790 1854 2904 1911 οὖν
2941 1858 3082 1923 τοὺς
3132 1858 3475 1927 ὀφθαλμοὺς
3530 1861 3563 1913 ὀ
3614 1858 3876 1925 Ἰησοῦς,
3921 1859 4023 1912 καί

2434 1945 2805 2015 θεασάμενος
2830 1948 2919 2001 ὅτι
2944 1949 3140 2014 πολὺς
3162 1950 3351 2017 ὄχλος
3370 1951 3605 2017 ἔρχεται
3633 1950 3784 2017 πρὸς
3808 1949 4021 2015 αὐτὸν,

2433 2038 2594 2106 λέγει
2626 2038 2776 2105 πρὸς
2796 2041 3099 2094 Φίλιππον
3118 2058 3130 2070 ·
3155 2043 3348 2094 Πόθεν
3370 2041 3751 2109 ἀγοράσομεν
3777 2042 4021 2108 ἄρτους,

2434 2130 2534 2183 ἵνα
2554 2128 2829 2199 φάγωσιν
2854 2126 3057 2196 οὗτοι;
3092 2132 3270 2185 Τοῦτο
3296 2132 3366 2184 δὲ
3392 2133 3561 2200 ἔλεγε
3588 2132 3877 2199 πειράζων
3913 2138 4023 2187 αὑ-

2436 2223 2571 2276 τόνο
2606 2222 2791 2288 αὐτὸς
2826 2223 2935 2292 γὰρ
2960 2222 3089 2292 ᾔδει
3122 2224 3180 2277 τί
3211 2224 3432 2294 ἔμελλε
3454 2224 3667 2280 ποιεῖν.
3715 2226 4025 2296 Ἀπεκρίθη

2436 2313 2598 2379 αὐτῷ
2636 2315 2952 2380 Φίλιππος.

2507 2406 2758 2475 Μάθημα
2807 2406 2871 2475 δὴ
2919 2406 3080 2459 πάλιν
3126 2406 3348 2477 ἄριστόν
3390 2424 3453 2460 τε
3493 2407 3590 2461 καὶ
3637 2409 3868 2479 ἀνδράσι
3915 2412 4028 2472 τοῖς

2440 2499 2753 2569 ἱερωτάτοις
2786 2499 3240 2569 πρεπωδέστατον
3261 2502 3370 2563 τοῖς
3405 2501 3600 2553 ἑαυτοῦ
3633 2500 3905 2569 μαθηταῖς
3933 2503 4030 2552 έπ-

2440 2592 2661 2661 ενὸησεν
2691 2609 2718 2644 ο
2739 2592 2994 2662 Χριστὸς,
3025 2592 3119 2643 καὶ
3146 2592 3203 2643 ὲν
3231 2591 3560 2662 δυσχωρίαις
3581 2593 3841 2661 ἀκράτοις
3872 2596 4030 2662 νικᾷν

2440 2682 2752 2736 ἀναπείθων
2776 2682 2874 2753 τὴν
2908 2682 3002 2735 ἐ,πί
3034 2682 3223 2753 τρόπῳ
3260 2682 3337 2753 τῷ
3376 2682 3637 2752 φιλοξένῳ
3661 2683 3867 2736 δειλίαν
3888 2726 3903 2745 ,
3938 2688 4031 2737 καὶ

2441 2772 2597 2825 ὄκνον
2642 2774 2741 2841 μὲν
2782 2773 2874 2828 τὸν
2920 2772 3013 2826 ἐπὶ
3045 2773 3221 2843 τούτῳ
3249 2773 3593 2843 διαρρίπτειν
3639 2791 3740 2826 που
3788 2776 4033 2843 μακρὰν,

2443 2862 2794 2935 θερμοτέροις
2830 2864 2888 2917 δὲ
2932 2864 3133 2933 μᾶλλον
3172 2864 3264 2917 ἐπὶ
3308 2866 3409 2934 τὴν
3451 2864 3651 2935 ἀρετὴν
3685 2866 4036 2930 ἀφικνεῖσθαι

2444 2958 2771 3026 κινήμασινε
2812 2948 2874 3009 οὗ
2903 2956 2955 3008 τί
3003 2956 3069 3009 ἂν
3115 2956 3326 3024 γένοιτο
3362 2956 3575 3027 μεῖζον,
3629 2957 3779 3026 παρά
3818 2973 3885 3024 γε
3925 2960 4039 3020 τοῖς

2445 3049 2609 3102 εἰδόσι
2641 3050 2734 3101 καί
2768 3048 2979 3101 θέλουσι
3004 3048 3070 3101 δι’
3099 3042 3175 3102 ὧν
3211 3048 3277 3102 ἂν
3302 3048 3506 3117 πρέπει
3545 3047 3645 3119 τὴν
3677 3048 3887 3102 ἀνωθεν
3911 3051 4040 3101 ἐαυ-

2446 3142 2559 3203 τοῖς
2587 3139 2905 3206 ἐξωνεῖσθαι
2949 3140 3170 3209 φιλίαν;
3215 3141 3414 3209 ’Όχλου
3445 3140 3554 3210 γάρ
3593 3140 3657 3211 δὴ
3709 3139 3843 3209 πρὸς
3874 3141 4041 3193 αὑτὸν

758 3235 1053 3287 multitudo
1095 3236 1147 3289 in
1197 3250 1260 3289 ea
1307 3238 1423 3288 loca
1466 3250 1735 3304 aquarum
1767 3235 1939 3289 instar
1966 3234 2343 3298 conduxisset,

2453 3230 2619 3292 ἰόντος
2651 3232 2710 3282 ού
2742 3230 2938 3301 μικροῦ
2961 3272 2974 3294 ,
3017 3230 3114 3283 καὶ
3151 3230 3524 3300 ἀναριθμήτου
3558 3230 3797 3297 πληθύος
3826 3232 4040 3284 ὑδάτων

757 3326 923 3395 jussit
957 3328 1105 3380 illico
1129 3327 1307 3395 parari
1328 3327 1473 3380 unde
1502 3328 1684 3381 cibum
1720 3324 1823 3395 ipsi
1845 3334 2130 3395 caperent.
2158 3325 2348 3394 Neque

761 3435 891 3473 vero
926 3420 1149 3473 dubiutn
1185 3427 1305 3474 erat
1342 3419 1592 3487 quemvis
1626 3418 1753 3473 licet
1784 3418 2122 3473 ditissimum
2157 3418 2224 3472 ab
2250 3434 2348 3472 ex-

761 3512 1010 3580 cipienda
1039 3519 1189 3563 tanta
1222 3512 1571 3565 multitudine
1595 3510 1922 3563 deterritum
1951 3509 2047 3563 iri:
2082 3510 2177 3564 sed
2214 3508 2347 3563 nihil

762 3603 1058 3657 admodum
1091 3602 1321 3657 arduum
1359 3617 1483 3657 esse
1508 3601 1764 3655 Christus
1799 3600 2091 3669 signiﬁcat,
2120 3601 2173 3654 in
2212 3615 2348 3669 pau-

762 3710 859 3747 cos
890 3694 1130 3749 studium
1162 3700 1410 3748 nostrum
1443 3692 1719 3757 conferre,
1755 3691 1851 3747 sed
1882 3707 1944 3747 ea
1973 3707 2194 3763 quoque
2231 3707 2352 3763 qua:

763 3786 1229 3852 exspectationem
1254 3794 1518 3854 superant
1542 3800 1809 3854 generose
1832 3784 1949 3839 vult
1975 3798 2076 3838 nos
2105 3784 2351 3854 aggredi,

764 3877 885 3942 ejus
922 3875 1119 3929 ﬁducia
1155 3876 1221 3928 ad
1262 3874 1497 3944 quodvis
1528 3875 1733 3929 bonum
1785 3874 2185 3944 capessendum
2222 3889 2354 3929 con-

767 3968 1034 4019 ﬁrmatos.
1087 3965 1142 4017 Si
1172 3981 1304 4036 ergo
1335 3964 1572 4021 historia
1597 3965 1675 4019 rei
1708 3973 2012 4035 spectetur,
2037 3973 2190 4020 extra
2226 3980 2355 4020 seo-

767 4071 895 4124 pum
931 4071 1037 4108 non
1065 4057 1240 4110 tendit
1270 4072 1460 4110 eorum
1495 4072 1618 4125 qua:
1644 4057 1790 4111 dicta
1823 4067 1953 4111 sunt
1981 4058 2065 4111 vis
2100 4066 2155 4112 et
2190 4059 2353 4122 ratio,

768 4147 861 4200 sed
888 4149 954 4199 iis
984 4164 1200 4201 rursum
1220 4148 1286 4201 ad
1311 4150 1612 4218 spiritalem
1633 4151 2155 4220 contemplationem
2175 4159 2357 4206 trans-

769 4238 916 4299 latis.
953 4248 1004 4292 et
1029 4240 1211 4309 typiea
1241 4240 1493 4294 crassitie
1530 4242 1733 4303 recisa,
1770 4258 1914 4296 nunc
1944 4244 2190 4311 apertius
2214 4242 2356 4298 dici-

770 4347 891 4384 mus
937 4330 1105 4384 Dcum
1158 4348 1225 4384 ex
1291 4342 1473 4386 monte
1518 4332 1957 4401 quodammodo,
2016 4333 2122 4388 hoc
2154 4342 2274 4398 est,
2327 4349 2359 4390 e

770 4422 988 4475 suhlimi
1039 4436 1104 4476 ac
1147 4422 1331 4476 divina
1376 4425 1721 4492 prmscientia
1769 4425 2070 4494 praevidere
2113 4442 2209 4482 eos
2263 4427 2357 4497 qui

2448 3322 2605 3391 δίκην
2646 3322 3069 3390 ὲπεισχεομὲνης
3112 3324 3223 3384 τοῖς
3253 3323 3476 3383 τόποις,
3536 3324 3594 3372 ὲν
3643 3318 3723 3383 οἷς
3759 3322 4040 3388 ηὐλίζετο,

2450 3413 2587 3482 πρὸς
2633 3412 2694 3465 τὸ
2739 3412 3123 3479 ἑτοιμάζεσθαι
3168 3412 3392 3482 τρέφειν
3447 3410 3647 3475 αὐτοὺς
3692 3414 4043 3483 παραχρῆμα

2448 3502 2799 3556 διεκελεύετο.
2832 3504 2943 3556 Καὶ
2972 3499 3041 3573 ἦν
3078 3504 3175 3573 μὲν
3201 3503 3370 3565 ὅντως
3408 3503 3510 3555 οὐκ
3538 3504 3789 3566 ἀπεικὸς,
3822 3506 3919 3556 καὶ
3947 3505 4041 3558 τοῦ

2453 3594 2658 3666 σφόδρα
2688 3593 2946 3647 πλουσίου
2995 3594 3439 3664 καταναρκήσειν
3470 3593 3570 3663 τὴν
3598 3594 3935 3663 προθυμίαν,
3968 3594 4045 3663 τῷ

2451 3684 2646 3753 πλήθει
2673 3684 2782 3737 τῶν
2809 3684 3101 3754 ὁρωμένων
3130 3682 3611 3754 καταπτοουμένην
3642 3685 3719 3746 εἰς
3757 3682 3926 3751 φόϐον
3952 3683 4045 3735 τὸν

2451 3776 2546 3828 ἐπὶ
2585 3774 2664 3846 τῷ
2712 3775 2788 3845 μὴ
2833 3775 3094 3830 δύνασθαι
3144 3774 3481 3843 φιλοξενεῖν*
3542 3774 3655 3827 ἀλλ’
3702 3773 3853 3827 οὐδὲν
3908 3774 4044 3835 ὅλως

2451 3868 2688 3921 δεικνύει
2708 3868 2767 3921 τὸ
2793 3867 2935 3939 μέγα
2956 3885 3051 3921 του
3078 3866 3335 3940 Χριστὸς,
3352 3867 3481 3920 ὅταν
3511 3867 3593 3929 εἰς
3616 3864 3831 3930 ὀλίγους
3854 3864 4045 3933 γίγνη-

2452 3978 2545 4014 ται
2592 3962 2721 4030 παρ’
2760 3960 2919 4030 ἡμῶν
2976 3961 3010 4029 ή
3045 3958 3396 4027 φιλαδελφία,
3441 3957 3964 4013 κατανεανιεύεσθαι
3990 3958 4045 4011 δέ

2456 4068 2571 4113 πως
2595 4049 2817 4103 καὶτῶν
2834 4050 2963 4120 παρ’
2986 4049 3176 4101 ἐλπίδα
3198 4048 3467 4117 βούλεται,
3486 4051 3551 4117 τῇ
3571 4050 3649 4110 εἰς
3665 4048 3828 4100 αὐτὸν
3853 4065 4047 4102 πεποι-

2456 4144 2611 4215 θήσει
2642 4141 3065 4212 βεϐαιουμένους
3094 4140 3231 4210 πρὸς
3250 4139 3346 4210 τὴν
3374 4141 3457 4208 ἐφ’
3482 4140 3653 4194 ἅπασι
3678 4142 3788 4201 τοῖς
3818 4139 4046 4206 ἀγαθοῖς

2456 4234 2767 4303 εὐτολμίαν.
2795 4234 2952 4287 Κατά
2980 4233 3076 4302 μὲν
3098 4228 3191 4284 οὖν
3222 4231 3321 4300 τῆς
3357 4233 3596 4302 ἱστορίας
3627 4231 3715 4284 τὸν
3745 4231 3925 4297 λόγον,
3950 4232 4047 4283 ούκ

2457 4328 2565 4382 ἀπὸ
2616 4326 2820 4381 σκοποῦ
2856 4326 3187 4380 συντείνεται
3227 4324 3335 4378 τῶν
3363 4325 3672 4394 εἰρημένων
3716 4326 3748 4392 ἡ
3790 4324 4046 4392 δύναμις,

2463 4419 2861 4490 μεταϐαλόντες
2896 4418 2953 4469 δὲ
2985 4417 3144 4470 πάλιν
3189 4417 3329 4471 αὐτὰ
3364 4416 3499 4485 πρὸς
3534 4415 3765 4483 θεωρίαν
3806 4432 4048 4482 πνευμα-

769 4516 953 4569 studio
979 4517 1126 4570 hono
1152 4532 1215 4569 ac
1239 4516 1342 4570 ﬁde
1370 4517 1702 4587 investigant
1721 4518 1925 4588 ipsum,
1946 4520 2105 4587 juxta
2129 4518 2180 4573 id
2211 4520 2345 4590 quod

2461 4513 2646 4583 τικὴν,
2692 4513 2787 4565 καὶ
2831 4511 2891 4564 τὸ
2936 4512 2995 4563 ὲν
3023 4510 3179 4579 τύπῳ
3212 4510 3355 4578 παχὺ
3396 4508 3807 4577 περικείροντες
3845 4508 4047 4577 σχῆμα,

771 4626 799 4663 a
833 4610 1001 4664 Paulo
1028 4611 1233 4664 dictum
1266 4620 1382 4665 est:
1419 4631 1436 4662 ι
1469 4613 1620 4678 Quos
1645 4614 1791 4667 enim
1832 4614 2107 4681 przescivit
2140 4623 2194 4668 et
2221 4629 2357 4683 pra:-

771 4702 1070 4755 destinavit
1125 4702 1441 4758 eonformes
1484 4705 1741 4775 imaginis
1775 4703 1931 4768 Filii,
1970 4705 2072 4758 hos
2111 4711 2164 4760 et
2191 4720 2357 4759 voca-

773 4793 935 4845 vit”.
982 4812 1000 4843 ι
1041 4790 1304 4847 Sublevat
1330 4810 1461 4862 ergo
1490 4794 1745 4849 Christus
1784 4795 2002 4857 oculos,
2040 4810 2151 4864 quo
2188 4795 2361 4864 signi-

777 4886 898 4937 ﬁcat
929 4899 1024 4940 eos
1059 4885 1153 4951 qui
1184 4887 1417 4953 diligunt
1452 4887 1633 4956 ipsum
1669 4887 1865 4957 dignos
1900 4902 2024 4941 esse
2056 4886 2148 4956 qui
2185 4901 2213 4939 a
2253 4885 2363 4941 Deo

775 4980 1170 5047 respiciantur,
1230 4980 1396 5049 276
1431 4979 1893 5048 quemadmodum
1943 4994 2137 5046 nempe
2197 4978 2365 5033 bene-

774 5069 993 5122 dicendi
1022 5070 1184 5122 modo
1205 5071 1411 5123 dictum
1440 5077 1525 5123 est
1556 5070 1621 5124 ad
1652 5068 1816 5124 Israel
1851 5086 1864 5121 :
1896 5090 1912 5120 ι
1945 5068 2202 5124 Suhlcvct
2231 5086 2365 5122 ocu-

777 5161 859 5213 los
895 5176 1026 5214 suos
1072 5161 1334 5214 Dominus
1382 5161 1449 5213 ad
1493 5172 1579 5224 te,
1641 5168 1696 5214 et
1746 5160 1839 5214 det
1878 5160 1970 5214 tibi
2017 5176 2204 5228 pacem
2250 5161 2312 5212 ¹⁹.
2343 5181 2360 5211 ι

777 5250 885 5304 Sed
921 5266 1029 5303 non
1064 5251 1407 5320 inspectione
1435 5252 1551 5305 sola
1586 5261 1806 5305 consmt
1837 5267 1899 5306 ea
1930 5251 2135 5320 gratia,
2176 5266 2365 5304 verum

777 5344 888 5397 alio
934 5345 1170 5413 quodam
1220 5344 1405 5399 addito
1462 5345 1651 5399 beatus
1695 5345 2030 5415 evangelista
2074 5344 2363 5398 Dominum

778 5439 1021 5494 ostendit
1056 5441 1228 5493 turba:
1262 5439 1550 5510 providere
1573 5482 1585 5500 .
1630 5439 1784 5495 cibos
1818 5450 1984 5509 atque
2013 5439 2182 5508 dapes
2226 5454 2366 5507 pne-

784 5532 1028 5601 parando
1055 5549 1065 5584 :
1092 5532 1293 5586 uthinc
1317 5548 1514 5587 rursus
1538 5532 1815 5601 intelligas
1842 5533 1894 5585 id
1926 5532 2070 5600 quod
2098 5532 2363 5600 scriptum

783 5632 867 5677 est
925 5623 981 5677 in
1019 5622 1378 5680 Proverbiis;
1420 5643 1438 5675 ι
1487 5622 1603 5677 Non
1649 5622 1868 5677 occidet
1915 5620 2182 5676 Dominus
2221 5622 2365 5674 fame

881 5804 922 5834 ¹⁷
948 5802 1081 5859 Luc.
1120 5818 1253 5865 nn,
1292 5803 1379 5857 ὅθ.
1466 5800 1504 5831 ⁸⁸³
1533 5799 1691 5854 llom.
1740 5817 1855 5858 \‘tll,
1893 5800 1980 5853 ευ.

2463 4604 2798 4674 γυμνότερον
2822 4603 2921 4673 ἤδη
2950 4602 3153 4673 φαμὲν,
3174 4602 3249 4663 ὠς
3275 4600 3362 4653 διὰ
3390 4598 3698 4668 προθυμίας
3722 4599 3937 4668 ἀγαθῆς
3965 4601 4049 4652 καὶ

2466 4696 2702 4758 πίστεως
2729 4694 2855 4757 τοὺς
2884 4692 3274 4762 ἐπιζητοῦντας
3306 4692 3491 4753 αὐτὸν,
3517 4689 3769 4759 καθάπερ
3792 4691 3851 4755 ἐξ
3872 4691 4049 4759 ὅρους,

2468 4790 2526 4855 ἐξ
2548 4788 2756 4856 ὑψηλῆς
2800 4787 3043 4855 δηλονότι
3069 4788 3161 4837 καὶ
3190 4782 3527 4852 θεοπρεποῦς
3555 4782 3654 4850 τῆς
3687 4781 4051 4852 προγνώσεως

2470 4876 2875 4947 προαναϐλέπει
2922 4874 3086 4937 Θεὸς,
3149 4874 3288 4926 κατά
3325 4872 3387 4925 τὸ
3418 4871 3707 4943 εἰρημένον
3757 4872 3916 4941 παρὰ
3968 4871 4052 4923 τοῦ

2470 4969 2684 5022 Παύλου
2710 4985 2723 4997 ⁸
2752 4986 2771 5018 ι
2808 4967 2914 5031 υῦς
2946 4966 3055 5036 γὰρ
3090 4966 3341 5036 προέγνω
3367 4966 3462 5018 καὶ
3514 4964 3790 5034 προώρισε
3819 4965 4062 5033 συμμορ-

2470 5078 2604 5131 φους
2641 5060 2739 5130 τῆς
2777 5061 2984 5121 εἰκόνος
3018 5058 3114 5111 τοῦ
3155 5057 3315 5119 Υίοῦ,
3344 5056 3568 5119 τούτους
3594 5056 3690 5108 καὶ
3722 5056 4003 5107 ἐκάλεσεν.
4033 5074 4050 5102 υ

2483 5151 2732 5222 Ἐπαίρει
2769 5151 2947 5203 τοίνυν
2995 5151 3125 5228 τοῦς
3172 5148 3487 5218 ὀφθαλμοὺς
3520 5147 3548 5198 ὁ
3585 5145 3851 5216 Χριστὸς,
3899 5144 4050 5199 οἱον)

2469 5246 2567 5315 τῆς
2598 5245 2748 5306 θείας
2774 5243 3118 5311 ἐπισκέψεως
3148 5241 3331 5305 ἀξίους
3355 5240 3513 5302 ὄντας
3546 5238 3905 5292 ἐπιδεικνύων
3936 5241 4051 5300 τοὺς

2474 5339 2806 5407 ἀγαπῶντας
2838 5337 3000 5389 αὐτόν
3024 5351 3037 5365 ·
3063 5334 3253 5403 ὥσπερ
3274 5329 3366 5387 οὖν
3397 5332 3589 5401 ἀμέλει
3612 5331 3707 5383 καὶ
3726 5332 3783 5381 ὲν
3808 5330 4051 5396 εὐλογίας

2472 5434 2660 5503 τρόπῳ
2691 5432 2826 5501 πρὸς
2862 5430 2951 5483 τὸν
2999 5428 3217 5499 Ἰσραὴλ
3250 5427 3495 5494 ἐλέγετο·
3536 5442 3554 5476 ι
3598 5423 3833 5492 Ἐπάραι
3858 5423 4052 5492 Κύριος

2473 5526 2535 5579 τὸ
2568 5525 2857 5593 πρόσωπον
2889 5519 3055 5575 αὑτοῦ
3106 5521 3198 5573 ἐπὶ
3238 5519 3327 5579 σὲ,
3377 5518 3472 5571 καὶ
3502 5515 3614 5586 δῴη
3650 5532 3730 5567 σοι
3768 5515 4011 5585 εἰρήνην.
4036 5530 4052 5561 ι

2488 5618 2627 5672 Ἀλλ’
2643 5618 2702 5670 ού
2729 5616 2891 5687 μέχρι
2918 5613 3083 5685 μόνης
3104 5613 3202 5682 τῆς
3228 5608 3567 5677 ἐπισκέψεως
3588 5608 3621 5676 ἡ
3644 5606 3735 5659 ἐπὶ
3755 5608 3869 5669 τοῖς
3897 5602 4055 5674 τιμῶ·

2066 5800 2103 5829 “~'
2129 5798 2290 5851 Num.
2330 5812 2399 5859 γι,
2433 5796 2524 5848 9b.
