4218 6500
756 374 857 426 447

756 592 922 645 p0rro
954 576 1140 630 Jesum
1192 582 1395 628 cuncta
1451 589 1635 641 posse,
1670 574 1837 643 idque
1880 574 2063 638 facile,
2100 576 2194 629 sed
2247 577 2337 631 ubi

755 668 950 729 audiit,
985 686 1002 717 ι
1039 665 1197 720 Unde
1228 680 1498 729 ememus,
1521 665 1740 718 astatiin
1771 664 1838 717 ad
1866 680 1990 718 eum
2017 666 2337 720 tentandum

757 761 994 827 rapitur,
1040 768 1095 812 et
1151 755 1416 826 pecunias
1476 763 1686 809 tantum
1740 755 2004 821 somniat,
2057 770 2180 810 cum
2229 773 2337 813 nou

756 850 915 902 aliter
964 864 1077 901 rem
1129 862 1230 916 pro
1282 862 1386 901 sua
1430 855 1623 901 natura
1658 844 1963 914 perfectum
1996 847 2064 900 iri
2097 854 2336 917 putaret,

753 958 915 1011 quam
947 943 991 995 si
1031 940 1310 995 communi
1345 939 1586 1007 tritaque
1617 938 1753 1007 lege,
1787 947 2043 1008 sumptus
2076 939 2337 994 nimirum

755 1046 982 1101 magnos
1016 1032 1273 1085 faciendo
1328 1031 1676 1099 Quapropter
1704 1031 1749 1082 si
1798 1030 2203 1099 discipulorum
2247 1047 2338 1101 pe-

754 1126 1045 1179 cuuiarum
1096 1132 1474 1191 contemptum
1530 1122 1933 1191 respiciamus,
1985 1130 2041 1176 et
2090 1123 2336 1177 omnium

755 1234 938 1272 rerum
987 1218 1298 1287 penuriam.
1336 1216 1619 1286 ipsamque
1653 1215 1889 1285 Philippi
1945 1224 2205 1277 mentem,
2247 1214 2337 1267 cui

757 1312 999 1364 nonduin
1053 1310 1323 1362 immensa
1374 1310 1465 1361 illa
1520 1308 1824 1362 Salvatoris
1874 1315 2048 1361 nostri
2096 1307 2339 1376 dignitas

757 1405 996 1473 patebat,
1029 1403 1278 1456 exerceri
1318 1405 1505 1470 utique
1556 1418 1663 1454 non
1699 1409 1879 1469 potest
1907 1415 2041 1469 erga
2091 1402 2339 1452 multitu-

754 1495 939 1547 dinem
974 1509 1033 1546 ea
1066 1493 1392 1546 liberalitas.
1431 1492 1535 1543 Sed
1572 1507 1679 1543 non
1729 1491 1803 1543 ita
1843 1490 1937 1543 lit:
1986 1490 2094 1543 imo
2126 1492 2335 1544 exitum

755 1586 985 1639 sortitur
1043 1586 1416 1654 quodcunque
1474 1582 1758 1636 Servaturi
1820 1582 2111 1652 placuerit.
2178 1582 2334 1645 Quod

752 1675 899 1725 enim
953 1673 1296 1741 impossibile
1348 1677 1429 1725 est
1467 1671 1610 1740 apud
1646 1670 1919 1731 homines,
1956 1669 2219 1737 possibile
2253 1677 2337 1723 est

754 1763 898 1830 apud
924 1762 1108 1816 .Dcum
1142 1762 1211 1823 ",
1247 1769 1301 1816 et
1337 1776 1521 1814 rerum
1560 1760 1896 1814 naturalium
1933 1758 2131 1814 ordine
2172 1760 2337 1813 undi-

1763 365 1819 421 S.
1864 365 2142 421 CHHLLI
2182 368 2651 424 ALEXANDHINI
2698 368 3009 426 ARCIIIEP.

826 487 1109 555 Angustus
1144 482 1362 553 quidem
1398 480 1636 551 Philippi
1685 482 1904 536 animus
1957 498 2065 536 non
2101 484 2339 553 percipit
2372 498 2413 549 Α

3940 375 4043 428 ΗΒ

2528 480 2797 556 Ἀδρανῶς
2835 487 2864 537 ό
2897 484 3158 548 Φίλιππος
3188 484 3287 537 οὐκ
3330 486 3417 537 in?
3463 486 3520 537 τὸ
3566 487 3742 539 πάντα
3776 483 4041 537 δύνασθαι

2449 581 2541 633 καὶ
2570 580 2690 630 λίαν
2720 576 2956 639 εὐκόλως
2987 576 3077 629 τὸν
3122 576 3324 647 Ἰησοῦν
3360 576 3640 630 ἀναϐαίνει
3676 576 3838 630 πάλιν
3858 615 3872 632 .
3903 574 4043 627 ἀλλὰ

2445 672 2507 722 τὸ
2530 689 2547 719 ι
2580 670 2747 721 Πόθεν
2771 668 3113 738 ἀγοράσομεν
3143 688 3160 717 ι
3194 668 3432 730 ἀκούσας
3460 668 3828 738 πειραστικῶς
3856 682 4043 736 παρα-

2445 758 2633 828 χρῆμα
2657 756 3078 826 συναρπάζεται,
3114 758 3208 810 καὶ
3234 760 3311 821 εὶς
3338 759 3503 830 μόνην
3530 761 3630 828 όρᾷ.
3650 757 3747 826 τὴν
3779 756 3869 809 διὰ
3898 772 4039 825 χρη-

2450 852 2637 919 μάτων
2668 850 2807 914 ὁδὸν,
2830 850 2927 918 οὐχ
2963 850 3163 919 ἑτέρως
3190 849 3595 919 ανυσθήσεσθαι
3615 849 3713 919 τὴν
3740 847 3835 901 τοῦ
3854 848 4039 917 πραγ-

2449 959 2616 1011 ματος
2663 942 2923 1010 ἐννοήσας
2982 942 3170 1010 φύσιν,
3203 942 3251 992 εί
3283 941 3358 1012 μὴ
3392 941 3576 1011 θεσμῷ
3602 941 3678 1010 τῷ
3712 938 3907 1009 κοινῷ,
3944 941 4039 991 καὶ

2444 1033 2521 1102 τῷ
2550 1031 2700 1101 παρὰ
2729 1033 2860 1085 πᾶσι
2892 1031 3292 1101 κατειθισμένῳ
3314 1046 3327 1058 ⁸
3349 1030 3507 1084 τοῦτο
3535 1031 3591 1084 δὲ
3621 1027 3687 1101 ἦν
3716 1033 3748 1101 ἡ
3776 1033 3837 1081 ἐκ
3867 1030 4039 1082 δαπά-

2444 1140 2542 1196 νης
2576 1124 2874 1194 φιλοτιμία.
2930 1124 3139 1177 Οὐκοῦν
3173 1126 3297 1177 ὅσον
3326 1125 3406 1187 είς
3449 1141 3507 1176 τε
3538 1124 3647 1177 τῶν
3684 1123 3947 1194 μαθητῶν
3979 1122 4039 1175 τὸ

2446 1217 2911 1287 ἀφιλοχρήματον,
2944 1217 3039 1268 καὶ
3067 1216 3127 1269 τὺ
3157 1216 3456 1285 κεκτῆσθαι
3490 1216 3677 1285 μηδὲν,
3711 1218 3807 1269 καὶ
3826 1218 3907 1278 εἰς
3934 1217 4031 1268 αύ-

2445 1307 2543 1377 τὴν
2575 1308 2631 1360 δὲ
2680 1306 2774 1361 τοῦ
2814 1307 3081 1360 Φιλίππου
3124 1308 3224 1378 τὴν
3274 1308 3545 1373 διάνοιαν,
3605 1307 3759 1361 οὔπω
3808 1306 4035 1369 τελείως

2447 1401 2580 1470 πρὸς
2598 1399 2659 1451 τὸ
2680 1398 2914 1463 ἐξαίσιον
2935 1398 3027 1451 τοῦ
3045 1400 3294 1469 Σωτῆρος
3309 1400 3463 1469 ἡμῶν
3477 1399 3768 1469 ἀψορῶσαν
3790 1399 4033 1467 ἀξίωμα,

2446 1494 2521 1553 εἰ,
2554 1490 2814 1544 ἀδύνατόν
2856 1508 2975 1553 πως
3018 1491 3411 1563 περιτρέπεται
3464 1491 3648 1544 λοιπὸν
3692 1492 3724 1560 ἡ
3773 1490 3869 1541 ἐπὶ
3920 1492 4032 1551 τοῖς

2445 1585 2623 1653 ὄχλοις
2648 1584 2947 1655 φιλοτιμία.
2998 1583 3169 1638 Τοῦτο
3200 1584 3258 1637 δέ
3300 1584 3359 1636 ού
3388 1584 3601 1652 γέγονε,
3637 1584 3945 1650 διεξάγεται
3979 1584 4033 1634 δὲ

2444 1692 2537 1727 του
2566 1674 2820 1745 Σωτῆρος
2849 1676 2928 1736 είς
2960 1673 3130 1744 πέρας
3162 1674 3195 1743 ὴ
3230 1672 3502 1743 βούλησις.
3538 1674 3611 1725 Τὸ
3633 1673 3893 1726 ἀδύνατον
3928 1665 4033 1737 ἄρα.

2447 1766 2595 1836 παρά
2621 1765 2931 1836 ἀνθρώποις
2960 1765 3185 1819 δυνατὸν
3216 1766 3366 1835 παρὰ
3390 1765 3466 1835 τῷ
3495 1764 3615 1835 Θεῷ
3634 1805 3647 1827 ,
3687 1766 3780 1818 καὶ
3810 1764 3913 1833 τῆς
3950 1763 4035 1813 ἐνο

752 1869 862 1921 que
912 1855 1095 1923 potior
1122 1862 1206 1909 est
1239 1853 1333 1906 Dei
1378 1854 1573 1912 virtus,
1604 1868 1726 1919 quae
1772 1852 2103 1906 mirabiliter
2134 1862 2337 1907 cuncta

2448 1858 2607 1926 ούσης
2641 1857 2962 1919 ἀκολουθίας
2990 1857 3047 1908 ἐν
3067 1858 3135 1925 τῇ
3185 1855 3345 1923 φύσει
3374 1856 3483 1907 τῶν
3523 1855 3643 1908 καθ’
3674 1856 3822 1924 ἡμᾶς
3850 1871 4032 1924 πραγ-

756 1944 935 1999 facere
969 1952 1172 2014 potest,
1223 1947 1390 1999 etiam
1424 1958 1771 2012 qumcunque
1814 1950 2055 1996 mentem
2086 1950 2335 1997 nostrain

751 2037 1046 2092 excedunt.

828 2215 894 2279 V,
923 2216 977 2278 8.
1006 2218 1058 2271 9.
1094 2216 1233 2270 Dicit
1291 2218 1337 2270 ci
1363 2234 1497 2271 unus
1534 2233 1598 2270 ea:
1624 2217 1900 2285 discipulis
1931 2217 2069 2287 ejus,
2100 2216 2339 2270 Andreas

756 2311 927 2377 frater
963 2307 1196 2363 Simonis
1246 2308 1391 2362 Petri
1420 2325 1436 2361 :
1475 2308 1572 2362 Est
1604 2324 1735 2375 puer
1771 2325 1905 2363 unus
1940 2310 2045 2372 hic,
2070 2310 2160 2377 qui
2190 2308 2342 2360 habet

2447 1950 2653 2020 μάτων,
2704 1946 3043 2016 πανταχόθεν
3069 1946 3310 2016 ἀμείνων
3330 1947 3362 2016 ή
3386 1946 3503 2000 θεία
3518 1946 4031 2016 φαίνεταιδύναμις,

2444 2042 2624 2095 πάντα
2648 2036 2967 2110 παραδόξως
3006 2037 3251 2102 ἐξανύειν
3288 2036 3567 2107 ἰσχύουσα,
3604 2038 3698 2090 καὶ
3721 2039 3823 2091 ὅσα
3853 2037 3946 2089 τὸν
3979 2038 4035 2087 ἐν

2444 2136 2574 2204 ὴμῖν
2610 2131 2892 2198 ἐξάλλεται
2931 2148 3073 2184 νουν.

2518 2225 2685 2293 Λέγει
2732 2222 2893 2287 αὐτῷ
2940 2218 3029 2288 εἷς
3073 2222 3139 2275 ἐκ
3182 2219 3301 2273 τῶν
3323 2219 3605 2289 μαθητῶν
3632 2220 3853 2283 αὑτοῦ,
3917 2220 4037 2275 Ἅν-

2444 2318 2622 2387 δρέιις
2663 2320 2695 2371 ὀ
2736 2314 2999 2385 ἀδελφὸς
3028 2315 3292 2382 Σίμωνος
3316 2313 3568 2381 Πέτρου·
3614 2314 3779 2365 Ἔστι
3822 2313 4035 2368 παιδά-

753 2405 980 2471 quiuque
1002 2418 1165 2469 panes
1188 2401 1503 2455 hordeaceos
1524 2411 1571 2453 et
1596 2400 1728 2454 duos
1752 2402 1920 2468 pisces
1940 2418 1956 2454 .'
1976 2401 2064 2454 sed
2091 2402 2202 2455 lucc
2217 2398 2341 2469 quid

2448 2430 2575 2480 ριον
2600 2404 2716 2463 ὦδε
2738 2450 2753 2473 ,
2777 2410 2807 2462 ὃ
2832 2410 2957 2477 ἔχει
2981 2408 3161 2461 πέντε
3194 2407 3413 2474 ἄρτους
3439 2409 3744 2475 κριθίνους
3766 2450 3778 2468 ,
3802 2408 3899 2460 καὶ
3930 2408 4038 2461 δύο

754 2499 878 2542 sunt
908 2491 1045 2543 inter
1074 2498 1254 2543 tantos
1276 2493 1300 2545 Ζ)
1336 2490 1482 2542 Dixit
1514 2507 1631 2543 vero
1657 2489 1833 2543 Jesus.

830 2670 1221 2721 Consentanea
1270 2665 1525 2735 Philippo
1558 2666 1727 2721 sentit
1759 2675 1815 2719 et
1861 2668 2091 2735 cogitat,
2131 2675 2183 2718 ct
2229 2664 2346 2716 alli-

758 2775 882 2814 nem
941 2759 1347 2829 quodannnodo
1386 2760 1453 2813 de
1507 2759 1801 2812 Servatore
1853 2758 2079 2811 Christo
2139 2756 2344 2810 habere

758 2850 1072 2919 opinionem
1113 2849 1231 2918 ipse
1265 2865 1487 2918 quoque
1519 2849 1790 2917 arguitur.
1824 2846 1961 2900 Cum
1987 2846 2132 2899 enim
2168 2845 2344 2897 virtu-

758 2948 867 2993 tem
899 2940 1021 3008 ejus
1049 2954 1157 2993 non
1193 2941 1499 3008 agnoverit,
1532 2954 1709 3007 neque
1746 2937 1882 2992 adeo
1909 2954 1973 2993 ex
2006 2938 2175 3007 278
2201 2952 2339 3007 [ινξε-

758 3028 1082 3084 ccdeutibas
1154 3028 1439 3105 miraculis
1510 3029 1820 3096 perceperit
1884 3025 2070 3081 Jesum
2140 3035 2340 3081 cuncta

760 3132 949 3187 posse,
989 3115 1157 3185 idque
1189 3116 1472 3178 facillime,
1513 3117 1721 3168 indicat
1754 3116 1975 3185 quidem
2012 3131 2179 3189 penes
2212 3131 2343 3181 pue-

2448 2502 2691 2571 Ᾱψάρια·
2717 2503 2878 2555 ἀλλὰ
2905 2500 3092 2556 ταῦτα
3115 2500 3170 2554 τί
3191 2500 3360 2554 ἐστιν
3386 2503 3472 2565 είς
3494 2501 3826 2565 τοσούτους
3847 2516 3865 2564 ;
3892 2498 4039 2555 Elite

2446 2596 2515 2648 δὲ
2536 2599 2567 2648 ό
2612 2592 2864 2661 Ἰησοῦς.
3103 2650 3111 2657 ,

2532 2684 2760 2755 ’Δδελφά
2780 2684 2858 2755 τῷ
2891 2684 3145 2753 Φιλίππῳ
3171 2684 3263 2736 καὶ
3286 2684 3474 2752 φρονεῖ
3502 2680 3595 2734 καὶ
3616 2682 3916 2749 λογίζεται,
3946 2685 4038 2735 καὶ

2450 2780 2682 2847 συγγενῆ
2733 2794 2849 2839 πως
2901 2775 3038 2845 ἔχων
3094 2777 3152 2827 ἐν
3204 2773 3381 2838 ἐαυτῷ
3429 2775 3529 2843 τὴν
3572 2774 3665 2826 ἐπὶ
3709 2773 3786 2843 τῷ
3819 2774 4038 2843 Σωτῆρι

2446 2868 2667 2939 Χριστῷ
2693 2867 2944 2937 διάληψιν
2971 2867 3064 2919 καὶ
3096 2866 3259 2927 αὐτὸς
3288 2865 3651 2934 ἐξελέγχεται.
3706 2866 3782 2918 Οὐ
3811 2866 3924 2935 γὰρ
3953 2866 4039 2917 ἐν-

2447 2962 2647 3029 νοήσας
2680 2959 2779 3028 τὴν
2818 2958 3046 3025 δύναμιν
3068 2996 3083 3019 ,
3123 2955 3244 3009 ούτε
3282 2956 3390 3025 μὴν
3422 2956 3486 3007 ἐκ
3530 2956 3628 3025 τῆς
3654 2956 3761 3008 τῶν
3793 2955 4040 3023 φθασάν-

2446 3067 2554 3103 των
2584 3049 2982 3119 μεγαλουργίας
3019 3048 3111 3099 ἐπὶ
3138 3048 3198 3099 τὸ
3220 3048 3397 3101 πάντα
3424 3046 3688 3100 δύνασθαι
3714 3048 3807 3100 τὸν
3823 3048 4037 3118 Ἰησοῦν

2450 3142 2545 3195 καὶ
2572 3142 2691 3195 λίαν
2731 3141 3104 3193 εύπετέστατα
3134 3139 3670 3209 παιδαγωγούμενος,
3692 3139 4037 3208 καταμηνύει

762 3226 882 3265 rum
916 3225 1041 3264 esse
1095 3209 1421 3278 pisciculos,
1462 3216 1837 3262 verumtamen
1894 3208 2061 3261 lueret
2099 3208 2151 3260 in
2195 3206 2339 3260 lide:

2451 3235 2548 3305 μὲν
2584 3235 2653 3287 τὰ
2688 3234 2949 3305 παράετῷ
3002 3234 3277 3303 παιδαρίῳ
3307 3233 3556 3303 κείμενα,
3594 3232 3731 3301 πλὴν
3766 3233 4038 3301 ἀτονήσας

762 3301 889 3354 1|ch
919 3300 1065 3354 enim
1107 3301 1239 3369 quid
1291 3308 1444 3363 sunt,
1480 3298 1679 3367 inquit,
1718 3299 1864 3352 inter
1892 3298 2124 3352 tantos?
2159 3298 2343 3366 Atqui,

763 3408 865 3445 nec
910 3392 1054 3444 enim
1101 3390 1214 3459 jam
1266 3390 1493 3444 remisse
1539 3388 1875 3456 loquendum
1910 3388 2071 3442 nobis
2105 3399 2208 3451 est,
2248 3387 2342 3441 sed

764 3483 831 3535 ad
866 3498 1059 3537 eorum
1098 3497 1219 3551 qua:
1264 3482 1596 3535 mirabiliter
1626 3480 1734 3549 jam
1774 3478 1915 3533 facta
1962 3489 2092 3534 sunt
2125 3491 2347 3535 strenue

767 3575 1077 3629 revocanda
1106 3584 1189 3629 est
1225 3574 1513 3635 memoria,
1544 3574 1901 3642 cogitandum
1934 3572 2088 3626 cibos
2118 3589 2147 3627 e
2175 3574 2347 3626 niliilo

766 3681 982 3731 creare,
1020 3675 1074 3721 et
1112 3680 1320 3735 paucos
1370 3663 1661 3718 admodum
1699 3663 1879 3732 pisces
1924 3670 2171 3731 repertos
2201 3664 2345 3718 divi-

769 3759 918 3813 nitus
969 3758 1359 3826 multiplicare,
1411 3756 1653 3810 alienum
1708 3770 1815 3808 non
1857 3770 1982 3810 esse
2031 3756 2098 3808 ab
2141 3771 2205 3809 eo
2252 3756 2345 3823 qui

768 3865 929 3919 aqua).
960 3856 1209 3902 naturam
1245 3848 1297 3901 in
1335 3850 1523 3901 vinum
1566 3848 1819 3909 mutavit,
1858 3848 1950 3916 qui
1986 3848 2345 3917 paralyticum

769 3944 1007 4005 sanavit,
1036 3949 1089 3996 et
1113 3950 1223 3994 tam
1260 3941 1583 3995 diuturnum
1623 3940 1877 3994 morbum
1912 3954 2023 3994 uno
2057 3941 2223 3994 verbo
2265 3939 2351 3993 fu-

680 4092 688 4099 ,
769 4036 936 4105 gavit.
974 4033 1077 4099 Qui
1118 4036 1264 4089 enim
1322 4034 1415 4088 illa
1467 4036 1666 4103 potuit,
1710 4033 1991 4103 quomodo
2044 4048 2152 4086 non
2202 4033 2350 4086 istud

768 4142 990 4195 quoque
1036 4126 1278 4181 elIiciet?
1327 4126 1511 4192 Quare
1558 4126 1890 4180 imbecillius
1944 4125 2352 4193 quodammodo

768 4236 931 4285 quam
982 4219 1209 4273 decebat
1256 4234 1356 4287 par
1409 4218 1541 4271 illud
1592 4217 1995 4287 discipulorum
2046 4217 2348 4285 respondit.

766 4309 1061 4375 Caeterum,
1092 4310 1182 4363 hic
1209 4308 1615 4363 observandum
1651 4315 1734 4361 est
1766 4306 1948 4362 denuo
2008 4323 2119 4361 non
2154 4308 2353 4363 inutile

771 4417 915 4470 smpe
939 4401 1146 4454 sanctis
1173 4415 1317 4465 esse,
1356 4399 1506 4469 quod
1540 4398 1796 4453 videntur
1826 4400 2018 4454 leviter
2056 4398 2350 4464 cecidisse,

772 4494 866 4546 sed
899 4492 1061 4546 habet
1090 4491 1300 4560 aliquid
1331 4505 1630 4556 annexum,
1662 4490 1810 4560 quod
1840 4492 1919 4545 rei
1973 4498 2183 4545 naturae
2212 4507 2352 4545 cun-

2447 3325 2641 3394 ὀρᾶται
2669 3324 2795 3394 περὶ
2820 3323 2917 3393 τὴν
2955 3324 3137 3375 πίστιν
3164 3341 3177 3353 ·
3223 3324 3400 3377 ταῦτα
3446 3324 3555 3392 γὰρ
3585 3323 3637 3375 τί
3667 3324 3782 3375 ἐστι
3802 3364 3815 3383 ,
3850 3324 4035 3391 φησὶν,

2446 3418 2524 3477 είς
2573 3413 2895 3479 τοσούτους;
2946 3414 3169 3475 Καίτοι,
3240 3414 3347 3483 χρὴ
3407 3413 3513 3481 γὰρ
3562 3412 3661 3483 ἤδη
3706 3412 3892 3476 λέγειν
3942 3414 4037 3481 οὐχ

2448 3501 2897 3573 ύπεσταλμένῶςο,
2958 3506 3166 3574 ,μᾶλλον
3211 3504 3267 3557 δέ
3297 3505 3377 3558 δεῖ
3409 3504 3542 3572 πρὸς
3563 3504 3870 3573 ἀνάμνησιν
3905 3503 4037 3556 [έναι

2447 3598 2662 3666 γοργῶς
2701 3596 2810 3648 τῶν
2851 3598 2951 3667 ἤδη
2994 3595 3313 3667 παραδόξως
3356 3596 3789 3666 τετελεσμένων,
3824 3594 4038 3662 λογίζε-

2450 3689 2572 3740 σθαι
2596 3688 2651 3739 δέ
2680 3689 2761 3741 ὃτι
2788 3688 2935 3753 ξένον
2966 3684 3033 3758 ἦν
3068 3688 3227 3759 ἔργον
3270 3688 3303 3755 ἢ
3362 3688 3456 3740 καὶ
3484 3687 3762 3755 ἀλλότριον
3788 3686 4041 3755 οὐδαμῶς

2451 3780 2542 3833 τοῦ
2578 3781 3081 3849 μετασκευάσαντας
3103 3782 3181 3842 είς
3210 3774 3351 3832 οἶνον
3376 3780 3472 3850 τὴν
3504 3777 3597 3831 τοῦ
3628 3777 3819 3841 ὓδατος
3855 3781 4038 3847 φύσιν,

2448 3872 2541 3924 τοῦ
2570 3872 3007 3943 θεραπεύσαντος
3027 3871 3116 3924 τὸν
3139 3870 3450 3942 παράλυτον
3472 3908 3487 3932 ,
3520 3869 3613 3921 καὶ
3634 3870 3734 3933 τὴν
3754 3868 3901 3921 οὕτω
3937 3886 4037 3937 μα·

2452 3963 2590 4032 κρὰν
2618 3962 2932 4032 ἀρρωστίαν
2979 3962 3060 4015 ἐνὶ
3100 3961 3572 4030 κατασοῦήσαντος
3610 3959 3791 4028 λόγῳ,
3849 3960 3947 4011 καὶ
3982 3960 4040 4010 ἐκ

2451 4050 2543 4101 τού
2578 4050 2652 4119 μὴ
2696 4049 2845 4111 ὄντος
2872 4049 3277 4120 δημιουργῆσαι
3310 4049 3518 4119 τροφὰς
3542 4089 3555 4111 ,
3606 4049 3700 4101 καὶ
3725 4048 3921 4115 ὀλίγας
3955 4065 4039 4099 κο-

2455 4142 2579 4211 μιδῇ
2627 4140 2722 4204 τὰς
2752 4141 3069 4211 ηὑρημένας
3100 4141 3533 4194 πολυπλασιάσαι
3569 4140 3785 4202 θεῖκῶς.
3834 4141 3897 4192 'H
3938 4140 4039 4207 γὰρ

2453 4233 2511 4284 ἐν
2540 4233 2769 4294 ἐκείνοις
2802 4230 3054 4297 ἐξουσία,
3099 4232 3218 4293 πῶς
3250 4232 3350 4284 ούκ
3375 4230 3439 4284 ἂν
3467 4230 3579 4299 ἔχοι
3610 4231 3705 4282 καὶ
3737 4228 3799 4280 τὸ
3827 4230 3886 4281 ἐν
3922 4228 4039 4281 τού-

2452 4337 2566 4383 τοις
2585 4320 2905 4386 δραστικόν;
2943 4320 3152 4373 Οὐκοῦν
3187 4319 3577 4390 ἀδρανέστερον
3601 4320 3699 4388 μέν
3733 4336 3875 4383 πως,
3898 4320 4039 4389 ἥπερ

2455 4412 2621 4481 ἐχρῆν
2683 4415 2717 4485 ἡ
2754 4412 2863 4465 τῶν
2916 4411 3175 4482 μαθητῶν
3212 4412 3539 4481 ἀπεκρίνετο
3589 4409 3820 4479 ξυνωρίς
3898 4409 4039 4476 Πλὴν

2454 4502 2719 4573 ἀθρητέον
2763 4505 2821 4555 ἐν
2862 4502 3035 4572 τούτῳ
3072 4502 3233 4554 πάλιν
3271 4502 3479 4553 ἐκεῖνοο
3532 4500 3599 4551 τὰ
3641 4500 3748 4567 γὰρ
3777 4498 4039 4551 δοκοῦντα

772 4579 945 4643 ducit,
978 4594 1107 4648 erga
1156 4594 1319 4648 quam
1370 4578 1663 4632 iulirmitas
1689 4594 1877 4633 eorum
1912 4589 2154 4634 notetur.
2214 4580 2347 4633 Nam

2454 4596 2565 4657 τοῖς
2592 4594 2765 4661 ἁγίοις
2787 4593 2880 4647 καὶ
2904 4591 3245 4646 διεπταίσθαι
3268 4592 3409 4644 κατά
3435 4592 3629 4661 βραχὺ,
3647 4589 3740 4642 τοῦ
3769 4590 4039 4660 χρησίμου

771 4687 897 4725 cum
947 4671 1237 4726 memorati
1283 4672 1462 4726 sancti
1502 4672 1768 4741 discipuli
1810 4688 1997 4727 secum
2042 4678 2353 4743 putaverint

768 4778 823 4823 et
859 4778 1047 4838 aperte
1078 4768 1342 4831 dixerint,
1376 4770 1467 4823 ille
1500 4770 1747 4838 quidem,
1776 4770 2141 4823 ducentorum
2182 4770 2349 4825 deua-

774 4862 979 4914 riorum
1011 4876 1180 4929 panes
1223 4876 1331 4914 non
1370 4859 1703 4915 suﬂ‘ecturos
1751 4861 1843 4926 iis,
1875 4870 1933 4913 ut
1971 4862 2354 4931 unusquisque

774 4950 1050 5004 modicum
1092 4951 1228 5019 quid
1262 4951 1531 5020 accipiat;
1571 4953 1658 5006 hic
1694 4968 1841 5014 vero,
1882 4950 1949 5006 de
1978 4953 2222 5022 quinque
2255 4969 2351 5021 pa-

778 5040 939 5095 nibus
986 5057 1050 5095 ac
1080 5041 1299 5097 duobus
1330 5043 1601 5113 piscibus,
1636 5043 1769 5113 quid
1801 5044 1916 5097 lnec
1951 5044 2095 5097 inter
2127 5045 2355 5099 tantos?

773 5134 1048 5187 extollunt
1092 5136 1502 5204 quodaminodo
1544 5137 1630 5190 his
1669 5136 1851 5191 verbis
1899 5137 2251 5202 miraculum,
2302 5146 2355 5191 et

777 5224 1077 5280 Salvatoris
1105 5228 1404 5295 potentiam
1438 5227 1800 5282 illustriorem
1848 5229 2104 5292 reddunt,
2146 5229 2355 5299 signifi-

775 5312 954 5367 cando
994 5315 1218 5383 iamjam
1257 5317 1519 5370 satiatum
1559 5318 1644 5371 viri
1696 5318 2125 5386 multitudinem,
2172 5331 2226 5376 et
2274 5322 2357 5376 vis

776 5406 1185 5461 incredulitatis
1231 5408 1285 5461 in
1330 5409 1533 5462 bonum
1591 5411 1659 5465 de
1716 5411 1940 5466 Christo
1978 5413 2353 5469 testimonium

776 5498 942 5551 cedit.
977 5498 1193 5563 Quibus
1222 5501 1367 5553 cnim
1409 5519 1471 5554 ex
1510 5502 1671 5557 rebus
1702 5503 1943 5559 confessi
1978 5514 2107 5558 sunt
2146 5515 2354 5559 tantam

782 5590 1026 5657 pecunia:
1077 5604 1350 5645 summam
1394 5593 1457 5646 ad
1508 5594 1701 5649 turbas
1734 5596 1816 5650 vel
1852 5596 2065 5651 modice
2109 5597 2357 5650 [θῆαι-ιιι

853 5765 895 5796 ’⁵
924 5765 1057 5821 Luc.
1090 5784 1243 5829 xvnu.
1270 5769 1357 5821 ‘27.

2459 4686 2717 4748 πολλάκις
2741 4685 2840 4737 οὐκ
2866 4685 3117 4754 ἀμοιρεῖ.
3157 4683 3269 4737 ἀλλ’
3302 4682 3414 4751 ἔχει
3445 4683 3495 4735 τί
3528 4681 4037 4751 συμπεπλεγμένον.

2453 4776 2482 4829 ὃ
2516 4779 2583 4846 τῇ
2614 4775 2706 4827 τοῦ
2758 4776 3082 4845 πράγματος
3131 4774 3291 4843 φύσει
3332 4774 3625 4835 λυσιτελεῖ,
3683 4774 3812 4842 περὶ
3858 4773 3926 4842 ἢν
3977 4770 4037 4823 ἂν

2457 4864 2664 4933 γένοιτο
2680 4867 2775 4934 τῆς
2795 4863 3055 4933 δοκούσης
3084 4862 3366 4924 ἀσθενείας
3398 4861 3577 4914 αὐτῶν
3605 4862 3670 4913 τὰ
3694 4860 4037 4930 ἐγκλήματα.

2456 4954 2819 5024 Λογιοάμενοι
2868 4953 2978 5024 γὰρ
3019 4955 3068 5006 οἱ
3098 4951 3559 5023 μνημονευθέντες
3593 4952 3736 5019 ἅγιοι
3775 4952 4036 5022 μαθηταὶ,

2461 5046 2555 5097 καὶ
2589 5044 2773 5113 σαφῶς
2802 5044 3083 5115 εἰρηκότες
3104 5083 3117 5107 ,
3152 5045 3180 5096 ὁ
3221 5044 3317 5113 μὲν
3346 5045 3426 5095 δτι
3460 5043 3749 5095 διακοσίων
3772 5043 4037 5113 δηναρίων

2460 5136 2614 5206 ἄρτοι
2665 5136 2765 5188 οὐκ
2809 5135 3071 5206 ἀρκοῦσιν
3110 5137 3329 5197 αὐτοῖς,
3392 5136 3477 5188 ἵνα
3516 5134 3745 5196 ἕκαστος
3783 5133 3959 5204 βραχύ
3994 5148 4038 5183 τι

2462 5227 2601 5297 λάὁῃ
2628 5243 2641 5256 ·
2690 5228 2718 5278 ό
2744 5226 2799 5279 δὲ
2819 5268 2834 5293 ,
2868 5228 2995 5294 περί
3019 5244 3077 5279 τε
3107 5226 3214 5279 τῶν
3240 5229 3401 5279 πέντε
3437 5226 3614 5295 ἀρτων
3635 5265 3649 5287 ,
3685 5227 3778 5277 καὶ
3805 5226 3917 5277 τῶν
3955 5224 4037 5276 δύο

2466 5321 2685 5391 ἰχθύων,
2731 5320 2811 5372 ὃτι
2854 5318 3026 5371 ταῦτα
3069 5319 3120 5371 τί
3152 5320 3300 5370 ἐστιν
3331 5318 3410 5379 είς
3450 5315 3785 5381 τοσούτους;
3830 5314 4036 5386 αἷρουσὶ

2464 5430 2579 5475 πως
2607 5415 2685 5475 είς
2720 5410 2850 5480 ὕψος
2879 5410 2939 5462 τὸ
2969 5409 3174 5480 θαῦμα,
3197 5410 3287 5462 καὶ
3311 5410 3786 5480 περιφανεστάτην
3808 5406 4036 5481 ἀπεργὰ·

2465 5504 2645 5567 ζονται
2687 5504 2786 5573 τὴν
2826 5504 2920 5556 τοῦ
2966 5503 3215 5571 Μτῆρος
3259 5503 3446 5571 ἰσχὺν,
3494 5500 3591 5571 τὴν
3642 5502 3765 5553 ὅσον
3799 5502 3921 5553 οὐδέ
3960 5514 4037 5549 πω

2468 5595 2938 5667 κορεσθησομένην
2982 5593 3189 5665 πληθὺν
3227 5594 3313 5649 διὰ
3336 5594 3442 5647 τῶν
3481 5592 3695 5647 οἰκείων
3726 5591 4037 5662 κατασημή-
