4218 6500
186 397 283 451 ΗΞ)

1274 393 1340 449 IN
1375 392 1661 450 JOANNIS
1694 392 2145 449 EVANGELIUM
2180 394 2307 449 LIB.
2343 394 2430 449 Ill.

3351 400 3457 459 ιδο

181 527 364 572 ναντες
380 510 579 578 λόγων,
603 511 695 564 καὶ
718 509 1145 580 περιτέτραπται
1168 508 1265 578 τῆς
1284 508 1542 569 ἀπιστίας
1567 509 1598 577 ἡ
1620 507 1762 560 δύνα-

1877 508 1978 563 das
2011 525 2119 563 non
2152 510 2530 571 suffecturam,
2576 508 2771 564 iisdem
2806 507 2943 579 ipsis
2974 506 3310 566 ineffabilem
3340 514 3458 570 illas

180 618 267 670 μις
288 639 305 665 ,
348 602 431 662 εἰς
460 600 674 671 ἀγαθὴν
711 600 1015 670 μαρτυρῖαν
1053 599 1150 668 τὴν
1178 600 1272 650 ἐπὶ
1305 598 1545 670 Χριστῷ.
1586 600 1664 650 Δι’
1694 592 1769 651 ὧν

178 692 281 759 γὰρ
326 693 447 753 τοῖς
482 691 663 760 ὄχλοις
710 692 811 743 οὐκ
847 689 1165 761 ἐξαρκέσειν
1212 690 1597 759 ὡμολογήκασι
1634 690 1768 757 πρὸς

175 783 437 850 βραχεῖαν
486 782 784 833 ἀπόλαυσιν
822 781 929 835 τῶν
955 780 1224 832 τοσούτων
1273 780 1553 849 ἀργυρίων
1579 780 1639 831 τὸ
1673 782 1765 847 μέ-

174 890 321 943 τρον,
342 872 437 924 διὰ
465 872 671 925 τούτων
695 873 873 925 αὐτῶν
901 874 1001 943 τὴν
1032 872 1345 942 ἀπόρρητον
1370 871 1461 923 τοῦ
1472 858 1768 932 ’ἐστιῶντος

174 964 619 1032 καταστρέφουσι
654 963 883 1031 δύναμιν
909 1003 924 1027 ,
954 964 1042 1016 ὅτε
1066 963 1130 1031 δὴ
1164 962 1258 1015 καὶ
1285 964 1368 1013 ἐνι.
1383 978 1493 1023 φτος
1516 959 1726 1023 οὐδενός
1749 978 1762 989 ·

171 1054 219 1104 τί
247 1053 360 1124 γὰρ
401 1049 472 1123 ἦν
501 1056 582 1117 είς
609 1054 897 1116 τοσούτους
924 1054 993 1107 τά
1033 1053 1189 1124 παρά
1219 1053 1300 1122 τῷ
1331 1052 1601 1123 παιδαρίῳ
1626 1052 1768 1105 κατά

171 1146 259 1197 τὸν
309 1146 563 1217 Ἀνδρέου
590 1146 783 1212 λόγον;
825 1145 894 1198 τά
922 1146 1020 1215 τῆς
1041 1146 1121 1208 εἰς
1144 1145 1271 1206 τοὺς
1306 1145 1494 1212 δχλους
1547 1142 1766 1211 ἀγάπης

173 1237 263 1289 καὶ
309 1236 521 1303 σφόδρα
545 1234 813 1299 πλουσίως
846 1235 1139 1305 ἐκϐέϐηκε.
1178 1234 1447 1304 Τοιαύτην
1478 1232 1599 1285 τινὰ
1628 1232 1766 1284 κατά

169 1328 265 1398 τὴν
316 1327 530 1397 ἔρημον
563 1327 660 1380 καὶ
703 1326 802 1397 τὴν
850 1326 944 1379 τοῦ
997 1326 1273 1394 πανσόφου
1328 1324 1570 1384 Μωσέως
1597 1323 1766 1389 ὀλιγοο

172 1422 395 1474 πιστίαν
418 1423 750 1492 εὑρήσομεν.
791 1420 1046 1473 Ἔκλαιον
1085 1420 1183 1489 μὲν
1207 1418 1317 1489 γάρ
1346 1418 1395 1471 οἱ
1432 1417 1491 1480 ἐξ
1528 1414 1764 1486 Ἰσραὴλ,

168 1515 264 1565 καὶ
292 1514 435 1583 πρὸς
470 1511 730 1582 βδελυρὰν
755 1511 1053 1570 ἐπιθυμίαν
1102 1509 1209 1563 τῶν
1256 1512 1313 1562 ἐν
1344 1508 1603 1575 Αἰγύπτῳ
1631 1522 1765 1574 τραο

168 1604 351 1667 πεζῶν
414 1602 900 1673 κατηρεθισμένοι,
959 1601 1192 1670 λέϐητας
1267 1600 1364 1669 μὲν
1420 1599 1764 1669 ἀκαθάρτους

170 1696 544 1762 ἐφαντάζοντο
566 1694 776 1764 κρεῶν,
808 1692 1111 1763 κρομμύων
1151 1691 1207 1743 δέ
1236 1690 1332 1742 καὶ
1366 1688 1634 1759 σκορόδων
1671 1689 1763 1740 καὶ

169 1787 264 1853 τῆς
300 1786 358 1837 ἐν
398 1788 513 1846 τοίς
544 1782 814 1853 ὁμοειδέσι
848 1783 1217 1852 χυδαιότητος,
1270 1782 1349 1843 είς
1379 1780 1763 1848 ἐκτοπωτάτην

1879 600 2185 654 satur-aulis
2243 600 2500 652 virtutem
2556 597 2964 667 deprzedicaut,
3025 600 3251 668 quando
3309 612 3454 659 certe

1875 690 2039 743 etiam
2087 705 2212 742 cum
2249 688 2385 743 nihil
2442 689 2605 758 plane
2662 690 2880 743 adesset
2932 689 3081 760 (nam
3135 690 3268 760 quid
3313 692 3458 749 inter

1877 784 2058 829 tantos
2092 785 2250 829 erant
2297 777 2412 837 illa,
2465 792 2585 845 qua:
2620 790 2787 846 penes
2836 777 3312 832 adolescentulum
3363 794 3462 835 su-

1874 875 2230 933 pererant,ut
2259 865 2510 919 Andreas
2540 866 2770 936 aiebat),
2792 865 3081 921 charitatis
3107 883 3235 938 erga
3265 870 3455 925 turbas

1873 958 2049 1011 oliicia
2111 956 2591 1012 abundantissime
2643 958 2946 1027 superavit.
2999 956 3187 1013 Talem
3236 975 3453 1031 quoque

1874 1048 1999 1103 ﬁdei
2048 1049 2372 1102 tenuitatem
2412 1048 2809 1117 sapientissimi
2864 1048 3068 1119 Moysis
3127 1048 3183 1103 in
3234 1050 3454 1105 deserto

1873 1140 2297 1209 comperiemus.
2350 1138 2577 1194 Flebant
2630 1140 2781 1193 enim
2811 1139 3093 1207 Israelita,
3133 1149 3188 1197 et
3217 1141 3451 1199 nefanda

1872 1246 2186 1285 mensarum
2206 1230 2591 1300 [Egyptiarum
2612 1230 2914 1299 cupiditate
2933 1232 3175 1300 impuros
3196 1231 3451 1287 carnium

1874 1323 2102 1386 lebetes,
2144 1338 2403 1393 ceparum
2431 1331 2484 1376 et
2520 1324 2773 1376 alliorum
2801 1330 2855 1374 et
2890 1320 3208 1375 istiusmodi
3258 1322 3451 1376 vilium

1874 1430 2055 1469 rerum
2090 1415 2465 1476 somniahant,
2503 1414 2725 1466 immani
2760 1414 3037 1482 voluptate
3067 1413 3236 1482 capti,
3287 1422 3341 1467 et
3367 1413 3442 1466 di-

1870 1507 2123 1560 vinorum
2186 1508 2452 1560 bonorqu
2511 1513 2831 1573 contemptu
2885 1506 2938 1559 in
2999 1513 3345 1574 sequestrem
3397 1514 3448 1558 et

1870 1599 2149 1653 doctorem
2197 1598 2362 1667 279
2417 1613 2578 1651 suum
2624 1596 2846 1667 Moysen
2894 1599 3278 1667 insurgebant.
3338 1596 3447 1653 Sed

1870 1705 1979 1744 non
2021 1690 2311 1759 ignorabat
2360 1687 2503 1743 Deus
2550 1689 2752 1757 quibus
2799 1690 2865 1742 de
2922 1688 3085 1742 rebus
3148 1689 3203 1739 in
3262 1687 3442 1747 ﬂetum

1869 1788 2241 1848 erumperent,
2275 1788 2327 1832 et
2361 1787 2508 1834 certe
2543 1778 2797 1847 promisit
2848 1792 2908 1831 se
2938 1791 3136 1831 carnes
3188 1777 3297 1832 illis
3351 1776 3446 1829 da-

170 1875 491 1936 ἐκνεύοντες
520 1874 715 1943 ἡδονὴν
733 1914 748 1939 ,
789 1874 883 1925 καὶ
916 1872 1022 1925 τῶν
1054 1872 1213 1925 θείων
1242 1871 1608 1941 ἀλογήσαντες
1632 1872 1761 1936 ἀγα-

1864 1881 2069 1927 turum.
2114 1870 2219 1924 Sed
2257 1870 2517 1939 quoniam
2558 1870 2857 1938 promissio
2894 1868 2987 1923 illa
3036 1867 3203 1922 [iebat
3252 1868 3306 1920 in
3344 1866 3445 1921 de-

168 1965 299 2028 θῶν,
320 1964 626 2034 ἐπεφύοντο
647 1982 761 2027 πως
781 1964 877 2017 καὶ
918 1963 997 2034 τῷ
1017 1962 1353 2031 μεσιτεύοντι
1376 1965 1468 2017 καὶ
1492 1962 1763 2030 παιδαγω-

169 2058 357 2127 γοῦντι
394 2059 607 2111 Μωσεῖ.
671 2056 807 2109 Ἀλλ’
860 2056 961 2109 οὐκ
1020 2055 1205 2124 ἠγνόει
1253 2055 1386 2117 Θεὸς
1447 2054 1519 2108 τά
1564 2054 1657 2135 ἐφδ
1680 2049 1764 2117 οἷς

168 2150 500 2221 ἀνοιμώζειν
531 2151 563 2219 ή
597 2149 805 2220 πληθὺς
844 2148 1125 2217 ἠπείγετο,
1152 2148 1243 2200 καὶ
1268 2147 1331 2218 δὴ
1351 2149 1441 2200 καὶ
1472 2147 1758 2200 ἐπιδώσειν

168 2242 355 2302 αὐτοῖς
387 2240 531 2311 κρέα
558 2238 1049 2309 κατεπηγγέλλετο.
1070 2239 1287 2307 Ἐπειδὴ
1316 2238 1372 2291 δὲ
1388 2234 1454 2307 ἦν
1484 2239 1542 2290 ἐν
1570 2238 1761 2307 ἐρήμῳ

168 2331 264 2399 τῆς
304 2329 625 2398 φιλοτιμίας
670 2330 704 2397 ἡ
749 2329 1074 2398 ὑπόσχεσις,
1136 2327 1229 2379 καὶ
1276 2326 1569 2397 δυσήνυτόν
1621 2344 1758 2389 πως,

166 2424 289 2475 ὅσον
322 2417 462 2492 ἧκεν
519 2422 599 2483 εἰς
628 2422 967 2491 ἀνθρώπινον
1000 2422 1157 2484 νοῦν,
1205 2420 1380 2474 ἐδόκει
1410 2421 1470 2473 τὸ
1504 2421 1759 2491 πρᾶγμα,

168 2512 461 2582 πρόσεισιν
504 2509 751 2563 ἀναϐοῶν
795 2513 824 2563 6
862 2510 1101 2579 Μωσῆςο
1164 2529 1183 2561 ι
1236 2510 1546 2573 Ἐξακόσιαι
1587 2510 1761 2581 χιλιά-

168 2603 257 2663 δες
308 2600 492 2665 πεζῶν
536 2601 748 2665 ὁλαδς,
800 2604 858 2656 ἐν
901 2596 981 2664 οἷς
1023 2603 1138 2671 είμι
1185 2602 1241 2653 ἐν
1287 2602 1502 2665 αὐτοῖς,
1547 2604 1641 2656 καὶ
1694 2605 1758 2656 σὺ

173 2692 367 2757 εἶπες,
400 2694 555 2764 Κρέα
582 2692 737 2746 δώσω
768 2694 981 2756 αὐτοῖς,
1018 2694 1112 2745 καὶ
1145 2694 1407 2762 φάγονται
1445 2695 1589 2763 μῆνα
1619 2697 1758 2764 ἡμε-

174 2785 304 2853 ρῶν.
356 2786 449 2854 Μὴ
503 2784 752 2854 πρόϐατα
812 2784 906 2837 καὶ
967 2783 1087 2853 βόες
1126 2786 1495 2855 σφαγήσονται
1542 2785 1755 2851 αὐτοῖς,

171 2878 265 2927 καὶ
313 2875 544 2946 ἀρκέσει
597 2875 815 2939 αὑτοῖς;
847 2894 865 2926 ι
920 2874 1031 2928 Καὶ
1080 2874 1132 2927 τί
1185 2876 1323 2945 πρὸς
1368 2875 1542 2929 ταῦτα
1591 2875 1757 2941 Θεός;

176 2990 192 3018 ι
232 2970 327 3036 Μὴ
380 2967 505 3038 χεὶρ
553 2967 759 3037 Κυρίου
821 2967 920 3019 οὐκ
977 2966 1238 3035 ἀρκέσει;
1284 2984 1303 3017 ι
1356 2967 1496 3036 Περὶ
1542 2966 1593 3019 τί
1655 2968 1759 3037 γὰρ

171 3060 236 3109 ἂν
273 3058 371 3110 καὶ
416 3056 749 3126 ἀδυνατήσαι
775 3055 944 3118 Θεός;
994 3054 1201 3108 Οὐκοῦν
1261 3056 1375 3125 ἐρεῖ
1407 3072 1488 3117 τις
1528 3055 1759 3122 εὐλόγως

171 3150 263 3199 καὶ
292 3148 388 3199 ἐπὶ
434 3150 549 3209 τοῖς
583 3148 739 3216 παρὰ
786 3147 1054 3199 Φιλίππου
1115 3146 1208 3199 καὶ
1250 3146 1493 3215 Ἀνδρέου
1542 3146 1753 3215 λόγοις-

172 3240 261 3305 Μὴ
313 3237 439 3306 χεὶρ
486 3238 695 3306 Κυρίου
743 3238 844 3290 οὐκ
885 3238 1148 3307 ἀρκέσει;
1216 3238 1503 3305 Δεχόμενοι
1559 3237 1616 3288 δὲ
1667 3236 1760 3287 καὶ

173 3332 336 3398 ἡμεῖς
392 3331 473 3390 είς
507 3329 952 3399 παραδείγματος
996 3329 1194 3399 τρόπον
1240 3329 1339 3398 τὴν
1374 3329 1467 3382 τοῦ
1500 3329 1759 3399 πράγμα-

170 3440 261 3485 τος
294 3422 483 3491 φύσιν,
521 3421 841 3491 νοσημάτων
868 3421 1094 3492 ἔσχατον
1149 3420 1245 3473 καὶ
1277 3421 1476 3483 παντὸς
1506 3422 1760 3472 ἐπέκεινα

174 3514 346 3567 κακοῦ
390 3513 491 3583 τὴν
544 3514 912 3581 ὀλιγοπιστίαν
963 3512 1263 3583 ἡγώμεθα,
1314 3513 1418 3566 κᾶν
1462 3513 1759 3583 ἐργάζηται

173 3606 328 3669 Θεὸς,
360 3606 395 3672 ἢ
425 3606 521 3657 καὶ
543 3604 763 3675 δράσειν
796 3604 1222 3674 ἐπαγγέλληται,
1256 3604 1434 3656 πίστει
1453 3604 1518 3673 δὴ
1542 3605 1759 3669 πάντως

174 3696 601 3767 ἀπεριεργάστῳ
634 3696 869 3763 γινέσθω
896 3696 1082 3749 δεκτὸν
1105 3737 1121 3759 ,
1172 3698 1267 3749 καὶ
1304 3696 1378 3765 μὴ
1404 3695 1482 3764 τῷ
1509 3696 1569 3747 οὺ
1600 3696 1759 3747 δύνα-

176 3785 297 3837 σθαι
326 3786 489 3848 νοεῖν,
514 3785 661 3847 ὅπως
687 3784 838 3836 ἔσται
864 3785 932 3838 τὰ
958 3786 1097 3855 ὑπὲρ
1116 3787 1288 3855 ἡμᾶς.
1310 3787 1395 3838 ἐπ’
1420 3786 1672 3856 ἀσθενείᾳ
1694 3790 1758 3856 τῇ

174 3876 263 3926 ἐπί
292 3892 438 3937 τισι,
490 3875 904 3944 κατηγορείσθω
928 3876 990 3929 τὸ
1034 3876 1207 3929 Θεῖον.
1260 3876 1464 3946 Πρέποι
1502 3878 1546 3929 δ’
1584 3876 1651 3928 ἂν
1684 3876 1761 3947 τῷ

174 3965 388 4033 ἀγαθῷ,
430 3964 527 4017 καὶ
567 3965 840 4036 σώφρονι,
877 3968 970 4020 καὶ
1001 3966 1270 4035 βεϐηκότα
1299 3967 1478 4029 καλῶς
1508 3967 1759 4036 φοροῦντι

174 4058 263 4109 τὸν
291 4057 591 4125 λογισμὸν,
620 4058 838 4110 κάκεῖνο
883 4057 1181 4127 λαμϐάνειν
1211 4059 1289 4119 είς
1318 4056 1441 4109 νοῦν
1461 4097 1476 4119 ,
1519 4058 1591 4119 ὡς
1617 4059 1710 4110 καὶ
1734 4060 1761 4109 ὀ
1785 4053 1797 4062 “

175 4150 265 4201 τοῦ
323 4149 581 4219 σώματος
624 4148 934 4216 ὀφθαλμὸς,
982 4149 1078 4218 οὺχ
1119 4150 1242 4201 ὅσον
1282 4147 1347 4200 ἂν
1384 4147 1625 4216 βούλοιτό
1654 4164 1760 4210 τις,

176 4238 401 4291 τοσοῦτο
419 4238 484 4307 δὴ
506 4239 725 4300 πάντως
748 4239 839 4290 καὶ
854 4238 1169 4306 κατόψεται,
1189 4237 1304 4290 ἀλλ’
1325 4238 1447 4290 ὅσον
1464 4236 1755 4306 ἐνδέχεται,

176 4330 267 4380 καὶ
299 4330 363 4381 τὸ
413 4330 515 4397 τῆος
562 4329 777 4397 φύσεως
814 4330 1000 4399 ἐφίησι
1053 4328 1250 4398 μέτρον
1278 4342 1293 4357 '
1345 4328 1416 4380 τά
1454 4328 1509 4380 δὲ
1549 4331 1606 4381 ἐν
1638 4328 1759 4396 ὕψει

174 4418 362 4488 πολλῷ
382 4418 504 4469 λίαν
535 4418 944 4488 άνατεθειμένα,
975 4419 1079 4471 κάν
1106 4418 1242 4481 ὅλως
1270 4417 1629 4489 φαντάζηται,
1654 4420 1761 4472 δια-

1863 1974 2035 2027 serto,
2066 1971 2123 2017 et
2149 1965 2195 2017 si
2225 1972 2448 2031 captum
2473 1960 2673 2015 tuentis
2705 1960 2961 2014 humanae
2999 1958 3342 2023 consideres,
3380 1971 3445 2013 ea

1862 2072 1952 2112 res
2005 2054 2377 2124 impossibilis
2413 2052 2819 2123 quodammodo
2871 2050 3183 2114 videbatur,
3231 2050 3446 2105 accedit

1861 2150 2110 2203 clamans
2149 2146 2407 2216 Moyses:
2452 2163 2470 2196 ι
2513 2144 2786 2199 Sexceuta
2825 2142 2996 2196 millia
3048 2142 3290 2212 peditum
3355 2142 3446 2195 hic
3534 2212 3539 2217 ἡ

1862 2250 2015 2304 sunt,
2046 2241 2099 2294 in
2133 2240 2334 2309 quibus
2359 2254 2480 2293 sum
2514 2238 2568 2291 iu
2605 2238 2717 2301 eis;
2754 2244 2807 2290 ct
2839 2245 2892 2288 tu
2924 2234 3145 2288 dixisti:
3182 2233 3335 2288 Dabo
3364 2234 3446 2288 eis

1860 2348 2055 2387 carnes
2105 2331 2416 2395 comedere,
2460 2339 2507 2383 et
2560 2328 2853 2382 comedent
2900 2341 3146 2380 mensem
3200 2328 3441 2381 dierum.

1860 2423 2137 2493 Numquid
2172 2438 2301 2478 oves
2333 2430 2386 2475 et
2416 2422 2582 2475 boves
2612 2419 3088 2480 occidenturillis.
3122 2426 3176 2472 et
3209 2417 3446 2473 sulliciet

1861 2516 2002 2570 illis?
2026 2535 2043 2565 ι
2074 2513 2214 2579 Quid
2245 2522 2427 2567 autem
2458 2513 2521 2565 ad
2552 2512 2665 2564 hmc
2686 2509 2866 2565 Deus?
2907 2528 2924 2559 ι
2950 2507 3225 2579 Numquid
3248 2522 3445 2562 manus

1865 2607 2080 2660 Domini
2129 2619 2239 2658 non
2295 2601 2530 2657 sulliciet
2564 2600 2657 2653 '5?
2694 2619 2711 2650 ι
2749 2599 2887 2664 Quid
2932 2600 3078 2653 enim
3127 2613 3236 2651 non
3267 2597 3445 2667 possit

1862 2697 2051 2751 Deus?
2081 2694 2351 2760 Quocirca
2380 2694 2446 2746 de
2478 2691 2713 2761 Philippi
2742 2699 2796 2745 et
2828 2690 3057 2744 Andreae
3087 2687 3442 2744 sermonibus

1856 2787 1980 2856 jure
2032 2785 2177 2838 dicet
2218 2784 2461 2851 aliquis:
2502 2779 2781 2850 Numquid
2827 2795 3022 2833 manus
3070 2778 3291 2831 Domini
3325 2792 3438 2831 non

1862 2877 2131 2934 sulliciet?
2177 2876 2289 2930 Nos
2328 2883 2534 2938 autem,
2562 2874 2639 2926 rei
2681 2881 2881 2926 natura
2914 2871 3148 2941 exempli
3188 2870 3309 2925 vice
3343 2882 3440 2923 as-

1862 2979 2103 3038 sumpta,
2127 2969 2451 3023 morborum
2500 2974 2556 3020 et
2601 2967 2873 3019 malorum
2912 2971 3218 3018 extremum
3257 2961 3441 3015 incre-

1861 3063 2143 3116 dulitatem
2179 3074 2303 3114 esse
2329 3058 2617 3119 ducamus.
2646 3064 2722 3119 et,
2775 3058 2821 3111 si
2851 3056 2983 3124 quid
3022 3055 3184 3119 Deus,
3222 3062 3318 3107 aut
3352 3053 3439 3107 fa-

1862 3155 2014 3215 cint,
2073 3161 2168 3205 aut
2204 3152 2477 3205 facturum
2533 3164 2593 3204 se
2649 3148 2980 3217 promittat,
3039 3145 3142 3200 lide
3199 3145 3443 3213 simplici

1863 3243 2153 3299 confestim
2189 3240 2320 3295 illud
2370 3240 2727 3307 suscipiatur,
2780 3252 2879 3291 nec
2927 3253 2995 3291 ex
3043 3251 3110 3290 eo
3144 3235 3292 3304 quod
3331 3250 3442 3304 quo

1862 3344 2023 3405 pacto
2071 3333 2253 3388 futura
2284 3332 2396 3385 sint
2434 3344 2496 3384 ea
2531 3344 2653 3398 qua:
2693 3344 2793 3382 nos
2838 3334 3125 3396 superant,
3174 3340 3287 3395 pra:
3334 3324 3438 3378 im-

1862 3427 2155 3479 becillitate
2193 3422 2481 3492 cogitando
2527 3420 2747 3489 assequi
2784 3435 2891 3472 non
2942 3432 3261 3486 possumus,
3297 3415 3441 3469 Dens

1863 3525 2173 3570 accusetur.
2222 3513 2433 3567 Bonum
2484 3525 2649 3580 porro
2692 3518 2747 3563 et
2797 3509 3103 3578 sapientem
3144 3521 3209 3559 ac
3241 3520 3439 3561 sanum

1862 3609 2019 3662 decet
2066 3608 2122 3659 in
2172 3606 2414 3658 animum
2451 3601 2735 3664 inducere,
2768 3599 3021 3669 corporis
3046 3598 3293 3661 oculum,
3326 3612 3437 3650 non

1863 3710 2126 3771 quantum
2179 3699 2307 3767 quis
2352 3696 2479 3750 velit
2519 3695 2853 3764 perspicere,
2889 3691 2982 3745 sed
3023 3696 3289 3759 quantum
3322 3687 3437 3741 ﬁeri

1865 3800 2075 3862 potest,
2129 3800 2188 3844 et
2235 3797 2445 3841 natura:
2496 3797 2698 3841 nostra:
2745 3783 2851 3838 fert
2891 3781 3285 3837 mediocritas:
3340 3780 3437 3834 sed

1810 3913 1830 3934 ο
1861 3896 1983 3952 (μηδ
2013 3880 2166 3932 valde
2202 3877 2455 3933 sublimia
2501 3884 2651 3938 sunt,
2686 3875 2815 3928 licet
2848 3874 2972 3942 quis
3029 3871 3228 3926 mentis
3260 3870 3434 3925 aciem

1862 3972 2241 4028 vehementius
2291 3962 2925 4034 intendatfdiscernere
2977 3979 3087 4018 non
3129 3977 3313 4032 posse.
3356 3960 3434 4014 Ita

1862 4076 2085 4130 quoque
2104 4060 2394 4114 considera
2425 4066 2659 4111 mentem
2689 4055 2930 4108 hominis
2955 4053 3023 4106 ad
3055 4061 3236 4107 certos
3262 4066 3434 4121 usque

1864 4154 1999 4207 ﬁnes
2036 4149 2391 4220 intelligendo
2414 4147 2690 4219 protendi,
2718 4147 2842 4201 licet
2862 4147 3051 4214 utique
3080 4151 3307 4213 purgata
3336 4143 3428 4197 sit.

1861 4243 2007 4297 Nihil
2058 4243 2205 4295 enim
2239 4255 2361 4310 quae
2408 4254 2575 4308 supra
2608 4254 2707 4293 nos
2755 4238 2934 4307 posita
2969 4246 3099 4291 sunt
3147 4232 3429 4304 perspicit,

1862 4332 1956 4389 sed
2004 4329 2521 4399 supernaturalibus
2570 4330 2732 4382 rebus
2765 4326 2930 4401 cedit,
2962 4326 3045 4380 vel
3080 4325 3273 4390 invita,
3305 4336 3429 4377 eum

1863 4423 2181 4476 nullatenus
2209 4435 2305 4473 cas
2333 4420 2507 4489 possit
2538 4417 3020 4487 comprehendere.
3058 4414 3191 4469 Fide
3228 4416 3428 4483 itaque,

175 4510 391 4579 κρίνειν
418 4510 482 4561 οὐ
512 4508 759 4571 δύναται,
782 4509 1118 4579 λεπτοτάτην
1149 4510 1237 4561 ἐπ’
1268 4511 1453 4573 αὺτοῖς
1478 4511 1573 4563 καὶ
1604 4512 1756 4582 μόλις

1862 4530 1967 4567 nou
1996 4512 2250 4581 indagine
2278 4526 2398 4580 qua:
2429 4525 2593 4578 supra
2625 4524 2726 4563 nos
2756 4515 2888 4563 sunt
2917 4506 3238 4576 capiuntur,
3272 4511 3325 4557 et
3372 4510 3430 4555 ut

175 4600 443 4670 ἁρπάζων
472 4600 572 4671 τὴν
605 4599 860 4668 Θεωρίαν.
910 4601 1095 4654 Οὖτω’
1117 4618 1209 4671 μοι
1244 4603 1353 4654 νόει
1398 4603 1493 4655 καὶ
1528 4603 1620 4656 τὸν
1665 4605 1759 4657 ἀν-

176 4688 454 4756 θρὼπινον
485 4688 639 4739 νοῦν·
676 4690 837 4759 μέχρι
876 4687 985 4758 γὰρ
1014 4689 1121 4741 τῶν
1145 4688 1407 4743 δοθέντων
1438 4693 1579 4761 ὅρων
1611 4691 1761 4760 αύτῷ

175 4780 329 4849 παρὰ
351 4778 449 4829 τοῦ
474 4780 836 4848 πεποιηκότος
858 4781 1178 4847 ἐφικνεῖται,
1198 4782 1292 4835 καὶ
1314 4783 1632 4845 ἐκτείνεται,
1656 4782 1760 4835 κᾶν

177 4871 313 4932 ὅλως
352 4872 577 4942 ὑπάρχῃ
611 4871 1019 4939 κεκαθαρμένος
1048 4888 1059 4899 ·
1110 4873 1298 4940 ὄψεται
1326 4874 1433 4944 γὰρ
1470 4874 1620 4927 οὐδὲν
1651 4874 1759 4926 τῶν

180 4964 599 5033 ὑπερκειμένων
621 5004 635 5028 ,
670 4963 1063 5033 παραχωρήσει
1098 4963 1154 5015 δὲ
1174 5002 1187 5026 ,
1224 4966 1317 5017 καὶ
1348 4966 1446 5035 οὐχ
1479 4964 1621 5018 ἐκὼν
1649 4969 1761 5029 τοῖς

1861 4604 2112 4660 laudatur
2144 4603 2234 4671 qui
2270 4601 2463 4661 credit,
2499 4602 2573 4652 ita
2600 4600 2759 4667 culpa
2787 4613 2894 4652 non
2930 4604 3081 4650 caret
3107 4595 3427 4664 quicunque

1861 4699 1916 4750 in
1949 4693 2293 4750 contrarium
2323 4689 2536 4746 incidit.
2573 4690 2744 4758 Cujus
2774 4689 2851 4741 rei
2877 4687 3033 4741 testis
3065 4686 3179 4754 ipse
3211 4695 3431 4736 rursum

1865 4787 2117 4843 Salvator
2142 4784 2302 4839 nobis
2332 4784 2458 4847 erit,
2487 4782 2572 4836 his
2604 4780 2822 4835 verbis:
2862 4797 2879 4828 ι
2911 4776 3015 4843 Qui
3051 4773 3225 4829 credit
3254 4773 3306 4826 in
3342 4769 3431 4825 Fi-

1861 4881 2016 4944 lium,
2052 4893 2159 4932 non
2194 4876 2514 4945 judicatur;
2557 4874 2651 4944 qui
2703 4880 2886 4925 autem
2933 4883 3043 4921 non
3093 4864 3291 4927 credit,
3318 4862 3432 4932 jam

1860 4968 2143 5037 judicatus
2176 4974 2260 5022 est
2291 4968 2357 5019 ’⁷.
2386 4985 2403 5017 ι

181 5058 320 5126 ὑπὲρ
350 5055 450 5123 τὴν
482 5053 674 5121 φύσιν,
696 5054 993 5125 οὐδαμόθεν
1020 5055 1158 5125 ἔχων
1183 5056 1361 5110 αὐτῶν
1395 5057 1869 5126 περιδράττεσθαι.
1922 5060 2111 5113 Πίστει
2139 5039 2162 5057 ”
2184 5058 2363 5111 τοίνυν
2422 5056 2493 5109 τὰ
2533 5056 2673 5124 ὑπὲρ
2713 5055 2886 5123 ὑμᾶς,
2954 5050 3047 5105 καλ⁹
3080 5049 3139 5102 οὐ
3211 5045 3434 5117 ζητήτει

180 5147 542 5217 λαμϐάνεται,
572 5147 665 5199 καὶ
697 5145 1034 5215 θαυμάζεται
1079 5147 1177 5217 μὲν
1202 5150 1231 5200 6
1256 5146 1397 5199 οὓτω
1463 5148 1676 5213 πιστὸς,
1743 5152 2131 5222 άνεπιτίμητος
2177 5150 2234 5202 δὲ
2299 5148 2544 5218 οὐδαμῶς
2587 5149 2614 5199 ὁ
2647 5148 2758 5209 τοῖς
2800 5144 3061 5205 ἐναντίοις
3099 5137 3432 5211 περιπεσών.

183 5242 292 5295 Καὶ
320 5240 417 5290 ἐπὶ
441 5237 616 5306 τούτῳ
654 5238 815 5290 πάλιν
844 5238 1005 5301 αὐτὸς
1039 5241 1171 5308 ἡμῖν
1202 5241 1230 5292 6
1264 5239 1454 5310 Σωτὴρ
1480 5242 1821 5313 μαρτυρήσει
1843 5244 2015 5311 λέγων
2042 5260 2054 5272 ·
2086 5262 2103 5295 ι
2128 5243 2186 5294 '0
2221 5240 2493 5294 πιστεύων
2521 5241 2603 5304 εἰς
2652 5239 2741 5291 τὸν
2756 5238 2882 5291 Υἱὺν
2947 5238 3008 5289 ού
3080 5234 3346 5306 κρίνεται,
3408 5231 3438 5281 6

180 5333 233 5384 δὲ
266 5333 342 5401 μὴ
379 5328 672 5392 πιστεύων,
704 5328 804 5398 ’ήδη
837 5330 1108 5398 κέκριται.

251 5422 600 5492 Διειληφότες
627 5421 683 5473 δὲ
722 5421 870 5485 ἅπαξ
900 5421 991 5473 τὸν
1023 5421 1181 5487 λόγον
1210 5422 1298 5473 τὸν
1334 5423 1425 5474 ἐπὶ
1450 5422 1526 5475 τῶ
1560 5423 1757 5492 χρῆναι

187 5515 261 5583 μὴ
291 5512 635 5581 ἀπιστεῖντῴ
661 5511 801 5581 Θεῷ,
836 5512 970 5581 φέρε
996 5513 1061 5581 δή
1087 5530 1138 5564 τι
1169 5511 1328 5564 πάλιν
1361 5514 1426 5564 ἐκ
1455 5514 1563 5565 τῶν
1600 5513 1759 5583 ἱερῶν

94 5644 97 5645 ν
186 5603 534 5675 Γραμμάτων
555 5603 943 5672 ἀναλεξάμενοι
966 5602 1302 5673 παραϐῶμεν
1328 5605 1409 5667 εἰς
1444 5605 1626 5674 μέσον,
1662 5606 1756 5659 καὶ

1939 5419 2043 5474 Sed
2088 5435 2211 5473 cum
2266 5419 2378 5488 jam
2424 5416 2592 5473 semel
2622 5416 2689 5469 de
2735 5411 3120 5467 incredulitate
3170 5410 3223 5464 in
3269 5409 3437 5465 Deum

1868 5528 1976 5566 non
2003 5511 2355 5579 suscipienda
2392 5508 2841 5567 disseruerimus,
2883 5519 3001 5573 age,
3026 5518 3245 5556 rursum
3286 5516 3316 5555 e
3348 5516 3438 5555 sa-

1868 5606 1978 5661 cris
2022 5603 2245 5658 Litteris
2291 5601 2539 5657 nonnihil
2586 5601 2639 5653 in
2693 5596 2933 5651 medimu
2972 5593 3335 5665 proferamus;
3378 5602 3436 5648 ct

250 5784 294 5815 ³⁸
318 5781 482 5837 Num.
516 5795 594 5845 ιιι,
641 5778 793 5833 1—25.
875 5778 1099 5834 "Joan.
1139 5794 1223 5844 ιιι,
1257 5779 1345 5836 18.
