4218 6500
759 399 854 454 451

1748 381 1804 437 S.
1845 379 2120 437 CYRlLlJ
2162 377 2626 433 ALEXANDRINI
2668 378 2989 434 ARCIIIEP.

3931 382 4045 436 452

757 532 870 587 quo
900 520 1062 585 pacto
1090 507 1535 565 incredulitatem
1563 510 1755 558 secuta
1794 501 1868 556 sit
1903 497 2335 560 animadversio,

2442 498 2542 566 τὴν
2568 497 2660 549 ἐπὶ
2684 500 2805 560 ταῖς
2830 495 3113 559 ἀπιστίαις
3135 497 3360 551 κόλασιν
3389 496 3869 566 ἐκλαμπρὺνωμεν
3895 497 4039 567 πρὸς

760 586 827 659 ad
861 607 1127 660 lectorum
1154 602 1441 656 utilitatem
1463 607 1826 664 exponamus.
1846 590 2031 645 Redeo
2058 591 2243 656 itaque
2269 586 2338 641 ad

763 698 985 766 Moysen
1044 696 1194 746 illum
1250 703 1540 745 sacrorum
1605 684 1942 738 antistitem.
2005 680 2203 735 Jussus
2255 686 2342 733 est

761 790 913 850 olim,
949 801 1073 839 cum
1107 786 1158 837 in
1190 784 1413 838 deserto
1452 778 1687 851 populus
1714 774 2046 829 intolerabili
2090 772 2179 826 siti
2219 786 2341 841 pre-

763 887 1024 940 meretur,
1057 877 1271 929 socium
1324 875 1425 929 sibi
1460 874 1735 924 Aaronem
1780 868 2060 931 adhibere,
2091 864 2256 934 280
2286 871 2340 917 et

761 973 911 1039 virga
938 985 1130 1022 saxum
1165 976 1472 1037 percutere,
1507 973 1565 1017 ut
1613 977 1880 1031 aquarum
1917 958 2099 1011 fontes
2138 960 2341 1010 educe-

762 1071 862 1114 ret.
896 1059 1002 1114 Sed
1036 1074 1159 1114 cum
1196 1056 1607 1124 Dominijussis
1639 1052 1780 1105 hami
1806 1051 2036 1101 multum
2068 1046 2338 1111 crederet,

758 1161 810 1204 et
862 1166 971 1219 pra:
1018 1148 1362 1201 humanitate
1410 1144 1611 1213 pusillo
1642 1149 1793 1196 esset
1821 1141 2039 1192 animo;
2081 1158 2097 1187 ι
2142 1138 2340 1191 Audite

761 1257 871 1306 me,
906 1240 1103 1309 inquit,
1144 1238 1448 1291 increduli:
1486 1234 1749 1303 numquid
1784 1248 1847 1286 ex
1880 1242 2033 1300 petra
2068 1230 2169 1282 hac
2198 1230 2335 1283 edu-

758 1345 947 1385 cemus
987 1329 1142 1383 vobis
1186 1327 1432 1397 aquam?
1466 1325 1529 1378 Et
1563 1326 1832 1377 extollens
1869 1322 2081 1394 Moyses
2113 1336 2335 1375 manum

759 1434 939 1485 suam,
989 1419 1267 1489 percussit
1302 1425 1511 1485 petram
1560 1413 1724 1468 semel
1780 1420 1833 1466 et
1878 1412 1984 1475 bis,
2030 1420 2083 1465 et
2128 1409 2339 1463 cxsrliit

758 1527 899 1581 aqua
926 1512 1111 1564 multa.
1150 1500 1214 1560 Et
1246 1508 1383 1561 dixit
1405 1504 1674 1558 Dominus
1700 1504 1764 1557 ad
1784 1503 2004 1573 Moysen
2028 1512 2084 1556 et
2115 1501 2334 1555 Aaron:

760 1602 899 1667 Quia
938 1617 1045 1654 non
1081 1598 1397 1654 credidistis
1429 1594 1775 1650 sanctiﬁcare
1809 1609 1895 1648 me
1937 1594 1993 1646 in
2034 1598 2337 1660 conspectu

760 1693 995 1746 ﬁliorum
1032 1690 1223 1754 Israel,
1255 1695 1543 1759 propterea
1575 1701 1683 1740 non
1726 1683 1999 1738 inducetis
2038 1698 2135 1735 vos
2176 1695 2332 1751 syna-

758 1794 950 1850 gogam
990 1778 1133 1831 hanc
1175 1779 1230 1830 in
1266 1786 1470 1831 terram
1520 1790 1683 1843 quam
1726 1772 1849 1827 dedi
1888 1773 1972 1826 eis
2002 1772 2068 1825 ’³.
2113 1790 2130 1822 ι
2164 1768 2335 1823 Num-

2442 589 2712 657 ὠφέλειαν
2758 590 2866 642 τῶν
2899 589 3321 660 ἐντευξομένων.
3364 589 3579 643 Οὐκοῦν
3612 588 3699 641 ἐπ’
3722 588 3892 642 αὑτὸν
3920 585 4042 659 εἶμι

2444 683 2605 736 πάλιν
2632 683 2724 735 τὸν
2754 682 3081 753 ἱεροφάντην
3115 683 3341 737 Μωσέα.
3385 680 3697 734 Ἐκελεύετό
3727 697 3863 734 ποτε
3895 682 4042 733 κατά

2440 774 2539 843 τὴν
2563 773 2767 845 ἔρημον
2785 776 3045 845 ἀφορήτω
3066 774 3209 844 δίψει
3233 773 3736 844 καταδαρυνθέντος
3752 772 3849 825 τοῦ
3876 773 4038 837 λαοῦ,

2442 867 2697 919 κοινωνόν
2729 865 2829 937 μὲν
2856 868 3127 920 ποιεῖσθαι
3166 867 3257 921 τὸν
3315 865 3545 937 Ααρὼν,
3588 865 4039 935 κατακροπσθαι

2439 957 2496 1009 δὲ
2517 957 2583 1027 τῇ
2619 957 2800 1026 ῥάϐδῳ
2822 958 2922 1026 τὴν
2954 959 3180 1028 πέτραν,
3215 958 3304 1010 ἵνα
3335 959 3433 1011 καὶ
3462 958 3671 1010 ὑδάτων
3703 955 4041 1027 ἀνομδρήσῃ

2441 1050 2646 1120 πηγάς.
2694 1052 2833 1104 Ἀλλ’
2867 1053 2927 1104 οὑ
2953 1050 3158 1122 σφόδρα
3185 1054 3298 1113 τοῖς
3313 1050 3407 1104 τοῦ
3445 1049 3879 1120 προστάττοντος
3900 1049 4039 1099 ἀνα-

2441 1147 2809 1213 πεπεισμένος
2858 1144 3066 1211 λόγοις,
3116 1143 3519 1213 όλιγοψυχήσας
3570 1142 3628 1194 δέ
3684 1158 3802 1204 πως
3841 1141 3937 1192 διά
3973 1140 4039 1193 τὸ

2439 1234 2776 1305 ἀνθρώπινον
2793 1252 2807 1266 ⁸
2828 1255 2847 1287 ι
2872 1236 3165 1288 ’Δκούσατέ
3202 1233 3530 1304 μου,φησὶν,
3547 1234 3598 1286 οἱ
3622 1232 3873 1295 ἀπειθεῖς
3898 1249 3910 1260 ·
3954 1231 4035 1300 μὴ

2439 1325 2505 1379 ἐκ
2533 1332 2633 1395 της
2665 1328 2871 1397 πέτρας
2908 1327 3109 1397 ταύτης
3139 1327 3405 1395 ὲξάξομεν
3438 1326 3569 1395 ὑμῖν
3600 1324 3766 1394 ὕδωρ,
3785 1323 3898 1376 Καὶ
3927 1324 4032 1374 ἐπ-

2440 1418 2578 1488 άρας
2606 1418 2811 1486 Μωσῆς
2839 1418 2938 1487 τὴν
2964 1420 3123 1489 χεῖρα
3151 1416 3339 1479 αὑτοῦ,
3363 1414 3604 1478 ἐπάταξε
3630 1418 3697 1484 τῇ
3725 1412 3910 1482 ῥάϐδῳ
3930 1412 4031 1480 τήν

2441 1511 2647 1579 πέτραν
2674 1509 2822 1576 ἆπαξ
2868 1510 2962 1563 καὶ
2999 1511 3112 1573 δὶς,
3149 1511 3240 1563 καὶ
3266 1508 3491 1577 ὲξῆλθεν
3522 1508 3667 1578 ὕδωρ
3701 1506 3860 1561 πολύ.
3916 1505 4032 1558 Καὶ

2439 1595 2559 1652 εἷπε
2604 1600 2809 1670 Κύριος
2857 1600 2993 1668 πρὸς
3052 1599 3257 1668 Μωσῆν
3309 1601 3403 1652 καὶ
3441 1598 3687 1669 Ἀαρών·
3750 1598 3877 1650 Ὅτι
3926 1598 4033 1649 οὑκ

2438 1690 2795 1744 ἐπιστεύσατε
2824 1693 3047 1757 ἁγιάσαι
3079 1709 3144 1762 με
3177 1692 3418 1746 ἐναντίον
3439 1690 3548 1743 τῶν
3593 1690 3725 1742 υἱῶν
3764 1690 3995 1759 Ἰσραήλ
4016 1704 4027 1712 ·

2438 1780 2525 1833 διὰ
2552 1780 2711 1833 τοῦτο
2741 1783 2839 1835 οὑκ
2880 1782 3123 1846 εἰσάξετε
3161 1783 3319 1851 ὑμεῖς
3344 1781 3443 1852 τὴν
3472 1780 3794 1849 συναγωγὴν
3822 1780 4031 1849 ταύτην

759 1870 895 1942 quid
948 1885 1080 1939 ergo
1129 1869 1255 1921 hinc
1310 1867 1485 1921 cuivis
1537 1866 1779 1935 patebit,
1829 1879 1991 1933 quam
2044 1863 2226 1931 gravis
2274 1864 2343 1915 sit

2444 1872 2523 1935 είς
2552 1872 2649 1942 τὴν
2682 1890 2815 1942 γην,
2863 1874 2930 1941 ἣν
2958 1873 3168 1925 δέδωκα
3197 1874 3401 1935 αὑτοῖς.
3434 1891 3452 1923 ι
3493 1874 3612 1942 Ἀρ·
3643 1868 3738 1925 οὖν
3775 1871 4034 1929 ἐντεῦθεν

759 1977 972 2017 merces
1007 1959 1462 2015 incredulitatis?
1492 1958 1645 2024 Quod
1680 1958 1727 2012 si
1770 1956 1985 2027 Moyses
2015 1956 2104 2008 ille
2150 1963 2339 2008 tantus

758 2056 844 2109 vir
875 2070 1002 2109 cum
1039 2063 1208 2121 esset,
1239 2054 1608 2123 reprehensus
1638 2060 1744 2115 est,
1773 2051 1991 2103 cuinam
2017 2046 2161 2100 Deus
2188 2048 2340 2113 igno-

760 2156 896 2209 scet,
928 2155 1019 2201 aut
1050 2148 1174 2217 quis
1206 2146 1641 2215 indignationem
1666 2146 1787 2211 ejus
1817 2141 2037 2211 effugiet
2072 2138 2164 2208 qui
2200 2139 2337 2190 adeo

764 2255 1119 2310 personarum
1154 2249 1409 2310 acceptor
1447 2253 1556 2291 non
1582 2245 1665 2293 est
1696 2237 1765 2299 ",
1799 2244 1858 2290 ut
1896 2248 1965 2290 ne
1992 2236 2173 2303 ipsum
2214 2236 2335 2301 qui-

760 2329 883 2384 dem
939 2327 1160 2400 Moysen
1205 2329 1502 2382 immunem
1534 2341 1659 2381 esse
1684 2325 1942 2388 voluerit,
1969 2325 2034 2378 ad
2068 2336 2229 2392 quem
2257 2321 2338 2373 di-

761 2427 908 2472 ctum
936 2430 1062 2474 est:
1107 2438 1123 2469 ι
1159 2419 1293 2472 Novi
1325 2427 1378 2474 te
1414 2426 1609 2488 praeter
1648 2430 1867 2480 omnes,
1900 2424 1953 2470 et
1987 2415 2217 2485 gratiam
2250 2414 2335 2466 in—

760 2510 955 2564 venisti
993 2510 1137 2581 apud
1174 2526 1259 2564 me
1284 2510 1350 2565 ³⁰.
1392 2528 1408 2559 ι

830 2597 920 2661 Vl,
953 2599 1041 2653 10.
1090 2596 1278 2652 Facite
1309 2598 1552 2663 homines
1591 2596 1938 2650 discumbere.
1986 2594 2121 2647 Erat
2160 2604 2334 2647 autent

761 2689 939 2758 fenum
983 2690 1209 2741 multant
1244 2690 1298 2742 in
1351 2689 1485 2742 loco.
1521 2688 1911 2742 Discubuerunt
1944 2703 2066 2756 ergo
2107 2688 2203 2739 viri
2246 2702 2340 2739 nu-

762 2800 905 2836 mero
938 2784 1092 2851 quasi
1116 2784 1341 2851 quinque
1365 2781 1562 2833 millia.

832 2873 1061 2928 Solitam
1093 2888 1246 2927 suam
1285 2873 1677 2942 benignitatem
1714 2871 1968 2925 Salvator
2010 2876 2250 2935 exercet,
2284 2874 2339 2922 et

761 2962 832 3016 ab
890 2963 1103 3031 asperis
1167 2963 1642 3032 increpationibus
1700 2962 1963 3016 abstinet.
2022 2959 2131 3014 Nec
2188 2977 2333 3015 enim

761 3053 1015 3108 acerbius
1047 3055 1350 3109 insectatur
1376 3054 1700 3123 discipulos,
1727 3054 1856 3107 licet
1888 3052 2115 3105 nimium
2136 3052 2337 3121 pusillo

760 3145 947 3199 animo
985 3159 1049 3198 ac
1100 3144 1203 3199 (ide
1251 3145 1594 3211 oscitantes;
1630 3145 1723 3200 sed
1768 3145 1934 3198 rebus
1968 3144 2103 3213 ipsrs
2153 3146 2337 3211 potius

759 3238 983 3291 instruit
1017 3238 1083 3291 ad
1121 3236 1666 3305 comprehensionem
1690 3251 1882 3289 eorum
1921 3250 2040 3303 qua:
2094 3234 2336 3287 nondum

758 3328 1010 3382 credunt.
1032 3327 1167 3379 Illud
1185 3328 1354 3391 enim,
1379 3345 1397 3377 ι
1416 3325 1605 3382 Facite
1638 3327 1890 3380 homines
1914 3325 2286 3386 discumbere,
2312 3342 2330 3375 ι

760 3434 868 3472 non
926 3418 1261 3471 mediocrem
1310 3417 1476 3471 habet
1521 3416 1852 3485 emphasnm,
1912 3427 1966 3469 et
2021 3413 2336 3485 istiusmodi

758 3509 1015 3577 quiddam
1045 3509 1113 3562 ab
1140 3507 1267 3562 Jesu
1302 3507 1408 3563 dici
1440 3515 1653 3561 tantum
1694 3522 1802 3560 non
1846 3506 2054 3559 indicat
2082 3526 2092 3560 :
2126 3502 2170 3558 0
2197 3505 2337 3558 tardi

758 3601 823 3654 ad
854 3600 1258 3670 percipiendam
1295 3614 1471 3654 meam
1501 3600 1787 3659 virtutem,
1834 3607 1885 3651 et
1920 3596 2334 3666 intelligendum

758 3694 984 3759 quinam
1018 3691 1110 3745 ille
1142 3699 1212 3745 srt
1262 3691 1356 3760 qui
1403 3690 1686 3760 loquitur:
1725 3687 1910 3742 Facite
1951 3688 2200 3742 homines
2233 3686 2337 3743 disc

757 3782 1015 3835 Clllllbel‘c
1058 3800 1107 3843 ι,
1130 3788 1189 3834 ιιι
1220 3796 1344 3835 cum
1376 3780 1510 3833 nihil
1537 3794 1702 3849 penes
1736 3793 1832 3832 vos
1865 3782 1957 3839 sit,
1989 3777 2116 3830 inde
2151 3788 2335 3832 tamen

756 3871 1008 3925 videntes
1054 3886 1152 3925 eos
1206 3879 1510 3933 saturatos,
1550 3870 1848 3924 miremini.
1895 3887 1913 3918 ι
1953 3867 2138 3922 Facite
2166 3868 2339 3924 homi-
2370 3903 2382 3915 ο

757 3981 855 4018 nes
882 3965 1249 4019 discumbere.
1279 3984 1296 4015 ι
1319 3963 1430 4017 Hoc
1460 3980 1604 4017 enim
1636 3962 1717 4017 eis
1745 3970 2015 4031 superest.
2042 3960 2161 4016 Non
2190 3965 2335 4017 enim

756 4057 968 4111 denarii
1000 4056 1223 4111 ducenti
1256 4056 1649 4125 comparandis
1684 4055 1751 4109 iis
1783 4069 1903 4123 qua:
1934 4055 2113 4109 turbis
2151 4071 2337 4111 neces-

757 4149 904 4201 saria
948 4156 1079 4202 sunt
1114 4147 1452 4209 suffecerint,
1487 4146 1579 4201 sed
1634 4146 1781 4214 quod
1818 4146 2024 4198 nummi
2076 4155 2335 4214 piaastare

758 4248 1037 4309 nequeunt
1078 4241 1276 4293 virtute
1310 4253 1431 4291 mea
1468 4252 1757 4306 assequar,
1794 4251 1913 4305 qua:
1948 4236 2014 4289 ad
2049 4252 2173 4292 esse
2204 4252 2336 4292 cun-

758 4342 848 4385 eta
883 4332 1120 4394 vocavit,
1146 4339 1200 4383 et
1226 4345 1315 4384 res
1336 4345 1367 4384 c
1397 4330 1569 4384 nihilo
1595 4328 1879 4399 produxit.
1914 4329 1995 4382 An
2024 4344 2155 4383 vero
2185 4329 2332 4386 Ehas

756 4421 1020 4491 propheta
1051 4421 1142 4475 ille
1172 4420 1348 4473 viduae
1387 4435 1481 4475 vas
1531 4420 1653 4474 oleo
1697 4420 1935 4490 replere,
1979 4428 2034 4473 et
2081 4420 2329 4489 hydriam

755 4512 1123 4568 iudeﬁcientis
1167 4513 1275 4566 cibi
1324 4521 1550 4566 matrem
1602 4511 1821 4566 efﬁcere
1865 4512 2045 4581 potuit
2096 4512 2183 4564 "z
2236 4512 2329 4582 qui

755 4615 935 4659 autem
968 4604 1048 4656 illi
1087 4613 1148 4656 ut
1182 4604 1233 4656 id
1268 4611 1451 4671 posset
1486 4603 1698 4665 tribuit,
1748 4618 1856 4655 non
1915 4603 2115 4670 poterit
2150 4604 2331 4656 multi-

2441 1964 2540 2017 οὑκ
2567 1965 2633 2018 ἂν
2663 1965 2872 2033 γένοιτο
2911 1966 3072 2019 παντί
3103 1984 3183 2036 τῳ
3221 1965 3422 2034 σαφὲς,
3461 1966 3609 2027 ὅπως
3654 1964 3773 2017 ἐστὶ
3816 1964 4036 2033 χαλεπά

2438 2058 2539 2126 τῆς
2560 2058 2824 2120 ἀπιστίας
2849 2057 2919 2111 τά
2952 2057 3194 2127 ὀψώνιας
3235 2059 3344 2111 Καὶ
3382 2059 3431 2111 εἰ
3464 2056 3717 2119 τοσοῦτος
3766 2057 4035 2125 ὑπάρχων

2440 2150 2746 2219 ἐπετιμήθη
2770 2151 3009 2219 Μωσῆς,
3060 2149 3202 2211 τίνος
3243 2150 3325 2202 ἔτι
3355 2149 3599 2219 φείσεται
3632 2148 3791 2211 Θεὸς,
3834 2149 3948 2200 τίνι
3977 2148 4035 2199 δὲ

2439 2244 2538 2294 οὑκ
2566 2244 2774 2295 ἐποίσει
2806 2243 2894 2294 τὸν
2930 2244 3015 2310 ἐφ’
3055 2236 3137 2304 οἷς
3180 2239 3247 2293 ἂν
3276 2228 3555 2310 ἀπιστήσῃ
3589 2239 3761 2309 θυμὸν
3800 2240 3830 2291 6
3858 2237 4035 2298 οὕτως

2439 2332 2964 2404 άπροσωπόληπτος,
3012 2334 3087 2395 ὡς
3125 2332 3259 2403 μηδὲ
3289 2332 3450 2386 αὑτὸν
3490 2330 4033 2400 ὲθελῆσαιδυσωπεῖ-

2444 2424 2569 2475 σθαι
2593 2424 2817 2487 Μωσέα,
2844 2424 2979 2494 πρὸς
3003 2425 3062 2477 ὃν
3088 2425 3331 2495 εἴρηται·
3367 2417 3497 2478 Οἶδά
3522 2440 3582 2475 σε
3616 2422 3768 2493 παρὰ
3798 2422 4035 2484 πάντας,

2442 2516 2537 2567 xui.
2564 2515 2727 2585 χάριν
2756 2507 2916 2585 εὗρες
2945 2517 3075 2586 παρ’
3111 2516 3256 2586 ὲμοίς

2510 2603 2809 2671 Ποιήσατε
2856 2605 2999 2671 τοὺς
3030 2606 3380 2673 ἀνθρώπους
3420 2604 3773 2659 ἀναπεσεῖν.
3815 2598 3933 2659 Ἦν
3964 2603 4033 2657 δὲ

2440 2695 2654 2762 χόρτος
2682 2694 2878 2760 πολὺς
2898 2694 2969 2748 ἐν
2993 2694 3073 2760 τῷ
3102 2696 3284 2762 τόπῳ.
3317 2694 3639 2750 Ἀνέπεσον
3665 2690 3781 2750 οὖν
3812 2694 4033 2762 ἄνδρες

2441 2785 2547 2836 τὸν
2584 2785 2836 2854 ἀριθμὸν
2858 2784 3003 2837 ὡσεὶ
3027 2785 3529 2853 πεντακισχίλιοι.

2514 2876 2806 2945 Πραότητα
2835 2877 2936 2945 μὲν
2959 2875 3056 2947 τὴν
3082 2875 3287 2946 συνήθη
3314 2892 3609 2945 τετιμηκεν
3633 2876 3662 2928 6
3686 2872 3904 2944 Σωτὴρ,
3936 2872 4032 2926 καὶ

2440 2966 2500 3019 τὸ
2534 2966 2625 3037 μὲν
2664 2966 2827 3037 δριμὺ
2860 2967 2970 3021 τῶν
3008 2968 3245 3036 ἐλέγχων
3288 2966 3605 3035 ἀφίστησιν.
3653 2966 3767 3017 Οὔκ
3794 2965 4032 3034 ἐπιτιμᾷ

2440 3056 2550 3127 γάρ
2582 3057 2852 3126 δηκτικῶς
2904 3059 2998 3111 καὶ
3046 3058 3168 3112 λίαν
3214 3058 3535 3121 νυστάζουσι
3568 3060 3679 3118 τοῖς
3728 3055 4028 3125 μαθηταῖς,

2442 3150 2565 3202 ὅσον
2588 3144 2722 3220 ἧκεν
2752 3151 2831 3212 είς
2864 3150 2924 3203 τὸ
2954 3152 3040 3202 ἐπ’
3073 3148 3221 3220 αὑτῷ
3265 3149 3601 3220 μικρόψυχόν
3642 3165 3701 3201 τε
3732 3148 3828 3200 καὶ
3851 3146 4030 3215 όλιγό·

2440 3258 2631 3294 πιστόν
2657 3259 2669 3271 ·
2713 3244 3050 3311 παιδαγωγεῖ
3083 3244 3138 3296 δὲ
3196 3243 3395 3312 μᾶλλον
3434 3241 3523 3294 διά
3551 3241 3902 3311 πραγμάτων
3933 3242 4028 3293 αὑ-

2438 3333 2547 3384 τῶν
2600 3336 2679 3396 είς
2727 3333 3030 3402 κατάληψιν
3074 3327 3149 3386 ὧν
3199 3332 3352 3386 οὑπω
3400 3333 3729 3385 πιστεύουσι.
3791 3332 3868 3385 Τὸ
3898 3335 4028 3405 γὰρ,

2447 3442 2465 3475 ι
2496 3424 2763 3493 Ποιήσατε
2792 3424 2919 3487 τοὺς
2944 3423 3267 3491 ἀνθρώπους
3296 3425 3614 3478 ἀναπεσεῖν.
3643 3443 3661 3475 ι
3693 3425 3752 3477 οὑ
3795 3424 4029 3494 μετρίαν

2440 3515 2553 3585 ἔχει
2578 3514 2675 3585 τὴν
2705 3516 2974 3584 ἔμφασιν,
3022 3522 3182 3584 μόνον
3211 3515 3267 3567 δὲ
3296 3515 3407 3584 οὑχτ
3452 3517 3547 3569 καὶ
3576 3514 3818 3569 τοιοῦτόν
3849 3533 3904 3568 τι
3935 3518 4027 3569 λέ-

2438 3621 2604 3671 γοντα
2633 3604 2864 3656 δεικνύει
2884 3601 3209 3672 τδνἸησοῦψ
3240 3604 3303 3655 Ὢ
3327 3603 3540 3672 βραδεῖς
3572 3605 3650 3666 είς
3672 3604 3734 3657 τὸ
3761 3604 3861 3674 τὴν
3886 3605 4028 3675 ἐμὴν

2442 3694 2682 3748 συνιέναι
2707 3694 2956 3763 δύναμιν,
2976 3694 3071 3745 καὶ
3089 3696 3269 3762 νοῆσαι
3306 3694 3386 3756 ἐἷς
3415 3695 3443 3745 6
3461 3693 3657 3756 λαλῶν,
3697 3694 4025 3749 ἀνακλίνατε

2437 3786 2564 3848 τοὺς
2607 3785 2836 3856 ἄνδρας,
2872 3783 2938 3837 ἵν’
2966 3786 3030 3837 ὲκ
3062 3783 3287 3854 μηδενὸς
3313 3784 3405 3837 τοῦ
3439 3784 3568 3854 παρ’
3604 3785 3732 3855 ὑμῖν
3763 3788 4025 3856 κειμένου

2440 3876 2946 3947 κατακορεσθέντας
2973 3877 3208 3945 ὁρῶντες
3228 3876 3570 3947 θαυμάζητε.
3608 3896 3626 3927 ι
3669 3877 4024 3933 ’Δνακλίνατε

2436 3974 2562 4031 τους
2587 3968 2805 4039 ἄνδρας.
2839 3986 2858 4019 ι
2886 3966 3059 4021 Τοῦτο
3085 3968 3194 4038 γὰρ
3223 3969 3402 4031 αὑτοῖς,
3424 3968 3485 4021 τὸ
3504 3968 3688 4022 λεῖπόν
3730 3970 3907 4024 ἐστιν.
3950 3973 4023 4026 Oti

2439 4059 2547 4129 γάρ
2590 4059 2824 4130 δηνάρια
2868 4059 2965 4127 μὲν
3016 4058 3268 4112 διακόσια
3310 4060 3379 4111 τά
3427 4059 3655 4129 ζωαρκῆ
3694 4063 3810 4125 τοῖς
3844 4062 4025 4131 ὄχλοις

2438 4153 2743 4222 περιποιεῖν
2771 4150 2837 4204 ἂν
2861 4150 3071 4221 ἴσχυσε,
3100 4151 3395 4221 χρημάτων
3414 4150 3470 4202 δὲ
3492 4150 3600 4203 τῶν
3621 4151 3678 4203 ὲν
3708 4152 4023 4223 ἀνθρώποις

2435 4241 2496 4293 τὸ
2536 4242 2685 4310 μεῖον
2724 4241 2781 4291 ἐν
2816 4239 2894 4308 τῷ
2920 4238 3181 4292 δύνασθαι
3221 4237 3449 4300 σώζειν,
3484 4238 3516 4307 ἡ
3554 4238 3660 4307 ἐμὴ
3685 4240 4022 4309 κεκτήσεται

2434 4331 2661 4401 δύναμις
2685 4369 2700 4392 ,
2732 4331 2765 4399 ὴ
2807 4331 2982 4383 πάντα
3015 4329 3149 4399 πρὸς
3184 4328 3244 4381 τὸ
3288 4324 3426 4380 εἶναι
3454 4326 3725 4391 καλοῦσα,
3788 4332 3884 4381 καὶ
3916 4329 4022 4383 τῶν

2435 4422 2495 4485 ἐξ
2527 4423 2624 4474 οὑκ
2653 4420 2823 4474 ὄντων
2851 4420 3199 4491 δημιουργός.
3233 4419 3367 4472 Οὐδὲ
3401 4419 3586 4483 Ἠλίας
3621 4418 3721 4488 μὲν
3745 4421 3774 4473 6
3804 4424 4021 4491 προφή-

2432 4529 2531 4581 της
2556 4511 2779 4565 ἀνενδεᾶ
2800 4512 2893 4563 τὸν
2922 4510 3238 4579 ἐλαιοφόρον
3272 4508 3373 4577 τῆς
3401 4510 3573 4579 χήρας
3597 4508 3763 4562 ἐτίθει
3789 4512 4019 4580 χαμψά-

2434 4621 2556 4673 κην,
2591 4603 2800 4673 μητέρα
2823 4618 2884 4655 τε
2917 4601 3268 4655 ἀνεκλείπτου
3300 4600 3504 4669 τροφῆς
3538 4599 3636 4670 τὴν
3657 4600 3852 4671 ὑδρίαν
3886 4605 4018 4656 ἀπο-

753 4696 960 4765 plicare
1011 4694 1269 4755 nihilum,
1311 4702 1364 4746 et
1411 4692 1644 4763 quodin
1679 4692 1933 4745 manibus
1964 4700 2068 4758 est,
2102 4700 2159 4746 ut
2207 4694 2334 4748 sint-

2438 4696 2609 4759 τελεῖς
2660 4696 2687 4747 6
2718 4695 2773 4746 δὲ
2815 4693 3051 4763 κάκείνῳ
3081 4693 3141 4745 τὸ
3179 4691 3437 4745 δύνασθαι
3463 4691 3637 4754 διδοὺς
3663 4730 3677 4751 .
3706 4693 3809 4745 οὐκ
3838 4694 3905 4747 ἂν
3933 4694 4018 4758 £5;-

755 4789 970 4859 piiciter
999 4785 1513 4849 dicam,inet'fabilis
1531 4785 1887 4855 benignitatis
1909 4784 2139 4847 fontem,
2164 4793 2328 4855 atque

754 4877 1051 4946 inopinatae
1080 4878 1269 4945 gratia:
1305 4883 1467 4944 caput
1496 4883 1549 4928 et
1594 4875 1833 4928 radicem
1876 4874 2140 4928 allicere?
2170 4875 2324 4929 Talia

752 4970 912 5038 281
971 4984 1101 5038 ergo
1154 4969 1206 5021 in
1248 4969 1431 5020 animo
1464 4966 1745 5022 Christum
1785 4966 2045 5022 habuisse
2098 4983 2207 5021 non
2238 4977 2324 5023 est

752 5060 1131 5129 improbabile,
1174 5073 1299 5112 cum
1335 5058 1638 5129 emphatice
1674 5057 2079 5126 quodammodo
2133 5060 2325 5129 loque-

751 5159 923 5206 retur.
960 5151 1123 5206 Notat
1152 5166 1288 5206 vero
1320 5159 1485 5205 etiam
1511 5151 1719 5205 utiliter
1759 5151 1953 5205 beatus
1985 5152 2325 5219 evangelista

755 5248 935 5298 I‘enum
960 5245 1187 5297 multum
1212 5245 1265 5297 in
1294 5259 1359 5299 eo
1377 5244 1497 5297 loco
1522 5243 1713 5308 fuisse,
1728 5243 2114 5297 demonstrans
2137 5252 2320 5312 aptum

754 5333 923 5389 fuisse
973 5335 1156 5389 locum
1193 5336 1245 5387 in
1283 5350 1394 5404 quo
1436 5334 1539 5387 viri
1591 5334 2024 5388 discumberent.
2084 5333 2323 5388 Observa

752 5432 934 5479 autem
950 5441 1057 5495 quo
1077 5433 1237 5495 pacto
1257 5424 1606 5479 multitudine
1632 5424 1944 5493 promiscue
1969 5434 2320 5495 congregata,

750 5530 985 5584 cumque
1020 5516 1277 5570 mulieres
1315 5530 1418 5569 una
1454 5531 1577 5569 cum
1632 5516 1846 5570 liberis,
1877 5516 1991 5569 suis
2044 5516 2322 5580 adessent,

752 5607 898 5661 solos
933 5614 1114 5661 tamen
1158 5609 1304 5662 viros
1368 5608 1695 5673 numerat-it,
1758 5610 1927 5679 legis,
1993 5617 2050 5661 ut
2105 5610 2322 5677 Opinor,

819 5783 862 5813 ἰδ
897 5779 1052 5837 Num.
1090 5800 1182 5844 xx.
1212 5784 1396 5839 10-12.
1474 5786 1516 5816 ’⁵
1544 5784 1701 5839 Rom.
1735 5802 1795 5847 ιι,
1830 5786 1912 5847 ll,
1951 5794 2003 5839 rt
2036 5787 2185 5839 alibi.
2264 5787 2307 5819 "’
2350 5786 2354 5837 l

2438 5786 2523 5841 od.
2571 5802 2767 5855 χχχιιι,
2810 5787 2897 5840 17.

2442 4786 2623 4854 ίσχυσε
2665 4784 3094 4837 πολυπλασιάσαι
3128 4783 3190 4835 τὸ
3238 4782 3423 4853 μηδὲν,
3464 4783 3559 4835 καὶ
3598 4783 3662 4835 τὸ
3708 4784 4017 4853 προστυχὸν

2436 4874 2625 4937 ἁπλῶς
2674 4874 2774 4944 τῆς
2804 4874 3042 4944 ἀρρήτου
3080 4872 3384 4941 φιλοτιμίας
3432 4873 3769 4943 ἐργάσασθαι
3808 4876 4014 4945 πηγὴν,

2433 4967 2528 5019 καὶ
2562 4966 2826 5035 ἀδοκήτου
2861 4965 3080 5035 χάριτος
3114 4964 3291 5033 ἀρχήν
3319 4980 3379 5015 τε
3404 4965 3497 5016 καὶ
3528 4964 3720 5034 ῥίζαν;
3776 4966 4015 5018 Τοιαῦτα

2436 5060 2536 5129 μὲν
2562 5053 2655 5113 οὖν
2683 5060 2935 5127 ἐννοῆσαι
2962 5056 3125 5125 τυχὸν
3148 5056 3249 5108 οὑκ
3275 5056 3539 5108 ἀπίθανον
3573 5056 3663 5108 διά
3700 5057 3803 5125 τῆς
3836 5060 4016 5127 ἀμφά-

2434 5168 2570 5213 σεως
2601 5149 2762 5202 οἱονεὶ
2801 5148 3028 5216 λέγοντα
3056 5148 3145 5201 τὸν
3175 5148 3427 5217 Χριστόν.
3472 5148 3929 5218 Ἐπιαημαξνεται
3963 5150 4014 5202 δὲ

2429 5245 2712 5313 χρησίμω;
2748 5244 2774 5294 6
2808 5240 3077 5311 μακάριος
3104 5240 3522 5309 εὑαγγελιστὴς,
3557 5242 3638 5293 ὅτι
3690 5241 3787 5294 καὶ
3821 5244 4014 5313 χόρτος

2427 5333 2495 5405 ἦν
2524 5337 2579 5387 ἐν
2612 5335 2688 5404 τῷ
2731 5335 2882 5403 τόπῳ
2915 5333 3103 5398 πολὺς,
3138 5333 3461 5403 ἐπιτηδείως
3493 5333 3687 5402 ἔχοντα
3714 5335 3809 5387 τὸν
3835 5336 4012 5405 χῶρον

2428 5428 2565 5497 πρὸς
2594 5427 2652 5479 τὸ
2679 5426 2771 5477 καὶ
2814 5425 2922 5477 δεῖν
2956 5423 3341 5477 ἀνακλίνεσθαι
3390 5426 3519 5487 τοὺς
3567 5425 3774 5496 ἄνδρας
3808 5426 4011 5481 ἐπιδειο

2428 5517 2579 5579 κνύς.
2622 5517 2902 5584 Ἐπιτήρει
2936 5516 2990 5568 δὲ
3013 5517 3159 5577 ὅπως
3184 5517 3642 5585 ἀναμεμιγμένης
3688 5521 3771 5580 εἰς
3820 5519 4011 5572 ἑαυτὸν

2428 5610 2526 5678 τῆς
2549 5606 2658 5660 τῶν
2684 5606 3035 5677 τρεφομένων
3058 5606 3318 5676 πληθύος,
3343 5611 3437 5661 καὶ
3464 5610 3743 5675 γυναικῶν
3765 5611 4007 5681 δηλονότι

2980 5788 3017 5819 ³¹
3047 5788 3119 5840 ill
3169 5787 3299 5858 Reg.
3348 5803 3469 5849 (HI.
3498 5788 3648 5842 9-16.
