4218 6500
183 423 282 476 453

1280 419 1347 472 ΙΝ
1382 417 1670 475 JOANNIS
1692 417 2142 473 EVANGELIUM
2183 417 2306 475 LIB.
2342 419 2430 475 Ill.
2879 437 2882 439 ‘
3345 427 3454 481 MSS

183 531 475 603 παρουσῶν
510 531 606 584 σὺν
637 531 877 596 τέκνοις,
926 531 1120 600 μόνους
1161 535 1290 596 τοὺς
1345 536 1543 606 ἄνδρας
1575 535 1766 603 ἀπηρι-

1803 540 1847 596 Α
1877 502 2334 588 εοιιευειιῖἀίιιειιι
2367 541 2610 589 secutus.
2667 534 2777 589 Deo
2823 537 2969 592 enim
2996 535 3226 606 jubente
3275 537 3453 610 Moysi

183 624 469 693 θμήσατο,
522 623 642 684 ταῖς
692 623 834 674 κατὰ
866 622 1050 692 νόμον,
1094 623 1171 686 ὡς
1219 619 1407 690 οἴμαι,
1467 626 1773 694 συνηθείαις

180 702 523 768 ἀκολουθῶν.
568 713 958 776 Διατάττοντος
1008 714 1116 783 γάρ
1155 715 1250 766 τοῦ
1282 715 1451 776 Θεοῦ.
1491 719 1586 769 καὶ
1636 716 1770 786 πρὸς

182 806 270 856 τον
310 805 647 874 ἱεροφάντην
696 804 946 871 λέγοντος
981 806 1218 860 Μωσέαο
1268 826 1286 856 ι
1331 807 1541 861 Λάϐετε
1595 808 1772 877 ἀρχὴν

180 896 365 964 nti-31;;
417 895 743 964 συναγωγῆς
794 893 927 947 υἱῶν
979 894 1198 964 Ἰσραὴλ
1233 894 1377 947 κατᾶ
1426 896 1768 963 συγγενείας,

183 986 301 1038 κατ’
359 985 547 1048 almo;
594 985 882 1055 πατριῶν.
936 984 1077 1038 κατά
1116 985 1347 1055 ἀριθμὸν
1393 986 1452 1050 ἐξ
1483 985 1766 1054 ὀνόματος,

183 1076 324 1130 κατὰ
356 1075 606 1145 κεφαλὴν
639 1075 822 1130 αὐτῶν
848 1091 862 1105 ·
911 1077 1020 1138 πᾶς
1049 1076 1225 1146 ἄρσην
1257 1076 1364 1129 ἀπὸ
1401 1074 1767 1139 εἰκοσαετοῦς,

184 1167 274 1217 καὶ
321 1166 513 1217 ἐπάνω
539 1182 553 1195 ·
585 1184 605 1218 ι
643 1164 960 1220 άπετελεῖτο
1001 1165 1063 1217 τὸ
1105 1166 1445 1234 προσταχθὲν
1468 1207 1482 1230 ,
1531 1167 1628 1218 καὶ
1665 1183 1770 1234 μα-

183 1259 314 1327 κρὸν
344 1258 446 1326 μὲν
475 1256 758 1327 ὀνομάτων
779 1259 808 1310 ό
831 1258 1115 1329 προφήτης
1147 1258 1414 1310 συνετίθει
1443 1257 1765 1325 κατάλογον,

183 1349 420 1417 θηλειῶν
432 1350 487 1401 δὲ
499 1349 776 1412 παντελῶς
791 1348 928 1420 [καὶ]
945 1367 1010 1418 με
1020 1349 1337 1419 ιρακιὼδους
1349 1351 1561 1420 ἡλικίας
1573 1351 1768 1419 ἀλογή-

186 1455 284 1498 σας
306 1439 529 1506 ὁρᾶται,
549 1437 897 1506 καταγράφει
917 1436 971 1489 δὲ
985 1436 1140 1508 ὄχλον
1153 1437 1242 1488 τὸν
1263 1438 1767 1508 ήόήσαντα.Τίμιον

185 1529 289 1598 γάρ
317 1528 417 1580 καὶ
446 1531 504 1580 ὲν
540 1527 730 1597 βιϐλίῳ
762 1527 893 1580 Θεοῦ
926 1529 1032 1581 πᾶν
1066 1529 1188 1582 ὅσον
1217 1528 1485 1599 ἀνδρῶδες
1518 1530 1614 1580 καὶ
1643 1545 1766 1582 νεα-

184 1620 331 1671 νικὺν
353 1659 368 1682 ,
418 1623 514 1672 καὶ
546 1619 606 1670 οὐ
655 1618 915 1686 νηπιάζω
952 1621 1032 1681 είς
1074 1619 1339 1689 φρόνησιν
1376 1618 1475 1688 τὴν
1513 1618 1599 1670 ἐπ’
1629 1620 1765 1687 ἀγα-

183 1711 315 1773 θοῖς.
366 1709 582 1763 Οὐκοῦν
639 1709 736 1764 καὶ
789 1709 1075 1780 συνήθειαν
1128 1710 1217 1762 διὰ
1259 1713 1448 1761 τουτου
1499 1710 1762 1780 τετίμηκε

183 1800 438 1870 νομικὴν,
468 1801 563 1854 καὶ
591 1799 858 1871 θεώρημά
881 1818 934 1852 τι
960 1800 1122 1856 πάλιν
1166 1800 1481 1854 διαπλάττει
1518 1819 1763 1871 πνευμα-

181 1894 348 1947 τικόν.
407 1894 478 1946 Ἦ
523 1892 633 1963 γὰρ
671 1893 772 1945 οὐκ
819 1891 1058 1960 εὐλόγως
1095 1892 1329 1964 ἐροῦμεν
1383 1896 1462 1956 είς
1507 1894 1634 1963 ὃλην
1669 1893 1763 1945 τοῦ

183 1985 552 2054 προκειμένου
607 1985 710 2055 τὴν
758 1984 995 2041 διάνοιαν
1041 1984 1361 2055 βλέποντες,
1409 1985 1490 2038 ὅτι
1532 1986 1624 2038 τὸν
1665 1983 1764 2054 μὲν

183 2077 448 2146 ὑϐριστὴν
499 2078 594 2130 καὶ
629 2075 864 2140 ἀλαζόνα
906 2077 1014 2133 τῶν
1061 2078 1330 2134 Ἰουδαίων
1375 2078 1500 2130 λαὸν
1541 2079 1634 2132 καὶ
1674 2079 1766 2131 ὲκ-

180 2170 446 2238 τρέπεται
473 2170 721 2236 δικαίως,
751 2171 846 2224 καὶ
876 2171 1277 2240 καταλιμπάνει
1315 2172 1570 2240 Χριστὸς,
1597 2187 1766 2242 προσ-

181 2261 398 2331 δέχεται
441 2261 500 2313 δὲ
551 2262 647 2312 καὶ
693 2259 814 2314 λίαν
843 2261 1014 2330 ἡδέως
1054 2263 1182 2324 τοὺς
1224 2262 1547 2331 προσιόντας
1591 2262 1762 2332 αὐτῷ,

181 2352 272 2403 καὶ
310 2352 436 2412 ταῖς
458 2350 730 2420 οὐρανίοις
774 2351 1124 2406 καταπιαίνει
1160 2356 1410 2420 τροφαῖς,
1453 2353 1617 2423 άρτον
1645 2353 1766 2423 ὀρέ-

181 2458 293 2506 γων
317 2441 417 2492 τὸν
461 2441 675 2508 νοητὸν,
714 2441 807 2493 τὸν
831 2440 1154 2511 στηρίζοντα
1182 2442 1409 2512 καρδίαν
1436 2442 1762 2513 ἀνθρώπους

195 2533 530 2601 ’Δποτρὲφει
552 2532 610 2585 δὲ
651 2532 753 2585 οὐκ
782 2533 1056 2595 ἐπιπόνως
1079 2533 1296 2596 αὐτοὺς,
1323 2534 1438 2587 ἀλλ’
1472 2534 1672 2604 ἱλαρῶς
1706 2551 1763 2585 τε

181 2626 276 2678 καὶ
317 2624 646 2693 ἀνειμένως,
691 2625 787 2677 καὶ⁹
833 2625 972 2693 μετὰ
1028 2625 1230 2695 πολλῆς
1271 2626 1371 2695 τῆς
1415 2627 1471 2676 ὲν
1510 2625 1764 2696 εὐλαϐείᾳ

179 2715 451 2787 τέρψεως.
487 2714 660 2768 Τοῦτο
679 2715 790 2786 γάρ
815 2717 999 2786 ήμῖνὴ
1026 2716 1117 2768 ἐπὶ
1144 2715 1223 2785 τῷ
1252 2716 1430 2785 χόρτῳ
1455 2715 1564 2767 τῶν
1593 2715 1764 2786 ὄχλων

181 2806 511 2867 κατάκλισις
555 2805 843 2875 σημαίνει,
894 2807 972 2868 ὡς
1029 2805 1130 2875 ήδη
1181 2806 1276 2858 καὶ
1307 2806 1508 2876 πρέπει
1552 2807 1766 2874 ἑκάστῳ

179 2898 288 2950 τῶν
321 2896 428 2966 τῆς
457 2897 717 2965 τοιαύτης
744 2895 1063 2964 ἠξιωμένων
1093 2896 1314 2966 χάριτος
1343 2896 1406 2948 τὸ
1433 2897 1491 2948 ὲν
1521 2895 1766 2964 Ψαλμοῖς

181 2991 359 3041 ἐκεῖνο
393 2988 609 3056 λέγειν·
649 3005 668 3038 ι
711 2985 915 3058 Κύριος
953 2988 1232 3056 ποιμαίνει
1269 3006 1360 3058 με,
1391 2988 1487 3040 καὶ
1512 2988 1663 3040 οὐδέν
1699 3004 1764 3058 με

182 3082 495 3150 ὑπερήσει,
520 3080 602 3142 είς
623 3079 787 3132 τόπον
815 3079 979 3148 χλόης
1035 3081 1152 3131 ἐκεῖ
1186 3097 1251 3147 με
1274 3081 1706 3149 κατεσκήνωσεν.
1739 3097 1758 3130 ι

193 3172 283 3223 Ἐν
305 3171 480 3241 πολλῇ
539 3171 647 3241 γὰρ
667 3171 859 3240 τέρψει
881 3170 975 3223 καὶ
999 3173 1178 3240 τρυφῇ
1205 3172 1324 3234 ταῖς
1356 3169 1442 3223 διὰ
1469 3169 1564 3222 τοῦ
1595 3168 1765 3221 Πνεύ-

183 3278 352 3329 ματος
389 3261 675 3332 χορηγίαις
707 3262 736 3314 ὁ
756 3259 864 3312 τῶν
888 3258 1058 3326 ἁγίων
1088 3261 1416 3330 ικτρέφεται
1450 3259 1596 3321 νοῦς,
1625 3257 1768 3312 κατὰ

179 3353 238 3404 τὸ
273 3354 400 3422 είρη
411 3353 570 3420 μένον
591 3352 649 3402 ἐν
671 3350 748 3420 τῷ
781 3350 1020 3420 ’ᾼσματι
1047 3350 1155 3405 τῶν
1179 3351 1460 3422 ᾀσμάτων·
1491 3370 1509 3402 ι
1536 3351 1765 3418 Φάγετε,

181 3445 273 3494 καὶ
296 3443 475 3506 πίετε,
510 3441 604 3493 καὶ
643 3440 966 3510 μεθύσθητε,
1009 3443 1057 3493 oi
1098 3441 1348 3512 πλησίον.
1395 3460 1412 3492 ι
1458 3440 1674 3495 Πολλῶν
1709 3441 1766 3494 δὲ

181 3536 350 3586 όντων
380 3534 476 3586 καὶ
525 3531 746 3602 ἀναμὶξ,
771 3532 1024 3603 καθάπερ
1058 3533 1160 3603 ήδη
1200 3534 1631 3604 προειρήκαμεν,
1657 3533 1766 3586 τῶν

183 3621 564 3692 ἀνακειμένων
600 3622 807 3693 ἀνδρῶν
835 3623 1152 3693 ἐπεμνήσθη
1187 3624 1363 3692 μόνων
1387 3664 1402 3687 ,
1447 3623 1767 3693 ἀποσιωπή-

184 3729 280 3773 σας
339 3713 608 3778 γυναῖκας
660 3712 756 3762 καὶ
794 3709 961 3762 τέκνα
1002 3709 1290 3780 χρησίμως
1317 3709 1395 3779 τῷ
1428 3710 1762 3780 θεωρήματι.

182 3799 439 3850 Διδάσκει
461 3796 569 3866 γὰρ
592 3797 758 3866 ἡμᾶς.
785 3797 858 3858 ὡς
876 3797 944 3848 δι’
966 3797 1315 3865 αἰνίγματος,
1345 3798 1425 3850 ὅτι
1447 3799 1556 3858 τοῖς
1584 3795 1765 3865 ἀνδρι-

183 3885 461 3953 ζομένοις,
525 3885 603 3944 εἰς
647 3881 707 3933 τὸ
741 3882 945 3950 ἀγαθὸν
993 3882 1274 3952 δηλονότι,
1321 3883 1767 3954 πρεπωδέστερόν

185 3986 300 4035 πως
332 3969 430 4022 καὶ
469 3969 796 4039 οἰκειότερον
822 3971 854 4038 ή
880 3968 1032 4040 παρὰ
1053 3969 1144 4021 τοῦ
1174 3969 1426 4039 Σωτῆρος
1452 3969 1765 4039 χορηγηθή-

182 4079 335 4117 σεται
365 4058 566 4129 τροφὴ,
603 4059 697 4111 καί
732 4061 849 4129 οὐχὶ
887 4062 998 4122 τοῖς
1030 4059 1427 4130 ὲκθηλύνεσθαι
1463 4060 1765 4128 πεφυκόσιν

181 4155 258 4214 είς
283 4153 403 4217 ἕξιν
441 4151 542 4202 οὐκ
576 4150 808 4220 ἀγαθὴν,
839 4150 952 4203 ἀλλ’
983 4151 1102 4202 οὐδὲ
1134 4153 1244 4214 τοῖς
1288 4150 1610 4221 νηπιάζουσι
1645 4153 1764 4214 ταῖς

183 4240 410 4308 φρεσὶν,
451 4238 526 4301 ὡς
561 4238 649 4291 διά
683 4237 842 4291 τοῦτο
878 4238 1043 4309 μηδὲν
1081 4238 1317 4294 συνιέναι
1356 4237 1613 4293 δύνασθαι
1655 4239 1763 4291 τῶν

181 4326 503 4396 ἀναγκαίων
537 4326 616 4388 είς
645 4325 870 4394 γνῶσιν.

1872 624 1961 678 his
1995 623 2214 678 verbis:
2255 642 2273 675 ι
2311 623 2520 679 Sumite
2568 627 2902 695 principium
2935 627 3117 682 omnis
3147 643 3453 700 congrega-

1875 713 2040 767 tlonis
2083 713 2320 766 filiorum
2364 713 2533 766 Israel
2587 716 2888 768 secundum
2941 717 3318 785 cognationes,
3359 733 3451 773 se-

1873 803 2113 856 cundum
2139 803 2332 856 domos
2361 804 2661 871 patriarum
2685 820 2906 868 eorum,
2924 806 3227 860 secundum
3259 823 3454 864 nume-

1874 909 1992 946 rum
2026 909 2091 948 cx
2131 894 2358 948 nomine
2397 910 2614 959 eorum,
2657 897 2958 951 secundum
3019 909 3183 966 caput
3209 909 3398 954 eorutn
3431 918 3446 955 :

1871 986 2054 1040 omnis
2085 986 2367 1040 masculus
2397 1001 2424 1038 a
2455 987 2648 1055 viginti
2683 989 2840 1044 annis
2869 996 2923 1044 et
2953 1005 3122 1059 supra
3146 991 3228 1057 ³¹;
3262 1008 3281 1041 ι
3320 991 3449 1045 fecit

1871 1077 2137 1144 prepheta
2200 1076 2347 1145 quod
2385 1077 2579 1144 jussus
2612 1086 2717 1144 est,
2782 1081 3113 1151 longumque
3166 1082 3447 1135 nominum

1869 1167 2177 1234 catalogutn
2207 1166 2468 1231 instituit,
2512 1168 2564 1221 in
2593 1183 2702 1235 quo
2755 1167 3081 1225 feminarum
3115 1181 3169 1226 et
3224 1171 3448 1240 puerilis

1869 1253 2047 1305 aetatis
2080 1253 2286 1307 nullam
2321 1268 2550 1322 prorsus
2593 1256 2860 1309 rationem
2905 1256 3166 1312 habuisse
3206 1257 3444 1323 videtur,

1870 1343 1965 1396 sed
2006 1357 2101 1398 eos
2136 1350 2348 1396 tantum
2381 1352 2666 1398 enumerat
2694 1346 2787 1413 qui
2824 1347 3169 1414 pubertatem
3196 1362 3449 1401 excesse-

1868 1444 2010 1488 rant.
2044 1433 2359 1488 Honoratur
2381 1433 2526 1487 enim
2560 1435 2614 1487 in
2645 1435 2785 1490 libro
2812 1452 3031 1506 quoque
3054 1430 3150 1492 Dei
3175 1436 3444 1508 quidquid

1867 1522 2022 1576 virile
2050 1529 2104 1576 et
2161 1522 2400 1590 juvenile
2431 1531 2536 1586 est,
2568 1537 2669 1577 nec
2704 1524 2759 1577 in
2797 1526 3108 1596 cognitione
3173 1527 3444 1581 bonorum

1867 1613 2223 1667 imbecillum.
2258 1611 2426 1683 Igitur
2459 1623 2511 1668 et
2551 1615 3008 1670 consuetudinem
3037 1618 3170 1686 legis
3199 1617 3288 1672 bic
3327 1634 3444 1672 ser-

1866 1704 2124 1768 vavit,et
2159 1703 2406 1772 spiritale
2455 1703 2843 1760 documentum
2898 1708 3120 1778 aliquod
3182 1710 3444 1764 instituit.

1867 1796 2064 1850 Annon
2093 1796 2264 1861 enim,
2297 1796 2342 1851 si
2369 1803 2550 1850 textus
2581 1799 2839 1866 prepositi
2869 1803 3198 1854 sententiam
3223 1815 3442 1856 omnem

1800 1863 1840 1918 Β
1871 1886 2108 1956 penitius
2140 1893 2471 1952 scrutemur,
2506 1895 2652 1940 recte
2693 1887 2938 1942 dicemus
2969 1888 3247 1944 Christum
3291 1892 3443 1945 inso-

1871 1978 2068 2032 lentem
2126 1986 2181 2031 et
2242 1977 2543 2047 superbum
2602 1976 2914 2034 Judaeorum
2979 1983 3238 2050 populum
3293 1983 3443 2053 juste

1868 2067 2110 2121 aversari
2151 2081 2216 2120 ac
2249 2068 2530 2135 repellere,
2565 2076 2839 2138 quotquot
2871 2079 3052 2122 autem
3087 2074 3154 2124 ad
3184 2089 3307 2125 eum
3347 2091 3439 2129 ac—

1866 2158 2068 2214 cedunt
2109 2158 2486 2213 lubentissime
2521 2162 2821 2230 suscipere,
2859 2173 2910 2218 et
2941 2165 3257 2218 caalestibus
3297 2167 3442 2234 sagi-

1869 2266 1999 2306 nare
2022 2251 2182 2315 cibis,
2211 2251 2441 2321 spiritali
2486 2267 2626 2321 pane
2657 2252 2925 2318 videlicet,
2955 2255 3048 2323 qui
3073 2271 3168 2309 cor
3194 2257 3433 2311 hominis

1869 2342 2180 2407 conﬁrmat,
2213 2343 2554 2412 porrecto"?
2574 2342 2684 2395 Alit
2708 2355 2886 2399 autem
2916 2360 3032 2410 eos,
3065 2361 3170 2400 non
3197 2360 3440 2416 gravate,

1867 2436 1960 2489 sed
1997 2435 2156 2488 hilari
2187 2442 2241 2488 et
2267 2432 2438 2490 eﬂ‘usa
2475 2443 2674 2500 mente,
2709 2449 2771 2489 ac
2807 2436 2974 2489 multa
3002 2451 3126 2490 eum
3164 2438 3441 2507 voluptate

1868 2523 2054 2593 pietati
2089 2523 2407 2590 conjuncta.
2457 2520 2570 2576 Hoc
2632 2524 2776 2577 enim
2835 2525 2994 2579 nobis
3030 2525 3301 2595 signiﬁcat
3351 2528 3443 2582 ille

1865 2613 2150 2666 turbarum
2184 2612 2234 2664 in
2268 2610 2392 2664 l'eno
2426 2610 2756 2675 discubitus,
2791 2618 2849 2664 ut
2877 2610 2989 2679 jam
3021 2611 3317 2681 unicuique
3349 2627 3443 2668 eo-

1866 2718 1986 2756 rum
2019 2701 2113 2771 qui
2161 2700 2254 2753 tali
2291 2701 2468 2770 gratia
2515 2700 2702 2754 donati
2736 2700 2940 2756 fuerint
2973 2701 3105 2755 illud
3139 2703 3443 2758 Psalmistzr.

1867 2792 2157 2846 dicendum
2193 2791 2302 2846 sit:
2335 2810 2353 2842 ι
2392 2791 2651 2845 Dominus
2679 2793 2854 2862 pascit
2887 2808 2993 2856 me,
3035 2802 3088 2848 et
3115 2795 3251 2848 nihil
3307 2797 3440 2849 mihi

1866 2883 2078 2946 deerit;
2111 2884 2162 2935 in
2213 2883 2332 2936 loco
2377 2898 2592 2951 pascua:
2643 2883 2715 2936 ibi
2780 2899 2867 2938 me
2905 2885 3192 2940 collocavit
3216 2886 3284 2942 “.
3323 2905 3342 2937 ι
3384 2886 3440 2940 In

1867 2973 2032 3026 multa
2065 2973 2209 3026 enim
2242 2974 2518 3042 voluptate
2543 2983 2598 3028 et
2631 2973 2869 3040 deliciis,
2914 2977 3177 3046 largier-‘e
3231 2976 3441 3048 Spiritu

1866 3079 2179 3123 sanctorum
2222 3085 2376 3122 mens
2411 3069 2710 3135 educatur,
2743 3069 2900 3136 juxta
2940 3069 3070 3122 illud
3104 3068 3248 3137 quod
3302 3070 3443 3124 scri-

1795 3187 1838 3244 C
1877 3170 2026 3229 ptutn
2067 3168 2154 3215 est
2185 3163 2237 3213 in
2273 3161 2502 3214 Cantico
2530 3160 2904 3214 canticorum:
2939 3181 2956 3212 ι
2984 3159 3287 3225 Comedite,
3320 3177 3445 3234 pro-

1875 3251 2024 3314 ximi,
2075 3258 2129 3304 et
2187 3251 2378 3315 bibite,
2415 3261 2470 3303 et
2530 3250 2974 3305 inebriamini".
3025 3269 3042 3301 ι
3093 3249 3228 3304 Cum
3263 3259 3443 3304 autem

1873 3340 2026 3394 multi
2061 3342 2371 3408 promiscue
2422 3350 2666 3409 agerent,
2728 3348 2786 3392 ut
2823 3340 2935 3409 jam
2971 3341 3122 3409 prius
3181 3340 3444 3405 diximus,

1873 3430 2332 3484 discumbentium
2371 3431 2611 3483 virorum
2641 3430 2909 3483 duntaxat
2957 3429 3226 3494 meminit,
3260 3431 3448 3485 mulie-

1875 3519 2026 3573 ribus
2052 3528 2104 3573 et
2131 3520 2313 3588 pueris
2340 3520 2544 3572 utiliter
2580 3519 2646 3572 ad
2674 3529 2916 3573 nostram
2941 3518 3248 3573 doctrinam
3276 3521 3446 3575 silen-

1875 3611 1951 3665 tio
1986 3613 2298 3680 prmteritis.
2337 3611 2502 3666 Docet
2538 3611 2736 3680 quippe
2771 3627 2870 3665 nos
2927 3621 3189 3681 tanquam
3221 3613 3274 3666 in
3305 3614 3443 3666 aeni-

1871 3711 2073 3772 gntate,
2114 3703 2168 3755 in
2220 3704 2402 3757 studio
2455 3702 2584 3758 boni
2621 3703 2853 3756 viriliter
2891 3703 3181 3772 agentibus
3238 3719 3440 3758 conve-

1868 3794 2108 3848 nientius
2157 3793 2563 3863 quodammodo
2617 3803 2670 3847 et
2727 3793 2900 3860 magis
2937 3794 3154 3863 proprie
3193 3793 3373 3847 cibum
3413 3810 3444 3847 a

1868 3883 2150 3939 Salvatore
2175 3885 2578 3954 suppeditatum
2621 3886 2706 3946 iri,
2754 3900 2863 3937 non
2901 3893 3088 3938 autem
3127 3885 3194 3939 iis
3227 3886 3320 3954 qui
3354 3886 3435 3939 vi-

1873 3977 2030 4032 tiosis
2068 3977 2314 4030 moribus
2348 3976 2510 4046 282
2562 3989 2688 4030 sunt
2719 3975 3036 4040 eﬂ‘eminati,
3087 3976 3182 4031 sed
3244 3992 3343 4031 nec
3378 3978 3444 4032 iis

1874 4070 1968 4139 qui
2017 4075 2196 4123 mente
2248 4076 2377 4122 sunt
2425 4069 2600 4136 pueri,
2657 4077 2714 4121 ut
2777 4067 2984 4121 idcirco
3041 4068 3175 4120 nihil
3251 4083 3446 4138 capere

1870 4159 2078 4228 possint
2104 4172 2291 4211 eorum
2338 4172 2459 4226 quae
2491 4167 2620 4212 sunt
2662 4157 2728 4210 ad
2771 4157 3005 4212 salutem
3032 4159 3369 4212 necessaria.

254 4422 524 4476 Ἔλαϐεν
548 4414 662 4473 οὖν
692 4418 835 4482 τοὺς
863 4416 1082 4485 ἄρτους
1115 4420 1147 4471 ό
1178 4415 1431 4484 Ἰησοῦς,
1458 4416 1553 4468 καὶ
1585 4417 1761 4484 εὐχα-

1797 4409 1836 4462 υ
1939 4416 2026 4481 Vl,
2056 4418 2142 4472 Η.
2172 4419 2383 4486 Accepit
2431 4434 2550 4486 ergo
2577 4417 2738 4472 Jesus
2781 4435 2962 4486 panes,
2995 4428 3043 4472 et
3091 4433 3208 4471 cum
3239 4419 3440 4487 gratias

174 4510 485 4578 ριστήσας
518 4506 758 4560 διέδωκε
795 4507 918 4571 τοῖς
952 4505 1280 4574 μαθηταῖς’
1321 4507 1376 4558 οἱ
1412 4505 1479 4557 δὲ
1504 4505 1761 4573 μαθηταὶ

181 4603 306 4666 τοῖς
339 4597 796 4667 ἀνακειμένοιςσ
840 4597 1054 4666 ὁμοίως
1094 4595 1189 4648 καί
1221 4596 1289 4647 ἐκ
1325 4593 1442 4648 τῶν
1477 4596 1762 4663 ὀψαρίων,

183 4695 334 4747 ὅσον
363 4691 609 4758 ἤθελον.

253 4784 591 4852 Εὑχαριστεῖ
616 4782 715 4850 μὲν
747 4782 827 4841 είς
853 4780 1025 4832 τύπον
1055 4777 1341 4848 ήμέτερον,
1375 4779 1468 4828 καὶ
1497 4777 1594 4846 τῆς
1619 4777 1766 4844 ὀφει-

183 4873 389 4940 λούσης
447 4872 578 4940 ήμῖν
633 4868 957 4938 ἐνυπάρχειν
1034 4867 1319 4930 εὐλαϐείας
1382 4866 1761 4936 ὑπογραμμόν.

195 4962 517 5029 Ἀνατίθησι
558 4961 613 5013 δὲ
652 4961 810 5013 πάλιν
836 5000 850 5020 ,
883 4960 958 5022 ὡς
997 4959 1310 5029 ἄνθρωπος,
1349 4959 1412 5026 τῇ
1461 4957 1579 5028 θείᾳ
1611 4957 1767 5026 φύσει

183 5055 281 5124 τὴν
311 5052 410 5105 ἐπὶ
434 5051 514 5121 τῷ
545 5051 832 5120 παραδόξῳ
855 5049 1103 5120 δύναμιν.
1132 5050 1482 5102 Κατείθισται
1512 5049 1621 5118 γάρ
1653 5067 1768 5115 πως

185 5141 341 5206 οὗτος
371 5144 403 5194 ὁ
438 5140 640 5210 τ’ρόπος
667 5139 835 5210 αὐτῷ,
862 5140 955 5195 καὶ¹
980 5139 1276 5208 ὠφελοῦντι
1309 5140 1445 5210 πρὸς
1480 5141 1769 5209 ὑπογραμ-

191 5237 288 5306 μὸν
312 5232 623 5294 εὐλαϐείας,
654 5231 902 5302 καθάπερ
931 5231 1258 5301 εἰρήκαμεν,
1280 5233 1404 5294 τοὺς
1431 5233 1517 5300 ἐφ’
1538 5225 1618 5294 οἷς
1643 5233 1771 5286 ἀνα⁶

187 5325 374 5396 δειχθῇ
408 5323 517 5376 τῶν
555 5322 856 5375 καλλίστων
901 5322 1229 5392 εἰσηγητὴς,
1277 5324 1372 5376 καὶ
1410 5322 1770 5392 οἱκονομικῶς

190 5401 636 5488 κατακρύπτοντί
683 5433 800 5478 πως
858 5415 916 5468 τὸ
973 5414 1278 5485 θεοπρεπὲς
1334 5417 1590 5487 ἀξίωμα,
1643 5417 1770 5486 πρὶν

191 5510 483 5579 ἐπιστῆναι
515 5507 611 5561 τοῦ
647 5506 840 5561 παθεῖν
866 5507 957 5560 τὸν
983 5509 1174 5577 καιρόν
1193 5523 1206 5536 ⁸
1241 5504 1308 5578 ἦν
1343 5510 1450 5580 γάρ
1478 5510 1542 5578 δὴ
1568 5509 1663 5560 καὶ
1685 5507 1771 5559 διὰ

193 5601 475 5673 φροντίδος
527 5599 676 5668 αὐτῷ
717 5599 778 5652 τδ
815 5599 995 5652 λαθεῖν
1047 5600 1364 5666 ἐπείγεσθαι
1411 5600 1499 5652 τὸν
1538 5599 1771 5669 ἄρχοντα

263 5779 305 5810 δ’
331 5779 496 5834 Num.
534 5794 572 5838 I,
609 5778 662 5836 9..
697 5778 746 5829 5.
829 5775 1032 5831 "Psal.
1070 5776 1304 5842 (1111,15.

1383 5777 1424 5807 ³⁸
1447 5776 1589 5831 Psal.
1634 5793 1770 5842 χχιι,
1806 5776 1860 5829 9..

1867 4512 2071 4581 egisset,
2121 4510 2392 4562 distribuit
2442 4510 2765 4578 discipulis;
2805 4511 3060 4578 discipuli
3099 4519 3275 4562 autem
3325 4512 3440 4561 dis-

1869 4599 2226 4654 cumbentibus
2264 4615 2282 4651 :
2320 4599 2567 4652 similiter
2589 4613 2636 4652 et
2678 4615 2741 4652 ex
2767 4601 2996 4667 piscibus
3027 4609 3282 4667 quantum
3306 4601 3442 4652 vole-

1872 4693 2016 4744 bant

1944 4780 2159 4835 Gratias
2191 4781 2320 4849 agit,
2346 4781 2653 4850 exemplum
2685 4779 2844 4835 nobis
2879 4779 3126 4848 praebens
3160 4779 3278 4845 ejus
3321 4793 3441 4846 qum

1876 4873 1930 4925 in
1963 4872 2122 4928 nobis
2151 4887 2273 4926 esse
2313 4871 2472 4926 debet
2507 4873 2744 4941 pietatis.
2790 4871 3005 4924 Tribuit
3033 4878 3211 4923 autem
3250 4885 3442 4922 rursus

1877 4971 1934 5017 ut
1968 4963 2129 5019 homo
2157 4972 2365 5016 natura:
2396 4962 2598 5016 divinae
2624 4962 2873 5016 miraculi
2904 4961 3184 5015 virtutem.
3216 4959 3268 5012 id
3297 4961 3442 5012 enim

1875 5054 1924 5109 ei
1951 5053 2219 5108 familiare
2246 5061 2331 5108 est
2361 5056 2474 5109 sive
2500 5055 2568 5108 ad
2607 5054 2829 5124 pietatis
2853 5053 3180 5121 exemplum,
3213 5059 3272 5104 ut
3300 5050 3442 5104 dixi—

1877 5161 2020 5207 mus,
2055 5159 2148 5200 eos
2178 5145 2420 5215 adjuvet,
2449 5161 2591 5216 quos
2632 5146 2912 5214 praeclaris
2944 5143 3109 5198 rebus
3140 5140 3442 5196 informan-

1875 5237 1973 5291 dos
2007 5238 2331 5306 susceperit,
2367 5238 2482 5292 sive
2512 5238 2722 5291 ratione
2755 5234 3176 5305 dispensationis
3207 5232 3444 5303 dignita-

1875 5332 1980 5380 tem
2015 5324 2124 5378 Deo
2156 5327 2568 5380 convenientem
2602 5325 2744 5379 celet
2794 5324 3218 5394 quodammodo,
3260 5321 3441 5390 prius-

1876 5434 2036 5487 quam
2071 5418 2308 5488 patiendi
2366 5429 2579 5488 tempus
2620 5418 2940 5473 advenerit:
2989 5416 3256 5485 imprimis
3302 5413 3446 5468 enim

1878 5509 2061 5564 saeculi
2102 5509 2268 5579 hujus
2299 5512 2603 5581 principem
2644 5512 2812 5566 latere
2841 5511 3080 5566 volebat.
3109 5509 3451 5578 Quapropter

1881 5600 2015 5654 alias
2047 5615 2264 5670 quoque
2301 5615 2460 5657 voces
2488 5601 2804 5657 hominibus
2828 5600 3216 5656 convenientes
3249 5610 3360 5667 pra:
3392 5609 3452 5650 se

1941 5778 1982 5808 ³³
2009 5776 2164 5832 Cant.
2209 5796 2262 5842 v,
2308 5781 2352 5833 Ι.
