  <div class='ocr_page' id='page_1' title='image "/cluster/home/n/w/nwhite01/storage/ocr_20150623/73/nnc1.0046980245/237.png"; bbox 0 0 4218 6500; ppageno 0'>
   <div class='ocr_carea' id='block_1_1' title="bbox 764 404 867 460">
    <p class='ocr_par' dir='ltr' id='par_1_1' title="bbox 764 404 867 460">
     <span class='ocr_line' id='line_1_1' title="bbox 764 404 867 460; baseline 0.029 -3"><span class='ocrx_word' id='word_1_1' title='bbox 764 404 867 460; x_wconf 70' lang='grc'><strong>455</strong></span> 
     </span>
    </p>
   </div>
   <div class='ocr_carea' id='block_1_2' title="bbox 1782 390 3040 455">
    <p class='ocr_par' dir='ltr' id='par_1_2' title="bbox 1782 390 3040 455">
     <span class='ocr_line' id='line_1_2' title="bbox 1782 390 3040 455; baseline -0.009 0"><span class='ocrx_word' id='word_1_2' title='bbox 1782 400 1839 455; x_wconf 92' lang='lat' dir='ltr'><strong>S.</strong></span> <span class='ocrx_word' id='word_1_3' title='bbox 1881 396 2157 454; x_wconf 71' lang='lat' dir='ltr'><strong>CYlilLlJ</strong></span> <span class='ocrx_word' id='word_1_4' title='bbox 2198 395 2669 453; x_wconf 73' lang='lat' dir='ltr'><strong>ALEXANDRINI</strong></span> <span class='ocrx_word' id='word_1_5' title='bbox 2721 390 3040 451; x_wconf 82' lang='lat' dir='ltr'><strong>ARCHIEP.</strong></span> 
     </span>
    </p>
   </div>
   <div class='ocr_carea' id='block_1_3' title="bbox 3927 390 4036 445">
    <p class='ocr_par' dir='ltr' id='par_1_3' title="bbox 3927 390 4036 445">
     <span class='ocr_line' id='line_1_3' title="bbox 3927 390 4036 445; baseline -0.009 0"><span class='ocrx_word' id='word_1_6' title='bbox 3927 390 4036 445; x_wconf 71' lang='grc'><strong>456</strong></span> 
     </span>
    </p>
   </div>
   <div class='ocr_carea' id='block_1_4' title="bbox 764 482 2361 579">
    <p class='ocr_par' dir='ltr' id='par_1_4' title="bbox 764 482 2321 579">
     <span class='ocr_line' id='line_1_4' title="bbox 764 482 2321 579; baseline -0.005 -11"><span class='ocrx_word' id='word_1_7' title='bbox 764 515 888 579; x_wconf 99' lang='lat' dir='ltr'><strong>fert,</strong></span> <span class='ocrx_word' id='word_1_8' title='bbox 922 516 1016 570; x_wconf 89' lang='lat' dir='ltr'><strong>sed</strong></span> <span class='ocrx_word' id='word_1_9' title='bbox 1053 517 1255 572; x_wconf 89' lang='lat' dir='ltr'><strong>animis</strong></span> <span class='ocrx_word' id='word_1_10' title='bbox 1294 514 1608 571; x_wconf 90' lang='lat' dir='ltr'><strong>auditorum</strong></span> <span class='ocrx_word' id='word_1_11' title='bbox 1646 526 1871 566; x_wconf 81' lang='lat' dir='ltr'><strong>rursum</strong></span> <span class='ocrx_word' id='word_1_12' title='bbox 1925 482 2201 577; x_wconf 72' lang='lat' dir='ltr'><strong>medetur,</strong></span> <span class='ocrx_word' id='word_1_13' title='bbox 2246 526 2321 563; x_wconf 83' lang='lat' dir='ltr'><strong>sa-</strong></span> 
     </span>
    </p>
   </div>
   <div class='ocr_carea' id='block_1_5' title="bbox 2448 482 4033 579">
    <p class='ocr_par' dir='ltr' id='par_1_5' title="bbox 2448 500 4033 574">
     <span class='ocr_line' id='line_1_5' title="bbox 2448 500 4033 574; baseline -0.002 -13"><span class='ocrx_word' id='word_1_14' title='bbox 2448 510 2535 562; x_wconf 88' lang='grc' dir='ltr'><strong>τοῦ</strong></span> <span class='ocrx_word' id='word_1_15' title='bbox 2564 510 2761 572; x_wconf 75' lang='grc' dir='ltr'><strong>αἰῶνος</strong></span> <span class='ocrx_word' id='word_1_16' title='bbox 2790 509 3005 561; x_wconf 88' lang='grc' dir='ltr'><strong>τούτου.</strong></span> <span class='ocrx_word' id='word_1_17' title='bbox 3048 506 3147 558; x_wconf 86' lang='grc' dir='ltr'><strong>Διά</strong></span> <span class='ocrx_word' id='word_1_18' title='bbox 3180 520 3261 557; x_wconf 92' lang='grc' dir='ltr'><strong>τοι</strong></span> <span class='ocrx_word' id='word_1_19' title='bbox 3290 500 3449 556; x_wconf 81' lang='grc' dir='ltr'><strong>τοῦτο</strong></span> <span class='ocrx_word' id='word_1_20' title='bbox 3477 501 3569 555; x_wconf 73' lang='grc' dir='ltr'><strong>καὶ</strong></span> <span class='ocrx_word' id='word_1_21' title='bbox 3607 501 3666 554; x_wconf 88' lang='lat' dir='ltr'><strong>tv</strong></span> <span class='ocrx_word' id='word_1_22' title='bbox 3692 504 3901 574; x_wconf 81' lang='grc' dir='ltr'><strong>ἑτέροις</strong></span> <span class='ocrx_word' id='word_1_23' title='bbox 3929 505 4033 567; x_wconf 81' lang='grc' dir='ltr'><strong>τάς</strong></span> 
     </span>
    </p>
   </div>
   <div class='ocr_carea' id='block_1_6' title="bbox 772 600 2345 675">
    <p class='ocr_par' dir='ltr' id='par_1_6' title="bbox 772 600 2345 675">
     <span class='ocr_line' id='line_1_6' title="bbox 772 600 2345 675; baseline -0.005 -16"><span class='ocrx_word' id='word_1_24' title='bbox 772 607 1118 674; x_wconf 89' lang='lat' dir='ltr'><strong>pientissime</strong></span> <span class='ocrx_word' id='word_1_25' title='bbox 1144 606 1475 675; x_wconf 80' lang='lat' dir='ltr'><strong>quandoque</strong></span> <span class='ocrx_word' id='word_1_26' title='bbox 1503 602 1768 667; x_wconf 87' lang='lat' dir='ltr'><strong>inferens,</strong></span> <span class='ocrx_word' id='word_1_27' title='bbox 1801 612 1860 657; x_wconf 93' lang='lat' dir='ltr'><strong>ut</strong></span> <span class='ocrx_word' id='word_1_28' title='bbox 1886 618 2011 656; x_wconf 91' lang='lat' dir='ltr'><strong>cum</strong></span> <span class='ocrx_word' id='word_1_29' title='bbox 2042 602 2155 655; x_wconf 89' lang='lat' dir='ltr'><strong>ait:</strong></span> <span class='ocrx_word' id='word_1_30' title='bbox 2195 619 2213 651; x_wconf 84' lang='grc' dir='ltr'><strong>ι</strong></span> <span class='ocrx_word' id='word_1_31' title='bbox 2240 600 2345 652; x_wconf 87' lang='lat' dir='ltr'><strong>Pa-</strong></span> 
     </span>
    </p>
   </div>
   <div class='ocr_carea' id='block_1_7' title="bbox 768 689 2347 765">
    <p class='ocr_par' dir='ltr' id='par_1_7' title="bbox 768 689 2347 765">
     <span class='ocr_line' id='line_1_7' title="bbox 768 689 2347 765; baseline -0.003 -17"><span class='ocrx_word' id='word_1_32' title='bbox 768 705 872 760; x_wconf 89' lang='lat' dir='ltr'><strong>ter,</strong></span> <span class='ocrx_word' id='word_1_33' title='bbox 892 697 1095 765; x_wconf 89' lang='lat' dir='ltr'><strong>gratias</strong></span> <span class='ocrx_word' id='word_1_34' title='bbox 1125 710 1229 765; x_wconf 85' lang='lat' dir='ltr'><strong>ago</strong></span> <span class='ocrx_word' id='word_1_35' title='bbox 1255 696 1378 761; x_wconf 84' lang='lat' dir='ltr'><strong>libi,</strong></span> <span class='ocrx_word' id='word_1_36' title='bbox 1401 693 1665 764; x_wconf 82' lang='lat' dir='ltr'><strong>quoniam</strong></span> <span class='ocrx_word' id='word_1_37' title='bbox 1698 694 1900 748; x_wconf 91' lang='lat' dir='ltr'><strong>audisti</strong></span> <span class='ocrx_word' id='word_1_38' title='bbox 1921 708 2005 745; x_wconf 88' lang='lat' dir='ltr'><strong>me</strong></span> <span class='ocrx_word' id='word_1_39' title='bbox 2026 692 2084 742; x_wconf 80' lang='grc'><strong>³⁸.</strong></span> <span class='ocrx_word' id='word_1_40' title='bbox 2106 709 2125 741; x_wconf 72' lang='grc' dir='ltr'><strong>ι</strong></span> <span class='ocrx_word' id='word_1_41' title='bbox 2153 689 2347 744; x_wconf 84' lang='lat' dir='ltr'><strong>Cernis</strong></span> 
     </span>
    </p>
   </div>
   <div class='ocr_carea' id='block_1_8' title="bbox 769 784 2345 857">
    <p class='ocr_par' dir='ltr' id='par_1_8' title="bbox 769 784 2345 857">
     <span class='ocr_line' id='line_1_8' title="bbox 769 784 2345 857; baseline -0.004 -16"><span class='ocrx_word' id='word_1_42' title='bbox 769 796 827 841; x_wconf 91' lang='lat' dir='ltr'><strong>ut</strong></span> <span class='ocrx_word' id='word_1_43' title='bbox 882 790 1122 842; x_wconf 89' lang='lat' dir='ltr'><strong>humano</strong></span> <span class='ocrx_word' id='word_1_44' title='bbox 1168 803 1325 843; x_wconf 89' lang='lat' dir='ltr'><strong>more</strong></span> <span class='ocrx_word' id='word_1_45' title='bbox 1380 790 1675 857; x_wconf 88' lang='lat' dir='ltr'><strong>loquatur,</strong></span> <span class='ocrx_word' id='word_1_46' title='bbox 1739 785 1884 839; x_wconf 87' lang='lat' dir='ltr'><strong>unde</strong></span> <span class='ocrx_word' id='word_1_47' title='bbox 1937 784 2345 854; x_wconf 90' lang='lat' dir='ltr'><strong>simpliciorum</strong></span> 
     </span>
    </p>
   </div>
   <div class='ocr_carea' id='block_1_9' title="bbox 767 872 2346 947">
    <p class='ocr_par' dir='ltr' id='par_1_9' title="bbox 767 872 2346 947">
     <span class='ocr_line' id='line_1_9' title="bbox 767 872 2346 947; baseline -0.001 -19"><span class='ocrx_word' id='word_1_48' title='bbox 767 890 922 929; x_wconf 87' lang='lat' dir='ltr'><strong>meus</strong></span> <span class='ocrx_word' id='word_1_49' title='bbox 954 877 1165 930; x_wconf 89' lang='lat' dir='ltr'><strong>turbari</strong></span> <span class='ocrx_word' id='word_1_50' title='bbox 1210 886 1396 947; x_wconf 89' lang='lat' dir='ltr'><strong>queat.</strong></span> <span class='ocrx_word' id='word_1_51' title='bbox 1465 878 1537 931; x_wconf 80' lang='lat' dir='ltr'><strong>At</strong></span> <span class='ocrx_word' id='word_1_52' title='bbox 1569 890 1695 930; x_wconf 93' lang='lat' dir='ltr'><strong>cum</strong></span> <span class='ocrx_word' id='word_1_53' title='bbox 1740 874 1845 929; x_wconf 90' lang='lat' dir='ltr'><strong>hoc</strong></span> <span class='ocrx_word' id='word_1_54' title='bbox 1887 873 2037 927; x_wconf 86' lang='lat' dir='ltr'><strong>dicat</strong></span> <span class='ocrx_word' id='word_1_55' title='bbox 2070 881 2129 927; x_wconf 93' lang='lat' dir='ltr'><strong>ut</strong></span> <span class='ocrx_word' id='word_1_56' title='bbox 2162 872 2346 936; x_wconf 89' lang='lat' dir='ltr'><strong>homo,</strong></span> 
     </span>
    </p>
   </div>
   <div class='ocr_carea' id='block_1_10' title="bbox 766 966 2349 1035">
    <p class='ocr_par' dir='ltr' id='par_1_10' title="bbox 766 966 2349 1035">
     <span class='ocr_line' id='line_1_10' title="bbox 766 966 2349 1035; baseline -0.001 -15"><span class='ocrx_word' id='word_1_57' title='bbox 766 966 1196 1035; x_wconf 70' lang='lat' dir='ltr'><strong>dispensationis</strong></span> <span class='ocrx_word' id='word_1_58' title='bbox 1254 969 1522 1023; x_wconf 89' lang='lat' dir='ltr'><strong>rationem</strong></span> <span class='ocrx_word' id='word_1_59' title='bbox 1574 968 1761 1023; x_wconf 88' lang='lat' dir='ltr'><strong>statim</strong></span> <span class='ocrx_word' id='word_1_60' title='bbox 1826 966 2096 1034; x_wconf 76' lang='lat' dir='ltr'><strong>explicat,</strong></span> <span class='ocrx_word' id='word_1_61' title='bbox 2137 972 2193 1019; x_wconf 88' lang='lat' dir='ltr'><strong>et</strong></span> <span class='ocrx_word' id='word_1_62' title='bbox 2236 978 2349 1035; x_wconf 90' lang='lat' dir='ltr'><strong>quo</strong></span> 
     </span>
    </p>
   </div>
   <div class='ocr_carea' id='block_1_11' title="bbox 767 1055 2349 1130">
    <p class='ocr_par' dir='ltr' id='par_1_11' title="bbox 767 1055 2349 1130">
     <span class='ocr_line' id='line_1_11' title="bbox 767 1055 2349 1130; baseline -0.002 -17"><span class='ocrx_word' id='word_1_63' title='bbox 767 1060 1003 1114; x_wconf 90' lang='lat' dir='ltr'><strong>consilio</strong></span> <span class='ocrx_word' id='word_1_64' title='bbox 1031 1061 1201 1115; x_wconf 89' lang='lat' dir='ltr'><strong>latere</strong></span> <span class='ocrx_word' id='word_1_65' title='bbox 1243 1061 1395 1126; x_wconf 83' lang='lat' dir='ltr'><strong>velit,</strong></span> <span class='ocrx_word' id='word_1_66' title='bbox 1430 1069 1596 1130; x_wconf 88' lang='lat' dir='ltr'><strong>atque</strong></span> <span class='ocrx_word' id='word_1_67' title='bbox 1630 1071 1703 1114; x_wconf 79' lang='lat' dir='ltr'><strong>ita</strong></span> <span class='ocrx_word' id='word_1_68' title='bbox 1744 1058 2142 1127; x_wconf 89' lang='lat' dir='ltr'><strong>simpliciorum</strong></span> <span class='ocrx_word' id='word_1_69' title='bbox 2178 1055 2349 1110; x_wconf 88' lang='lat' dir='ltr'><strong>imbe-</strong></span> 
     </span>
    </p>
   </div>
   <div class='ocr_carea' id='block_1_12' title="bbox 766 1144 2346 1215">
    <p class='ocr_par' dir='ltr' id='par_1_12' title="bbox 766 1144 2346 1215">
     <span class='ocr_line' id='line_1_12' title="bbox 766 1144 2346 1215; baseline -0.003 -14"><span class='ocrx_word' id='word_1_70' title='bbox 766 1148 951 1201; x_wconf 90' lang='lat' dir='ltr'><strong>cillem</strong></span> <span class='ocrx_word' id='word_1_71' title='bbox 991 1148 1233 1208; x_wconf 78' lang='lat' dir='ltr'><strong>animum</strong></span> <span class='ocrx_word' id='word_1_72' title='bbox 1283 1157 1483 1203; x_wconf 84' lang='lat' dir='ltr'><strong>tractat</strong></span> <span class='ocrx_word' id='word_1_73' title='bbox 1537 1155 1593 1202; x_wconf 89' lang='lat' dir='ltr'><strong>et</strong></span> <span class='ocrx_word' id='word_1_74' title='bbox 1645 1147 1959 1200; x_wconf 82' lang='lat' dir='ltr'><strong>conﬁrmat.</strong></span> <span class='ocrx_word' id='word_1_75' title='bbox 2001 1165 2017 1196; x_wconf 82' lang='grc' dir='ltr'><strong>ι</strong></span> <span class='ocrx_word' id='word_1_76' title='bbox 2059 1146 2169 1215; x_wconf 84' lang='lat' dir='ltr'><strong>Ego</strong></span> <span class='ocrx_word' id='word_1_77' title='bbox 2200 1144 2346 1198; x_wconf 88' lang='lat' dir='ltr'><strong>enim</strong></span> 
     </span>
    </p>
   </div>
   <div class='ocr_carea' id='block_1_13' title="bbox 768 1236 2342 1309">
    <p class='ocr_par' dir='ltr' id='par_1_13' title="bbox 768 1236 2342 1309">
     <span class='ocr_line' id='line_1_13' title="bbox 768 1236 2342 1309; baseline -0.005 -16"><span class='ocrx_word' id='word_1_78' title='bbox 768 1238 1029 1302; x_wconf 88' lang='lat' dir='ltr'><strong>sciebam,</strong></span> <span class='ocrx_word' id='word_1_79' title='bbox 1076 1257 1095 1289; x_wconf 75' lang='grc' dir='ltr'><strong>ι</strong></span> <span class='ocrx_word' id='word_1_80' title='bbox 1141 1240 1339 1309; x_wconf 85' lang='lat' dir='ltr'><strong>inquit,</strong></span> <span class='ocrx_word' id='word_1_81' title='bbox 1375 1260 1392 1290; x_wconf 86' lang='grc'><strong><em>‹</em></strong></span> <span class='ocrx_word' id='word_1_82' title='bbox 1434 1240 1559 1308; x_wconf 85' lang='lat' dir='ltr'><strong>quia</strong></span> <span class='ocrx_word' id='word_1_83' title='bbox 1596 1253 1813 1307; x_wconf 86' lang='lat' dir='ltr'><strong>semper</strong></span> <span class='ocrx_word' id='word_1_84' title='bbox 1873 1252 1961 1291; x_wconf 92' lang='lat' dir='ltr'><strong>me</strong></span> <span class='ocrx_word' id='word_1_85' title='bbox 2008 1236 2174 1291; x_wconf 86' lang='lat' dir='ltr'><strong>audis</strong></span> <span class='ocrx_word' id='word_1_86' title='bbox 2198 1236 2265 1289; x_wconf 82' lang='lat'><strong>&quot;.</strong></span> <span class='ocrx_word' id='word_1_87' title='bbox 2323 1253 2342 1285; x_wconf 73' lang='grc' dir='ltr'><strong>ι</strong></span> 
     </span>
    </p>
   </div>
   <div class='ocr_carea' id='block_1_14' title="bbox 768 1328 2340 1399">
    <p class='ocr_par' dir='ltr' id='par_1_14' title="bbox 768 1328 2340 1399">
     <span class='ocr_line' id='line_1_14' title="bbox 768 1328 2340 1399; baseline 0.001 -20"><span class='ocrx_word' id='word_1_88' title='bbox 768 1328 942 1394; x_wconf 82' lang='lat' dir='ltr'><strong>Quam</strong></span> <span class='ocrx_word' id='word_1_89' title='bbox 1003 1330 1076 1384; x_wconf 92' lang='lat' dir='ltr'><strong>ob</strong></span> <span class='ocrx_word' id='word_1_90' title='bbox 1107 1347 1218 1385; x_wconf 88' lang='lat' dir='ltr'><strong>rem</strong></span> <span class='ocrx_word' id='word_1_91' title='bbox 1272 1332 1386 1385; x_wconf 72' lang='lat' dir='ltr'><strong>haec</strong></span> <span class='ocrx_word' id='word_1_92' title='bbox 1440 1330 1626 1383; x_wconf 89' lang='lat' dir='ltr'><strong>dicis?</strong></span> <span class='ocrx_word' id='word_1_93' title='bbox 1679 1330 1908 1399; x_wconf 84' lang='lat' dir='ltr'><strong>Propter</strong></span> <span class='ocrx_word' id='word_1_94' title='bbox 1942 1328 2340 1383; x_wconf 79' lang='lat' dir='ltr'><strong>circumfusam</strong></span> 
     </span>
    </p>
   </div>
   <div class='ocr_carea' id='block_1_15' title="bbox 768 1420 2351 1490">
    <p class='ocr_par' dir='ltr' id='par_1_15' title="bbox 768 1420 2351 1490">
     <span class='ocr_line' id='line_1_15' title="bbox 768 1420 2351 1490; baseline 0.002 -18"><span class='ocrx_word' id='word_1_95' title='bbox 768 1420 985 1473; x_wconf 86' lang='lat' dir='ltr'><strong>turbam</strong></span> <span class='ocrx_word' id='word_1_96' title='bbox 1026 1421 1141 1475; x_wconf 66' lang='lat' dir='ltr'><strong>haec</strong></span> <span class='ocrx_word' id='word_1_97' title='bbox 1176 1422 1314 1486; x_wconf 81' lang='lat' dir='ltr'><strong>dtxi,</strong></span> <span class='ocrx_word' id='word_1_98' title='bbox 1353 1429 1413 1475; x_wconf 93' lang='lat' dir='ltr'><strong>ut</strong></span> <span class='ocrx_word' id='word_1_99' title='bbox 1448 1422 1699 1483; x_wconf 85' lang='lat' dir='ltr'><strong>credant,</strong></span> <span class='ocrx_word' id='word_1_100' title='bbox 1756 1421 1956 1490; x_wconf 89' lang='lat' dir='ltr'><strong>inquit,</strong></span> <span class='ocrx_word' id='word_1_101' title='bbox 1994 1421 2122 1490; x_wconf 90' lang='lat' dir='ltr'><strong>quia</strong></span> <span class='ocrx_word' id='word_1_102' title='bbox 2170 1428 2230 1473; x_wconf 91' lang='lat' dir='ltr'><strong>tu</strong></span> <span class='ocrx_word' id='word_1_103' title='bbox 2264 1434 2351 1475; x_wconf 86' lang='lat' dir='ltr'><strong>me</strong></span> 
     </span>
    </p>
   </div>
   <div class='ocr_carea' id='block_1_16' title="bbox 770 1512 2346 1586">
    <p class='ocr_par' dir='ltr' id='par_1_16' title="bbox 770 1512 2346 1586">
     <span class='ocr_line' id='line_1_16' title="bbox 770 1512 2346 1586; baseline 0.001 -20"><span class='ocrx_word' id='word_1_104' title='bbox 770 1514 996 1566; x_wconf 85' lang='lat' dir='ltr'><strong>misisti.</strong></span> <span class='ocrx_word' id='word_1_105' title='bbox 1030 1513 1307 1585; x_wconf 86' lang='lat' dir='ltr'><strong>Numquid</strong></span> <span class='ocrx_word' id='word_1_106' title='bbox 1334 1531 1466 1586; x_wconf 86' lang='lat' dir='ltr'><strong>ergo</strong></span> <span class='ocrx_word' id='word_1_107' title='bbox 1510 1516 1637 1568; x_wconf 86' lang='lat' dir='ltr'><strong>hinc</strong></span> <span class='ocrx_word' id='word_1_108' title='bbox 1668 1513 2019 1568; x_wconf 82' lang='lat' dir='ltr'><strong>manifestum</strong></span> <span class='ocrx_word' id='word_1_109' title='bbox 2054 1520 2138 1569; x_wconf 84' lang='lat' dir='ltr'><strong>est</strong></span> <span class='ocrx_word' id='word_1_110' title='bbox 2177 1512 2346 1584; x_wconf 89' lang='lat' dir='ltr'><strong>quod,</strong></span> 
     </span>
    </p>
   </div>
   <div class='ocr_carea' id='block_1_17' title="bbox 769 1604 2347 1673">
    <p class='ocr_par' dir='ltr' id='par_1_17' title="bbox 769 1604 2347 1673">
     <span class='ocr_line' id='line_1_17' title="bbox 769 1604 2347 1673; baseline 0.001 -17"><span class='ocrx_word' id='word_1_111' title='bbox 769 1617 895 1656; x_wconf 91' lang='lat' dir='ltr'><strong>cum</strong></span> <span class='ocrx_word' id='word_1_112' title='bbox 950 1604 1109 1659; x_wconf 91' lang='lat' dir='ltr'><strong>nobis</strong></span> <span class='ocrx_word' id='word_1_113' title='bbox 1142 1606 1326 1659; x_wconf 87' lang='lat' dir='ltr'><strong>multis</strong></span> <span class='ocrx_word' id='word_1_114' title='bbox 1381 1605 1560 1659; x_wconf 90' lang='lat' dir='ltr'><strong>modis</strong></span> <span class='ocrx_word' id='word_1_115' title='bbox 1610 1605 1932 1673; x_wconf 88' lang='lat' dir='ltr'><strong>opituletur,</strong></span> <span class='ocrx_word' id='word_1_116' title='bbox 1984 1616 2038 1659; x_wconf 90' lang='lat' dir='ltr'><strong>et</strong></span> <span class='ocrx_word' id='word_1_117' title='bbox 2071 1606 2347 1660; x_wconf 90' lang='lat' dir='ltr'><strong>occultum</strong></span> 
     </span>
    </p>
   </div>
   <div class='ocr_carea' id='block_1_18' title="bbox 770 1694 2349 1765">
    <p class='ocr_par' dir='ltr' id='par_1_18' title="bbox 770 1694 2349 1765">
     <span class='ocr_line' id='line_1_18' title="bbox 770 1694 2349 1765; baseline 0.001 -18"><span class='ocrx_word' id='word_1_118' title='bbox 770 1694 1166 1751; x_wconf 88' lang='lat' dir='ltr'><strong>incarnationis</strong></span> <span class='ocrx_word' id='word_1_119' title='bbox 1200 1696 1493 1749; x_wconf 91' lang='lat' dir='ltr'><strong>consilium</strong></span> <span class='ocrx_word' id='word_1_120' title='bbox 1536 1710 1660 1751; x_wconf 89' lang='lat' dir='ltr'><strong>esse</strong></span> <span class='ocrx_word' id='word_1_121' title='bbox 1689 1697 1843 1761; x_wconf 84' lang='lat' dir='ltr'><strong>velit,</strong></span> <span class='ocrx_word' id='word_1_122' title='bbox 1879 1696 2144 1749; x_wconf 84' lang='lat' dir='ltr'><strong>humilius</strong></span> <span class='ocrx_word' id='word_1_123' title='bbox 2174 1710 2349 1765; x_wconf 89' lang='lat' dir='ltr'><strong>quan-</strong></span> 
     </span>
    </p>
   </div>
   <div class='ocr_carea' id='block_1_19' title="bbox 769 1782 2348 1855">
    <p class='ocr_par' dir='ltr' id='par_1_19' title="bbox 769 1782 2348 1855">
     <span class='ocr_line' id='line_1_19' title="bbox 769 1782 2348 1855; baseline 0.002 -18"><span class='ocrx_word' id='word_1_124' title='bbox 769 1782 946 1852; x_wconf 90' lang='lat' dir='ltr'><strong>doque</strong></span> <span class='ocrx_word' id='word_1_125' title='bbox 977 1784 1043 1840; x_wconf 92' lang='lat' dir='ltr'><strong>de</strong></span> <span class='ocrx_word' id='word_1_126' title='bbox 1063 1799 1123 1839; x_wconf 92' lang='lat' dir='ltr'><strong>se</strong></span> <span class='ocrx_word' id='word_1_127' title='bbox 1150 1786 1447 1854; x_wconf 79' lang='lat' dir='ltr'><strong>loquatur?</strong></span> <span class='ocrx_word' id='word_1_128' title='bbox 1472 1784 1538 1839; x_wconf 92' lang='lat' dir='ltr'><strong>Ut</strong></span> <span class='ocrx_word' id='word_1_129' title='bbox 1569 1786 1739 1855; x_wconf 83' lang='lat' dir='ltr'><strong>igitur</strong></span> <span class='ocrx_word' id='word_1_130' title='bbox 1766 1784 1901 1838; x_wconf 91' lang='lat' dir='ltr'><strong>illud</strong></span> <span class='ocrx_word' id='word_1_131' title='bbox 1932 1784 2030 1849; x_wconf 87' lang='lat' dir='ltr'><strong>ibi,</strong></span> <span class='ocrx_word' id='word_1_132' title='bbox 2067 1802 2087 1835; x_wconf 77' lang='grc' dir='ltr'><strong>ι</strong></span> <span class='ocrx_word' id='word_1_133' title='bbox 2125 1784 2348 1841; x_wconf 79' lang='lat' dir='ltr'><strong>Gratias</strong></span> 
     </span>
    </p>
   </div>
   <div class='ocr_carea' id='block_1_20' title="bbox 770 1874 2341 1946">
    <p class='ocr_par' dir='ltr' id='par_1_20' title="bbox 770 1874 2341 1946">
     <span class='ocr_line' id='line_1_20' title="bbox 770 1874 2341 1946; baseline 0.003 -20"><span class='ocrx_word' id='word_1_134' title='bbox 770 1888 871 1943; x_wconf 91' lang='lat' dir='ltr'><strong>ago</strong></span> <span class='ocrx_word' id='word_1_135' title='bbox 904 1874 1025 1938; x_wconf 79' lang='lat' dir='ltr'><strong>tibi,</strong></span> <span class='ocrx_word' id='word_1_136' title='bbox 1057 1893 1075 1925; x_wconf 76' lang='grc' dir='ltr'><strong>ι</strong></span> <span class='ocrx_word' id='word_1_137' title='bbox 1102 1876 1258 1944; x_wconf 80' lang='lat' dir='ltr'><strong>juxta</strong></span> <span class='ocrx_word' id='word_1_138' title='bbox 1287 1876 1553 1930; x_wconf 91' lang='lat' dir='ltr'><strong>rationem</strong></span> <span class='ocrx_word' id='word_1_139' title='bbox 1581 1875 2015 1946; x_wconf 87' lang='lat' dir='ltr'><strong>dispensationis</strong></span> <span class='ocrx_word' id='word_1_140' title='bbox 2044 1874 2341 1946; x_wconf 78' lang='lat' dir='ltr'><strong>accipitur,</strong></span> 
     </span>
    </p>
   </div>
   <div class='ocr_carea' id='block_1_21' title="bbox 770 1960 2342 2038">
    <p class='ocr_par' dir='ltr' id='par_1_21' title="bbox 770 1960 2342 2038">
     <span class='ocr_line' id='line_1_21' title="bbox 770 1960 2342 2038; baseline 0.004 -21"><span class='ocrx_word' id='word_1_141' title='bbox 770 1960 844 2018; x_wconf 75' lang='lat' dir='ltr'><strong>ita&#39;</strong></span> <span class='ocrx_word' id='word_1_142' title='bbox 894 1966 981 2021; x_wconf 92' lang='lat' dir='ltr'><strong>hic</strong></span> <span class='ocrx_word' id='word_1_143' title='bbox 1023 1982 1245 2037; x_wconf 88' lang='lat' dir='ltr'><strong>quoque</strong></span> <span class='ocrx_word' id='word_1_144' title='bbox 1302 1968 1622 2038; x_wconf 74' lang='lat' dir='ltr'><strong>intelligitur</strong></span> <span class='ocrx_word' id='word_1_145' title='bbox 1678 1967 1915 2037; x_wconf 89' lang='lat' dir='ltr'><strong>panibus</strong></span> <span class='ocrx_word' id='word_1_146' title='bbox 1972 1967 2342 2023; x_wconf 77' lang='lat' dir='ltr'><strong>henedixisse.</strong></span> 
     </span>
    </p>
   </div>
   <div class='ocr_carea' id='block_1_22' title="bbox 769 2054 2349 2130">
    <p class='ocr_par' dir='ltr' id='par_1_22' title="bbox 769 2054 2349 2130">
     <span class='ocr_line' id='line_1_22' title="bbox 769 2054 2349 2130; baseline 0.004 -21"><span class='ocrx_word' id='word_1_147' title='bbox 769 2054 1083 2112; x_wconf 84' lang='lat' dir='ltr'><strong>Notandum</strong></span> <span class='ocrx_word' id='word_1_148' title='bbox 1118 2074 1265 2122; x_wconf 88' lang='lat' dir='ltr'><strong>vero,</strong></span> <span class='ocrx_word' id='word_1_149' title='bbox 1324 2074 1422 2127; x_wconf 92' lang='lat' dir='ltr'><strong>pro</strong></span> <span class='ocrx_word' id='word_1_150' title='bbox 1452 2059 1869 2130; x_wconf 82' lang='grc' dir='ltr'><strong>Εὑχαριστήσας</strong></span> <span class='ocrx_word' id='word_1_151' title='bbox 1900 2057 2219 2113; x_wconf 72' lang='lat' dir='ltr'><strong>Matthaaum</strong></span> <span class='ocrx_word' id='word_1_152' title='bbox 2259 2059 2349 2116; x_wconf 87' lang='lat' dir='ltr'><strong>di-</strong></span> 
     </span>
    </p>
   </div>
   <div class='ocr_carea' id='block_1_23' title="bbox 770 2148 2347 2219">
    <p class='ocr_par' dir='ltr' id='par_1_23' title="bbox 770 2148 2347 2219">
     <span class='ocr_line' id='line_1_23' title="bbox 770 2148 2347 2219; baseline 0.002 -18"><span class='ocrx_word' id='word_1_153' title='bbox 770 2148 938 2211; x_wconf 79' lang='lat' dir='ltr'><strong>xisse,</strong></span> <span class='ocrx_word' id='word_1_154' title='bbox 969 2149 1302 2219; x_wconf 85' lang='grc' dir='ltr'><strong>Εύλογήσας,</strong></span> <span class='ocrx_word' id='word_1_155' title='bbox 1326 2157 1646 2204; x_wconf 88' lang='lat' dir='ltr'><strong>sanctorum</strong></span> <span class='ocrx_word' id='word_1_156' title='bbox 1672 2157 1858 2204; x_wconf 91' lang='lat' dir='ltr'><strong>tamen</strong></span> <span class='ocrx_word' id='word_1_157' title='bbox 1888 2150 2347 2218; x_wconf 80' lang='lat' dir='ltr'><strong>evangelistarum</strong></span> 
     </span>
    </p>
   </div>
   <div class='ocr_carea' id='block_1_24' title="bbox 770 2240 2345 2311">
    <p class='ocr_par' dir='ltr' id='par_1_24' title="bbox 770 2240 2345 2311">
     <span class='ocr_line' id='line_1_24' title="bbox 770 2240 2345 2311; baseline 0.003 -18"><span class='ocrx_word' id='word_1_158' title='bbox 770 2240 1063 2294; x_wconf 89' lang='lat' dir='ltr'><strong>editionem</strong></span> <span class='ocrx_word' id='word_1_159' title='bbox 1106 2256 1448 2311; x_wconf 87' lang='lat' dir='ltr'><strong>nequaquam</strong></span> <span class='ocrx_word' id='word_1_160' title='bbox 1482 2241 1815 2311; x_wconf 88' lang='lat' dir='ltr'><strong>discrepare.</strong></span> <span class='ocrx_word' id='word_1_161' title='bbox 1860 2241 2169 2311; x_wconf 88' lang='lat' dir='ltr'><strong>Utrumque</strong></span> <span class='ocrx_word' id='word_1_162' title='bbox 2201 2258 2345 2298; x_wconf 80' lang='lat' dir='ltr'><strong>enim</strong></span> 
     </span>
    </p>
   </div>
   <div class='ocr_carea' id='block_1_25' title="bbox 772 2332 2345 2399">
    <p class='ocr_par' dir='ltr' id='par_1_25' title="bbox 772 2332 2345 2399">
     <span class='ocr_line' id='line_1_25' title="bbox 772 2332 2345 2399; baseline 0.003 -15"><span class='ocrx_word' id='word_1_163' title='bbox 772 2348 943 2385; x_wconf 92' lang='lat' dir='ltr'><strong>unum</strong></span> <span class='ocrx_word' id='word_1_164' title='bbox 973 2342 1027 2387; x_wconf 93' lang='lat' dir='ltr'><strong>ct</strong></span> <span class='ocrx_word' id='word_1_165' title='bbox 1051 2333 1191 2388; x_wconf 92' lang='lat' dir='ltr'><strong>idem</strong></span> <span class='ocrx_word' id='word_1_166' title='bbox 1216 2349 1340 2388; x_wconf 86' lang='lat' dir='ltr'><strong>esse</strong></span> <span class='ocrx_word' id='word_1_167' title='bbox 1367 2332 1569 2388; x_wconf 87' lang='lat' dir='ltr'><strong>Paulus</strong></span> <span class='ocrx_word' id='word_1_168' title='bbox 1590 2334 1856 2399; x_wconf 87' lang='lat' dir='ltr'><strong>ostendit,</strong></span> <span class='ocrx_word' id='word_1_169' title='bbox 1886 2334 2099 2399; x_wconf 90' lang='lat' dir='ltr'><strong>dicens,</strong></span> <span class='ocrx_word' id='word_1_170' title='bbox 2129 2349 2345 2390; x_wconf 88' lang='lat' dir='ltr'><strong>omnem</strong></span> 
     </span>
    </p>
   </div>
   <div class='ocr_carea' id='block_1_26' title="bbox 771 2421 2348 2493">
    <p class='ocr_par' dir='ltr' id='par_1_26' title="bbox 771 2421 2348 2493">
     <span class='ocr_line' id='line_1_26' title="bbox 771 2421 2348 2493; baseline 0.001 -18"><span class='ocrx_word' id='word_1_171' title='bbox 771 2422 955 2476; x_wconf 85' lang='lat' dir='ltr'><strong>cibum</strong></span> <span class='ocrx_word' id='word_1_172' title='bbox 988 2438 1109 2477; x_wconf 92' lang='lat' dir='ltr'><strong>esse</strong></span> <span class='ocrx_word' id='word_1_173' title='bbox 1138 2424 1359 2487; x_wconf 89' lang='lat' dir='ltr'><strong>bonum,</strong></span> <span class='ocrx_word' id='word_1_174' title='bbox 1395 2431 1450 2477; x_wconf 93' lang='lat' dir='ltr'><strong>et</strong></span> <span class='ocrx_word' id='word_1_175' title='bbox 1486 2423 1622 2476; x_wconf 87' lang='lat' dir='ltr'><strong>nihil</strong></span> <span class='ocrx_word' id='word_1_176' title='bbox 1652 2438 1776 2477; x_wconf 86' lang='lat' dir='ltr'><strong>esse</strong></span> <span class='ocrx_word' id='word_1_177' title='bbox 1799 2421 2185 2493; x_wconf 86' lang='lat' dir='ltr'><strong>rejiciendutn.</strong></span> <span class='ocrx_word' id='word_1_178' title='bbox 2210 2422 2348 2478; x_wconf 88' lang='lat' dir='ltr'><strong>San-</strong></span> 
     </span>
    </p>
   </div>
   <div class='ocr_carea' id='block_1_27' title="bbox 770 2512 2343 2582">
    <p class='ocr_par' dir='ltr' id='par_1_27' title="bbox 770 2512 2343 2582">
     <span class='ocr_line' id='line_1_27' title="bbox 770 2512 2343 2582; baseline 0.002 -17"><span class='ocrx_word' id='word_1_179' title='bbox 770 2512 1041 2566; x_wconf 88' lang='lat' dir='ltr'><strong>ctificatur</strong></span> <span class='ocrx_word' id='word_1_180' title='bbox 1077 2528 1221 2566; x_wconf 79' lang='lat' dir='ltr'><strong>enim</strong></span> <span class='ocrx_word' id='word_1_181' title='bbox 1255 2529 1351 2582; x_wconf 86' lang='lat' dir='ltr'><strong>per</strong></span> <span class='ocrx_word' id='word_1_182' title='bbox 1382 2514 1608 2568; x_wconf 90' lang='lat' dir='ltr'><strong>verbum</strong></span> <span class='ocrx_word' id='word_1_183' title='bbox 1667 2512 1765 2567; x_wconf 83' lang='lat' dir='ltr'><strong>Dei</strong></span> <span class='ocrx_word' id='word_1_184' title='bbox 1806 2521 1863 2569; x_wconf 89' lang='lat' dir='ltr'><strong>et</strong></span> <span class='ocrx_word' id='word_1_185' title='bbox 1920 2516 2228 2569; x_wconf 90' lang='lat' dir='ltr'><strong>orationem</strong></span> <span class='ocrx_word' id='word_1_186' title='bbox 2251 2514 2297 2545; x_wconf 87' lang='grc'><strong><em>³⁸</em></strong></span> <span class='ocrx_word' id='word_1_187' title='bbox 2326 2533 2343 2581; x_wconf 80' lang='lat'><strong>;</strong></span> 
     </span>
    </p>
   </div>
   <div class='ocr_carea' id='block_1_28' title="bbox 773 2606 2341 2677">
    <p class='ocr_par' dir='ltr' id='par_1_28' title="bbox 773 2606 2341 2677">
     <span class='ocr_line' id='line_1_28' title="bbox 773 2606 2341 2677; baseline 0.001 -16"><span class='ocrx_word' id='word_1_188' title='bbox 773 2608 925 2676; x_wconf 89' lang='lat' dir='ltr'><strong>utiqu</strong></span> <span class='ocrx_word' id='word_1_189' title='bbox 993 2622 1122 2661; x_wconf 89' lang='lat' dir='ltr'><strong>vero</strong></span> <span class='ocrx_word' id='word_1_190' title='bbox 1146 2606 1487 2660; x_wconf 89' lang='lat' dir='ltr'><strong>benedicitur</strong></span> <span class='ocrx_word' id='word_1_191' title='bbox 1516 2606 1569 2660; x_wconf 94' lang='lat' dir='ltr'><strong>id</strong></span> <span class='ocrx_word' id='word_1_192' title='bbox 1619 2606 1765 2675; x_wconf 90' lang='lat' dir='ltr'><strong>quod</strong></span> <span class='ocrx_word' id='word_1_193' title='bbox 1820 2622 1917 2676; x_wconf 88' lang='lat' dir='ltr'><strong>per</strong></span> <span class='ocrx_word' id='word_1_194' title='bbox 1972 2608 2341 2677; x_wconf 85' lang='lat' dir='ltr'><strong>precationem</strong></span> 
     </span>
    </p>
   </div>
   <div class='ocr_carea' id='block_1_29' title="bbox 773 2697 2345 2767">
    <p class='ocr_par' dir='ltr' id='par_1_29' title="bbox 773 2697 2345 2767">
     <span class='ocr_line' id='line_1_29' title="bbox 773 2697 2345 2767; baseline 0.001 -16"><span class='ocrx_word' id='word_1_195' title='bbox 773 2697 1167 2761; x_wconf 84' lang='lat' dir='ltr'><strong>sanctificatur,</strong></span> <span class='ocrx_word' id='word_1_196' title='bbox 1197 2712 1358 2766; x_wconf 90' lang='lat' dir='ltr'><strong>quam</strong></span> <span class='ocrx_word' id='word_1_197' title='bbox 1394 2711 1559 2765; x_wconf 89' lang='lat' dir='ltr'><strong>super</strong></span> <span class='ocrx_word' id='word_1_198' title='bbox 1594 2697 1800 2750; x_wconf 90' lang='lat' dir='ltr'><strong>mensis</strong></span> <span class='ocrx_word' id='word_1_199' title='bbox 1848 2705 2115 2767; x_wconf 84' lang='lat' dir='ltr'><strong>perpetuo</strong></span> <span class='ocrx_word' id='word_1_200' title='bbox 2164 2698 2345 2753; x_wconf 85' lang='lat' dir='ltr'><strong>facere</strong></span> 
     </span>
    </p>
   </div>
   <div class='ocr_carea' id='block_1_30' title="bbox 773 2787 2342 2857">
    <p class='ocr_par' dir='ltr' id='par_1_30' title="bbox 773 2787 2342 2857">
     <span class='ocr_line' id='line_1_30' title="bbox 773 2787 2342 2857; baseline -0.001 -14"><span class='ocrx_word' id='word_1_201' title='bbox 773 2788 1031 2843; x_wconf 85' lang='lat' dir='ltr'><strong>solemus.</strong></span> <span class='ocrx_word' id='word_1_202' title='bbox 1062 2787 1233 2843; x_wconf 84' lang='lat' dir='ltr'><strong>Porro</strong></span> <span class='ocrx_word' id='word_1_203' title='bbox 1268 2804 1390 2843; x_wconf 94' lang='lat' dir='ltr'><strong>cum</strong></span> <span class='ocrx_word' id='word_1_204' title='bbox 1435 2788 1577 2842; x_wconf 76' lang='lat' dir='ltr'><strong>milli</strong></span> <span class='ocrx_word' id='word_1_205' title='bbox 1614 2796 1880 2841; x_wconf 78' lang='lat' dir='ltr'><strong>intactum</strong></span> <span class='ocrx_word' id='word_1_206' title='bbox 1922 2791 2342 2857; x_wconf 67' lang='lat' dir='ltr'><strong>prmtermitten-</strong></span> 
     </span>
    </p>
   </div>
   <div class='ocr_carea' id='block_1_31' title="bbox 772 2880 2342 2952">
    <p class='ocr_par' dir='ltr' id='par_1_31' title="bbox 772 2880 2342 2952">
     <span class='ocr_line' id='line_1_31' title="bbox 772 2880 2342 2952; baseline 0 -17"><span class='ocrx_word' id='word_1_207' title='bbox 772 2881 900 2935; x_wconf 90' lang='lat' dir='ltr'><strong>dum</strong></span> <span class='ocrx_word' id='word_1_208' title='bbox 930 2880 1093 2952; x_wconf 75' lang='lat'><strong>283</strong></span> <span class='ocrx_word' id='word_1_209' title='bbox 1123 2882 1279 2936; x_wconf 91' lang='lat' dir='ltr'><strong>nobis</strong></span> <span class='ocrx_word' id='word_1_210' title='bbox 1330 2882 1402 2936; x_wconf 93' lang='lat' dir='ltr'><strong>sit</strong></span> <span class='ocrx_word' id='word_1_211' title='bbox 1445 2880 1593 2951; x_wconf 89' lang='lat' dir='ltr'><strong>quod</strong></span> <span class='ocrx_word' id='word_1_212' title='bbox 1640 2880 1935 2945; x_wconf 78' lang='lat' dir='ltr'><strong>conducat,</strong></span> <span class='ocrx_word' id='word_1_213' title='bbox 1999 2880 2230 2950; x_wconf 83' lang='lat' dir='ltr'><strong>agedum</strong></span> <span class='ocrx_word' id='word_1_214' title='bbox 2287 2881 2342 2935; x_wconf 89' lang='lat' dir='ltr'><strong>iu</strong></span> 
     </span>
    </p>
   </div>
   <div class='ocr_carea' id='block_1_32' title="bbox 772 2969 2345 3041">
    <p class='ocr_par' dir='ltr' id='par_1_32' title="bbox 772 2969 2345 3041">
     <span class='ocr_line' id='line_1_32' title="bbox 772 2969 2345 3041; baseline 0 -17"><span class='ocrx_word' id='word_1_215' title='bbox 772 2986 1017 3040; x_wconf 88' lang='lat' dir='ltr'><strong>qmnque</strong></span> <span class='ocrx_word' id='word_1_216' title='bbox 1051 2986 1219 3040; x_wconf 88' lang='lat' dir='ltr'><strong>panes</strong></span> <span class='ocrx_word' id='word_1_217' title='bbox 1250 2971 1343 3041; x_wconf 85' lang='lat' dir='ltr'><strong>qui</strong></span> <span class='ocrx_word' id='word_1_218' title='bbox 1383 2986 1552 3041; x_wconf 90' lang='lat' dir='ltr'><strong>penes</strong></span> <span class='ocrx_word' id='word_1_219' title='bbox 1585 2969 2053 3023; x_wconf 80' lang='lat' dir='ltr'><strong>adolescentulum</strong></span> <span class='ocrx_word' id='word_1_220' title='bbox 2080 2978 2259 3033; x_wconf 91' lang='lat' dir='ltr'><strong>erant,</strong></span> <span class='ocrx_word' id='word_1_221' title='bbox 2290 2976 2345 3024; x_wconf 86' lang='lat' dir='ltr'><strong>et</strong></span> 
     </span>
    </p>
   </div>
   <div class='ocr_carea' id='block_1_33' title="bbox 774 3058 2343 3128">
    <p class='ocr_par' dir='ltr' id='par_1_33' title="bbox 774 3058 2343 3128">
     <span class='ocr_line' id='line_1_33' title="bbox 774 3058 2343 3128; baseline 0.001 -16"><span class='ocrx_word' id='word_1_222' title='bbox 774 3061 828 3112; x_wconf 91' lang='lat' dir='ltr'><strong>in</strong></span> <span class='ocrx_word' id='word_1_223' title='bbox 858 3059 997 3113; x_wconf 91' lang='lat' dir='ltr'><strong>duos</strong></span> <span class='ocrx_word' id='word_1_224' title='bbox 1026 3059 1326 3128; x_wconf 72' lang='lat' dir='ltr'><strong>piscnculos</strong></span> <span class='ocrx_word' id='word_1_225' title='bbox 1354 3074 1525 3128; x_wconf 91' lang='lat' dir='ltr'><strong>pauca</strong></span> <span class='ocrx_word' id='word_1_226' title='bbox 1562 3060 1807 3128; x_wconf 66' lang='lat' dir='ltr'><strong>quaadam</strong></span> <span class='ocrx_word' id='word_1_227' title='bbox 1840 3059 2111 3113; x_wconf 89' lang='lat' dir='ltr'><strong>dicamus.</strong></span> <span class='ocrx_word' id='word_1_228' title='bbox 2169 3058 2343 3114; x_wconf 80' lang='lat' dir='ltr'><strong>liabet</strong></span> 
     </span>
    </p>
   </div>
   <div class='ocr_carea' id='block_1_34' title="bbox 770 3149 2414 3243">
    <p class='ocr_par' dir='ltr' id='par_1_34' title="bbox 770 3149 2414 3243">
     <span class='ocr_line' id='line_1_34' title="bbox 770 3149 2414 3243; baseline 0 -40"><span class='ocrx_word' id='word_1_229' title='bbox 770 3150 915 3203; x_wconf 89' lang='lat' dir='ltr'><strong>enim</strong></span> <span class='ocrx_word' id='word_1_230' title='bbox 976 3149 1241 3203; x_wconf 89' lang='lat' dir='ltr'><strong>rationem</strong></span> <span class='ocrx_word' id='word_1_231' title='bbox 1288 3149 1582 3219; x_wconf 90' lang='lat' dir='ltr'><strong>quamdam</strong></span> <span class='ocrx_word' id='word_1_232' title='bbox 1629 3149 1918 3218; x_wconf 86' lang='lat' dir='ltr'><strong>mysticam</strong></span> <span class='ocrx_word' id='word_1_233' title='bbox 1980 3164 2170 3203; x_wconf 89' lang='lat' dir='ltr'><strong>eorum</strong></span> <span class='ocrx_word' id='word_1_234' title='bbox 2224 3164 2414 3243; x_wconf 58' lang='lat' dir='ltr'><strong>quaac</strong></span> 
     </span>
    </p>
   </div>
   <div class='ocr_carea' id='block_1_35' title="bbox 771 3237 2345 3310">
    <p class='ocr_par' dir='ltr' id='par_1_35' title="bbox 771 3237 2345 3310">
     <span class='ocr_line' id='line_1_35' title="bbox 771 3237 2345 3310; baseline -0.001 -17"><span class='ocrx_word' id='word_1_235' title='bbox 771 3247 989 3308; x_wconf 83' lang='lat' dir='ltr'><strong>reperta</strong></span> <span class='ocrx_word' id='word_1_236' title='bbox 1022 3246 1168 3303; x_wconf 89' lang='lat' dir='ltr'><strong>sunt,</strong></span> <span class='ocrx_word' id='word_1_237' title='bbox 1202 3255 1325 3293; x_wconf 91' lang='lat' dir='ltr'><strong>cum</strong></span> <span class='ocrx_word' id='word_1_238' title='bbox 1372 3239 1490 3310; x_wconf 92' lang='lat' dir='ltr'><strong>ipsa</strong></span> <span class='ocrx_word' id='word_1_239' title='bbox 1526 3237 1725 3302; x_wconf 89' lang='lat' dir='ltr'><strong>forma,</strong></span> <span class='ocrx_word' id='word_1_240' title='bbox 1758 3247 1872 3291; x_wconf 92' lang='lat' dir='ltr'><strong>tum</strong></span> <span class='ocrx_word' id='word_1_241' title='bbox 1918 3254 2202 3295; x_wconf 89' lang='lat' dir='ltr'><strong>numerus.</strong></span> <span class='ocrx_word' id='word_1_242' title='bbox 2233 3240 2345 3293; x_wconf 82' lang='lat' dir='ltr'><strong>Cur</strong></span> 
     </span>
    </p>
   </div>
   <div class='ocr_carea' id='block_1_36' title="bbox 770 3330 2345 3399">
    <p class='ocr_par' dir='ltr' id='par_1_36' title="bbox 770 3330 2345 3399">
     <span class='ocr_line' id='line_1_36' title="bbox 770 3330 2345 3399; baseline -0.001 -14"><span class='ocrx_word' id='word_1_243' title='bbox 770 3332 938 3389; x_wconf 89' lang='lat' dir='ltr'><strong>enim,</strong></span> <span class='ocrx_word' id='word_1_244' title='bbox 972 3330 1257 3385; x_wconf 84' lang='lat' dir='ltr'><strong>studiosus</strong></span> <span class='ocrx_word' id='word_1_245' title='bbox 1299 3330 1483 3384; x_wconf 88' lang='lat' dir='ltr'><strong>forsan</strong></span> <span class='ocrx_word' id='word_1_246' title='bbox 1526 3330 1671 3384; x_wconf 89' lang='lat' dir='ltr'><strong>dicet</strong></span> <span class='ocrx_word' id='word_1_247' title='bbox 1698 3330 1920 3398; x_wconf 89' lang='lat' dir='ltr'><strong>aliquis,</strong></span> <span class='ocrx_word' id='word_1_248' title='bbox 1967 3344 2073 3382; x_wconf 89' lang='lat' dir='ltr'><strong>non</strong></span> <span class='ocrx_word' id='word_1_249' title='bbox 2110 3338 2345 3399; x_wconf 89' lang='lat' dir='ltr'><strong>quatuor</strong></span> 
     </span>
    </p>
   </div>
   <div class='ocr_carea' id='block_1_37' title="bbox 772 3420 2339 3491">
    <p class='ocr_par' dir='ltr' id='par_1_37' title="bbox 772 3420 2339 3491">
     <span class='ocr_line' id='line_1_37' title="bbox 772 3420 2339 3491; baseline 0 -17"><span class='ocrx_word' id='word_1_250' title='bbox 772 3422 953 3490; x_wconf 84' lang='lat' dir='ltr'><strong>potius</strong></span> <span class='ocrx_word' id='word_1_251' title='bbox 985 3435 1176 3488; x_wconf 88' lang='lat' dir='ltr'><strong>panes,</strong></span> <span class='ocrx_word' id='word_1_252' title='bbox 1206 3430 1257 3474; x_wconf 90' lang='lat' dir='ltr'><strong>et</strong></span> <span class='ocrx_word' id='word_1_253' title='bbox 1288 3430 1397 3474; x_wconf 90' lang='lat' dir='ltr'><strong>tres</strong></span> <span class='ocrx_word' id='word_1_254' title='bbox 1425 3421 1644 3489; x_wconf 83' lang='lat' dir='ltr'><strong>pisces?</strong></span> <span class='ocrx_word' id='word_1_255' title='bbox 1673 3420 1778 3472; x_wconf 87' lang='lat' dir='ltr'><strong>Aut</strong></span> <span class='ocrx_word' id='word_1_256' title='bbox 1806 3435 1905 3474; x_wconf 90' lang='lat' dir='ltr'><strong>cur</strong></span> <span class='ocrx_word' id='word_1_257' title='bbox 1936 3436 2043 3474; x_wconf 92' lang='lat' dir='ltr'><strong>non</strong></span> <span class='ocrx_word' id='word_1_258' title='bbox 2080 3421 2339 3491; x_wconf 87' lang='lat' dir='ltr'><strong>quinque,</strong></span> 
     </span>
    </p>
   </div>
   <div class='ocr_carea' id='block_1_38' title="bbox 770 3511 2341 3582">
    <p class='ocr_par' dir='ltr' id='par_1_38' title="bbox 770 3511 2341 3582">
     <span class='ocr_line' id='line_1_38' title="bbox 770 3511 2341 3582; baseline 0 -17"><span class='ocrx_word' id='word_1_259' title='bbox 770 3521 824 3565; x_wconf 88' lang='lat' dir='ltr'><strong>et</strong></span> <span class='ocrx_word' id='word_1_260' title='bbox 868 3523 1106 3580; x_wconf 91' lang='lat' dir='ltr'><strong>quatuor</strong></span> <span class='ocrx_word' id='word_1_261' title='bbox 1142 3512 1445 3581; x_wconf 82' lang='lat' dir='ltr'><strong>pisciculi?</strong></span> <span class='ocrx_word' id='word_1_262' title='bbox 1490 3511 1633 3577; x_wconf 88' lang='lat' dir='ltr'><strong>Quid</strong></span> <span class='ocrx_word' id='word_1_263' title='bbox 1685 3526 1815 3565; x_wconf 88' lang='lat' dir='ltr'><strong>vero</strong></span> <span class='ocrx_word' id='word_1_264' title='bbox 1870 3512 2100 3582; x_wconf 83' lang='lat' dir='ltr'><strong>cogebat</strong></span> <span class='ocrx_word' id='word_1_265' title='bbox 2151 3527 2341 3567; x_wconf 87' lang='lat' dir='ltr'><strong>eorum</strong></span> 
     </span>
    </p>
   </div>
   <div class='ocr_carea' id='block_1_39' title="bbox 760 3602 2345 3671">
    <p class='ocr_par' dir='ltr' id='par_1_39' title="bbox 760 3602 2345 3671">
     <span class='ocr_line' id='line_1_39' title="bbox 760 3602 2345 3671; baseline 0.003 -19"><span class='ocrx_word' id='word_1_266' title='bbox 760 3611 963 3655; x_wconf 86' lang='lat' dir='ltr'><strong>.notare</strong></span> <span class='ocrx_word' id='word_1_267' title='bbox 991 3616 1303 3667; x_wconf 86' lang='lat' dir='ltr'><strong>munerum,</strong></span> <span class='ocrx_word' id='word_1_268' title='bbox 1348 3616 1411 3655; x_wconf 91' lang='lat' dir='ltr'><strong>ac</strong></span> <span class='ocrx_word' id='word_1_269' title='bbox 1439 3616 1546 3654; x_wconf 93' lang='lat' dir='ltr'><strong>non</strong></span> <span class='ocrx_word' id='word_1_270' title='bbox 1576 3602 1905 3670; x_wconf 75' lang='lat' dir='ltr'><strong>simpliciter</strong></span> <span class='ocrx_word' id='word_1_271' title='bbox 1938 3602 2122 3671; x_wconf 87' lang='lat' dir='ltr'><strong>potius</strong></span> <span class='ocrx_word' id='word_1_272' title='bbox 2162 3610 2216 3655; x_wconf 93' lang='lat' dir='ltr'><strong>et</strong></span> <span class='ocrx_word' id='word_1_273' title='bbox 2249 3603 2345 3656; x_wconf 82' lang='lat' dir='ltr'><strong>ab-</strong></span> 
     </span>
    </p>
   </div>
   <div class='ocr_carea' id='block_1_40' title="bbox 772 3691 2344 3759">
    <p class='ocr_par' dir='ltr' id='par_1_40' title="bbox 772 3691 2344 3759">
     <span class='ocr_line' id='line_1_40' title="bbox 772 3691 2344 3759; baseline 0.001 -15"><span class='ocrx_word' id='word_1_274' title='bbox 772 3692 947 3745; x_wconf 85' lang='lat' dir='ltr'><strong>solute</strong></span> <span class='ocrx_word' id='word_1_275' title='bbox 976 3691 1209 3755; x_wconf 90' lang='lat' dir='ltr'><strong>dicebat,</strong></span> <span class='ocrx_word' id='word_1_276' title='bbox 1242 3706 1307 3745; x_wconf 79' lang='lat' dir='ltr'><strong>ex</strong></span> <span class='ocrx_word' id='word_1_277' title='bbox 1339 3692 1533 3759; x_wconf 86' lang='lat' dir='ltr'><strong>paucis</strong></span> <span class='ocrx_word' id='word_1_278' title='bbox 1563 3692 1789 3744; x_wconf 90' lang='lat' dir='ltr'><strong>omnino</strong></span> <span class='ocrx_word' id='word_1_279' title='bbox 1824 3692 2053 3757; x_wconf 89' lang='lat' dir='ltr'><strong>repertis</strong></span> <span class='ocrx_word' id='word_1_280' title='bbox 2094 3706 2344 3745; x_wconf 80' lang='lat' dir='ltr'><strong>Innume-</strong></span> 
     </span>
    </p>
   </div>
   <div class='ocr_carea' id='block_1_41' title="bbox 770 3780 2340 3851">
    <p class='ocr_par' dir='ltr' id='par_1_41' title="bbox 770 3780 2340 3851">
     <span class='ocr_line' id='line_1_41' title="bbox 770 3780 2340 3851; baseline 0 -17"><span class='ocrx_word' id='word_1_281' title='bbox 770 3796 887 3834; x_wconf 85' lang='lat' dir='ltr'><strong>ram</strong></span> <span class='ocrx_word' id='word_1_282' title='bbox 921 3782 1201 3834; x_wconf 68' lang='lat' dir='ltr'><strong>homtnum</strong></span> <span class='ocrx_word' id='word_1_283' title='bbox 1257 3782 1349 3850; x_wconf 89' lang='lat' dir='ltr'><strong>qui</strong></span> <span class='ocrx_word' id='word_1_284' title='bbox 1386 3782 1760 3851; x_wconf 90' lang='lat' dir='ltr'><strong>sequebantur</strong></span> <span class='ocrx_word' id='word_1_285' title='bbox 1813 3780 2217 3835; x_wconf 88' lang='lat' dir='ltr'><strong>multitudinem</strong></span> <span class='ocrx_word' id='word_1_286' title='bbox 2258 3796 2340 3834; x_wconf 87' lang='lat' dir='ltr'><strong>sa-</strong></span> 
     </span>
    </p>
   </div>
   <div class='ocr_carea' id='block_1_42' title="bbox 770 3871 2345 3942">
    <p class='ocr_par' dir='ltr' id='par_1_42' title="bbox 770 3871 2345 3942">
     <span class='ocr_line' id='line_1_42' title="bbox 770 3871 2345 3942; baseline 0 -19"><span class='ocrx_word' id='word_1_287' title='bbox 770 3871 961 3924; x_wconf 88' lang='lat' dir='ltr'><strong>tiatam</strong></span> <span class='ocrx_word' id='word_1_288' title='bbox 989 3871 1153 3925; x_wconf 85' lang='lat' dir='ltr'><strong>esse?</strong></span> <span class='ocrx_word' id='word_1_289' title='bbox 1181 3872 1249 3923; x_wconf 77' lang='lat' dir='ltr'><strong>At</strong></span> <span class='ocrx_word' id='word_1_290' title='bbox 1294 3871 1439 3941; x_wconf 91' lang='lat' dir='ltr'><strong>quod</strong></span> <span class='ocrx_word' id='word_1_291' title='bbox 1470 3872 1661 3925; x_wconf 87' lang='lat' dir='ltr'><strong>beatus</strong></span> <span class='ocrx_word' id='word_1_292' title='bbox 1689 3872 2023 3942; x_wconf 73' lang='lat' dir='ltr'><strong>evangelista</strong></span> <span class='ocrx_word' id='word_1_293' title='bbox 2049 3879 2159 3924; x_wconf 91' lang='lat' dir='ltr'><strong>tam</strong></span> <span class='ocrx_word' id='word_1_294' title='bbox 2183 3886 2345 3925; x_wconf 88' lang='lat' dir='ltr'><strong>accu-</strong></span> 
     </span>
    </p>
   </div>
   <div class='ocr_carea' id='block_1_43' title="bbox 770 3963 2340 4034">
    <p class='ocr_par' dir='ltr' id='par_1_43' title="bbox 770 3963 2340 4034">
     <span class='ocr_line' id='line_1_43' title="bbox 770 3963 2340 4034; baseline -0.001 -17"><span class='ocrx_word' id='word_1_295' title='bbox 770 3972 886 4017; x_wconf 89' lang='lat' dir='ltr'><strong>rate</strong></span> <span class='ocrx_word' id='word_1_296' title='bbox 914 3978 976 4017; x_wconf 91' lang='lat' dir='ltr'><strong>ea</strong></span> <span class='ocrx_word' id='word_1_297' title='bbox 1014 3973 1295 4027; x_wconf 88' lang='lat' dir='ltr'><strong>recenset,</strong></span> <span class='ocrx_word' id='word_1_298' title='bbox 1320 3963 1530 4033; x_wconf 76' lang='lat' dir='ltr'><strong>aliquid</strong></span> <span class='ocrx_word' id='word_1_299' title='bbox 1553 3963 1715 4017; x_wconf 87' lang='lat' dir='ltr'><strong>nobis</strong></span> <span class='ocrx_word' id='word_1_300' title='bbox 1740 3963 2091 4034; x_wconf 88' lang='lat' dir='ltr'><strong>cogitandum</strong></span> <span class='ocrx_word' id='word_1_301' title='bbox 2121 3964 2340 4031; x_wconf 65' lang='lat' dir='ltr'><strong>praebet,</strong></span> 
     </span>
    </p>
   </div>
   <div class='ocr_carea' id='block_1_44' title="bbox 769 4054 2344 4125">
    <p class='ocr_par' dir='ltr' id='par_1_44' title="bbox 769 4054 2344 4125">
     <span class='ocr_line' id='line_1_44' title="bbox 769 4054 2344 4125; baseline 0.003 -19"><span class='ocrx_word' id='word_1_302' title='bbox 769 4057 912 4122; x_wconf 90' lang='lat' dir='ltr'><strong>quod</strong></span> <span class='ocrx_word' id='word_1_303' title='bbox 962 4055 1124 4109; x_wconf 85' lang='lat' dir='ltr'><strong>etiam</strong></span> <span class='ocrx_word' id='word_1_304' title='bbox 1181 4055 1442 4125; x_wconf 81' lang='lat' dir='ltr'><strong>indagare</strong></span> <span class='ocrx_word' id='word_1_305' title='bbox 1493 4064 1577 4111; x_wconf 88' lang='lat' dir='ltr'><strong>est</strong></span> <span class='ocrx_word' id='word_1_306' title='bbox 1628 4057 2030 4111; x_wconf 88' lang='lat' dir='ltr'><strong>necessarium.</strong></span> <span class='ocrx_word' id='word_1_307' title='bbox 2089 4054 2344 4125; x_wconf 76' lang='lat' dir='ltr'><strong>Quinque</strong></span> 
     </span>
    </p>
   </div>
   <div class='ocr_carea' id='block_1_45' title="bbox 768 4147 2343 4216">
    <p class='ocr_par' dir='ltr' id='par_1_45' title="bbox 768 4147 2343 4216">
     <span class='ocr_line' id='line_1_45' title="bbox 768 4147 2343 4216; baseline 0 -17"><span class='ocrx_word' id='word_1_308' title='bbox 768 4160 901 4216; x_wconf 86' lang='lat' dir='ltr'><strong>ergo</strong></span> <span class='ocrx_word' id='word_1_309' title='bbox 938 4161 1104 4215; x_wconf 77' lang='lat' dir='ltr'><strong>panes</strong></span> <span class='ocrx_word' id='word_1_310' title='bbox 1141 4161 1267 4201; x_wconf 90' lang='lat' dir='ltr'><strong>esse</strong></span> <span class='ocrx_word' id='word_1_311' title='bbox 1294 4148 1392 4211; x_wconf 88' lang='lat' dir='ltr'><strong>ait,</strong></span> <span class='ocrx_word' id='word_1_312' title='bbox 1445 4161 1652 4216; x_wconf 89' lang='lat' dir='ltr'><strong>eosque</strong></span> <span class='ocrx_word' id='word_1_313' title='bbox 1688 4147 2043 4211; x_wconf 88' lang='lat' dir='ltr'><strong>hordeaceos,</strong></span> <span class='ocrx_word' id='word_1_314' title='bbox 2080 4148 2221 4203; x_wconf 89' lang='lat' dir='ltr'><strong>duos</strong></span> <span class='ocrx_word' id='word_1_315' title='bbox 2251 4162 2343 4200; x_wconf 91' lang='lat' dir='ltr'><strong>au-</strong></span> 
     </span>
    </p>
   </div>
   <div class='ocr_carea' id='block_1_46' title="bbox 769 4237 2343 4307">
    <p class='ocr_par' dir='ltr' id='par_1_46' title="bbox 769 4237 2343 4307">
     <span class='ocr_line' id='line_1_46' title="bbox 769 4237 2343 4307; baseline 0.003 -20"><span class='ocrx_word' id='word_1_316' title='bbox 769 4244 877 4289; x_wconf 91' lang='lat' dir='ltr'><strong>tem</strong></span> <span class='ocrx_word' id='word_1_317' title='bbox 920 4237 1237 4305; x_wconf 70' lang='lat' dir='ltr'><strong>pisciculos,</strong></span> <span class='ocrx_word' id='word_1_318' title='bbox 1271 4239 1471 4305; x_wconf 87' lang='lat' dir='ltr'><strong>quibus</strong></span> <span class='ocrx_word' id='word_1_319' title='bbox 1522 4237 1776 4293; x_wconf 86' lang='lat' dir='ltr'><strong>Christus</strong></span> <span class='ocrx_word' id='word_1_320' title='bbox 1828 4238 2118 4307; x_wconf 83' lang='lat' dir='ltr'><strong>diligentes</strong></span> <span class='ocrx_word' id='word_1_321' title='bbox 2162 4252 2222 4291; x_wconf 90' lang='lat' dir='ltr'><strong>sc</strong></span> <span class='ocrx_word' id='word_1_322' title='bbox 2255 4253 2343 4307; x_wconf 87' lang='lat' dir='ltr'><strong>pa-</strong></span> 
     </span>
    </p>
   </div>
   <div class='ocr_carea' id='block_1_47' title="bbox 769 4325 2341 4398">
    <p class='ocr_par' dir='ltr' id='par_1_47' title="bbox 769 4325 2341 4398">
     <span class='ocr_line' id='line_1_47' title="bbox 769 4325 2341 4398; baseline 0.003 -20"><span class='ocrx_word' id='word_1_323' title='bbox 769 4325 966 4380; x_wconf 91' lang='lat' dir='ltr'><strong>scitur.</strong></span> <span class='ocrx_word' id='word_1_324' title='bbox 1016 4325 1281 4381; x_wconf 80' lang='lat' dir='ltr'><strong>Existimo</strong></span> <span class='ocrx_word' id='word_1_325' title='bbox 1338 4344 1468 4383; x_wconf 89' lang='lat' dir='ltr'><strong>vcro</strong></span> <span class='ocrx_word' id='word_1_326' title='bbox 1528 4343 1651 4398; x_wconf 90' lang='lat' dir='ltr'><strong>ego,</strong></span> <span class='ocrx_word' id='word_1_327' title='bbox 1705 4336 1928 4383; x_wconf 84' lang='lat' dir='ltr'><strong>servato</strong></span> <span class='ocrx_word' id='word_1_328' title='bbox 1982 4328 2341 4383; x_wconf 89' lang='lat' dir='ltr'><strong>nihilominus</strong></span> 
     </span>
    </p>
   </div>
   <div class='ocr_carea' id='block_1_48' title="bbox 766 4416 2341 4489">
    <p class='ocr_par' dir='ltr' id='par_1_48' title="bbox 766 4416 2341 4489">
     <span class='ocr_line' id='line_1_48' title="bbox 766 4416 2341 4489; baseline 0.004 -19"><span class='ocrx_word' id='word_1_329' title='bbox 766 4416 986 4470; x_wconf 87' lang='lat' dir='ltr'><strong>erudito</strong></span> <span class='ocrx_word' id='word_1_330' title='bbox 1036 4420 1234 4488; x_wconf 89' lang='lat' dir='ltr'><strong>cuique</strong></span> <span class='ocrx_word' id='word_1_331' title='bbox 1282 4434 1383 4473; x_wconf 91' lang='lat' dir='ltr'><strong>suo</strong></span> <span class='ocrx_word' id='word_1_332' title='bbox 1436 4419 1668 4489; x_wconf 89' lang='lat' dir='ltr'><strong>judicio,</strong></span> <span class='ocrx_word' id='word_1_333' title='bbox 1725 4434 1823 4488; x_wconf 89' lang='lat' dir='ltr'><strong>per</strong></span> <span class='ocrx_word' id='word_1_334' title='bbox 1873 4419 2117 4489; x_wconf 88' lang='lat' dir='ltr'><strong>quinque</strong></span> <span class='ocrx_word' id='word_1_335' title='bbox 2167 4436 2341 4488; x_wconf 89' lang='lat' dir='ltr'><strong>panes</strong></span> 
     </span>
    </p>
   </div>
   <div class='ocr_carea' id='block_1_49' title="bbox 2452 594 4037 669">
    <p class='ocr_par' dir='ltr' id='par_1_49' title="bbox 2452 594 4037 669">
     <span class='ocr_line' id='line_1_49' title="bbox 2452 594 4037 669; baseline -0.003 -17"><span class='ocrx_word' id='word_1_336' title='bbox 2452 602 2551 669; x_wconf 80' lang='grc' dir='ltr'><strong>μὲν</strong></span> <span class='ocrx_word' id='word_1_337' title='bbox 2594 599 2902 668; x_wconf 84' lang='grc' dir='ltr'><strong>ἀνθρώποις</strong></span> <span class='ocrx_word' id='word_1_338' title='bbox 2932 596 3248 667; x_wconf 81' lang='grc' dir='ltr'><strong>πρεπούσας</strong></span> <span class='ocrx_word' id='word_1_339' title='bbox 3278 594 3675 665; x_wconf 80' lang='grc' dir='ltr'><strong>σχηματίζεται</strong></span> <span class='ocrx_word' id='word_1_340' title='bbox 3713 594 3926 663; x_wconf 84' lang='grc' dir='ltr'><strong>φωνὰς,</strong></span> <span class='ocrx_word' id='word_1_341' title='bbox 3959 596 4037 659; x_wconf 81' lang='grc' dir='ltr'><strong>ὡς</strong></span> 
     </span>
    </p>
   </div>
   <div class='ocr_carea' id='block_1_50' title="bbox 2448 686 4035 761">
    <p class='ocr_par' dir='ltr' id='par_1_50' title="bbox 2448 686 4035 761">
     <span class='ocr_line' id='line_1_50' title="bbox 2448 686 4035 761; baseline -0.002 -17"><span class='ocrx_word' id='word_1_342' title='bbox 2448 692 2734 761; x_wconf 82' lang='grc' dir='ltr'><strong>ἄνθρωπος</strong></span> <span class='ocrx_word' id='word_1_343' title='bbox 2758 707 2769 717; x_wconf 88' lang='grc'>·</span> <span class='ocrx_word' id='word_1_344' title='bbox 2802 690 3095 761; x_wconf 80' lang='grc' dir='ltr'><strong>θεραπεύει</strong></span> <span class='ocrx_word' id='word_1_345' title='bbox 3123 689 3182 742; x_wconf 87' lang='grc' dir='ltr'><strong>δὲ</strong></span> <span class='ocrx_word' id='word_1_346' title='bbox 3222 688 3387 741; x_wconf 89' lang='grc' dir='ltr'><strong>πάλιν</strong></span> <span class='ocrx_word' id='word_1_347' title='bbox 3417 686 3527 739; x_wconf 85' lang='grc' dir='ltr'><strong>τῶν</strong></span> <span class='ocrx_word' id='word_1_348' title='bbox 3549 688 3923 757; x_wconf 77' lang='grc' dir='ltr'><strong>ἀκροωμένων</strong></span> <span class='ocrx_word' id='word_1_349' title='bbox 3939 688 4035 742; x_wconf 75' lang='grc' dir='ltr'><strong>τὸν</strong></span> 
     </span>
    </p>
   </div>
   <div class='ocr_carea' id='block_1_51' title="bbox 2450 778 4032 851">
    <p class='ocr_par' dir='ltr' id='par_1_51' title="bbox 2450 778 4032 851">
     <span class='ocr_line' id='line_1_51' title="bbox 2450 778 4032 851; baseline 0 -19"><span class='ocrx_word' id='word_1_350' title='bbox 2450 781 2595 844; x_wconf 75' lang='grc' dir='ltr'><strong>νοῦν,</strong></span> <span class='ocrx_word' id='word_1_351' title='bbox 2620 781 2940 851; x_wconf 83' lang='grc' dir='ltr'><strong>σοφωτάτην</strong></span> <span class='ocrx_word' id='word_1_352' title='bbox 2973 780 3086 833; x_wconf 71' lang='grc' dir='ltr'><strong>ἔσθ’</strong></span> <span class='ocrx_word' id='word_1_353' title='bbox 3109 781 3199 833; x_wconf 84' lang='grc' dir='ltr'><strong>ὅτε</strong></span> <span class='ocrx_word' id='word_1_354' title='bbox 3230 778 3555 848; x_wconf 85' lang='grc' dir='ltr'><strong>ποιούμενος</strong></span> <span class='ocrx_word' id='word_1_355' title='bbox 3574 778 3676 848; x_wconf 81' lang='grc' dir='ltr'><strong>τὴν</strong></span> <span class='ocrx_word' id='word_1_356' title='bbox 3702 779 4032 851; x_wconf 76' lang='grc' dir='ltr'><strong>ἐπαγωγὴν,</strong></span> 
     </span>
    </p>
   </div>
   <div class='ocr_carea' id='block_1_52' title="bbox 2449 871 4029 945">
    <p class='ocr_par' dir='ltr' id='par_1_52' title="bbox 2449 871 4029 945">
     <span class='ocr_line' id='line_1_52' title="bbox 2449 871 4029 945; baseline -0.004 -16"><span class='ocrx_word' id='word_1_357' title='bbox 2449 876 2525 938; x_wconf 85' lang='grc' dir='ltr'><strong>ὡς</strong></span> <span class='ocrx_word' id='word_1_358' title='bbox 2552 876 2611 927; x_wconf 87' lang='grc' dir='ltr'><strong>ἐν</strong></span> <span class='ocrx_word' id='word_1_359' title='bbox 2631 874 2732 945; x_wconf 85' lang='grc' dir='ltr'><strong>τῷ,</strong></span> <span class='ocrx_word' id='word_1_360' title='bbox 2753 893 2773 926; x_wconf 76' lang='grc' dir='ltr'><strong>ι</strong></span> <span class='ocrx_word' id='word_1_361' title='bbox 2803 874 3010 944; x_wconf 82' lang='grc' dir='ltr'><strong>Πάτερ,</strong></span> <span class='ocrx_word' id='word_1_362' title='bbox 3032 871 3346 943; x_wconf 82' lang='grc' dir='ltr'><strong>εὐχαριστῶ</strong></span> <span class='ocrx_word' id='word_1_363' title='bbox 3366 887 3471 935; x_wconf 94' lang='grc' dir='ltr'><strong>σοι,</strong></span> <span class='ocrx_word' id='word_1_364' title='bbox 3500 871 3585 923; x_wconf 84' lang='grc' dir='ltr'><strong>ὅτι</strong></span> <span class='ocrx_word' id='word_1_365' title='bbox 3605 872 3843 941; x_wconf 73' lang='grc' dir='ltr'><strong>ἤκουσά,</strong></span> <span class='ocrx_word' id='word_1_366' title='bbox 3869 888 4029 941; x_wconf 76' lang='grc' dir='ltr'><strong>μου.»</strong></span> 
     </span>
    </p>
   </div>
   <div class='ocr_carea' id='block_1_53' title="bbox 2461 962 4036 1037">
    <p class='ocr_par' dir='ltr' id='par_1_53' title="bbox 2461 962 4036 1037">
     <span class='ocr_line' id='line_1_53' title="bbox 2461 962 4036 1037; baseline -0.002 -17"><span class='ocrx_word' id='word_1_367' title='bbox 2461 965 2649 1037; x_wconf 80' lang='grc' dir='ltr'><strong>Ὁρᾷς,</strong></span> <span class='ocrx_word' id='word_1_368' title='bbox 2686 966 2836 1028; x_wconf 85' lang='grc' dir='ltr'><strong>ὅπως</strong></span> <span class='ocrx_word' id='word_1_369' title='bbox 2873 962 3353 1035; x_wconf 78' lang='grc' dir='ltr'><strong>ἀνθρωποπρεπὴς</strong></span> <span class='ocrx_word' id='word_1_370' title='bbox 3381 964 3410 1017; x_wconf 90' lang='grc' dir='ltr'><strong>ό</strong></span> <span class='ocrx_word' id='word_1_371' title='bbox 3434 962 3591 1032; x_wconf 89' lang='grc' dir='ltr'><strong>λόγος</strong></span> <span class='ocrx_word' id='word_1_372' title='bbox 3610 1003 3624 1026; x_wconf 91' lang='grc'><strong>,</strong></span> <span class='ocrx_word' id='word_1_373' title='bbox 3656 962 3752 1016; x_wconf 78' lang='grc' dir='ltr'><strong>καὶ</strong></span> <span class='ocrx_word' id='word_1_374' title='bbox 3791 963 3896 1031; x_wconf 77' lang='grc' dir='ltr'><strong>τὴν</strong></span> <span class='ocrx_word' id='word_1_375' title='bbox 3923 964 4036 1017; x_wconf 83' lang='grc' dir='ltr'><strong>τῶν</strong></span> 
     </span>
    </p>
   </div>
   <div class='ocr_carea' id='block_1_54' title="bbox 2448 1054 4036 1128">
    <p class='ocr_par' dir='ltr' id='par_1_54' title="bbox 2448 1054 4036 1128">
     <span class='ocr_line' id='line_1_54' title="bbox 2448 1054 4036 1128; baseline -0.004 -15"><span class='ocrx_word' id='word_1_376' title='bbox 2448 1056 2854 1128; x_wconf 86' lang='grc' dir='ltr'><strong>ἀκεραιοτέρων</strong></span> <span class='ocrx_word' id='word_1_377' title='bbox 2884 1056 3125 1110; x_wconf 88' lang='grc' dir='ltr'><strong>διάνοιαν</strong></span> <span class='ocrx_word' id='word_1_378' title='bbox 3161 1054 3461 1126; x_wconf 83' lang='grc' dir='ltr'><strong>ἐκταράξαι</strong></span> <span class='ocrx_word' id='word_1_379' title='bbox 3506 1057 3843 1124; x_wconf 69' lang='grc' dir='ltr'><strong>δυνάμενος,</strong></span> <span class='ocrx_word' id='word_1_380' title='bbox 3890 1054 4036 1108; x_wconf 83' lang='grc' dir='ltr'><strong>Ἀλλ’</strong></span> 
     </span>
    </p>
   </div>
   <div class='ocr_carea' id='block_1_55' title="bbox 2449 1142 4036 1216">
    <p class='ocr_par' dir='ltr' id='par_1_55' title="bbox 2449 1142 4036 1216">
     <span class='ocr_line' id='line_1_55' title="bbox 2449 1142 4036 1216; baseline -0.003 -17"><span class='ocrx_word' id='word_1_381' title='bbox 2449 1147 2538 1199; x_wconf 84' lang='grc' dir='ltr'><strong>ὅτε</strong></span> <span class='ocrx_word' id='word_1_382' title='bbox 2563 1144 2721 1199; x_wconf 87' lang='grc' dir='ltr'><strong>τοῦτό</strong></span> <span class='ocrx_word' id='word_1_383' title='bbox 2762 1162 2949 1216; x_wconf 83' lang='grc' dir='ltr'><strong>φησιν,</strong></span> <span class='ocrx_word' id='word_1_384' title='bbox 2982 1143 3060 1206; x_wconf 84' lang='grc' dir='ltr'><strong>ὡς</strong></span> <span class='ocrx_word' id='word_1_385' title='bbox 3084 1142 3398 1213; x_wconf 79' lang='grc' dir='ltr'><strong>ἄνθρωπος,</strong></span> <span class='ocrx_word' id='word_1_386' title='bbox 3430 1142 3552 1196; x_wconf 90' lang='grc' dir='ltr'><strong>τότε</strong></span> <span class='ocrx_word' id='word_1_387' title='bbox 3579 1142 3644 1213; x_wconf 81' lang='grc' dir='ltr'><strong>δὴ</strong></span> <span class='ocrx_word' id='word_1_388' title='bbox 3673 1142 3835 1195; x_wconf 83' lang='grc' dir='ltr'><strong>πάλιν</strong></span> <span class='ocrx_word' id='word_1_389' title='bbox 3868 1142 4036 1205; x_wconf 77' lang='grc' dir='ltr'><strong>εὐθὺς</strong></span> 
     </span>
    </p>
   </div>
   <div class='ocr_carea' id='block_1_56' title="bbox 2449 1233 4036 1306">
    <p class='ocr_par' dir='ltr' id='par_1_56' title="bbox 2449 1233 4036 1306">
     <span class='ocr_line' id='line_1_56' title="bbox 2449 1233 4036 1306; baseline -0.001 -18"><span class='ocrx_word' id='word_1_390' title='bbox 2449 1253 2549 1306; x_wconf 87' lang='grc' dir='ltr'><strong>της</strong></span> <span class='ocrx_word' id='word_1_391' title='bbox 2577 1235 2890 1305; x_wconf 76' lang='grc' dir='ltr'><strong>οἰκονομίας</strong></span> <span class='ocrx_word' id='word_1_392' title='bbox 2912 1234 3193 1304; x_wconf 76' lang='grc' dir='ltr'><strong>ἐξηγεῖται</strong></span> <span class='ocrx_word' id='word_1_393' title='bbox 3216 1234 3308 1287; x_wconf 81' lang='grc' dir='ltr'><strong>τὸν</strong></span> <span class='ocrx_word' id='word_1_394' title='bbox 3335 1233 3559 1303; x_wconf 82' lang='grc' dir='ltr'><strong>τρόπον,</strong></span> <span class='ocrx_word' id='word_1_395' title='bbox 3586 1234 3681 1287; x_wconf 77' lang='grc' dir='ltr'><strong>καὶ</strong></span> <span class='ocrx_word' id='word_1_396' title='bbox 3705 1234 3798 1288; x_wconf 83' lang='grc' dir='ltr'><strong>τὸν</strong></span> <span class='ocrx_word' id='word_1_397' title='bbox 3836 1234 3936 1288; x_wconf 85' lang='grc' dir='ltr'><strong>ἐπὶ</strong></span> <span class='ocrx_word' id='word_1_398' title='bbox 3955 1234 4036 1305; x_wconf 89' lang='grc' dir='ltr'>τῷ</span> 
     </span>
    </p>
   </div>
   <div class='ocr_carea' id='block_1_57' title="bbox 2452 1323 4036 1397">
    <p class='ocr_par' dir='ltr' id='par_1_57' title="bbox 2452 1323 4036 1397">
     <span class='ocr_line' id='line_1_57' title="bbox 2452 1323 4036 1397; baseline -0.003 -16"><span class='ocrx_word' id='word_1_399' title='bbox 2452 1326 2739 1397; x_wconf 86' lang='grc' dir='ltr'><strong>βούλεσθαι</strong></span> <span class='ocrx_word' id='word_1_400' title='bbox 2765 1325 3050 1379; x_wconf 82' lang='grc' dir='ltr'>λανθάνειν</span> <span class='ocrx_word' id='word_1_401' title='bbox 3082 1324 3307 1387; x_wconf 85' lang='grc' dir='ltr'><strong>σκοπὸν,</strong></span> <span class='ocrx_word' id='word_1_402' title='bbox 3340 1325 3540 1396; x_wconf 79' lang='grc' dir='ltr'><strong>ἄριστα</strong></span> <span class='ocrx_word' id='word_1_403' title='bbox 3576 1323 3643 1393; x_wconf 78' lang='grc' dir='ltr'><strong>δὴ</strong></span> <span class='ocrx_word' id='word_1_404' title='bbox 3678 1323 3807 1377; x_wconf 90' lang='grc' dir='ltr'><strong>λίαν</strong></span> <span class='ocrx_word' id='word_1_405' title='bbox 3832 1324 4036 1376; x_wconf 75' lang='grc' dir='ltr'><strong>οίκονοο</strong></span> 
     </span>
    </p>
   </div>
   <div class='ocr_carea' id='block_1_58' title="bbox 2453 1412 4036 1484">
    <p class='ocr_par' dir='ltr' id='par_1_58' title="bbox 2453 1412 4036 1484">
     <span class='ocr_line' id='line_1_58' title="bbox 2453 1412 4036 1484; baseline -0.001 -17"><span class='ocrx_word' id='word_1_406' title='bbox 2453 1416 2593 1483; x_wconf 83' lang='grc' dir='ltr'><strong>μῶν,</strong></span> <span class='ocrx_word' id='word_1_407' title='bbox 2625 1416 2720 1467; x_wconf 73' lang='grc' dir='ltr'><strong>καὶ</strong></span> <span class='ocrx_word' id='word_1_408' title='bbox 2746 1413 3103 1484; x_wconf 81' lang='grc' dir='ltr'><strong>ἀνατειχίζων</strong></span> <span class='ocrx_word' id='word_1_409' title='bbox 3130 1412 3576 1482; x_wconf 84' lang='grc' dir='ltr'><strong>παραλελυμένον</strong></span> <span class='ocrx_word' id='word_1_410' title='bbox 3610 1430 3719 1465; x_wconf 90' lang='grc' dir='ltr'><strong>των</strong></span> <span class='ocrx_word' id='word_1_411' title='bbox 3740 1412 4036 1466; x_wconf 83' lang='grc' dir='ltr'><strong>ἁπλουστέ-</strong></span> 
     </span>
    </p>
   </div>
   <div class='ocr_carea' id='block_1_59' title="bbox 2455 1502 4036 1576">
    <p class='ocr_par' dir='ltr' id='par_1_59' title="bbox 2455 1502 4036 1576">
     <span class='ocr_line' id='line_1_59' title="bbox 2455 1502 4036 1576; baseline -0.001 -17"><span class='ocrx_word' id='word_1_412' title='bbox 2455 1522 2563 1576; x_wconf 89' lang='grc' dir='ltr'><strong>ρων</strong></span> <span class='ocrx_word' id='word_1_413' title='bbox 2596 1506 2688 1559; x_wconf 82' lang='grc' dir='ltr'><strong>τδν</strong></span> <span class='ocrx_word' id='word_1_414' title='bbox 2713 1504 2859 1559; x_wconf 83' lang='grc' dir='ltr'><strong>νοῦν.</strong></span> <span class='ocrx_word' id='word_1_415' title='bbox 2900 1522 2920 1556; x_wconf 80' lang='grc' dir='ltr'><strong>ι</strong></span> <span class='ocrx_word' id='word_1_416' title='bbox 2962 1502 3106 1571; x_wconf 85' lang='grc' dir='ltr'><strong>Ἐγὼ</strong></span> <span class='ocrx_word' id='word_1_417' title='bbox 3126 1504 3235 1573; x_wconf 76' lang='grc' dir='ltr'><strong>γὰρ</strong></span> <span class='ocrx_word' id='word_1_418' title='bbox 3267 1503 3434 1574; x_wconf 70' lang='grc' dir='ltr'><strong>ᾔδειν,</strong></span> <span class='ocrx_word' id='word_1_419' title='bbox 3466 1504 3654 1573; x_wconf 79' lang='grc' dir='ltr'><strong>φησὶν,</strong></span> <span class='ocrx_word' id='word_1_420' title='bbox 3685 1504 3771 1557; x_wconf 86' lang='grc' dir='ltr'><strong>ὅτι</strong></span> <span class='ocrx_word' id='word_1_421' title='bbox 3796 1503 4036 1558; x_wconf 82' lang='grc' dir='ltr'><strong>πάντοτέ</strong></span> 
     </span>
    </p>
   </div>
   <div class='ocr_carea' id='block_1_60' title="bbox 2453 1591 4037 1666">
    <p class='ocr_par' dir='ltr' id='par_1_60' title="bbox 2453 1591 4037 1666">
     <span class='ocr_line' id='line_1_60' title="bbox 2453 1591 4037 1666; baseline -0.001 -17"><span class='ocrx_word' id='word_1_422' title='bbox 2453 1614 2557 1666; x_wconf 90' lang='grc' dir='ltr'><strong>μου</strong></span> <span class='ocrx_word' id='word_1_423' title='bbox 2588 1596 2827 1659; x_wconf 84' lang='grc' dir='ltr'><strong>ἀκούεις.</strong></span> <span class='ocrx_word' id='word_1_424' title='bbox 2863 1614 2883 1649; x_wconf 74' lang='grc' dir='ltr'><strong>ι</strong></span> <span class='ocrx_word' id='word_1_425' title='bbox 2916 1596 3073 1659; x_wconf 86' lang='grc' dir='ltr'><strong>Τίνος</strong></span> <span class='ocrx_word' id='word_1_426' title='bbox 3098 1591 3191 1648; x_wconf 87' lang='grc' dir='ltr'><strong>οῦν</strong></span> <span class='ocrx_word' id='word_1_427' title='bbox 3220 1597 3383 1649; x_wconf 82' lang='grc' dir='ltr'><strong>ἐνεκα</strong></span> <span class='ocrx_word' id='word_1_428' title='bbox 3411 1596 3639 1650; x_wconf 87' lang='grc' dir='ltr'><strong>τοιαῦτα</strong></span> <span class='ocrx_word' id='word_1_429' title='bbox 3676 1596 3861 1660; x_wconf 81' lang='grc' dir='ltr'><strong>λαλεῖς</strong></span> <span class='ocrx_word' id='word_1_430' title='bbox 3886 1613 3903 1662; x_wconf 88' lang='lat'><strong>;</strong></span> <span class='ocrx_word' id='word_1_431' title='bbox 3938 1596 4037 1648; x_wconf 80' lang='grc' dir='ltr'><strong>Διά</strong></span> 
     </span>
    </p>
   </div>
   <div class='ocr_carea' id='block_1_61' title="bbox 2450 1685 4033 1760">
    <p class='ocr_par' dir='ltr' id='par_1_61' title="bbox 2450 1685 4033 1760">
     <span class='ocr_line' id='line_1_61' title="bbox 2450 1685 4033 1760; baseline 0 -19"><span class='ocrx_word' id='word_1_432' title='bbox 2450 1688 2541 1741; x_wconf 84' lang='grc' dir='ltr'><strong>τὸν</strong></span> <span class='ocrx_word' id='word_1_433' title='bbox 2582 1688 2739 1757; x_wconf 76' lang='grc' dir='ltr'><strong>ὄχλον</strong></span> <span class='ocrx_word' id='word_1_434' title='bbox 2779 1689 2871 1743; x_wconf 81' lang='grc' dir='ltr'><strong>τὸν</strong></span> <span class='ocrx_word' id='word_1_435' title='bbox 2909 1688 3253 1760; x_wconf 86' lang='grc' dir='ltr'>περιεστῶτα</span> <span class='ocrx_word' id='word_1_436' title='bbox 3287 1685 3443 1741; x_wconf 76' lang='grc' dir='ltr'><strong>εἷπον</strong></span> <span class='ocrx_word' id='word_1_437' title='bbox 3466 1729 3481 1754; x_wconf 93' lang='grc'><strong>,</strong></span> <span class='ocrx_word' id='word_1_438' title='bbox 3527 1690 3613 1743; x_wconf 81' lang='grc' dir='ltr'><strong>ῐνα</strong></span> <span class='ocrx_word' id='word_1_439' title='bbox 3668 1688 4033 1752; x_wconf 87' lang='grc' dir='ltr'><strong>πιστεύσωσι,</strong></span> 
     </span>
    </p>
   </div>
   <div class='ocr_carea' id='block_1_62' title="bbox 2452 1773 4035 1850">
    <p class='ocr_par' dir='ltr' id='par_1_62' title="bbox 2452 1773 4035 1850">
     <span class='ocr_line' id='line_1_62' title="bbox 2452 1773 4035 1850; baseline 0.001 -20"><span class='ocrx_word' id='word_1_440' title='bbox 2452 1778 2638 1847; x_wconf 80' lang='grc' dir='ltr'><strong>φησὶν,</strong></span> <span class='ocrx_word' id='word_1_441' title='bbox 2658 1780 2740 1831; x_wconf 82' lang='grc' dir='ltr'><strong>ὅτι</strong></span> <span class='ocrx_word' id='word_1_442' title='bbox 2766 1778 2830 1831; x_wconf 94' lang='grc' dir='ltr'><strong>σύ</strong></span> <span class='ocrx_word' id='word_1_443' title='bbox 2863 1795 2929 1848; x_wconf 90' lang='grc' dir='ltr'><strong>με</strong></span> <span class='ocrx_word' id='word_1_444' title='bbox 2951 1778 3297 1843; x_wconf 77' lang='grc' dir='ltr'><strong>ἀπέστειλας.</strong></span> <span class='ocrx_word' id='word_1_445' title='bbox 3324 1775 3453 1850; x_wconf 77' lang='lat' dir='ltr'><strong>&#39;Ap’</strong></span> <span class='ocrx_word' id='word_1_446' title='bbox 3477 1773 3571 1833; x_wconf 88' lang='grc' dir='ltr'><strong>οῦν</strong></span> <span class='ocrx_word' id='word_1_447' title='bbox 3600 1780 3702 1833; x_wconf 77' lang='grc' dir='ltr'><strong>οὐκ</strong></span> <span class='ocrx_word' id='word_1_448' title='bbox 3726 1780 3794 1833; x_wconf 81' lang='grc' dir='ltr'><strong>ἀν</strong></span> <span class='ocrx_word' id='word_1_449' title='bbox 3822 1780 4035 1847; x_wconf 88' lang='grc' dir='ltr'><strong>γένοιτο</strong></span> 
     </span>
    </p>
   </div>
   <div class='ocr_carea' id='block_1_63' title="bbox 2448 1867 4003 1940">
    <p class='ocr_par' dir='ltr' id='par_1_63' title="bbox 2448 1867 4003 1940">
     <span class='ocr_line' id='line_1_63' title="bbox 2448 1867 4003 1940; baseline -0.002 -17"><span class='ocrx_word' id='word_1_450' title='bbox 2448 1870 2535 1923; x_wconf 86' lang='grc' dir='ltr'><strong>διὰ</strong></span> <span class='ocrx_word' id='word_1_451' title='bbox 2565 1867 2773 1923; x_wconf 88' lang='grc' dir='ltr'><strong>τούτων</strong></span> <span class='ocrx_word' id='word_1_452' title='bbox 2807 1869 3142 1938; x_wconf 80' lang='grc' dir='ltr'><strong>καταφανὲς,</strong></span> <span class='ocrx_word' id='word_1_453' title='bbox 3183 1870 3265 1925; x_wconf 82' lang='grc' dir='ltr'><strong>ὅτι</strong></span> <span class='ocrx_word' id='word_1_454' title='bbox 3309 1868 3663 1940; x_wconf 79' lang='grc' dir='ltr'><strong>πολυτρόπως</strong></span> <span class='ocrx_word' id='word_1_455' title='bbox 3693 1871 3842 1939; x_wconf 54' lang='lat' dir='ltr'><strong>qua,</strong></span> <span class='ocrx_word' id='word_1_456' title='bbox 3886 1869 4003 1937; x_wconf 75' lang='grc' dir='ltr'><strong>ὠφε</strong></span> 
     </span>
    </p>
   </div>
   <div class='ocr_carea' id='block_1_64' title="bbox 2448 1961 4034 2033">
    <p class='ocr_par' dir='ltr' id='par_1_64' title="bbox 2448 1961 4034 2033">
     <span class='ocr_line' id='line_1_64' title="bbox 2448 1961 4034 2033; baseline -0.002 -17"><span class='ocrx_word' id='word_1_457' title='bbox 2448 1962 2557 2016; x_wconf 88' lang='grc' dir='ltr'>λῶν</span> <span class='ocrx_word' id='word_1_458' title='bbox 2575 2003 2590 2029; x_wconf 92' lang='grc'>,</span> <span class='ocrx_word' id='word_1_459' title='bbox 2620 1964 2716 2016; x_wconf 80' lang='grc' dir='ltr'><strong>καὶ</strong></span> <span class='ocrx_word' id='word_1_460' title='bbox 2757 1962 2850 2015; x_wconf 82' lang='grc' dir='ltr'><strong>τὸν</strong></span> <span class='ocrx_word' id='word_1_461' title='bbox 2878 1962 3259 2033; x_wconf 78' lang='grc' dir='ltr'><strong>κεκρυμμένον</strong></span> <span class='ocrx_word' id='word_1_462' title='bbox 3286 1962 3387 2032; x_wconf 84' lang='grc' dir='ltr'><strong>τῆς</strong></span> <span class='ocrx_word' id='word_1_463' title='bbox 3421 1961 3565 2032; x_wconf 89' lang='grc' dir='ltr'><strong>μετά</strong></span> <span class='ocrx_word' id='word_1_464' title='bbox 3594 1961 3796 2031; x_wconf 76' lang='grc' dir='ltr'><strong>σαρκὸς</strong></span> <span class='ocrx_word' id='word_1_465' title='bbox 3821 1962 4034 2013; x_wconf 77' lang='grc' dir='ltr'><strong>οῐκονο⁹</strong></span> 
     </span>
    </p>
   </div>
   <div class='ocr_carea' id='block_1_65' title="bbox 2452 2052 4033 2127">
    <p class='ocr_par' dir='ltr' id='par_1_65' title="bbox 2452 2052 4033 2127">
     <span class='ocr_line' id='line_1_65' title="bbox 2452 2052 4033 2127; baseline -0.001 -20"><span class='ocrx_word' id='word_1_466' title='bbox 2452 2054 2601 2125; x_wconf 90' lang='grc' dir='ltr'><strong>μίας,</strong></span> <span class='ocrx_word' id='word_1_467' title='bbox 2641 2056 2717 2118; x_wconf 88' lang='grc' dir='ltr'><strong>ὡς</strong></span> <span class='ocrx_word' id='word_1_468' title='bbox 2748 2055 2814 2109; x_wconf 79' lang='grc' dir='ltr'><strong>ἂν</strong></span> <span class='ocrx_word' id='word_1_469' title='bbox 2834 2055 2984 2126; x_wconf 85' lang='grc' dir='ltr'><strong>αύτῳ</strong></span> <span class='ocrx_word' id='word_1_470' title='bbox 3010 2054 3235 2127; x_wconf 88' lang='grc' dir='ltr'><strong>πρέποι,</strong></span> <span class='ocrx_word' id='word_1_471' title='bbox 3258 2053 3490 2107; x_wconf 91' lang='grc' dir='ltr'><strong>διανύων</strong></span> <span class='ocrx_word' id='word_1_472' title='bbox 3517 2052 3739 2115; x_wconf 77' lang='grc' dir='ltr'><strong>σκοπὸν,</strong></span> <span class='ocrx_word' id='word_1_473' title='bbox 3769 2052 4033 2106; x_wconf 81' lang='grc' dir='ltr'><strong>ταπεινό-</strong></span> 
     </span>
    </p>
   </div>
   <div class='ocr_carea' id='block_1_66' title="bbox 2446 2141 4031 2217">
    <p class='ocr_par' dir='ltr' id='par_1_66' title="bbox 2446 2141 4031 2217">
     <span class='ocr_line' id='line_1_66' title="bbox 2446 2141 4031 2217; baseline -0.001 -18"><span class='ocrx_word' id='word_1_474' title='bbox 2446 2146 2585 2217; x_wconf 87' lang='grc' dir='ltr'><strong>τερά</strong></span> <span class='ocrx_word' id='word_1_475' title='bbox 2617 2163 2764 2209; x_wconf 87' lang='grc' dir='ltr'><strong>πως,</strong></span> <span class='ocrx_word' id='word_1_476' title='bbox 2805 2146 2838 2217; x_wconf 78' lang='grc' dir='ltr'>ἢ</span> <span class='ocrx_word' id='word_1_477' title='bbox 2874 2148 2932 2199; x_wconf 86' lang='grc' dir='ltr'><strong>ἐν</strong></span> <span class='ocrx_word' id='word_1_478' title='bbox 2974 2141 3056 2210; x_wconf 71' lang='grc' dir='ltr'><strong>οἷς</strong></span> <span class='ocrx_word' id='word_1_479' title='bbox 3096 2147 3245 2199; x_wconf 87' lang='grc' dir='ltr'><strong>ἐστιν</strong></span> <span class='ocrx_word' id='word_1_480' title='bbox 3283 2144 3501 2216; x_wconf 84' lang='grc' dir='ltr'><strong>ἀληθῶς</strong></span> <span class='ocrx_word' id='word_1_481' title='bbox 3524 2186 3539 2210; x_wconf 93' lang='grc'><strong>,</strong></span> <span class='ocrx_word' id='word_1_482' title='bbox 3572 2144 3665 2197; x_wconf 76' lang='grc' dir='ltr'><strong>ἔσθ</strong></span> <span class='ocrx_word' id='word_1_483' title='bbox 3711 2146 3801 2197; x_wconf 85' lang='grc' dir='ltr'><strong>ὅτε</strong></span> <span class='ocrx_word' id='word_1_484' title='bbox 3838 2144 4031 2209; x_wconf 85' lang='grc' dir='ltr'><strong>λαλεῖ;</strong></span> 
     </span>
    </p>
   </div>
   <div class='ocr_carea' id='block_1_67' title="bbox 2458 2235 4027 2310">
    <p class='ocr_par' dir='ltr' id='par_1_67' title="bbox 2458 2235 4027 2310">
     <span class='ocr_line' id='line_1_67' title="bbox 2458 2235 4027 2310; baseline 0 -19"><span class='ocrx_word' id='word_1_485' title='bbox 2458 2240 2546 2303; x_wconf 81' lang='grc' dir='ltr'><strong>Ὠς</strong></span> <span class='ocrx_word' id='word_1_486' title='bbox 2576 2235 2669 2293; x_wconf 86' lang='grc' dir='ltr'><strong>οῦν</strong></span> <span class='ocrx_word' id='word_1_487' title='bbox 2694 2240 2751 2292; x_wconf 85' lang='grc' dir='ltr'><strong>ἐν</strong></span> <span class='ocrx_word' id='word_1_488' title='bbox 2776 2240 2970 2310; x_wconf 81' lang='grc' dir='ltr'><strong>ἐγείνῳ</strong></span> <span class='ocrx_word' id='word_1_489' title='bbox 2988 2238 3353 2308; x_wconf 73' lang='grc' dir='ltr'><strong>οἰκονομικῶς</strong></span> <span class='ocrx_word' id='word_1_490' title='bbox 3373 2238 3487 2302; x_wconf 84' lang='grc' dir='ltr'><strong>τό,ι</strong></span> <span class='ocrx_word' id='word_1_491' title='bbox 3512 2237 3835 2308; x_wconf 82' lang='grc' dir='ltr'><strong>Εὑχαριστῶ</strong></span> <span class='ocrx_word' id='word_1_492' title='bbox 3868 2254 3977 2304; x_wconf 91' lang='grc' dir='ltr'><strong>σοι,</strong></span> <span class='ocrx_word' id='word_1_493' title='bbox 4008 2257 4027 2291; x_wconf 75' lang='grc' dir='ltr'><strong><em>ο</em></strong></span> 
     </span>
    </p>
   </div>
   <div class='ocr_carea' id='block_1_68' title="bbox 2449 2328 4033 2401">
    <p class='ocr_par' dir='ltr' id='par_1_68' title="bbox 2449 2328 4033 2401">
     <span class='ocr_line' id='line_1_68' title="bbox 2449 2328 4033 2401; baseline -0.001 -18"><span class='ocrx_word' id='word_1_494' title='bbox 2449 2330 2818 2399; x_wconf 91' lang='grc' dir='ltr'><strong>λαμϐάνεται,</strong></span> <span class='ocrx_word' id='word_1_495' title='bbox 2861 2329 3033 2393; x_wconf 68' lang='grc' dir='ltr'><strong>οὕτως</strong></span> <span class='ocrx_word' id='word_1_496' title='bbox 3076 2330 3170 2382; x_wconf 78' lang='grc' dir='ltr'><strong>καὶ</strong></span> <span class='ocrx_word' id='word_1_497' title='bbox 3218 2328 3452 2382; x_wconf 79' lang='grc' dir='ltr'><strong>ἐνταῦθα</strong></span> <span class='ocrx_word' id='word_1_498' title='bbox 3499 2329 3582 2394; x_wconf 82' lang='grc' dir='ltr'><strong>τὸ,</strong></span> <span class='ocrx_word' id='word_1_499' title='bbox 3607 2329 3912 2401; x_wconf 75' lang='grc' dir='ltr'><strong>εὐλογήσας</strong></span> <span class='ocrx_word' id='word_1_500' title='bbox 3942 2330 4033 2382; x_wconf 77' lang='grc' dir='ltr'><strong>ἐπὶ</strong></span> 
     </span>
    </p>
   </div>
   <div class='ocr_carea' id='block_1_69' title="bbox 2447 2419 4031 2491">
    <p class='ocr_par' dir='ltr' id='par_1_69' title="bbox 2447 2419 4031 2491">
     <span class='ocr_line' id='line_1_69' title="bbox 2447 2419 4031 2491; baseline -0.001 -17"><span class='ocrx_word' id='word_1_501' title='bbox 2447 2420 2557 2474; x_wconf 83' lang='grc' dir='ltr'><strong>τῶν</strong></span> <span class='ocrx_word' id='word_1_502' title='bbox 2601 2421 3050 2491; x_wconf 82' lang='grc' dir='ltr'><strong>ἄρτων,νοεῖται.</strong></span> <span class='ocrx_word' id='word_1_503' title='bbox 3100 2420 3447 2490; x_wconf 83' lang='grc' dir='ltr'><strong>Σημειωτέον</strong></span> <span class='ocrx_word' id='word_1_504' title='bbox 3486 2420 3581 2484; x_wconf 79' lang='grc' dir='ltr'><strong>δὲ,</strong></span> <span class='ocrx_word' id='word_1_505' title='bbox 3633 2420 3715 2473; x_wconf 87' lang='grc' dir='ltr'><strong>δτι</strong></span> <span class='ocrx_word' id='word_1_506' title='bbox 3762 2422 3892 2473; x_wconf 78' lang='grc' dir='ltr'><strong>ἀντὶ</strong></span> <span class='ocrx_word' id='word_1_507' title='bbox 3938 2419 4031 2475; x_wconf 85' lang='grc' dir='ltr'><strong>τοῦ</strong></span> 
     </span>
    </p>
   </div>
   <div class='ocr_carea' id='block_1_70' title="bbox 2447 2508 4027 2579">
    <p class='ocr_par' dir='ltr' id='par_1_70' title="bbox 2447 2508 4027 2579">
     <span class='ocr_line' id='line_1_70' title="bbox 2447 2508 4027 2579; baseline 0.001 -17"><span class='ocrx_word' id='word_1_508' title='bbox 2447 2508 2883 2579; x_wconf 82' lang='grc' dir='ltr'><strong>εὐχαριστήσας,</strong></span> <span class='ocrx_word' id='word_1_509' title='bbox 2923 2510 2984 2561; x_wconf 88' lang='grc' dir='ltr'><strong>τὸ</strong></span> <span class='ocrx_word' id='word_1_510' title='bbox 3037 2508 3354 2577; x_wconf 86' lang='grc' dir='ltr'><strong>Εύλογήσας</strong></span> <span class='ocrx_word' id='word_1_511' title='bbox 3410 2509 3633 2579; x_wconf 71' lang='grc' dir='ltr'><strong>εἴρηκεν</strong></span> <span class='ocrx_word' id='word_1_512' title='bbox 3669 2511 3698 2561; x_wconf 86' lang='grc' dir='ltr'><strong>δ</strong></span> <span class='ocrx_word' id='word_1_513' title='bbox 3724 2510 4027 2573; x_wconf 82' lang='grc' dir='ltr'><strong>Ματθαῖος,</strong></span> 
     </span>
    </p>
   </div>
   <div class='ocr_carea' id='block_1_71' title="bbox 2447 2600 4030 2671">
    <p class='ocr_par' dir='ltr' id='par_1_71' title="bbox 2447 2600 4030 2671">
     <span class='ocr_line' id='line_1_71' title="bbox 2447 2600 4030 2671; baseline 0.001 -18"><span class='ocrx_word' id='word_1_514' title='bbox 2447 2600 2779 2670; x_wconf 84' lang='grc' dir='ltr'><strong>διαφωνήσει</strong></span> <span class='ocrx_word' id='word_1_515' title='bbox 2818 2600 2876 2653; x_wconf 84' lang='grc' dir='ltr'><strong>δὲ</strong></span> <span class='ocrx_word' id='word_1_516' title='bbox 2917 2600 3168 2671; x_wconf 85' lang='grc' dir='ltr'><strong>οὐδαμῶς</strong></span> <span class='ocrx_word' id='word_1_517' title='bbox 3202 2600 3312 2653; x_wconf 85' lang='grc' dir='ltr'><strong>τῶν</strong></span> <span class='ocrx_word' id='word_1_518' title='bbox 3371 2601 3541 2668; x_wconf 81' lang='grc' dir='ltr'><strong>ἁγίων</strong></span> <span class='ocrx_word' id='word_1_519' title='bbox 3592 2600 3888 2670; x_wconf 80' lang='grc' dir='ltr'><strong>ήεκδοσις.</strong></span> <span class='ocrx_word' id='word_1_520' title='bbox 3936 2604 4030 2655; x_wconf 87' lang='grc' dir='ltr'><strong>Ἐν</strong></span> 
     </span>
    </p>
   </div>
   <div class='ocr_carea' id='block_1_72' title="bbox 2449 2692 4027 2765">
    <p class='ocr_par' dir='ltr' id='par_1_72' title="bbox 2449 2692 4027 2765">
     <span class='ocr_line' id='line_1_72' title="bbox 2449 2692 4027 2765; baseline 0.001 -19"><span class='ocrx_word' id='word_1_521' title='bbox 2449 2694 2557 2765; x_wconf 86' lang='grc' dir='ltr'><strong>γὰρ</strong></span> <span class='ocrx_word' id='word_1_522' title='bbox 2588 2692 2859 2760; x_wconf 77' lang='grc' dir='ltr'><strong>ἀποδείξει</strong></span> <span class='ocrx_word' id='word_1_523' title='bbox 2892 2692 2954 2746; x_wconf 82' lang='grc' dir='ltr'><strong>τὸ</strong></span> <span class='ocrx_word' id='word_1_524' title='bbox 2978 2694 3388 2763; x_wconf 76' lang='grc' dir='ltr'><strong>συναμφότερον</strong></span> <span class='ocrx_word' id='word_1_525' title='bbox 3425 2694 3453 2746; x_wconf 85' lang='grc' dir='ltr'><strong>ό</strong></span> <span class='ocrx_word' id='word_1_526' title='bbox 3483 2692 3691 2755; x_wconf 81' lang='grc' dir='ltr'><strong>Παῦλος</strong></span> <span class='ocrx_word' id='word_1_527' title='bbox 3722 2693 3919 2757; x_wconf 72' lang='grc' dir='ltr'><strong>εἰπὼν,</strong></span> <span class='ocrx_word' id='word_1_528' title='bbox 3949 2696 4027 2747; x_wconf 86' lang='grc' dir='ltr'><strong>ὅτι</strong></span> 
     </span>
    </p>
   </div>
   <div class='ocr_carea' id='block_1_73' title="bbox 2448 2784 4027 2855">
    <p class='ocr_par' dir='ltr' id='par_1_73' title="bbox 2448 2784 4027 2855">
     <span class='ocr_line' id='line_1_73' title="bbox 2448 2784 4027 2855; baseline 0 -17"><span class='ocrx_word' id='word_1_529' title='bbox 2448 2787 2559 2838; x_wconf 82' lang='grc' dir='ltr'><strong>πᾶν</strong></span> <span class='ocrx_word' id='word_1_530' title='bbox 2591 2784 2787 2855; x_wconf 83' lang='grc' dir='ltr'><strong>βρῶμα</strong></span> <span class='ocrx_word' id='word_1_531' title='bbox 2813 2784 2997 2849; x_wconf 81' lang='grc' dir='ltr'><strong>καλὸν,</strong></span> <span class='ocrx_word' id='word_1_532' title='bbox 3032 2785 3128 2838; x_wconf 56' lang='grc' dir='ltr'><strong>καὶ⁵</strong></span> <span class='ocrx_word' id='word_1_533' title='bbox 3164 2784 3317 2837; x_wconf 81' lang='grc' dir='ltr'><strong>οὐδὲν</strong></span> <span class='ocrx_word' id='word_1_534' title='bbox 3350 2784 3678 2854; x_wconf 81' lang='grc' dir='ltr'><strong>ἀπόϐλητον.</strong></span> <span class='ocrx_word' id='word_1_535' title='bbox 3712 2786 4027 2852; x_wconf 75' lang='grc' dir='ltr'><strong>’Δγιάζεται</strong></span> 
     </span>
    </p>
   </div>
   <div class='ocr_carea' id='block_1_74' title="bbox 2444 2876 4027 2946">
    <p class='ocr_par' dir='ltr' id='par_1_74' title="bbox 2444 2876 4027 2946">
     <span class='ocr_line' id='line_1_74' title="bbox 2444 2876 4027 2946; baseline -0.001 -17"><span class='ocrx_word' id='word_1_536' title='bbox 2444 2876 2553 2946; x_wconf 83' lang='grc' dir='ltr'><strong>γὰρ</strong></span> <span class='ocrx_word' id='word_1_537' title='bbox 2582 2876 2670 2929; x_wconf 82' lang='grc' dir='ltr'><strong>διὰ</strong></span> <span class='ocrx_word' id='word_1_538' title='bbox 2699 2877 2856 2945; x_wconf 86' lang='grc' dir='ltr'><strong>λόγου</strong></span> <span class='ocrx_word' id='word_1_539' title='bbox 2908 2876 3045 2929; x_wconf 84' lang='grc' dir='ltr'><strong>Θεοῦ</strong></span> <span class='ocrx_word' id='word_1_540' title='bbox 3098 2878 3192 2930; x_wconf 76' lang='grc' dir='ltr'><strong>καὶ</strong></span> <span class='ocrx_word' id='word_1_541' title='bbox 3234 2876 3526 2941; x_wconf 78' lang='grc' dir='ltr'><strong>ἐντεύξεως</strong></span> <span class='ocrx_word' id='word_1_542' title='bbox 3566 2890 3582 2905; x_wconf 83' lang='grc'><strong><em>⁸</em></strong></span> <span class='ocrx_word' id='word_1_543' title='bbox 3625 2876 3933 2946; x_wconf 84' lang='grc' dir='ltr'><strong>εὐλογεῖται</strong></span> <span class='ocrx_word' id='word_1_544' title='bbox 3974 2877 4027 2929; x_wconf 83' lang='grc' dir='ltr'><strong>δὲ</strong></span> 
     </span>
    </p>
   </div>
   <div class='ocr_carea' id='block_1_75' title="bbox 2444 2968 4028 3041">
    <p class='ocr_par' dir='ltr' id='par_1_75' title="bbox 2444 2968 4028 3041">
     <span class='ocr_line' id='line_1_75' title="bbox 2444 2968 4028 3041; baseline 0.002 -20"><span class='ocrx_word' id='word_1_545' title='bbox 2444 2970 2667 3032; x_wconf 77' lang='grc' dir='ltr'><strong>πάντως</strong></span> <span class='ocrx_word' id='word_1_546' title='bbox 2694 2969 2755 3023; x_wconf 86' lang='grc' dir='ltr'><strong>τδ</strong></span> <span class='ocrx_word' id='word_1_547' title='bbox 2792 2970 3153 3038; x_wconf 78' lang='grc' dir='ltr'><strong>ἀγιαζόμενον</strong></span> <span class='ocrx_word' id='word_1_548' title='bbox 3185 2969 3275 3023; x_wconf 89' lang='grc' dir='ltr'><strong>διά</strong></span> <span class='ocrx_word' id='word_1_549' title='bbox 3308 2972 3407 3040; x_wconf 84' lang='grc' dir='ltr'><strong>τῆς</strong></span> <span class='ocrx_word' id='word_1_550' title='bbox 3436 2971 3495 3022; x_wconf 83' lang='grc' dir='ltr'><strong>ἐν</strong></span> <span class='ocrx_word' id='word_1_551' title='bbox 3525 2968 3764 3034; x_wconf 77' lang='grc' dir='ltr'><strong>ἐντεύξει</strong></span> <span class='ocrx_word' id='word_1_552' title='bbox 3790 2988 4028 3041; x_wconf 90' lang='grc' dir='ltr'><strong>προσευ-</strong></span> 
     </span>
    </p>
   </div>
   <div class='ocr_carea' id='block_1_76' title="bbox 2445 3060 4027 3133">
    <p class='ocr_par' dir='ltr' id='par_1_76' title="bbox 2445 3060 4027 3133">
     <span class='ocr_line' id='line_1_76' title="bbox 2445 3060 4027 3133; baseline 0.002 -20"><span class='ocrx_word' id='word_1_553' title='bbox 2445 3062 2565 3131; x_wconf 85' lang='grc' dir='ltr'><strong>χῆς,</strong></span> <span class='ocrx_word' id='word_1_554' title='bbox 2602 3061 2668 3131; x_wconf 82' lang='grc' dir='ltr'><strong>ἢν</strong></span> <span class='ocrx_word' id='word_1_555' title='bbox 2693 3062 2785 3113; x_wconf 77' lang='grc' dir='ltr'><strong>ἐπὶ</strong></span> <span class='ocrx_word' id='word_1_556' title='bbox 2810 3060 3109 3131; x_wconf 79' lang='grc' dir='ltr'><strong>τραπέζαις</strong></span> <span class='ocrx_word' id='word_1_557' title='bbox 3135 3062 3221 3114; x_wconf 76' lang='grc' dir='ltr'><strong>ἀεὶ</strong></span> <span class='ocrx_word' id='word_1_558' title='bbox 3248 3064 3422 3115; x_wconf 83' lang='grc' dir='ltr'><strong>ποιεῖν</strong></span> <span class='ocrx_word' id='word_1_559' title='bbox 3456 3061 3762 3130; x_wconf 80' lang='grc' dir='ltr'><strong>εἰθίσμεθα.</strong></span> <span class='ocrx_word' id='word_1_560' title='bbox 3807 3064 4027 3133; x_wconf 78' lang='grc' dir='ltr'><strong>Ἐπειδὴ</strong></span> 
     </span>
    </p>
   </div>
   <div class='ocr_carea' id='block_1_77' title="bbox 2445 3150 4028 3223">
    <p class='ocr_par' dir='ltr' id='par_1_77' title="bbox 2445 3150 4028 3223">
     <span class='ocr_line' id='line_1_77' title="bbox 2445 3150 4028 3223; baseline 0.002 -18"><span class='ocrx_word' id='word_1_561' title='bbox 2445 3152 2502 3205; x_wconf 83' lang='grc' dir='ltr'><strong>δὲ</strong></span> <span class='ocrx_word' id='word_1_562' title='bbox 2558 3150 2828 3221; x_wconf 80' lang='grc' dir='ltr'><strong>ἀζήτητον</strong></span> <span class='ocrx_word' id='word_1_563' title='bbox 2875 3152 2984 3204; x_wconf 81' lang='grc' dir='ltr'><strong>τῶν</strong></span> <span class='ocrx_word' id='word_1_564' title='bbox 3046 3153 3436 3222; x_wconf 80' lang='grc' dir='ltr'><strong>συμφερόντων</strong></span> <span class='ocrx_word' id='word_1_565' title='bbox 3478 3153 3629 3206; x_wconf 76' lang='grc' dir='ltr'><strong>οὐδὲν</strong></span> <span class='ocrx_word' id='word_1_566' title='bbox 3676 3153 4028 3223; x_wconf 84' lang='grc' dir='ltr'><strong>καταλιμπά-</strong></span> 
     </span>
    </p>
   </div>
   <div class='ocr_carea' id='block_1_78' title="bbox 2447 3243 4025 3315">
    <p class='ocr_par' dir='ltr' id='par_1_78' title="bbox 2447 3243 4025 3315">
     <span class='ocr_line' id='line_1_78' title="bbox 2447 3243 4025 3315; baseline 0.003 -20"><span class='ocrx_word' id='word_1_567' title='bbox 2447 3243 2634 3296; x_wconf 78' lang='grc' dir='ltr'><strong>νεσθαι</strong></span> <span class='ocrx_word' id='word_1_568' title='bbox 2666 3245 2890 3313; x_wconf 86' lang='grc' dir='ltr'><strong>πρέπει,</strong></span> <span class='ocrx_word' id='word_1_569' title='bbox 2908 3243 3040 3314; x_wconf 79' lang='grc' dir='ltr'><strong>φέρε</strong></span> <span class='ocrx_word' id='word_1_570' title='bbox 3082 3244 3144 3314; x_wconf 91' lang='grc' dir='ltr'><strong>δή</strong></span> <span class='ocrx_word' id='word_1_571' title='bbox 3172 3262 3224 3297; x_wconf 92' lang='grc' dir='ltr'><strong>τι</strong></span> <span class='ocrx_word' id='word_1_572' title='bbox 3254 3244 3428 3315; x_wconf 83' lang='grc' dir='ltr'><strong>βραχὺ</strong></span> <span class='ocrx_word' id='word_1_573' title='bbox 3460 3246 3553 3298; x_wconf 66' lang='grc' dir='ltr'><strong>καὶ</strong></span> <span class='ocrx_word' id='word_1_574' title='bbox 3589 3246 3668 3309; x_wconf 79' lang='grc' dir='ltr'><strong>είς</strong></span> <span class='ocrx_word' id='word_1_575' title='bbox 3698 3246 3827 3308; x_wconf 78' lang='grc' dir='ltr'><strong>τοῦς</strong></span> <span class='ocrx_word' id='word_1_576' title='bbox 3860 3247 4025 3299; x_wconf 84' lang='grc' dir='ltr'><strong>πέντε</strong></span> 
     </span>
    </p>
   </div>
   <div class='ocr_carea' id='block_1_79' title="bbox 2445 3329 4022 3408">
    <p class='ocr_par' dir='ltr' id='par_1_79' title="bbox 2445 3329 4022 3408">
     <span class='ocr_line' id='line_1_79' title="bbox 2445 3329 4022 3408; baseline 0.004 -24"><span class='ocrx_word' id='word_1_577' title='bbox 2445 3333 2695 3403; x_wconf 84' lang='grc' dir='ltr'><strong>λέγωμεν</strong></span> <span class='ocrx_word' id='word_1_578' title='bbox 2732 3334 2965 3404; x_wconf 81' lang='grc' dir='ltr'><strong>ἄρτους,</strong></span> <span class='ocrx_word' id='word_1_579' title='bbox 2999 3335 3161 3404; x_wconf 81' lang='grc' dir='ltr'><strong>οἵπερ</strong></span> <span class='ocrx_word' id='word_1_580' title='bbox 3203 3329 3347 3403; x_wconf 80' lang='grc' dir='ltr'><strong>ἦσαν</strong></span> <span class='ocrx_word' id='word_1_581' title='bbox 3397 3336 3549 3406; x_wconf 89' lang='grc' dir='ltr'><strong>παρά</strong></span> <span class='ocrx_word' id='word_1_582' title='bbox 3590 3336 3669 3405; x_wconf 87' lang='grc' dir='ltr'><strong>τῷ</strong></span> <span class='ocrx_word' id='word_1_583' title='bbox 3722 3337 4022 3408; x_wconf 85' lang='grc' dir='ltr'><strong>παιδαρίῳ,</strong></span> 
     </span>
    </p>
   </div>
   <div class='ocr_carea' id='block_1_80' title="bbox 2446 3424 4024 3498">
    <p class='ocr_par' dir='ltr' id='par_1_80' title="bbox 2446 3424 4024 3498">
     <span class='ocr_line' id='line_1_80' title="bbox 2446 3424 4024 3498; baseline 0.003 -21"><span class='ocrx_word' id='word_1_584' title='bbox 2446 3427 2540 3477; x_wconf 73' lang='grc' dir='ltr'><strong>καὶ</strong></span> <span class='ocrx_word' id='word_1_585' title='bbox 2566 3426 2646 3487; x_wconf 90' lang='grc' dir='ltr'><strong>είς</strong></span> <span class='ocrx_word' id='word_1_586' title='bbox 2678 3424 2747 3478; x_wconf 84' lang='grc' dir='ltr'><strong>τὰ</strong></span> <span class='ocrx_word' id='word_1_587' title='bbox 2785 3425 2877 3477; x_wconf 91' lang='grc' dir='ltr'><strong>δύο</strong></span> <span class='ocrx_word' id='word_1_588' title='bbox 2919 3424 3141 3496; x_wconf 80' lang='grc' dir='ltr'><strong>ὀψάρια.</strong></span> <span class='ocrx_word' id='word_1_589' title='bbox 3186 3428 3359 3493; x_wconf 89' lang='grc' dir='ltr'><strong>Λόγον</strong></span> <span class='ocrx_word' id='word_1_590' title='bbox 3400 3427 3511 3498; x_wconf 83' lang='grc' dir='ltr'><strong>γάρ</strong></span> <span class='ocrx_word' id='word_1_591' title='bbox 3546 3428 3726 3481; x_wconf 86' lang='grc' dir='ltr'><strong>ὠδίνει</strong></span> <span class='ocrx_word' id='word_1_592' title='bbox 3756 3430 4024 3497; x_wconf 75' lang='grc' dir='ltr'><strong>μυστικὸν</strong></span> 
     </span>
    </p>
   </div>
   <div class='ocr_carea' id='block_1_81' title="bbox 2443 3514 4024 3589">
    <p class='ocr_par' dir='ltr' id='par_1_81' title="bbox 2443 3514 4024 3589">
     <span class='ocr_line' id='line_1_81' title="bbox 2443 3514 4024 3589; baseline 0.003 -20"><span class='ocrx_word' id='word_1_593' title='bbox 2443 3517 2553 3569; x_wconf 84' lang='grc' dir='ltr'><strong>τῶν</strong></span> <span class='ocrx_word' id='word_1_594' title='bbox 2607 3517 2935 3589; x_wconf 81' lang='grc' dir='ltr'><strong>ηὑρημένων</strong></span> <span class='ocrx_word' id='word_1_595' title='bbox 2978 3518 3109 3570; x_wconf 86' lang='grc' dir='ltr'><strong>αὐτό</strong></span> <span class='ocrx_word' id='word_1_596' title='bbox 3156 3534 3215 3570; x_wconf 91' lang='grc' dir='ltr'><strong>τε</strong></span> <span class='ocrx_word' id='word_1_597' title='bbox 3251 3518 3314 3571; x_wconf 81' lang='grc' dir='ltr'><strong>τὸ</strong></span> <span class='ocrx_word' id='word_1_598' title='bbox 3356 3514 3529 3583; x_wconf 78' lang='grc' dir='ltr'><strong>εἶδος,</strong></span> <span class='ocrx_word' id='word_1_599' title='bbox 3576 3522 3670 3574; x_wconf 73' lang='grc' dir='ltr'><strong>καὶ</strong></span> <span class='ocrx_word' id='word_1_600' title='bbox 3720 3522 3828 3589; x_wconf 78' lang='grc' dir='ltr'><strong>μὴν</strong></span> <span class='ocrx_word' id='word_1_601' title='bbox 3866 3523 3967 3575; x_wconf 79' lang='grc' dir='ltr'><strong>καὶ</strong></span> <span class='ocrx_word' id='word_1_602' title='bbox 3996 3524 4024 3574; x_wconf 85' lang='grc' dir='ltr'><strong><em>ὸ</em></strong></span> 
     </span>
    </p>
   </div>
   <div class='ocr_carea' id='block_1_82' title="bbox 2444 3609 4023 3684">
    <p class='ocr_par' dir='ltr' id='par_1_82' title="bbox 2444 3609 4023 3684">
     <span class='ocr_line' id='line_1_82' title="bbox 2444 3609 4023 3684; baseline 0.004 -22"><span class='ocrx_word' id='word_1_603' title='bbox 2444 3609 2695 3680; x_wconf 88' lang='grc' dir='ltr'><strong>ἀριθμός.</strong></span> <span class='ocrx_word' id='word_1_604' title='bbox 2730 3612 2828 3663; x_wconf 72' lang='grc' dir='ltr'><strong>Διίι</strong></span> <span class='ocrx_word' id='word_1_605' title='bbox 2859 3610 2913 3663; x_wconf 89' lang='grc' dir='ltr'><strong>τί</strong></span> <span class='ocrx_word' id='word_1_606' title='bbox 2945 3610 3077 3682; x_wconf 81' lang='grc' dir='ltr'><strong>γὰρ,</strong></span> <span class='ocrx_word' id='word_1_607' title='bbox 3107 3611 3268 3680; x_wconf 83' lang='grc' dir='ltr'><strong>τυχὸν</strong></span> <span class='ocrx_word' id='word_1_608' title='bbox 3300 3612 3419 3681; x_wconf 85' lang='grc' dir='ltr'><strong>ἐρεῖ</strong></span> <span class='ocrx_word' id='word_1_609' title='bbox 3452 3628 3537 3676; x_wconf 88' lang='grc' dir='ltr'><strong>τις</strong></span> <span class='ocrx_word' id='word_1_610' title='bbox 3580 3612 3690 3665; x_wconf 85' lang='grc' dir='ltr'><strong>τῶν</strong></span> <span class='ocrx_word' id='word_1_611' title='bbox 3720 3613 4023 3684; x_wconf 81' lang='grc' dir='ltr'><strong>φιλομαθε-</strong></span> 
     </span>
    </p>
   </div>
   <div class='ocr_carea' id='block_1_83' title="bbox 2446 3701 4022 3775">
    <p class='ocr_par' dir='ltr' id='par_1_83' title="bbox 2446 3701 4022 3775">
     <span class='ocr_line' id='line_1_83' title="bbox 2446 3701 4022 3775; baseline 0.003 -22"><span class='ocrx_word' id='word_1_612' title='bbox 2446 3701 2677 3771; x_wconf 83' lang='grc' dir='ltr'><strong>στέρων,</strong></span> <span class='ocrx_word' id='word_1_613' title='bbox 2707 3701 2828 3771; x_wconf 79' lang='grc' dir='ltr'><strong>οὐχὶ</strong></span> <span class='ocrx_word' id='word_1_614' title='bbox 2859 3702 3059 3766; x_wconf 82' lang='grc' dir='ltr'><strong>μᾶλλον</strong></span> <span class='ocrx_word' id='word_1_615' title='bbox 3088 3701 3356 3772; x_wconf 85' lang='grc' dir='ltr'><strong>τέσσαρες</strong></span> <span class='ocrx_word' id='word_1_616' title='bbox 3388 3704 3437 3755; x_wconf 90' lang='grc' dir='ltr'><strong>οί</strong></span> <span class='ocrx_word' id='word_1_617' title='bbox 3465 3704 3641 3773; x_wconf 77' lang='grc' dir='ltr'><strong>ἄρτοι,</strong></span> <span class='ocrx_word' id='word_1_618' title='bbox 3669 3702 3765 3757; x_wconf 83' lang='grc' dir='ltr'><strong>καὶ</strong></span> <span class='ocrx_word' id='word_1_619' title='bbox 3791 3708 3943 3775; x_wconf 86' lang='grc' dir='ltr'><strong>τρεῖς</strong></span> <span class='ocrx_word' id='word_1_620' title='bbox 3972 3706 4022 3757; x_wconf 81' lang='lat' dir='ltr'><strong>oi</strong></span> 
     </span>
    </p>
   </div>
   <div class='ocr_carea' id='block_1_84' title="bbox 2448 3789 4025 3865">
    <p class='ocr_par' dir='ltr' id='par_1_84' title="bbox 2448 3789 4025 3865">
     <span class='ocr_line' id='line_1_84' title="bbox 2448 3789 4025 3865; baseline 0.003 -20"><span class='ocrx_word' id='word_1_621' title='bbox 2448 3789 2667 3862; x_wconf 88' lang='grc' dir='ltr'><strong>ίχθύες;</strong></span> <span class='ocrx_word' id='word_1_622' title='bbox 2696 3791 2847 3844; x_wconf 88' lang='grc' dir='ltr'><strong>Διατί</strong></span> <span class='ocrx_word' id='word_1_623' title='bbox 2879 3791 2935 3844; x_wconf 80' lang='grc' dir='ltr'><strong>δέ</strong></span> <span class='ocrx_word' id='word_1_624' title='bbox 2966 3791 3041 3862; x_wconf 83' lang='grc' dir='ltr'><strong>μὴ</strong></span> <span class='ocrx_word' id='word_1_625' title='bbox 3070 3796 3254 3856; x_wconf 81' lang='grc' dir='ltr'><strong>πέντε,</strong></span> <span class='ocrx_word' id='word_1_626' title='bbox 3282 3794 3377 3845; x_wconf 81' lang='grc' dir='ltr'><strong>καὶ</strong></span> <span class='ocrx_word' id='word_1_627' title='bbox 3408 3794 3649 3862; x_wconf 89' lang='grc' dir='ltr'><strong>τέσσαρα</strong></span> <span class='ocrx_word' id='word_1_628' title='bbox 3687 3794 3925 3865; x_wconf 75' lang='grc' dir='ltr'><strong>όψάρια;</strong></span> <span class='ocrx_word' id='word_1_629' title='bbox 3959 3797 4025 3849; x_wconf 84' lang='grc' dir='ltr'><strong>Τί</strong></span> 
     </span>
    </p>
   </div>
   <div class='ocr_carea' id='block_1_85' title="bbox 2442 3880 4024 3957">
    <p class='ocr_par' dir='ltr' id='par_1_85' title="bbox 2442 3880 4024 3957">
     <span class='ocr_line' id='line_1_85' title="bbox 2442 3880 4024 3957; baseline 0.003 -21"><span class='ocrx_word' id='word_1_630' title='bbox 2442 3884 2499 3936; x_wconf 82' lang='grc' dir='ltr'><strong>δὲ</strong></span> <span class='ocrx_word' id='word_1_631' title='bbox 2524 3880 2590 3955; x_wconf 81' lang='grc' dir='ltr'><strong>ἦν</strong></span> <span class='ocrx_word' id='word_1_632' title='bbox 2625 3882 2758 3947; x_wconf 81' lang='grc' dir='ltr'><strong>ὅλως</strong></span> <span class='ocrx_word' id='word_1_633' title='bbox 2782 3882 2843 3935; x_wconf 84' lang='grc' dir='ltr'><strong>τὸ</strong></span> <span class='ocrx_word' id='word_1_634' title='bbox 2873 3884 3181 3951; x_wconf 77' lang='grc' dir='ltr'><strong>ἀναγκάζον</strong></span> <span class='ocrx_word' id='word_1_635' title='bbox 3212 3884 3434 3937; x_wconf 75' lang='grc' dir='ltr'><strong>καὶτῶν</strong></span> <span class='ocrx_word' id='word_1_636' title='bbox 3457 3885 3786 3955; x_wconf 77' lang='grc' dir='ltr'><strong>ηὑρημένων</strong></span> <span class='ocrx_word' id='word_1_637' title='bbox 3810 3886 4024 3957; x_wconf 76' lang='grc' dir='ltr'><strong>ἐξηγεῖ-</strong></span> 
     </span>
    </p>
   </div>
   <div class='ocr_carea' id='block_1_86' title="bbox 2446 3973 4022 4048">
    <p class='ocr_par' dir='ltr' id='par_1_86' title="bbox 2446 3973 4022 4048">
     <span class='ocr_line' id='line_1_86' title="bbox 2446 3973 4022 4048; baseline 0.003 -21"><span class='ocrx_word' id='word_1_638' title='bbox 2446 3974 2570 4027; x_wconf 81' lang='grc' dir='ltr'><strong>σθαι</strong></span> <span class='ocrx_word' id='word_1_639' title='bbox 2601 3974 2693 4026; x_wconf 78' lang='grc' dir='ltr'><strong>τὸν</strong></span> <span class='ocrx_word' id='word_1_640' title='bbox 2724 3973 2954 4043; x_wconf 83' lang='grc' dir='ltr'><strong>ἀριθμὸν</strong></span> <span class='ocrx_word' id='word_1_641' title='bbox 2974 4012 2987 4037; x_wconf 91' lang='grc'><strong>,</strong></span> <span class='ocrx_word' id='word_1_642' title='bbox 3025 3975 3118 4027; x_wconf 76' lang='grc' dir='ltr'><strong>καὶ</strong></span> <span class='ocrx_word' id='word_1_643' title='bbox 3162 3975 3283 4045; x_wconf 74' lang='grc' dir='ltr'><strong>οὐχὶ</strong></span> <span class='ocrx_word' id='word_1_644' title='bbox 3330 3975 3532 4046; x_wconf 82' lang='grc' dir='ltr'><strong>μᾶλλον</strong></span> <span class='ocrx_word' id='word_1_645' title='bbox 3562 3976 3935 4048; x_wconf 81' lang='grc' dir='ltr'><strong>ἀπλούσ.ερόν</strong></span> <span class='ocrx_word' id='word_1_646' title='bbox 3962 3996 4022 4032; x_wconf 78' lang='grc' dir='ltr'><strong>τε</strong></span> 
     </span>
    </p>
   </div>
   <div class='ocr_carea' id='block_1_87' title="bbox 2444 4060 4023 4142">
    <p class='ocr_par' dir='ltr' id='par_1_87' title="bbox 2444 4060 4023 4142">
     <span class='ocr_line' id='line_1_87' title="bbox 2444 4060 4023 4142; baseline 0.002 -24"><span class='ocrx_word' id='word_1_647' title='bbox 2444 4066 2539 4118; x_wconf 69' lang='grc' dir='ltr'><strong>καὶ</strong></span> <span class='ocrx_word' id='word_1_648' title='bbox 2562 4064 2846 4128; x_wconf 87' lang='grc' dir='ltr'><strong>ἀπολύτως</strong></span> <span class='ocrx_word' id='word_1_649' title='bbox 2882 4060 3035 4119; x_wconf 76' lang='grc' dir='ltr'>εἶπεν</span> <span class='ocrx_word' id='word_1_650' title='bbox 3068 4065 3126 4132; x_wconf 84' lang='grc' dir='ltr'><strong>ἐξ</strong></span> <span class='ocrx_word' id='word_1_651' title='bbox 3157 4065 3352 4134; x_wconf 84' lang='grc' dir='ltr'><strong>ὀλίγων</strong></span> <span class='ocrx_word' id='word_1_652' title='bbox 3388 4066 3585 4137; x_wconf 90' lang='grc' dir='ltr'><strong>κομιδῆ</strong></span> <span class='ocrx_word' id='word_1_653' title='bbox 3622 4068 3732 4121; x_wconf 88' lang='grc' dir='ltr'><strong>τῶν</strong></span> <span class='ocrx_word' id='word_1_654' title='bbox 3769 4070 4023 4142; x_wconf 72' lang='grc' dir='ltr'><strong>ηὑρημέ-</strong></span> 
     </span>
    </p>
   </div>
   <div class='ocr_carea' id='block_1_88' title="bbox 2443 4156 4021 4234">
    <p class='ocr_par' dir='ltr' id='par_1_88' title="bbox 2443 4156 4021 4234">
     <span class='ocr_line' id='line_1_88' title="bbox 2443 4156 4021 4234; baseline 0.004 -25"><span class='ocrx_word' id='word_1_655' title='bbox 2443 4173 2548 4209; x_wconf 91' lang='grc' dir='ltr'><strong>νων</strong></span> <span class='ocrx_word' id='word_1_656' title='bbox 2567 4156 2665 4226; x_wconf 82' lang='grc' dir='ltr'><strong>τὴν</strong></span> <span class='ocrx_word' id='word_1_657' title='bbox 2686 4156 2996 4228; x_wconf 80' lang='grc' dir='ltr'><strong>ἀμέτρητον</strong></span> <span class='ocrx_word' id='word_1_658' title='bbox 3013 4157 3123 4211; x_wconf 84' lang='grc' dir='ltr'><strong>τῶν</strong></span> <span class='ocrx_word' id='word_1_659' title='bbox 3150 4158 3590 4213; x_wconf 85' lang='grc' dir='ltr'><strong>ἀκολουθούντων</strong></span> <span class='ocrx_word' id='word_1_660' title='bbox 3606 4160 4021 4234; x_wconf 78' lang='grc' dir='ltr'><strong>ἀποτετράφθαι</strong></span> 
     </span>
    </p>
   </div>
   <div class='ocr_carea' id='block_1_89' title="bbox 2442 4246 4022 4321">
    <p class='ocr_par' dir='ltr' id='par_1_89' title="bbox 2442 4246 4022 4321">
     <span class='ocr_line' id='line_1_89' title="bbox 2442 4246 4022 4321; baseline 0.004 -21"><span class='ocrx_word' id='word_1_661' title='bbox 2442 4246 2685 4317; x_wconf 86' lang='grc' dir='ltr'><strong>πληθύν;</strong></span> <span class='ocrx_word' id='word_1_662' title='bbox 2715 4247 2790 4300; x_wconf 87' lang='grc' dir='ltr'><strong>Τδ</strong></span> <span class='ocrx_word' id='word_1_663' title='bbox 2818 4248 2875 4301; x_wconf 75' lang='grc' dir='ltr'><strong>δὲ</strong></span> <span class='ocrx_word' id='word_1_664' title='bbox 2902 4248 3024 4303; x_wconf 90' lang='grc' dir='ltr'><strong>λίαν</strong></span> <span class='ocrx_word' id='word_1_665' title='bbox 3058 4247 3511 4319; x_wconf 79' lang='grc' dir='ltr'><strong>ἐσπουδασμένως</strong></span> <span class='ocrx_word' id='word_1_666' title='bbox 3539 4249 3635 4303; x_wconf 76' lang='grc' dir='ltr'><strong>καὶ</strong></span> <span class='ocrx_word' id='word_1_667' title='bbox 3660 4250 3792 4321; x_wconf 77' lang='grc' dir='ltr'><strong>περὶ</strong></span> <span class='ocrx_word' id='word_1_668' title='bbox 3812 4252 4022 4306; x_wconf 88' lang='grc' dir='ltr'><strong>τούτων</strong></span> 
     </span>
    </p>
   </div>
   <div class='ocr_carea' id='block_1_90' title="bbox 2442 4338 4021 4411">
    <p class='ocr_par' dir='ltr' id='par_1_90' title="bbox 2442 4338 4021 4411">
     <span class='ocr_line' id='line_1_90' title="bbox 2442 4338 4021 4411; baseline 0.004 -21"><span class='ocrx_word' id='word_1_669' title='bbox 2442 4338 2755 4407; x_wconf 80' lang='grc' dir='ltr'><strong>ἐξηγεῖσθαι</strong></span> <span class='ocrx_word' id='word_1_670' title='bbox 2810 4340 2903 4392; x_wconf 82' lang='grc' dir='ltr'><strong>τὸν</strong></span> <span class='ocrx_word' id='word_1_671' title='bbox 2950 4340 3220 4411; x_wconf 91' lang='grc' dir='ltr'><strong>μακάριον</strong></span> <span class='ocrx_word' id='word_1_672' title='bbox 3264 4340 3691 4410; x_wconf 84' lang='grc' dir='ltr'><strong>εύαγγελιστὴν,</strong></span> <span class='ocrx_word' id='word_1_673' title='bbox 3741 4342 3930 4396; x_wconf 86' lang='grc' dir='ltr'><strong>δίδωσί</strong></span> <span class='ocrx_word' id='word_1_674' title='bbox 3969 4361 4021 4397; x_wconf 89' lang='grc' dir='ltr'><strong>τι</strong></span> 
     </span>
    </p>
   </div>
   <div class='ocr_carea' id='block_1_91' title="bbox 2443 4432 4022 4502">
    <p class='ocr_par' dir='ltr' id='par_1_91' title="bbox 2443 4432 4022 4502">
     <span class='ocr_line' id='line_1_91' title="bbox 2443 4432 4022 4502; baseline 0.003 -18"><span class='ocrx_word' id='word_1_675' title='bbox 2443 4432 2661 4495; x_wconf 88' lang='grc' dir='ltr'><strong>πάντως</strong></span> <span class='ocrx_word' id='word_1_676' title='bbox 2702 4432 2902 4483; x_wconf 83' lang='grc' dir='ltr'><strong>ἐννοεῖν</strong></span> <span class='ocrx_word' id='word_1_677' title='bbox 2926 4471 2941 4495; x_wconf 92' lang='grc'><strong>,</strong></span> <span class='ocrx_word' id='word_1_678' title='bbox 2986 4432 3014 4484; x_wconf 88' lang='grc' dir='ltr'><strong>δ</strong></span> <span class='ocrx_word' id='word_1_679' title='bbox 3056 4432 3151 4484; x_wconf 76' lang='grc' dir='ltr'><strong>καὶ</strong></span> <span class='ocrx_word' id='word_1_680' title='bbox 3212 4433 3395 4502; x_wconf 80' lang='grc' dir='ltr'><strong>ζητεῖν</strong></span> <span class='ocrx_word' id='word_1_681' title='bbox 3434 4433 3753 4501; x_wconf 82' lang='grc' dir='ltr'><strong>ἀναγκαῖον.</strong></span> <span class='ocrx_word' id='word_1_682' title='bbox 3807 4435 4022 4489; x_wconf 84' lang='grc' dir='ltr'><strong>Οὐκοῦν</strong></span> 
     </span>
    </p>
   </div>
   <div class='ocr_carea' id='block_1_92' title="bbox 768 4506 2361 4599">
    <p class='ocr_par' dir='ltr' id='par_1_92' title="bbox 768 4506 2337 4580">
     <span class='ocr_line' id='line_1_92' title="bbox 768 4506 2337 4580; baseline 0.004 -22"><span class='ocrx_word' id='word_1_683' title='bbox 768 4506 1103 4563; x_wconf 88' lang='lat' dir='ltr'><strong>hordeaceos</strong></span> <span class='ocrx_word' id='word_1_684' title='bbox 1158 4510 1403 4579; x_wconf 91' lang='lat' dir='ltr'><strong>quinque</strong></span> <span class='ocrx_word' id='word_1_685' title='bbox 1470 4510 1867 4580; x_wconf 76' lang='lat' dir='ltr'><strong>sapientissimi</strong></span> <span class='ocrx_word' id='word_1_686' title='bbox 1939 4508 2105 4564; x_wconf 83' lang='lat' dir='ltr'><strong>Mosis</strong></span> <span class='ocrx_word' id='word_1_687' title='bbox 2168 4511 2337 4566; x_wconf 89' lang='lat' dir='ltr'><strong>libros</strong></span> 
     </span>
    </p>
   </div>
   <div class='ocr_carea' id='block_1_93' title="bbox 2448 4506 4021 4599">
    <p class='ocr_par' dir='ltr' id='par_1_93' title="bbox 2448 4523 4021 4599">
     <span class='ocr_line' id='line_1_93' title="bbox 2448 4523 4021 4599; baseline 0 -18"><span class='ocrx_word' id='word_1_688' title='bbox 2448 4530 2604 4581; x_wconf 84' lang='grc' dir='ltr'><strong>πέντε</strong></span> <span class='ocrx_word' id='word_1_689' title='bbox 2645 4527 2743 4596; x_wconf 80' lang='grc' dir='ltr'><strong>μὲν</strong></span> <span class='ocrx_word' id='word_1_690' title='bbox 2774 4523 2912 4580; x_wconf 76' lang='grc' dir='ltr'><strong>εἶναι</strong></span> <span class='ocrx_word' id='word_1_691' title='bbox 2954 4543 3088 4597; x_wconf 84' lang='grc' dir='ltr'><strong>φησι</strong></span> <span class='ocrx_word' id='word_1_692' title='bbox 3115 4528 3240 4589; x_wconf 80' lang='grc' dir='ltr'><strong>τοὺς</strong></span> <span class='ocrx_word' id='word_1_693' title='bbox 3273 4527 3490 4597; x_wconf 76' lang='grc' dir='ltr'><strong>ἄρτους,</strong></span> <span class='ocrx_word' id='word_1_694' title='bbox 3521 4527 3611 4580; x_wconf 72' lang='grc' dir='ltr'><strong>καὶ</strong></span> <span class='ocrx_word' id='word_1_695' title='bbox 3646 4527 3809 4581; x_wconf 91' lang='grc' dir='ltr'><strong>τοῦτο</strong></span> <span class='ocrx_word' id='word_1_696' title='bbox 3841 4529 4021 4599; x_wconf 82' lang='grc' dir='ltr'><strong>κριθί-</strong></span> 
     </span>
    </p>
   </div>
   <div class='ocr_carea' id='block_1_94' title="bbox 766 4596 2361 4693">
    <p class='ocr_par' dir='ltr' id='par_1_94' title="bbox 766 4596 2337 4671">
     <span class='ocr_line' id='line_1_94' title="bbox 766 4596 2337 4671; baseline 0.003 -22"><span class='ocrx_word' id='word_1_697' title='bbox 766 4596 1041 4664; x_wconf 90' lang='lat' dir='ltr'><strong>denotari,</strong></span> <span class='ocrx_word' id='word_1_698' title='bbox 1073 4600 1177 4654; x_wconf 90' lang='lat' dir='ltr'><strong>hoc</strong></span> <span class='ocrx_word' id='word_1_699' title='bbox 1224 4609 1311 4655; x_wconf 89' lang='lat' dir='ltr'><strong>est</strong></span> <span class='ocrx_word' id='word_1_700' title='bbox 1361 4602 1671 4655; x_wconf 87' lang='lat' dir='ltr'><strong>universam</strong></span> <span class='ocrx_word' id='word_1_701' title='bbox 1728 4601 1925 4671; x_wconf 89' lang='lat' dir='ltr'><strong>legem,</strong></span> <span class='ocrx_word' id='word_1_702' title='bbox 1974 4608 2163 4669; x_wconf 91' lang='lat' dir='ltr'><strong>utpote</strong></span> <span class='ocrx_word' id='word_1_703' title='bbox 2217 4616 2337 4670; x_wconf 72' lang='lat' dir='ltr'><strong>qua:</strong></span> 
     </span>
    </p>
   </div>
   <div class='ocr_carea' id='block_1_95' title="bbox 2448 4596 4020 4693">
    <p class='ocr_par' dir='ltr' id='par_1_95' title="bbox 2448 4596 4020 4693">
     <span class='ocr_line' id='line_1_95' title="bbox 2448 4596 4020 4693; baseline 0.003 -24"><span class='ocrx_word' id='word_1_704' title='bbox 2448 4634 2566 4681; x_wconf 86' lang='grc' dir='ltr'><strong>νους</strong></span> <span class='ocrx_word' id='word_1_705' title='bbox 2589 4657 2603 4681; x_wconf 94' lang='grc'><strong>,</strong></span> <span class='ocrx_word' id='word_1_706' title='bbox 2637 4616 2729 4670; x_wconf 93' lang='grc' dir='ltr'><strong>δύο</strong></span> <span class='ocrx_word' id='word_1_707' title='bbox 2765 4617 2823 4670; x_wconf 82' lang='grc' dir='ltr'><strong>δὲ</strong></span> <span class='ocrx_word' id='word_1_708' title='bbox 2855 4618 2923 4669; x_wconf 86' lang='grc' dir='ltr'><strong>τὰ</strong></span> <span class='ocrx_word' id='word_1_709' title='bbox 2947 4596 3147 4687; x_wconf 78' lang='grc' dir='ltr'><strong>ὀψάρια</strong></span> <span class='ocrx_word' id='word_1_710' title='bbox 3176 4657 3190 4682; x_wconf 87' lang='grc'><strong>,</strong></span> <span class='ocrx_word' id='word_1_711' title='bbox 3242 4596 3336 4673; x_wconf 61' lang='grc' dir='ltr'><strong>καῖ</strong></span> <span class='ocrx_word' id='word_1_712' title='bbox 3365 4619 3451 4672; x_wconf 85' lang='grc' dir='ltr'><strong>διὰ</strong></span> <span class='ocrx_word' id='word_1_713' title='bbox 3478 4618 3678 4671; x_wconf 89' lang='grc' dir='ltr'><strong>τούτων</strong></span> <span class='ocrx_word' id='word_1_714' title='bbox 3716 4596 4020 4693; x_wconf 46' lang='lat' dir='ltr'><strong>amotam</strong></span> 
     </span>
    </p>
   </div>
   <div class='ocr_carea' id='block_1_96' title="bbox 768 4689 2361 4778">
    <p class='ocr_par' dir='ltr' id='par_1_96' title="bbox 768 4689 2333 4763">
     <span class='ocr_line' id='line_1_96' title="bbox 768 4689 2333 4763; baseline 0.003 -22"><span class='ocrx_word' id='word_1_715' title='bbox 768 4703 863 4756; x_wconf 89' lang='lat' dir='ltr'><strong>per</strong></span> <span class='ocrx_word' id='word_1_716' title='bbox 881 4689 1118 4743; x_wconf 89' lang='lat' dir='ltr'><strong>litteram</strong></span> <span class='ocrx_word' id='word_1_717' title='bbox 1143 4698 1196 4745; x_wconf 85' lang='lat' dir='ltr'><strong>et</strong></span> <span class='ocrx_word' id='word_1_718' title='bbox 1220 4691 1542 4745; x_wconf 88' lang='lat' dir='ltr'><strong>historicum</strong></span> <span class='ocrx_word' id='word_1_719' title='bbox 1561 4707 1783 4746; x_wconf 90' lang='lat' dir='ltr'><strong>sensum</strong></span> <span class='ocrx_word' id='word_1_720' title='bbox 1802 4692 2129 4746; x_wconf 87' lang='lat' dir='ltr'><strong>crassiorem</strong></span> <span class='ocrx_word' id='word_1_721' title='bbox 2153 4707 2333 4763; x_wconf 74' lang='lat' dir='ltr'><strong>quem«</strong></span> 
     </span>
    </p>
   </div>
   <div class='ocr_carea' id='block_1_97' title="bbox 2448 4689 4019 4778">
    <p class='ocr_par' dir='ltr' id='par_1_97' title="bbox 2448 4689 4019 4778">
     <span class='ocr_line' id='line_1_97' title="bbox 2448 4689 4019 4778; baseline 0.004 -20"><span class='ocrx_word' id='word_1_722' title='bbox 2448 4707 2677 4776; x_wconf 82' lang='grc' dir='ltr'><strong>Χριστὸς</strong></span> <span class='ocrx_word' id='word_1_723' title='bbox 2705 4707 2830 4769; x_wconf 79' lang='grc' dir='ltr'><strong>τοὺς</strong></span> <span class='ocrx_word' id='word_1_724' title='bbox 2852 4706 3177 4773; x_wconf 82' lang='grc' dir='ltr'><strong>ἀγαπῶντας</strong></span> <span class='ocrx_word' id='word_1_725' title='bbox 3204 4708 3383 4761; x_wconf 82' lang='grc' dir='ltr'><strong>αὐτόν.</strong></span> <span class='ocrx_word' id='word_1_726' title='bbox 3408 4704 3572 4778; x_wconf 79' lang='grc' dir='ltr'><strong>Οἶμαι</strong></span> <span class='ocrx_word' id='word_1_727' title='bbox 3601 4709 3656 4762; x_wconf 87' lang='grc' dir='ltr'><strong>δὲ</strong></span> <span class='ocrx_word' id='word_1_728' title='bbox 3679 4689 3892 4778; x_wconf 29' lang='grc' dir='ltr'><strong>ἐγωγεν·</strong></span> <span class='ocrx_word' id='word_1_729' title='bbox 3926 4689 4019 4764; x_wconf 77' lang='grc' dir='ltr'><strong>καὶ</strong></span> 
     </span>
    </p>
   </div>
   <div class='ocr_carea' id='block_1_98' title="bbox 766 4778 2361 4870">
    <p class='ocr_par' dir='ltr' id='par_1_98' title="bbox 766 4778 2333 4853">
     <span class='ocr_line' id='line_1_98' title="bbox 766 4778 2333 4853; baseline 0.005 -22"><span class='ocrx_word' id='word_1_730' title='bbox 766 4778 891 4831; x_wconf 79' lang='lat' dir='ltr'><strong>dam</strong></span> <span class='ocrx_word' id='word_1_731' title='bbox 919 4781 1100 4833; x_wconf 85' lang='lat' dir='ltr'><strong>cibum</strong></span> <span class='ocrx_word' id='word_1_732' title='bbox 1134 4781 1321 4837; x_wconf 87' lang='lat' dir='ltr'><strong>infert.</strong></span> <span class='ocrx_word' id='word_1_733' title='bbox 1347 4780 1462 4836; x_wconf 82' lang='lat' dir='ltr'><strong>Hoc</strong></span> <span class='ocrx_word' id='word_1_734' title='bbox 1486 4783 1628 4837; x_wconf 90' lang='lat' dir='ltr'><strong>enim</strong></span> <span class='ocrx_word' id='word_1_735' title='bbox 1653 4797 1719 4837; x_wconf 84' lang='lat' dir='ltr'><strong>ex</strong></span> <span class='ocrx_word' id='word_1_736' title='bbox 1746 4797 1811 4837; x_wconf 91' lang='lat' dir='ltr'><strong>eo</strong></span> <span class='ocrx_word' id='word_1_737' title='bbox 1830 4781 2169 4853; x_wconf 83' lang='lat' dir='ltr'><strong>significatur</strong></span> <span class='ocrx_word' id='word_1_738' title='bbox 2189 4784 2333 4852; x_wconf 90' lang='lat' dir='ltr'><strong>quod</strong></span> 
     </span>
    </p>
   </div>
   <div class='ocr_carea' id='block_1_99' title="bbox 2448 4778 4019 4870">
    <p class='ocr_par' dir='ltr' id='par_1_99' title="bbox 2448 4794 4019 4870">
     <span class='ocr_line' id='line_1_99' title="bbox 2448 4794 4019 4870; baseline 0.003 -22"><span class='ocrx_word' id='word_1_739' title='bbox 2448 4794 2716 4850; x_wconf 89' lang='grc' dir='ltr'><strong>σκοπείτω</strong></span> <span class='ocrx_word' id='word_1_740' title='bbox 2741 4797 2802 4849; x_wconf 84' lang='grc' dir='ltr'><strong>τὸ</strong></span> <span class='ocrx_word' id='word_1_741' title='bbox 2834 4799 3080 4867; x_wconf 90' lang='grc' dir='ltr'><strong>κρεῖττον</strong></span> <span class='ocrx_word' id='word_1_742' title='bbox 3112 4799 3140 4849; x_wconf 91' lang='grc' dir='ltr'><strong>ό</strong></span> <span class='ocrx_word' id='word_1_743' title='bbox 3172 4799 3477 4869; x_wconf 81' lang='grc' dir='ltr'><strong>φιλομαθής</strong></span> <span class='ocrx_word' id='word_1_744' title='bbox 3500 4814 3513 4827; x_wconf 89' lang='grc'><strong>·</strong></span> <span class='ocrx_word' id='word_1_745' title='bbox 3556 4799 3751 4853; x_wconf 85' lang='grc' dir='ltr'><strong>ὅτιδιά</strong></span> <span class='ocrx_word' id='word_1_746' title='bbox 3785 4802 3889 4870; x_wconf 76' lang='grc' dir='ltr'><strong>μὲν</strong></span> <span class='ocrx_word' id='word_1_747' title='bbox 3911 4802 4019 4855; x_wconf 85' lang='grc' dir='ltr'><strong>τῶν</strong></span> 
     </span>
    </p>
   </div>
   <div class='ocr_carea' id='block_1_100' title="bbox 764 4870 2361 4965">
    <p class='ocr_par' dir='ltr' id='par_1_100' title="bbox 764 4870 2330 4943">
     <span class='ocr_line' id='line_1_100' title="bbox 764 4870 2330 4943; baseline 0.003 -21"><span class='ocrx_word' id='word_1_748' title='bbox 764 4878 953 4923; x_wconf 89' lang='lat' dir='ltr'><strong>essent</strong></span> <span class='ocrx_word' id='word_1_749' title='bbox 977 4871 1285 4925; x_wconf 87' lang='lat' dir='ltr'><strong>hordeacei.</strong></span> <span class='ocrx_word' id='word_1_750' title='bbox 1306 4870 1409 4926; x_wconf 85' lang='lat' dir='ltr'><strong>Per</strong></span> <span class='ocrx_word' id='word_1_751' title='bbox 1434 4872 1731 4941; x_wconf 91' lang='lat' dir='ltr'><strong>pisciculos</strong></span> <span class='ocrx_word' id='word_1_752' title='bbox 1756 4880 1961 4937; x_wconf 88' lang='lat' dir='ltr'><strong>autem,</strong></span> <span class='ocrx_word' id='word_1_753' title='bbox 1993 4873 2330 4943; x_wconf 89' lang='lat' dir='ltr'><strong>piscatorum</strong></span> 
     </span>
    </p>
   </div>
   <div class='ocr_carea' id='block_1_101' title="bbox 2448 4870 4018 4965">
    <p class='ocr_par' dir='ltr' id='par_1_101' title="bbox 2448 4887 4018 4965">
     <span class='ocr_line' id='line_1_101' title="bbox 2448 4887 4018 4965; baseline 0.004 -24"><span class='ocrx_word' id='word_1_754' title='bbox 2448 4888 2599 4941; x_wconf 86' lang='grc' dir='ltr'><strong>πέντε</strong></span> <span class='ocrx_word' id='word_1_755' title='bbox 2632 4887 2813 4959; x_wconf 80' lang='grc' dir='ltr'><strong>ἀρτων</strong></span> <span class='ocrx_word' id='word_1_756' title='bbox 2843 4888 2952 4942; x_wconf 84' lang='grc' dir='ltr'><strong>τῶν</strong></span> <span class='ocrx_word' id='word_1_757' title='bbox 2987 4890 3243 4961; x_wconf 87' lang='grc' dir='ltr'><strong>κριθίνων</strong></span> <span class='ocrx_word' id='word_1_758' title='bbox 3262 4891 3355 4955; x_wconf 84' lang='grc' dir='ltr'><strong>,τὸ</strong></span> <span class='ocrx_word' id='word_1_759' title='bbox 3384 4893 3723 4965; x_wconf 84' lang='grc' dir='ltr'><strong>πενταμερές</strong></span> <span class='ocrx_word' id='word_1_760' title='bbox 3747 4894 3846 4947; x_wconf 89' lang='grc' dir='ltr'><strong>τοῦ</strong></span> <span class='ocrx_word' id='word_1_761' title='bbox 3882 4912 4018 4948; x_wconf 81' lang='grc' dir='ltr'><strong>παν-</strong></span> 
     </span>
    </p>
   </div>
   <div class='ocr_carea' id='block_1_102' title="bbox 765 4960 2361 5055">
    <p class='ocr_par' dir='ltr' id='par_1_102' title="bbox 765 4960 2331 5026">
     <span class='ocr_line' id='line_1_102' title="bbox 765 4960 2331 5026; baseline 0.004 -13"><span class='ocrx_word' id='word_1_762' title='bbox 765 4960 970 5025; x_wconf 89' lang='lat' dir='ltr'><strong>cibum,</strong></span> <span class='ocrx_word' id='word_1_763' title='bbox 1006 4962 1110 5015; x_wconf 92' lang='lat' dir='ltr'><strong>hoc</strong></span> <span class='ocrx_word' id='word_1_764' title='bbox 1133 4970 1233 5026; x_wconf 89' lang='lat' dir='ltr'><strong>est,</strong></span> <span class='ocrx_word' id='word_1_765' title='bbox 1264 4962 1587 5017; x_wconf 90' lang='lat' dir='ltr'><strong>delicatiora</strong></span> <span class='ocrx_word' id='word_1_766' title='bbox 1612 4963 1704 5017; x_wconf 92' lang='lat' dir='ltr'><strong>illa</strong></span> <span class='ocrx_word' id='word_1_767' title='bbox 1729 4963 2031 5020; x_wconf 86' lang='lat' dir='ltr'><strong>Salvatoris</strong></span> <span class='ocrx_word' id='word_1_768' title='bbox 2068 4965 2331 5020; x_wconf 73' lang='lat' dir='ltr'><strong>doctrina:</strong></span> 
     </span>
    </p>
   </div>
   <div class='ocr_carea' id='block_1_103' title="bbox 2448 4960 4016 5055">
    <p class='ocr_par' dir='ltr' id='par_1_103' title="bbox 2448 4960 4016 5055">
     <span class='ocr_line' id='line_1_103' title="bbox 2448 4960 4016 5055; baseline 0.004 -23"><span class='ocrx_word' id='word_1_769' title='bbox 2448 4980 2603 5049; x_wconf 81' lang='grc' dir='ltr'><strong>σόφου</strong></span> <span class='ocrx_word' id='word_1_770' title='bbox 2636 4979 2881 5043; x_wconf 81' lang='grc' dir='ltr'><strong>Μωσέως</strong></span> <span class='ocrx_word' id='word_1_771' title='bbox 2901 4979 3105 5050; x_wconf 86' lang='grc' dir='ltr'><strong>βιϐλίον</strong></span> <span class='ocrx_word' id='word_1_772' title='bbox 3137 4982 3481 5052; x_wconf 89' lang='grc' dir='ltr'><strong>σημαίνεται,</strong></span> <span class='ocrx_word' id='word_1_773' title='bbox 3511 4960 3758 5037; x_wconf 78' lang='grc' dir='ltr'><strong>τουτέστι</strong></span> <span class='ocrx_word' id='word_1_774' title='bbox 3790 4986 4016 5055; x_wconf 80' lang='grc' dir='ltr'><strong>σύμπας</strong></span> 
     </span>
    </p>
   </div>
   <div class='ocr_carea' id='block_1_104' title="bbox 766 5050 2361 5144">
    <p class='ocr_par' dir='ltr' id='par_1_104' title="bbox 766 5050 2333 5125">
     <span class='ocr_line' id='line_1_104' title="bbox 766 5050 2333 5125; baseline 0.007 -23"><span class='ocrx_word' id='word_1_775' title='bbox 766 5050 970 5119; x_wconf 88' lang='lat' dir='ltr'><strong>scripta</strong></span> <span class='ocrx_word' id='word_1_776' title='bbox 997 5069 1009 5103; x_wconf 90' lang='lat'><strong>:</strong></span> <span class='ocrx_word' id='word_1_777' title='bbox 1044 5050 1181 5104; x_wconf 89' lang='lat' dir='ltr'><strong>duos</strong></span> <span class='ocrx_word' id='word_1_778' title='bbox 1214 5060 1392 5105; x_wconf 89' lang='lat' dir='ltr'><strong>autem</strong></span> <span class='ocrx_word' id='word_1_779' title='bbox 1417 5067 1540 5107; x_wconf 90' lang='lat' dir='ltr'><strong>cum</strong></span> <span class='ocrx_word' id='word_1_780' title='bbox 1571 5054 1671 5116; x_wconf 88' lang='lat' dir='ltr'><strong>ait,</strong></span> <span class='ocrx_word' id='word_1_781' title='bbox 1697 5055 2055 5125; x_wconf 77' lang='lat' dir='ltr'><strong>apostolicam</strong></span> <span class='ocrx_word' id='word_1_782' title='bbox 2092 5065 2146 5111; x_wconf 91' lang='lat' dir='ltr'><strong>et</strong></span> <span class='ocrx_word' id='word_1_783' title='bbox 2174 5073 2333 5113; x_wconf 80' lang='lat' dir='ltr'><strong>evan-</strong></span> 
     </span>
    </p>
   </div>
   <div class='ocr_carea' id='block_1_105' title="bbox 2448 5050 4015 5144">
    <p class='ocr_par' dir='ltr' id='par_1_105' title="bbox 2448 5050 4015 5144">
     <span class='ocr_line' id='line_1_105' title="bbox 2448 5050 4015 5144; baseline 0.006 -24"><span class='ocrx_word' id='word_1_784' title='bbox 2448 5070 2466 5120; x_wconf 81' lang='grc'><strong>5</strong></span> <span class='ocrx_word' id='word_1_785' title='bbox 2503 5068 2702 5138; x_wconf 89' lang='grc' dir='ltr'><strong>νόμος,</strong></span> <span class='ocrx_word' id='word_1_786' title='bbox 2757 5068 3069 5139; x_wconf 85' lang='grc' dir='ltr'><strong>παχυτέραν</strong></span> <span class='ocrx_word' id='word_1_787' title='bbox 3120 5050 3309 5141; x_wconf 83' lang='grc' dir='ltr'><strong>ὥσπερ</strong></span> <span class='ocrx_word' id='word_1_788' title='bbox 3349 5071 3617 5143; x_wconf 74' lang='grc' dir='ltr'><strong>εἰσφέρων</strong></span> <span class='ocrx_word' id='word_1_789' title='bbox 3656 5073 3757 5144; x_wconf 81' lang='grc' dir='ltr'><strong>τὴν</strong></span> <span class='ocrx_word' id='word_1_790' title='bbox 3794 5050 3885 5128; x_wconf 67' lang='lat' dir='ltr'><strong>sui</strong></span> <span class='ocrx_word' id='word_1_791' title='bbox 3920 5050 4015 5129; x_wconf 90' lang='grc' dir='ltr'><strong>τοῦ</strong></span> 
     </span>
    </p>
   </div>
   <div class='ocr_carea' id='block_1_106' title="bbox 727 5141 2361 5236">
    <p class='ocr_par' dir='ltr' id='par_1_106' title="bbox 727 5141 2311 5218">
     <span class='ocr_line' id='line_1_106' title="bbox 727 5141 2311 5218; baseline 0.005 -24"><span class='ocrx_word' id='word_1_792' title='bbox 727 5174 733 5179; x_wconf 94' lang='grc'><strong><em>-</em></strong></span> <span class='ocrx_word' id='word_1_793' title='bbox 766 5141 993 5209; x_wconf 86' lang='lat' dir='ltr'><strong>gelicam</strong></span> <span class='ocrx_word' id='word_1_794' title='bbox 1018 5142 1071 5195; x_wconf 90' lang='lat' dir='ltr'><strong>in</strong></span> <span class='ocrx_word' id='word_1_795' title='bbox 1100 5145 1258 5198; x_wconf 89' lang='lat' dir='ltr'><strong>nobis</strong></span> <span class='ocrx_word' id='word_1_796' title='bbox 1282 5145 1725 5213; x_wconf 64' lang='lat' dir='ltr'><strong>praedicationem</strong></span> <span class='ocrx_word' id='word_1_797' title='bbox 1748 5146 2009 5218; x_wconf 73' lang='lat' dir='ltr'><strong>effulgere</strong></span> <span class='ocrx_word' id='word_1_798' title='bbox 2037 5148 2311 5217; x_wconf 83' lang='lat' dir='ltr'><strong>significat</strong></span> 
     </span>
    </p>
   </div>
   <div class='ocr_carea' id='block_1_107' title="bbox 2448 5141 4018 5236">
    <p class='ocr_par' dir='ltr' id='par_1_107' title="bbox 2448 5141 4018 5236">
     <span class='ocr_line' id='line_1_107' title="bbox 2448 5141 4018 5236; baseline 0.006 -27"><span class='ocrx_word' id='word_1_799' title='bbox 2448 5158 2762 5228; x_wconf 80' lang='grc' dir='ltr'><strong>γράμματος</strong></span> <span class='ocrx_word' id='word_1_800' title='bbox 2810 5157 2904 5210; x_wconf 81' lang='grc' dir='ltr'><strong>καὶ</strong></span> <span class='ocrx_word' id='word_1_801' title='bbox 2952 5158 3052 5226; x_wconf 87' lang='grc' dir='ltr'><strong>τῆς</strong></span> <span class='ocrx_word' id='word_1_802' title='bbox 3119 5159 3357 5228; x_wconf 76' lang='grc' dir='ltr'><strong>ἱστορίας</strong></span> <span class='ocrx_word' id='word_1_803' title='bbox 3409 5141 3647 5231; x_wconf 70' lang='grc' dir='ltr'><strong>τροιρήνο</strong></span> <span class='ocrx_word' id='word_1_804' title='bbox 3685 5141 3851 5217; x_wconf 78' lang='grc' dir='ltr'><strong>τοῦτο</strong></span> <span class='ocrx_word' id='word_1_805' title='bbox 3907 5164 4018 5236; x_wconf 83' lang='grc' dir='ltr'><strong>γὰρ</strong></span> 
     </span>
    </p>
   </div>
   <div class='ocr_carea' id='block_1_108' title="bbox 769 5230 2335 5304">
    <p class='ocr_par' dir='ltr' id='par_1_108' title="bbox 769 5230 2335 5304">
     <span class='ocr_line' id='line_1_108' title="bbox 769 5230 2335 5304; baseline 0.008 -22"><span class='ocrx_word' id='word_1_806' title='bbox 769 5230 1013 5301; x_wconf 89' lang='lat' dir='ltr'><strong>Utraque</strong></span> <span class='ocrx_word' id='word_1_807' title='bbox 1060 5234 1204 5287; x_wconf 89' lang='lat' dir='ltr'><strong>enim</strong></span> <span class='ocrx_word' id='word_1_808' title='bbox 1254 5234 1368 5287; x_wconf 74' lang='lat' dir='ltr'><strong>lucc</strong></span> <span class='ocrx_word' id='word_1_809' title='bbox 1405 5244 1533 5289; x_wconf 89' lang='lat' dir='ltr'><strong>sunt</strong></span> <span class='ocrx_word' id='word_1_810' title='bbox 1589 5237 1923 5304; x_wconf 88' lang='lat' dir='ltr'><strong>piscatorum</strong></span> <span class='ocrx_word' id='word_1_811' title='bbox 1978 5239 2223 5303; x_wconf 90' lang='lat' dir='ltr'><strong>inventa,</strong></span> <span class='ocrx_word' id='word_1_812' title='bbox 2280 5249 2335 5296; x_wconf 91' lang='lat' dir='ltr'><strong>et</strong></span> 
     </span>
    </p>
   </div>
   <div class='ocr_carea' id='block_1_109' title="bbox 763 5325 2331 5401">
    <p class='ocr_par' dir='ltr' id='par_1_109' title="bbox 763 5325 2331 5401">
     <span class='ocr_line' id='line_1_109' title="bbox 763 5325 2331 5401; baseline 0.007 -23"><span class='ocrx_word' id='word_1_813' title='bbox 763 5325 1038 5392; x_wconf 88' lang='lat' dir='ltr'><strong>spiritales</strong></span> <span class='ocrx_word' id='word_1_814' title='bbox 1086 5327 1233 5382; x_wconf 88' lang='lat' dir='ltr'><strong>libri.</strong></span> <span class='ocrx_word' id='word_1_815' title='bbox 1290 5327 1528 5384; x_wconf 82' lang='lat' dir='ltr'><strong>Miscens</strong></span> <span class='ocrx_word' id='word_1_816' title='bbox 1584 5331 1772 5401; x_wconf 90' lang='lat' dir='ltr'><strong>itaque</strong></span> <span class='ocrx_word' id='word_1_817' title='bbox 1843 5335 2126 5389; x_wconf 77' lang='lat' dir='ltr'><strong>veteribus</strong></span> <span class='ocrx_word' id='word_1_818' title='bbox 2191 5352 2331 5391; x_wconf 89' lang='lat' dir='ltr'><strong>nova</strong></span> 
     </span>
    </p>
   </div>
   <div class='ocr_carea' id='block_1_110' title="bbox 764 5413 2323 5489">
    <p class='ocr_par' dir='ltr' id='par_1_110' title="bbox 764 5413 2323 5489">
     <span class='ocr_line' id='line_1_110' title="bbox 764 5413 2323 5489; baseline 0.01 -23"><span class='ocrx_word' id='word_1_819' title='bbox 764 5413 1035 5481; x_wconf 79' lang='lat' dir='ltr'><strong>Salvator,</strong></span> <span class='ocrx_word' id='word_1_820' title='bbox 1068 5434 1164 5487; x_wconf 89' lang='lat' dir='ltr'><strong>per</strong></span> <span class='ocrx_word' id='word_1_821' title='bbox 1203 5419 1374 5489; x_wconf 86' lang='lat' dir='ltr'><strong>legem</strong></span> <span class='ocrx_word' id='word_1_822' title='bbox 1404 5428 1457 5474; x_wconf 91' lang='lat' dir='ltr'><strong>et</strong></span> <span class='ocrx_word' id='word_1_823' title='bbox 1486 5420 1621 5476; x_wconf 85' lang='lat' dir='ltr'><strong>Novi</strong></span> <span class='ocrx_word' id='word_1_824' title='bbox 1646 5422 1983 5479; x_wconf 86' lang='lat' dir='ltr'><strong>Testamenti</strong></span> <span class='ocrx_word' id='word_1_825' title='bbox 2017 5426 2323 5487; x_wconf 79' lang='lat' dir='ltr'><strong>doctrinam</strong></span> 
     </span>
    </p>
   </div>
   <div class='ocr_carea' id='block_1_111' title="bbox 764 5506 2328 5579">
    <p class='ocr_par' dir='ltr' id='par_1_111' title="bbox 764 5506 2328 5579">
     <span class='ocr_line' id='line_1_111' title="bbox 764 5506 2328 5579; baseline 0.012 -24"><span class='ocrx_word' id='word_1_826' title='bbox 764 5506 1001 5561; x_wconf 87' lang='lat' dir='ltr'><strong>fidelium</strong></span> <span class='ocrx_word' id='word_1_827' title='bbox 1042 5509 1253 5564; x_wconf 88' lang='lat' dir='ltr'><strong>animas</strong></span> <span class='ocrx_word' id='word_1_828' title='bbox 1301 5512 1471 5565; x_wconf 90' lang='lat' dir='ltr'><strong>nutrit</strong></span> <span class='ocrx_word' id='word_1_829' title='bbox 1508 5513 1575 5566; x_wconf 89' lang='lat' dir='ltr'><strong>ad</strong></span> <span class='ocrx_word' id='word_1_830' title='bbox 1614 5514 1802 5579; x_wconf 89' lang='lat' dir='ltr'><strong>vitam,</strong></span> <span class='ocrx_word' id='word_1_831' title='bbox 1857 5516 2113 5570; x_wconf 84' lang='lat' dir='ltr'><strong>nimirum</strong></span> <span class='ocrx_word' id='word_1_832' title='bbox 2170 5527 2328 5573; x_wconf 72' lang='lat' dir='ltr'><strong>acter-</strong></span> 
     </span>
    </p>
   </div>
   <div class='ocr_carea' id='block_1_112' title="bbox 763 5598 2325 5676">
    <p class='ocr_par' dir='ltr' id='par_1_112' title="bbox 763 5598 2325 5676">
     <span class='ocr_line' id='line_1_112' title="bbox 763 5598 2325 5676; baseline 0.011 -28"><span class='ocrx_word' id='word_1_833' title='bbox 763 5610 908 5651; x_wconf 87' lang='lat' dir='ltr'><strong>nam.</strong></span> <span class='ocrx_word' id='word_1_834' title='bbox 943 5598 1097 5664; x_wconf 88' lang='lat' dir='ltr'><strong>Quod</strong></span> <span class='ocrx_word' id='word_1_835' title='bbox 1129 5610 1308 5656; x_wconf 89' lang='lat' dir='ltr'><strong>autem</strong></span> <span class='ocrx_word' id='word_1_836' title='bbox 1336 5603 1594 5674; x_wconf 80' lang='lat' dir='ltr'><strong>discipuli</strong></span> <span class='ocrx_word' id='word_1_837' title='bbox 1631 5606 1935 5676; x_wconf 84' lang='lat' dir='ltr'><strong>piscatores</strong></span> <span class='ocrx_word' id='word_1_838' title='bbox 1970 5617 2176 5675; x_wconf 88' lang='lat' dir='ltr'><strong>essent,</strong></span> <span class='ocrx_word' id='word_1_839' title='bbox 2218 5613 2325 5665; x_wconf 91' lang='lat' dir='ltr'><strong>uti-</strong></span> 
     </span>
    </p>
   </div>
   <div class='ocr_carea' id='block_1_113' title="bbox 834 5770 2337 5851">
    <p class='ocr_par' dir='ltr' id='par_1_113' title="bbox 834 5770 2337 5851">
     <span class='ocr_line' id='line_1_113' title="bbox 834 5770 2337 5851; baseline 0.013 -29"><span class='ocrx_word' id='word_1_840' title='bbox 834 5770 1057 5826; x_wconf 64' lang='lat' dir='ltr'><strong>a“.loan.</strong></span> <span class='ocrx_word' id='word_1_841' title='bbox 1090 5791 1161 5837; x_wconf 82' lang='lat' dir='ltr'><strong>xt,</strong></span> <span class='ocrx_word' id='word_1_842' title='bbox 1190 5776 1276 5830; x_wconf 73' lang='grc'><strong>41.</strong></span> <span class='ocrx_word' id='word_1_843' title='bbox 1370 5776 1414 5809; x_wconf 75' lang='grc' dir='ltr'><strong>’τ</strong></span> <span class='ocrx_word' id='word_1_844' title='bbox 1459 5774 1587 5836; x_wconf 86' lang='lat' dir='ltr'><strong>ibid.</strong></span> <span class='ocrx_word' id='word_1_845' title='bbox 1629 5782 1709 5833; x_wconf 67' lang='lat'><strong>4&#39;2.</strong></span> <span class='ocrx_word' id='word_1_846' title='bbox 1793 5782 1835 5813; x_wconf 78' lang='grc'><strong>³⁸</strong></span> <span class='ocrx_word' id='word_1_847' title='bbox 1860 5780 2137 5837; x_wconf 76' lang='grc' dir='ltr'><strong>ΙΤίιηοιΙι.</strong></span> <span class='ocrx_word' id='word_1_848' title='bbox 2174 5800 2246 5851; x_wconf 87' lang='lat' dir='ltr'><strong>tv,</strong></span> <span class='ocrx_word' id='word_1_849' title='bbox 2284 5786 2337 5843; x_wconf 80' lang='lat'><strong>5.</strong></span> 
     </span>
    </p>
   </div>
   <div class='ocr_carea' id='block_1_114' title="bbox 2436 5249 4015 5326">
    <p class='ocr_par' dir='ltr' id='par_1_114' title="bbox 2436 5249 4015 5326">
     <span class='ocr_line' id='line_1_114' title="bbox 2436 5249 4015 5326; baseline 0.005 -24"><span class='ocrx_word' id='word_1_850' title='bbox 2436 5250 2711 5318; x_wconf 82' lang='grc' dir='ltr'><strong>ύποδηλοῖ,</strong></span> <span class='ocrx_word' id='word_1_851' title='bbox 2746 5250 2805 5302; x_wconf 87' lang='grc' dir='ltr'><strong>τὸ</strong></span> <span class='ocrx_word' id='word_1_852' title='bbox 2835 5250 2942 5302; x_wconf 87' lang='grc' dir='ltr'><strong>ἀπὸ</strong></span> <span class='ocrx_word' id='word_1_853' title='bbox 2974 5249 3169 5320; x_wconf 85' lang='grc' dir='ltr'><strong>κριθῆς</strong></span> <span class='ocrx_word' id='word_1_854' title='bbox 3192 5266 3207 5281; x_wconf 85' lang='grc'><strong>·</strong></span> <span class='ocrx_word' id='word_1_855' title='bbox 3239 5252 3267 5305; x_wconf 92' lang='grc' dir='ltr'><strong>δ</strong></span> <span class='ocrx_word' id='word_1_856' title='bbox 3293 5251 3328 5305; x_wconf 82' lang='grc' dir='ltr'><strong>ἀ</strong></span> <span class='ocrx_word' id='word_1_857' title='bbox 3357 5252 3415 5305; x_wconf 84' lang='grc' dir='ltr'><strong>δὲ</strong></span> <span class='ocrx_word' id='word_1_858' title='bbox 3453 5252 3561 5307; x_wconf 87' lang='grc' dir='ltr'><strong>τῶν</strong></span> <span class='ocrx_word' id='word_1_859' title='bbox 3588 5253 3835 5325; x_wconf 75' lang='grc' dir='ltr'><strong>ὀψαρίων</strong></span> <span class='ocrx_word' id='word_1_860' title='bbox 3858 5258 3891 5326; x_wconf 80' lang='grc' dir='ltr'>ἠ</span> <span class='ocrx_word' id='word_1_861' title='bbox 3927 5257 4015 5310; x_wconf 78' lang='grc' dir='ltr'><strong>διὰ</strong></span> 
     </span>
    </p>
   </div>
   <div class='ocr_carea' id='block_1_115' title="bbox 2434 5340 4011 5415">
    <p class='ocr_par' dir='ltr' id='par_1_115' title="bbox 2434 5340 4011 5415">
     <span class='ocr_line' id='line_1_115' title="bbox 2434 5340 4011 5415; baseline 0.005 -23"><span class='ocrx_word' id='word_1_862' title='bbox 2434 5340 2542 5393; x_wconf 78' lang='grc' dir='ltr'><strong>τῶν</strong></span> <span class='ocrx_word' id='word_1_863' title='bbox 2588 5340 2783 5394; x_wconf 78' lang='grc' dir='ltr'><strong>ἀλιέων</strong></span> <span class='ocrx_word' id='word_1_864' title='bbox 2826 5344 3034 5413; x_wconf 77' lang='grc' dir='ltr'><strong>τροφὴ,</strong></span> <span class='ocrx_word' id='word_1_865' title='bbox 3078 5344 3323 5398; x_wconf 83' lang='grc' dir='ltr'><strong>τουτέστι</strong></span> <span class='ocrx_word' id='word_1_866' title='bbox 3380 5344 3449 5398; x_wconf 90' lang='grc' dir='ltr'><strong>τά</strong></span> <span class='ocrx_word' id='word_1_867' title='bbox 3475 5346 3873 5415; x_wconf 83' lang='grc' dir='ltr'><strong>τρυφερώτατα</strong></span> <span class='ocrx_word' id='word_1_868' title='bbox 3903 5349 4011 5400; x_wconf 81' lang='grc' dir='ltr'><strong>τῶν</strong></span> 
     </span>
    </p>
   </div>
   <div class='ocr_carea' id='block_1_116' title="bbox 2433 5432 4012 5508">
    <p class='ocr_par' dir='ltr' id='par_1_116' title="bbox 2433 5432 4012 5508">
     <span class='ocr_line' id='line_1_116' title="bbox 2433 5432 4012 5508; baseline 0.003 -22"><span class='ocrx_word' id='word_1_869' title='bbox 2433 5432 2526 5487; x_wconf 90' lang='grc' dir='ltr'><strong>τοῦ</strong></span> <span class='ocrx_word' id='word_1_870' title='bbox 2574 5434 2825 5503; x_wconf 83' lang='grc' dir='ltr'><strong>Σωτῆρος</strong></span> <span class='ocrx_word' id='word_1_871' title='bbox 2867 5434 3207 5506; x_wconf 82' lang='grc' dir='ltr'><strong>μαθημάτων</strong></span> <span class='ocrx_word' id='word_1_872' title='bbox 3263 5438 3673 5508; x_wconf 85' lang='grc' dir='ltr'><strong>συγγράμματα</strong></span> <span class='ocrx_word' id='word_1_873' title='bbox 3702 5454 3717 5469; x_wconf 77' lang='grc' dir='ltr'><strong>ο</strong></span> <span class='ocrx_word' id='word_1_874' title='bbox 3772 5441 3870 5493; x_wconf 73' lang='grc' dir='ltr'><strong>καὶ</strong></span> <span class='ocrx_word' id='word_1_875' title='bbox 3918 5440 4012 5491; x_wconf 83' lang='grc' dir='ltr'><strong>δύο</strong></span> 
     </span>
    </p>
   </div>
   <div class='ocr_carea' id='block_1_117' title="bbox 2432 5524 4011 5600">
    <p class='ocr_par' dir='ltr' id='par_1_117' title="bbox 2432 5524 4011 5600">
     <span class='ocr_line' id='line_1_117' title="bbox 2432 5524 4011 5600; baseline 0.004 -23"><span class='ocrx_word' id='word_1_876' title='bbox 2432 5524 2607 5579; x_wconf 87' lang='grc' dir='ltr'><strong>ταῦτά</strong></span> <span class='ocrx_word' id='word_1_877' title='bbox 2631 5541 2816 5595; x_wconf 84' lang='grc' dir='ltr'><strong>φησιν,</strong></span> <span class='ocrx_word' id='word_1_878' title='bbox 2861 5526 3215 5581; x_wconf 84' lang='grc' dir='ltr'><strong>ἁποστολικὺν</strong></span> <span class='ocrx_word' id='word_1_879' title='bbox 3260 5529 3317 5581; x_wconf 70' lang='lat' dir='ltr'><strong>tv</strong></span> <span class='ocrx_word' id='word_1_880' title='bbox 3351 5530 3482 5600; x_wconf 79' lang='grc' dir='ltr'><strong>ἡμῖν</strong></span> <span class='ocrx_word' id='word_1_881' title='bbox 3522 5530 3619 5584; x_wconf 67' lang='grc' dir='ltr'><strong>καὶ</strong></span> <span class='ocrx_word' id='word_1_882' title='bbox 3656 5530 4011 5599; x_wconf 80' lang='grc' dir='ltr'><strong>εὖαγγελικδν</strong></span> 
     </span>
    </p>
   </div>
   <div class='ocr_carea' id='block_1_118' title="bbox 2433 5614 4011 5692">
    <p class='ocr_par' dir='ltr' id='par_1_118' title="bbox 2433 5614 4011 5692">
     <span class='ocr_line' id='line_1_118' title="bbox 2433 5614 4011 5692; baseline 0.008 -25"><span class='ocrx_word' id='word_1_883' title='bbox 2433 5614 2724 5687; x_wconf 85' lang='grc' dir='ltr'><strong>διαλάμπει</strong></span> <span class='ocrx_word' id='word_1_884' title='bbox 2768 5618 3051 5690; x_wconf 88' lang='grc' dir='ltr'><strong>κήρυγμα.</strong></span> <span class='ocrx_word' id='word_1_885' title='bbox 3100 5621 3302 5692; x_wconf 81' lang='grc' dir='ltr'><strong>’Λμφω</strong></span> <span class='ocrx_word' id='word_1_886' title='bbox 3339 5622 3397 5677; x_wconf 80' lang='grc' dir='ltr'><strong>δὲ</strong></span> <span class='ocrx_word' id='word_1_887' title='bbox 3448 5622 3549 5677; x_wconf 85' lang='grc' dir='ltr'><strong>ταῦ</strong></span> <span class='ocrx_word' id='word_1_888' title='bbox 3695 5624 3772 5678; x_wconf 85' lang='grc' dir='ltr'><strong>ὦν</strong></span> <span class='ocrx_word' id='word_1_889' title='bbox 3813 5624 4011 5680; x_wconf 77' lang='grc' dir='ltr'><strong>ἀλιέων</strong></span> 
     </span>
    </p>
   </div>
  </div>
