4218 6500
208 412 315 468 ιῦἸ
1249 404 1311 457 ΙΝ
1348 401 1637 459 JOANNIS
1676 398 1803 455 EVA

1905 398 2134 455 LELIUM
2176 401 2305 455 LIB.
2349 402 2438 457 Ill.
3382 417 3487 474 ιεέι

206 531 519 602 εὑρήματα,
545 529 641 582 καὶ
671 526 1032 598 λογογραφίαι
1070 525 1463 595 πνευματικαί.
1508 521 1802 592 Ἀναμίξας

1905 536 2011 591 que
2039 521 2392 578 manifestum
2426 532 2511 580 est
2561 525 2696 581 Nam
2734 528 2863 583 licet
2929 545 3123 586 omnes
3184 540 3488 602 piscatores

204 620 502 693 τοιγαροῦν
534 624 562 675 ὀ
596 619 789 690 Σωτὴρ
830 621 944 683 τοῖς
972 618 1222 681 παλαιοῖς
1260 618 1329 670 τὰ
1355 618 1471 680 νέα,
1502 617 1589 668 διὰ
1633 614 1797 682 νόμου

1907 630 2015 668 non
2053 626 2263 681 essent,
2294 626 2473 669 tamen
2510 621 2769 685 quoniam
2794 623 2937 677 inter
2968 638 3065 679 eos
3103 627 3239 680 tales
3262 628 3486 697 quidam

203 715 299 767 καὶ
355 712 702 784 μαθημάτων
753 709 1033 779 Διαθήκης
1086 708 1282 777 καινῆς
1338 707 1447 760 τῶν
1504 708 1586 769 εἰς
1637 703 1800 757 αὑτὸν

1909 716 2085 769 erant,
2144 706 2350 761 idcirco
2411 727 2439 765 a
2494 715 2728 769 veritate
2782 730 2893 770 non
2928 716 3148 772 aberrat
3208 722 3359 790 quod
3398 722 3486 777 di-

203 804 580 857 πιστευόντων
610 801 710 865 τὰς
735 800 913 870 ψυχὰς
947 798 1247 869 ἁποτρέφει
1285 797 1419 868 πρὸς
1450 795 1615 868 ζωὴν,
1646 794 1803 863 δῆλον
1910 795 2107 850 cimus.

200 897 287 952 ὅτι
326 898 432 967 τὴν
479 895 717 949 αἰώνιον.
757 895 880 949 Ὀτι
927 895 1037 963 γὰρ
1084 893 1143 958 ἐξ
1200 891 1395 946 ἀλιέων
1441 894 1489 945 oi
1532 889 1793 961 μαθηταὶ,
1838 888 2103 959 πρόδηλον
2131 891 2304 962 δήπου
2336 896 2430 980 καὶ
2457 898 2663 967 σαφές·
2697 904 2745 954 εί
2772 902 2880 972 γὰρ
2906 887 2981 979 μή
3041 905 3239 970 πάντες
3303 908 3487 979 τυχὸν,

202 994 321 1047 ἀλλ’
353 994 592 1063 ἐπείπερ
624 992 764 1045 εἰσὶν
813 993 872 1043 ὲν
911 992 1096 1055 αὐτοῖς
1130 992 1180 1043 oi
1209 989 1474 1053 τοιοῦτοι,
1517 988 1661 1041 οὕτω
1702 986 1799 1055 τῆς
1836 984 1927 1038 ἐπὶ
1996 989 2109 1051 τοῖς
2154 990 2469 1061 εἰρημένοις
2501 994 2761 1064 ἀληθείας
2827 1000 2855 1051 ὀ
2900 997 3056 1065 λόγος
3100 1000 3232 1070 ἡμῖν
3274 1003 3375 1055 οὐκ
3403 1004 3491 1068 ἐξ·

202 1088 520 1157 οιχήσςται.
1646 1124 1657 1138 .

292 1181 396 1243 Ὠς
433 1178 503 1230 δὲ
546 1177 1056 1244 ἐνεπλήσθησαν,
1108 1176 1271 1244 ,λέγει
1327 1175 1453 1241 τοῖς
1504 1170 1800 1242 μαθηταῖς

200 1266 399 1321 αὑτοῦ
422 1283 434 1296 ·
483 1266 862 1336 Συναγάγετε
921 1265 994 1319 τὰ
1055 1267 1553 1333 περισσεύσαντα
1604 1262 1796 1317 κλάσ-

194 1375 384 1428 ματα,
436 1360 539 1412 ἵνα
567 1360 652 1427 μή
687 1376 742 1412 τι
778 1360 1099 1425 ἀπόληται.
1136 1358 1496 1428 Συνήγαγον
1528 1354 1659 1421 οὖν,
1699 1356 1799 1410 καί

200 1452 504 1520 ἐγέμισαν
538 1451 769 1504 δώδεκα
804 1452 1096 1519 κοφίνους
1133 1451 1532 1520 κλασμάτων,
1581 1451 1649 1502 ἐκ
1679 1448 1798 1501 τῶν

200 1543 391 1597 πέντε
437 1542 633 1610 ἀρτων
686 1541 803 1595 τῶν
860 1545 1158 1610 κριθίνων,
1203 1543 1354 1609 ἅπερ
1394 1542 1798 1611 ἐπερίσσευσε

199 1635 330 1700 τοῖς
356 1637 731 1702 βεϐρωκόσι.

270 1726 464 1791 Δόξειε
500 1726 601 1795 μὲν
641 1727 705 1780 ἀν
725 1743 805 1794 τῳ
839 1725 1011 1793 φειδοῖ
1044 1723 1154 1777 τῶν
1201 1726 1657 1795 περισσευμάτων
1688 1728 1799 1787 τοῖς

1981 1166 2071 1233 VI,
2107 1169 2300 1236 12,15.
2331 1171 2399 1226 Ut
2423 1183 2598 1228 autem
2627 1177 2828 1245 impleti
2860 1190 3003 1247 sunt,
3039 1181 3178 1235 dixit
3209 1183 3488 1254 discipulis

1907 1262 2018 1315 suis
2042 1278 2059 1316 :
2086 1260 2332 1335 Colligite
2358 1282 2477 1335 quae
2506 1280 2887 1337 superaverunt
2914 1272 3234 1342 fragmenta,
3269 1295 3331 1330 ne
3364 1294 3488 1345 per-

1906 1362 2047 1408 eant.
2111 1354 2445 1425 Collegertmt
2494 1375 2655 1428 ergo,
2702 1370 2752 1414 et
2815 1363 3156 1430 impleverunt
3210 1367 3487 1426 duodecim

1907 1445 2154 1513 cophinos
2179 1447 2619 1516 fragmeiitorum,
2651 1468 2716 1504 ex
2747 1454 2973 1523 quinque
3008 1456 3234 1525 panibus
3262 1458 3485 1515 hordea-

1905 1537 2032 1598 (εἰς,
2056 1553 2172 1605 qua:
2196 1538 2570 1606 superfuerunt
2595 1542 2677 1597 liis
2705 1545 2796 1612 qui
2821 1547 3291 1606 mandueaverant.

1979 1713 2392 1773 Existimaverit
2433 1720 2634 1790 aliquis
2665 1721 2945 1778 Christum
2986 1726 3327 1795 parcimonia
3360 1746 3487 1800 qua-

200 1818 405 1872 έαυτοῦ
438 1818 714 1887 μαθηταῖς
746 1816 1001 1881 ἐπιτάξαι
1038 1817 1276 1889 Χριστὸς
1323 1817 1602 1886 συλλέγειν
1636 1818 1797 1871 αὑτά.

1905 1806 2027 1861 dam
2070 1809 2356 1893 discipulis
2404 1812 2522 1865 suis
2563 1812 2807 1881 jussisse
2851 1822 2909 1869 ut
2956 1819 3221 1888 reliquias
3263 1824 3487 1893 collige-

210 1910 382 1972 ’Δλλ’,
409 1905 591 1978 οἶμαι,
617 1908 918 1961 παστισοῦν
945 1910 1199 1978 ἐννοῆσαι
1227 1911 1570 1980 πρεπόντως,
1597 1908 1672 1972 ὼς
1701 1910 1801 1962 οὐκ

200 2002 269 2055 ἂν
298 2004 384 2064 εἰς
411 2001 575 2054 τοῦτο
603 2000 959 2072 μικρολογίας
987 1999 1341 2054 καταϐαίνειν
1370 2001 1633 2071 ἠνέσχετο
1660 2017 1671 2027 ·
1708 2004 1801 2056 καὶ

200 2097 254 2147 τί
286 2096 439 2163 λέγω
468 2094 733 2165 Χριστός·
778 2093 898 2146 ἀλλ’
929 2093 1050 2145 οὐδὲ
1084 2088 1168 2156 εἷς
1202 2110 1288 2156 τις
1323 2093 1434 2146 τῶν
1473 2092 1596 2146 καθ’
1629 2096 1797 2165 ἡμᾶς.

202 2186 269 2239 Τί
318 2186 438 2254 γὰρ
483 2182 553 2255 ἦν
597 2188 659 2238 ἐκ
714 2186 881 2239 πέντε
929 2183 1229 2254 κριθίνων,
1277 2184 1339 2238 τὸ
1390 2184 1800 2257 περιλελεῖφθαι

204 2277 707 2348 προσδοκώμενον,
782 2276 921 2329 Ἀλλ’
972 2276 1086 2347 ἔχει
1148 2276 1352 2348 πολλὴν
1410 2277 1723 2347 οἰκονομίαν
1773 2277 1802 2329 δ

198 2370 386 2437 Λόγος,
417 2371 514 2421 καὶ
550 2369 611 2421 τὸ
654 2368 839 2437 θαῦμα
866 2369 978 2431 τοῖς
1010 2369 1384 2439 ἀκροωμένοις
1412 2369 1670 2438 διαφανὲς
1708 2373 1802 2441 ὲρ-

206 2464 461 2529 γάξεται.
526 2460 778 2530 Τοσαύτη
839 2460 948 2531 γάρ
1009 2476 1093 2523 τις
1157 2461 1410 2529 ἐνέργεια
1462 2460 1803 2531 θεοπρεποῦς

206 2552 463 2619 ἐξουσίας
503 2553 631 2622 περὶ
678 2552 740 2605 τὸ
775 2550 1011 2622 πρᾶγμά
1061 2552 1245 2615 ἐστιν,
1290 2552 1367 2615 ὡς
1410 2553 1485 2624 μὴ
1535 2554 1693 2622 μόνον
1739 2554 1802 2607 ὲκ

208 2647 375 2721 πέντε
404 2646 497 2699 τὸν
527 2644 757 2716 ἀριθμὸν
787 2643 1044 2714 κριθίνων
1070 2643 1162 2697 καὶ
1181 2643 1423 2715 ὀψαρίων
1464 2645 1606 2698 δυοῖν
1630 2644 1802 2716 δῆμον

206 2738 353 2792 οὕτω
380 2735 863 2805 κατακορεσθῆναι
894 2736 1082 2800 πολὺν,
1108 2736 1224 2788 ἀλλ’
1252 2736 1333 2788 ἔτι
1356 2736 1492 2807 πρὸς
1520 2738 1679 2791 τοῦτο
1708 2739 1803 2792 καὶ

208 2828 661 2899 ωγκομισθῆναι
692 2826 959 2895 λειψάνων
980 2827 1235 2895 κοφίνους
1261 2826 1491 2881 δώδεκα.
1523 2827 1799 2891 Ἀλλωςτε

208 2922 304 2975 καὶ
333 2920 540 2990 ἑτέραν
564 2918 724 2980 τινὰ,
752 2918 894 2971 κατά
922 2919 983 2971 τὸ
1012 2918 1158 2980 εἰκὸς
1179 2958 1192 2979 ,
1227 2916 1287 2970 τὸ
1319 2917 1505 2987 θαῦμα
1540 2918 1641 2988 τὴν
1668 2918 1803 2971 ὑπό-

209 3028 361 3064 νοιαν
397 3006 805 3079 ἀπεκρούσατο,
835 3010 900 3078 τῇ
929 3007 1039 3060 τῶν
1068 3007 1340 3075 λειψάνων
1373 3008 1587 3079 εὑρέσει
1620 3008 1803 3077 βεὸαι-

205 3103 445 3174 σύμενον
476 3103 559 3164 εἰς
575 3101 760 3154 πίστιν
776 3100 870 3153 τοῦ
903 3102 1121 3162 πάντως
1150 3117 1212 3152 τε
1236 3100 1332 3163 καὶ
1354 3100 1571 3169 ἀληθῶς
1591 3101 1800 3171 τροφῆς

208 3194 470 3264 γενέσθαι
517 3192 897 3261 πλεονασμὸν,
944 3193 1039 3244 καὶ
1087 3192 1228 3261 οὑχῖ
1261 3191 1459 3261 μᾶλλον
1496 3192 1799 3260 φαντασίας

208 3283 475 3347 ἐπίδειξιν
518 3280 819 3350 ἀπατὼσης
862 3281 958 3334 καὶ
1003 3281 1096 3333 τὸν
1146 3278 1254 3333 τῶν
1291 3280 1669 3351 ἑστιωμένων,
1711 3282 1803 3334 καὶ

210 3376 317 3429 τῶν
348 3372 751 3426 διακονούντων
774 3371 959 3432 αὐτοῖς
1005 3369 1304 3438 ὀφθαλμόν.
1338 3370 1412 3421 Τὸ
1433 3369 1491 3421 δέ
1520 3386 1583 3437 γε
1621 3369 1803 3438 μεῖζόν

208 3483 265 3519 τε
285 3466 384 3518 καὶ
412 3462 861 3533 ἀξιολογώτερον,
887 3462 979 3513 καὶ
1009 3460 1126 3512 λίαν
1154 3461 1303 3530 ἡμᾶς
1330 3460 1594 3528 ὠφελοῦν,
1627 3460 1803 3513 ἐκεῖνό

208 3560 324 3610 ἐστι
350 3574 364 3587 ·
409 3555 666 3609 κατανόει
713 3554 823 3625 γὰρ
863 3554 1011 3615 ὅπως
1055 3552 1500 3623 προθυμοτάτους
1540 3555 1688 3622 ἡμᾶς
1714 3552 1802 3605 διὰ

212 3648 302 3701 τοῦ
358 3647 643 3716 θαύματος
694 3644 1070 3715 ἀπεργάζεται
1118 3642 1256 3713 πρὸς
1297 3644 1361 3694 τὸ
1388 3642 1668 3712 βούλεσθαι
1711 3641 1803 3695 καὶ¹

209 3738 327 3791 λίαν
358 3738 622 3807 ἀσμένως
659 3735 956 3803 φιλοξενεῖν
979 3774 992 3799 ,
1044 3734 1330 3803 μονονουχὶ
1365 3732 1430 3785 δι’
1464 3732 1645 3787 αιἰτῶν
1669 3735 1803 3803 ἡμῖν

209 3830 533 3899 ἀναϐοήσας
573 3828 682 3880 τῶν
729 3826 1113 3897 γεγενημένων
1154 3825 1230 3886 ὡς
1277 3824 1377 3878 οὐκ
1425 3824 1695 3893 ἐπιλείψει
1736 3823 1806 3877 τὰ

211 3924 366 3995 παρά
402 3920 543 3974 Θεοῦ
577 3920 668 3973 τὸν
702 3918 1055 3981 κοινωνικὸν,
1090 3917 1181 3971 καὶ
1211 3916 1290 3985 τῷ
1335 3916 1646 3987 φιλαλλήλῳ
1681 3916 1801 3986 χαί-

213 4033 378 4088 ροντα
408 4013 602 4085 τρόπῳ
625 4053 639 4076 ,
671 4011 766 4064 καὶ
798 4011 859 4064 τὸ
885 4010 1272 4081 γεγραμμένον
1305 4008 1657 4079 ἀποπληροῦν
1688 4008 1807 4061 ὁθε-

210 4109 497 4181 λήσαντα·
547 4124 567 4157 ι
604 4105 909 4175 Διάθρυπτε
954 4102 1212 4155 πεινῶντι
1257 4102 1346 4154 τὸν
1404 4101 1569 4170 ἄρτον
1624 4118 1741 4155 σου.
1780 4119 1799 4154 i

214 4203 404 4271 Ὀκνῳ
443 4200 545 4268 μὲν
572 4198 682 4268 γάρ
713 4197 792 4265 τῷ
825 4196 953 4266 περὶ
984 4194 1145 4247 τοῦτο
1170 4193 1647 4263 κατειλημμένους
1680 4209 1804 4256 τους

217 4293 474 4366 μαθητὰς
528 4291 857 4361 εὑρίσκομεν
902 4291 960 4340 ὲν
1000 4289 1142 4358 ἀρχῇ
1170 4325 1185 4349 ,
1234 4286 1347 4340 ἀλλ’
1385 4286 1617 4355 ἐπείπερ
1666 4282 1806 4357 ἦσαν

212 4387 358 4441 οὕτω
395 4381 765 4451 διακείμενοι,
793 4379 1054 4431 πλουσίαν
1081 4378 1265 4440 αὐτοῖς
1293 4378 1321 4429 ὀ
1349 4377 1538 4446 Σωτὴρ
1569 4378 1668 4446 τὴν
1701 4378 1807 4430 ἀπὸ

1906 1906 2048 1953 rent.
2104 1891 2213 1955 Sed
2270 1902 2474 1971 quivis,
2529 1904 2749 1973 opinor,
2797 1907 2962 1979 284
3014 1909 3176 1967 facile
3220 1891 3489 1984 cogita-bit

1903 2004 2012 2044 non
2073 1997 2184 2044 tam
2241 1992 2560 2047 restrictum
2624 1992 2796 2051 fuisse
2851 1998 3172 2066 Christum,
3230 2010 3284 2057 et
3339 2005 3476 2073 quid

1902 2080 2028 2135 dico
2111 2076 2447 2138 Christum?
2515 2100 2586 2140 ne
2654 2101 2826 2142 unum
2896 2090 3119 2159 quidem
3197 2107 3227 2147 e
3301 2097 3483 2153 nobis.

1903 2172 2054 2239 Quid
2100 2174 2245 2230 enim
2318 2190 2383 2229 ex
2437 2176 2681 2247 quinque
2733 2178 2971 2248 panibus
3018 2180 3340 2242 hordeaceis
3396 2203 3486 2241 rc-

1904 2265 2039 2336 liqui
2090 2266 2400 2336 exspectari
2458 2274 2674 2337 poterat
2703 2267 2727 2321 i
2753 2268 2824 2322 At
2854 2269 3123 2340 singulari
3156 2276 3388 2330 consilio
3429 2276 3481 2329 id

1903 2356 2132 2421 dieitur,
2162 2366 2215 2414 et
2248 2358 2601 2414 manifestam
2636 2359 2692 2415 in
2722 2362 3037 2417 auditorum
3083 2367 3360 2421 mentibus
3389 2369 3485 2422 ad-

1906 2449 2253 2505 mirationem
2280 2450 2444 2521 parit.
2480 2449 2655 2505 Tanta
2682 2453 2829 2508 enim
2858 2453 2942 2510 vis
2971 2455 3169 2511 divinae
3194 2460 3485 2526 potestatis

1904 2550 1989 2598 est
2027 2543 2080 2597 in
2120 2559 2184 2599 ea
2251 2560 2332 2606 re,
2371 2554 2431 2598 ut
2488 2559 2596 2599 non
2632 2546 2808 2600 solum
2840 2563 2905 2601 ex
2959 2548 3205 2619 quinque
3246 2550 3484 2620 panibus

1903 2635 2228 2690 hordeaceis
2265 2644 2319 2691 et
2357 2635 2640 2704 pisciculis
2687 2636 2906 2692 duobus
2966 2646 3122 2693 tanta
3181 2643 3483 2698 multitudo

1905 2727 2091 2798 populi
2121 2728 2317 2781 satiata
2354 2728 2446 2791 sit,
2487 2727 2582 2782 sed
2612 2736 2875 2797 praeterea
2920 2728 3211 2785 duodecim
3265 2748 3484 2804 quoque

1904 2820 2127 2891 cupliini
2155 2820 2515 2890 reliquiarum
2553 2818 2947 2891 superfuerint.
2975 2822 3119 2886 Quin
3153 2824 3482 2880 miraculum

1905 2912 2053 2967 istud
2091 2912 2449 2980 reliquiarum
2487 2912 2830 2966 abundantia
2878 2913 3266 2968 conﬁrmatum
3320 2917 3483 2973 aliam

1904 3004 2199 3074 quamdam
2235 3003 2610 3072 suspicionem
2643 3002 2876 3073 depulit,
2928 3019 2998 3059 ne
3027 3005 3284 3060 videlicet
3334 3008 3485 3062 inani

1906 3096 2092 3165 specie
2138 3095 2497 3148 convivarum
2556 3101 2613 3149 et
2666 3094 3049 3150 ministrorum
3104 3097 3248 3151 oculi
3300 3098 3484 3153 deludi

1904 3186 2246 3250 viderentur,
2300 3186 2396 3240 sed
2438 3199 2632 3239 revera
2666 3184 2822 3240 cibos
2862 3201 3173 3255 superesse.
3214 3185 3320 3243 Sed
3362 3204 3481 3242 ma-

1907 3296 2119 3334 ximum
2172 3285 2227 3334 et
2280 3279 2637 3333 utilissimum
2684 3277 2820 3332 illud
2869 3293 2995 3334 esse
3042 3280 3283 3342 notabis,
3339 3283 3484 3349 quod

1908 3372 2011 3426 lioc
2033 3370 2297 3426 miraculo
2317 3370 2576 3426 Christus
2604 3371 2671 3425 ad
2693 3370 3133 3440 hospitalitatem
3165 3372 3484 3427 sectandam

1908 3464 2207 3519 alacriores
2234 3464 2555 3533 ellicit,ipso
2584 3462 2730 3517 facto
2751 3465 3148 3534 propemodum
3176 3464 3485 3522 inclamans

1908 3557 2079 3613 Deum
2112 3571 2223 3611 non
2254 3555 2574 3611 defuturum
2630 3558 2678 3610 ei
2742 3556 2835 3623 qui
2872 3571 2995 3625 quae
3043 3557 3207 3612 liabet
3256 3557 3488 3615 libenter

1906 3649 2122 3705 confert
2152 3650 2206 3703 iii
2238 3649 2395 3715 alios,
2429 3656 2482 3703 et
2510 3646 2873 3703 beneﬁcentia
2903 3649 3227 3713 oblectatur,
3262 3657 3315 3702 et
3340 3651 3485 3719 quod

1908 3744 2178 3812 scriptum
2207 3748 2291 3796 est
2327 3740 2559 3809 implere
2605 3739 2843 3794 nititur:
2899 3760 2917 3792 ι
2960 3738 3173 3810 Frange
3222 3742 3488 3797 esurienti

1908 3847 2104 3903 panem
2159 3839 2313 3885 tuum
2337 3832 2403 3886 ".
2464 3849 2481 3881 i
2539 3832 2849 3900 Discipulos
2905 3833 3050 3885 enim
3117 3847 3487 3901 comperimus

1908 3925 2069 3980 initio
2115 3924 2289 3979 fuisse
2321 3925 2377 3977 in
2420 3924 2522 3977 hoc
2563 3924 2728 3992 paulo
2758 3924 3051 3987 tardiores,
3102 3924 3197 3978 sed
3233 3940 3358 3979 cum
3412 3926 3485 3978 ita

1911 4016 2087 4072 aiiecti
2112 4025 2301 4073 essent
2358 4030 2609 4087 magnam
2645 4016 3000 4086 reliquiarum
3041 4017 3255 4087 copiam
3297 4014 3485 4070 Salva-

1914 4117 2000 4161 tor
2024 4106 2106 4161 eis
2136 4106 2499 4175 colligendam
2528 4103 2777 4161 tradidit.
2798 4104 2894 4161 His
2915 4114 3096 4160 autem
3126 4104 3409 4170 docemur,
3436 4108 3483 4160 si

1910 4198 2188 4254 modicum
2221 4199 2350 4269 quid
2376 4200 2431 4252 in
2460 4196 2554 4252 Dei
2589 4198 2817 4266 gloriam
2856 4197 3312 4268 impenderimus,
3349 4200 3485 4255 iibe-

1910 4290 2114 4344 riorem
2147 4303 2248 4344 nos
2268 4289 2339 4343 ab
2360 4304 2426 4343 eo
2448 4288 2693 4344 Vicissim
2717 4296 2948 4359 gratiam
2973 4297 3315 4357 recepturos,
3331 4291 3487 4359 juxta

1912 4378 2045 4433 illud
2073 4378 2219 4448 quod
2261 4377 2467 4431 dictum
2499 4384 2583 4432 est
2610 4391 2639 4431 a
2671 4376 2929 4432 Chrlsto.
2970 4397 2989 4429 ‹
3045 4376 3357 4433 Mensuram
3390 4380 3491 4433 bo-

212 4479 326 4531 τῶν
360 4476 635 4545 λειψάνων
672 4473 838 4526 ἐτίθει
869 4469 1227 4540 συγκομιδήν.
1280 4469 1531 4522 Διδάσκει
1564 4468 1622 4521 δὲ
1658 4470 1803 4539 ἡμᾶς

1911 4485 2038 4526 nam
2065 4477 2121 4524 et
2141 4468 2465 4533 confertam,
2485 4476 2539 4523 et
2559 4472 2910 4539 coagitatam,
2930 4475 2984 4523 et
3010 4468 3488 4539 supereﬂluentem

211 4571 304 4624 διὰ
332 4567 547 4621 τούτων
572 4607 588 4630 ,
614 4566 695 4617 ὄτι
725 4566 819 4616 καὶ
859 4561 1034 4633 βραχύ
1072 4577 1125 4613 τι
1162 4559 1509 4622 δαπανῶντες
1545 4562 1624 4623 είς
1648 4560 1806 4625 δόξαν

212 4659 355 4714 Θεοῦ
379 4698 396 4724 ,
444 4654 851 4726 πλουσιωτέραν
893 4649 1300 4722 ἀντιληψόμεθα
1342 4651 1535 4720 χάριν,
1581 4649 1721 4702 κατὰ
1746 4650 1807 4701 τὸ

214 4750 517 4823 εἰρημένον
548 4748 698 4817 παρά
719 4743 972 4814 Χριστοῦ·
1008 4762 1026 4795 ι
1049 4744 1266 4812 Μέτρον
1310 4741 1471 4794 καλὸν
1506 4739 1809 4809 πεπιεσμέ-

212 4862 327 4906 νον,
364 4841 462 4895 aiat
508 4836 922 4906 σεσαλευμένον,
956 4832 1495 4905 ὑπερεκχυνόμενον,
1542 4832 1806 4886 δώσουσιν

215 4939 299 4998 εἰς
334 4933 428 4987 τὸν
457 4929 656 4985 κόλπον
699 4926 875 4996 ὑμῶν.
916 4944 934 4976 i
964 4927 1079 4978 Οὐκ
1116 4923 1374 4993 ὀκνητέον
1406 4922 1697 4995 τοιγαροῦν
1730 4924 1810 4985 είς

215 5024 514 5081 κοινωνίαν
549 5022 647 5089 τὴν
676 5019 736 5083 ἐξ
768 5019 989 5087 ἀγάπης
1028 5017 1128 5085 τῆς
1156 5018 1234 5080 είς
1267 5016 1552 5086 ἀδελφοὺς,
1586 5018 1723 5070 ίτέον
1748 5016 1806 5071 δὲ

221 5118 431 5189 μᾶλλον
471 5116 555 5176 είς
583 5110 872 5181 εὐτολμίαν
910 5104 1153 5179 ἀγαθήν⁸
1201 5110 1296 5164 καὶ
1332 5109 1489 5161 ὄκνον
1529 5110 1663 5178 μὲν,
1713 5110 1808 5163 καὶ

216 5212 427 5267 δειλίαν
475 5207 576 5277 τὴν
616 5203 949 5273 ἀφιλοξενεῖν
989 5201 1389 5256 ἀναπείθουσαν
1412 5243 1426 5266 ,
1466 5201 1541 5264 ὡς
1584 5203 1803 5272 πορρω..

218 5305 372 5358 τάτω
402 5294 759 5368 ποιησώμεθα
777 5337 791 5359 ,
826 5292 1201 5363 βεϐαιούμενοι
1238 5292 1295 5346 δὲ
1324 5293 1461 5362 πρὸς
1493 5293 1687 5346 ἐλπίδα
1715 5292 1805 5347 διὰ

218 5395 320 5463 τῆς
348 5391 592 5450 πίστεως
624 5384 719 5453 τοῦ
765 5384 908 5437 κατά
948 5385 1119 5455 μικρά
1154 5382 1617 5445 πολυπλασιάζειν
1644 5382 1807 5437 δύνα-

222 5484 353 5538 σθαι
372 5480 467 5534 τὸν
485 5478 640 5544 Θεὸν,
661 5474 961 5545 ἀνοίξωμεν
982 5476 1093 5537 τοῖς
1111 5473 1384 5541 δεομένοις
1409 5472 1478 5525 τὰ
1499 5472 1805 5543 σπλάγχνα,

221 5572 371 5629 κατά
424 5569 528 5642 τὴν
576 5566 673 5621 τοῦ
727 5567 894 5636 νόμου
947 5562 1188 5629 διάταξιν
1215 5581 1227 5594 ο
1278 5584 1296 5614 ι
1368 5564 1623 5632 ’Δνοίγων
1672 5566 1803 5637 γὰρ,

222 5667 416 5736 φησιν,
448 5657 684 5725 ἀνοίξεις
714 5654 782 5708 τὰ
811 5653 1095 5724 σπλάγχνα
1134 5670 1227 5705 σου
1260 5654 1337 5723 τῷ
1364 5653 1578 5723 ἀδελφῷ
1607 5671 1702 5708 σου
1730 5658 1808 5727 τῷ

289 5840 347 5874 ’θ
374 5839 485 5896 Isa.
521 5855 679 5904 Lviii,
714 5840 766 5894 Ἰ.
845 5838 889 5869 ⁸⁸
921 5837 1053 5893 Luc.
1082 5851 1155 5901 Vl,
1188 5834 1276 5896 58,
1355 5833 1399 5867 ⁸⁸
1427 5833 1585 5890 Deut.
1615 5851 1705 5901 xv,
1742 5835 1777 5893 8
1805 5875 1818 5885 .

547 5940 824 6000 PATBOL.
866 5937 983 5999 Gn.
1032 5934 1312 5999 LXXIII.

1910 4563 2121 4617 dabunt
2150 4563 2204 4616 in
2238 4562 2419 4615 sinum
2450 4568 2694 4616 vestrum
2717 4562 2787 4613 “.
2825 4579 2850 4612 ο
2881 4560 3003 4616 Non
3034 4569 3121 4617 est
3155 4562 3319 4632 igitur
3345 4561 3488 4616 osci-

1910 4660 2092 4708 tanter
2132 4652 2401 4723 agendum
2432 4652 2487 4706 in
2522 4652 2865 4723 excipiendis
2896 4668 3021 4707 cum
3074 4653 3344 4708 charitate
3374 4652 3488 4706 ira-

1908 4746 2111 4809 tribus.
2176 4744 2271 4799 sed
2305 4744 2621 4799 audendum
2653 4745 2857 4814 potius,
2899 4753 2957 4800 et
3008 4744 3372 4799 excutiendus
3405 4753 3490 4799 est

1912 4846 2093 4892 metus
2124 4836 2216 4906 qui
2273 4850 2376 4890 nos
2416 4836 2484 4890 ab
2532 4836 2904 4906 hospitalitate
2943 4842 3159 4900 avocat,
3210 4842 3266 4889 et
3310 4836 3364 4889 in
3396 4850 3492 4903 spe

1916 4930 2115 4983 ﬁrmati
2150 4930 2333 4997 potius
2369 4943 2464 4997 per
2493 4928 2654 4982 ﬁdem
2689 4944 2795 4997 qua
2826 4927 2999 4983 Deum
3028 4928 3233 4997 exigua
3261 4941 3490 4996 quicque

1915 5020 2282 5089 multiplicare
2336 5035 2499 5089 posse
2564 5022 2863 5082 credimus,
2923 5020 3233 5090 aperiamus
3279 5019 3489 5074 viscera

1914 5112 2315 5182 indigentibus.
2349 5123 2405 5167 ut
2440 5114 2523 5166 lex
2555 5112 2802 5182 praecipit
2846 5130 2858 5165 :
2911 5131 2928 5163 ι
2983 5111 3254 5181 Aperiens
3319 5111 3489 5169 enim.

1914 5204 2114 5273 inquit,
2177 5207 2397 5273 aperies
2452 5205 2666 5259 viscera
2696 5214 2791 5258 tua
2835 5202 2991 5258 fratri
3014 5210 3122 5257 tuo
3160 5202 3257 5273 qui
3284 5200 3492 5270 indiget

1913 5304 1967 5351 te
1990 5296 2055 5349 δ’.
2094 5315 2113 5347 i
2143 5295 2378 5361 Quando
2402 5296 2549 5351 enim
2575 5297 2890 5353 misericom
2933 5295 3209 5355 videbere.
3239 5294 3285 5349 si
3315 5294 3491 5348 durus

1916 5387 1971 5441 in
2006 5387 2107 5441 hac
2145 5389 2255 5441 vita
2298 5388 2717 5458 permanseris?
2748 5385 3109 5453 Otiandonam
3150 5399 3285 5440 vero
3335 5398 3492 5438 man-

1914 5478 2100 5532 datum
2144 5478 2419 5546 implebis,
2449 5480 2495 5534 si
2528 5488 2743 5547 tempus
2770 5477 2995 5532 einuere
3024 5476 3255 5547 patiaris
3288 5488 3399 5544 quo
3430 5480 3488 5528 tu

1913 5571 2046 5624 illud
2079 5578 2204 5625 actu
2253 5578 2515 5640 praestare
2554 5570 2777 5641 possis?
2829 5569 3143 5625 Recordare
3189 5566 3493 5623 Psalniista

1917 5662 2151 5717 dicentis
2181 5682 2191 5716 :
2243 5682 2261 5714 ι
2295 5661 2567 5727 Quoniam
2601 5678 2708 5718 non
2742 5669 2824 5717 est
2858 5662 2912 5715 in
2948 5668 3121 5715 morte
3163 5658 3255 5728 qui
3283 5671 3494 5713 memor

3096 5926 3169 5985 15
