4218 6500
739 388 842 445 459

1732 388 1787 443 S.
1813 386 2085 443 CYRILLI
2128 383 2596 443 ALEXANDIKINI
2626 387 2946 445 ARCHIEP.

3888 391 3997 447 460

731 505 804 559 sit
841 504 918 557 lui
945 523 957 558 :
981 505 1034 558 in
1066 502 1280 559 inferno
1301 510 1505 569 autem,
1531 503 1653 573 quis
1676 505 2149 561 conﬁtebitur‘tibi
2174 504 2257 557 ⁸²⁴ί
2280 521 2289 555 ι

2406 505 2738 578 ἐπιδεομένῳ
2790 510 2848 561 ἐν
2890 509 2991 563 σοί.
3039 526 3058 561 ι
3112 509 3249 563 Πότε
3302 507 3411 578 γάρ
3462 507 3711 579 ἐλεήμων
3752 509 3993 584 ὸιρθήσῃ.

728 594 894 665 235
920 594 1055 660 Quis
1077 596 1219 647 enim
1250 601 1596 646 mortuorum
1632 594 1846 650 fructus
1879 595 2005 657 erit,
2035 601 2130 646 aut
2162 605 2303 661 quo-

730 687 895 739 modo
924 684 1234 738 meminerit
1264 682 1355 738 Dei
1384 692 1653 753 praecepta
1679 685 1800 751 ejus
1826 682 2121 753 implendo,
2148 682 2304 753 quis-

727 779 851 846 quis
885 778 936 829 iu
988 775 1265 830 infernum
1308 775 1702 831 descenderit?
1741 795 1757 826 ι
1813 774 2103 829 Conclusit
2152 775 2302 828 enim

732 872 871 925 Ibus
924 886 1091 940 super
1132 887 1279 934 eum,
1343 889 1360 920 ι
1400 878 1457 923 ιιι
1516 870 1782 939 scriptum
1828 868 1999 923 est”.
2066 867 2306 939 Ideoque

724 963 1171 1031 sapientissimus
1209 964 1295 1015 ille
1326 961 1530 1015 Paulus
1560 975 1659 1015 nos
1708 960 1993 1014 erudiebat
2054 960 2304 1015 scribens

724 1054 811 1107 his
856 1055 1078 1108 verbis:
1128 1074 1146 1104 ι
1192 1053 1325 1106 Dum
1389 1062 1606 1122 tempus
1664 1052 1949 1115 habemus,
2008 1065 2304 1121 operemur

723 1145 924 1208 bonum
952 1148 1014 1197 ιδ.
1040 1164 1057 1195 ι
1086 1145 1149 1197 Ει
1179 1146 1293 1199 hair.
1328 1144 1574 1214 quidem,
1599 1144 1741 1213 quod
1776 1144 1841 1198 ad
1873 1159 2093 1197 sensum
2132 1143 2304 1197 histo-

725 1234 897 1286 ricum
947 1219 1165 1299 attinet,
1206 1235 1420 1288 utiliter
1452 1234 1559 1287 diei
1598 1242 1873 1302 poterunt.
1909 1231 2113 1286 Verum
2177 1247 2300 1286 cum

724 1328 937 1381 ratione
972 1328 1146 1396 magis
1199 1328 1430 1396 spiritali
1484 1326 1849 1395 intelligentes
1876 1341 1939 1378 ea
2000 1341 2120 1394 quae
2154 1324 2301 1377 dicta

724 1426 881 1484 sunt,
915 1433 1017 1472 nec
1036 1420 1180 1472 enim
1210 1418 1366 1470 aliter
1406 1416 1606 1469 factum
1638 1416 1900 1484 oportuit,
1933 1432 2027 1484 per
2056 1415 2303 1484 quinque

724 1511 1059 1564 hordeaceos
1089 1525 1257 1578 panes
1305 1508 1471 1563 Mosis
1512 1507 1971 1571 Pentateuelmm,
2011 1523 2108 1576 per
2158 1507 2300 1561 duos

722 1612 900 1655 autem
937 1601 1233 1670 pisciculos
1260 1599 1529 1669 sapientia
1570 1607 1883 1651 sanctorum
1921 1596 2297 1663 apostolorum

722 1694 933 1763 scripta
968 1693 1262 1762 signiﬁcari
1311 1692 1637 1753 dixerimus,
1680 1692 1963 1759 mystiram
2001 1704 2193 1742 rursus
2234 1704 2297 1742 ac

721 1786 1025 1855 spiritalem
1056 1784 1346 1853 quamdam
1374 1783 1814 1836 observationem
1853 1782 1937 1834 his
1969 1796 2089 1850 qua:
2142 1784 2295 1849 prius

722 1880 1009 1933 retulimus
1060 1884 1487 1930 consentaneam
1526 1872 1944 1943 excogitandam
1990 1888 2112 1928 esse
2141 1883 2293 1943 puto.

723 1971 889 2040 Igitur
940 1969 1108 2038 jussit
1158 1968 1378 2038 quidem
1422 1966 1675 2020 Salvator
1730 1968 1921 2022 turbas
1958 1967 2298 2033 recumbere,

718 2070 773 2115 et
824 2077 945 2115 eum
1007 2075 1176 2130 panes
1222 2059 1588 2113 hencdixisset
1637 2067 1690 2112 et
1738 2059 2068 2127 pisciculos,
2124 2074 2299 2129 appo-

2410 596 2648 668 σκληρὸς
2668 597 2951 669 διαμείνας
2978 600 3068 655 τὸν
3098 602 3155 653 ἐν
3182 600 3319 670 τῷδε
3344 599 3421 670 τῷ
3444 599 3545 669 βίῳ
3580 601 3806 671 χρόνον;
3858 603 4000 656 Πότε

2406 687 2463 740 δέ
2510 686 2821 757 πληρώσεις
2872 688 2971 759 τὴν
3007 690 3263 760 ἐντολὴν,
3300 688 3391 742 τὸν
3430 687 3525 741 τοῦ
3570 689 3832 743 δύνασθαι
3861 690 3997 761 δρᾷν

2407 780 2657 851 ἐνεργείᾳ
2700 782 3072 850 παριππεύειν
3116 782 3428 851 ἐπιτρέπων
3462 783 3687 853 καιρόν,
3737 781 4002 852 Μέμνησο

2406 873 2653 940 λέγοντος
2675 874 2768 926 τοῦ
2793 872 3051 943 Μελῳδοῦ
3068 890 3083 905 ·
3112 893 3131 925 ι
3157 874 3279 926 Ὅτι
3300 874 3402 926 οὑκ
3423 874 3570 926 ἔστιν
3592 876 3647 925 ἐν
3678 873 3755 943 τῷ
3775 873 3997 943 θανάτῳ

2405 968 2433 1018 6
2464 966 2817 1035 μνημονεύων
2858 983 2973 1027 σου,
3005 968 3063 1017 ἐν
3096 966 3153 1020 δὲ
3186 965 3265 1036 τῷ
3292 966 3391 1036 ᾅδῃ
3420 965 3507 1028 τίς
3536 964 3998 1035 ἐξομολογήσεταί

2407 1074 2516 1123 σοις
2570 1076 2586 1107 ι
2617 1059 2773 1121 Ποῖος
2795 1058 2903 1128 γάρ
2929 1056 3009 1109 ἐτι
3052 1056 3160 1110 τῶν
3193 1056 3403 1127 νεκρῶν
3452 1058 3481 1109 6
3508 1058 3741 1126 καρπὸς,
3797 1059 3831 1127 ἤ
3876 1058 3997 1121 πῶς

2404 1147 2483 1201 ἐτι
2504 1148 2842 1218 μεμνήσεταί
2868 1165 2949 1210 τις
2969 1146 3104 1200 Θεοῦ
3127 1146 3213 1199 διά
3233 1145 3325 1198 τοῦ
3349 1146 3587 1217 πληροῦν
3618 1147 3861 1217 ἐντολὴν,
3892 1149 4000 1199 τῶν

2410 1242 2467 1294 ἐν
2545 1240 2645 1313 [αι.
2694 1239 2797 1311 είς]
2850 1224 2979 1310 ᾅδου
3050 1239 3546 1308 καταϐεϐηκότων;
3590 1255 3613 1290 τ
3676 1241 4001 1291 Συνέκλεισε

2403 1333 2512 1402 γὰρ
2549 1336 2577 1385 ὁ
2605 1333 2733 1395 Θεὸς
2751 1334 2868 1385 κατ’
2889 1331 3075 1395 αὑτοῦ,
3115 1351 3133 1383 ι
3166 1332 3306 1385 κατὰ
3340 1331 3400 1385 τὸ
3428 1333 3837 1403 γεγραμμένον.
3868 1332 4000 1386 Διάο

2404 1444 2485 1479 τοι
2518 1426 2696 1490 τοῦτο,
2724 1426 2816 1479 καὶ
2854 1426 2883 1477 ό
2934 1423 3245 1490 σοφώτατος
3278 1424 3427 1494 ἡμᾶς
3450 1423 3704 1475 ἐπαίδευε
3734 1423 3952 1486 Παῦλος
3982 1441 3996 1453 ·

2410 1518 2585 1579 «Ἕως
2607 1517 2795 1587 καιρὸν
2817 1515 3035 1584 ἔχομεν,
3071 1514 3436 1584 ἐργαζώμεθα
3465 1515 3529 1566 τὸ
3561 1514 3789 1581 ἀγαθὸν,
3824 1533 3843 1565 ι
3872 1518 3999 1567 ἐπιο

2405 1609 2637 1661 στέλλων
2661 1609 2789 1660 τισί.
2826 1609 2937 1660 Καὶ
2952 1606 3123 1661 ταῦτα
3156 1608 3254 1675 μὲν
3278 1608 3409 1675 ήμῖν
3435 1608 3512 1669 είς
3539 1606 3599 1658 τὸ
3620 1609 3684 1658 ἐκ
3717 1607 3817 1675 τῆς
3852 1608 3999 1659 ίστοο

2406 1702 2526 1772 ρίας
2551 1701 2825 1764 λελέξεται
2864 1703 3153 1770 χρήσιμον.
3207 1699 3426 1768 Ἐπειδὴ
3467 1700 3523 1752 δὲ
3544 1700 3999 1768 πνευματικώτε-

2405 1808 2497 1863 ρον
2527 1790 2962 1859 ἐκλαμϐάνοντες
2984 1789 3054 1841 τὰ
3076 1790 3343 1859 εἰρημένα
3368 1829 3383 1852 ,
3416 1789 3555 1859 χρῆν
3580 1789 3691 1860 γὰρ
3715 1789 3882 1852 οῦτω,
3904 1792 3998 1842 καὶ

2399 1884 2498 1953 οὑχ
2524 1882 2757 1953 ἑτέρως,
2798 1880 2885 1934 διὰ
2927 1880 3023 1950 μὲν
3048 1879 3156 1933 τῶν
3178 1880 3339 1932 πέντε
3384 1879 3642 1950 κριθίνων
3678 1881 3739 1932 τὸ
3765 1882 3998 1933 Mais-ai-

2401 1975 2495 2028 κδν
2533 1973 2745 2043 ἔφημεν
2776 1968 3177 2041 ὑποδηλοῦσθαι
3224 1970 3448 2040 βιϐλίον,
3482 1969 3570 2023 διὰ
3599 1970 3657 2023 δέ
3699 1974 3817 2024 τοῖν
3845 1971 3996 2023 δυοῖν

2398 2066 2664 2136 ὀψαρίοιν,
2696 2065 2763 2117 τά
2793 2063 2931 2133 σοφά
2965 2063 3074 2117 τῶν
3124 2064 3295 2131 ἁγίων
3341 2064 3655 2117 ἀποστόλων
3674 2068 3994 2135 ησυγγράμ-

718 2155 859 2217 suit,
908 2153 1300 2221 discipulorum
1362 2167 1555 2221 nempe
1620 2152 1945 2206 ministerio.
1992 2149 2289 2217 Postquam

2403 2172 2568 2227 ματα·
2620 2157 2818 2229 χρῆναι
2856 2155 3018 2209 πάλιν
3052 2154 3445 2224 ὑπολαμϐάνω,
3492 2155 3586 2208 καὶ
3609 2157 3704 2208 ἐπὶ
3748 2158 3849 2225 τῆς
3886 2155 3994 2209 τῶν

720 2252 899 2298 autem
955 2244 1278 2297 mirabiliter
1311 2243 1541 2295 saturati
1595 2249 1724 2295 Sunt
1768 2243 1860 2311 qui
1921 2243 2289 2306 comederant,

2398 2250 2665 2319 λειψάνων
2723 2249 3009 2318 συλλογῆς,
3067 2247 3332 2318 μυστικόν
3374 2267 3427 2301 τι
3468 2250 3563 2301 καὶ
3611 2250 3993 2319 πνευματικὸν

720 2338 979 2407 colligere
1007 2336 1161 2405 jubet
1209 2350 1330 2404 quae
1369 2344 1713 2403 supererant,
1769 2341 1824 2388 et
1864 2320 2160 2402 implentur
2201 2349 2289 2391 c0-

2398 2341 2683 2411 ἐπινοῆσαι
2744 2341 3029 2412 θεώρημα,
3086 2344 3153 2412 τῇ
3206 2342 3315 2394 τῶν
3349 2343 3659 2411 εἰρημένων
3693 2341 3994 2411 ἀκολουθία

720 2427 872 2496 phini
901 2425 1215 2490 duodecim,
1243 2426 1501 2496 singulis,
1535 2433 1594 2478 ut
1621 2425 1886 2479 credibile
1914 2437 2018 2487 est,
2052 2425 2289 2494 discipu-

2402 2432 2713 2504 συντρέχον.
2750 2430 2961 2483 Οὑκοῦν
2995 2430 3218 2484 ἐκέλευε
3251 2425 3350 2501 μὲν
3384 2434 3413 2484 6
3438 2431 3626 2503 Σωτὴρ
3658 2433 3993 2485 ἀναπίπτειν

717 2520 785 2573 lis
819 2534 1001 2571 unus:
1058 2518 1283 2571 totidem
1324 2518 1468 2570 enim
1524 2516 1625 2585 ipsi
1660 2531 1879 2586 quoque
1926 2526 2098 2570 erant.
2158 2516 2289 2582 Quid

2403 2523 2501 2593 μὲν
2531 2524 2656 2585 τοὺς
2701 2521 2911 2592 ὄχλους,
2950 2522 3250 2591 εὐλογήσας
3280 2522 3337 2575 δὲ
3382 2523 3509 2584 τοὺς
3547 2522 3763 2593 ἄρτους,
3796 2522 3897 2575 καὶ
3923 2526 3992 2574 τὰ

717 2624 847 2679 ergo
874 2608 1004 2661 hinc
1033 2608 1421 2677 intelligemus,
1450 2607 1552 2660 nisi
1585 2608 1729 2676 quod
1754 2607 2011 2660 dominus
2049 2606 2289 2659 convivii

2398 2615 2605 2684 ὀψάρια
2639 2613 2942 2685 παρετίθει,
2979 2614 3068 2667 διὰ
3096 2614 3197 2683 τῆς
3227 2613 3334 2667 τῶν
3374 2614 3631 2683 μαθητῶν
3682 2616 3991 2685 ὑπουργίας

718 2699 958 2753 ﬁdelium
989 2698 1240 2752 Christus
1274 2706 1380 2763 est,
1411 2708 1463 2751 et.
1494 2699 1588 2767 qui
1631 2696 1697 2750 ad
1741 2713 1865 2751 eum
1910 2697 2181 2751 accedunt
2211 2696 2289 2750 di-

2397 2705 2621 2777 δηλαδή.
2686 2706 2902 2776 Ἐπειδὴ
2945 2705 3001 2759 δὲ
3046 2706 3525 2775 κατεκορέσθησαν
3569 2705 3894 2775 παραδόξως
3939 2708 3988 2759 oi

717 2790 861 2843 vinis
892 2803 956 2842 ac
986 2789 1306 2843 caalrstihus
1354 2788 1621 2842 doctrinis
1665 2788 1784 2851 alit,
1828 2803 1952 2839 cum
2006 2788 2289 2856 legalibus.

2399 2798 2757 2867 βεϐρωκότες,
2808 2798 3088 2865 συλλέγειν
3152 2798 3429 2849 ἐπιτάττει
3475 2796 3545 2848 τὰ
3590 2797 3836 2864 λείψανα,
3891 2797 3990 2850 καὶ

716 2891 829 2935 tum
871 2880 1202 2949 evangelicis
1226 2890 1278 2933 et
1307 2878 1626 2948 apostolicis
1654 2896 1667 2932 :
1701 2877 1794 2933 sed
1828 2893 1935 2931 non
1961 2879 2151 2946 utique
2179 2878 2289 2947 ipse

2398 2888 2729 2960 πληροῦνται
2746 2889 2957 2957 κόφινοι
2980 2888 3210 2951 δώδεκα,
3238 2884 3317 2950 εἷς
3335 2888 3551 2957 ἐκάστῳ
3563 2887 3673 2940 τῶν
3700 2887 3985 2957 μαθητῶν,

717 2988 812 3042 per
844 2987 903 3027 se
936 2972 988 3025 id
1018 2971 1200 3026 facere
1231 2971 1465 3032 videtur,
1500 2970 1595 3026 sed
1630 2971 1890 3039 discipuli
1921 2970 2157 3040 gratiam
2193 2984 2289 3023 no-

2397 2981 2540 3033 κατά
2564 2980 2625 3032 τὸ
2651 2980 2798 3043 είκός
2824 2996 2836 3009 ο
2861 2975 3002 3049 ἦσαν
3036 2978 3143 3049 γὰρ
3176 2979 3421 3032 τοσοῦτοι
3448 2979 3749 3033 καλ-καύτοί.
3795 2977 3989 3033 Τί.οὑν

717 3065 800 3119 bis
857 3078 1153 3132 supernam
1194 3063 1545 3116 ministrant:
1582 3082 1599 3113 ι
1647 3061 1767 3115 Non
1810 3063 1959 3114 enim
1998 3068 2127 3115 sunt
2189 3061 2289 3128 ipsi

2397 3073 2578 3141 ἕτερον
2613 3070 2862 3123 ἐντεῦθεν
2903 3072 3299 3141 ὑπονοήσωμεν,
3330 3071 3363 3141 ἢ
3400 3071 3620 3133 πάντως
3649 3072 3848 3131 ἐκεῖνο,
3891 3071 3987 3122 καὶ

713 3156 808 3224 qui
848 3157 1167 3224 loquuntur,
1202 3173 1219 3204 ι
1260 3161 1320 3208 ut
1370 3156 1640 3223 scriptum
1700 3162 1805 3221 est,
1861 3174 1879 3206 ι
1917 3154 2013 3209 sed
2055 3153 2289 3225 Spiritus

2397 3167 2492 3218 οὑκ
2511 3164 2880 3234 ἐψευσμένως,
2897 3165 2977 3216 ὃτι
2998 3164 3452 3234 πανηγυριάρχης
3474 3164 3571 3233 μὲν
3600 3163 3709 3215 τῶν
3725 3163 3811 3215 ἐπ’
3832 3163 3988 3231 αὑτῷ

713 3247 912 3310 Patris,
947 3246 1039 3315 qui
1074 3246 1314 3313 loquitur
1353 3244 1408 3297 in
1438 3245 1571 3312 ipsis
1594 3245 1664 3297 ⁸⁸.
1706 3263 1725 3296 ›
1776 3246 1846 3299 At
1884 3248 2135 3301 mercede
2180 3262 2289 3300 non

2400 3255 2762 3309 πιστευόντων
2793 3253 2941 3307 ἐστὶν
2986 3257 3014 3306 6
3050 3255 3305 3323 Χριστὸς,
3349 3256 3443 3306 καὶ
3476 3254 3602 3316 τοῦς
3640 3254 3775 3323 πρὸς
3819 3252 3986 3305 αὑτὸν

712 3338 922 3393 carebit
945 3349 1260 3392 sanctorum
1284 3338 1659 3406 apostolorum
1687 3338 1792 3391 iste
1816 3338 1990 3392 labor.
2009 3338 2138 3390 Nam
2164 3353 2287 3392 cum

683 3431 989 3499 spiritales
1039 3430 1395 3491 nobis-escas
1446 3430 1827 3498 apposuerint,
1885 3438 1939 3482 et
1980 3408 2217 3499 ~accepta
2259 3444 2289 3483 a

714 3522 1005 3577 Servatore
1050 3522 1192 3573 bona
1244 3520 1704 3584 ministraverint,
1744 3520 2081 3574 uberrimam
2123 3522 2288 3575 retri-

711 3613 990 3667 butionem
1018 3612 1312 3681 accipient,
1343 3620 1397 3665 et
1440 3612 1814 3680 plenissimam
1849 3627 1880 3665 a
1914 3612 2023 3666 Deo
2062 3615 2285 3668 muniti-

709 3706 903 3761 eentite
933 3706 1163 3775 gratiam
1191 3710 1620 3773 consequentur.
1664 3702 1723 3756 ld
1753 3705 1900 3757 enim
1928 3720 1993 3758 ex
2027 3720 2091 3759 eo
2117 3707 2287 3775 signi-

710 3798 863 3852 licari
895 3806 1049 3867 puto,
1090 3794 1236 3865 quod
1271 3806 1394 3863 post
1419 3794 1638 3849 labores
1660 3803 1713 3848 et
1741 3794 2110 3850 ministerium
2153 3812 2287 3851 eon-

707 3891 849 3945 vivis
878 3889 1208 3953 exhibitum,
1235 3885 1668 3955 fragmentorum
1694 3886 1967 3953 cophinus
1991 3890 2288 3959 unicuique

709 3980 967 4037 mandato
1000 3978 1201 4033 Christi
1255 3979 1516 4033 collectus
1555 3985 1659 4032 est.
1721 3976 1990 4032 Caeterum
2059 3980 2286 4036 dubium

708 4090 816 4131 non
859 4082 943 4129 est
977 4071 1217 4141 idipsum
1250 4078 1374 4139 post
1410 4069 1632 4124 illosad
1655 4077 1972 4124 sanctarum
2002 4068 2280 4128 Ecclesia-

708 4183 827 4221 rum
862 4164 1123 4237 praesules
1150 4177 1369 4232 quoque
1395 4146 1779 4229 transiturum.

2401 3348 2575 3408 ίόντας
2600 3346 2895 3415 άποτρέφει
2933 3348 3044 3408 τοῖς
3083 3346 3247 3408 θείοις
3281 3363 3338 3397 τε
3368 3346 3464 3398 καὶ
3494 3346 3786 3417 οὐρανίοις,
3822 3344 3987 3413 δῆλον

2396 3440 2477 3491 ὃτι
2500 3438 2806 3508 μαθήμασι,
2832 3439 3075 3508 νομικοῖς
3098 3454 3159 3490 τε
3178 3437 3272 3490 καί⁸
3296 3440 3671 3507 προφητικοῖς,
3697 3438 3987 3503 εὐαγγελι-

2397 3532 2513 3591 κοῖς
2538 3546 2597 3580 τε
2622 3529 2715 3580 καὶ
2752 3528 3127 3591 άποστολικοῖς
3146 3546 3160 3559 ·
3181 3528 3295 3580 ἀλλ’
3319 3530 3379 3581 οὑ
3422 3529 3637 3591 πάντως
3660 3529 3823 3592 αὑτὸς
3850 3531 3985 3599 ὁρᾶ-

2393 3638 2483 3673 ται
2539 3620 2741 3673 τούτων
2800 3622 2826 3673 6
2882 3620 3200 3691 αὐτουργὸς,
3244 3614 3648 3673 διακονοῦσιδέ
3704 3622 3840 3690 ἡμῖν
3880 3622 3984 3690 τὴν

2385 3712 2592 3765 ἄνωθεν
2616 3713 2773 3782 χάριν
2823 3712 2873 3763 οἱ
2916 3712 3159 3781 μαθηταί
3179 3727 3191 3740 '
3223 3730 3241 3762 ι
3287 3712 3453 3764 Αὐτοὶ
3478 3712 3587 3781 γάρ
3617 3711 3718 3764 οῦκ
3748 3714 3893 3763 εἰσιν
3928 3714 3979 3764 οἱ

2386 3803 2727 3870 λαλοῦντες,ι
2758 3803 2905 3856 κατά
2929 3803 2990 3855 τὸ
3017 3801 3328 3872 είρημένον,
3356 3801 3522 3854 «ἀλλά
3548 3802 3608 3854 τὸ
3635 3801 3859 3872 Πνεῦμα
3885 3802 3981 3855 τοῦ

2387 3896 2599 3967 Πατρὸς
2624 3895 2684 3948 τὸ
2710 3892 2904 3947 λαλοῦν
2932 3894 2989 3947 ἐν
3018 3892 3222 3956 αὑτοῖς.
3250 3911 3269 3944 ι
3314 3892 3451 3944 Ἀλλ’
3485 3893 3586 3945 οὐκ
3631 3892 3826 3961 ἀμισθὶ
3867 3897 3983 3956 τοῖς

2387 3988 2559 4056 ἁγίοις
2603 3985 2923 4050 ἀποστόλοις
2968 3987 2996 4038 6
3028 3984 3167 4055 πρὸς
3224 3984 3385 4037 τοῦτο
3433 3986 3722 4055 γενήσεται
3793 3986 3978 4049 πόνος.

2390 4079 2735 4151 Παραθέντες
2758 4078 2866 4147 γὰρ
2894 4078 3027 4147 ἡμῖν
3052 4076 3149 4139 τὰς
3167 4076 3544 4147 πνευματικὰς
3560 4076 3719 4146 δῆλον
3747 4077 3981 4148 ὃτιτρο-

2390 4172 2518 4241 φὰς,
2550 4171 2645 4223 καὶ
2668 4168 2921 4242 τάπαρὰ
2951 4168 3047 4221 τοῦ
3075 4168 3329 4238 Σωτῆρος
3354 4169 3385 4237 ἡ
3396 4170 3487 4237 μίν
3518 4167 3698 4236 ἀγαθὰ
3721 4168 3985 4239 διακονη-

708 4262 955 4331 σάμενοι,
976 4256 1384 4325 πλουσιωτάτην
1402 4255 1720 4308 ἀποίσονται
1748 4256 1848 4325 τὴν
1875 4256 2163 4330 ἀντίδοσιν,
2192 4266 2286 4319 καὶ
2325 4266 2706 4338 πληρεστάτην
2750 4264 3045 4335 εὑρήσουσι
3102 4264 3255 4333 παρά
3317 4262 3454 4316 Θεοῦ
3514 4263 3616 4334 τῆς
3664 4263 3981 4335 φιλοτιμίας

705 4349 801 4421 τὴν
834 4349 1013 4420 χάριν.
1044 4343 1211 4417 Οἶμαι
1240 4345 1350 4417 γὰρ
1394 4346 1572 4411 τοῦτο,
1622 4346 1718 4399 καὶ
1765 4347 1863 4417 οὐχ
1932 4348 2119 4421 ἓτερόν
2152 4372 2225 4420 τι,
2261 4356 2453 4427 δηλοῦν
2515 4357 2576 4410 τὸ
2639 4355 2779 4427 μετὰ
2819 4355 2946 4417 τοὺς
2991 4352 3208 4419 πόνους,
3253 4355 3347 4408 καὶ
3394 4355 3493 4425 τὴν
3526 4354 3833 4425 ὑπουργίαν
3879 4355 3979 4427 τὴν

704 4442 798 4498 ἐπὶ
834 4444 947 4505 τοῖς
978 4440 1262 4511 δαιτυμόσι
1294 4439 1763 4511 δεδαπανημένην,
1809 4441 2028 4511 κόφινον
2072 4448 2287 4521 ἑκάστῳ
2325 4452 2666 4523 συνειλέχθαι
2693 4449 2889 4522 μεστὸν
2943 4449 3031 4504 διὰ
3064 4450 3487 4520 προστάγματος
3552 4448 3647 4503 τοῦ
3711 4449 3976 4521 Χριστοῦ.

706 4533 827 4586 Ὅτι
851 4532 908 4584 δὲ
935 4530 1052 4601 μετ’
1076 4530 1318 4595 ἐκείνους
1350 4530 1420 4583 τά
1450 4532 1513 4583 ἐκ
1541 4531 1634 4584 τοῦ
1664 4531 1836 4584 τύπου
1887 4533 2201 4607 διαϐήσεται
2258 4543 2351 4595 καὶ
2389 4545 2470 4607 είς
2536 4543 2663 4609 τοὺς
2701 4542 2810 4595 τῶν
2846 4541 3018 4609 ἁγίων
3068 4540 3405 4612 ἡγουμένους
3459 4541 3829 4612 Ἐκκλησιῶν,
3874 4546 3979 4599 οὐκ

704 4621 1024 4693 ἀμφίϐολον.

778 4716 867 4773 Vi.
908 4720 996 4771 M.
1040 4717 1133 4771 Illi
1163 4734 1286 4789 ergo
1318 4716 1553 4772 homines
1586 4736 1703 4772 cum
1735 4720 1983 4775 vidissent
2016 4724 2153 4792 quod
2180 4725 2271 4780 Je—

2455 4728 2518 4780 Οί
2556 4719 2671 4779 οὖν
2700 4722 3016 4790 ἄνθρωποι,
3044 4720 3272 4785 ἰδόντες
3298 4720 3330 4773 ὃ
3358 4720 3652 4795 ἐποίησεν
3676 4723 3709 4773 ὀ
3728 4720 3976 4787 Ἰησοῦς

705 4826 793 4864 sus
825 4810 1018 4878 fecerat
1046 4810 1255 4879 signum
1275 4848 1289 4872 ,
1320 4810 1562 4863 dicebant
1595 4814 1743 4880 quia,
1779 4813 1880 4865 llic
1910 4824 1986 4867 est
2020 4832 2131 4870 vere
2167 4833 2284 4886 pro-

704 4900 857 4969 pheta
888 4899 1056 4970 286
1089 4900 1180 4969 qui
1210 4909 1457 4954 venturus
1489 4913 1565 4954 est
1597 4904 1650 4954 in
1682 4904 1959 4959 mundum.

776 4990 1005 5061 Signum
1036 4991 1312 5045 mirantur
1334 4992 1430 5062 qui
1454 5008 1574 5062 quae
1601 4994 1907 5063 maiestatis
1932 5005 2063 5051 sunt
2085 4997 2283 5053 divinae

704 5083 980 5136 aestimare
1028 5090 1271 5150 norunt,
1323 5084 1531 5153 quique
1570 5086 1785 5141 ratione
1826 5089 2006 5156 potius
2043 5093 2284 5146 humana

706 5180 993 5242 reguntur,
1024 5187 1191 5240 quam
1224 5172 1465 5227 belluina
1497 5176 1807 5231 temeritate
1844 5178 2134 5243 laborant,
2178 5196 2280 5234 eu—

700 5264 939 5332 jUSﬂlOt“
982 5274 1143 5317 erant
1197 5264 1347 5333 impii
1403 5263 1610 5330 Judaei,
1652 5268 1747 5336 qui
1786 5283 1911 5321 eum
1958 5286 2025 5324 ex
2071 5269 2280 5327 Christi

703 5356 968 5425 operibus
1000 5356 1182 5423 juvari
1215 5356 1572 5422 debuissent,
1609 5360 1849 5414 sanitate
1889 5362 2092 5416 mentis
2130 5363 2280 5416 exci-

703 5448 919 5501 derunt.
950 5446 1069 5499 Jam
1102 5449 1249 5501 enim
1279 5447 1466 5502 Jesum
1499 5464 1719 5519 quoque
1757 5451 2112 5521 lapidandum
2152 5468 2279 5508 esse

703 5548 1016 5593 statuerunt
1040 5580 1053 5603 ,
1093 5540 1239 5609 quod
1280 5556 1405 5594 eum
1451 5542 1717 5595 miracula
1756 5544 1955 5613 saepius
1990 5545 2153 5599 edere
2192 5545 2274 5598 vi-

700 5629 917 5683 derent.
950 5632 1174 5684 illorum
1204 5631 1370 5699 igitur
1399 5633 1612 5687 insania
1644 5634 1802 5704 longe
1827 5636 2083 5690 meliores
2110 5644 2274 5702 sunt,

792 5801 835 5829 ⁸³
865 5808 1011 5863 Psal.
1053 5826 1123 5875 νι,
1154 5812 1206 5864 li.
1288 5809 1452 5865 "Job
1521 5827 1602 5871 In.
1636 5812 1725 5865 ‘23.
1806 5813 1849 5844 “
1880 5813 2056 5868 Gaiat.
2095 5831 2163 5881 vr,
2196 5814 2289 5869 23.

2390 4817 2664 4886 σημεῖον,
2694 4816 2907 4879 ἔλεγον
2924 4852 2938 4877 ,
2972 4813 3062 4865 ὅτι
3090 4809 3281 4877 Οὗτός
3311 4813 3481 4865 ἐστιν
3508 4810 3748 4879 άληθῶς
3776 4816 3810 4866 ό
3834 4827 3977 4880 προσ

2390 4909 2587 4979 φήτης
2617 4910 2650 4960 ὁ
2670 4905 2992 4974 ἐρχόμενος
3010 4906 3095 4969 εἰς
3112 4904 3221 4955 τὸν
3244 4903 3495 4970 κόσμον.

2460 4999 2811 5071 Θαυμάζουσι
2857 4997 2920 5050 τὺ
2950 4998 3174 5066 σημεῖον
3217 4997 3266 5047 οἱ
3307 4993 3621 5064 δοκιμάζειν
3659 4996 3865 5061 εἰδότες
3906 4999 3976 5051 τά

2390 5089 2667 5161 θεοπρεπῆ
2697 5107 2735 5153 ,ο
2779 5088 2874 5140 καὶ
2931 5085 3257 5156 ἀνθρωπίνῳ
3314 5085 3514 5154 μᾶλλον
3556 5085 3805 5157 λογισμῷ
3842 5088 3975 5141 διοι-

2389 5184 2681 5253 κούμενοι,
2752 5180 2898 5249 ἤπερ
2951 5176 3200 5247 κτηνώδη
3268 5176 3552 5240 νοσοῦντες
3620 5178 3721 5245 τὴν
3802 5179 3972 5234 άϐου.

2388 5275 2529 5339 λίαν,
2562 5271 2733 5325 ὁποῖοί
2780 5287 2924 5333 τινες
2960 5265 3101 5340 ἦσαν
3147 5270 3197 5322 οί
3243 5268 3520 5331 δυσσεϐεῖς
3560 5270 3826 5332 Ἰουδαῖοι,
3852 5271 3974 5326 δέον

2388 5364 2713 5434 ὠφελεῖσθαι
2771 5365 2838 5431 τῇ
2886 5360 2993 5413 τῶν
3059 5360 3398 5428 τελουμένων
3452 5360 3822 5431 περιφανείᾳ,
3878 5362 3975 5415 καὶ

2385 5453 2446 5504 τὸ
2510 5451 2715 5521 κρίνειν
2782 5448 2958 5519 ὀρθῶς
3024 5447 3285 5502 δύνασθαι
3324 5448 3701 5519 ζημιούμενοι.
3752 5449 3975 5520 Χρῆναι

2383 5547 2491 5615 γὰρ
2520 5545 2620 5614 ἥδη
2650 5544 2745 5596 καὶ
2771 5541 3190 5596 καταλιθοῦσθαι
3237 5542 3328 5595 τὸν
3366 5542 3577 5610 Ἰησοῦν
3620 5541 3970 5611 ἐδοκίμαζον,

2386 5636 2492 5689 τῶν
2526 5635 2845 5705 παραδόξων
2878 5632 3044 5702 ὅτιδὴ
3089 5633 3347 5695 πολλάκις
3398 5631 3571 5702 ὁρῷτο
3608 5631 3975 5704 δημιουργός.

2367 5810 2619 5867 ιιιιυιιιι.
2652 5826 2709 5879 x,
2732 5809 2823 5863 (ιο.
