4218 6500
174 409 262 467 ιοι
515 387 519 392 ’
1122 406 1189 461 ne
1224 405 1513 463 JOANNIS
1554 404 1760 465 sum

1864 407 2009 465 ΛΕΜ
2045 407 2173 464 un.
2212 408 2299 464 ΙΙΙ.

3345 412 3452 471 ΑΙθῖ

183 528 462 599 ’Δμείνους
486 524 775 599 τοιγαροῦν
806 526 902 580 καὶ
930 523 991 579 οὐ
1017 524 1158 579 κατά
1188 541 1241 577 τι
1275 523 1440 596 μέρος
1470 522 1644 595 βραχὺ
1666 523 1760 595 τῆς

1868 524 1960 595 qui
1997 523 2148 579 hunc
2181 525 2235 579 in
2267 525 2488 580 modum
2528 526 2820 590 mirantur,
2858 534 2913 582 et
2945 526 3038 596 qui
3075 542 3188 583 uno
3221 528 3327 585 isto
3358 545 3452 587 eo-

170 617 394 669 ὲκείνων
415 615 698 681 ἀπονοίας,
732 615 780 667 oi
826 612 953 685 τῇδε
997 610 1393 683 θαυμάζοντες,
1437 613 1530 664 καὶ
1566 612 1651 679 ἐφ’
1680 611 1761 663 ἑνὶ

168 706 361 775 τούτῳ,
396 708 493 759 καὶ
523 706 743 776 μεγάλῳ
783 704 999 777 σημείῳ
1032 703 1327 774 σωφρόνως
1359 700 1759 771 ἀναπεπεισμέε

167 812 243 848 νοι
271 796 487 857 λοιπὸν,
524 797 716 864 ὅτιπερ
743 794 829 864 εἴη
866 793 1083 856 πάντως
1133 794 1295 855 αὐτὸς
1318 794 1347 845 ὁ
1380 792 1473 846 καὶ
1499 792 1651 862 ἥξειν
1681 791 1763 853 είς

166 889 371 958 κόσμον
400 891 456 941 ἐν
489 927 497 940 .
526 889 762 959 ροφὴτου
789 886 939 952 τάξει
967 884 1509 956 προκεκηρυγμένος.
1542 882 1759 951 Ἐπιτή-

167 997 245 1049 ρει
274 980 354 1041 δέ,
395 983 496 1049 ὅση
524 979 689 1031 πάλιν
748 978 996 1031 ἐντεῦθεν
1038 979 1233 1048 ὁρᾶται
1273 974 1527 1046 δισ,ιορά,
1569 973 1759 1043 γένους

163 1074 218 1124 τέ
255 1090 405 1142 φημι
441 1071 538 1125 τοῦ
572 1072 633 1135 ἐξ
674 1070 915 1142 Ἰσραὴλ,
953 1071 1047 1124 καὶ
1082 1069 1192 1122 τῶν
1226 1068 1333 1148 ἔξει)
1362 1070 1460 1137 τῆς
1502 1065 1761 1128 Ἰουδαιας

162 1166 457 1235 κειμένων.
506 1165 569 1217 0i.
615 1165 715 1234 μὲν
763 1162 895 1231 γάρ,
929 1163 1106 1216 καίτοι
1148 1160 1360 1215 πολλῶν
1390 1159 1485 1212 καὶ
1527 1159 1627 1211 οὐκ
1665 1160 1760 1212 ἀν-

162 1258 327 1322 αξίων
363 1259 448 1321 εἲς
480 1257 541 1309 τὸ
567 1255 942 1326 θαυμάζεσθαι
960 1254 1247 1323 γεγονότες
1287 1251 1505 1324 θεωροὶ,
1539 1250 1763 1321 σκληροὶ

165 1348 261 1415 μὲν
284 1349 389 1417 οὐχ
429 1347 579 1407 ὅπως
622 1348 750 1410 εἰσὶ,
788 1349 881 1399 καὶ
913 1346 1271 1416 ἀπάνθρωποι
1316 1361 1499 1415 μονον,
1530 1342 1664 1395 ἀλλᾶ
1698 1342 1763 1412 δὴ

161 1439 252 1489 καὶ
275 1437 521 1505 φονῶσιν
536 1437 756 1502 ἀδίκως,
776 1437 865 1489 τὸν
882 1437 962 1489 ὅτι
981 1437 1246 1507 προσήκοι
1266 1433 1551 1497 διασώζειν
1568 1432 1763 1496 αὐτοὺς

162 1529 646 1599 προθυμούμενον,
688 1528 1001 1591 ἀτιθάσσοις
1020 1528 1320 1593 ἀπονοίαις,
1350 1525 1555 1587 πόλεώς
1584 1540 1641 1575 τε
1666 1524 1763 1593 τῆς

162 1621 396 1682 ἑαυτῶν,
436 1622 531 1673 καὶ
562 1620 746 1689 χώρας
781 1618 1122 1681 ἐλαύνοντες.
1165 1621 1226 1671 Ol
1262 1617 1317 1670 δὲ
1345 1616 1446 1685 τῆς
1491 1616 1763 1687 ’ῐερουσας

163 1712 269 1781 λὴμ
296 1713 688 1779 ἐξῳκισμένοι,
726 1711 818 1763 καὶ
850 1710 938 1763 διὰ
965 1710 1158 1763 τούτου
1183 1710 1246 1763 τὸ
1270 1707 1556 1776 ἀλλογενῆ
1582 1709 1760 1776 ὑπεμ-

164 1805 473 1869 φαίνοντες,
507 1804 585 1855 ἑνὶ
621 1803 715 1856 καὶ
745 1803 890 1872 μόνῳ
916 1801 1126 1872 σημείῳ
1151 1801 1452 1865 δοξάζουσι,
1483 1800 1578 1851 καὶ
1609 1799 1763 1850 ἀνεν-

1863 630 1971 685 que
2001 629 2201 686 magno
2242 616 2400 685 signo
2443 614 2668 671 adducti
2710 624 2840 671 sunt
2872 627 2931 672 ιιι
2962 618 3194 673 credant
3226 620 3453 674 omnino

1866 707 2042 776 ipsum
2086 722 2212 762 esse
2266 723 2429 776 quem
2480 723 2654 763 sacrae
2697 706 2920 765 Litterae
2968 710 3347 780 praedixerunt
3395 712 3450 766 in

1865 798 2131 853 mundum
2157 806 2448 852 venturum
2477 799 2655 855 instar
2682 800 2982 869 propheta.
3014 799 3261 856 Observa
3287 816 3453 872 porro

1863 898 2131 958 quantum
2175 905 2369 944 rursus
2410 889 2536 943 hinc
2575 900 2837 947 cernatur
2878 891 3177 946 discrimen
3229 892 3454 962 generis

1863 978 2150 1034 lsraelitici
2170 1020 2184 1044 ,
2212 989 2261 1035 et
2292 996 2484 1035 eorum
2512 982 2605 1050 qui
2634 994 2788 1038 extra
2811 982 3056 1037 Judaaam
3082 984 3247 1053 positi
3268 993 3449 1039 erant.

1866 1068 1948 1123 llli
1976 1069 2121 1122 enim
2156 1086 2409 1140 quamvis
2451 1072 2622 1125 multa
2674 1088 2775 1127 nec
2819 1073 3189 1128 admiratione
3226 1074 3451 1145 indigna

1865 1162 2283 1230 spectaverint,
2340 1179 2451 1217 non
2488 1172 2675 1218 tamen
2713 1162 2836 1218 duri
2876 1174 3009 1221 sunt
3052 1175 3110 1221 et
3158 1166 3448 1221 inhumani

1868 1252 2051 1307 solum
2078 1294 2092 1319 ,
2132 1253 2227 1307 sed
2261 1260 2315 1307 et
2348 1253 2552 1322 injuste
2590 1256 2700 1310 cad
2756 1271 2790 1308 n
2823 1257 2872 1310 ei
2904 1256 3319 1321 machinantur,
3354 1258 3449 1327 qui

1866 1358 2056 1397 eorum
2086 1345 2251 1398 saluti
2284 1360 2619 1416 magnopere
2656 1347 2873 1411 studet,
2909 1350 3118 1418 agresti
3151 1348 3340 1405 furore
3368 1352 3451 1421 ip-

1867 1452 1989 1488 sum
2011 1450 2136 1489 cum
2165 1453 2228 1490 ex
2256 1437 2389 1490 urbe
2416 1453 2517 1491 sua
2540 1478 2553 1500 ,
2589 1443 2702 1491 tun'i
2736 1440 2961 1509 regione
2992 1449 3104 1494 tota
3134 1441 3448 1512 abigentes.

1868 1525 1971 1591 Qui
2008 1542 2141 1580 vero
2182 1528 2362 1580 dissiti
2410 1537 2539 1582 sunt
2569 1529 2638 1583 ab
2667 1527 3008 1595 Jerusalem,
3038 1541 3202 1603 atque
3244 1533 3456 1589 idcirco

1867 1618 2300 1687 alienigenarum
2334 1621 2601 1675 rationem
2637 1634 2750 1691 pra:
2782 1637 2841 1676 se
2872 1621 3089 1689 ferunt,
3131 1640 3244 1679 uno
3272 1641 3455 1696 eoque

1868 1710 1987 1764 solo
2009 1710 2167 1780 signo
2195 1711 2277 1765 sic
2299 1710 2633 1776 adiciuntur,
2655 1721 2713 1766 ut
2748 1713 3062 1768 indubitata
3099 1715 3203 1770 [ide
3236 1717 3455 1791 Opinio-

1869 1817 1991 1855 nem
2031 1802 2099 1856 de
2135 1802 2254 1872 ipso
2291 1804 2702 1872 suscipiendam
2735 1814 3001 1861 statuant.
3041 1805 3119 1860 Ex
3154 1807 3240 1863 his
3280 1809 3457 1863 omni-

162 1893 435 1955 δοιάστως’
462 1897 531 1963 τῇ
562 1893 745 1945 πίστει
773 1891 1180 1963 παραδέχεσθαι
1214 1894 1323 1943 δεῖν
1342 1889 1441 1950 τὰς
1480 1889 1566 1941 ἐπ’
1612 1886 1760 1955 αύτῷ

1864 1892 1965 1947 bus
1997 1894 2161 1965 igitur
2198 1903 2349 1964 patet
2394 1904 2592 1965 suopte
2617 1896 2831 1965 iudicio
2876 1899 3302 1953 condemnatum
3334 1914 3457 1953 esse

162 1984 447 2054 διαλήψεις
478 1983 744 2053 ἐὐγενῶς
790 1983 1196 2054 δοκιμάζουσιν.
1256 1980 1386 2033 Ἀπὸ
1447 1979 1510 2051 δὴ
1556 1977 1761 2031 τούτων

163 2079 446 2143 ἁπάντων,
474 2077 941 2149 αὐτοκατάκριτος
971 2078 1089 2149 μὲν,
1121 2075 1213 2128 καὶ
1240 2072 1571 2144 αύτόκληρος
1603 2073 1680 2131 είς
1702 2071 1762 2125 τὸ

162 2170 361 2240 χρῆναι
387 2170 576 2223 λοιπὸν
612 2169 1050 2240 ἀπορῤίπτεσθαι
1095 2168 1318 2230 δικαίως
1356 2169 1384 2220 ὁ
1429 2165 1645 2237 Ἰσραὴλ
1667 2167 1761 2218 ἀν-

1869 1983 2125 2044 lsraelem
2163 2001 2225 2039 ac
2255 1986 2403 2054 juste
2442 1986 2825 2055 repudiatum,
2853 1989 3109 2058 gentibus
3139 2004 3270 2044 vero
3296 2004 3457 2059 repo-

1868 2074 2032 2131 sitam
2073 2090 2197 2130 esse
2232 2092 2533 2146 supernam
2575 2078 3019 2134 misericordiam
3044 2120 3058 2144 ,
3107 2088 3163 2134 et
3198 2081 3455 2136 dilectio-

1871 2180 1997 2219 nem
2030 2181 2126 2235 per
2154 2166 2461 2223 Christum.

163 2266 458 2328 εδείκνυτο,
489 2265 775 2334 φειδοῦςδὲ
801 2248 898 2336 τῆς
924 2264 1153 2329 ἄνωθεν,
1181 2264 1277 2318 καὶ
1334 2264 1666 2333 ἀγαπήσεως
1727 2258 1825 2330 τῆς
1861 2259 1950 2314 διά
2011 2259 2249 2333 Χριστοῦ
2308 2263 2368 2317 τὸ
2415 2263 2614 2336 χρῆναι
2664 2265 2849 2336 λαχεῖν
2892 2266 2990 2338 ήδη
3034 2270 3146 2333 τοῖς
3184 2269 3245 2334 ἐξ
3284 2269 3456 2326 ἐθνῶν

163 2362 444 2435 χρεωστού
454 2380 636 2433 μενον.

241 2459 491 2524 Ἰησους
541 2450 655 2509 οὖν
694 2456 900 2525 γνοὺς,
946 2454 1034 2507 ὅτι
1068 2452 1414 2524 μέλλουσιν
1455 2453 1759 2521 ἔρχεσθαι,

162 2549 254 2602 καί
284 2546 577 2617 ἁρπάζειν
608 2546 818 2608 αὐτὸν,
860 2546 960 2599 ἵνα
999 2545 1302 2612 ποιήσωσι
1338 2544 1625 2609 βασιλέα,
1657 2543 1762 2596 ἀν-

162 2640 436 2709 εχώρησε
466 2638 656 2693 πάλιν
682 2641 770 2704 εὶς
797 2638 865 2691 τὸ
900 2638 1038 2706 ὅρος
1065 2636 1251 2701 αὐτὸς
1276 2636 1490 2705 μόνος.

243 2732 813 2800 Ἀξιεπαινειωτάτην
842 2730 941 2800 μὲν
968 2729 1033 2784 ἄν
1060 2747 1143 2793 τις
1179 2729 1401 2799 ἐποίησε
1425 2727 1523 2797 τὴν
1555 2724 1760 2795 ψῆφον,

164 2826 254 2878 καὶ
295 2824 507 2893 σφόδρα
539 2822 793 2886 δικαίως,
822 2828 933 2885 τοις
960 2822 1069 2875 ἀπὸ
1088 2822 1182 2874 του
1214 2819 1452 2887 μεγάλου
1484 2818 1764 2888 θαύματος

162 2911 665 2981 ἀναπεπεισμένοις
706 2911 965 2975 εὐκόλως,
1018 2911 1101 2964 ὅτι
1123 2910 1187 2981 δὴ
1222 2910 1422 2981 πρέποι
1453 2910 1519 2962 τὰ
1546 2911 1763 2963 πάντων

161 3004 420 3077 ἐξαίρετα
446 3006 732 3074 προσεῖναι
767 3005 1008 3075 Χριστῷ,
1030 3004 1124 3056 καὶ
1151 3002 1249 3073 τὴν
1275 3004 1583 3073 ἀκροτάτην
1614 3001 1688 3065 ὼς
1706 3003 1763 3054 ὲν

166 3097 333 3167 μοίρᾳ
361 3097 531 3165 τιμῆς
582 3095 953 3149 ἀνατίθεσθαι.
1004 3096 1077 3147 Τὸ
1114 3095 1223 3165 γὰρ
1251 3094 1455 3147 ἐθέλειν
1492 3094 1655 3147 αὑτὸν
1682 3095 1763 3156 είς

165 3189 395 3258 βασιλέα
438 3188 903 3259 προχειρίζεσθαι,
947 3189 1001 3241 τί
1044 3188 1110 3242 ἂν
1158 3188 1364 3260 ἕτερον,
1404 3190 1437 3258 ἢ
1468 3188 1626 3241 τοῦτο
1660 3204 1760 3256 ση-

166 3281 335 3352 μαίνῃ
356 3298 370 3344 ;
405 3280 702 3350 ’Λγασθείη
732 3280 777 3331 δ’
792 3280 857 3333 ἄν
878 3298 961 3343 τις
986 3281 1123 3351 μετὰ
1144 3281 1250 3334 τῶν
1266 3279 1440 3334 ἄλλων
1465 3278 1756 3331 καὶτοῦτο·

164 3369 537 3440 ύπογραμμὸς
588 3370 697 3438 γὰρ
729 3370 860 3438 ήμῐν
906 3368 1247 3435 ἀφιλοδοξίας
1273 3368 1584 3437 εὑρίσκεται
1628 3368 1759 3437 Χρι-

163 3463 309 3523 στὸς,
342 3462 442 3513 καὶ
475 3462 600 3523 τοὺς
647 3461 729 3512 ὅτι
778 3464 1043 3530 προσήκοι
1083 3462 1247 3531 τιμᾷν
1278 3461 1566 3530 ἑλομένους
1597 3459 1760 3512 αὐτὸν

162 3550 521 3618 ἀποφεύγων,
550 3550 642 3602 καὶ
670 3549 950 3618 βασιλείαν
972 3551 1069 3621 τὴν
1101 3551 1361 3603 ἀνωτάτω
1381 3550 1488 3603 τῶν
1529 3552 1586 3602 ὲν
1626 3552 1760 3621 ἡμῖν

162 3641 626 3712 παραιτούμενος,
690 3644 737 3693 εἰ
798 3642 892 3693 καὶ
935 3642 1214 3711 ἀζήλωτον
1270 3642 1416 3712 αὐτῷ
1448 3642 1663 3711 ἀληθῶς
1702 3644 1761 3696 τὸ

162 3737 427 3804 πρίγμα,
458 3733 545 3785 ad
582 3733 641 3785 τὸ
694 3734 909 3785 πάντων
967 3732 1275 3802 βασιλεύειν
1318 3734 1454 3804 μετά
1510 3734 1755 3806 Πατρός·

162 3827 302 3897 ὁμοῦ
327 3827 385 3878 δὲ
411 3827 506 3877 καὶ
533 3825 715 3877 δίδωσι
750 3827 891 3877 νοεῖν
923 3828 1034 3888 τοῖς
1068 3828 1147 3890 είς
1188 3827 1376 3879 ἐλπίδα
1408 3827 1506 3897 τὴν
1535 3827 1760 3897 μέλλου-

163 3936 260 3971 σαν
293 3916 726 3978 ἀποϐλέπουσιν,
754 3916 835 3968 ὅτι
879 3915 1074 3985 μικρὸν
1130 3920 1315 3979 αὐτοῖς
1360 3918 1420 3969 τὸ
1466 3920 1522 3969 ἐν
1569 3918 1760 3987 κόσμῳ

165 4010 331 4079 μέγα,
368 4009 464 4061 καὶ
490 4008 571 4060 ὅτι
603 4007 702 4070 τάς
731 4008 793 4083 ὲν
820 4006 957 4077 τῷδε
998 4005 1078 4077 τῷ
1114 4006 1213 4077 βίω
1245 4008 1411 4078 ἦγουν
1441 4008 1632 4079 κόσμῳ
1678 4027 1759 4062 τι-

165 4104 294 4174 μὰς,
334 4102 440 4155 κᾶν
471 4100 836 4171 αύτομολωσι,
879 4100 952 4170 μὴ
1000 4100 1319 4171 προσίεσθαι
1362 4101 1545 4162 καλὸν,
1588 4103 1651 4155 i’"
1681 4104 1761 4165 είς

162 4195 382 4265 ἐκείνην
420 4191 751 4247 ἀναδαίνωσι
796 4192 894 4262 τὴν
948 4192 1101 4264 παρά
1157 4192 1323 4247 Θεοῦ·
1359 4194 1606 4265 ἀπρεπὲς
1654 4195 1761 4266 γὰρ

160 4286 429 4351 δντωςτὺ
472 4287 533 4340 ιν
571 4283 783 4348 τούτοις
817 4282 1121 4355 διαλάμψαι
1183 4283 1378 4355 φιλεῖν,
1426 4287 1554 4350 τοὺς
1601 4286 1655 4340 οῖ
1696 4304 1761 4356 γε

161 4378 302 4449 πρὸς
332 4376 488 4429 Θείαν
533 4374 841 4441 ίπείγονται
881 4373 1061 4444 χάριν,
1119 4373 1212 4427 καὶ
1245 4370 1404 4439 δόξαν
1435 4374 1629 4444 διψῶσι
1662 4375 1759 4448 τὴν

163 4467 408 4525 αἰώνιον.
447 4463 820 4537 Παραιτητὲον
835 4463 1127 4535 τοιγαροῦν
1156 4464 1255 4536 τὴν
1275 4466 1580 4539 ὑπεροψίας
1603 4468 1758 4523 ἀδελ-

164 4561 271 4632 φῆν
301 4561 402 4613 καὶ
435 4556 675 4626 γείτονα,
708 4554 1035 4625 φιλοδοξίαν,
1071 4556 1166 4610 καὶ
1189 4557 1251 4610 ού
1276 4558 1453 4630 πολλῷ
1471 4558 1550 4630 τῷ
1576 4559 1760 4632 μέτρῳ

164 4654 275 4705 τῶν
301 4650 523 4719 ἐκείνης
553 4648 695 4719 ὅρων
722 4646 1238 4718 ἀπεσχοινισμένην.
1270 4650 1380 4702 Καὶ
1400 4650 1461 4704 τὸ
1496 4652 1595 4721 μδν
1637 4654 1757 4705 ἔπιε

165 4745 333 4813 ςανὲς
361 4745 422 4794 ὲν
470 4743 603 4810 τιμῇ
661 4738 802 4792 κατά
832 4739 921 4791 τὸν
968 4738 1213 4809 παρόντα
1250 4738 1382 4810 βίον,
1434 4742 1508 4805 ὼς
1535 4743 1755 4798 ἀδικοῦν

166 4836 489 4903 ςεύγωμεν,
519 4831 772 4900 ζητῶμεν
798 4829 855 4881 δὲ
887 4829 1085 4898 μᾶλλον
1122 4831 1184 4882 τὸ
1216 4832 1274 4882 ὲν
1302 4833 1628 4888 ταπεινώσει
1665 4852 1754 4888 σε-

170 4925 325 4994 μνὸν,
356 4917 818 4992 παραχωροῦντες
856 4918 1126 4988 ἀλλήλοις,
1167 4920 1417 4992 καθάπερ
1444 4924 1476 4991 ή
1487 4924 1590 4993 μᾶς
1613 4923 1708 4976 καὶ
1732 4925 1761 4976 ὁ

170 5015 447 5084 μακάριος
473 5010 683 5072 Παῦλος
714 5009 1009 5073 ἐνουθέτει,
1027 5010 1202 5077 λέγων
1219 5027 1233 5041 ·
1261 5031 1278 5062 ι
1306 5012 1476 5065 Τοῦτο
1491 5016 1759 5085 φρονείτω

166 5111 406 5167 ἱκαστος
434 5106 490 5157 ὲν
526 5105 655 5172 ὑμῖν
699 5102 905 5163 αὐτοῖς,
937 5102 965 5153 ὃ
1000 5102 1094 5154 καὶ
1133 5104 1191 5154 ὲν
1219 5104 1438 5173 Χριστῷ
1484 5105 1680 5175 Ἰησοῦ,
1704 5106 1762 5170 ὃς

169 5202 225 5251 ἐν
257 5200 445 5269 μορφῇ
485 5193 621 5247 Θεοῦ
648 5193 932 5263 ὑπάρχων,
978 5193 1076 5263 οὐχ
1106 5195 1398 5266 ἁρπαγμὸν
1429 5198 1674 5267 ἡγήσατο
1702 5197 1763 5252 τὸ

170 5288 312 5342 εἶναι
342 5290 434 5341 ἴσα
450 5284 749 5357 Θεῷ,ἀλλ“
786 5286 975 5337 ἑαυτὸν
1013 5285 1268 5350 ὲκένωσε,
1319 5289 1532 5358 μορφὴν
1570 5288 1759 5343 δούλου

171 5379 376 5441 λαϐὼν,
401 5379 459 5429 ὲν
489 5375 795 5445 ὁμοιώματι
820 5373 1123 5442 ἀνθρώπων
1150 5377 1461 5446 γενόμενος,
1492 5380 1585 5431 καὶ
1626 5383 1758 5451 σχή-

175 5488 308 5540 ματι
368 5467 619 5538 εὑρεθεὶς
650 5466 724 5529 ὡς
766 5464 1070 5537 ἄνθρωπος.
1130 5468 1532 5523 Ἐταπείνωσεν
1569 5474 1761 5527 ἑαυτὸν

171 5567 463 5631 γενόμενος
477 5560 718 5628 ὑπήκοος
732 5559 893 5627 μέχρι
911 5558 1160 5623 θανάτου,
1177 5559 1407 5613 θανάτου
1435 5562 1490 5614 δὲ
1510 5566 1765 5635 σταυροῦ,

170 5659 263 5711 Δι’)
281 5656 385 5711 καὶ
408 5658 439 5709 ὁ
463 5655 598 5718 Θεὸς
622 5654 783 5707 αὑτὸν
812 5653 1157 5724 ὑπερύψωσε,
1186 5658 1279 5709 καὶ
1306 5658 1600 5727 ἐχαρίσατο
1621 5661 1769 5731 αὒτῷ

242 5834 290 5868 ι⁶
332 5832 567 5905 Philipp.
610 5849 668 5895 ιι,
707 5833 813 5891 5-9.

1786 4790 1833 4844 D

1940 2446 2030 2502 Vl.
2077 2447 2163 2502 l5.
2203 2445 2363 2502 Iesus
2402 2464 2525 2518 ergo
2563 2464 2682 2502 cum
2722 2458 3050 2518 cognovisset
3086 2450 3212 2518 quia
3245 2454 3453 2507 uenturi

1864 2551 2037 2595 essent
2064 2584 2078 2607 ,
2139 2550 2196 2594 ut
2250 2551 2494 2608 raperent
2536 2559 2581 2594 ei
2607 2559 2691 2604 ιη,
2731 2552 2779 2595 et
2821 2542 3055 2610 Iacerent
3095 2558 3213 2596 eum
3245 2562 3450 2615 regem,

1863 2633 2000 2701 fugit
2036 2633 2231 2684 iterant
2267 2632 2322 2685 in
2360 2641 2591 2685 montem
2625 2649 2734 2700 ipse
2765 2633 2935 2688 solus.

1933 2721 2065 2779 Jure
2114 2734 2302 2795 utique
2337 2724 2669 2778 laudandam
2720 2740 2912 2778 eorum
2960 2729 3292 2782 sententiam
3326 2728 3459 2799 quis

1864 2816 2176 2880 censuerit,
2220 2817 2314 2885 qui
2355 2832 2554 2888 magno
2587 2817 2680 2872 illo
2720 2819 2990 2872 miraculo
3029 2818 3193 2875 facile
3227 2820 3293 2874 ad
3330 2836 3456 2877 cre—

1864 2907 2101 2962 dendum
2136 2908 2366 2964 adducti
2398 2919 2524 2965 sunt
2551 2950 2566 2974 ,
2597 2926 2721 2965 esse
2750 2910 2802 2964 in
2827 2909 3054 2966 Christo
3080 2912 3281 2967 eximia
3313 2928 3455 2969 cun-

1864 3008 1989 3065 cta,
2021 3011 2078 3055 et
2124 3016 2446 3071 supremum
2499 3001 2749 3055 omnium
2800 3003 3062 3057 honorem
3103 3005 3153 3058 ei
3200 3002 3456 3060 deferen-

1864 3092 2017 3147 dum.
2052 3091 2209 3159 Quod
2236 3094 2382 3148 enim
2408 3108 2533 3147 eum
2561 3092 2751 3146 volunt
2776 3093 2832 3146 in
2863 3109 3049 3163 regem
3075 3108 3296 3162 creare,
3317 3094 3469 3165 quid

1867 3181 2015 3237 aliud
2049 3198 2213 3252 quam
2249 3183 2399 3239 istud
2434 3183 2753 3253 signiticet?
2787 3184 2895 3237 Sed
2924 3185 3068 3239 inter
3097 3193 3299 3241 cetera
3344 3188 3451 3241 hoc

1866 3274 2032 3328 etiam
2085 3274 2269 3344 quivis
2318 3275 2635 3341 mirabitur,
2682 3275 2829 3345 quod
2884 3276 3147 3331 nimirum
3193 3276 3453 3333 Christus

1868 3368 2028 3421 nobis
2063 3367 2373 3435 exemplum
2407 3367 2498 3420 hic
2524 3367 2946 3422 contemnenda:
2972 3369 3160 3439 gloria
3204 3373 3452 3440 selpsunt

1866 3460 2035 3513 tradit
2056 3501 2069 3520 ,
2090 3476 2185 3514 eos
2214 3459 2479 3529 fugiendo
2503 3460 2599 3527 qui
2627 3460 2893 3514 honorem
2916 3459 3195 3525 deferunt,
3218 3478 3451 3533 regnum

1863 3552 1969 3607 hoc
1998 3553 2231 3605 mortale
2265 3550 2592 3621 respuendo,
2632 3552 2761 3613 licet
2795 3552 3150 3606 invidendum
3182 3553 3236 3607 id
3269 3554 3320 3609 ei
3361 3570 3452 3610 re-

1862 3658 1988 3696 vera
2028 3659 2134 3695 non
2170 3643 2333 3712 287
2370 3642 2473 3707 sit,
2514 3649 2806 3712 propterea
2839 3641 2989 3711 quod
3028 3643 3289 3698 omnibus
3327 3658 3453 3699 cum

1862 3733 2025 3787 Patre
2070 3736 2338 3802 imperat:
2389 3732 2665 3803 simulque
2711 3734 3069 3803 cogitandum
3122 3734 3194 3789 iis
3244 3736 3455 3804 praebet

1862 3826 1957 3895 qui
1996 3826 2048 3877 in
2086 3824 2327 3878 futuram
2366 3840 2517 3895 spem
2564 3824 2905 3893 respiciunt,
2942 3840 3177 3896 parvum
3217 3828 3287 3882 iis
3329 3842 3456 3883 esse

1863 3918 2009 3988 quod
2058 3919 2111 3971 in
2146 3917 2352 3971 mundo
2398 3932 2658 3987 magnum
2696 3924 2815 3982 est,
2850 3932 2952 3972 nec
2993 3918 3291 3987 pulchrum
3324 3934 3453 3973 esse

1862 4010 2028 4078 hujus
2054 4009 2180 4063 vitae
2209 4019 2299 4062 aut
2333 4008 2519 4062 saeculi
2554 4008 2796 4063 honores
2830 4009 3118 4078 suscipere
3147 4010 3278 4064 licet
3306 4011 3455 4064 ultro

1862 4101 2115 4156 deleazt
2164 4116 2203 4159 ι·Δ
2266 4106 2328 4152 ιιι
2379 4098 2444 4152 ad
2493 4098 2649 4152 illum
2694 4113 2728 4168 q
2756 4099 2789 4151 λί
2834 4115 2863 4151 a
2908 4097 3020 4155 Deo
3057 4108 3145 4155 est
3183 4099 3455 4156 honorem

1863 4191 2165 4249 ascendant
2193 4210 2203 4223 -
2240 4189 2558 4245 indecorum
2588 4188 2737 4243 enim
2767 4196 2853 4245 est
2873 4189 2961 4245 bis
2982 4203 3081 4246 eos
3107 4190 3319 4246 clarere
3340 4190 3456 4245 vel-

1862 4286 1947 4350 le,
1972 4286 2066 4356 qui
2095 4283 2162 4338 ad
2190 4283 2435 4337 divmam
2465 4282 2698 4351 gratiam
2730 4282 3046 4345 enituntur,
3078 4290 3456 4354 teternamque

1864 4377 2095 4447 gloriam
2133 4374 2348 4431 sitiunt.
2387 4369 2724 4443 Respuenda
2760 4381 2845 4429 est
2875 4372 3066 4443 itaque
3101 4373 3334 4429 ambitio
3365 4387 3456 4427 ar-

1863 4470 2128 4541 rogantia;
2162 4482 2325 4525 soror
2360 4476 2411 4523 et
2444 4466 2669 4533 vicina,
2714 4478 2818 4521 nec
2846 4465 3083 4521 multum
3129 4464 3350 4521 dissita.
3388 4465 3456 4520 Et

1862 4562 2009 4634 quod
2040 4562 2251 4615 honore
2280 4560 2517 4615 maxime
2546 4557 2765 4613 illustre
2793 4564 2879 4614 est
2911 4558 2965 4612 in
2997 4557 3104 4613 hac
3133 4557 3249 4612 vita
3279 4556 3456 4629 fugia-

1863 4670 1985 4710 mus
2006 4662 2065 4708 ut
2085 4653 2437 4713 damnosum,
2460 4662 2885 4720 quaeramusque
2911 4647 3097 4718 potius
3123 4648 3455 4706 humilitatis

1860 4748 2307 4809 sanctimoniam,
2333 4746 2471 4799 alter
2501 4745 2657 4798 alteri
2688 4741 2971 4805 cedentes,
2995 4750 3055 4795 ut
3085 4741 3281 4799 beatus
3309 4738 3456 4810 Pau-

1861 4846 1950 4899 lus
1984 4840 2271 4898 monebat,
2300 4837 2488 4890 dicens
2514 4853 2527 4888 :
2556 4852 2574 4886 ι
2600 4833 2715 4887 Hoc
2746 4836 2949 4888 sentite
2975 4832 3362 4902 unusquisque
3392 4833 3449 4885 in

1862 4933 2019 4988 vobis
2052 4928 2197 4998 quod
2226 4936 2280 4981 et
2314 4927 2368 4978 in
2402 4924 2630 4977 Christo
2672 4923 2802 4977 Jesu
2826 4962 2841 4985 ,
2888 4921 2985 4991 qui
3025 4937 3151 4975 cum
3188 4922 3243 4975 in
3272 4921 3451 4974 forma

1866 5022 1958 5075 Dei
2008 5026 2187 5079 esset,
2228 5029 2335 5067 non
2408 5013 2656 5080 rapinam
2705 5010 3011 5063 arbitratus
3064 5018 3151 5062 est
3208 5023 3333 5063 esse
3392 5024 3452 5063 se

1865 5108 2124 5179 aaqualem
2160 5104 2292 5167 Deo,
2326 5100 2419 5156 sed
2452 5110 2812 5169 semetipsum
2843 5098 3173 5161 exinanivit,
3212 5097 3449 5154 formam

1868 5202 2007 5258 servi
2038 5198 2337 5266 accipiens,
2361 5196 2418 5247 in
2441 5192 2805 5248 similitudine
2837 5190 3128 5244 hominum
3153 5187 3366 5254 factus,
3396 5196 3453 5243 et

1870 5291 2055 5347 habitu
2085 5289 2340 5342 inventus
2374 5293 2433 5337 ut
2476 5284 2663 5337 homo.
2698 5281 3023 5335 Humiliavit
3057 5280 3450 5349 semetipsum,

1869 5385 2047 5439 factus
2081 5378 2345 5435 obediens
2379 5392 2556 5446 usque
2590 5375 2653 5429 ad
2689 5383 2916 5428 mortem
2938 5412 2953 5434 ,
2994 5383 3228 5427 mortem
3266 5383 3449 5426 autem

1870 5476 2072 5531 crucis.
2116 5473 2345 5541 Propter
2373 5470 2518 5540 quod
2553 5476 2606 5522 et
2646 5466 2790 5521 Deus
2830 5465 3098 5521 exaltavit
3143 5464 3363 5534 ipsum,
3395 5476 3454 5515 et

1869 5568 2019 5621 dedit
2064 5565 2114 5619 ei
2160 5578 2361 5617 nomen
2393 5560 2539 5630 quod
2571 5567 2655 5612 est
2687 5572 2854 5627 super
2885 5571 3051 5610 omne
3089 5567 3288 5608 nomen
3326 5550 3396 5605 “.
3426 5567 3449 5601 ι

1870 5659 2062 5715 Cernis
2106 5663 2167 5710 ut
2206 5650 2524 5709 voluntaria
2569 5647 2884 5703 humiliatio
2912 5646 3123 5701 clarum
3156 5642 3356 5698 habeat
3391 5639 3455 5693 li-
