4218 6500
764 441 869 494 665

1798 440 1853 492 S.
1896 439 2173 496 CYRILLI
2208 438 2677 496 ALEXANDRINI
2716 440 3039 497 ARCHIEP.

3941 435 4058 489 464

764 571 910 618 nem,
934 563 985 607 et
1006 555 1233 623 spiritus
1258 552 1525 607 demissio
1562 553 1859 608 multorum
1885 557 2045 610 nobis
2072 556 2340 610 bonorum

2448 557 2617 628 δνομα
2642 558 2703 611 τὸ
2734 558 2875 628 ὑπὲρ
2902 560 3009 611 πᾶν
3032 557 3222 628 ὄνομα.
3269 576 3288 609 ι
3336 557 3496 628 Ὁρᾷς
3524 557 3670 619 ὅπως
3710 558 3743 626 ἡ
3795 552 4058 616 ἐκοόσιος

762 649 836 703 sit
880 647 1074 702 radix?
1103 649 1160 700 ln
1194 645 1369 701 forma
1415 648 1635 716 quidem
1677 664 1805 703 cum
1837 661 1984 705 esset
2016 648 2110 705 Dei
2147 666 2212 705 ac
2243 650 2343 705 Pa-

761 742 898 803 tris,
955 740 1264 799 humiliavit
1296 742 1539 811 Seipsum
1580 740 1906 813 Unigenitus
1951 744 2116 799 homo
2162 745 2342 800 lactus

764 840 983 903 propter
1011 847 1142 897 nos;
1170 832 1265 887 sed
1292 836 1515 889 tametsi
1548 834 1600 889 in
1628 836 1731 890 hac
1758 836 1868 890 vita
1897 851 2024 891 cum
2052 853 2220 894 carne
2249 855 2342 910 ap-

760 927 963 996 paruit,
996 926 1220 981 humilis
1245 934 1429 982 tamen
1460 944 1566 981 non
1596 929 1928 998 permansit:
1960 933 2015 984 in
2046 932 2337 1002 pristinam

756 1019 958 1087 quippe
988 1017 1315 1089 dignitatem
1350 1028 1403 1074 et
1433 1019 1665 1088 gloriam
1699 1021 1976 1086 divinam,
2014 1024 2139 1079 licet
2175 1025 2341 1080 homo

757 1112 936 1165 factus
968 1112 1073 1176 sit,
1108 1110 1276 1166 redit.
1312 1110 1555 1182 ldipsum
1587 1127 1809 1183 quoque
1840 1114 1908 1170 de
1944 1117 2105 1173 nobis
2141 1117 2365 1173 intelli-'-

757 1204 996 1273 gendum
1027 1214 1128 1259 est.
1164 1203 1220 1259 Si
1252 1219 1357 1260 nos
1388 1205 1537 1259 enim
1572 1206 1639 1262 de
1669 1208 1833 1277 hujus
1866 1212 2058 1266 saeculi
2089 1210 2238 1268 fastu
2271 1215 2337 1268 ad

760 1298 985 1351 humilia
1015 1298 1370 1353 demittamus
1390 1342 1403 1363 ,
1436 1309 1566 1354 tunc
1595 1310 1741 1356 certe
1769 1319 2065 1373 supernam
2104 1307 2339 1377 gloriam

754 1390 1003 1445 vicissim
1030 1392 1383 1461 recipiemus,
1411 1408 1586 1463 eoque
1610 1396 1931 1463 evehemur,
1961 1407 2021 1452 ut
2066 1399 2141 1453 dii
2163 1400 2338 1455 simus

752 1496 846 1550 per
876 1482 1146 1550 gratiam,
1184 1484 1397 1539 ratione
1432 1484 1815 1543 similitudinis
1846 1504 1969 1543 cum
2014 1506 2143 1546 vero
2178 1505 2337 1546 natu-

752 1574 964 1642 ralique
993 1572 1131 1628 Filio
1166 1574 1400 1629 ﬁliorum
1430 1575 1520 1630 Dei
1554 1578 1976 1646 appellationem
2002 1584 2207 1637 sortiti.
2239 1584 2336 1637 At-

749 1682 858 1735 que
890 1676 946 1720 ut
978 1667 1271 1736 propositis
1306 1668 1472 1722 rebus
1507 1670 1714 1739 aliquid
1742 1670 1900 1725 alliue
1924 1672 2102 1727 dicam
2124 1716 2139 1740 ,
2172 1678 2337 1731 etiam

751 1757 959 1825 ipsum,
981 1759 1026 1812 si
1050 1759 1336 1822 obveniat,
1365 1761 1637 1816 honorum
1660 1771 2005 1819 lerrenorum
2027 1768 2246 1824 culmen
2273 1785 2337 1824 ac

748 1860 1072 1903 creterorum
1103 1849 1313 1905 fontem
1340 1861 1395 1906 et
1422 1854 1687 1921 originem
1717 1872 2068 1923 recusemus,
2099 1860 2143 1914 si
2173 1862 2337 1916 coele—

2452 652 2779 715 ταπείνωσις
2831 651 3086 722 λαμπρὸν
3142 650 3253 721 ἔχει
3295 650 3357 703 τὸ
3397 650 3582 716 τέλος,
3616 650 3709 702 καὶ
3736 647 3861 720 ῥίζα
3910 646 4053 699 7:0).-

2451 742 2559 794 λῶν
2589 744 2721 813 ἡμῖν
2743 742 2961 811 ἀγαθῶν
2984 743 3045 796 τὸ
3087 743 3308 814 μέτριον
3347 741 3707 812 ἀναφαίνεται
3748 741 4051 811 φρόνημας

2464 832 2550 885 Ἐν
2584 836 2764 905 μορφῇ
2791 834 2888 905 μὲν
2917 834 3176 905 ὑπάρχων
3197 833 3292 887 τοῦ
3315 833 3449 888 Θεοῦ
3490 834 3583 887 καὶ
3612 833 3849 902 Πατρός,
3884 846 4056 882 τετα-

2450 929 2717 981 πείνωκεν
2751 927 2942 982 ἐαυτόν
2974 929 3001 980 6
3046 928 3357 999 Μονογενὴς
3412 926 3700 997 ἄνθρωπος
3745 924 4053 994 γενόμενος

2449 1022 2515 1075 δι’
2552 1023 2720 1091 ἡμᾶς’
2752 1022 2865 1075 ἀλλ’
2906 1023 2953 1074 εἰ
2992 1021 3087 1074 καὶ
3122 1022 3361 1093 πέφηνεν
3391 1021 3449 1073 ἐν
3487 1020 3621 1090 τῷδε
3658 1019 3735 1089 τῷ
3769 1018 3869 1089 βίῳ
3903 1017 4053 1088 μετά

2451 1112 2672 1181 σαρκὸς,
2698 1112 2811 1165 ἀλλ’
2850 1112 2951 1165 οὐκ
2971 1112 3153 1183 ἔμεινε
3177 1112 3434 1175 ταπεινός
3457 1129 3472 1143 ·
3501 1111 3791 1182 ἀνατρέχει
3825 1112 3935 1180 γὰρ
3967 1113 4052 1165 είς

2448 1204 2508 1257 τὸ
2532 1206 2759 1275 ἀρχαῖον
2781 1205 3019 1277 ἀξίωμα,
3057 1204 3152 1258 καὶ
3172 1206 3252 1268 είς
3286 1204 3443 1269 δόξαν
3473 1205 3572 1275 τὴν
3610 1203 3914 1273 θεοπρεπῆ,
3946 1206 4050 1255 καὶ

2448 1299 2495 1351 εἰ
2529 1298 2755 1365 γέγονεν
2799 1298 3105 1369 ἄνθρωπος.
3154 1299 3259 1352 Τὸν
3309 1299 3471 1352 αὑτὸν
3509 1298 3575 1369 δὴ
3612 1298 3802 1350 τοῦτον
3847 1297 4049 1367 νοήσαι

2448 1406 2532 1452 τις
2565 1390 2786 1460 τρόπον,
2809 1388 2905 1443 καὶ
2950 1390 3035 1459 ἐφ’
3082 1389 3259 1460 ἡμῶν.
3295 1389 3464 1443 Ὅταν
3510 1389 3619 1460 γὰρ
3664 1389 3895 1450 ἑαυτοὺς
3933 1388 4050 1439 τῶν

2446 1480 2708 1534 διακένων
2751 1479 3061 1550 ὑψωμάτων
3109 1480 3204 1533 τοῦ
3246 1480 3513 1552 παρόντος
3569 1480 3685 1549 βίου
3728 1478 4045 1548 κατακομί-

2447 1571 2632 1642 ζωμεν
2662 1574 2741 1637 είς
2768 1571 3019 1635 ταπεινὰ,
3057 1572 3178 1624 τότε
3208 1571 3272 1642 δὴ
3315 1573 3532 1635 πάντως
3564 1572 3658 1623 καὶ
3701 1572 3799 1641 τὴν
3829 1571 4047 1625 ἄνωθεν

2444 1664 2911 1735 ἀντικομιούμεθα
2965 1665 3141 1730 δόξαν,
3189 1666 3279 1717 καὶ
3320 1666 3400 1728 είς
3458 1664 3515 1716 τὸ
3544 1660 3683 1717 εἶναι
3735 1662 3849 1715 θεοὶ
3897 1663 4048 1714 κατὰ

2444 1755 2605 1823 χάριν
2633 1753 3040 1823 ἀναδησόμεθα,
3077 1754 3196 1807 καθ’
3214 1756 3507 1824 ὁμοιότητα
3544 1753 3916 1823 λαμϐάνοντες
3940 1753 4045 1824 τὴν

2442 1842 2516 1905 ὡς
2538 1842 2673 1913 πρὸς
2690 1842 2778 1895 τὸν
2803 1842 3016 1913 ἀληθῶς
3034 1844 3291 1897 καὶκατὰ
3308 1844 3468 1911 φύσιν
3492 1844 3643 1907 Υίὸν,
3666 1843 3726 1896 τὸ
3753 1842 4045 1895 καλεῖσθαι

749 1939 855 1992 stia
905 1940 1188 2010 sapimus,
1242 1948 1295 1995 et
1340 1944 1599 2011 supernis
1644 1948 1917 2003 servimus
1948 1950 2137 2018 potius
2170 1968 2335 2022 quam

2441 1934 2607 1989 τέκνα
2667 1934 2826 1991 Θεοῦ.
2861 1937 2972 1990 Καὶ
3003 1937 3089 1990 ’ίνα
3145 1955 3199 1990 τι
3238 1940 3352 2000 τοῖς
3392 1936 3776 2008 προκειμένοις
3804 1936 3947 1989 εῖπω
3978 1935 4043 1987 τὸ

748 2032 1006 2087 terrenis.
1033 2030 1207 2087 Porro
1235 2035 1586 2104 spiritalibus
1618 2043 2192 2111 eontemplationibus
2227 2062 2335 2101 non

746 2131 901 2178 caret
925 2126 1136 2190 oratio;
1165 2125 1398 2196 ideoque
1414 2143 1635 2183 rursum
1655 2132 1925 2199 dicemus,
1943 2138 2170 2205 repetita
2196 2154 2335 2208 quo-

746 2216 1045 2270 dammodo
1075 2217 1289 2273 ratione
1318 2233 1509 2273 eorum
1543 2235 1667 2290 qua:
1699 2220 1840 2277 facta
1878 2236 2037 2290 sunt,
2070 2235 2125 2281 et
2167 2230 2336 2285 rebus

748 2309 1049 2379 propositis
1101 2310 1282 2365 denuo
1336 2314 1676 2369 recensitis:
1730 2318 1811 2371 sic
1868 2319 2015 2372 enim
2075 2322 2126 2375 id
2188 2324 2334 2392 quod

746 2399 915 2471 288
946 2402 1241 2457 dicendqu
1278 2413 1363 2459 est
1401 2407 1753 2461 manifestum
1808 2411 1970 2467 nobis
2022 2414 2161 2479 erit,
2196 2432 2337 2485 prae-

747 2490 1103 2558 sertimquea
1128 2491 1287 2545 beato
1330 2494 1672 2563 evangelista
1705 2496 1953 2553 additum
1986 2518 2152 2557 esse:
2186 2523 2202 2554 ι
2240 2506 2337 2560 Se-

744 2580 916 2635 cessit
962 2582 1015 2636 in
1066 2591 1305 2637 montem
1346 2586 1499 2641 solus
1528 2586 1597 2652 ⁸⁷,
1631 2608 1649 2639 ι
1678 2593 1836 2659 quasi
1872 2597 2250 2650 necessarium
2280 2606 2336 2653 et

746 2673 1063 2729 inevitabile
1085 2676 1344 2745 quiddam
1371 2678 1665 2747 signiﬁcet.
1691 2681 1863 2752 igitur
1886 2683 2199 2741 Judaeorum
2232 2690 2334 2742 im-

746 2767 1070 2821 manitatem
1115 2766 1376 2824 Christus
1424 2770 1675 2842 fugiens,
1711 2775 1968 2831 discessit
1998 2794 2065 2833 ex
2107 2778 2335 2835 Jerusa-

745 2858 850 2911 lem
879 2877 893 2913 :
926 2858 1075 2929 quod
1108 2860 1398 2917 manifeste
1418 2874 1539 2917 est:
1570 2883 1587 2914 ι
1611 2863 1831 2935 Reliqui
1857 2870 2083 2925 domum
2113 2888 2332 2937 meam,

744 2952 935 3007 dimisi
968 2953 1346 3009 haereditatem
1377 2972 1553 3011 meam
1589 2958 1653 3015 ⁸⁸.
1688 2978 1706 3011 ι
1738 2959 1980 3018 Tranalo
2012 2966 2149 3019 mari
2179 2965 2337 3022 Tibe-

745 3042 950 3106 riadis,
996 3053 1050 3099 et
1097 3045 1165 3099 ab
1214 3046 1438 3101 illorum
1490 3047 1677 3105 furore
1710 3054 1901 3121 procul
1933 3054 2206 3121 dissitus,
2245 3074 2333 3113 se-

743 3137 912 3190 cessit
941 3136 997 3190 in
1029 3147 1270 3192 montem
1310 3155 1415 3193 una
1449 3156 1574 3195 cum
1608 3142 1901 3213 discipulis
1930 3165 1942 3199 :
1976 3161 2087 3215 quo
2119 3149 2333 3219 signiﬁ-

742 3227 857 3281 cari
885 3228 1126 3285 diximus
1170 3230 1380 3286 invium
1426 3245 1482 3288 et
1525 3236 1888 3293 interclusum
1922 3238 2332 3309 quodammodo

2442 2026 2723 2095 συγγενές,
2748 2028 2843 2081 καὶ
2867 2026 3057 2099 αὐτὴν,
3088 2030 3137 2081 εἰ
3172 2027 3444 2100 πρόσεισι,
3468 2028 3567 2099 τὴν
3609 2028 3703 2081 ἐπὶ
3727 2028 3830 2098 γῆς
3864 2028 4039 2098 ἀκρό-

2438 2138 2575 2190 τητα
2621 2119 3018 2192 παραιτώμεθα
3059 2123 3427 2193 τὴν-ἀπάσης
3480 2120 3697 2192 μητέρα
3757 2121 3949 2189 τιμῆς,
3990 2123 4040 2172 εί

2440 2215 2746 2283 φρονοῦμεν
2778 2214 2846 2267 τὰ
2879 2215 3202 2286 ἐπουράνια,
3246 2215 3339 2268 καὶ
3365 2217 3476 2278 τοῖς
3501 2215 3612 2272 ἄνω
3635 2212 4039 2282 πολιτευόμεθα

2441 2307 2663 2375 μᾶλλον,
2689 2307 2833 2378 ἥπερ
2864 2310 2976 2370 τοῖς
2997 2308 3089 2360 ἐπὶ
3116 2308 3215 2378 τῆς
3235 2307 3359 2377 γῆς.
3391 2307 3789 2377 Πνευματικῶν
3816 2305 3873 2358 δέ
3898 2304 4039 2358 θεω-

2439 2400 2701 2469 ρημάτων
2755 2401 2782 2452 6
2815 2399 2973 2468 λόγος
3026 2402 3159 2470 ἡμῖν
3206 2399 3307 2452 οὐκ
3355 2400 3597 2471 ἀμοιρεῖ·
3650 2398 3729 2451 διὸ
3772 2397 3838 2469 δὴ
3872 2396 4038 2449 πάλιν

2436 2491 2691 2563 ἐροῦμεν,
2749 2492 2876 2564 ὃλην
2904 2492 3093 2564 ῶσπερ
3140 2492 3702 2563 ἀνακεφαλαιούμενοι
3730 2492 3841 2557 τῶν
3871 2509 4036 2560 γεγε-

2436 2603 2498 2655 νη
2510 2585 2685 2654 μένων
2712 2585 2811 2656 τὴν
2844 2585 3093 2655 δύναμιν,
3120 2588 3215 2639 καὶ
3253 2586 3343 2639 τὸν
3383 2584 3442 2651 ἐξ
3471 2585 3649 2656 ἀρχῆς
3674 2586 3779 2638 τῶν
3805 2603 4036 2655 προκει-

2441 2678 2618 2745 μένων
2638 2677 3128 2747 ἀναμηρυσάμενοι
3157 2676 3313 2744 λόγον
3343 2694 3355 2705 ·
3394 2676 3537 2729 οῦτω
3573 2676 3681 2746 γάρ
3705 2678 3840 2747 ἡμῖν
3877 2676 4035 2730 ἔσται

2438 2766 2748 2834 καταφανὲς
2762 2768 2821 2819 τὸ
2838 2767 3176 2837 ῥηθήσεσθαι
3202 2768 3415 2838 μέλλον,
3448 2768 3662 2837 μάλισθ’
3688 2769 3770 2821 ὃτι
3795 2768 4031 2839 προστέ-

2437 2858 2616 2912 θεικεν
2640 2863 2667 2911 ό
2698 2860 2967 2932 μακάριος
3007 2861 3416 2932 εὐαγγελιστὴς,
3448 2860 3638 2932 ῶσπερ
3659 2861 3961 2929 ἀναγκαῖόν
3982 2878 4034 2913 τι

2436 2952 2530 3004 καὶ
2559 2954 2931 3022 ἀπαραίτητον
2967 2954 3269 3023 ὑποδηλῶν,
3289 2953 3349 3005 τὸ
3371 2955 3451 3007 ὃτι
3480 2974 3495 3005 ι
3534 2952 3912 3024 Ἀνεχὼρησεν
3952 2955 4033 3015 είς

2434 3043 2495 3095 τὸ
2528 3044 2652 3115 ὅρος
2713 3045 2875 3107 αὐτὸς
2936 3046 3116 3115 μόνος.
3156 3065 3172 3096 ι
3209 3046 3419 3099 Οὐκοῦν
3462 3046 3561 3114 τὴν
3594 3046 3703 3099 τῶν
3755 3047 4032 3099 Ἰουδαίων

2436 3136 2831 3205 ἀπανθρωπίαν
2868 3138 3328 3207 παραιτούμενος,
3360 3139 3633 3209 ἀπεδήμει
3659 3140 3756 3209 μέν
3791 3140 3893 3210 τῆς
3938 3140 4031 3193 Ἰε-

2439 3227 2767 3297 ρουσαλὴμό
2794 3227 3050 3299 Χριστὸς,
3078 3230 3215 3301 ὅπερ
3249 3230 3396 3283 ἐστὶν
3447 3232 3720 3302 ἐναργῶς·
3756 3250 3774 3283 ι
3828 3232 4032 3301 Ἐγκα-

739 3318 945 3377 Iudaeis
972 3324 1077 3377 iter
1104 3322 1169 3377 ad
1203 3324 1383 3393 ipsum
1408 3366 1423 3389 ,
1464 3333 1515 3381 et
1565 3326 1847 3383 Christum
1903 3332 2209 3387 recessisse
2260 3334 2331 3388 ob

2435 3319 2726 3372 ταλέλοιπα
2776 3320 2867 3372 τὸν
2922 3316 3069 3373 οἶκόν
3118 3339 3240 3391 μου,
3282 3323 3475 3391 ἀφῆκα
3511 3325 3608 3392 τὴν
3658 3324 4030 3396 κληρονομίαν

736 3414 1087 3483 passionem,
1119 3430 1298 3484 usque
1342 3415 1409 3469 ad
1446 3425 1662 3488 tempus
1708 3434 2009 3490 congruum
2040 3424 2326 3487 nimirum,

741 3520 981 3574 eumque
1013 3506 1284 3561 illustrem
1314 3515 1480 3575 atque
1506 3511 1871 3579 conspicuum
1904 3510 2021 3567 fore
2051 3528 2175 3568 cum
2209 3516 2326 3570 suis

744 3596 1050 3667 discipulis,
1086 3613 1211 3651 cum
1240 3600 1431 3653 relicta
1466 3598 1653 3655 .ludaea
1684 3600 1751 3655 ad
1786 3612 1979 3673 gentes
2010 3605 2327 3676 migraverit

738 3688 972 3760 gratiam
1010 3689 1079 3743 ad
1110 3690 1233 3744 illas
1267 3690 1630 3747 transferens.
1658 3693 1733 3747 De
1749 3704 1935 3749 monte
1954 3712 2085 3751 vero
2112 3700 2327 3768 aspexit

736 3798 832 3838 eos
866 3784 962 3853 qui
993 3783 1391 3853 sequebantur,
1430 3800 1494 3838 ac
1526 3793 1788 3855 praeterea
1823 3802 2018 3843 eorum
2050 3789 2326 3845 alimonia:

736 3877 999 3947 providit.
1056 3877 1177 3942 Quo
1221 3893 1443 3932 rursum
1488 3879 1732 3934 diximus
1785 3881 1970 3951 typice
2020 3884 2323 3953 signiﬁcari

735 3983 864 4022 cum
891 3969 1289 4037 inspectionem
1314 3971 1464 4024 illam
1482 3983 1790 4040 supernam
1813 3974 2024 4028 sanctis
2056 3976 2323 4041 debitam,

732 4058 890 4127 juxta
928 4059 1061 4113 illud
1092 4078 1103 4113 :
1140 4078 1158 4111 ι
1187 4060 1346 4115 Oculi
1376 4060 1593 4115 Domini
1630 4064 2003 4133 superjustos
2031 4065 2076 4097 δ’
2105 4084 2119 4132 ;
2154 4086 2174 4118 ι
2206 4074 2323 4120 tum

734 4150 1142 4220 providentiam
1190 4169 1357 4221 quam
1407 4152 1551 4210 Deus
1596 4155 1847 4226 impertit
1886 4158 2197 4214 colentibus
2240 4176 2320 4215 se.

735 4240 1008 4297 Praeterea
1060 4258 1259 4315 magna
1314 4245 1615 4300 multitudo
1670 4247 1860 4317 populi
1916 4248 2323 4305 admirabiliter

735 4336 946 4389 nutrita
978 4345 1064 4393 est
1102 4353 1168 4393 ex
1221 4339 1469 4409 quinque
1511 4340 1751 4409 panibus
1790 4353 1845 4396 et
1886 4341 2105 4399 duobus
2156 4345 2322 4414 pisci-

735 4429 882 4482 culis
910 4446 922 4481 :
954 4444 1066 4499 quo
1092 4430 1312 4498 quidem
1345 4432 1578 4502 intelligi
1610 4435 1915 4489 statuimus
1945 4438 2152 4507 scripta
2188 4454 2319 4493 san-

733 4530 950 4575 ctorum
980 4529 1228 4577 veterum
1263 4538 1329 4576 ac
1359 4538 1627 4579 novorum
1668 4540 1763 4595 per
1793 4528 2075 4596 apostolos
2117 4529 2318 4599 apponi

737 4610 804 4666 iis
833 4613 926 4683 qui
971 4612 1258 4668 Christum
1295 4614 1581 4686 diligunt;
1630 4618 1767 4686 quin
1807 4625 1863 4672 et
1914 4618 2314 4688 discipulorum

2436 3430 2557 3481 μου.
2590 3431 2608 3463 ι
2634 3413 3187 3484 Διαπεραιωσάμενος
3230 3414 3329 3483 τὴν
3370 3414 3689 3486 Τιϐεριάδος
3724 3416 4026 3481 θάλασσαν.

2431 3505 2523 3555 καὶ
2545 3503 2679 3556 πολὺ
2696 3505 2815 3556 λίαν
2839 3505 2935 3575 τῆς
2968 3506 3195 3559 ἐκείνων
3224 3506 3483 3569 ἀπονοίας
3513 3507 4025 3579 ἀπεσχοινισμένος,

2430 3595 2677 3666 ἀνεπήδα
2735 3596 2871 3667 πρὸς
2928 3596 3052 3665 ὅρος
3098 3597 3214 3667 ἅμα
3268 3600 3379 3661 τοῖς
3430 3599 3731 3668 μαθηταῖς·
3764 3599 3799 3653 ἀ
3836 3602 3903 3671 δὴ
3933 3602 4027 3655 καὶ

2432 3687 2729 3749 ὑποδηλοῦν
2762 3690 3064 3760 εἰρήκαμεν
3089 3691 3147 3743 τό
3170 3708 3229 3743 τε
3259 3690 3461 3744 ἄϐατον
3483 3691 3673 3763 ῶσπερ
3702 3695 3795 3746 καὶ
3826 3696 4027 3766 ἀνήνυ-

2428 3799 2517 3833 τον
2543 3783 2655 3844 τοῖς
2698 3781 2972 3845 Ἰουδαίοις
3011 3782 3112 3851 τῆς
3149 3783 3223 3847 ὡς
3271 3782 3360 3835 ἐπ’
3394 3784 3557 3837 αὑτὸν
3609 3784 3754 3850 ὀδοῦ,
3786 3786 3882 3838 καὶ
3926 3789 4023 3858 τὴν

2429 3874 2487 3939 ἐξ
2524 3874 2693 3944 ὀργῆς
2748 3873 2851 3943 τῆς
2905 3876 2997 3927 ἐπὶ
3025 3874 3102 3945 τῷ
3141 3874 3302 3928 πάθει
3332 3876 3633 3948 γενομένην
3669 3877 4022 3947 ἀναχώρησιν

2430 3965 2523 4017 τοῦ
2558 3965 2795 4037 Χριστοῦ
2844 3965 3003 4036 μέχρι
3044 3965 3238 4038 καιροῦ
3271 3966 3513 4034 δηλονότι
3554 3970 3892 4039 πρέποντος,
3926 3972 4021 4023 καὶ

2426 4057 2508 4108 ὅτι
2543 4055 2849 4124 περιφανὴς
2882 4055 3035 4109 ἔσται
3078 4058 3333 4129 Χριστὸς,
3369 4058 3483 4128 ἅμα
3528 4063 3637 4122 τοῖς
3681 4061 3877 4114 ἐαυτοῦ
3918 4081 4021 4133 μα-

2426 4147 2636 4217 θηταῖς,
2664 4147 2790 4199 ὃταν
2812 4146 3037 4217 ἐκϐαίνῃ
3070 4146 3167 4217 τὴν
3214 4147 3473 4200 Ἰουδαίαν
3504 4150 3597 4200 καὶ
3629 4148 3762 4219 πρὴς
3789 4150 3857 4203 τὰ
3887 4150 4018 4220 ἑθνη

2427 4236 2618 4311 βαδίζῃ
2644 4237 2950 4307 μετατιθεὶς
2982 4237 3067 4289 ἐπ’
3102 4239 3283 4291 ἐκεῖνα
3320 4238 3418 4309 τὴν
3456 4240 3637 4311 χάριν.
3683 4240 3815 4293 Ἀπὸ
3863 4242 3922 4295 δέ
3954 4259 4015 4311 γε

2424 4328 2517 4381 τοῦ
2570 4330 2729 4399 ὅρους
2783 4328 2908 4391 τοὺς
2964 4330 3264 4400 ἑπομένους
3311 4329 3461 4401 αὑτῷ
3508 4331 3879 4397 διεσκέπτετο,
3923 4339 4015 4387 καὶ

2424 4422 2651 4493 προσέτι
2688 4421 2862 4492 τούτῳ
2907 4423 3162 4475 διενοεῖτο
3201 4423 3329 4493 περὶ
3354 4424 3583 4494 τροφῆς.
3617 4425 3727 4477 Καὶ
3768 4427 3931 4481 τοῦτο
3960 4429 4013 4481 δὲ

2423 4513 2585 4565 πάλιν
2608 4512 2867 4583 ἐλέγομεν
2893 4512 3144 4583 καθάπερ
3174 4516 3231 4565 ἐν
3263 4512 3420 4583 τύπῳ
3450 4515 3759 4585 σημαίνειν,
3800 4519 3899 4571 καὶ
3920 4520 4015 4591 τὴν

2422 4602 2629 4656 ἀνωθεν
2651 4606 2762 4666 τοῖς
2790 4605 2965 4673 ἀγίοις
3022 4606 3478 4676 χρεωστουμένην
3509 4609 3840 4680 ἐπισκοπὴν,
3875 4613 4015 4666 κατά

733 4704 997 4771 chorum,
1028 4714 1080 4760 et
1110 4706 1415 4761 secundum
1456 4723 1551 4763 eos
1590 4717 1912 4764 sanctarum
1945 4710 2316 4768 Ecclesiarum

2435 4694 2483 4746 τό
2504 4710 2517 4723 °
2551 4714 2569 4747 ι
2612 4695 2907 4766 Ὀφθαλμοὶ
2966 4672 3171 4767 κυρίου
3202 4672 3594 4764 ἐπὶ-δικαίους,
3625 4718 3643 4750 ι
3670 4672 3884 4756 καὶ-ὃτι
3907 4704 4013 4756 τῶν

732 4792 828 4849 Dei
858 4796 1156 4864 praesules,
1189 4796 1416 4853 uberem
1447 4798 1745 4854 ministerii
1772 4816 1902 4873 erga
1931 4817 2032 4857 nos
2079 4803 2317 4858 fructum

730 4898 1113 4958 reportaturos
1153 4907 1166 4943 :
1208 4899 1370 4961 typus
1398 4891 1543 4945 enim
1572 4892 1662 4947 ille
1692 4893 1757 4947 ad
1786 4909 1980 4950 omnes
2008 4895 2170 4950 initio
2199 4912 2321 4968 spe-

731 4980 937 5033 ctabat.
971 4978 1265 5036 Postremo
1294 4992 1639 5053 spectatores
1670 4985 1892 5058 signum
1928 4988 2230 5056 mirantur,
2262 5000 2317 5044 et

734 5080 983 5127 statuunt
1016 5072 1207 5129 Jesum
1239 5076 1295 5129 in
1329 5091 1510 5145 regem
1556 5091 1773 5148 rapere.
1823 5077 1982 5144 Quod
2015 5094 2141 5134 cum
2189 5096 2319 5135 nos-

732 5174 814 5219 set
835 5205 847 5226 ,
877 5166 1032 5221 solus
1058 5167 1269 5221 secedit
1294 5167 1349 5222 in
1376 5176 1645 5232 montem,
1666 5177 1723 5223 ut
1748 5170 2016 5241 scriptum
2040 5181 2145 5227 est.
2164 5170 2322 5227 Post-

730 5272 895 5325 quam
924 5258 1072 5311 enim
1104 5273 1227 5311 eum
1260 5268 1452 5329 gentes
1481 5268 1539 5314 ut
1574 5262 1969 5317 miraculorum
2001 5262 2314 5320 eﬁ‘ectorem

732 5364 795 5402 ac
816 5348 986 5403 Deum
1006 5362 1397 5420 suspexerunt,
1421 5362 1718 5423 postquam
1750 5370 1875 5409 eum
1909 5370 2096 5427 regem
2124 5356 2312 5411 cuncti

732 5452 1127 5511 nuncuparunt
1150 5457 1213 5497 ac
1238 5441 1551 5508 Dominum,
1580 5453 1713 5500 tunc
1746 5461 1969 5517 quoque
1991 5456 2314 5517 assumptus

732 5540 817 5585 est
863 5534 1017 5587 solus
1070 5534 1124 5587 in
1175 5534 1411 5596 caelum.
1470 5536 1690 5591 nemine
1744 5538 1927 5607 ipsum
1961 5539 2192 5593 omnino
2221 5554 2311 5594 se-

732 5634 955 5695 quente.
1001 5624 1258 5682 Primitiae
1298 5630 1444 5683 enim
1498 5638 1837 5684 mortuorum
1876 5646 2000 5684 cum
2045 5639 2198 5686 esset
2228 5632 2306 5695 ⁸ο,

728 5715 985 5772 ascendit
1012 5720 1162 5775 solus
1191 5721 1244 5774 in
1271 5730 1508 5775 montem
1533 5736 1793 5789 magnum
1820 5736 1883 5776 ac
1908 5737 2097 5777 verum
2119 5762 2133 5786 ,
2155 5722 2313 5791 juxta

802 5871 849 5904 δ’
868 5870 1028 5929 Joan.
1056 5889 1128 5938 vr,
1164 5875 1249 5929 l5.

2427 4782 2737 4852 σεϐομένων
2788 4786 2950 4837 αὑτὸν
3000 4786 3100 4838 οὑκ
3126 4788 3479 4857 ἀπρονοήτως
3524 4788 3637 4858 ἔχει
3677 4790 3831 4853 Θεός.
3881 4790 4012 4847 Εἶτα

2424 4874 2742 4945 παραδόξως
2792 4877 2820 4929 ό
2862 4877 3025 4941 πολὺς
3068 4879 3410 4949 ἀπετρόφετο
3440 4879 3634 4951 δῆμος,
3680 4881 3768 4936 διά
3798 4900 3859 4935 τε
3909 4885 4013 4938 τῶν

2424 4968 2585 5019 πέντε
2619 4966 2819 5037 ἄρτων,
2854 4968 2951 5021 καὶ
2985 4972 3098 5022 τοῖν
3113 4970 3256 5023 δυοῖν
3278 4970 3523 5041 ὀψαρίοιν
3550 4988 3561 4998 ·
3588 4974 3673 5041 ἐφ’
3701 4964 3747 5039 ᾦ
3782 4973 3849 5045 δὴ
3877 4977 4010 5047 χρῆ-

2420 5076 2507 5111 ναι
2530 5058 2771 5111 νοεῖσθαι
2817 5058 3183 5132 διωριζόμεθα
3219 5063 3328 5113 τῶν
3376 5062 3549 5131 ἁγίων
3598 5069 4009 5139 συγγράμματα

2420 5150 2665 5205 παλαιῶν
2686 5168 2744 5203 τε
2773 5152 2867 5204 καὶ
2928 5152 3087 5215 νέων,
3130 5153 3229 5222 τὴν
3256 5152 3321 5205 δι’
3352 5154 3668 5208 ἀποστόλων
3705 5159 4007 5226 παράθεσιν

2419 5244 2533 5307 τοῖς
2563 5243 2819 5311 ἀγαπῶσι
2847 5243 3113 5315 Χριστόν·
3153 5246 3288 5316 πρὸς
3322 5246 3378 5299 δέ
3411 5248 3639 5315 τούτοις,
3664 5250 3747 5304 ὅτι
3774 5251 3873 5305 καὶ
3922 5254 4006 5305 τὸν

2421 5334 2518 5403 τῆς
2538 5335 2615 5397 είς
2628 5336 2774 5405 ἡμᾶς
2786 5335 3062 5399 διακονίας
3077 5338 3287 5407 καρπὸν
3302 5338 3555 5394 πλούσιον
3571 5345 3842 5411 κομιεῖται
3858 5348 4005 5414 παρά

2421 5425 2556 5479 Θεοῦ
2584 5425 2691 5479 τῶν
2724 5427 2980 5498 μαθητῶν
2999 5431 3027 5481 6
3060 5430 3237 5499 χορὸς,
3258 5432 3353 5485 καὶ
3386 5436 3504 5502 μετ’
3532 5435 3795 5501 ἐκείνους,
3821 5439 3874 5488 ol.
3896 5436 4001 5489 τῶν

2422 5518 2592 5587 ἀγίων
2606 5518 2702 5571 τοῦ
2724 5518 2859 5572 Θεοῦ
2878 5521 3221 5591 προεστῶτες
3255 5525 3609 5597 Ἐκκλησιῶν·
3630 5527 3724 5579 ἐπὶ
3738 5529 3851 5600 γάρ
3869 5529 4001 5582 πάν-

2418 5629 2519 5674 τας
2548 5613 2605 5664 ἐν
2623 5611 2848 5675 ἐκείνοις
2867 5615 2893 5665 6
2919 5612 3087 5677 τύπος
3112 5610 3181 5687 ἦν
3214 5619 3271 5670 ἐν
3292 5619 3456 5689 ἀρχῇ.
3486 5612 3617 5672 Εἶτα
3630 5618 4003 5691 θαυμάζωσιν

2421 5705 2468 5755 οἱ
2490 5703 2684 5774 θεωροὶ
2715 5703 2776 5756 τὸ
2802 5708 3047 5774 σημεῖον,
3083 5709 3175 5761 καὶ
3210 5709 3477 5781 ἁρπάζειν
3507 5714 3587 5775 είς
3625 5711 3857 5783 βασιλέα
3878 5712 4001 5783 βου-

1338 5874 1601 5932 "Jerem.
1636 5892 1734 5942 xu,
1768 5878 1822 5932 7.
1899 5879 1944 5911 ’⁵⁸
1993 5876 2140 5935 Psal.
2177 5894 2374 5938 xxxiii.
2410 5876 2496 5933 ιο.
2577 5878 2623 5909 ⁵⁸
2647 5880 2667 5931 l
2692 5877 2821 5934 Cor.
2856 5880 3061 5947 xv,20.
