4218 6500
198 385 305 442 ιδς

1299 391 1367 447 ΙΝ
1404 391 1691 451 JOANNIS
1732 392 2183 452 EVANGELIUM
2222 396 2352 453 LIB.
2392 396 2482 454 III.

3382 400 3488 459 666

194 508 447 562 λεύονται
499 510 593 564 τόν
664 509 883 582 Ἰησοῦν.
930 510 996 568 '0
1042 512 1107 583 δὴ
1159 516 1256 569 καὶ
1291 519 1492 585 συνεὶς,
1521 520 1779 590 ἀναχωρεῖ

1898 517 2029 574 illud
2060 516 2367 573 Psalmista:
2395 536 2408 571 ε
2440 535 2459 568 ι
2493 517 2629 583 Quis
2658 517 2921 574 ascendet
2968 518 3025 574 in
3080 526 3326 575 montem
3377 520 3487 574 Do-

194 602 359 671 μόνος
389 603 477 666 εἰς
501 601 561 656 τὺ
589 601 739 673 ὅρος
765 603 842 667 ὡς
862 604 1192 676 γέγραπται.
1224 607 1351 661 Ὅτε
1380 610 1489 681 γὰρ
1511 612 1663 683 παρὰ
1684 615 1795 675 τοῖς

185 684 427 757 ἔθνεσιν,
462 693 542 756 ὼς
573 695 946 767 μεγαλουργδς
975 699 1070 752 καὶ
1116 699 1270 766 Θεὸς,
1310 702 1626 775 ἐθαυμάσθη
1659 706 1793 771 Χρι-

153 784 337 847 Δστος,
386 786 482 838 ὅτε
532 786 733 849 πάντες
772 788 935 842 αὑτὸν
990 791 1375 863 ἐπεγράψαντο
1430 795 1653 865 βασιλέα
1698 799 1792 851 καὶ

190 872 417 942 Κύριον,
480 877 602 929 τότε
646 879 741 930 καί
774 879 1048 953 ἀνελήφθη
1104 885 1264 953 μόνος
1299 888 1378 942 εἰς
1411 888 1505 941 τὸν
1538 889 1788 960 οὐρανὸν,

187 966 412 1029 οὐδενὸς
447 967 599 1038 αὐτῷ
635 969 694 1021 τὸ
725 970 989 1040 παράπαν
1014 973 1498 1049 ἀκολουθήσαντος.
1544 981 1789 1054 Ἀπαρχὴ

189 1058 297 1127 γὰρ
331 1059 448 1111 τῶν
474 1062 686 1132 νεκρῶν
716 1064 1019 1135 ἀναϐέϐηκε
1050 1069 1210 1137 μόνος
1238 1072 1316 1132 εἰς
1332 1071 1393 1125 τδ
1415 1070 1540 1143 ὅρος
1569 1073 1628 1126 τὸ
1649 1074 1790 1144 μέγα

192 1150 284 1199 καὶ
316 1150 712 1224 ἀληθέστερον,
744 1156 884 1208 κατὰ
910 1157 968 1209 τὸ
993 1160 1284 1231 εἰρημένον
1307 1162 1395 1216 διὰ
1423 1163 1517 1218 τοῦ
1549 1166 1763 1236 Ψαλμῳ

190 1238 278 1290 δοῦ
300 1256 313 1267 ’
349 1258 368 1290 ι
406 1241 507 1304 Τῗς
530 1243 863 1313 ἀναϐήσεται
891 1248 971 1311 εἰς
992 1249 1051 1302 τὸ
1078 1248 1204 1322 ὅρος
1241 1270 1336 1306 του
1372 1256 1599 1325 Κυρίου,
1638 1257 1670 1327 ἢ
1705 1258 1790 1321 τίς

192 1333 459 1398 στήσεται
519 1337 577 1387 ὲν
625 1337 778 1408 τόπῳ
832 1340 973 1411 ἁγίῳ
999 1341 1195 1409 αὐτου,
1245 1345 1441 1411 Ἀθῶο,
1477 1365 1610 1418 χερσ
1641 1390 1653 1411 ,
1696 1355 1789 1404 καὶ

189 1423 435 1494 καθαρὸς
465 1428 531 1498 τῇ
560 1430 778 1501 καρδίᾳ.
836 1451 855 1483 ι
901 1434 1275 1505 Ἀκολουθήσει
1313 1437 1421 1509 γάρ
1477 1444 1504 1494 ό
1550 1441 1789 1506 τοιοιῖτος

186 1514 264 1584 τῷ
302 1518 561 1589 Χριστῷ,
585 1523 679 1575 καὶ
707 1526 787 1587 εἰς
815 1525 940 1595 ὅρος
959 1527 1021 1580 τὸ
1046 1527 1235 1599 νοητὸν
1270 1531 1620 1601 ἀναϐήσεται,
1648 1536 1789 1588 κατὰ

187 1607 279 1658 τον
308 1626 417 1677 της
464 1629 578 1666 των
610 1617 855 1684 ουρανῶν
909 1619 1187 1688 βασιλείας
1222 1624 1413 1691 καιρόν
1484 1626 1787 1697 Ἀνακεχώ-

189 1712 321 1764 ρηκε
348 1697 409 1751 δὲ
452 1704 533 1765 εἰς
560 1702 619 1756 τὺ
644 1704 707 1775 όρ
742 1725 789 1770 ς,
842 1724 871 1759 τ
909 1711 936 1761 ὖ
975 1712 987 1729 ‘
1009 1710 1178 1774 ἐστιν,
1207 1715 1546 1787 ἀναϐέϐηκεν
1588 1720 1665 1782 εἰς
1695 1720 1787 1773 τὸν

184 1787 438 1855 οἰιρανὸν,
472 1809 535 1844 ου
558 1794 618 1846 τὸ
649 1795 953 1864 βασιλεύειν
990 1818 1101 1855 των
1155 1808 1598 1861 πεπιστευκότων
1635 1811 1785 1881 αὐτῷ

186 1881 647 1979 παραιτούμενος,
673 1886 785 1939 ἀλλ’
822 1890 1248 1964 ὑπερτιθέμενος
1272 1897 1364 1951 τὸν
1389 1899 1489 1968 τῆς
1505 1899 1782 1969 βασιλείας

183 1972 280 2065 τῆς
313 1972 732 2065 ἐκφανεστέρας
783 1983 997 2052 καιρὸν,
1031 1987 1115 2049 εἰς
1148 1987 1249 2059 τὴν
1290 1989 1495 2043 ἄνωθεν
1524 1992 1599 2055 ὡς
1630 1996 1777 2065 ἡμᾶς

183 2058 544 2156 ἐπιστροξὴν,
572 2065 659 2117 ὅτε
688 2069 781 2120 καὶ
802 2070 860 2123 ἐν
910 2073 1038 2145 δόξῃ
1074 2078 1138 2146 τῇ
1165 2058 1257 2129 τοῦ
1303 2079 1511 2147 Πατρός
1544 2058 1778 2156 καταϐή-

186 2164 355 2247 σεται,
391 2154 578 2247 οὐκέτι
629 2156 714 2210 διά
772 2165 1035 2231 σημείων,
1082 2168 1333 2240 καθάπερ
1383 2154 1774 2247 καὶπρότερον

1895 611 2072 677 mini,
2117 619 2212 664 aut
2256 610 2383 681 quis
2429 607 2599 665 stabit
2639 611 2696 663 in
2737 610 2863 665 loco
2903 618 3098 666 sancto
3123 610 3293 681 ejus?
3321 610 3486 666 Inno-

1894 718 2025 758 cens
2072 704 2364 768 manilius,
2422 710 2478 757 et
2526 702 2769 757 mundus
2817 701 2987 758 corde
3013 704 3079 755 ".
3115 723 3134 755 ι
3195 702 3481 759 Christum

1893 799 2038 853 enim
2075 802 2343 867 sequetur
2376 796 2469 865 qui
2504 793 2827 865 liujusmodi
2879 802 2999 859 est,
3050 802 3104 848 et
3134 796 3190 849 in
3239 804 3482 851 montem

1894 890 2323 945 intellectualem
2364 887 2659 952 ascendet,
2697 888 2851 941 circa
2879 895 3098 956 tempus
3126 888 3278 956 regni
3312 889 3483 943 caelo-

1893 997 2037 1037 rum.
2087 981 2327 1038 Secessit
2356 994 2523 1051 porro
2573 980 2629 1034 in
2681 990 2957 1043 montem,
3007 979 3112 1033 lioe
3145 979 3312 1049 289
3357 989 3479 1044 est,

1894 1074 2140 1130 ascendit
2164 1074 2218 1129 in
2239 1075 2460 1137 cmlum,
2479 1088 2592 1128 non
2616 1073 2764 1143 quod
2791 1088 3023 1142 regnum
3054 1088 3108 1126 in
3137 1071 3331 1127 ﬁdeles
3362 1088 3480 1128 sus-

1891 1160 2293 1236 cipere'nolit,
2343 1166 2437 1220 sed
2488 1166 2635 1235 quod
2684 1164 2837 1233 regni
2890 1165 3215 1219 illustrioris
3261 1173 3480 1233 tempus

1891 1258 2108 1314 diil‘eiat
2139 1258 2314 1312 donec
2357 1258 2579 1311 coalitus
2611 1258 2677 1311 ad
2723 1270 2824 1310 nos
2868 1264 3198 1317 revertatur,
3243 1270 3369 1309 cuin
3422 1271 3479 1308 iii

1892 1350 2067 1419 gloria
2117 1346 2298 1401 Patris
2355 1345 2451 1400 des
2490 1345 2675 1410 endet,
2731 1360 2841 1399 non
2885 1344 3002 1413 jam
3052 1359 3117 1398 es
3170 1343 3367 1413 signis,
3418 1353 3481 1398 ut

1890 1441 2044 1510 prius
2081 1454 2267 1494 revera
2296 1448 2350 1494 et
2379 1437 2687 1493 secundum
2719 1449 2974 1491 naturam
3006 1435 3276 1518 Dominus
3320 1437 3477 1506 agni-

1888 1542 2015 1597 tus,
2052 1532 2147 1587 sed
2179 1547 2245 1585 ex
2294 1530 2583 1598 majestate
2635 1526 2746 1583 Deo
2794 1528 3146 1583 consenienti
3191 1544 3290 1583 rex
3336 1527 3478 1582 citra

1888 1625 2291 1677 dubitationem
2321 1621 2376 1675 ul
2404 1635 2489 1673 am
2518 1620 2833 1674 declaratus
2884 1619 3096 1688 Itaque,
3123 1619 3301 1673 dicam
3330 1619 3477 1673 enim

1889 1731 2121 1777 rursus,
2152 1729 2274 1783 quae
2320 1711 2473 1782 prius
2520 1711 2686 1764 allata
2735 1718 2866 1765 sunt
2925 1712 2978 1765 in
3026 1724 3207 1780 pauca
3253 1718 3479 1764 eontra-

1888 1808 2056 1872 liens,
2088 1822 2212 1860 cum
2246 1820 2343 1873 per
2371 1805 2529 1875 signa
2550 1802 2813 1867 creditus
2837 1812 2894 1857 et
2926 1803 3150 1872 agnitus
3174 1808 3261 1857 est
3292 1800 3436 1855 Deus
3457 1840 3473 1863 ,

1886 1898 2121 1952 Judaico
2156 1897 2357 1967 populo
2397 1896 2623 1957 relicto,
2657 1905 2788 1948 tunc
2818 1908 3010 1948 omnes
3038 1894 3218 1963 ipsum
3251 1908 3476 1964 quoque

1888 1994 1941 2045 iii
1974 2005 2155 2061 regem
2189 2002 2469 2043 assumere
2496 1986 2772 2041 nituntur.
2811 1984 2866 2039 In
2908 1987 3081 2041 cmlos
3134 1994 3317 2038 autem
3374 2000 3471 2038 so-

1885 2085 1969 2138 lus
2000 2081 2280 2144 ascendit,
2315 2094 2563 2149 congruo
2594 2079 2826 2148 tempori
2872 2079 3165 2133 clariorem
3197 2079 3351 2149 regni
3381 2078 3473 2133 de-

1881 2178 2245 2233 clarationem
2280 2186 2589 2226 reservans.

180 2242 707 2341 ἐπιγινωσκόμενος,
742 2252 932 2325 ὅτιπερ
966 2257 1135 2322 ὅντως
1168 2261 1283 2314 ἐστί
1319 2263 1410 2316 καί
1439 2242 1580 2319 κατά
1608 2242 1769 2336 φύσιν
1809 2271 2034 2341 Κύριος,
2097 2265 2211 2319 ἀλλ’
2273 2265 2336 2317 ἐκ
2382 2263 2539 2334 δόξης
2590 2261 2948 2334 θεοπρεποῦς,
2993 2263 3185 2331 ὅτιπερ
3228 2262 3477 2332 ὑπάρχει·

184 2332 860 2444 βασιλεὺς-ἀνεέιδοιάστως
894 2349 1343 2421 ὁμολογούμενος.
1396 2332 1639 2423 Οὐκοῦν,
1695 2363 1803 2434 ἐρῶ
1877 2332 1985 2433 γὰρ
2009 2355 2163 2421 αὖθις
2197 2358 2256 2409 ἐν
2313 2332 2860 2425 ὀλίγῳ-συνενεγκὼν
2905 2354 3013 2407 τῶν
3059 2355 3365 2424 εἰρημένων
3402 2357 3464 2406 τὸ

185 2434 532 2535 π).άτος,“ὂτε
560 2434 933 2535 διά-σημείωνῇ
972 2444 1294 2535 ἐπιστευθη,
1333 2450 1426 2502 καὶ
1464 2450 1781 2525 ἐπεγνώσθη
1822 2455 1976 2517 Θεὸς,
2014 2452 2122 2504 τῶν
2158 2449 2465 2503 Ἰουδαϊκῶν
2509 2450 2837 2518 ἐκφοιτήσας
2878 2447 3041 2514 λαῶν,
3075 2448 3198 2501 τότε
3226 2447 3289 2519 δὴ
3325 2449 3463 2503 πάν-

182 2534 267 2619 TE;
307 2520 480 2619 (ξῦτδγ
506 2524 599 2619 ital-
631 2527 710 2586 εἰς
750 2527 977 2596 βασιλέα
1036 2532 1334 2604 λαμϐάνειν
1359 2539 1666 2608 ἐπείγονται
1692 2560 1705 2575 ·
1744 2520 2024 2597 ἀναϐαίνει
2048 2542 2103 2593 δὲ
2137 2540 2296 2610 μόνος
2323 2541 2401 2601 εἰς
2433 2539 2696 2609 οὐρανοὺς
2732 2538 2911 2609 καιρῷ
2937 2538 3016 2609 τῷ
3049 2538 3314 2608 πρέποντι
3357 2539 3464 2611 τὴν

183 2611 275 2675 τῆς
312 2611 596 2680 βασιλείας
638 2620 1047 2694 ἐκφανεστέραν
1099 2628 1362 2694 ἐπίδειξιν
1418 2633 1940 2705 ἀποταμιευόμενος.

260 2705 359 2771 Ὠς
373 2706 445 2760 δὲ
460 2709 493 2759 ό
503 2710 608 2775 glria
628 2711 885 2779 ἐγένετο,
905 2720 1247 2788 κατέϐησαν
1258 2727 1775 2793 οιμαθηταίαῠτοῦ

184 2796 275 2849 ὲπί
316 2800 437 2863 τὴν
470 2800 816 2858 θάλασσαν·
865 2808 959 2862 ea!
998 2812 1289 2881 ἐμϐάντες
1319 2819 1406 2883 εἰς
1430 2819 1647 2873 πλοῖον
1675 2820 1778 2890 ἥρ-

184 2909 363 2983 χοιοτο
381 2896 473 2959 εἰς
494 2896 563 2947 τὸ
576 2898 767 2964 πέραν
782 2899 891 2968 τῆς
912 2903 1332 2975 θαλάσσηςείς
1349 2912 1772 2983 Καφαρναούμ.

249 2982 585 3052 Παραδόξως
631 2988 1083 3057 ἀποτελεσθέντος
1114 2996 1207 3047 τοῦ
1256 2998 1475 3067 πρώτου
1517 2982 1770 3072 σημείου,

185 3072 307 3142 ῥίζα
336 3075 508 3128 πάλιν
525 3078 735 3149 ἐτέρου,
764 3082 857 3134 καὶ
880 3086 1174 3153 πρόφασις,
1209 3091 1242 3161 ἡ
1281 3092 1368 3143 ἐπ’
1396 3092 1591 3164 ἐκείνῳ
1621 3098 1769 3166 φυγή

183 3181 236 3215 τε
269 3166 370 3218 καὶ
403 3168 770 3243 ἀναχώρησις,
803 3177 1161 3248 οἰκονομικῶς
1183 3183 1518 3251 εὑρίσκεται’
1544 3187 1637 3239 καὶ
1666 3206 1766 3241 πο-

1964 2726 2047 2791 Ὴ,
2076 2725 2267 2790 16,17.
2299 2723 2367 2777 Ut
2389 2732 2565 2777 autem
2595 2738 2712 2776 sero
2738 2722 2935 2789 factum
2962 2733 3064 2785 est,
3084 2722 3471 2781 descenderunt

1884 2820 2136 2886 discipuli
2180 2818 2292 2887 ejus
2333 2818 2402 2869 ad
2428 2831 2610 2879 mare;
2646 2823 2695 2867 et
2726 2830 2845 2866 cum
2877 2812 3239 2869 ascendissent
3267 2815 3468 2882 navim,

1884 2920 2131 2962 venerunt
2162 2919 2311 2961 trans
2344 2923 2491 2960 mare
2518 2908 2573 2959 in
2601 2905 3004 2973 Capharnaum.

1953 2995 2140 3049 Primo
2169 2997 2328 3065 signo
2361 2993 2689 3047 mirabiliter
2713 2992 2884 3055 edito,
2914 2989 3072 3045 radix
3100 2991 3284 3047 denuo
3328 2993 3471 3050 alte-

1882 3090 2000 3144 rius
2052 3095 2105 3143 et
2149 3088 2390 3153 cccasio,
2432 3086 2582 3141 illius
2641 3085 2765 3156 l‘uga
2799 3092 2854 3141 et
2904 3086 3148 3141 secessio
3196 3085 3468 3157 singulari

1877 3180 2110 3236 consilio
2156 3180 2454 3250 reperitur,
2492 3187 2547 3232 et
2576 3176 2846 3248 procedit,
2882 3184 2943 3230 ut
2975 3176 3247 3248 scriptum
3275 3185 3360 3234 est
3394 3177 3463 3243 ⁸⁸,

186 3257 404 3325 ρεύεται
424 3298 437 3321 ,
469 3260 611 3315 κατά
638 3264 697 3315 τὸ
722 3270 1136 3337 γεγραμμένον,
1171 3273 1233 3326 ἐκ
1263 3274 1542 3346 δυνάμεως
1580 3282 1659 3341 εἰς
1684 3281 1773 3334 δύ-

1881 3273 1946 3326 de
1996 3273 2199 3325 virtute
2251 3287 2305 3325 in
2354 3276 2611 3323 Virtutem
2656 3268 3053 3322 miraculorum
3099 3267 3295 3323 editor.
3327 3265 3465 3323 Nam

183 3366 364 3442 ναμιν
382 3352 411 3402 ό
438 3350 875 3442 θαυματουργός.
920 3358 1135 3433 Ἐπειδὴ
1162 3364 1270 3437 γὰρ
1295 3368 1538 3439 ἐζητεῖτο
1572 3371 1669 3442 μὲν
1693 3376 1773 3438 εἰς

184 3437 409 3505 βασιλέα
451 3441 602 3513 παρά
642 3444 750 3498 τῶν
790 3448 875 3501 ἐπ’
908 3450 1103 3521 ἐκείνῳ
1139 3469 1218 3523 τῳ
1267 3437 1490 3529 μεγάλῳ
1533 3437 1773 3515 καταπεέ

182 3529 811 3625 πληγμένωνμθαύματι,
862 3545 1159 3612 παρῃτεῖτο
1187 3545 1244 3600 δέ
1286 3548 1450 3611 αὐτὸς
1476 3552 1575 3614 τὰς
1608 3554 1666 3606 ἐν
1694 3554 1773 3625 τῷ

184 3621 373 3712 κόσμῳ
402 3621 592 3691 τιμάς,
619 3629 759 3681 κατά
774 3630 900 3691 τοὺς
922 3632 1024 3703 ήδη
1056 3638 1527 3705 προαποδοθέντας
1552 3621 1762 3712 λόγους,

182 3709 282 3763 ἔδει
322 3710 392 3781 δὴ
427 3712 644 3778 πάντως
694 3721 791 3769 καὶ
827 3719 1009 3773 τόπων
1060 3724 1255 3793 αὐτὸν,
1310 3728 1511 3798 μᾶλλον
1552 3709 1775 3789 δέἰάτιάο

185 3816 281 3869 σης
312 3800 421 3869 τῆς
456 3803 680 3857 ἐκείνων
732 3808 1139 3866 ἀπανίστασθαι
1179 3815 1384 3887 χώρας.
1445 3821 1561 3875 Ἵνα
1594 3824 1774 3878 τοίνυν

185 3892 274 3943 καὶ
334 3893 682 3985 ἀποπλεῦσαι
744 3897 917 3970 δοκῇ,
999 3905 1093 3958 καὶ
1146 3907 1239 3960 τὸν
1296 3909 1407 3962 τῶν
1456 3911 1775 3985 ἐπιζητούν-

183 3999 287 4034 των
352 3984 717 4059 ὺποχαυνὼσῃ
772 3991 924 4044 τόνον
950 4032 963 4056 ,
1029 4000 1440 4069 προαποδημεῖν
1495 3984 1772 4061 ἐπιτάττει

184 4076 291 4136 τοῖς
337 4073 641 4143 μαθηταῖς,
697 4080 962 4148 ἀπομένει
1004 4083 1061 4135 δὲ
1104 4086 1266 4151 αὐτὸς
1299 4091 1626 4164 εὐαφόρμως
1681 4099 1775 4150 ἐπὶ

183 4165 242 4216 τὸ
287 4166 421 4236 ἑξῆς
458 4171 685 4238 σημεῖον
737 4174 1073 4243 ἐρχόμενοςο
1132 4174 1201 4250 ἦν
1250 4182 1359 4253 γὰρ
1413 4185 1475 4256 δὴ
1522 4190 1613 4240 καὶ
1656 4190 1773 4243 λίαν

181 4256 623 4350 ἐσπουδασμένον
646 4261 867 4332 αὑτῷτὸ
889 4265 975 4317 διὰ
1001 4268 1181 4338 πάσης
1202 4271 1455 4344 ἀφορμῆς
1492 4279 1585 4330 καὶ
1608 4281 1755 4350 πράγ

186 4365 353 4417 ματος
402 4349 658 4418 βεϐαιοῦν
703 4356 783 4417 εἰς
824 4357 1008 4410 πίστιν
1035 4358 1136 4430 τὴν
1176 4364 1262 4432 ἐφ’
1296 4367 1473 4437 ἐαυτῷ
1504 4370 1614 4423 τῶν
1640 4349 1774 4425 ἀπο-

184 4441 512 4537 στόλωνμτὸν
556 4445 705 4537 νοῦν.
770 4448 987 4520 Ἐπειδὴ
1022 4454 1131 4524 γάρ
1175 4454 1401 4525 ἔμελλον
1427 4462 1644 4518 ἔσεσθαι
1673 4466 1772 4537 τῆς

183 4533 511 4654 ἵῗῗῗέξῒῗνῖἓξ
540 4536 890 4654 Ξῖδῗῗῗαλοιν
932 4546 1031 4654 καὶ
1072 4544 1455 4654 impiis":
1487 4533 1771 4627 φωστῆρές
1804 4598 1846 4654 o

183 4624 511 4694 διαλάμψειν
539 4628 598 4679 ἐν
629 4629 821 4701 κόσμῳ
840 4673 856 4697 ,
892 4635 1034 4688 κατά
1059 4636 1159 4707 τὴν
1192 4638 1285 4692 τοῦ
1317 4641 1531 4697 Παύλου
1563 4624 1769 4717 φωνήν,

184 4718 488 4784 ἀναγκαίαν
528 4721 710 4783 αὐτοῖς
744 4722 842 4792 τὴν
882 4725 967 4789 ἐφ’
999 4727 1171 4781 ἅπασι
1198 4733 1311 4794 τοίς
1341 4731 1573 4803 ὠφελεῖν
1593 4756 1769 4807 πεφυ-

185 4807 333 4859 κόσιν
367 4810 607 4861 ἐποιείτο
635 4814 1024 4881 χειραγωγίαν.
1067 4816 1237 4871 Τουτο
1262 4822 1373 4893 γὰρ
1402 4819 1471 4894 ἦν
1499 4843 1597 4897 ουχ
1623 4829 1770 4893 ὅπως

186 4898 412 4959 ἐκείνοις
437 4898 758 4969 χαρίζεσθαι
790 4903 992 4971 μόνοις,
1016 4906 1153 4961 ἀλλὰ
1172 4911 1266 4963 καὶ
1293 4916 1407 4977 τοῖς
1435 4919 1564 4987 παρ’
1591 4920 1770 4975 αὐτῶν

187 4988 772 5059 παιδαγωγηθήσεσθαι
825 4994 1110 5064 μέλλουσιν
1186 5002 1265 5065 εἰς
1329 5005 1427 5075 τὴν
1473 5009 1561 5062 ἐπ’
1620 5012 1769 5075 αὑτῷ

185 5079 493 5150 κατάληψιν
510 5081 741 5153 ἀπλανῆ.
787 5086 945 5141 Ἀλλά
977 5089 1073 5143 τοῦ
1105 5092 1171 5163 δὴ
1205 5064 1396 5165 χάριν,
1424 5100 1541 5170 ἐρεῖ
1568 5119 1651 5166 τις
1674 5064 1767 5156 τυ.-

185 5170 307 5237 χὸν,
373 5170 518 5239 μετά
558 5172 657 5242 τὴν
698 5174 786 5226 ἐπ’
811 5177 1005 5249 ἐκείνῳ
1052 5184 1452 5256 μεγαλουργίαν
1496 5192 1674 5257 εὐθὺς,
1710 5196 1768 5248 τὸ

184 5258 438 5313 δύνασθαι
489 5261 584 5313 καὶ
616 5264 696 5314 ἐπ’
741 5266 913 5336 αὐτῆς
959 5269 1096 5322 ἰέναι
1126 5271 1402 5345 θαλάσσης
1431 5279 1523 5330 τὸν
1576 5282 1767 5350 ἰησουν

187 5352 527 5421 εἰσφέρεταις
552 5354 793 5426 Πιθανὴν
818 5358 876 5409 δὲ
910 5362 1113 5433 σφόδρα
1142 5365 1242 5434 τὴν
1266 5368 1448 5421 αἰτίαν
1473 5371 1501 5422 ό
1525 5388 1585 5423 το
1609 5372 1766 5438 οὗτος

187 5441 603 5497 ἀντακούσεται.
663 5445 879 5517 Ἐπειδὴ
932 5450 1044 5522 γὰρ
1087 5454 1213 5517 τοὺς
1249 5456 1348 5524 μὲν
1377 5458 1564 5528 ὄχλους
1604 5465 1766 5527 αὐτὸς

188 5535 516 5604 αποτρέφειν
545 5536 825 5603 ἐϐούλετο,
874 5541 1154 5610 ἀτονήσειν
1183 5545 1239 5597 δέ
1276 5563 1392 5611 πως
1432 5550 1607 5619 αὑτὸν,
1636 5558 1763 5625 περί

190 5626 340 5681 τοῦτο
368 5628 637 5691 Φίλιππός
666 5646 724 5681 τε
753 5631 847 5684 καί
882 5633 1132 5704 Ἀνδρέας
1162 5636 1454 5705 ὑπέλαϐον,
1486 5644 1515 5695 ό
1550 5645 1646 5713 μὲν
1670 5648 1768 5715 dip-

258 5812 301 5843 "
328 5807 476 5865 Psal.
511 5824 679 5877 xuii,
720 5812 771 5867 5.
867 5811 909 5844 ³⁸
936 5810 1081 5869 Psal.
1125 5828 1357 5885 uuln,
1388 5816 1443 5873 8.

1874 3380 1996 3420 cum
2043 3369 2383 3434 quaereretur
2433 3363 2487 3417 in
2541 3375 2725 3431 regem
2777 3360 2846 3415 ab
2881 3359 2951 3415 iis
2984 3360 3080 3429 qui
3123 3373 3326 3431 magno
3369 3360 3464 3415 illo

1876 3456 2146 3510 miraculo
2180 3454 2397 3509 attoniti
2434 3462 2614 3517 erant,
2652 3451 2772 3519 ipse
2810 3465 2940 3506 vero
2973 3449 3165 3504 mundi
3197 3450 3458 3518 honores,

1876 3554 1937 3601 ut
1982 3547 2137 3617 prius
2170 3544 2542 3609 ostendimus,
2568 3552 2853 3599 recusaret
2886 3560 2898 3596 :
2925 3542 3236 3596 abeundum
3274 3541 3465 3611 utique

1878 3640 1982 3693 fuit
2004 3655 2068 3693 ex
2102 3638 2237 3693 locis
2261 3638 2407 3701 istis,
2433 3637 2543 3691 imo
2567 3649 2782 3689 veroex
2816 3636 2967 3689 omni
2990 3634 3208 3689 illorum
3238 3633 3464 3703 regione

1875 3729 2292 3786 discedendum.
2346 3728 2418 3784 Ut
2478 3742 2611 3796 ergo
2676 3726 3006 3781 discessisse
3062 3724 3364 3791 videretur,
3408 3734 3461 3780 et

1875 3819 2241 3892 quaerentium
2290 3819 2567 3875 emolliret
2622 3818 3045 3881 vehementiam,
3105 3815 3261 3885 jubet
3293 3814 3463 3871 disci-

1876 3916 2036 3984 pulos
2093 3914 2248 3984 prius
2314 3911 2637 3976 discedere,
2687 3912 2809 3980 ipse
2860 3923 2989 3964 vero
3034 3916 3331 3974 remanet,
3391 3906 3460 3963 ad

1876 4007 2094 4075 signum
2136 4003 2287 4059 aliud
2335 4003 2598 4071 deinceps
2629 4000 2904 4057 edendum
2949 4008 3257 4070 opportune
3286 4014 3345 4054 se
3370 4011 3461 4053 ae-

1875 4097 2102 4168 ciugens
2134 4115 2145 4149 :
2179 4096 2318 4150 nihil
2345 4095 2490 4151 enim
2532 4094 2580 4150 ei
2612 4095 2764 4163 prius
2786 4100 2904 4148 erat
2955 4107 3120 4160 quam
3165 4098 3224 4144 ut
3265 4089 3461 4162 quavis

1875 4206 1940 4245 es
1974 4206 2031 4243 re
2062 4202 2118 4243 et
2153 4188 2445 4243 occasione
2480 4195 2717 4241 mentem
2752 4186 3127 4255 apostolorum
3178 4183 3245 4237 ad
3297 4181 3457 4237 [idem

1876 4284 2137 4337 ﬁrmaret.
2168 4280 2304 4335 Nam
2352 4295 2478 4335 cum
2511 4277 2663 4335 orbis
2697 4280 2951 4332 doctores
3002 4290 3125 4331 esse
3176 4274 3457 4340 deberent,

1876 4381 1929 4427 et
1978 4372 2138 4442 quasi
2188 4370 2482 4425 luminaria
2522 4368 2791 4439 quaedam,
2826 4368 2984 4437 juxta
3032 4364 3185 4421 Pauli
3235 4373 3457 4421 senten-

1875 4466 2030 4525 tiam,
2060 4464 2267 4518 mundo
2298 4461 2645 4533 praefulgere,
2670 4460 2986 4516 necessario
3018 4459 3167 4528 ipsos
3202 4457 3268 4512 ad
3301 4456 3459 4512 utilia

1876 4570 2107 4625 quaeque
2139 4569 2302 4608 manu
2349 4553 2605 4608 ducebat.
2641 4550 2756 4605 Hoc
2784 4551 2928 4605 enim
2961 4560 3080 4605 erat
3105 4563 3216 4603 non
3248 4557 3457 4602 tantum

1875 4645 1943 4699 de
1978 4645 2085 4698 illis
2120 4644 2258 4698 bene
2292 4644 2512 4705 mereri,
2540 4641 2633 4697 sed
2670 4652 2725 4696 et
2757 4642 2825 4696 de
2849 4640 2972 4696 aliis
3002 4641 3096 4709 qui
3130 4639 3199 4693 ab
3233 4638 3367 4708 ipsis
3400 4639 3457 4693 in

1874 4738 1995 4805 ejus
2048 4744 2199 4791 certa
2254 4736 2569 4805 cognitione
2617 4733 2922 4788 instruendi
2972 4731 3289 4787 veniebant.
3351 4729 3457 4787 Sed

1873 4844 2035 4898 quam
2079 4829 2151 4882 ob
2181 4826 2651 4895 causam,inquiet
2683 4824 2872 4880 forsan
2908 4823 3133 4893 aliquis,
3167 4831 3291 4893 post
3323 4822 3459 4877 illud

1875 4917 2225 4981 miraculum,
2268 4915 2454 4968 statim
2512 4913 2777 4982 probatur
2808 4926 2967 4981 posse
3010 4923 3230 4979 quoque
3267 4906 3455 4964 Jesuin

1873 5023 2037 5077 supra
2087 5022 2239 5063 mare
2290 5006 2456 5076 290
2504 5004 2797 5060 incedere?
2835 5002 2906 5056 At
2942 5002 3108 5071 hujus
3148 5000 3225 5055 rei
3256 5000 3455 5055 verisi-

1874 5097 2155 5151 millimam
2191 5111 2415 5151 causam
2455 5094 2707 5164 quisquis
2740 5092 2834 5148 ille
2878 5099 2965 5146 est
3015 5091 3224 5145 audiet.
3254 5088 3457 5159 Nempe

1875 5190 2019 5258 quod
2046 5203 2169 5243 cum
2205 5190 2395 5244 turbas
2423 5188 2570 5242 alere
2609 5188 2726 5257 ipse
2755 5185 2940 5249 vellet,
2964 5183 3249 5253 Philippus
3273 5190 3457 5238 autem

1873 5291 1928 5339 et
1960 5282 2210 5337 Andreas
2238 5282 2292 5337 id
2328 5283 2399 5335 ab
2434 5295 2553 5351 ipso
2592 5278 2706 5332 ﬁeri
2746 5293 2854 5331 non
2896 5291 3058 5345 posse
3093 5273 3455 5345 suspicaren-

1872 5381 1982 5438 tur,
2012 5383 2066 5429 et
2092 5374 2184 5429 ille
2212 5374 2435 5443 quidem
2470 5372 2677 5426 diceret
2721 5368 2983 5439 grandem
3015 5368 3266 5438 pecunia:
3306 5379 3457 5421 sum-

1872 5481 2013 5519 mam
2068 5466 2157 5519 vix
2207 5466 2288 5521 eis
2342 5464 2719 5525 sull'ecturam,
2766 5460 2855 5515 hic
2908 5467 3159 5514 moneret
3206 5456 3456 5526 quinque

1871 5574 2041 5629 panes
2088 5567 2144 5614 et
2177 5559 2472 5629 pisciculos
2505 5558 2645 5611 duos
2682 5570 2852 5626 penes
2883 5568 3052 5609 unum
3092 5564 3326 5622 puerum
3365 5563 3455 5604 re—

1874 5652 2237 5722 pertos,nihil
2269 5659 2449 5705 tamen
2484 5652 2537 5704 in
2569 5656 2648 5703 tot
2682 5648 2929 5701 homines
2952 5642 3097 5700 istud
3112 5641 3457 5709 esse,omni-
