4206 6510
756 425 860 482 467

1788 421 1843 479 S.
1885 420 2158 485 CYﬂlLLI
2191 421 2667 493 ALEXANDRINI
2705 418 3027 477 ARCHIEP.

3900 420 3993 484 468

759 551 969 617 busque
991 545 1109 601 suis
1137 544 1480 601 sermonibus
1506 544 1640 598 nihil
1668 554 1865 614 praeter
1890 556 2099 601 natura:
2136 556 2315 602 nostra

2439 546 2644 617 γυρίων
2677 544 2777 597 οὐκ
2812 544 3097 613 ἐλάχιστον
3128 538 3359 612 ἀριθμὸν
3400 537 3556 610 μόλις
3583 538 3766 604 αὐτοῖς
3797 538 3993 612 ἐξαρκέ-

754 638 1003 691 ordincm
1037 649 1196 705 posse
1222 635 1398 704 ipsum
1428 644 1715 705 putarent:
1749 645 1807 690 ut
1837 638 2153 691 illiberalem
2190 638 2334 692 hanc

756 743 785 781 ,ι
808 744 867 783 se
891 729 1205 797 opinionem
1230 734 1554 793 removeret,
1581 736 1634 781 et
1658 728 1925 783 labantem
1957 730 2330 798 apostolorum

756 828 990 875 mentem
1022 819 1243 874 doceret
1284 835 1467 874 rerum
1504 828 1700 873 natura
1742 835 1852 874 non
1898 821 2171 890 prohiberi
2201 835 2333 889 quo-

755 913 940 966 minus
974 926 1316 981 qumcunque
1354 913 1482 966 velit
1515 912 1844 967 mirabiliter
1884 910 2068 974 faciat,
2106 926 2174 966 ne
2210 911 2331 980 ipso

753 1002 972 1072 quidem
1006 1003 1360 1058 necessitatis
1392 1004 1589 1058 ordine
1621 1004 1705 1059 vel
1752 1004 1943 1057 leviter
1973 1001 2327 1073 impediente,

752 1095 985 1164 pedibus
1015 1099 1132 1151 suis
1163 1095 1438 1150 humidam
1473 1111 1736 1166 aquarum
1767 1104 2024 1151 naturam
2070 1095 2327 1165 subjecit,

750 1202 877 1241 cum
940 1188 1193 1242 humanis
1231 1189 1557 1255 corporibus
1613 1202 1723 1243 non
1779 1188 1955 1258 possit
2004 1187 2328 1242 naturaliter

753 1275 1232 1331 subesscmmnia
1281 1277 1486 1346 quippe
1540 1286 1689 1341 sunt,
1735 1287 1796 1331 ut
1853 1276 1985 1340 Deo,
2022 1276 2326 1346 possibilia.

755 1365 825 1419 Ut
853 1382 983 1436 ergo
1027 1383 1209 1421 serum
1245 1367 1351 1422 diei
1389 1366 1591 1422 factum
1630 1376 1733 1433 est,
1762 1376 1816 1423 et
1849 1367 2208 1438 quaerentium
2244 1368 2328 1422 di-

752 1457 1031 1526 ligentiam
1079 1474 1189 1512 nox
1225 1459 1468 1525 resolvit,
1501 1460 1786 1515 descendit
1815 1460 2038 1528 quidem
2071 1459 2137 1513 ad
2179 1474 2328 1513 mare

750 1558 1072 1604 sanctorum
1130 1553 1527 1620 discipulorum
1588 1552 1813 1606 chorus.
1862 1550 2059 1605 Statim
2129 1552 2327 1621 quippe

751 1640 883 1694 illud
942 1650 1231 1696 tranarunt
1266 1642 1377 1697 Deo
1411 1658 1475 1697 ac
1527 1644 1796 1714 magistro
1855 1643 1908 1697 in
1967 1644 2224 1699 omnibus
2275 1652 2327 1696 et

748 1732 869 1787 sine
905 1748 1053 1786 mora
1083 1744 1360 1802 parentes.

2442 655 2555 691 σειν
2587 639 2667 701 είς
2698 636 2885 706 ὀλίγην
2919 634 3114 705 κομιδῆ
3149 634 3247 705 τὴν
3270 632 3569 686 ἀπόλαυσιν
3606 632 3870 703 εἰρηκὼς,
3895 635 3920 687 ό
3945 632 3993 687 δε

2440 730 2599 783 πέντε
2628 727 2727 800 μὲν
2748 729 2967 799 ἄρτους,
2985 728 3081 781 καὶ
3098 725 3299 796 ὀψάρια
3314 722 3408 778 δύο
3421 726 3549 794 παρ’
3572 726 3652 777 ἑνὶ
3672 724 3780 777 τῶν
3798 725 3993 778 παιδίων

2437 820 2707 892 ηὑρῆσθαι
2750 819 3047 882 διδάσκων,
3096 819 3170 889 μὴ
3203 818 3310 889 μὴν
3350 812 3488 870 εἶναί
3516 834 3569 869 τι
3609 817 3672 871 τὸ
3714 818 3994 889 ηὑρημένον

2437 916 2516 976 εἰς
2562 913 2717 983 ὄχλον
2762 911 2905 965 οὕτω
2948 910 3149 977 πολὺν,
3194 910 3287 963 καὶ
3332 909 3440 963 ἀπὸ
3484 908 3736 975 πάντων,
3773 911 3995 974 ὡςκέπος

2435 1006 2631 1072 εἰπεῖν,
2655 1005 2764 1059 τῶν
2791 1004 3007 1058 οἰκείων
3032 1003 3298 1074 ῥημάτων
3322 1005 3491 1075 μηδὲν
3512 1004 3616 1071 ἔξω
3640 1003 3891 1057 δύνασθαι
3914 1004 3996 1074 τῆς

2436 1097 2885 1169 χρεωστουμένης
2915 1095 3239 1163 ἀκολουθίας
3272 1099 3385 1161 τοῖς
3421 1096 3542 1151 καθ’
3583 1099 3732 1167 ἡμᾶς
3759 1098 3997 1167 πράγμα-

2436 1206 2521 1243 σιν
2545 1190 2805 1260 ἐνόμισαν
2827 1189 3016 1254 αὐτδν,
3041 1190 3377 1258 ἀναγκαίως,
3405 1190 3492 1243 ἵνα
3513 1189 3612 1259 τῆς
3631 1189 3773 1241 οὕτω
3790 1206 3997 1259 σμικρο-

2436 1284 2684 1356 πρεποῦς
2707 1282 3030 1354 ὑπολήψεως
3052 1284 3247 1338 ἑαυτὸν
3268 1282 3553 1355 ἀπαλλάξῃ
3572 1326 3587 1347 ,
3615 1284 3709 1336 καὶ
3726 1282 4001 1336 ἀτονοῦντά

2435 1394 2552 1439 πως
2571 1375 2650 1429 ἔτι
2666 1374 2772 1428 τῶν
2789 1375 3105 1429 ἀποστόλων
3117 1376 3209 1429 τὸν
3226 1376 3350 1430 νοῦν
3364 1378 3632 1447 ἀναπείθη
3647 1377 3896 1431 δύνασθαι
3916 1396 4001 1448 μα·

2436 1466 2569 1532 θεῖν,
2593 1468 2674 1519 ὅτι
2703 1466 2881 1520 πάντα
2906 1466 3226 1537 παραδόξως
3249 1468 3393 1538 άπερ
3418 1468 3484 1521 ἀν
3505 1468 3759 1538 ἐθελήσαι
3783 1472 3918 1522 ποιεῖ
3940 1474 3999 1539 τῇ

2434 1558 2541 1610 τῶν
2559 1559 2902 1628 πραγμάτιον
2925 1558 3082 1626 φύσει
3109 1558 3183 1629 μὴ
3203 1559 3568 1630 κωλυόμενος,
3586 1561 3725 1631 μήτε
3751 1561 3853 1632 μὴν
3875 1562 4003 1615 κατά

2412 1664 2485 1703 ,τι
2507 1646 2637 1713 γοῦν
2661 1645 2795 1708 ὅλως
2818 1646 3299 1717 παραποδιζούσης
3321 1647 3470 1717 αὐτῷ
3490 1650 3587 1718 τῆς
3607 1648 3683 1711 ὠς
3703 1648 3763 1712 ἐξ
3777 1651 4004 1720 ἀνάγκης

2435 1736 2785 1800 ἀκολουθίας,
2812 1737 2916 1789 ὑπὸ
2954 1737 3120 1800 πόδας
3151 1738 3317 1792 ἐτίθει
3344 1741 3470 1802 τοὺς
3498 1740 3693 1794 ἑαυτοῦ
3717 1742 3813 1811 τὴν
3842 1742 4004 1812 ὑγρὰν

746 1822 855 1875 τῶν
886 1824 1095 1876 ὑδάτων
1126 1824 1289 1892 φύσιν
1310 1866 1325 1889 ,
1357 1825 1534 1879 καίτοι
1565 1828 1678 1888 τοῖς
1718 1824 2083 1896 ἀνθρωπίνοις
2123 1823 2372 1895 σώμασιν
2411 1823 2851 1898 ὕποκεῖσθαι[οὐ]
2879 1824 3254 1895 μελετήσασαν
3274 1840 3287 1854 °
3325 1827 3502 1879 πάντα
3525 1827 3635 1898 γὰρ
3664 1823 3732 1899 ἦν
3762 1830 3833 1892 ὡς
3900 1829 4006 1901 Θεῷ

745 1915 967 1969 δυνατά.
1014 1917 1203 1985 Ὀψίας
1256 1918 1543 1987 τοιγαροῦν
1590 1918 1689 1987 ῆδη
1748 1918 2150 1989 γεγενημένης,
2204 1918 2298 1971 καὶ
2365 1916 2476 1970 τῶν
2512 1917 2818 1987 ζητούντων
2861 1915 3023 1969 αὑτὸν
3051 1915 3149 1986 τὴν
3192 1915 3482 1987 ἀκρίϐειαν
3527 1917 3894 1987 παραλύοντος
3916 1921 4005 1973 τοῦ

745 2008 970 2079 καιροῦ,
1011 2010 1327 2062 καταϐαίνει
1382 2010 1481 2080 μὲν
1526 2012 1617 2063 ἐπὶ
1648 2010 1923 2066 θάλασσαν
1954 2012 2065 2066 τῶν
2135 2013 2306 2081 ἀγίων
2372 2011 2629 2084 μαθητῶν
2662 2013 2691 2064 ό
2734 2009 2914 2082 χορός.
2969 2008 3228 2062 Ἀπέπλει
3269 2008 3378 2083 γὰρ
3406 2013 3751 2083 παραχρῆμα
3785 2011 3861 2084 τῷ
3896 2013 4007 2085 Θεῷ

745 2100 840 2153 καὶ
879 2100 1183 2173 διδασκάλῳ
1214 2106 1409 2162 πάντα,
1440 2104 1531 2157 καὶ
1562 2103 1795 2176 ἀμελητὶ
1826 2105 2167 2176 πειθόμενος.

818 2193 907 2259 VI,
944 2196 1135 2259 17,18.
1171 2196 1238 2251 Et
1288 2199 1509 2253 tenclme
1542 2199 1661 2267 jam
1709 2200 1866 2268 factm
1920 2210 2071 2255 erant
2100 2212 2184 2255 :et
2223 2217 2315 2254 non

2441 2194 2450 2202 ’
2498 2198 2608 2254 Kal
2640 2198 2854 2253 σκοτία
2892 2197 3011 2267 ἤδη
3056 2197 3350 2268 ἐγεγόνει,
3395 2195 3494 2249 καὶ
3525 2197 3690 2250 οὔπω
3734 2197 4007 2264 ἐληλύθει

742 2300 952 2342 verterat
981 2290 1050 2342 ad
1077 2307 1164 2345 eos
1185 2289 1365 2345 Jesus.
1393 2292 1542 2346 Mare
1564 2303 1741 2348 autem
1767 2303 1917 2348 vento
1941 2312 2127 2364 magno
2157 2296 2319 2364 ﬂante

743 2380 982 2450 urgebat.

816 2473 981 2527 Multa
1008 2489 1118 2527 uno
1147 2476 1449 2546 eodemque
1484 2486 1725 2548 tempore
1755 2481 2171 2535 constituuntur
2206 2482 2314 2534 nti-

745 2564 888 2631 liter,
922 2575 976 2619 et
1017 2581 1199 2621 rerum
1240 2578 1471 2624 eventus
1518 2571 1822 2640 discipulos
1862 2572 1928 2625 ad
1975 2572 2315 2627 Salvatorem

742 2657 955 2726 majore
981 2660 1167 2714 studio
1190 2662 1542 2731 quaerendum
1574 2666 1823 2736 adigunt.
1847 2665 2092 2722 Turbant
2118 2667 2319 2735 quippe

741 2748 1031 2814 profunda:
1082 2752 1261 2807 noctis
1297 2754 1559 2820 tenebrae,
1592 2770 1713 2823 quae
1767 2755 1902 2811 fumi
1950 2758 2127 2811 instar
2159 2756 2318 2825 aquis

741 2840 1017 2906 innatant,
1054 2851 1109 2897 et
1163 2860 1229 2899 ne
1261 2854 1443 2915 pateat
1483 2863 1591 2916 quo
1623 2864 1822 2905 cursus
1876 2848 2198 2921 dirigendus
2246 2850 2318 2904 sit

741 2933 1067 3002 impediunt.
1097 2935 1208 2993 Nec
1248 2940 1433 2996 minus
1472 2942 1656 2996 turbat
1683 2952 1969 2998 ventorum
2003 2946 2087 2999 vis
2117 2959 2315 3014 magno

740 3026 977 3082 stridore
1033 3027 1292 3087 ﬂuctibus
1350 3032 1636 3104 ingruens,
1691 3045 1746 3091 et
1800 3038 1855 3091 in
1910 3037 2080 3091 altum
2138 3036 2313 3092 undas

736 3126 942 3186 praeter
976 3136 1182 3176 morem
1217 3124 1454 3194 erigens.
1485 3124 1588 3182 Sed
1635 3130 1841 3183 interea
1875 3128 2036 3183 Jesns
2072 3131 2310 3183 nondum

738 3206 807 3261 ad
853 3224 948 3264 eos
1002 3221 1273 3266 venerat:
1308 3215 1361 3268 in
1416 3215 1521 3276 hoc
1560 3217 1705 3271 enim
1757 3227 1875 3272 erat
1902 3210 2227 3288 periculum,
2262 3228 2316 3274 et

737 3300 903 3354 timor
934 3300 1061 3356 inde
1092 3306 1415 3374 augebatur,
1463 3308 1608 3376 quod
1639 3308 1893 3364 Christus
1925 3311 2317 3380 navigantibus

739 3407 847 3445 non
890 3396 1130 3450 adesset.
1164 3396 1337 3467 Igitur
1373 3414 1600 3455 necesse
1636 3411 1720 3457 est
1755 3411 2079 3472 tempestate
2112 3406 2315 3475 jactari

736 3500 832 3541 eos
883 3490 975 3555 qui
1025 3505 1131 3544 non
1166 3500 1295 3545 sunt
1339 3508 1463 3548 cum
1494 3495 1633 3561 ipso,
1681 3497 1775 3551 sed
1817 3498 1910 3566 qui
1960 3500 2153 3554 resecti
2186 3508 2327 3553 sunt

2429 2292 2579 2359 πρὸς
2625 2290 2847 2356 αὐτοὺς
2884 2293 2916 2343 ό
2961 2289 3207 2357 Ἰησοῦς.
3259 2290 3330 2344 Ἦ
3360 2306 3423 2343 τε
3462 2288 3747 2344 θάλασσα
3791 2290 4007 2359 ἀνέμου

2423 2382 2695 2453 μεγάλου
2726 2382 3019 2447 πνέοντος
3042 2381 3389 2450 διηγείρετο.

2501 2471 2681 2525 Πολλὰ
2712 2470 2852 2524 κατά
2898 2470 3090 2523 ταυτὸν
3129 2471 3492 2540 οἰκονομεῖται
3536 2471 3823 2541 χρησίμως
3847 2512 3862 2533 ,
3919 2472 4009 2523 καὶ

2429 2560 2741 2615 συνελαύνει
2768 2562 2893 2622 τοὺς
2927 2561 3174 2631 μαθητὰς
3212 2563 3291 2624 είς
3326 2560 3667 2633 θερμοτέραν
3696 2563 3790 2616 τοῦ
3820 2565 4004 2633 Σωτῆ-

2426 2672 2519 2725 ρος
2556 2653 2652 2724 τὴν
2698 2652 3019 2723 ἐπιζήτησιν
3063 2652 3129 2704 τὰ
3177 2651 3563 2721 συμϐαίνοντα.
3620 2654 3859 2725 Θορυῦεῖ
3907 2656 4005 2725 μὲν

2422 2747 2529 2818 γὰρ
2555 2746 2722 2817 βαθὺς
2744 2745 2818 2798 ῶν
2847 2745 2947 2814 τῆς
2965 2744 3156 2807 νυκτὸς
3179 2747 3207 2797 ό
3234 2745 3441 2815 σκότος,
3466 2748 3559 2799 καὶ
3590 2749 3700 2811 τοῖς
3725 2748 3825 2815 μὲν
3858 2747 4010 2802 ὕδασι

2424 2838 2767 2910 μαινομένοις
2809 2836 3014 2890 καπνοῦ
3042 2836 3198 2906 δίκην
3232 2838 3646 2907 ὲπινηχόμενος,
3671 2841 3768 2910 τὴν
3801 2841 3860 2893 δὲ
3889 2843 4009 2893 ὅποι

2421 2932 2606 2985 λοιπὸν
2637 2929 3033 2985 ἀπευθύνεσθαι
3061 2930 3198 2999 χρῆν
3232 2930 3634 3000 ἀφαιρούμενος
3654 2931 3882 3000 γνῶσιν.
3904 2935 4012 2987 Ἐκ-

2421 3024 2679 3094 ταράττει
2728 3022 2783 3075 δὲ
2827 3021 2889 3073 οὑ
2938 3019 3148 3091 μικρῶς
3194 3020 3288 3072 καὶ¹
3341 3022 3667 3091 πνευμάτων
3711 3024 4007 3094 ἀγριότης,

2424 3112 2669 3183 ῥοιζηδὸν
2696 3114 2806 3175 τοῖς
2834 3111 3071 3181 κύμασιν
3103 3110 3540 3180 ἐπεμϐαίνουσα,
3588 3114 3682 3166 καὶ
3711 3115 3853 3184 πρὸς
3884 3114 4012 3186 ὕψος

2421 3205 2521 3274 ἤδη
2548 3205 2607 3257 τὸ
2638 3203 2907 3275 ἀσύνηθες
2944 3201 3271 3257 διανιστῶσα
3300 3204 3391 3256 τὸν
3417 3205 3684 3259 κλύδωνα.
3718 3208 3893 3261 Ἀλλὰ
3923 3210 4014 3262 καὶ

2416 3294 2622 3348 τούτων
2652 3294 2752 3365 ήδη
2776 3295 3178 3364 γεγενημένων,
3205 3295 3356 3350 οῦπω
3386 3295 3635 3361 ἐληλύθει
3654 3298 3792 3366 πρὸς
3814 3301 4015 3363 αὐτοὺς

2416 3388 2444 3440 ὁ
2486 3385 2693 3457 Ἰησοῦς
2714 3404 2727 3417 ·
2770 3388 2827 3439 ὲν
2864 3386 3039 3457 τούτῳ
3068 3387 3176 3456 γὰρ
3207 3383 3275 3458 ἦν
3306 3387 3539 3457 μάλιστα
3566 3389 3625 3441 τὸ
3653 3390 4012 3461 κινδύνευμα,

2419 3481 2512 3535 καὶ
2537 3480 2596 3533 τὸ
2624 3478 2715 3532 τοῦ
2753 3479 2918 3548 φόϐου
2946 3479 3108 3533 πλέον
3144 3482 3203 3532 τὸ
3238 3482 3311 3551 μὴ
3350 3482 3600 3551 παρεῖναι
3626 3483 3871 3552 Χριστὸν
3906 3489 4018 3546 τοῖς

735 3578 1162 3646 quodammodo,
1203 3591 1296 3637 aut
1351 3585 1443 3654 qui
1489 3585 1560 3640 ab
1606 3602 1671 3642 eo
1723 3550 2006 3645 discjedere
2061 3591 2315 3646 videntur

2423 3572 2677 3626 πλέουσιν
2719 3573 3083 3643 ἐνειργάζετο.
3130 3550 3338 3626 υύκοῦν
3389 3550 3602 3643 ἀνάγκη
3650 3575 4018 3644 χειμάζεσθαι

736 3670 1047 3724 divinarum
1078 3674 1239 3743 291
1288 3676 1466 3746 legum
1518 3686 1856 3747 contemptu,
1886 3689 1939 3734 et
1989 3697 2085 3750 per
2116 3699 2311 3752 pecca-

735 3768 875 3824 tum,
909 3762 977 3815 ab
1024 3780 1090 3818 eo
1140 3767 1235 3835 qui
1289 3768 1501 3822 salvare
1543 3778 1741 3837 potest,
1780 3784 2123 3841 separantur.
2165 3774 2311 3841 Qua—

736 3866 961 3922 pr0pler
991 3856 1036 3909 si
1074 3872 1240 3925 grave
1285 3851 1364 3911 sit
1412 3858 1465 3912 in
1498 3861 1839 3928 spiritalibus
1897 3866 2140 3920 tenebris
2192 3883 2312 3920 ver-

734 3946 870 4009 sari,
905 3954 960 4001 et
1011 3949 1056 4002 si
1105 3950 1392 4004 molestum
1426 3962 1511 4012 est
1549 3952 1602 4006 in
1668 3955 1928 4009 acerbum
1968 3958 2309 4027 voluptatum

733 4051 886 4091 mare
924 4038 1188 4110 demergi,
1234 4043 1601 4112 suscipiamus
1658 4043 1961 4102 Jesum:id
2015 4050 2159 4104 enim
2209 4066 2311 4106 nos

731 4142 855 4181 cum
889 4144 917 4180 a
950 4131 1232 4198 periculis,
1271 4140 1385 4187 tum
1419 4150 1447 4186 a
1489 4144 1717 4205 peccato
1747 4139 2028 4195 mortifero
2060 4143 2310 4197 vindiea~

730 4217 829 4272 bit.
883 4218 1078 4285 Figura
1128 4231 1310 4278 autem
1362 4240 1555 4278 eorum
1612 4241 1733 4296 quae
1782 4229 1928 4283 dicta
1969 4242 2096 4285 sunt
2144 4233 2196 4286 in
2240 4233 2308 4289 iis

733 4322 855 4375 qua:
897 4307 985 4362 hic
1026 4309 1347 4367 acciderunt
1392 4315 1679 4383 apparebit
1708 4335 1721 4371 :
1749 4332 1874 4373 nam
1905 4321 2085 4377 veniet
2120 4322 2310 4393 utique

731 4395 798 4450 ad
826 4395 1149 4467 discipulos.

808 4571 894 4636 VI,
930 4573 1118 4638 19,20.
1183 4574 1315 4631 Cum
1363 4580 1705 4649 remigassent
1750 4597 1873 4649 ergo
1926 4584 2082 4652 quasi
2136 4583 2314 4637 stadia

729 4664 1165 4737 vigintiquinque
1200 4678 1292 4721 aut
1330 4670 1571 4740 triginta,
1601 4671 1777 4725 vident
1815 4674 1999 4727 Iesum
2033 4674 2306 4728 ambulan-

731 4770 828 4811 tem
874 4773 1039 4823 supra
1083 4775 1249 4822 mare,
1282 4770 1330 4813 et
1376 4762 1678 4828 proximum
1724 4764 1844 4817 navi
1876 4764 2015 4831 ﬁeri,
2040 4774 2088 4817 et
2127 4767 2309 4818 timue~

2427 3664 2555 3726 τοὺς
2593 3664 2667 3734 μὴ
2716 3663 2971 3725 συνόντας
3007 3663 3184 3732 αὐτῷ,
3227 3663 3683 3733 διατεμνομένους
3710 3667 3770 3718 δέ
3807 3686 3954 3733 τ’ωἶν
3987 3670 4017 3737 ἦ

2421 3757 2514 3809 καὶ
2532 3755 2819 3819 δοκοῦντας
2840 3757 3161 3827 ἀποδημεῖν,
3177 3755 3265 3808 διὰ
3287 3755 3380 3808 τοῦ
3398 3756 3503 3807 τῶν
3525 3756 3684 3809 θείων
3707 3759 4024 3829 ἐξοίχεσθαι

2420 3849 2600 3918 νόμων
2628 3888 2643 3913 ,
2675 3850 2768 3901 καὶ
2793 3848 3192 3921 χωριζομένους
3220 3847 3307 3899 διὰ
3338 3846 3435 3918 τὴν
3466 3848 3745 3921 ἁμαρτίαν
3771 3850 3876 3903 τοῦ
3910 3852 4025 3903 δια-

2422 3940 2614 4004 σώζειν
2642 3940 2935 4010 ίσχύοντος.
2980 3940 3189 3993 Οὐκοῦν
3215 3941 3261 3992 εἰ
3294 3941 3430 4010 βαρὺ
3462 3940 3521 3992 τὸ
3553 3941 3611 3993 ἐν
3646 3942 3833 4013 σκότῳ
3864 3944 4025 4011 γενέ-

2422 4032 2544 4085 σθαι
2570 4031 2647 4102 τῷ
2671 4031 2843 4102 νοητῷ
2864 4073 2879 4095 ,
2918 4031 3010 4084 καὶ
3032 4032 3080 4083 εἰ
3104 4031 3337 4101 χαλεπὸν
3363 4032 3422 4084 τὸ
3455 4035 3512 4084 ὲν
3558 4032 3805 4103 θαλάσσῃ
3846 4036 4027 4106 mpr

2417 4122 2525 4175 τῶν
2540 4122 2739 4193 ἡδονῶν
2755 4122 3209 4190 καταπνίγεσθαι,
3227 4122 3649 4192 προσδεξώμεθα
3668 4124 3764 4177 τὸν
3780 4125 4025 4192 Ἰησοῦν·

2415 4214 2573 4267 τοῦτο
2605 4214 2713 4284 γὰρ
2739 4215 2906 4283 ἡμᾶς,
2932 4213 3028 4265 καὶ
3054 4212 3315 4266 κινδύνων
3333 4212 3654 4279 ἀπαλλάξει,
3686 4214 3783 4265 καὶ
3810 4215 3922 4284 τῆς
3948 4218 4029 4278 εις

2418 4305 2646 4359 θάνατον
2671 4305 2965 4376 ἁμαρτίας.
3003 4304 3062 4357 Ὀ
3084 4304 3142 4359 δὲ
3163 4303 3330 4366 τύπος
3352 4303 3462 4357 τῶν
3486 4305 3801 4375 εἰρημένων
3832 4308 3898 4358 ἐν
3915 4310 4030 4370 τοῖς

2417 4396 2698 4464 γεγονόσιν
2736 4396 3032 4466 ὀφθήσεται
3060 4413 3074 4426 ·
3120 4395 3241 4466 ἥξει
3267 4394 3329 4465 δὴ
3375 4390 3467 4448 οὖν
3500 4395 3718 4457 πάντως
3761 4398 3869 4449 ἐπὶ
3898 4398 4029 4459 τοὺς

2414 4488 2685 4557 μαθητάς.
3449 4547 3455 4552 .

2506 4581 2901 4647 Ἐληλακότες
2930 4576 3043 4635 οὖν
3072 4580 3152 4644 ὠς
3186 4578 3476 4645 σταδίους
3504 4578 3701 4631 εἴκοσι
3736 4580 3958 4645 πέντε,
3990 4580 4028 4645 ἢ

2410 4674 2725 4741 τριάκοντα
2748 4714 2763 4738 ,
2799 4673 3088 4741 θεωροῦσι
3120 4672 3226 4725 τὸν
3276 4671 3513 4737 Ἰησοῦν
3550 4674 4031 4738 περιπατοῦντα

2410 4766 2509 4818 ἐπὶ
2548 4764 2663 4832 τῆς
2690 4764 3041 4831 θαλάσσης,
3089 4764 3189 4817 καὶ
3215 4746 3397 4833 ἐγγὺς
3434 4764 3539 4817 τοῦ
3583 4766 3815 4818 πλοίου
3844 4768 4030 4834 τεν-ὀ-

730 4859 877 4902 runt.
945 4849 1049 4904 Ille
1076 4862 1253 4905 autem
1281 4852 1410 4906 dicit
1442 4856 1517 4908 eis
1547 4871 1565 4908 :
1594 4857 1705 4925 Ego
1736 4872 1872 4919 sum,
1906 4858 2069 4911 nolite
2101 4860 2303 4912 timere.

2418 4874 2619 4925 μενον,
2648 4856 2746 4910 καὶ
2766 4856 3172 4925 ἐφοϐήθησαν.
3209 4857 3264 4908 '0
3297 4854 3366 4909 δὲ
3391 4856 3555 4926 λέγει
3588 4857 3808 4922 αὐτοῖς
3834 4874 3849 4888 ·
3873 4858 4031 4927 Ἐγώ

2416 4950 2553 5015 εἰμι,
2582 4947 2667 5016 μὴ
2694 4947 2991 5017 φοϐεῖσθε.

2488 5041 2619 5092 Ὅτε
2647 5043 2879 5110 μακροῖς
2908 5040 3239 5109 διαστήμασι
3262 5039 3361 5109 τῆς
3390 5038 3620 5108 ἠπείρου
3648 5040 4032 5109 χωρίζοντα-ι,

2418 5133 2513 5186 καὶ
2534 5132 2805 5195 παθόντας
2836 5127 2903 5201 ἦν
2936 5132 3081 5194 εἰκὸς
3103 5129 3463 5195 διασώζεσθαι
3499 5131 3795 5201 μηδαμῶς,
3837 5133 4031 5204 μέσην

2412 5225 2522 5294 γὰρ
2552 5220 2695 5293 εἶχον
2724 5224 2823 5295 ήδη
2859 5223 2959 5294 τὴν
2989 5223 3287 5285 θάλασσαν,
3316 5224 3439 5275 τότε
3462 5222 3525 5293 δὴ
3560 5222 3706 5291 μάλα
3730 5226 4033 5294 τριπόθηο

2412 5334 2501 5380 τος
2560 5317 2745 5380 αὐτοῖς
2783 5317 3126 5384 ἐπιφαίνεται
3174 5319 3202 5369 ό
3243 5317 3502 5386 Χριστός.
3551 5312 3660 5369 Ἦν
3699 5319 3819 5388 γὰρ
3866 5318 4037 5371 οὕτω

2413 5410 2504 5461 καὶ
2558 5409 2919 5479 χαριεστάτην
2966 5410 3078 5470 τοῖς
3125 5406 3525 5460 κινδυνεύουσιν
3575 5408 3863 5461 ἐπιδοῦναι
3923 5412 4035 5481 τὴν

2415 5499 2690 5571 σωτηρίαν
2708 5539 2723 5561 ,
2758 5501 2940 5553 πᾶσαν
2974 5500 3154 5562 αὐτοῖς
3188 5498 3286 5568 τὴν
3312 5499 3402 5550 ἐπὶ
3431 5497 3492 5549 τὸ
3519 5497 3617 5567 ζῇν
3643 5498 3845 5550 ἐλπίδα
3880 5518 4037 5569 προ-

742 5067 747 5071 -
800 5030 938 5084 Cum
981 5031 1144 5102 longo
1180 5032 1469 5086 intervallo
1523 5050 1551 5086 a
1598 5038 1914 5091 continente
1944 5039 2218 5104 abessent,
2255 5050 2310 5095 et

724 5128 875 5181 nulla
924 5128 1036 5195 jam
1098 5128 1187 5180 vix
1248 5128 1447 5182 salutis
1508 5144 1634 5197 sprs
1687 5134 2305 5199 Superesset:medium

725 5222 928 5291 quippe
965 5221 1078 5290 jam
1111 5238 1261 5276 mare
1292 5224 1567 5287 tenebant,
1602 5233 1732 5278 tunc
1763 5242 1897 5282 sane
1922 5228 2304 5296 Optatissimus

723 5317 804 5370 eis
839 5316 1096 5371 Christus
1144 5325 1392 5386 apparet.
1427 5317 1752 5373 Gratissima
1789 5320 1935 5374 enim
1992 5322 2305 5390 periclitan—

726 5410 873 5462 tibus
908 5408 1089 5461 futura
1140 5417 1273 5462 tunc
1309 5410 1460 5464 salus
1514 5420 1653 5474 erat,
1695 5428 1820 5465 cum
1874 5427 2025 5481 spem
2063 5415 2143 5468 eis
2180 5415 2304 5469 vitae

719 5502 831 5567 jam
876 5499 1091 5554 omnem
1135 5513 1313 5556 metus
1349 5504 1689 5558 abstulisset.
1726 5506 1965 5573 Apparet
1999 5514 2181 5561 autem
2223 5508 2303 5561 eis

722 5601 924 5659 praeter
972 5595 1437 5660 exspectationem
1473 5614 1485 5648 :
1518 5595 1619 5649 hoc
1668 5598 1813 5649 enim
1865 5597 1938 5650 ita
1974 5598 2300 5667 disponeba-

2418 5593 2777 5661 αποτεμόντος
2810 5591 2909 5661 ἠδη
2942 5590 3035 5643 τοῦ
3080 5590 3262 5658 φόϐου.
3309 5590 3686 5657 Ἑπιφαίνεται
3730 5588 3793 5641 δὲ
3823 5608 4035 5660 παρα-

722 5692 813 5733 tur
858 5681 922 5733 ad
956 5697 1145 5735 eorum
1196 5684 1510 5738 utilitatem.
1546 5686 1776 5755 Stupent
1822 5704 1951 5742 vero
1980 5687 2165 5744 Jesum
2208 5707 2301 5759 per

2418 5685 2574 5748 Ξόξως
2604 5686 2786 5747 αὐτοῖς
2809 5703 2823 5715 ·
2874 5684 3030 5737 τοῦτο
3060 5685 3167 5753 γάρ
3202 5679 3269 5753 ἦν
3317 5682 3551 5752 μάλιστα
3585 5680 3645 5733 τὸ
3689 5681 3833 5750 πρὸς
3864 5681 4037 5749 ὡςέ-

721 5785 873 5823 mare
927 5770 1162 5823 medium
1221 5781 1273 5825 et
1329 5788 1493 5841 super
1544 5774 1701 5843 aquis
1762 5776 1895 5843 ipsis
1959 5777 2296 5845 gradientem

2418 5778 2553 5825 ιειαν
2583 5774 3056 5843 οἰκονομούμενον.
3089 5772 3577 5841 Καταπλήττονται
3606 5770 3664 5822 δὲ
3697 5770 3792 5822 διὰ
3823 5772 4033 5841 μέσης

721 5862 1053 5935 conspicati,
1105 5872 1154 5919 et
1212 5864 1276 5919 ad
1328 5878 1524 5921 metum
1589 5866 1791 5921 addunt
1853 5867 2294 5924 admirationem.

2418 5866 2707 5937 θαλάσσης,
2738 5870 2833 5924 καὶ
2859 5868 2942 5919 ἐπ’
2974 5865 3150 5920 αὐτῶν
3175 5865 3382 5919 ὑδάτων
3403 5864 3550 5919 ἰόντα
3580 5861 3896 5931 βλέποντες
3921 5860 4028 5913 τὸν
