4206 6510
287 407 398 467 469

1352 412 1723 471 [NIOANNIS
1766 412 2221 471 EVANGELIUM
2258 413 2387 469 LIB.
2428 414 2519 470 Ill.

296 525 502 599 Ἰησοῦν
520 569 535 595 ,
585 528 680 584 καὶ
710 529 1030 603 προσθήκην
1059 529 1147 602 τῷ·
1166 529 1315 602 φόϐῳ
1339 530 1402 585 τὸ
1426 531 1613 603 θαῦμα
1645 530 1848 601 λαμϐά-

1966 529 2071 586 Sed
2123 532 2302 602 reipsa
2337 532 2591 588 Christus
2650 549 2749 589 eos
2798 535 2982 590 statim
3017 534 3236 601 liberat,
3288 535 3478 591 dicens
3515 549 3565 586 :.

281 637 481 673 νουσιν.
544 622 897 677 ’Δπαλλάττει
942 624 1000 677 δὲ
1038 623 1237 686 αὐτοὺς
1280 623 1390 678 τῶν
1439 623 1862 693 συμϐεϐηκότων

281 713 623 785 παραχρῆμα
661 716 913 786 Χριστός·
968 735 986 767 ι
1035 714 1177 783 Ἐγώ
1206 717 1353 785 ειμι,
1410 717 1484 786 μὴ
1535 714 1810 781 φοϐεῖσθε.
1842 733 1859 765 ι

278 802 475 870 λέγων.
535 806 681 858 Ἔδει
706 806 815 873 γὰρ
833 848 847 873 ,
892 806 998 861 ἔδει
1027 806 1204 861 πάντα
1234 806 1332 877 μὲν
1356 805 1600 859 ἐκποδὼν
1621 806 1865 876 οἴχεσθαι

279 896 508 965 θόρυϐον
532 938 546 960 ,
582 899 778 962 παντὸς
828 898 885 951 δὲ
917 898 1161 952 κινδύνου
1195 897 1484 967 φαίνεσθαι
1523 898 1861 968 κρείττονας.

276 986 405 1049 τοὺς
427 982 507 1050 οἷς
536 986 634 1059 ήδη
664 989 846 1060 παρῆν
878 991 905 1043 6
926 989 1180 1060 Χριστός.
1224 990 1496 1060 Εἰσόμεθα
1525 988 1736 1052 τοίνυν,
1770 990 1865 1044 καὶ

274 1076 366 1131 διά
395 1078 583 1131 τούτου
619 1080 780 1134 πάλιν
802 1122 815 1144 ,
852 1082 1107 1153 φρόνημα
1136 1082 1234 1151 μὲν
1263 1080 1406 1151 ἔχειν
1444 1081 1501 1133 ὲν
1536 1082 1862 1150 πειρασμοῖς

276 1168 537 1239 εὖτολμόν
557 1188 614 1223 τε
636 1173 728 1225 καὶ
748 1173 993 1226 νεανικὸν
1009 1216 1022 1237 ,
1048 1173 1295 1243 ὑπομονῇ
1326 1172 1381 1225 δὲ
1406 1170 1707 1242 κεχρῆσθαι
1732 1189 1860 1224 συν·-

274 1260 415 1329 τόνῳ
434 1263 498 1330 τῇ
531 1263 610 1325 είς
644 1263 878 1332 Χριστὸν
908 1264 1080 1317 ἐλπίδι
1112 1263 1534 1334 βεϐαιουμένους
1558 1264 1637 1323 είς
1664 1261 1859 1331 εὐθαρ-

276 1350 399 1402 σίαν
424 1354 521 1421 τὴν
550 1355 641 1406 ἐπὶ
684 1354 759 1425 τῷ
803 1355 979 1408 πάντα
1020 1355 1491 1427 διασωθήσεσθαι,
1544 1353 1647 1407 κᾶν
1676 1353 1861 1406 πολλοί

271 1459 417 1505 τινες
449 1446 594 1513 ἡμᾶς
617 1447 664 1498 οἱ
696 1448 758 1498 ὲκ
782 1446 875 1499 τοῦ
908 1446 1263 1517 πειράζεσθαι
1287 1444 1655 1516 περικλύζωσι
1679 1444 1856 1512 φόϐοι.

284 1535 567 1607 Ἐπιτήρει
598 1538 707 1610 γὰρ
739 1542 889 1603 ὅπως
916 1541 1014 1593 οὐκ
1046 1539 1207 1603 εὐθὺς
1247 1537 1658 1593 ἀποπλεύσασιν
1680 1576 1695 1599 ,
1739 1536 1861 1588 οὐδὲ

270 1627 333 1678 ὲν
376 1628 517 1698 ἀρχῇ
551 1629 661 1682 τῶν
698 1631 981 1696 κινδύνων,
1028 1636 1143 1695 τοῖς
1171 1634 1229 1684 ὲν
1274 1631 1352 1701 τῷ
1396 1629 1594 1697 σκάφει
1624 1628 1858 1698 Χριστὸς

268 1718 656 1785 ἐπιφαίνεται,
702 1722 819 1775 ἀλλ’
856 1724 942 1776 ὅτε
994 1723 1230 1786 σταδίοις
1275 1708 1699 1787 ἀπενοσφίζοντο
1758 1722 1860 1789 τῆς

266 1809 499 1880 ἠπείρου
532 1812 764 1877 πολλοῖς.
827 1816 903 1868 Οὐ
938 1816 1047 1885 γάρ
1082 1815 1241 1878 εὐθὺς
1274 1812 1585 1886 ἀρχομένης
1631 1811 1732 1881 τῆς
1762 1811 1857 1862 ὲκ-

1972 642 1989 672 ι
2030 622 2141 691 Ego
2177 640 2325 688 sum,
2363 626 2531 679 nolite
2561 630 2773 682 limere.
2818 646 2837 679 ι
2874 626 3070 682 Procul
3113 628 3262 684 enim
3317 643 3542 683 cessura

1965 720 2083 767 erat
2135 716 2318 767 omnis
2354 715 2617 779 turbatio,
2656 727 2709 770 et
2748 718 2896 771 omni
2939 719 3181 786 periculo
3230 720 3545 788 superiores

1968 802 2135 858 futuri
2170 814 2331 859 erant
2380 807 2416 859 ii
2466 806 2673 876 quibus
2704 807 2961 864 Christus
3005 809 3187 864 aderat
3248 810 3383 864 llinc
3411 826 3545 880 ergo

1965 910 2159 950 rursus
2236 911 2457 967 quoque
2532 898 2797 953 discimus
2884 900 3214 956 tentationes
3277 903 3419 956 virili
3488 914 3543 958 et

1962 988 2243 1042 constanti
2295 982 2479 1044 a'nimo
2549 991 2917 1047 sustinenilas.
2962 1008 3125 1059 esse,
3198 993 3540 1050 ﬁrmissima-

1963 1094 2070 1148 que
2124 1080 2178 1135 in
2244 1080 2526 1136 Christum
2588 1098 2684 1153 spe
2732 1084 2953 1153 posita,
3018 1095 3207 1140 erecto
3254 1087 3308 1140 in
3362 1088 3538 1157 ipsum

1964 1170 2150 1223 animo
2184 1173 2425 1239 (etiamsi
2482 1175 2725 1244 undique
2781 1178 3148 1231 tentationum
3204 1189 3382 1231 metus
3438 1196 3539 1235 nos

1962 1260 2282 1331 alluerent),
2317 1263 2545 1316 salutem
2582 1264 2805 1318 omnino
2844 1271 3263 1318 consecuturos.
3295 1264 3538 1319 Observa

1962 1351 2107 1404 enim
2146 1360 2204 1404 ut
2250 1368 2356 1406 non
2420 1354 2605 1408 statim
2660 1369 2691 1408 a
2732 1364 2873 1409 terra
2927 1356 3292 1420 solventibus,
3333 1373 3433 1410 nec
3483 1358 3537 1412 in

1962 1440 2236 1509 principio
2280 1443 2653 1509 periculorum
2693 1442 2944 1499 Christus
2996 1446 3048 1498 in
3096 1447 3315 1515 navigio
3363 1462 3536 1515 appa-

1962 1538 2103 1595 reat,
2130 1531 2225 1586 sed
2252 1547 2377 1586 cum
2408 1533 2601 1590 stadiis
2634 1536 2818 1612 multis
2841 1550 2869 1589 a
2902 1537 3219 1591 continente
3245 1537 3530 1591 distarent.

1960 1622 2080 1678 Non
2114 1625 2260 1679 enim
2291 1626 2476 1680 statim
2526 1642 2592 1681 ac
2642 1628 2849 1697 ingruit
2881 1628 3224 1697 perturbatio
3264 1628 3538 1684 servantis

1959 1718 2134 1787 gratia
2168 1717 2330 1772 nobis
2359 1722 2622 1783 occurrit,
2651 1720 2745 1775 sed
2785 1735 2907 1774 cum
2943 1722 3235 1776 Invaluerit
3270 1729 3448 1775 metus
3474 1735 3538 1774 ac

1961 1808 2292 1876 periculum,
2320 1816 2374 1864 et
2407 1809 2461 1863 in
2499 1811 2714 1874 mediis,
2747 1820 2805 1863 ut
2838 1812 2910 1863 ita
2943 1812 3145 1875 dicam,
3175 1811 3537 1865 tentationum

265 1903 651 1974 ταρασσούσης
685 1906 831 1975 ἡμᾶς
881 1906 1253 1977 περιστάσεως
1299 1906 1333 1976 ἠ
1377 1904 1471 1957 τοῦ
1502 1900 1848 1965 διασώζοντος

1959 1897 2222 1955 ﬂuctibus
2250 1900 2581 1971 reperimur,
2608 1910 2737 1970 tunc
2767 1903 2932 1956 etiam
2970 1902 3539 1972 in0pinatot2hristus

264 1991 429 2062 χάρις
464 1994 739 2067 ἐπιφοιτᾷ,
767 1996 884 2050 ἀλλ’
916 1998 1047 2050 ὅταν
1076 1997 1302 2067 ἀκμάσῃ
1338 1996 1433 2066 μὲν
1465 1996 1493 2047 6
1518 1992 1700 2061 φόϐος,
1726 1991 1854 2059 φαί-

263 2102 427 2154 νηται
464 2085 517 2139 δὲ
543 2087 642 2157 ἤδη
676 2088 818 2143 κατά
841 2078 1037 2159 κράτος
1066 2091 1093 2142 6
1127 2088 1402 2151 κίνδυνος,
1435 2086 1530 2140 καὶ
1552 2086 1610 2137 ὲν
1642 2082 1848 2153 μέσοις,

262 2175 335 2227 ἵν’
366 2176 538 2242 οὕτως
568 2181 707 2232 εἴπω
726 2220 739 2241 ,
786 2182 903 2243 τοῖς
937 2180 1146 2249 κύμασι
1181 2179 1290 2233 τῶν
1321 2178 1553 2248 θλίψεων
1580 2170 1847 2245 εύρισκώ-

1959 1999 2209 2060 apparet,
2242 2003 2559 2062 metumque
2611 2003 2849 2058 coercet,
2900 2002 2961 2048 et
2987 1997 3135 2048 omni
3187 1995 3432 2064 periculo
3470 1995 3536 2047 li-

1956 2081 2131 2147 berat,
2169 2081 2428 2138 ineﬂ‘abili
2458 2086 2661 2140 virtute
2688 2084 2885 2140 infesta
2916 2101 3147 2163 quaeque
3176 2102 3228 2137 tn
3265 2084 3535 2153 tranquil-

1956 2171 2161 2227 litatem
2196 2182 2250 2229 et
2281 2175 2542 2246 gaudium
2584 2175 2943 2232 transferens.

264 2274 408 2342 μεθα
432 2290 444 2303 ⁸
475 2274 592 2326 τότε
632 2273 695 2344 δὴ
739 2276 833 2330 καὶ
872 2275 1150 2346 ἀδοκήτως
1182 2274 1523 2344 ἐπιφαίνεται
1547 2268 1801 2342 Χριστὸς.
1842 2266 1935 2319 καὶ
1966 2265 2305 2340 περιὸτέλλει
2337 2272 2436 2343 μὲν
2474 2273 2566 2327 τὸν
2606 2273 2791 2344 φόϐον,
2826 2272 3074 2327 κινδύνου
3109 2272 3165 2326 δὲ
3196 2270 3545 2326 ἀπαλλάττει.

262 2366 469 2429 παντὸς
489 2408 503 2430 ,
561 2367 753 2439 ἀφάτῳ
778 2367 1005 2438 δυνάμει
1040 2368 1349 2439 μετατιθεὶς
1378 2367 1447 2420 τὰ
1478 2365 1626 2420 δεινὰ
1645 2405 1659 2429 ,
1685 2359 1937 2429 καθάπερ
1960 2360 2041 2424 είς
2068 2365 2307 2435 γαλήνην
2333 2366 2432 2436 τὴν
2461 2366 2748 2437 εὐθυμίαν.

340 2459 592 2512 Ἦθελον
619 2458 734 2511 οὖν
769 2459 979 2513 λαϐεῖν
1015 2460 1202 2514 αὑτὸν
1229 2462 1314 2525 εὶς
1342 2460 1576 2523 πλοῖον,
1618 2457 1713 2511 καὶ
1752 2456 1849 2509 εὐ-

260 2549 411 2616 θέως
428 2549 663 2618 ἐγένετο
682 2550 748 2604 τὸ
760 2551 977 2605 πλοῖον
994 2551 1091 2604 ἐπὶ
1105 2550 1215 2619 τῆς
1239 2551 1373 2621 γῆς,
1397 2553 1483 2617 εὶς
1496 2549 1575 2618 ἣν
1590 2548 1843 2616 ὑπῆγον.

338 2642 412 2693 Οὐ
444 2641 701 2694 κινδύνων
745 2642 902 2712 μόνον
929 2641 1262 2695 ἀπαλλάττει
1307 2642 1437 2705 τοὺς
1479 2641 1772 2709 πλωτῆρας
1819 2640 1847 2691 6

262 2731 472 2802 Κύριος
506 2732 829 2803 παραδόξως
857 2733 1039 2797 αὐτοῖς
1072 2733 1421 2803 ὲπιλάμψας,
1473 2732 1589 2786 ἀλλ’
1624 2732 1724 2802 ἥδη
1753 2730 1848 2783 καὶ

262 2826 429 2876 πόνου
458 2824 554 2876 καὶ
582 2822 821 2895 ἱδρώτων
875 2824 1184 2896 ἐλευθεροῖ,
1217 2824 1443 2895 δυνάμει
1463 2827 1529 2895 τῇ
1559 2823 1852 2893 θεοπρεπεϊ

258 2917 329 2985 τῇ
353 2917 472 2967 κατ’
500 2915 794 2986 ἀντίπεραν
821 2918 891 2986 γῇ
912 2915 1274 2987 προσερείσας
1300 2915 1360 2969 τὸ
1392 2915 1618 2985 σκάφος.
1654 2917 1715 2967 Ol
1750 2914 1847 2984 μὲν

258 3007 371 3077 γὰρ
396 3008 762 3077 προσεδόκων,
787 3009 1119 3079 ἐρέττοντες,
1145 3009 1225 3062 ἐτι
1259 3008 1413 3079 μόλις
1428 3008 1686 3062 δύνασθαι
1712 3006 1851 3060 διεκ-

258 3099 446 3163 πλεῖν,
483 3102 512 3153 ὁ
541 3100 598 3153 δὲ
642 3100 737 3154 καὶ
780 3100 988 3154 τούτων
1022 3101 1265 3172 ἐξίστησι
1300 3100 1408 3156 τῶν
1441 3104 1619 3154 πόνων
1650 3100 1847 3164 αὐτοὺς

255 3190 493 3255 πολλῶν,
513 3192 569 3244 ὲν
590 3192 755 3262 ὀλίγῳ
776 3192 975 3263 κομιδῆ
995 3191 1070 3262 τῷ
1088 3193 1265 3263 καιρῷ
1286 3191 1353 3263 (³)
1376 3192 1667 3262 θαυμάτων
1686 3190 1748 3260 δη
1758 3209 1845 3261 μι-

254 3283 459 3352 ουργὸς
510 3284 650 3352 πρὸς
714 3281 1088 3362 πληροφορίαν
1134 3284 1319 3346 αὐτοῖς
1368 3282 1837 3351 ἀναδεικνύμενος.
1873 3316 1914 3373 C

256 3376 475 3431 Οὐκοῦν
515 3376 642 3429 ὅταν
670 3377 802 3446 ἡμῖν
834 3376 1191 3446 ὲπιφαίνηται
1212 3416 1226 3439 ,
1254 3376 1348 3429 καὶ
1387 3375 1673 3447 ἐπιλάμπῃ
1711 3376 1846 3445 Χρι-

256 3466 421 3530 στὸς,
479 3465 688 3518 ἀκονιτὶ
721 3463 1145 3535 κατορθώσομεν
1192 3465 1381 3519 καὶτὸ
1426 3464 1611 3533 μεῖζον
1647 3464 1679 3534 ἢ
1726 3464 1847 3517 κατ’

256 3556 457 3610 ἐλπίδα
497 3557 593 3627 τὴν
631 3558 689 3610 ὲν
730 3558 896 3627 ἡμῖν,
946 3558 1038 3610 καὶ⁵
1074 3558 1125 3610 oi
1162 3557 1251 3609 διὰ
1276 3556 1374 3609 τοῦ
1407 3556 1480 3626 μὴ
1510 3555 1657 3626 ἔχειν
1685 3554 1846 3611 αὑτὸν

254 3648 699 3712 κινδυνεύοντες,
754 3648 965 3713 οὐδενὸς
1007 3648 1084 3703 ἔτι
1130 3648 1650 3720 προσδεηθησόμεθα
1681 3647 1844 3702 πόνου

254 3739 403 3807 πρὸς
432 3741 491 3792 τὸ
519 3739 776 3794 δύνασθαι
806 3740 1106 3811 κατορθοῦν
1131 3740 1200 3794 τὰ
1231 3740 1518 3810 λυσιτελῆ,
1579 3739 1845 3810 παρόντος

254 3830 447 3884 αύ.οῦ.
473 3874 478 3879 .
507 3830 675 3894 Λύσις
708 3825 801 3884 οὖν
832 3832 940 3903 ἄρα
968 3831 1165 3894 παντὸς
1195 3830 1438 3885 κινδύνου
1466 3831 1719 3901 Χριστὸς,
1750 3832 1845 3883 καὶ

254 3918 701 3994 κατορθωμάτων
732 3923 955 3985 ἔκϐασις
988 3923 1097 3975 τῶν
1128 3924 1268 3994 ὑπὲρ
1311 3924 1501 3976 ἐλπίδα
1530 3926 1643 3986 τοῖς
1678 3940 1846 3995 προσ-

252 4014 570 4083 δεχομένοις
609 4014 791 4069 αὐτόν.
868 4014 1069 4085 Επειδὴ
1107 4015 1163 4067 δὲ
1213 4017 1307 4067 τὸν
1349 4015 1433 4079 ἐφ’
1476 4016 1693 4085 ἑκάστῳ
1735 4016 1844 4067 τῶν

254 4107 643 4177 προκειμένων
676 4107 947 4177 ἀναμέρος
978 4104 1357 4177 ἐποιησάμεθα
1399 4106 1582 4175 λόγον,
1636 4108 1737 4173 ἄγε
1777 4106 1841 4177 δὴ

254 4198 425 4251 πάλιν
454 4201 572 4261 ταῖς
600 4197 709 4250 τῶν
736 4198 835 4269 ήδη
859 4197 1181 4266 φθασάντων
1210 4198 1552 4262 ἀκολουθίαις
1572 4242 1585 4264 ,
1636 4199 1841 4252 καὶτὸν

253 4293 319 4342 ἐν
357 4290 566 4353 τούτοις
598 4291 938 4361 συνείροντες
969 4288 1113 4361 νοῦν,
1150 4291 1526 4361 πνευματικὴν
1563 4290 1842 4361 ἐξυφήνω-

258 4400 365 4452 μεν
388 4383 637 4453 θεωρίαν.
702 4382 910 4435 Οὐκοῦν
940 4381 1131 4448 ὥσπερ
1158 4382 1241 4445 είς
1269 4382 1394 4452 ὅρος
1440 4382 1839 4453 ἀναϐεϐηκέναι

250 4476 351 4527 τὸν
376 4473 604 4544 οὐρανὸν
647 4474 910 4543 ἐλέγομεν
936 4474 1024 4525 τὸν
1063 4471 1270 4543 Ἰησοῦν
1309 4473 1708 4543 ἀναληφθέντα,
1743 4474 1838 4545 δη-

251 4567 434 4620 λονότι
480 4566 620 4635 μετὰ
655 4568 751 4637 τὴν
796 4568 860 4619 ὲκ
910 4566 1121 4638 νεκρῶν
1175 4566 1472 4620 ἀναϐίωσιν
1506 4583 1519 4597 ⁸
1575 4567 1689 4619 ἀλλ’
1737 4568 1826 4620 ὅτε

2025 2456 2187 2527 292
2228 2457 2315 2522 Vl,
2365 2460 2455 2513 21.
2527 2459 2817 2515 Voluerunt
2865 2477 2986 2532 ergo
3026 2463 3260 2531 accipere
3308 2480 3426 2517 eum
3472 2462 3536 2518 ίιι

1952 2549 2149 2611 navim,
2178 2558 2227 2602 et
2249 2551 2433 2603 statim
2455 2552 2603 2605 navis
2629 2551 2731 2621 fuit
2756 2551 2825 2605 ad
2857 2564 3053 2606 terram
3085 2570 3137 2605 ιιι
3166 2570 3324 2621 quam
3355 2555 3525 2611 ibant.

2023 2638 2140 2693 Non
2186 2655 2216 2693 a
2256 2642 2515 2710 periculis
2548 2652 2757 2697 tantum
2809 2643 3128 2714 navigantes
3164 2644 3427 2702 Dominus
3464 2646 3530 2703 li-

1950 2732 2107 2789 berat
2166 2734 2449 2804 inopinato
2496 2736 2577 2790 eis
2632 2750 2926 2806 apparens,
2984 2736 3079 2791 sed
3139 2739 3287 2791 omni
3343 2739 3530 2796 labore

1945 2841 2166 2896 quoque
2196 2833 2251 2881 et
2290 2827 2494 2904 sudore
2539 2817 2802 2904 vindicat,
2837 2842 2961 2883 cum
3011 2830 3211 2883 virtute
3249 2829 3361 2885 Deo
3389 2846 3527 2885 con-

1946 2918 2185 2972 venienti
2218 2920 2269 2971 in
2310 2900 2611 2972 adversam.
2634 2920 2810 2988 ripam
2862 2920 3136 2988 navigium
3171 2922 3414 2991 appellit.
3445 2920 3527 2977 Illi

1948 3010 2092 3064 enim
2126 3010 2215 3063 vix
2261 3025 2325 3063 ac
2360 3025 2426 3063 ne
2461 3011 2548 3063 vix
2588 3011 2808 3077 quidem
2843 3012 3164 3082 remigando
3197 3020 3421 3068 tranare
3465 3028 3563 3077 se,

1948 3116 2112 3171 posse
2165 3101 2454 3171 putabant,
2512 3102 2602 3155 hic
2661 3101 2812 3171 ipsos
2860 3104 3024 3157 etiam
3082 3104 3365 3159 laboribus
3403 3104 3525 3159 istis

1946 3187 2165 3253 liberat,
2198 3189 2386 3245 multis
2433 3191 2636 3259 exiguo
2688 3190 2981 3244 admodum
3015 3198 3260 3263 tempore
3301 3194 3367 3249 ad
3400 3209 3525 3248 cer;-

1948 3282 2144 3335 tiorem
2197 3280 2357 3336 (idem
2410 3282 2574 3337 editis
2631 3282 2934 3337 miraculis.
2985 3282 3122 3338 Cum
3180 3299 3309 3363 ergo
3364 3286 3525 3342 nobis

1948 3370 2265 3439 apparuerit
2287 3378 2340 3424 et
2371 3370 2612 3424 illuxcrit
2637 3369 2913 3433 Christus,
2943 3371 3095 3423 nullo
3125 3372 3344 3442 negotio
3376 3374 3525 3443 quod

1949 3477 2047 3531 spe
2104 3470 2293 3527 nostra
2343 3461 2522 3532 majus
2572 3469 2657 3515 est
2688 3462 2853 3515 etiam
2907 3463 3274 3532 perﬁciemus,
3320 3472 3387 3518 eL
3427 3465 3522 3535 qui

1948 3552 2328 3624 periclitamur
2356 3568 2422 3607 ex
2452 3568 2516 3607 eo
2545 3552 2692 3622 quod
2724 3553 2901 3621 ipsum
2928 3569 3036 3607 non
3063 3554 3349 3619 habemus,
3372 3556 3525 3610 nullo

1947 3643 2183 3714 amplius
2236 3645 2423 3699 labore
2474 3647 2631 3699 utilia
2687 3661 2917 3716 quaeque
2973 3646 3359 3715 perﬁciemus,
3401 3649 3523 3718 ipso

1945 3744 2236 3805 praesente.
2276 3736 2531 3791 Christus
2581 3736 2765 3805 itaque
2809 3735 3008 3790 s‘olutio
3046 3736 3232 3792 cuncti
3267 3738 3520 3807 periculi,

1946 3832 2000 3881 et
2047 3841 2274 3895 operum
2328 3842 2479 3896 spem
2541 3842 2762 3882 omnem
2815 3827 3195 3884 excedentium
3255 3830 3521 3899 perfectio

1946 3918 2377 3987 suscipientibus
2426 3920 2625 3988 ipsum.
2666 3916 2800 3972 Cum
2839 3927 3018 3973 autem
3070 3919 3137 3976 de
3178 3923 3342 3977 rebus
3391 3939 3520 3992 pro-

1944 4011 2138 4078 positis
2170 4010 2402 4066 seorsim
2456 4010 2569 4079 jam
2606 4010 2929 4074 dixerimus,
2957 4026 3054 4081 age
3084 4028 3277 4068 rursus
3322 4013 3517 4069 horum

1945 4116 2165 4171 quoque
2203 4116 2431 4156 sensum
2462 4100 2843 4170 superioribus
2872 4103 3260 4171 conjungendo
3290 4105 3521 4168 spirita-

1944 4193 2048 4246 lem
2119 4190 2635 4260 contemplationem
2705 4200 2970 4247 texamus.
3038 4192 3209 4263 igitur
3274 4196 3518 4253 diximus

1940 4283 2127 4339 Jesum
2165 4285 2222 4337 in
2256 4285 2455 4339 oculum
2502 4292 2761 4353 tanquam
2812 4286 2867 4339 in
2907 4295 3149 4339 montum
3201 4288 3519 4344 ascendisse

1941 4386 2311 4446 assumptum,
2348 4376 2608 4430 nimirum
2645 4385 2769 4445 post
2810 4378 3268 4431 resurrectionem
3305 4393 3335 4431 a
3372 4394 3518 4432 mor-

1942 4467 2082 4533 tuis;
2118 4466 2211 4521 sed
2246 4473 2537 4535 postquam
2574 4464 2720 4519 istud
2754 4463 2871 4519 ﬁeri
2920 4465 3170 4535 contigit,
3216 4475 3346 4519 tunc
3405 4465 3512 4520 soli

1938 4569 1994 4616 et
2030 4560 2261 4616 seorsim
2312 4560 2572 4629 discipuli
2624 4559 2805 4613 locum
2860 4566 3109 4615 tenentes
3164 4559 3543 4631 sequentium.

251 4658 418 4711 τοῦτο
445 4657 695 4725 γενέσθαι
721 4656 1057 4727 συμϐέϐηκε,
1085 4657 1207 4711 τότε
1241 4658 1411 4726 μόνοι,
1443 4658 1535 4711 καὶ
1565 4658 1689 4711 καθ’
1709 4659 1832 4710 ἑαυ-

1948 4655 2086 4709 omni
2120 4668 2342 4725 quoque
2375 4663 2617 4722 tempore
2659 4651 3512 4716 doctorum-ecclesiasticorum‘,

248 4750 385 4811 τοὺς
422 4750 470 4801 οἱ
508 4749 748 4819 μαθηταὶ
794 4748 965 4801 τύπον
1008 4748 1295 4818 ἐπέχοντες
1344 4749 1452 4802 τῶν
1504 4732 1699 4819 ἐφεξῆς
1746 4751 1839 4803 καὶ

252 4842 402 4894 κατά
463 4842 640 4894 πάντα
690 4841 880 4911 καιρὸν
944 4841 1279 4895 διδασκάλων
1334 4841 1835 4911 ἐκκλησιαπικῶν,

142 4918 147 4919 ί
242 4918 510 5000 καθάπερ
536 4930 658 4983 τινὰ
678 4929 953 4983 θάλασσαν
977 4929 1069 4982 τὸν
1094 4929 1152 4982 ἐν
1170 4929 1247 4999 τῷ
1276 4929 1503 4997 παρόντι
1522 4928 1622 4999 βίῳ
1650 4929 1834 5000 διανή-

251 5037 445 5091 χονται
472 5020 733 5085 κλύδωνα,
760 5024 973 5091 συχνοῖς
996 5022 1088 5075 καὶ
1122 5020 1375 5091 μεγάλοις
1412 5022 1833 5091 περιπίπτοντες

252 5115 607 5184 πειρασμοῖς,
633 5114 729 5166 καὶ
755 5114 881 5177 τοὺς
908 5114 1001 5167 ἐπὶ
1024 5112 1102 5183 τῷ
1126 5114 1397 5167 διδάσκειν
1434 5115 1709 5178 κινδύνους
1734 5116 1834 5168 οὐκ

252 5205 1170 5277 εύκαταφρονήτους’ὐπομένοντες
1202 5208 1354 5276 παρὰ
1376 5206 1484 5260 τῶν
1510 5206 1835 5277 ἀνθεστηκό-

249 5316 368 5352 των
394 5301 461 5367 τῇ
487 5298 698 5361 πίστει,
731 5298 826 5351 καὶ
856 5298 1177 5368 μαχομένων
1201 5302 1314 5362 τοῖς
1337 5299 1710 5368 εὐαγγελικοῖς
1734 5299 1831 5370 δη-

250 5387 435 5442 λονότι
463 5386 831 5458 κηρύγμασιν·
849 5388 986 5441 ἀλλά
1010 5389 1105 5445 καὶ⁸
1131 5389 1225 5443 τοῦ
1246 5390 1413 5457 φόϐου
1440 5389 1830 5456 πεπαύσονται,

250 5479 353 5534 καὶ
375 5478 623 5532 κινδύνου
646 5479 865 5544 παντὸς,
881 5478 1243 5551 καταλήξουσι
1258 5482 1315 5534 δὲ
1334 5483 1429 5535 καὶ
1458 5483 1556 5552 τῆς
1582 5485 1639 5536 ὲν
1658 5483 1841 5548 πόνοις

248 5571 633 5641 ταλαιπωρίας
655 5611 671 5635 ,
717 5573 846 5625 ὅταν
880 5572 1061 5636 αὐτοῖς
1089 5573 1183 5627 καὶ
1212 5574 1453 5638 εἰσαῦθις
1480 5574 1833 5646 ὲπιφαίνηται

252 5661 491 5731 Χριστὸς
524 5662 581 5713 ἐν
608 5660 830 5733 δυνάμει
856 5662 1177 5735 θεοπρεπεῖ,
1225 5666 1322 5720 καλ⁸
1348 5669 1526 5722 πᾶσαν
1556 5668 1694 5740 ἔχων
1726 5670 1831 5724 ὑπὸ

252 5752 429 5814 πόδας
457 5750 556 5817 τὴν
592 5753 934 5825 οίκουμένην.
992 5754 1163 5810 Τοῦτο
1204 5757 1312 5829 γὰρ
1350 5755 1503 5831 οἶμαι
1549 5762 1740 5835 δηλοῦν
1771 5764 1830 5818 τὸ

335 5869 405 5940 (ί)
436 5868 635 5929 Deessc
666 5871 879 5927 videtur
906 5872 1137 5927 πολλῶν.

1936 4747 2225 4817 praesentis
2247 4746 2382 4800 vita.L
2406 4748 2705 4816 procellam
2745 4761 2845 4799 ceu
2899 4760 3048 4800 mare
3075 4744 3348 4814 quoddam
3380 4760 3517 4800 ena-

1937 4838 2144 4909 vigant,
2208 4839 2261 4892 in
2305 4838 2527 4893 crebras
2581 4853 2920 4907 magnasque
2980 4836 3313 4891 tentationes
3371 4836 3515 4893 inci-

1940 4930 2149 4996 dentes,
2194 4938 2254 4985 ει
2306 4929 2539 4985 docendi
2598 4930 2837 4999 pericula
2889 4930 2957 4984 ab
3000 4928 3336 4985 adversariis
3391 4928 3514 4983 ﬁdei

1938 5031 1992 5079 et
2022 5023 2349 5095 evangelicae
2372 5022 2784 5092 przedicationis
2806 5021 3061 5077 hostibus
3083 5021 3331 5089 gnaviter
3346 5020 3518 5075 susti-

1939 5122 2137 5169 nentes
2171 5134 2183 5169 :
2212 5114 2307 5169 sed
2352 5128 2382 5166 a
2434 5122 2579 5168 metu
2611 5121 2663 5168 et
2693 5114 2940 5167 laborum
2972 5112 3288 5168 dilIicultate
3331 5128 3516 5167 cessa-

1938 5208 2093 5272 bunt,
2128 5224 2250 5261 cum
2288 5208 2426 5277 ipSIs
2461 5207 2645 5262 denuo
2673 5205 2933 5262 Christus
2966 5206 3253 5276 apparebit
3305 5202 3515 5259 in'vir-

1938 5309 2054 5355 tute
2101 5300 2212 5354 Deo
2257 5300 2631 5364 convenienti,
2662 5307 2716 5355 et
2766 5298 3073 5367 subjectum
3121 5298 3236 5352 suis
3281 5296 3513 5366 pedibus

1936 5394 2125 5448 orbem
2160 5401 2429 5448 terrarqu
2484 5392 2709 5448 habens.
2754 5389 2866 5445 Hoc
2896 5389 3040 5445 enim
3083 5388 3381 5460 signiﬁcari
3422 5404 3513 5441 ar-

1935 5486 2127 5549 bitror,
2160 5500 2284 5538 cum
2340 5485 2542 5538 dicitur
2587 5484 2869 5538 ambulare
2922 5497 3087 5552 supra
3148 5496 3296 5535 mare
3331 5499 3344 5533 :
3378 5496 3506 5534 nam

1938 5591 2087 5631 mare
2118 5576 2172 5630 in
2213 5572 2500 5643 Scriptura
2540 5573 2725 5628 divina
2781 5573 3102 5644 plerumque
3151 5585 3248 5639 pro
3303 5568 3511 5623 mundo

1938 5670 2168 5739 capitur,
2222 5667 2377 5739 juxta
2424 5668 2557 5722 illud
2616 5666 2923 5721 Psalmista:
2951 5683 2963 5716 :
2995 5682 3015 5715 ι
3056 5662 3169 5716 Hoc
3205 5676 3357 5716 mare
3396 5675 3510 5713 nia-

1938 5780 2103 5838 gnum
2143 5772 2209 5819 et
2233 5763 2532 5834 spatiosum
2569 5778 2581 5815 :
2617 5758 2727 5814 illic
2757 5758 2971 5828 reptilia
3003 5769 3240 5827 quorum
3288 5766 3398 5808 non
3428 5758 3511 5807 est

3442 418 3546 477 470
3628 476 3631 477 ν
