4206 6510
718 392 818 457 871

1746 395 1803 449 S.
1844 388 2124 450 CYRILLI
2163 386 2633 446 ALEXANDRINI
2671 386 2992 444 ARCHIEP.

3880 374 3991 430 ιιι

717 526 987 566 numerus
1017 510 1084 565 ⁸⁸.
1128 529 1148 563 ι
1180 510 1316 565 Cum
1348 525 1479 581 ergo
1522 470 1805 579 ingressus
1838 508 2003 565 fuerit
2040 510 2295 565 Christus

2401 508 2494 560 ἐπὶ
2524 507 2797 576 Θαλάσσης
2828 504 3168 573 περιπατεῖν,
3199 500 3323 555 ἐπεὶ
3352 499 3445 552 xci.
3469 497 3551 561 είς
3576 494 3788 565 κόσμου
3812 495 3996 546 τύπον

717 601 774 657 ln
832 601 1005 672 gloria
1055 600 1232 658 Patris
1281 602 1391 668 sui,
1425 603 1570 658 sicut
1625 602 1892 672 scriptum
1942 608 2024 655 est
2055 602 2124 662 ",
2165 609 2295 655 tunc

718 705 1037 749 sanctorum
1106 690 1483 764 apostolorum
1559 696 1737 759 navis,
1794 695 1896 748 hoc
1958 702 2044 748 est
2106 690 2295 747 Eccle-

716 785 823 846 sia,
854 794 907 839 et
963 786 1055 852 qui
1110 788 1367 856 navigant
1407 784 1463 840 in
1511 801 1597 848 ea,
1642 787 1693 839 id
1743 794 1828 841 est
1875 786 1972 855 qui
2012 800 2107 855 per
2134 784 2293 840 fidem

717 877 881 947 293
914 886 968 932 et
1010 879 1359 934 dilectionem
1396 879 1449 931 in
1496 877 1666 933 Deum
1707 894 1878 948 supra
1912 894 1999 934 res
2025 880 2296 936 humanas

718 967 996 1032 feruntur,
1045 973 1155 1024 cito
1186 980 1240 1024 et
1270 970 1479 1039 absque
1508 971 1619 1023 ullo
1667 969 1853 1023 labore
1898 970 1955 1025 in
1987 979 2188 1023 terram
2240 968 2295 1023 in

718 1074 881 1128 quam
913 1062 1144 1115 tendunt
1187 1062 1488 1131 appellent:
1540 1059 1887 1129 Propositum
1924 1062 2071 1115 enim
2101 1061 2186 1117 eis
2211 1067 2297 1115 est

718 1153 773 1205 in
817 1168 1043 1223 regnum
1094 1154 1362 1208 cmlorum
1397 1161 1655 1223 tanquam
1700 1154 1755 1208 in
1788 1154 2124 1209 tutissimum
2167 1169 2295 1222 por-

716 1254 831 1298 tum
857 1246 1153 1315 appellere.
1186 1245 1394 1301 Horum
1425 1258 1608 1302 autem
1639 1248 1885 1301 omnium
1912 1261 2135 1301 sensum
2173 1244 2296 1299 Sal-

717 1344 876 1389 vator
908 1337 1218 1397 confirmat.
1262 1335 1327 1390 ad
1362 1352 1493 1393 suos
1537 1337 1839 1407 discipulos
1882 1338 2103 1405 dicens,
2134 1340 2296 1394 modo

718 1427 938 1494 quidem
972 1447 982 1480 :
1020 1446 1037 1478 ι
1071 1426 1369 1491 Modicum,
1411 1440 1462 1483 et
1491 1446 1597 1484 non
1632 1429 1891 1485 videbitis
1921 1446 2027 1494 me,
2063 1451 2082 1481 ι
2119 1441 2171 1486 et
2198 1433 2297 1485 ite-

718 1533 839 1569 rum
880 1536 891 1570 :
930 1518 1237 1572 «modicum
1262 1529 1315 1574 et
1346 1520 1600 1574 videbitis
1636 1536 1719 1575 me
1741 1520 1811 1552 ’δ’
1844 1539 1855 1574 :
1892 1539 1912 1572 ι
1954 1522 2115 1577 modo
2146 1538 2293 1588 vero,

724 1629 740 1657 ι
786 1606 1113 1664 Pressuram
1164 1611 1437 1666 habebitis
1473 1613 1529 1665 in
1573 1612 1779 1666 mundo
1824 1632 1837 1666 :
1880 1613 1975 1669 sed
2016 1614 2293 1668 contid.te.

720 1695 833 1769 Ego
864 1701 965 1755 vici
988 1702 1334 1756 mundum".
1363 1702 1667 1757 iCaaterum
1699 1714 1866 1758 noctu
1894 1704 1961 1759 de
1996 1714 2180 1760 monte
2202 1706 2300 1760 de-

719 1792 937 1845 scendit
981 1793 1266 1859 Dominus,
1324 1803 1377 1850 et
1435 1795 1551 1850 suis
1606 1796 1893 1866 discipulis
1951 1798 2298 1854 insomnibus

2398 597 2662 665 πολλάκις
2688 600 2720 668 ὴ
2745 595 2991 650 θάλασσα
3020 592 3172 664 παρὰ
3195 595 3261 662 τῇ
3289 590 3410 661 θεία
3432 587 3775 659 λαμϐάνεται
3794 585 3989 655 Γραφῇ

2398 691 2540 746 κατά
2582 690 2645 743 τδ
2670 692 2728 743 ἐν
2761 688 3012 759 Ψαλμοῖς
3060 684 3389 759 εἰρημένον·
3427 700 3447 734 ι
3485 678 3636 749 Αὕτη
3672 679 3706 749 ἡ
3740 677 3991 732 θάλασσα

2399 785 2430 853 ἡ
2464 780 2696 852 μεγάλη,
2721 782 2815 837 καὶ
2839 778 3151 851 εὐρύχωρος
3171 793 3183 805 ·
3214 776 3333 829 ἐκεῖ
3357 773 3586 844 ἐρπετά,
3615 763 3691 824 ὧν
3714 770 3818 824 οὐκ
3844 768 3992 822 ἐστιν

2396 875 2651 947 ἀριθμός.
2677 894 2696 928 ι
2755 876 2925 927 Ὅταν
2968 867 3063 925 οὖν
3098 867 3314 939 είσέλθη
3348 865 3584 938 Χριστὸς
3618 865 3678 916 ἐν
3724 862 3857 932 δόξῃ
3896 858 3990 912 τοῦ

2398 966 2611 1039 Πατρδς
2652 965 2848 1030 αὑτοῦ,
2899 964 3043 1019 καθὰ
3096 964 3442 1033 γέγραπται,
3490 956 3613 1010 τότε
3657 954 3770 1007 τῶν
3818 952 3993 1019 ἁγίων

2397 1060 2711 1114 ἀποστόλων
2730 1058 2790 1111 τὸ
2822 1059 3030 1126 σκάφος
3050 1096 3065 1120 ,
3090 1055 3235 1109 τοῦτ’
3268 1053 3436 1114 ἐστιν,
3468 1051 3501 1121 ή
3548 1045 3876 1116 Ἐκκλησία,
3900 1045 3992 1097 καὶ

2397 1152 2447 1204 οἱ
2474 1151 2731 1214 πλέοντες
2761 1153 2818 1203 ἐν
2841 1150 3000 1219 αὐτῇ,
3026 1146 3172 1202 τοῦτ’
3203 1146 3371 1207 ἐστιν,
3402 1146 3450 1197 οἱ
3482 1141 3573 1196 διὰ
3596 1141 3863 1201 πίστεως,
3898 1137 3992 1189 καὶ

2397 1244 2619 1314 ἀγάπης
2646 1243 2745 1313 τῆς
2773 1244 2854 1306 είς
2887 1242 3019 1295 Θεὸν
3038 1281 3054 1307 ,
3109 1240 3221 1294 ἀνω
3244 1237 3353 1292 τῶν
3383 1238 3441 1289 ἐν
3484 1234 3676 1303 κόσμῳ
3701 1230 3993 1299 γεγονότες

2400 1336 2741 1406 πραγμάτων
2760 1374 2775 1398 ,
2798 1334 3033 1405 ἀμελητὶ
3065 1332 3160 1386 καὶ
3179 1332 3302 1401 δίχα
3334 1329 3497 1382 πόνου
3520 1325 3723 1389 παντὸς
3756 1324 3993 1378 καταλύ-
4061 1354 4071 1358 -

2401 1444 2583 1481 σουσιν
2600 1429 2679 1491 είς
2700 1430 2823 1498 γῆν,
2838 1428 2919 1490 εἰς
2934 1426 3002 1497 ἢν
3026 1419 3370 1494 ὑπῆγον.Ἦν
3390 1422 3499 1492 γάρ
3515 1422 3699 1483 αὐτοῖς
3715 1422 3746 1472 ό
3764 1417 3989 1479 σκοπὸς,

2399 1521 2650 1591 καθάπερ
2675 1520 2756 1583 είς
2780 1518 2953 1572 εῦδιον
2980 1516 3284 1571 καταλῦσαι
3310 1515 3527 1585 λιμένα,
3568 1514 3665 1583 τὴν
3690 1512 3802 1564 τῶν
3827 1511 3994 1579 ούρα-

2400 1613 2505 1667 νῶν
2537 1613 2815 1683 βασιλείαν
2846 1612 3071 1681 δηλαδή.
3117 1609 3335 1661 Βεϐαιοῖ
3362 1610 3417 1661 δὲ
3444 1608 3540 1678 τὴν
3563 1608 3646 1673 ἐφ’
3678 1605 3856 1658 ἅπασι
3882 1605 3992 1665 τοῖς

2399 1703 2711 1774 εἰρημένοις
2738 1702 2977 1757 διάνοιαν
3005 1700 3447 1770 ὀΣωτὴρ.λέγων
3478 1697 3614 1767 πρὸς
3640 1696 3768 1757 τοὺς
3796 1691 3993 1746 ἐαυτοῦ

2404 1794 2673 1866 μαθητὰς,
2695 1793 2822 1847 ποτέ
2856 1792 2956 1864 μὲν
2976 1794 3057 1846 ὃτι
3091 1789 3467 1863 ιΜικρὸν,καὶ
3490 1787 3671 1841 οὐκέτι
3706 1785 3971 1855 θεωρεῖτέ

720 1883 1000 1949 occurrit;
1038 1884 1181 1939 unde
1212 1885 1267 1938 lit
1299 1892 1355 1938 ut
1390 1901 1496 1939 non
1538 1886 1657 1942 sine
1690 1894 1836 1941 metu
1882 1887 2106 1943 videant
2135 1904 2291 1943 acce-

2401 1906 2493 1958 με,
2522 1906 2539 1938 ι
2564 1886 2661 1941 καὶ
2700 1886 2882 1951 πάλιν,
2924 1904 2942 1937 t
2974 1885 3191 1956 μικρὸν,
3229 1883 3325 1937 καὶ
3357 1881 3556 1951 ὄψεσθέ
3588 1897 3678 1950 με,
3708 1899 3726 1930 ι
3768 1878 3903 1930 ποτὲ
3935 1876 3993 1931 δὲ

719 1974 941 2030 dentem
977 1996 990 2031 :
1028 1982 1429 2033 exborrescunt
1474 1980 1645 2043 enim,
1675 1988 1735 2035 ut
1770 1984 2084 2038 necessario
2130 1983 2293 2052 quid-

720 2066 845 2119 dam
899 2068 1027 2123 hinc
1078 2071 1492 2141 intelligendum
1534 2088 1755 2143 quoque
1808 2076 1970 2130 nobis
2009 2084 2293 2145 appareat.

722 2154 1027 2212 Descendet
1061 2162 1204 2213 enim
1243 2161 1310 2216 de
1342 2162 1506 2228 celo,
1531 2165 1736 2219 mundo
1766 2166 1933 2219 veluti
1965 2175 2130 2221 noctu
2159 2183 2296 2237 quo-

720 2247 1012 2304 dammodo
1036 2251 1366 2320 dormiente,
1390 2263 1443 2307 et
1471 2256 1526 2309 in
1558 2258 1728 2311 multa
1760 2269 1982 2326 peccata
2006 2270 2292 2316 stertente.

722 2339 933 2395 Idcirco
967 2344 1112 2395 enim
1145 2343 1213 2397 ad
1240 2360 1339 2400 nos
1374 2348 1575 2401 alicubi
1607 2363 1831 2418 quoque
1861 2350 1937 2403 ait
1966 2369 1978 2404 :
2010 2368 2029 2401 ‹
2067 2351 2297 2421 \‘igilate

719 2449 872 2503 ergo,
897 2436 1021 2503 quia
1052 2437 1279 2490 nescitis
1305 2452 1412 2506 qua
1443 2438 1572 2491 liora
1598 2438 1864 2495 Dominus
1900 2450 2077 2496 vester
2105 2453 2297 2497 ventu-

722 2542 817 2581 rus
852 2537 937 2582 est
982 2529 1049 2582 ".
1103 2549 1119 2581 ι
1170 2528 1280 2584 Nec
1319 2532 1502 2586 minus
1545 2532 1593 2586 id
1628 2549 1693 2587 ex
1724 2534 1998 2603 virginum
2038 2537 2297 2603 parabola

720 2619 1023 2675 discemus.
1075 2623 1333 2692 Quinque
1365 2624 1513 2678 enim
1553 2624 1852 2693 prudentes
1886 2626 2125 2696 virgines
2175 2643 2297 2683 esse

723 2712 821 2773 ait,
857 2715 1057 2768 stultas
1090 2731 1238 2778 vero,
1261 2718 1503 2793 quinque
1529 2735 1541 2769 :
1570 2735 1589 2766 ι
1618 2716 1821 2778 Moram
1852 2728 2030 2772 autem
2066 2720 2299 2775 faciente

724 2817 930 2871 sponso
964 2805 1401 2861 dormilaverunt
1434 2824 1648 2870 omnes,
1682 2817 1737 2864 ct
1767 2810 2147 2876 dormierunt;
2185 2828 2297 2867 me-

721 2892 811 2947 dia
834 2903 1025 2950 autem
1065 2906 1227 2953 nocte
1266 2901 1473 2955 clamor
1498 2900 1675 2957 factus
1716 2910 1800 2957 cst
1834 2921 1847 2956 :
1878 2902 2015 2958 Ecce
2060 2920 2298 2973 sponsus

725 2987 908 3050 venit;
945 2990 1091 3043 exite
1120 2990 1337 3044 obviam
1370 2992 1419 3046 ei
1453 2992 1517 3045 ⁸⁷.
1555 3012 1573 3044 ι
1599 2992 1793 3049 Cernis
1826 3002 1884 3047 ut
1928 2997 2103 3049 media
2139 3008 2300 3053 nocte

721 3093 962 3146 mpousus
1010 3081 1169 3136 nobis
1216 3083 1514 3139 adventare
1562 3087 1887 3139 nuntietur?
1928 3086 2065 3152 Quis
2114 3098 2295 3142 autem

724 3172 817 3224 ille
863 3173 935 3225 sit
978 3174 1208 3239 clamor,
1257 3184 1312 3230 et
1360 3176 1583 3246 quinam
1626 3193 1895 3235 occursus
1944 3181 2165 3236 divinus
2208 3182 2298 3237 ille

724 3259 929 3319 Paulus
959 3265 1264 3321 declarabit
1300 3269 1509 3335 dicens,
1543 3270 1680 3325 alias
1707 3272 1953 3341 quidem,
1984 3274 2163 3343 ipsum
2193 3273 2300 3328 Do-

727 3355 935 3409 minum
960 3359 1012 3410 in
1059 3360 1345 3424 missione,
1395 3361 1449 3415 in
1490 3376 1624 3417 voce
1673 3365 2009 3434 archangeli,
2054 3364 2108 3419 in
2168 3365 2297 3420 tuba

727 3443 818 3500 Dei
841 3447 1236 3504 descensurum
1268 3450 1337 3506 de
1368 3452 1508 3507 caelo
1536 3451 1615 3519 ³⁹;
1653 3453 1791 3508 alias
1821 3468 1972 3517 vero,
1997 3452 2066 3509 de
2089 3454 2298 3509 sanctis

726 3540 818 3609 qui
843 3541 1253 3597 resurrexerint
1286 3561 1299 3598 :
1338 3561 1355 3595 ι
1386 3543 1526 3608 Quia
1558 3552 1613 3598 et
1645 3560 1747 3599 nos
1782 3545 1876 3615 qui
1914 3545 2173 3611 vivimus,
2203 3546 2299 3614 qui

728 3634 934 3688 residui
970 3650 1183 3699 sumus,
1213 3635 1379 3690 simul
1405 3651 1531 3690 cum
1574 3636 1709 3707 ipsis
1737 3636 1792 3691 in
1835 3637 2077 3692 nubibus
2121 3638 2300 3707 rapie-

724 3742 849 3782 mur
880 3728 1098 3781 obviam
1146 3728 1370 3803 Christo
1419 3729 1473 3783 in
1523 3743 1649 3783 aera
1671 3769 1685 3791 ,
1718 3737 1771 3784 et
1800 3730 1880 3785 sic
1915 3744 2131 3799 semper
2173 3744 2299 3783 cum

726 3818 964 3874 Domino
1003 3821 1210 3876 erimus
1248 3821 1315 3874 ⁵⁸.
1363 3840 1381 3873 ι
1420 3820 1574 3887 Quod
1625 3828 1806 3874 autem
1856 3822 2111 3892 discipuli
2150 3830 2300 3877 metu

728 3912 967 3981 perculsi
1023 3912 1268 3979 fuerunt,
1324 3913 1449 3968 licet
1496 3914 1802 3968 venientem
1862 3914 2196 3984 aspicerent,
2248 3921 2302 3969 et

726 4002 1047 4060 laborantes
1101 4011 1263 4074 atque
1295 4005 1583 4075 vigilantes
1617 4003 2184 4075 deprehenderentur,
2222 4006 2301 4061 si-

728 4096 954 4163 gniﬁcat
1016 4097 1361 4151 tremendum
1420 4096 1641 4167 quidem
1695 4096 1936 4167 iudicem
1991 4098 2045 4151 in
2111 4112 2303 4155 omnes

727 4194 1041 4253 venturum,
1064 4188 1311 4259 adeoque
1331 4189 1543 4258 justum
1580 4188 1648 4243 de
1682 4202 1743 4243 se
1764 4189 2015 4244 timorem
2044 4190 2302 4246 omnibus

729 4280 1107 4346 iucussurnm,
1148 4284 1349 4350 quippe
1379 4281 1471 4350 qui
1506 4294 1602 4349 per
1634 4281 1811 4351 ignem
1855 4280 2170 4351 probandus
2207 4281 2300 4345 sit,

732 4372 860 4425 licet
894 4372 1043 4425 illius
1083 4371 1378 4426 adventum
1410 4388 1626 4446 semper
1660 4381 1959 4440 exspectet,
1995 4388 2094 4427 nec
2125 4377 2301 4427 virtu-

731 4474 845 4517 tum
882 4464 1099 4520 labores
1127 4466 1411 4535 abjecerit,
1450 4463 1545 4519 sed
1580 4466 1736 4520 bonis
1782 4466 1981 4537 vigiliis
2015 4475 2069 4521 ct
2097 4467 2304 4522 sobrie-

2397 1980 2579 2042 πάλιν,
2613 2000 2630 2031 ι
2669 1979 2859 2049 Θλίψιν
2890 1978 3041 2043 ’ἐξετε
3076 1980 3132 2030 ἐν
3165 1978 3242 2047 τῷ
3269 1976 3489 2046 κόσμῳ·
3538 1973 3677 2027 ἀλλά
3711 1972 3992 2043 θαρσεῖτε,

2396 2070 2508 2139 ἐγὼ
2535 2072 2796 2141 νενίκηκα
2831 2072 2922 2123 τὸν
2956 2070 3183 2139 κόσμον.
3216 2089 3234 2121 ι
3266 2067 3496 2122 Κάτεισί
3533 2064 3609 2134 γε’
3632 2065 3739 2135 μὴν
3782 2062 3876 2117 διὰ
3901 2082 3992 2117 νυ-

2397 2162 2524 2226 κτὸς
2546 2163 2654 2217 ἀπὸ
2686 2163 2778 2216 τοῦ
2815 2164 2974 2237 ΙΒρους
3004 2164 3033 2215 ό
3068 2161 3293 2231 Κύριος,
3323 2152 3547 2223 καὶτοῖς
3578 2158 3776 2212 ἑαυτοῦ
3816 2157 3990 2228 μαθηο

2396 2257 2518 2317 ταῖς
2536 2254 2921 2324 ¹ἀγρυπνοῦσιν
2949 2255 3207 2325 ἐπιφοιτᾷ
3228 2270 3240 2283 ·
3273 2252 3369 2305 καὶ
3390 2251 3521 2320 γοῦν
3546 2252 3693 2303 ἰόντα
3721 2248 3991 2320 προσϐλέο

2398 2364 2561 2400 πουσι
2587 2347 2789 2410 δειλίας
2822 2348 2883 2399 ού
2909 2346 3063 2417 δίχα·
3097 2345 3525 2417 καταφρίττουσι
3556 2343 3688 2412 γὰρ,
3725 2344 3817 2394 ἵνα
3845 2344 3909 2412 δή
3940 2358 3991 2394 τι

2396 2440 2458 2492 τὸ
2489 2441 2785 2507 ἀναγκαῖον
2813 2440 2893 2502 είς
2922 2439 3106 2509 νόησιν
3136 2438 3232 2490 καὶ
3260 2438 3348 2490 διά
3371 2436 3577 2488 τούτων
3607 2436 3737 2503 ἡμῖν
3763 2434 3994 2501 ἀναφαί-

2398 2549 2575 2602 νηται.
2591 2531 2975 2601 Καταϐήσεται
2995 2530 3102 2601 γὰρ
3120 2530 3178 2595 ἐξ
3196 2529 3427 2599 ούρανοῦ
3457 2527 3709 2596 καθάπερ
3726 2528 3786 2578 ἐν
3809 2526 3991 2590 νυκτὶ,

2401 2625 2744 2695 κοιμωμένου
2779 2625 2980 2694 τρόπον
3010 2624 3133 2677 τι.νά
3165 2622 3257 2676 τοῦ
3289 2622 3517 2691 κόσμου,
3553 2619 3649 2672 καὶ
3680 2622 3763 2679 είς
3792 2616 3991 2688 πολλὴ)

2402 2719 2688 2788 ῥέγχοντος
2722 2716 3016 2786 ἁμαρτίαν.
3070 2715 3169 2768 Διὰ
3197 2714 3304 2784 γὰρ
3332 2711 3511 2774 τοῦτο,
3553 2712 3647 2763 καὶ
3672 2710 3814 2780 πρὸς
3845 2710 3993 2778 ἡμᾶς

2400 2812 2501 2863 πού
2537 2826 2670 2880 φησι
2706 2825 2718 2840 ·
2748 2829 2765 2860 ι
2803 2810 3132 2880 Γρηγορεῖτε
3170 2803 3263 2860 οὖν
3285 2846 3300 2868 ,
3354 2806 3435 2858 ὄτι
3470 2806 3569 2858 οὐκ
3610 2804 3794 2856 οἴδατε
3833 2800 3994 2856 ποίαν

2398 2901 2547 2969 ὥραν
2575 2902 2603 2953 ὁ
2635 2901 2839 2969 Κύριος
2866 2900 3019 2971 ὑμῶν
3051 2899 3290 2969 ἔρχεται.
3319 2916 3338 2949 ι
3379 2896 3588 2960 Διδάξει
3617 2895 3675 2948 δέ
3709 2894 3869 2948 οῦδὲν
3897 2888 3993 2964 ἦτ-

2397 3010 2491 3047 τον
2522 2995 2669 3063 ήμᾶς
2696 2994 2787 3046 καὶ
2815 2995 2847 3063 ή
2880 2993 2975 3045 ἐπὶ
3010 2995 3130 3054 ταῖς
3164 2988 3459 3060 παρθένοις
3492 2986 3779 3057 παραϐολὴ
3809 2986 3873 3038 τὸ
3902 2986 3992 3037 λε-

2399 3088 2650 3155 γόμενον.
2700 3087 2869 3140 Πέντε
2915 3086 3014 3154 μὲν
3045 3084 3156 3154 γάρ
3192 3081 3291 3146 τάς
3320 3081 3616 3152 φρονίμους
3659 3075 3803 3132 εἷναί
3833 3094 3990 3147 φησι,

2404 3180 2594 3251 μωρὰς
2624 3180 2680 3231 δὲ
2699 3179 2798 3241 τάς
2822 3178 3003 3231 πέντε.
3030 3197 3047 3228 ι
3072 3175 3231 3228 Ἀλλά
3260 3172 3612 3245 βραδύνοντος
3628 3170 3722 3225 τοῦ
3755 3170 3991 3240 νυμφίου

2401 3272 2700 3338 ἐνύσταξαν
2751 3273 2924 3324 πᾶσαι
2969 3269 3063 3322 καὶ
3113 3267 3439 3321 ἐκάθευδονο
3489 3265 3659 3334 μέσης
3693 3263 3751 3315 δὲ
3798 3262 3993 3322 νυκτὸς

2401 3366 2617 3436 κραυγὴ
2651 3364 2872 3432 γέγονεν
2896 3379 2909 3393 ο
2950 3360 3077 3415 Ἰδοὺ
3111 3363 3138 3413 ό
3161 3360 3423 3430 νυμφίος,
3452 3357 3744 3427 ἐξέρχεσθε
3780 3358 3863 3420 εἰς
3892 3358 3993 3408 ὑπ·

2402 3458 2646 3526 ἀντησιν.
2675 3474 2693 3507 ι
2744 3456 2905 3526 Ὁρᾷς
2934 3455 3082 3515 ὅπως
3104 3452 3192 3505 διά
3230 3453 3404 3521 μέσης
3451 3450 3643 3512 νυκτὸς
3685 3450 3713 3502 ό
3758 3448 3992 3518 νυμφίος

2400 3554 2533 3622 ἡμῖν
2565 3550 2884 3618 ἀγγέλλεται
2908 3567 2922 3613 ;
2951 3548 3045 3611 Τίς
3079 3547 3136 3600 δέ
3166 3546 3352 3598 λοιπὸν
3387 3546 3419 3612 ἡ
3448 3544 3686 3614 κραυγὴ,
3714 3543 3814 3595 καὶ
3837 3545 3868 3595 ό
3896 3543 3993 3612 τῆς

2402 3645 2762 3714 ἀπαντήσεως
2812 3640 3049 3712 τρόπος,
3111 3640 3367 3709 σαφηνιεῖ
3410 3638 3584 3705 λέγων
3628 3639 3658 3689 ό
3705 3636 3995 3697 θεσπέσιος

2404 3734 2635 3799 Παῦλος,
2656 3732 2785 3785 ποτὲ
2820 3733 2915 3801 μὲν
2934 3733 3016 3784 ὅτι
3042 3730 3242 3792 «Αὐτὸς
3268 3731 3297 3782 ό
3322 3728 3525 3799 Κύριος
3554 3730 3611 3779 ἐν
3632 3725 3989 3794 κελεύσματι,

2404 3829 2463 3880 ἐν
2497 3828 2645 3895 φωνῇ
2677 3823 3041 3895 ἀρχαγγέλου,
3072 3824 3130 3876 ἐν
3160 3822 3423 3889 σάλπιγγι
3444 3818 3582 3874 Θεοῦ
3614 3818 3992 3887 καταϐήσεται

2403 3920 2496 3973 ἀπ’
2532 3918 2763 3990 οὐρανοῦ
2786 3936 2832 3969 ἰ
2865 3917 2993 3970 ποτέ
3022 3916 3079 3969 δέ
3107 3916 3270 3970 πάλιν
3292 3915 3421 3985 περὶ
3448 3912 3557 3966 τῶν
3598 3910 3993 3981 ἐγηγερμένων

2406 4014 2578 4081 ἀγίων
2598 4030 2613 4043 ·
2644 4034 2661 4063 ι
2688 4013 2807 4065 Ὅτι
2838 4011 2931 4065 καὶ
2952 4012 3116 4079 ἡμεῖς
3147 4011 3196 4061 οῖ
3219 4007 3422 4072 ζῶντες
3451 4008 3501 4059 οἱ
3524 4004 3990 4075 περιλειπόμενοι,

2406 4106 2524 4176 ἃμα
2555 4106 2741 4167 αὐτοῖς
2771 4107 2830 4157 ἐν
2855 4104 3106 4173 νεφέλαις
3155 4099 3590 4172 ἁρπαγησόμεθα
3636 4100 3719 4161 είς
3743 4097 3992 4166 ἀπάντη-

2410 4215 2493 4251 σιν
2520 4197 2613 4251 τοῦ
2644 4198 2848 4267 Κυρίου
2880 4198 2959 4260 είς
2988 4196 3127 4266 ἀέρα
3146 4237 3159 4259 ,
3196 4194 3290 4248 καὶ
3318 4192 3459 4245 οὕτω
3486 4192 3714 4245 πάντοτε
3748 4190 3847 4242 σὺν
3880 4190 3993 4242 Κυ-

2412 4290 2511 4361 ρίῳ
2538 4288 2793 4358 ἐσόμεθα.
2825 4307 2841 4339 ι
2869 4286 2944 4357 Ἰξδ
2978 4286 3035 4340 δὲ
3066 4286 3215 4357 φόϐῳ
3244 4284 3536 4356 βεϐλῆσθαι
3560 4283 3687 4341 τοὺς
3716 4280 3992 4351 μαθητὰς,

2408 4380 2584 4433 καίτοι
2619 4377 2959 4447 θεωροῦντας
2987 4377 3302 4447 ἐρχόμενον,
3326 4374 3419 4427 καὶ
3447 4374 3505 4425 ἐν
3526 4372 3673 4441 πόνῳ
3706 4374 3801 4424 καὶ
3828 4374 3996 4441 ἐγρηο

2408 4472 2597 4543 γόρσει
2628 4472 3101 4542 κατειλημμένους
3120 4508 3135 4533 ,
3196 4470 3373 4522 ἐκεῖνο
3401 4466 3551 4536 δηλοῖ
3569 4506 3584 4527 .
3638 4468 3719 4518 ὅτι
3762 4462 3994 4534 φοϐερὸς

732 4556 829 4608 tati
860 4557 931 4611 sit
961 4557 1281 4611 innutritus.
1313 4554 1595 4628 Navigium
1628 4564 1807 4611 autem
1840 4572 1963 4611 cum
1994 4559 2112 4613 suis
2136 4559 2296 4613 disci-

2417 4564 2516 4634 μὲν
2551 4564 2644 4617 ἐπὶ
2672 4564 2881 4626 πάντας
2910 4561 3031 4633 ἥξει
3064 4562 3285 4632 κριτὴς,
3337 4556 3670 4626 καταπλήξει
3699 4556 3757 4608 δὲ
3784 4556 3995 4617 πάντας

732 4651 878 4718 pnlis
911 4665 1018 4703 non
1052 4650 1358 4719 ingreditur
1380 4658 1638 4721 tauquam
1670 4666 1792 4707 cum
1826 4652 1892 4707 iis
1919 4653 2297 4722 navigaturus.

734 4739 831 4794 sed
860 4740 988 4794 illud
1017 4741 1199 4810 potius
1235 4741 1289 4795 in
1316 4750 1517 4795 terram
1552 4742 1798 4811 impellit.
1832 4740 1949 4797 Non
1980 4744 2123 4797 enim
2152 4743 2305 4799 Chri-

734 4845 856 4889 stus
896 4835 1177 4903 apparebit
1206 4834 1442 4904 amplius
1472 4835 1780 4890 colentibus
1825 4849 1884 4890 se
1930 4836 1995 4888 ad
2049 4836 2302 4891 virtutem

735 4940 831 4979 eos
858 4925 1225 4994 perfecturus.
1259 4926 1354 4980 sed
1392 4926 1502 4995 jam
1535 4925 1699 4997 294
1732 4926 1992 4995 perfectis
2026 4936 2307 4997 exspecta-

736 5021 851 5062 tnui
888 5012 1044 5067 tlnem
1075 5013 1455 5083 impositurus.

2407 4657 2492 4725 ἐφ’
2516 4656 2713 4725 ἐαυτῷ,
2736 4656 2829 4709 καὶ
2856 4656 2885 4707 ό
2908 4653 3225 4717 δίκαιος,ὡς
3242 4652 3329 4705 διὰ
3353 4650 3522 4722 πυρὸς
3539 4646 3994 4717 δοκιμαζόμενος,

2411 4750 2589 4803 καίτοι
2639 4747 3067 4819 προαναϐλέπων
3112 4747 3201 4798 ἀεὶ
3240 4745 3330 4797 τὸν
3381 4742 3735 4812 ἀφιξόμενον,
3767 4743 3867 4793 καὶ
3900 4742 3998 4794 οὐκ

2410 4840 2651 4909 ὀκνήσας
2682 4842 2760 4903 είς
2802 4841 2997 4903 πόνους
3024 4840 3149 4902 τοὺς
3182 4838 3269 4891 ἐπ’
3297 4837 3464 4907 ἀρετῇ
3483 4874 3497 4897 .
3521 4833 3677 4903 νήφει
3702 4848 3763 4884 τι
3793 4833 4000 4901 ὁμοίως

2415 4933 2510 4985 καὶ
2553 4933 2729 5003 ἀγαθῇ
2770 4932 3069 5005 γρηγόρσει
3117 4927 3610 4999 συντεθραμμένος.
3662 4925 3740 4978 Οὐ
3786 4940 4002 4977 συνεισ-

2414 5026 2633 5096 έρχεται
2677 5025 2735 5078 δὲ
2766 5029 2879 5089 τοῖς
2919 5022 3111 5078 ἑαυτοῦ
3160 5020 3457 5093 μαθηταῖς,
3502 5018 3577 5080 ὡς
3627 5016 4002 5087 συμπλεύσων

733 5108 763 5159 ό
790 5103 1029 5176 Κύριος,
1058 5106 1338 5175 ἐφορμίζει
1363 5104 1419 5159 δὲ
1458 5106 1655 5175 μᾶλλον
1684 5109 1749 5176 τῇ
1782 5106 1959 5177 χέρσῳ
1989 5108 2049 5160 τὸ
2115 5108 2340 5179 σκάφος.
2416 5116 2493 5169 Οὐ
2551 5116 2661 5187 γὰρ
2707 5115 3055 5187 συνεργήσων
3103 5110 3183 5165 ἐτι
3224 5108 3359 5179 πρὸς
3402 5104 3739 5175 κατόρθωσιν
3790 5104 4001 5173 ἀρετῆς

735 5201 849 5260 τοῖς
871 5196 1032 5249 αὑτὸν
1062 5196 1373 5265 σεϐομένοις
1398 5196 2001 5266 ἐπιφανεῖταιΧριστὸς,
2035 5197 2169 5253 ἀλλά
2232 5204 2345 5267 τοῖς
2381 5204 2480 5276 ήδη
2532 5206 2989 5277 κατωρθωμένοις
3027 5205 3202 5275 πέρας
3237 5201 3512 5272 ἐπιθήσων
3573 5196 3636 5251 τὸ
3680 5198 3999 5269 προσδοκῶ·

788 5330 924 5369 ενον.

788 5335 924 5369 Ξνον.

745 5335 782 5387 μ
813 5404 903 5468 Vl.
944 5404 1046 5463 22.
1084 5403 1171 5456 275.
1226 5404 1406 5458 Altera
1440 5404 1554 5467 die,
1603 5406 1755 5458 turba
1788 5420 1903 5469 qui:
1936 5406 2111 5459 stabat
2161 5417 2310 5461 trans

746 5517 910 5562 mare,
943 5498 1073 5553 vidit
1111 5499 1233 5564 quia
1263 5499 1508 5551 navicula
1549 5498 1659 5550 alia
1690 5514 1791 5549 non
1820 5508 1933 5550 erat
1966 5498 2036 5549 ibi
2072 5500 2173 5551 nisi
2205 5516 2311 5552 una

744 5596 843 5648 illa
873 5594 925 5645 in
958 5609 1115 5662 quam
1157 5593 1376 5661 ingressi
1419 5592 1628 5658 {nerant
1665 5590 1911 5660 discipuli
1942 5592 2076 5661 ejus,
2109 5602 2159 5646 et
2186 5595 2311 5663 quia

820 5752 869 5785 ³³
894 5750 1036 5805 Psal.
1064 5768 1180 5811 ειιι,
1201 5753 1252 5805 5.
1330 5753 1376 5784 "‘
1400 5751 1534 5806 Luc.
1563 5753 1820 5817 xxiv,‘26.
1898 5754 1966 5785 W
1989 5753 2189 5811 Joann.
2224 5774 2311 5811 xu

755 5838 881 5893 xxv,
914 5824 969 5890 5,
994 5822 1046 5877 6.
1081 5823 1126 5854 "
1150 5822 1406 5879 llTliess.
1447 5840 1497 5891 ν,
1527 5823 1615 5878 ιὸ.
1693 5827 1736 5858 ⁸⁹
1764 5825 1897 5878 Ibid.
1934 5824 2017 5878 16.

2494 5409 2573 5479 Τῇ
2603 5411 2891 5477 ἐπαύριον
2931 5410 2962 5461 ό
2983 5406 3166 5474 ὄχλος
3200 5407 3232 5458 ό
3251 5399 3523 5469 έστηκὼς
3558 5397 3744 5465 ,πέραν
3761 5398 3873 5465 τῆς
3901 5403 4001 5453 00'

2418 5502 2696 5569 .ldaanq,
2750 5499 2893 5553 ῑόων
2925 5499 3013 5552 ὅτι
3054 5495 3367 5564 πλοιάριον
3394 5493 3549 5546 ἄλλο
3578 5492 3690 5543 οὐκ
3730 5485 3811 5558 ἥν
3854 5491 3997 5555 ἐκεῖ,

2420 5596 2471 5648 εί
2490 5594 2575 5663 μὴ
2601 5593 2670 5647 ἐν
2699 5592 2893 5647 έκεῖνο
2925 5594 3014 5657 είς
3057 5588 3088 5643 ὃ
3116 5587 3421 5653 ἀνέϐησαν
3440 5586 3494 5637 οι
3508 5582 3763 5651 μαθηται
3787 5582 3996 5645 αὑτοῦ,

2338 5797 2350 5823 ,
2389 5756 2471 5812 16.
2556 5756 2600 5789 ⁸⁸
2623 5756 2779 5812 Joan.
2831 5749 2943 5819 xv'i,
2971 5752 3058 5808 36.
3142 5749 3188 5783 “
3214 5746 3379 5801 Marc.
3424 5758 3541 5809 xm,
3566 5740 3656 5795 3'5.
3733 5739 3777 5769 "
3806 5734 3994 5791 11³ιώ-
