4218 6500
131 433 228 486 875

1191 427 1259 482 IN
1297 427 1585 485 JOANNIS
1620 426 2070 485 EVANGELIUM
2113 426 2241 480 LIB.
2283 427 2372 482 lll.

3309 426 3417 482 4'75

128 547 220 597 καὶ
248 545 344 598 ὅτε
380 546 456 600 οὐ
483 544 756 613 συνῆλθε
800 545 924 612 τοῖς
957 546 1252 614 μαθηταῖς
1292 547 1480 600 αὑτοῦ
1527 550 1614 611 εὶς
1655 547 1721 598 τὸ

1847 563 1923 600 [οη
1959 545 2228 598 introisset
2279 561 2394 598 cum
2433 545 2715 612 discipulis
2764 547 2875 600 suis
2914 543 3075 600 Iesus
3115 548 3171 599 in
3209 551 3408 618 navim,

128 634 347 687 πλοῖον
369 639 403 689 ό
445 634 703 701 Ἰησοῦς,
738 635 878 690 ἀλλ’
915 640 968 689 οὶ
1000 637 1260 704 μαθηταὶ
1302 637 1488 689 αὑτοῦ
1526 635 1723 703 ἀπῆλ-

128 726 254 777 θον.
286 726 490 777 Ἀλλα
516 724 586 776 δὲ
605 721 753 793 ἦλθε
773 725 1056 792 πλοιάρια
1074 725 1141 778 ἐκ
1167 726 1519 794 Τιϐεριάδος,
1547 726 1727 794 ἐγγὺς

129 817 233 870 τοῦ
282 820 516 881 τόπου,
567 817 720 872 ὅπου
744 820 970 888 ἔφατον
1013 817 1121 872 τὸν
1158 819 1342 887 ἄρτον
1370 819 1726 888 εὐχαριστή-

127 926 360 976 σαντος
390 910 498 962 τοῦ
527 913 771 978 Κυρίου.

191 1004 275 1055 Ὀ)
310 1003 565 1056 λανθάνει
595 1004 658 1056 τὸ
691 1003 992 1075 παράδοξον
1015 1044 1026 1066 ,
1078 1007 1138 1059 τὸ
1183 1006 1270 1058 ἐπ’
1298 1004 1470 1073 αὐτῆς
1511 1003 1613 1072 τῆς
1643 1003 1730 1056 θα-

132 1094 370 1162 λάσσης,
412 1093 579 1164 φημὶ,
622 1096 992 1166 περιπατῆσαι
1021 1094 1112 1147 τὸν
1157 1095 1394 1164 Ἰησοῦν,
1421 1095 1596 1148 καίτοι
1641 1094 1728 1147 διὰ

133 1185 332 1248 νυκτὸς
353 1227 366 1248 ,
420 1186 516 1237 καὶ
549 1187 607 1236 ἐν
646 1188 823 1256 σκότῳ
853 1187 1217 1256 γεγενημένον
1238 1230 1251 1250 ,
1297 1188 1389 1240 καὶ
1429 1187 1730 1257 λεληθότως

135 1275 522 1346 οἰκονομηθέν.
573 1277 994 1330 ’Υπαισθάνεται
1033 1278 1088 1330 δὲ
1119 1278 1229 1332 τῶν
1260 1279 1574 1332 ἀκολουθεῖν
1605 1283 1728 1342 sim-

137 1367 306 1420 θότων
350 1367 380 1419 ὁ
427 1367 638 1437 δῆμος,
685 1369 776 1421 διὰ
820 1369 1021 1437 πολλῆς
1063 1385 1242 1433 τινος,
1291 1371 1366 1433 ὡς
1407 1370 1547 1423 ἔοικε
1577 1411 1588 1431 ,
1633 1371 1731 1440 τῆς

134 1460 522 1528 ἐπιτηρήσεως
559 1459 1094 1531 πληροφορούμενος,
1117 1461 1197 1514 ὅτι
1232 1463 1366 1532 μήτε
1400 1463 1731 1532 συμπλεύσοι

142 1551 248 1611 τοῖς
315 1550 518 1601 ἐαυτοῦ
590 1551 897 1621 μαθηταῖς,
977 1553 1114 1621 μήτε
1182 1553 1288 1622 μὴν
1370 1555 1541 1624 ἑτέρῳ
1619 1555 1733 1607 δια-

139 1640 494 1712 πορθμεῦσαι
529 1644 606 1712 τῷ
641 1644 856 1712 σκάφει.
892 1645 1068 1698 Μόνον
1098 1646 1206 1715 γὰρ
1237 1641 1303 1714 ἦν
1333 1648 1506 1698 ἐκεῖσε
1540 1647 1599 1698 τὸ
1627 1647 1735 1698 τῶν

141 1732 494 1796 ἀποστόλων,
525 1733 553 1786 ὃ
579 1733 644 1803 δὴ
674 1735 769 1786 καὶ
803 1736 1059 1798 λαϐόντες
1092 1735 1419 1805 προῲχοντο.
1456 1736 1622 1789 Οὐδὲν
1644 1733 1735 1789 οὖν

141 1823 248 1893 ἄρα
275 1825 534 1878 λανθάνει
564 1825 674 1878 τῶν
714 1827 934 1894 ἀγαθῶν
956 1868 969 1890 ,
1019 1830 1123 1883 κᾶν
1174 1830 1476 1900 λεληθότως
1509 1830 1612 1882 ὑπό
1643 1847 1735 1882 του

140 1915 364 1982 τελῆται
420 1917 614 1984 τυχὸν,
663 1918 760 1969 καὶ
810 1919 1005 1988 ἀληθὲς,
1057 1919 1305 1972 ἐντεῦθεν
1350 1919 1588 1989 ὀψόμεθα
1633 1920 1731 1982 τὸ,
1769 1909 1808 1961 Β

148 2007 362 2058 «Οὐδὲν
407 2010 686 2076 κρυπτὸν,
729 2010 757 2061 ὃ
791 2013 848 2062 οὐ
900 2011 1373 2081 φανερωθήσεται,
1437 2013 1557 2064 οὐδὲ
1602 2004 1736 2064 ἀπό·-

144 2115 354 2167 κρυφον
379 2139 393 2160 ,
441 2101 470 2151 ὂ
512 2101 573 2153 οὐ
621 2103 697 2171 μὴ
731 2103 978 2172 γνωσθῇ,
1033 2105 1128 2157 καὶ
1157 2107 1235 2166 εἰς
1267 2104 1498 2173 φανερὸν
1528 2104 1673 2175 ἔλθῃ.
1712 2124 1730 2156 ι

142 2189 360 2260 Χρῆναί
423 2209 566 2261 φημι
608 2195 899 2263 τοιγαροῦν
949 2195 1038 2248 τὸν
1092 2199 1203 2258 τοῖς
1257 2196 1458 2265 ἴχνεσιν
1509 2195 1733 2248 ἀκολου-

144 2281 251 2334 θεῖν
279 2283 537 2338 ἐθέλοντα
579 2285 674 2338 τοῦ
703 2288 976 2356 Χριστοῦ,
1018 2289 1114 2341 καὶ
1168 2287 1310 2340 κατὰ
1344 2289 1401 2340 τὸ
1455 2287 1736 2358 ἐγχωροῦν

144 2373 422 2444 ἀνθρώπῳ
455 2377 590 2446 πρὸς
626 2378 717 2430 τὸν
761 2380 817 2431 ἐν
849 2379 1040 2449 ἐκείνῳ
1078 2379 1496 2432 διαπλάττεσθαι
1547 2379 1736 2442 τύπον,

150 2464 220 2534 μὴ
251 2466 610 2536 φιλοκόμπως
651 2470 970 2536 ἐπείγεσθαι
1011 2471 1202 2541 διαζῇν
1225 2513 1238 2534 ,
1291 2470 1423 2540 μηδὲ
1458 2472 1538 2532 εἰς
1564 2469 1734 2540 θήραν

145 2557 397 2609 ἐπαίνων.
434 2559 751 2624 ἐξέλκεσθαι
791 2563 1046 2616 ποιοῦντα
1087 2565 1186 2630 τὴν
1227 2563 1458 2633 ἀρετὴν,
1514 2563 1647 2632 μηδὲ
1691 2565 1739 2614 ει

147 2647 450 2716 παράδοξόν
500 2667 621 2701 τινα
683 2653 776 2702 καὶ
829 2651 947 2703 λίαν
1012 2651 1387 2721 ἐξησκημένον
1428 2651 1742 2704 ἐπανέλοιτο

149 2740 281 2808 βίον,
340 2743 406 2793 οὐ
442 2742 679 2810 μετρίως
708 2742 1027 2806 δοξάζεσθαι
1064 2743 1154 2796 διὰ
1181 2744 1340 2796 τοῦτο
1371 2744 1574 2812 φιλεῖν,
1606 2743 1742 2796 ἀλλά

1828 637 1916 690 sed
1945 637 2047 690 soli
2077 635 2324 701 discipuli
2343 639 2459 703 ejus
2487 636 2761 690 abiissent.
2796 637 2932 692 Alia:
2955 653 3076 691 uera
3101 651 3408 704 supervene-

1829 742 1950 782 runt
1983 744 2137 782 nates
2167 746 2199 780 a
2233 725 2510 782 Tiberiade
2555 729 2720 798 juxta
2771 728 2945 781 locum
2976 729 3063 782 ubi
3115 729 3411 784 manduca-

1831 832 2008 876 verunt
2047 839 2260 892 panem,
2291 821 2497 890 gratias
2530 831 2715 892 agente
2742 819 2991 874 Domino.

1901 1002 2018 1057 Non
2061 1004 2195 1057 latet
2229 1003 2558 1058 miraculum
2599 1020 2709 1072 quo
2744 1018 2911 1074 supra
2948 1017 3101 1058 mare
3144 1002 3406 1057 nimirum

1831 1096 2078 1167 graditur
2107 1095 2303 1166 Jesus,
2334 1098 2461 1152 licet
2494 1104 2657 1151 noctu
2710 1104 2763 1149 et
2805 1097 2858 1149 in
2908 1094 3154 1151 tenebris
3207 1094 3414 1149 factum

1835 1191 1928 1256 sit,
1949 1197 2002 1242 ρι
2035 1191 2174 1244 clam
2199 1189 2537 1252 ordinatum.
2574 1189 2860 1243 Subsentit
2883 1189 3025 1241 enim
3049 1188 3204 1242 turba
3223 1203 3414 1242 eorum

1835 1282 1926 1349 qui
1951 1283 2104 1350 sequi
2137 1282 2410 1342 solebant,
2449 1280 2659 1344 multis,
2695 1287 2752 1332 ut
2787 1277 3051 1331 credibile
3089 1285 3193 1338 est,
3229 1278 3419 1332 obser—

1835 1373 2148 1430 vationibus
2183 1372 2409 1434 edocta,
2459 1386 2559 1424 nec
2594 1386 2717 1424 cum
2767 1371 2884 1424 suis
2936 1369 3225 1438 discipulis
3263 1370 3418 1421 navi-

1835 1480 2016 1535 gasse,
2050 1480 2152 1518 nec
2197 1464 2306 1517 alio
2334 1463 2554 1532 navigio
2593 1470 2862 1516 tranasse.
2901 1459 3136 1514 Unicum
3170 1459 3313 1514 enim
3345 1459 3418 1512 ibi

1837 1565 1954 1610 erat
1991 1556 2323 1625 navigiolum
2358 1554 2734 1623 apostolorum
2756 1593 2769 1616 ,
2808 1567 2918 1620 quo
2949 1560 3236 1622 assumpto
3265 1551 3420 1620 prius

1838 1647 2227 1700 discesserant.
2264 1645 2409 1698 Nihil
2445 1661 2575 1713 ergo
2617 1645 2747 1698 boni
2798 1644 2951 1709 latet,
2983 1644 3238 1721 quamvis
3278 1643 3418 1695 clam

1839 1739 1907 1791 ah
1942 1739 2128 1808 aliquo
2159 1737 2297 1790 forte
2333 1735 2457 1802 ﬁat;
2493 1743 2547 1789 et
2578 1750 2768 1789 verum
2801 1736 2931 1789 hinc
2964 1749 3087 1789 esse
3113 1731 3423 1787 videbimus

1841 1831 1973 1883 illud
2012 1848 2024 1883 :
2064 1847 2080 1880 ι
2119 1827 2264 1881 Nihil
2302 1836 2387 1882 est
2428 1835 2678 1894 apertum
2723 1827 2868 1894 quod
2909 1840 3017 1878 non
3071 1822 3422 1878 revolandum

1841 1921 1912 1972 sit
1943 1939 1953 1974 :
1979 1929 2032 1974 et
2065 1919 2364 1984 occultum,
2394 1916 2542 1988 quod
2591 1932 2698 1970 non
2741 1916 3045 1979 sciendum,
3086 1922 3140 1968 et
3180 1915 3234 1967 in
3280 1912 3426 1966 noti-

1841 2013 1972 2064 tiam
2011 2021 2299 2064 venturum
2352 2011 2422 2062 sit
2451 2009 2514 2062 ⁸ο.
2561 2027 2578 2060 ι
2619 2009 2720 2060 Aio
2758 2007 2952 2076 itaque
2997 2013 3251 2074 oportere
3298 2018 3424 2058 eum

1842 2105 1937 2174 qui
1974 2102 2205 2173 vestigia
2241 2102 2450 2155 Christi
2491 2100 2645 2169 sequi
2679 2100 2852 2168 cupit,
2883 2106 2936 2151 et
2972 2105 3237 2166 quantum
3278 2093 3426 2147 vires

1842 2197 2097 2250 humanae
2149 2195 2460 2265 patiuntur,
2513 2193 2579 2245 ad
2611 2192 2758 2246 illius
2810 2190 3119 2259 exemplum
3173 2185 3428 2251 formari,

1845 2303 1952 2340 non
1985 2287 2050 2339 ad
2076 2286 2503 2339 ostentationem
2537 2285 2705 2339 vitam
2735 2296 3093 2351 componere,
3117 2295 3216 2333 nec
3243 2279 3424 2332 virtu-

1846 2386 1955 2432 tem
1997 2379 2306 2432 exercendo
2337 2375 2527 2430 laudes
2566 2375 2992 2442 venari,'neque
3035 2371 3081 2425 si
3130 2369 3428 2422 admirabi-

1848 2469 1951 2522 lem
1987 2477 2041 2523 et
2080 2469 2299 2538 pietatis
2334 2466 2617 2521 laboribus
2664 2463 2936 2518 addictam
2969 2462 3134 2514 vitam
3174 2459 3431 2512 institue-

1849 2561 1940 2622 rit,
1972 2560 2266 2614 immodice
2297 2569 2580 2629 propterea
2622 2557 2868 2627 gloriari,
2911 2553 3004 2608 sed
3038 2552 3172 2606 solis
3205 2549 3433 2604 Deitatis

1847 2653 2024 2706 oculis
2056 2663 2242 2720 patere
2276 2651 2447 2714 velle,
2491 2663 2614 2717 quae
2653 2655 2842 2716 operta
2888 2642 3146 2708 recludit,
3175 2649 3230 2695 et
3283 2640 3432 2711 quod

1849 2745 2160 2799 clanculum
2194 2753 2408 2814 gestum
2437 2751 2521 2797 est
2551 2742 2699 2796 clare
2727 2737 3008 2808 patefacit.

152 2836 332 2902 μόνοις
366 2836 599 2903 ὁρᾶσθαι
634 2835 807 2900 θέλειν
849 2841 960 2902 τοῖς
1007 2839 1108 2907 τῆς
1139 2839 1392 2908 θεότητος
1436 2839 1734 2910 ὀφθαλμοῖς
1775 2839 2198 2909 ἀπογυμνούσης
2228 2838 2296 2890 τὰ
2322 2836 2559 2908 κρυπτὰ,
2588 2835 2767 2888 καὶτὸ
2831 2833 3131 2904 λεληθότως
3197 2829 3440 2882 ἐπιτελε-

152 2925 275 2978 σθέν
302 2929 382 2988 εἰς
413 2927 831 2997 ἐμφανεστάτην
863 2929 1107 2997 ἀγούσης
1137 2928 1460 2997 κατάληψιν.

221 3020 356 3071 Ὅτε
382 3014 497 3072 οὖν
522 3019 682 3072 εἶδεν
721 3023 753 3073 ό
788 3021 970 3089 ὄχλος
1017 3023 1106 3074 ὅτι
1152 3023 1387 3088 Ἰησοῦς
1420 3015 1530 3075 οὐκ
1576 3024 1745 3076 ἔστιν

151 3106 293 3171 ἐκεῖ,
325 3110 472 3162 οὐδὲ
505 3113 557 3163 oi
579 3113 836 3179 μαθηταὶ
867 3113 1056 3166 αὑτοῦ
1077 3154 1090 3177 ,
1135 3114 1435 3179 ἐνέϐησαν
1457 3115 1625 3167 αὐτοὶ
1657 3117 1743 3180 εἰς

1923 3017 2012 3079 Vl,
2054 3015 2144 3069 24.
2190 3014 2322 3068 Cum
2362 3030 2482 3082 ergo
2527 3012 2742 3066 uidisset
2790 3009 2944 3062 turbo
2987 3011 3108 3078 quia
3150 3009 3298 3062 Iesus
3332 3023 3435 3061 non

1851 3119 1984 3165 esset
2019 3109 2126 3170 ibi,
2167 3122 2328 3176 neque
2359 3105 2605 3170 discipuli
2635 3104 2782 3170 ejus,
2813 3101 3162 3153 ascenderunt
3199 3102 3252 3152 in
3293 3098 3440 3152 naui-

153 3205 224 3257 τὰ
252 3203 541 3269 πλοιάρια
560 3244 574 3265 ,
603 3204 702 3257 καὶ
728 3201 920 3273 ἦλθον
946 3208 1035 3271 εὶς
1071 3206 1476 3275 Καφαρναοὺμ
1507 3206 1746 3273 ζητοῦν-

1851 3203 2022 3263 cuias,
2054 3209 2102 3254 et
2137 3207 2381 3252 venerunt
2405 3195 2786 3264 Cap/tarnaum
2810 3202 3099 3262 quwrentes
3130 3190 3338 3246 Jesum.

157 3311 254 3360 τες
281 3296 390 3346 τὸν
425 3294 683 3358 Ἰησοῦν.

233 3386 650 3439 Ἀκολουθοῦσιν
678 3381 822 3442 οῦτοι
862 3388 1174 3458 θαυμασταλ⁵
1211 3390 1314 3458 μὲν
1341 3391 1473 3453 ῐσως
1503 3390 1615 3444 τῶν
1649 3407 1748 3460 ση-

160 3477 329 3546 μείων
364 3478 708 3547 ὑπάρχοντες
731 3519 745 3541 ,
798 3480 857 3530 οὐ
892 3479 1000 3548 μὴν
1039 3482 1119 3540 εἰς
1150 3481 1210 3532 τὸ
1250 3483 1447 3550 χρῆναι
1473 3482 1750 3534 πιστεύειν

157 3575 252 3640 τὴν
281 3573 339 3634 ἐξ
385 3572 568 3624 αὐτῶν
596 3571 866 3640 ὠφέλειαν
892 3573 1175 3642 δεχόμενοι
1196 3612 1210 3636 ,
1267 3573 1382 3625 ἀλλ’
1421 3573 1608 3643 ὥσπερ
1632 3573 1753 3625 τινὰ

158 3664 232 3732 τῷ
262 3662 688 3734 παραδοξοποιῷ
725 3663 824 3733 τὴν
877 3665 1147 3718 ἀντίδοσιν
1195 3664 1285 3717 διὰ
1311 3664 1406 3717 τοῦ
1451 3666 1544 3718 καὶ
1593 3665 1751 3734 μόνον

161 3758 321 3809 αὑτὸν
351 3757 598 3809 ἐπαινεῖν
622 3756 720 3808 οὐκ
749 3755 1075 3825 ἀνεθέλητον
1107 3755 1592 3826 προσκομίζοντες.
1628 3758 1750 3825 Φρε.

161 3851 246 3912 νὸς
295 3849 353 3902 δὲ
386 3849 547 3902 τοῦτο
576 3847 790 3918 νόσημα
823 3850 1019 3917 πικρὸν
1043 3889 1057 3912 ,
1101 3831 1218 3902 καὶ,
1243 3849 1424 3918 ψυχῆς
1459 3847 1756 3920 οὐδαμόθεν

161 3942 251 3995 ἐπὶ
305 3942 411 4010 τὴν
457 3939 551 3992 τοῦ
608 3941 978 4009 συμφέροντος
1025 3943 1237 4013 αἵρεσιν
1291 3943 1756 4012 παιδαγωγεῖσθαι

164 4030 608 4099 κατειθισμένης.
658 4032 839 4083 Δῖτιον
883 4031 942 4082 δὲ
986 4031 1192 4084 τούτων
1235 4033 1452 4097 αὐτοῖς,
1489 4034 1549 4085 τὸ
1599 4034 1758 4102 μόνον

167 4123 561 4192 ἐπιτέρπεσθαι
611 4126 730 4186 ταῖς
764 4123 866 4193 τῆς
901 4124 1099 4192 σαρκὸς
1154 4125 1403 4194 ἡδοναῖς,
1451 4125 1546 4177 καὶ
1582 4124 1756 4193 τροφῇ

174 4217 374 4284 μᾶλλον
418 4218 484 4285 τῇ
543 4215 902 4286 εὐτελεστάτῃ
962 4217 1056 4268 καὶ
1102 4217 1423 4288 προσκαίρῳ
1460 4215 1760 4286 προθύμως

169 4308 472 4378 ἐπιπηδᾷν,
518 4307 684 4377 ἤγουν
723 4309 836 4372 τοῖς
864 4313 1257 4378 πνευματικοῖς
1287 4309 1596 4378 ἐπιτρέχειν
1625 4309 1761 4374 ἀγα·-

171 4400 301 4462 θοῖς,
339 4402 440 4452 καὶ
471 4399 766 4470 πειρᾶσθαι
800 4401 1122 4470 κερδαίνειν,
1160 4403 1260 4455 ὅσα
1290 4403 1424 4471 πρὸς
1457 4400 1602 4470 ζωὴν
1632 4401 1762 4452 ἀπο-

170 4494 354 4582 τρέςιεῗι
382 4491 484 4559 τὴν
507 4491 744 4582 αῖώνιον.
778 4493 947 4546 Τοῦτο
979 4494 1023 4545 δ’
1053 4493 1118 4547 ἂν
1147 4493 1339 4563 μάθοις
1370 4493 1636 4564 ἀκριῦὦς,
1664 4493 1755 4545 καὶ
1791 4529 1832 4582 D

171 4582 252 4634 διὰ
277 4581 390 4632 τῶν
413 4580 631 4650 ἐψεξῆς.
1653 4632 1656 4635 .

239 4676 350 4727 Καὶ
375 4675 654 4739 εὑρόντες
674 4675 860 4726 αὐτὸν
880 4675 1067 4740 πέραν
1087 4675 1196 4742 τῆς
1219 4674 1558 4741 θαλάσσης,
1583 4670 1757 4727 εἷπον

174 4763 331 4831 αὐτῷ
356 4784 370 4796 ·
417 4767 635 4830 'Pa6’61,
672 4769 817 4819 πότε
847 4761 962 4820 ὧδε
990 4766 1277 4835 remi-ac;

243 4861 338 4922 Εἰς
371 4858 614 4911 διάθεσιν
646 4859 746 4927 μὲν
773 4861 802 4910 ὁ
834 4858 990 4925 λόγος
1017 4858 1115 4927 τὴν
1165 4857 1223 4924 ἐξ
1259 4859 1597 4926 ἀγαπώντων
1627 4876 1759 4926 σχη-

182 4951 490 5020 ματίζεται,
537 4952 629 5003 καὶ
677 4950 1080 5002 ύωπλάττεταί
1116 4966 1232 5012 πως
1276 4950 1336 5001 τὸ
1384 4949 1579 5016 γλυκὺ,
1624 4948 1762 5017 πλὴν

183 5045 408 5123 ἀνόητος
446 5041 663 5110 κομιδῆ,
723 5042 816 5093 καὶ
858 5041 1225 5112 μειρακιώδης
1267 5040 1610 5109 ἐξελέγχεται
1639 5056 1652 5070 ·
1704 5041 1766 5093 οὐ

184 5137 285 5206 γὰρ
333 5135 445 5187 ἔδει
491 5133 571 5202 τῷ
602 5133 840 5204 τοσούτῳ
886 5136 1271 5206 περιτυχόντας
1302 5135 1626 5204 διδασκάλῳ,
1670 5135 1770 5204 μά-

186 5229 324 5278 ταιόν
357 5243 415 5276 τι
447 5224 647 5290 λέγειν,
680 5224 776 5276 xui.
810 5225 1000 5293 μαθεῖν
1029 5224 1344 5293 ἐπείγεσθαι
1388 5225 1450 5277 τὸ
1483 5224 1667 5295 μηδέν.
1705 5224 1773 5276 Τί

186 5319 286 5386 γὰρ
341 5316 452 5368 ἔδει
503 5314 919 5381 φιλοπευστεῖν,
975 5317 1104 5369 πότε
1158 5317 1256 5388 μὲν
1314 5317 1474 5380 αὐτὸς
1526 5315 1774 5384 ἀφίκοιτο

188 5408 374 5475 τνχόνς
431 5406 485 5458 τί
539 5406 595 5459 δὲ
647 5401 716 5477 ἦν
766 5407 913 5470 εἰκὸς
959 5409 1120 5462 τοῦτο
1175 5409 1447 5478 μαθόντας
1487 5407 1772 5480 ὠφεληθή-

185 5501 409 5564 ⁴σεσθαις
457 5499 604 5566 Σοφά
638 5500 928 5567 τοιγαροῦν
958 5503 1107 5571 παρά
1147 5503 1324 5569 σοφῶν
1358 5502 1640 5572 ζητητέον,
1681 5501 1774 5554 καὶ

196 5591 613 5660 προτετιμήσθω
643 5590 816 5658 λόγων
844 5593 1183 5647 ἀπαιδεύτων
1219 5595 1252 5689 η
1293 5595 1349 5646 ἐν
1379 5594 1592 5646 συνέσει
1624 5594 1770 5663 σιγή.

196 5681 378 5736 Ἀλατι
419 5682 516 5752 μὲν
551 5683 659 5752 γὰρ
703 5683 971 5752 ὴρτύσθαι
1020 5686 1131 5739 δεῖν
1176 5681 1450 5740 ἐπιτάττει
1496 5686 1588 5738 τὸν
1619 5685 1774 5752 λόγον

294 5860 342 5893 ω
380 5838 566 5913 Matth.
601 5876 656 5926 ι,
684 5858 772 5913 26.

1924 3377 2313 3450 Sequunturhi
2335 3375 2672 3430 admirantes
2691 3373 2908 3441 quidem
2942 3373 3126 3428 forsan
3149 3373 3442 3439 miracula,

1853 3489 1960 3528 non
1991 3481 2171 3526 tamen
2197 3471 2263 3524 ad
2282 3469 2618 3524 credendum
2641 3469 2930 3522 utilitatem
2953 3482 3018 3521 ex
3054 3467 3189 3536 ipsis
3207 3467 3443 3536 ’capien-

1853 3576 1957 3631 tes,
1978 3566 2072 3621 sed
2095 3563 2597 3619 remunerationem
2637 3561 2804 3614 veluti
2830 3559 3123 3628 quamdam
3141 3557 3445 3613 referentes

1855 3659 2247 3712 miraculorum
2281 3654 2478 3709 editori
2514 3669 2580 3707 ex
2611 3666 2676 3717 eo
2705 3653 2884 3706 solum
2925 3649 3072 3720 quod
3104 3650 3281 3719 ipsum
3323 3663 3438 3702 non

1856 3749 2086 3802 invitum
2135 3747 2441 3801 laudarent.
2488 3743 2687 3798 Mentis
2729 3751 2911 3796 autem
2964 3741 3067 3795 iste
3107 3740 3290 3810 gravis
3327 3747 3448 3794 erat

1858 3846 2104 3906 morbus,
2135 3851 2189 3896 et
2225 3839 2565 3910 capessendo
2601 3839 2746 3892 hono
2788 3849 3134 3906 nequaquam
3183 3841 3443 3886 assuetae.

1857 3938 2029 4007 Cujus
2052 3934 2214 4006 295
2241 3948 2411 3988 causa
2448 3933 2562 3985 haec
2610 3937 2751 3998 erat,
2793 3927 2939 4000 quod
2976 3927 3161 3980 carnis
3196 3925 3448 3994 volupta-

1859 4033 2008 4085 tibus
2037 4037 2248 4083 tantum
2295 4025 2742 4084 oblectarentur,
2771 4029 2824 4074 et
2854 4019 3183 4074 vilissimum
3215 4031 3276 4068 ac
3308 4024 3447 4069 lem-

1861 4122 2141 4193 porarium
2186 4118 2370 4173 cibum
2411 4114 2722 4184 arriperent
2766 4111 2951 4180 potius
2982 4122 3146 4178 quam
3175 4103 3445 4175 spiritalia

1861 4211 2003 4265 bona
2032 4214 2406 4279 capesserent,
2427 4217 2480 4259 et
2507 4201 2712 4257 lucrari
2737 4207 3077 4256 conarentur
3107 4209 3447 4267 quaecunque

1864 4305 1932 4358 ad
1973 4305 2138 4357 vitam
2172 4302 2425 4356 nutriunt
2460 4306 2744 4352 aeternam.
2778 4294 2891 4349 Hoc
2924 4301 3103 4348 autem
3135 4291 3298 4360 paulo
3324 4298 3446 4359 post

1866 4397 2076 4466 liquido
2107 4394 2330 4465 patebit.

1934 4655 2134 4720 γωδ.
2173 4653 2237 4706 Et
2268 4669 2385 4705 cum
2414 4652 2731 4704 inuenissent
2771 4665 2887 4701 eum
2948 4657 3098 4701 trans
3146 4663 3316 4711 mare,
3358 4647 3445 4701 ἀίο-

1865 4755 2054 4801 xerunt
2081 4747 2128 4799 ei
2162 4761 2180 4797 :
2211 4741 2401 4804 Rabbi,
2423 4739 2636 4808 quando
2667 4738 2765 4790 huc
2799 4737 3024 4790 venisti?
3092 4776 3096 4782 .

1939 4838 2256 4890 Amicorum
2307 4831 2546 4901 speciem
2611 4829 2774 4882 habet
2811 4827 2990 4880 oratio
3025 4865 3039 4889 ,
3087 4833 3142 4880 et
3193 4824 3447 4879 nonnihil

1870 4945 1980 5001 prae
2009 4945 2067 4984 se
2093 4927 2200 4982 fert
2231 4924 2518 4980 suavitatis
2561 4940 2572 4975 :
2619 4926 3001 4975 verumtamen
3039 4917 3208 4972 stulta
3251 4915 3448 4968 admo-

1872 5025 1999 5077 dum
2039 5029 2092 5074 et
2131 5017 2392 5088 juvenilis
2422 5013 2762 5083 comperitur
2803 5029 2814 5064 :
2862 5025 2970 5063 non
3016 5009 3252 5062 decebat
3300 5007 3447 5059 enim

1873 5131 1967 5171 eos
1996 5117 2086 5183 qui
2121 5119 2276 5165 tanto
2319 5108 2584 5178 magistro
2649 5102 3018 5158 occurrebant
3043 5113 3243 5152 vanum
3292 5097 3450 5164 quid-

1881 5209 2004 5263 dam
2035 5205 2243 5264 dicere.
2274 5203 2523 5275 nihilque
2553 5199 2620 5252 ab
2649 5213 2716 5252 eo
2769 5195 3078 5264 exquirere.
3119 5190 3256 5257 Quid
3301 5188 3450 5242 enim

1880 5315 2020 5369 opus
2050 5306 2174 5352 erat
2191 5294 2464 5351 sciscitari
2506 5289 2856 5362 quandonatn
2896 5287 3012 5356 ipse
3047 5279 3444 5336 adventasset?

1882 5402 1975 5450 aut
2007 5391 2141 5464 quid
2176 5389 2306 5445 hinc
2336 5386 2589 5442 utilitatis
2647 5379 2922 5450 accepturi
2945 5382 3123 5435 erant.
3158 5380 3450 5444 postquam

1881 5490 2247 5550 didicissent?
2286 5485 2568 5555 Sapientia
2606 5481 2773 5552 igitur
2804 5485 2857 5531 et
2892 5473 3169 5542 exquisita
3219 5464 3455 5538 petenda

1884 5593 2014 5644 sunt
2065 5600 2094 5638 a
2139 5580 2504 5652 sapientibus,
2557 5583 2615 5630 et
2640 5571 2884 5643 prudens
2929 5565 3208 5622 silentium
3247 5560 3453 5629 ineptis

1886 5675 2232 5735 sermonibus
2261 5680 2343 5728 est
2372 5662 2837 5737 anteponendum.
2902 5657 3025 5712 Sale
3080 5655 3282 5725 quippe
3314 5665 3450 5715 con-
