4218 6500
741 366 849 422 475

1780 366 1838 424 8.
1876 366 2155 424 CYRILLI
2189 360 2664 425 ALEXANDRINI
2701 369 3047 427 ARCHIEP.‘

3914 378 4026 435 ιτε

742 478 1003 535 diendum
1040 493 1165 536 esse
1216 485 1466 535 nostrum
1520 492 1833 535 sermonem
1882 481 2039 551 jubet
2074 481 2322 550 discipu-

2453 481 2585 551 ιμῶν
2616 484 2642 534 ὁ
2672 483 2910 552 Χριστοῦ
2949 482 3197 554 μαθητής
3223 500 3235 513 ·
3288 482 3477 556 ἔτερος
3529 485 3589 542 δέ
3625 504 3708 552 τις
3754 489 3835 553 εἰς
3864 490 4026 545 τοῦτο

746 572 887 626 Ius“
914 590 927 637 ;
959 578 1014 626 et
1040 571 1183 627 alius
1210 570 1438 641 quidam
1466 585 1497 626 e
1536 571 1886 642 sapientibus
1910 586 1977 627 eo
2009 586 2111 627 nos
2133 572 2332 627 invitat

747 664 833 719 Ius
879 665 1060 719 verbis
1098 682 1111 719 :
1153 684 1171 716 ι
1214 662 1340 728 Fili,
1396 664 1443 720 si
1477 665 1701 735 quidem
1730 663 1828 719 tibi
1883 672 1970 720 est
2018 681 2201 721 sermo
2255 666 2337 718 in-

746 756 1082 825 telligentiae,
1138 754 1417 826 responde
1454 777 1466 811 :
1512 758 1597 812 sin
1637 757 1842 820 minus,
1890 772 2088 812 manus
2136 765 2227 810 tua
2263 756 2335 810 sit

748 848 803 900 in
832 863 926 900 ore
949 849 1127 902 tuo".
1173 867 1192 901 ι
1223 847 1345 913 Quo
1380 856 1541 919 pacto
1571 863 1703 903 vero
1734 848 1935 918 lingua:
1966 848 2229 918 imperitae
2257 848 2337 902 vi-

748 941 881 991 tium
912 939 1226 1007 damnetur,
1260 942 1371 996 alio
1404 956 1626 1011 quoque
1675 958 1739 997 ex
1775 942 1903 996 loco
1935 956 2325 1009 agnoscemus.

753 1049 769 1080 ι
808 1029 865 1085 Si
890 1031 1015 1101 quis
1044 1032 1191 1087 enim
1231 1039 1424 1101 putat,
1458 1033 1672 1104 inquit,
1709 1050 1770 1091 se
1814 1034 2134 1104 religiosum
2182 1049 2329 1101 esse,

748 1137 862 1178 non
902 1124 1189 1179 rel'renans
1243 1125 1489 1196 linguam
1541 1142 1721 1190 suam,
1780 1126 1875 1181 sed
1923 1128 2194 1183 seducens
2242 1142 2339 1183 cor

751 1230 937 1281 suum,
966 1216 1130 1285 hujus
1154 1232 1297 1271 vana
1330 1224 1417 1273 est
1452 1218 1726 1288 religio“.
1772 1238 1791 1271 ι

823 1306 913 1372 Vl,
949 1308 1040 1362 ‘26.
1076 1309 1364 1378 Respondit
1393 1311 1469 1363 eis
1495 1309 1680 1375 Jesus,
1714 1319 1762 1363 et
1798 1312 1973 1363 dixit:
2010 1311 2173 1363 Amen
2218 1310 2338 1362 dico

751 1398 941 1454 vobis:
981 1404 1223 1471 quttritis
1270 1419 1367 1466 me,
1407 1419 1513 1456 non
1544 1404 1670 1473 quia
1710 1405 1917 1457 vidistis
1960 1405 2189 1472 signant,
2248 1403 2340 1459 sed

752 1495 879 1563 quia
904 1494 1267 1548 manducastis
1295 1511 1360 1549 ex
1390 1496 1619 1565 panibus
1642 1536 1655 1561 ,
1706 1506 1753 1550 et
1783 1498 2018 1550 saturati
2046 1498 2195 1551 estis.

826 1673 1131 1727 Alferemus
1182 1670 1386 1739 aliquid
1444 1684 1758 1733 commune,
1806 1675 2179 1722 verumtamen
2228 1666 2345 1720 exi-

754 1782 862 1835 guo
891 1766 1079 1819 tritum
1119 1780 1241 1818 usu.
1279 1762 1469 1816 Solent
1511 1776 1711 1830 magno
1748 1760 1968 1831 ingenio
2002 1758 2214 1828 praediti
2245 1759 2341 1812 do-

756 1869 941 1910 mores
989 1855 1151 1910 irasci
1190 1855 1514 1923 plerumque
1566 1868 1689 1907 eum
1738 1853 1901 1906 inane
1953 1850 2214 1920 quiddam
2288 1858 2342 1904 et
2372 1824 2416 1878 Β

757 1947 952 1999 inutile
986 1947 1055 1998 ab
1085 1944 1223 2013 ipsis
1254 1945 1552 2012 qureritur;
1601 1957 1777 2010 neque
1811 1956 1940 1994 vero
1984 1940 2037 1994 id
2085 1955 2151 1994 ex
2188 1955 2342 1994 arro-

757 2039 942 2109 gantia
976 2038 1157 2093 facere
1184 2038 1622 2106 comperiemus,
1671 2034 1762 2088 sed
1797 2034 1943 2103 quod
1996 2036 2339 2102 interrogan-

757 2135 895 2183 tium
929 2131 1260 2199 imperitiam
1308 2130 1540 2183 moleste
1572 2128 1772 2183 ferant.
1827 2128 1903 2182 De
1950 2128 2110 2182 nobis
2158 2128 2345 2197 itaque

757 2222 1046 2291 nostrique
1082 2223 1358 2276 similibus
1402 2235 1511 2273 non
1554 2220 1767 2274 insulse
1807 2218 2013 2273 dictum
2045 2219 2176 2271 illud
2222 2233 2345 2272 esse

759 2314 1020 2367 arbitror.
1051 2313 1306 2367 Salvator
1338 2321 1522 2367 autem
1556 2313 1945 2367 vehementius
1973 2312 2343 2380 objurgateos

759 2424 852 2477 qm
881 2408 1007 2461 talia
1032 2408 1385 2478 qumsierant,
1405 2414 1593 2476 utpote
1611 2408 1774 2461 stulte
1793 2408 2081 2474 loquentes
2095 2412 2147 2458 et
2173 2406 2343 2472 impe-

761 2502 866 2553 rite
888 2508 1195 2568 quaareutes
1224 2514 1333 2552 non
1352 2514 1414 2551 ea
1436 2514 1503 2552 ex
1535 2498 1736 2565 quibus
1770 2497 1895 2551 boni
1928 2496 2197 2566 probique
2227 2509 2346 2548 eva-

758 2592 973 2657 derent,
1004 2592 1099 2646 sed
1135 2592 1313 2661 ipsum
1345 2591 1416 2647 ob
1446 2590 1755 2645 mercedem
1801 2604 2147 2658 corpoream,
2170 2589 2347 2641 illam-

759 2699 868 2753 que
903 2684 1223 2737 vilissimam
1257 2692 1641 2754 sequerentur.
1680 2681 1825 2749 Quid
1860 2683 2004 2736 enim
2032 2681 2198 2751 296
2224 2681 2347 2734 cibo

760 2775 857 2828 illo
907 2775 1273 2844 rprotidiano,
1344 2791 1447 2829 nec
1490 2776 1787 2829 admodum
1831 2773 2112 2844 exquisito
2151 2773 2349 2827 vilius?

760 2866 1001 2923 Colenda
1035 2876 1118 2921 est
1163 2866 1328 2937 igitur
1361 2868 1536 2936 pietas
1593 2866 1648 2920 in
1682 2865 1964 2921 Christum
1998 2872 2050 2920 et
2104 2863 2345 2927 dilectio,

762 2976 871 3014 non
905 2969 963 3014 ut
995 2961 1200 3031 aliquid
1225 2962 1558 3029 recipiamus
1585 2974 1940 3029 corporeum,
1967 2958 2063 3013 sed
2101 2969 2161 3012 ut
2195 2957 2346 3011 saluo

761 3063 871 3106 tem
902 3067 997 3121 per
1032 3054 1210 3121 ipsum
1245 3053 1525 3105 lucremur
1560 3069 1572 3104 :
1630 3058 1686 3105 et
1729 3066 1802 3106 ne
1849 3050 2065 3104 blandis
2121 3047 2344 3118 quidem

2436 573 2733 645 προτρέπει
2762 574 2871 626 τῶν
2904 574 3083 643 σοφῶν
3108 592 3121 605 ·
3177 594 3196 627 ι
3225 575 3447 643 Τέκνον,
3479 576 3667 642 εἰπὼν,
3697 582 3744 651 et
3778 582 3878 651 μὲν
3909 582 4027 636 ἐστι

2438 682 2519 717 σοι
2546 664 2700 730 λόγος
2733 666 3020 729 συνέσεως,
3043 666 3371 738 ἀποκρίθητι
3396 685 3408 698 ·
3446 671 3493 721 εἰ
3520 670 3575 723 δὲ
3615 671 3710 743 μὴ,
3738 675 3862 746 χεὶρ
3885 674 4029 729 ἔστω

2437 756 2527 809 ἐπὶ
2565 756 2789 824 στόματί
2844 774 2959 810 σου.
2997 776 3016 809 ο
3080 759 3268 823 Ὅπως
3315 760 3372 812 δὲ
3419 760 3621 829 φαῦλόν
3670 765 3784 817 ἐστι
3832 767 3897 819 τὸ
3939 769 4030 819 ἐπ’

2437 848 2748 918 ἀπαιδεύτῳ
2789 849 3001 920 γλώττῃ
3037 851 3566 919 καταγινώσκεσθαι,
3601 857 3696 908 καὶ
3738 857 3807 909 δι’
3837 859 4028 929 έτέρου

2437 940 2759 1009 γνωσόμεθα
2789 958 2801 969 ’
2855 960 2872 993 ι
2896 942 2961 996 Εἰ
2986 959 3069 1006 τις
3095 942 3225 1014 γὰρ,
3262 946 3415 1015 φησι,
3444 945 3589 998 δοκεί
3616 949 3854 1018 θρῆσκος
3888 947 4031 1002 εἶναι

2439 1034 2496 1085 ὲν
2550 1032 2678 1103 ύμῖν
2703 1073 2717 1097 ,
2772 1032 2845 1104 μὴ
2894 1034 3284 1104 χαλιναγωγῶν
3334 1036 3579 1105 γλῶτταν
3630 1040 3796 1092 αὑτοῦ
3817 1080 3832 1103 ,
3895 1043 4033 1095 ἀλλὰ

2440 1126 2665 1179 ἀπατῶν
2686 1126 2912 1197 καρδίας
2944 1127 3131 1193 αὑτοῦ,
3155 1129 3344 1183 τούτου
3370 1130 3596 1200 μάταιος
3621 1134 3654 1195 ἡ
3681 1132 3973 1205 θρησκεία.
4009 1156 4026 1187 ι

2524 1310 2837 1378 Ἀπεκρίθη
2869 1312 3073 1378 αὐτοῖς
3095 1316 3127 1367 ό
3161 1315 3421 1381 Ἰησοῦς,
3448 1317 3545 1368 καὶ
3565 1305 3770 1369 εἶπεν·
3817 1318 4029 1387 Ἀμὴν,

2441 1401 2597 1471 λέγω
2636 1402 2814 1471 ὑμῖν·
2863 1402 3083 1470 ζητεῖτέ
3118 1425 3215 1473 με,
3256 1409 3368 1475 οὐχ
3401 1407 3490 1461 ὅτι
3523 1410 3715 1463 ειδετε
3749 1411 4028 1479 σημεῖον,

2444 1496 2582 1549 ἀλλ’
2635 1494 2723 1548 ὅτι
2789 1497 3040 1565 ἐφάγετε
3096 1499 3165 1552 ἐκ
3211 1498 3331 1553 τῶν
3374 1500 3587 1568 ἄρτων,
3635 1504 3732 1557 καὶ
3784 1506 4033 1573 ἐχορτά-

2446 1590 2647 1653 σθητε.

2529 1678 2791 1749 Ἐροῦμεν
2818 1678 2881 1749 δή
2917 1697 2970 1732 τι
3008 1680 3207 1745 κοινὸν,
3254 1681 3393 1753 πλὴν
3432 1682 3544 1735 ἔθει
3588 1683 3770 1753 μικρῷ
3802 1702 4034 1754 τετριμ-

2451 1768 2628 1839 μένον.
2682 1770 2963 1839 Πεφύκασί
3007 1790 3123 1834 πως
3164 1774 3221 1825 αι
3264 1774 3501 1843 μεγάλαι
3546 1775 3655 1828 τῶν
3694 1777 4038 1831 διδασκάλων

2444 1861 2584 1926 ἕξεις
2616 1861 2676 1913 οὐ
2715 1864 2952 1933 μετρίως
2978 1862 3324 1932 χαλεπαίνειν
3353 1864 3634 1931 πολλάκις,
3676 1867 3806 1920 ὅταν
3837 1884 3896 1919 τι
3925 1867 4033 1919 τῶν

2444 1952 2665 2006 είκαίων
2703 1954 2793 2005 καὶ
2824 1954 3117 2022 ἀνωφελῶν
3175 1954 3534 2019 ὲξετάζωνται
3560 1974 3575 1989 ·
3626 1960 3721 2012 καὶ
3759 1959 3823 2011 οὐ
3853 1960 4030 2029 δήπου

2443 2044 2599 2097 τοῦτο
2655 2044 2924 2109 παθόντας
2984 2047 3179 2109 αὐτοὺς
3231 2048 3290 2114 ἐξ
3333 2048 3649 2113 ἀλαζονείας
3699 2051 4033 2121 εὑρήσομεν,

2445 2138 2582 2191 ἀλλά
2612 2138 2809 2209 μᾶλλον
2842 2140 2961 2203 ταῖς
2998 2138 3107 2192 τῶν
3143 2139 3470 2210 ἐρωτώντων
3501 2140 3766 2210 ἀμαθίαις
3808 2145 4029 2195 ἐπιστυο

2445 2230 2761 2297 γνάζοντας.
2801 2232 2924 2285 Ἐπὶ
2955 2231 3050 2301 μὲν
3080 2227 3173 2285 οὖν
3208 2231 3364 2301 ήμῶν
3392 2249 3450 2285 τε
3486 2216 3581 2285 καὶ
3606 2233 3713 2285 τῶν
3736 2233 3863 2287 καθ’
3889 2235 4037 2302 ήμᾶς

2446 2320 2547 2371 οὐκ
2580 2319 2846 2389 ἀκόμψως
2888 2320 3140 2391 εἰρῆσθαι
3183 2322 3345 2374 τοῦτο
3382 2322 3770 2393 ὑπολαμϐάνω.
3820 2323 4037 2393 Θερμδν

2446 2411 2502 2463 δὲ
2530 2414 2641 2473 τοῖς
2681 2413 2865 2464 ἐκεῖνα
2891 2412 3286 2483 διερωτήσασιν
3334 2415 3585 2487 ἐπιφέρει
3626 2417 3718 2469 τὸν
3751 2414 3981 2485 ἔλεγχον
4012 2419 4039 2469 ὁ

2449 2503 2679 2573 Σωτὴρ,
2739 2504 2815 2567 ὼς
2847 2504 3122 2561 ,λαλοῦσιν
3170 2506 3548 2573 ἀπαιδεύτως,
3613 2508 3708 2561 καὶ
3758 2508 4039 2569 ἀσυνέτως

2447 2594 2883 2665 διεσκεμμένοις,
2932 2599 3030 2668 οὐχ
3074 2599 3154 2652 ὅτι
3199 2600 3467 2669 προσήκοι
3506 2600 3691 2669 ζητεῖν
3738 2599 3809 2651 τὰ
3840 2602 3929 2667 ἐφ’
3959 2594 4040 2662 οἷς

2449 2686 2513 2740 ἂν
2548 2689 2788 2755 γένοιντο
2841 2691 2992 2743 καλοί
3048 2708 3108 2743 τε
3158 2691 3251 2743 καὶ
3302 2691 3518 2759 ἀγαθοὶ,
3566 2692 3681 2745 ἀλλ’
3724 2693 3817 2744 ἐπὶ
3860 2691 4042 2761 μισθῷ

2452 2778 2790 2847 σωματικῷ,
2840 2780 2933 2833 καὶ
2982 2782 3157 2851 τούτῳ
3203 2781 3573 2851 εὐτελεστάτῳ
3611 2782 4039 2835 κατακολουθεῖν

2450 2867 2618 2937 αὐτῷ.
2657 2869 2721 2921 Τί
2753 2870 2860 2941 γὰρ
2891 2871 2957 2923 ἂν
3000 2872 3213 2939 γένοιτο
3239 2871 3445 2941 τροφῆς
3470 2870 3571 2940 τῆς
3601 2873 3909 2943 ἐφημέρου,
3946 2873 4042 2926 καὶ

2449 2959 2549 3011 οὐκ
2595 2961 2652 3012 ἐν
2695 2961 3034 3032 πολυτελείᾳ,
3081 2963 3142 3015 τὸ
3185 2962 3437 3029 έλαττον;
3472 2964 3887 3033 Ἐπιτηδευτέον
3932 2982 4044 3017 τοι-

2450 3051 2652 3121 γαροῦν
2680 3052 2779 3122 τὴν
2811 3055 2889 3115 εἰς
2923 3054 3154 3123 Χριστὸν
3186 3055 3476 3107 εὐλάϐειαν
3498 3056 3589 3108 καὶ
3611 3055 3917 3125 ἀγάπησιν,
3943 3056 4044 3125 οὐχ

762 3146 947 3199 verbis
965 3161 1089 3198 etim
1123 3145 1542 3213 compellemus,
1561 3144 1705 3197 sicut
1743 3143 1819 3195 illi
1853 3140 2028 3195 Rabbi
2060 3140 2339 3200 dicebant,

2453 3142 2537 3196 ἵνα
2571 3161 2623 3195 τι
2656 3144 2763 3197 τῶν
2805 3146 3133 3215 σωματικῶν
3165 3148 3533 3217 εὑρίσκωμεν,
3578 3148 3694 3201 ἀλλ’
3734 3149 3819 3199 ἵνα
3846 3148 3947 3218 τὴν
3977 3148 4044 3200 δι’

765 3236 1057 3289 verborum
1110 3234 1425 3289 comitatem
1474 3232 1541 3285 ad
1593 3231 1971 3300 impetrandas
2012 3229 2239 3283 divitias
2294 3236 2348 3281 et

768 3327 1123 3395 pecuniarum
1162 3324 1557 3378 abundantiam
1609 3329 2029 3391 componentes.
2066 3318 2201 3373 Nam
2262 3320 2353 3387 qui

769 3417 1083 3473 istiusmodi
1108 3417 1366 3487 quiddam
1393 3416 1735 3486 aggreditur,
1762 3431 1872 3469 non
1906 3413 2194 3484 ignorabit
2230 3421 2355 3466 tau-

770 3512 890 3565 dem
924 3513 1208 3564 incurrere
1248 3525 1306 3563 se
1339 3509 1392 3561 in
1442 3508 1747 3571 Christum,
1803 3508 1896 3576 qui
1934 3505 2131 3559 acerbe
2172 3519 2357 3573 repre-

772 3603 1015 3667 hendat,
1079 3612 1133 3656 et
1192 3603 1463 3654 occultam
1529 3602 1583 3653 iu
1632 3600 1751 3668 ipso
1806 3600 2070 3652 malitiam
2128 3597 2352 3651 revolet.

770 3696 946 3751 Porro
994 3703 1430 3748 consentanequ
1490 3702 1573 3747 est
1622 3692 2089 3763 dispensationem
2152 3692 2207 3744 in
2271 3690 2357 3745 his

772 3804 994 3843 rursum
1032 3785 1241 3843 mirari.
1284 3784 1418 3839 Nam
1470 3801 1593 3839 eum
1644 3785 1905 3855 praedicto
1952 3784 2146 3838 morbo
2179 3799 2360 3838 corre-

775 3891 897 3953 ptos
944 3898 1038 3938 eos
1076 3882 1323 3945 videret,
1371 3895 1478 3933 non
1527 3894 1691 3933 secus
1750 3894 1813 3932 ac
1849 3878 2058 3947 peritus
2093 3884 2148 3932 et
2182 3877 2358 3931 solers

774 3973 1023 4027 medicus
1052 3972 1253 4042 duplex
1289 3971 1370 4025 eis
1406 3970 1741 4039 excogitavit
1800 3969 2129 4031 remedium,
2173 3976 2361 4021 aucto-

774 4070 923 4121 ritati
960 4067 1214 4121 miraculi
1246 4065 1697 4135 reprehensionis
1736 4063 2033 4117 utilitatem
2063 4061 2356 4115 adhibens.

777 4161 1006 4230 Signini
1035 4162 1196 4230 igtur
1242 4159 1580 4228 reperiemus
1629 4158 1684 4210 in
1737 4173 1802 4211 eo
1852 4156 1996 4225 quod
2036 4155 2231 4209 intima
2266 4170 2358 4207 eo-

778 4270 897 4307 rum
928 4261 1178 4307 neverat.
1217 4253 1270 4305 In
1295 4268 1359 4305 eo
1388 4267 1516 4305 vero
1545 4250 1688 4319 quod
1727 4250 1949 4319 proprie
1974 4248 2103 4302 dicit
2131 4262 2226 4301 eos
2257 4246 2356 4298 mi-

774 4347 1092 4400 raculorum
1133 4346 1399 4399 editorem
1461 4346 1605 4397 nolle
1639 4359 1883 4412 qtuerere
1939 4350 2161 4411 propter
2189 4341 2361 4410 pieta-

775 4445 905 4501 tem,
980 4436 1467 4503 reprehensionem
1534 4435 1848 4504 spectabis;
1910 4434 2135 4503 prodest
2178 4444 2356 4486 autem

2464 3235 2627 3287 αὑτοῦ
2659 3238 2931 3307 σωτηρίαν
2960 3239 3472 3308 ἀποκερδαίνωμεν,
3520 3239 3615 3293 καὶ
3671 3240 3743 3309 μὴ
3794 3240 4045 3308 λέγωμεν

2467 3326 2565 3394 μὲν
2598 3328 2778 3393 ἀγαθὰ
2806 3328 2937 3396 πρὸς
2966 3330 3147 3389 αὐτὸν,
3180 3330 3370 3399 ὥσπερ
3396 3326 3487 3385 οὖν
3521 3334 3715 3383 ἐκεῖνοι
3736 3331 3798 3383 τὸ
3829 3328 4042 3396 Ῥα66ὶ,

2464 3420 2732 3488 ἐμπορίας
2765 3420 2821 3472 δὲ
2846 3421 3017 3484 ἄλλως
3047 3422 3300 3474 ὑπόθεσιν
3324 3423 3417 3475 καὶ
3446 3422 3723 3491 ἀπλήστου
3746 3440 3847 3491 χρη
3859 3423 4046 3487 μάτων

2466 3511 2817 3580 συγκομιδῆς,
2847 3512 2945 3581 τὴν
2974 3514 3368 3584 γρηστολογίαν
3400 3514 3474 3585 μὴ
3500 3516 3807 3583 ἀρτυωμενν
3840 3514 4047 3581 Ἦγουν

2464 3605 2491 3655 ὁ
2520 3603 2776 3667 τοιούτοις
2806 3606 3115 3673 ἐπιχειρῶν,
3159 3606 3257 3659 οὐκ
3292 3607 3547 3675 ἀγνοήσει
3593 3604 3779 3657 λοιπὸν
3825 3590 3914 3657 ὃτέ
3958 3622 4049 3657 m-

2465 3697 2613 3767 κρῶς
2650 3697 2920 3764 ἐλέγχοντι
2956 3698 3283 3766 προσϐάλλει
3316 3698 3392 3767 τῷ
3421 3697 3662 3769 Χριστῷ,
3695 3698 3786 3749 καὶ
3819 3697 3920 3766 τὴν
3960 3714 4051 3750 κε-

2467 3807 2569 3861 κρυ
2579 3788 2788 3859 μμένην
2812 3791 2870 3842 ὲν
2890 3788 3034 3858 αύτῷ
3058 3789 3254 3842 κακίαν
3274 3790 3734 3843 ἀποκαλύπτοντι.
3756 3789 4048 3859 Θαυμάσαι

2466 3875 2522 3934 δὲ
2553 3882 2711 3935 πάλιν
2741 3882 3033 3935 ἀκόλουθον
3068 3886 3161 3936 καὶ
3200 3881 3300 3953 τὴν
3350 3884 3442 3935 ἐπὶ
3472 3883 3681 3945 τούτοις
3712 3884 4046 3952 οἰκονομίαν.

2479 3975 2696 4045 Ἐπειδὴ
2728 3975 2835 4045 γὰρ
2863 3977 3003 4045 νόσῳ
3030 3974 3501 4045 κατειλημμένους
3535 3974 3724 4027 ἐθεᾶτο
3748 3977 3816 4043 τῇ
3865 3990 4051 4045 προει-

2472 4068 2701 4139 ρημένῃ,
2752 4067 2999 4138 καθάπερ
3045 4085 3126 4130 τις
3164 4066 3552 4137 ἀριστοτέχνης
3596 4066 3692 4119 καὶ
3732 4067 4053 4134 ἐπιστήμων

2472 4160 2671 4231 ἰατρὸς,
2708 4158 2927 4212 διπλοῦν
2959 4160 3141 4222 αὐτοῖς
3173 4159 3437 4229 ἐπενόησε
3484 4159 3797 4228 φάρμακον,
3843 4157 4052 4221 ἀξιολο-

2468 4250 2697 4318 γωτάτῳ
2742 4249 2955 4318 σημείῳ
3002 4249 3091 4301 τὸν
3124 4248 3379 4319 ἐπωφελῆ
3412 4247 3767 4318 παραπλέξας
3803 4247 4050 4317 ἔλεγχον.

2470 4341 2543 4394 Τὸ
2586 4344 2683 4409 μὲν
2732 4336 2824 4393 οὖν
2859 4343 3079 4410 σημεῖον
3106 4340 3408 4411 εὑρήσομεν
3455 4341 3511 4392 ὲν
3560 4338 3638 4407 τῷ
3674 4339 3872 4391 εἰδέναι
3903 4340 3969 4391 τὰ
4001 4341 4056 4390 ἐν

2469 4433 2685 4495 αὐτοῖς,
2744 4434 2802 4485 ὲν
2844 4432 2906 4487 ,δὲ
2948 4431 3028 4500 τῷ
3073 4413 3278 4501 κυρίως
3330 4430 3403 4500 μὴ
3436 4431 3503 4483 δι’
3542 4428 3825 4482 εὐσέϐειαν
3874 4428 4057 4498 ζητεῖν

775 4528 994 4581 duobus
1012 4527 1208 4581 modis.
1236 4525 1372 4579 Nam
1405 4542 1470 4580 ex
1495 4542 1559 4581 eo
1585 4526 1731 4595 quod
1760 4526 1970 4593 liquido
1992 4527 2141 4579 novit
2166 4525 2352 4579 intima

2465 4524 2780 4596 ἐπείγεσθαι
2814 4523 2990 4590 λέγειν
3023 4522 3220 4583 αὐτοὺς
3255 4519 3345 4572 τὸν
3379 4519 3820 4588 θαυματουργὸν,
3850 4517 4057 4587 θεωρή-

775 4634 964 4672 eorum
992 4618 1244 4680 consilia,
1281 4617 1429 4672 seire
1459 4633 1519 4672 se
1556 4633 1779 4687 quoque
1808 4615 2049 4671 ostendit
2093 4632 2190 4671 eos
2222 4616 2363 4670 stul-

774 4718 864 4765 tos
910 4726 1036 4764 esse
1089 4709 1185 4778 qui
1236 4709 1486 4763 divinum
1546 4710 1765 4764 oculum
1825 4710 1995 4764 latere
2040 4724 2202 4778 posse
2258 4709 2364 4763 sibi

778 4801 1172 4872 persuadeant,
1239 4800 1456 4856 infossa
1530 4802 1750 4856 interim
1816 4801 1970 4857 cordi
2039 4800 2271 4865 malitia,
2312 4808 2366 4855 et

778 4892 1063 4947 blanditiis
1110 4894 1297 4963 lingua
1355 4894 1700 4961 compositis.
1735 4892 1849 4947 Hoc
1896 4894 2041 4947 enim
2092 4901 2211 4947 erat
2269 4908 2365 4948 eos

779 4982 1076 5037 admonere
1106 4982 1328 5037 demum
1375 4993 1435 5037 ut
1485 4982 1552 5035 ab
1585 4983 1693 5037 isto
1737 4983 1929 5036 morbo
1958 4990 2240 5045 caverent,
2277 4996 2365 5037 se-

779 5089 886 5142 que
930 5089 957 5126 a
994 5090 1099 5126 non
1170 5089 1339 5143 parvo
1394 5083 1622 5144 peccato
1676 5074 2001 5143 expedirent
2055 5090 2068 5126 :
2123 5074 2364 5143 iniurius

779 5172 921 5223 enim
959 5168 1228 5236 profecto,
1268 5176 1321 5221 et
1351 5168 1577 5237 iniquus
1604 5176 1709 5231 est,
1770 5168 1863 5236 qui
1898 5168 2044 5221 hanc
2077 5168 2244 5221 habet
2294 5167 2363 5222 de

782 5259 893 5311 lien
928 5259 1273 5327 opinionem;
1305 5276 1369 5315 ex
1403 5275 1468 5313 eo
1497 5275 1625 5313 vero
1658 5259 1805 5329 quod
1842 5254 2363 5329 utiliter'peccantes

783 5351 986 5420 arguit,
1013 5366 1107 5405 eos
1142 5351 1209 5404 ab
1249 5351 1509 5406 ulteriore
1557 5366 1722 5406 cursu
1774 5350 1828 5403 in
1857 5351 2061 5405 malum
2095 5350 2365 5420 quodam-

785 5444 949 5497 modo
976 5452 1216 5498 revocat.
1272 5442 1453 5512 Serpit
1479 5444 1625 5499 enim
1650 5484 1665 5508 ,
1701 5452 1755 5499 et
1784 5450 1969 5497 manat
2028 5444 2199 5498 latius
2236 5459 2361 5498 cum

790 5534 922 5587 nihil
950 5542 1034 5587 est
1061 5534 1208 5603 quod
1240 5535 1545 5603 prohibeat,
1582 5535 1677 5588 sed
1713 5534 2117 5604 deprehensum
2171 5550 2367 5604 prope-

793 5624 1016 5678 modum
1053 5626 1353 5691 erubescit,
1412 5638 1464 5681 et
1513 5625 1741 5680 funiculi
1800 5641 1953 5681 more
2003 5626 2058 5679 in
2121 5626 2367 5695 seipsum

859 5815 899 5847 ⁶¹
924 5812 1138 5872 Celoss.
1171 5833 1243 5884 iv,
1277 5815 1327 5871 6.
1406 5817 1449 5850 ⁶²
1476 5814 1643 5873 Eccli.
1680 5830 1733 5885 v,
1773 5815 1857 5873 Η.
1941 5818 1983 5850 ⁸³
2005 5815 2121 5872 Jac.
2159 5831 2199 5883 ι,
2233 5812 2323 5867 ίεό.

2468 4632 2581 4679 σεις
2625 4614 2715 4666 τὸν
2764 4613 3018 4683 ἔλεγχον·
3067 4612 3268 4679 ὠφελεῖ
3314 4610 3369 4662 δὲ
3419 4608 3634 4671 διττῶς.
3690 4608 3780 4677 Τῷ
3815 4608 3918 4677 μὲν
3951 4610 4056 4677 γὰρ

2465 4707 2852 4773 έξεπίστασθαι
2893 4704 3079 4773 σαφῶς
3125 4705 3193 4756 τὰ
3238 4705 3295 4755 ὲν
3329 4704 3514 4763 αὐτοῖς
3557 4699 3931 4769 βουλεύματα,
3968 4701 4059 4751 καὶ

2466 4800 2756 4870 γνωρίζειν
2786 4796 3027 4867 ἀκριϐῶς
3065 4795 3358 4856 ἀσυνέτους
3390 4793 3549 4854 ὄντας
3579 4791 3937 4853 ἐπιδεικνύει,
3980 4792 4059 4843 δτι

2466 4893 2530 4963 δὴ
2558 4892 2811 4964 λήσονται
2846 4889 2947 4943 τὸν,
2968 4888 3110 4941 θεῖον
3140 4885 3417 4955 ὀφθαλμὸν
3458 4883 3757 4953 οἰομένους,
3806 4880 4060 4951 καταχώ-

2470 5003 2664 5048 σαντες
2701 4985 2799 5055 μὲν
2846 4985 2905 5035 ὲν
2954 4980 3154 5052 καρδίᾳ
3191 4980 3290 5049 τὴν
3320 4979 3604 5053 πονηρίαν,
3646 4974 4058 5045 ἐπιτηδεύοντες

2470 5077 2527 5129 δὲ
2560 5075 2621 5127 τὸ
2667 5075 2725 5127 ὲν
2757 5073 2972 5145 γλώττῃ
3015 5070 3212 5140 γλυκύ.
3264 5068 3435 5122 Τοῦτο
3477 5070 3534 5121 δὲ
3566 5064 3634 5138 ἦν
3669 5065 4059 5127 ἀναπείθοντος

2471 5168 2571 5237 ήδη
2594 5167 2750 5227 νόσου
2777 5165 2875 5235 μὲν
2896 5168 2996 5233 τῆς
3024 5164 3115 5217 ἐπὶ
3140 5162 3347 5224 τούτοις
3369 5160 3688 5229 ἀποῳιτᾷν,
3706 5156 4057 5227 ἀμαρτίαςδὲ

2470 5260 2657 5330 λήγειν
2674 5259 2732 5311 οὐ
2755 5260 2954 5327 μικρᾶς
2976 5273 2988 5285 δ
3013 5254 3273 5326 ὑϐριστὴς
3302 5253 3410 5323 γάρ
3443 5253 3631 5315 ὄντως,
3662 5250 3755 5303 καὶ
3809 5266 4054 5303 καταπα-

2475 5351 2707 5421 ράνομος
2730 5392 2744 5415 ,
2761 5352 2788 5401 ὁ
2810 5349 3013 5418 ταύτην
3045 5348 3183 5417 ἔχων
3205 5346 3298 5397 ἐπὶ
3332 5343 3449 5413 Θεῷ
3469 5344 3567 5413 τὴν
3595 5339 3852 5410 διάληψιν
3872 5356 3884 5367 ·
3902 5339 3981 5409 τῷ
4002 5338 4053 5391 δὲ

2468 5464 2571 5515 χρη
2580 5445 2629 5495 σί
2638 5461 2750 5515 μως
2762 5444 2999 5513 ἐλέγχειν
3014 5444 3046 5511 ή
3057 5458 3130 5509 μα
3138 5458 3234 5510 ρτη
3241 5439 3420 5501 κότας,
3434 5434 3729 5505 ἀναπιράζ
3732 5452 3807 5485 ων
3820 5431 4055 5503 [nov-pd-

2470 5536 2576 5607 ζει]
2624 5528 2821 5605 τρόπον
2869 5534 2990 5586 τινὰ
3040 5531 3132 5585 τοῦ
3186 5536 3355 5584 κακοῦ
3393 5530 3480 5581 τὸν
3542 5528 3798 5592 ἐπέκεινα
3837 5524 4051 5594 δρόμον.

2479 5628 2673 5698 ’Ἑρπει
2708 5627 2804 5697 μὲν
2821 5625 2952 5695 γὰρ,
2975 5624 3066 5678 καὶ
3091 5624 3387 5677 ἐκτείνεται
3411 5619 3471 5672 τὸ
3485 5616 3691 5671 κωλύον
3715 5614 3840 5685 ἕχον
3863 5612 4038 5668 οὐδὲν
