4206 6510
254 421 370 482 I77

1311 424 1380 482 IN
1418 425 1711 485 JOANNIS
1749 428 2206 489 EVANGELIUM
2239 435 2364 492 LIB.
2404 437 2494 494 III.

3420 448 3528 506 478

254 542 512 614 φωραθέν
573 540 632 597 δέ
678 560 797 608 πως
844 542 1128 615 μονονουχὶ
1184 545 1279 598 καὶ
1329 547 1645 618 αἰσχύνεται
1670 590 1686 612 ,
1750 566 1813 603 κα

1948 554 2320 609 contrahitur.
2358 554 2590 612 Prodest
2616 571 2753 628 ergo
2780 556 3068 625 Dominus,
3100 559 3266 615 etiam
3295 575 3421 617 cum
3446 564 3535 619 in-

253 634 492 705 σχοινίου
524 634 691 705 δίκην
724 637 801 698 είς
851 635 1013 689 ἑαυτὸ
1056 636 1423 693 συστέλλεται.
1476 641 1689 709 Ὠφελεῖ
1723 658 1836 695 τοι-

253 726 460 800 γαροῦν
488 729 583 783 καὶ
610 729 851 800 ἐλέγχων
888 732 917 783 ὁ
944 729 1170 802 Κύριος,
1212 732 1304 785 καὶ
1335 733 1403 787 δι’
1434 730 1508 789 ὧν
1534 735 1599 789 ἀν
1627 755 1710 800 τις
1736 737 1837 790 αὐ-

249 820 365 884 τὸν,
397 822 479 873 ὅτι
509 820 733 889 πλήττοι
758 823 1021 893 νομίσειε,
1052 824 1138 877 διὰ
1166 825 1370 879 τούτων
1403 827 1582 882 αὐτῶν
1614 831 1836 900 εὐεργε-

246 910 447 963 τοῦντα
492 912 766 968 θεάσαιτο.
810 915 1049 984 Νοητέον
1076 915 1347 981 ἐντεῦθεν,
1378 919 1454 973 ὅτι
1489 919 1594 973 κᾶν
1624 920 1836 974 θωπεύ-

247 1005 354 1056 ωσί
394 1021 555 1069 τινες,
602 1006 635 1077 ἦ
684 1012 942 1078 χρηστοῖς
969 1012 1327 1080 περισαίνωσι
1360 1011 1537 1082 λόγοις
1569 1014 1696 1077 τοὺς
1725 1014 1833 1068 τῶν

261 1095 601 1167 Ἐκκλησιῶν
629 1100 981 1169 ἡγουμένους,
1015 1101 1091 1173 μὴ
1120 1102 1453 1173 ὀρθοποδῶσι
1484 1105 1541 1158 δὲ
1571 1107 1699 1177 περὶ
1734 1106 1833 1177 τὴν

247 1187 453 1253 πίστιν,
483 1189 543 1241 ού
575 1189 1018 1261 συναρπάζεσθαι
1054 1196 1173 1258 ταῖς
1200 1195 1510 1260 κολακείαις
1537 1198 1831 1252 ἀκόλουθον

244 1280 466 1344 αὐτοὺς,
504 1281 623 1335 οὐδέ
649 1281 840 1353 ῶσπερ
866 1284 996 1337 τινὰ
1039 1286 1230 1355 μισθὸν
1272 1287 1382 1341 τῶν
1414 1288 1653 1342 ἐπαίνων
1678 1291 1827 1344 ἀντι-

244 1375 444 1445 κιχρᾷν
474 1378 587 1437 τοῖς
615 1377 1041 1449 ἐπανορθώσεως
1078 1380 1370 1450 δεομένοις,
1406 1382 1504 1455 τὴν
1535 1384 1619 1451 ἐφ’
1652 1378 1733 1447 οἷς
1762 1384 1829 1437 ἂν

243 1465 481 1519 πταίωσι
517 1471 726 1539 σιωπήν
752 1486 764 1498 ’
817 1470 1058 1541 ἐλέγχειν
1080 1471 1137 1524 δὲ
1169 1472 1368 1543 μᾶλλον
1396 1476 1461 1527 ἐκ
1493 1476 1826 1546 παρρησίας,

242 1558 338 1611 καὶ
385 1563 720 1631 μεταχωρεῖν
772 1562 1087 1617 ἀναπείθειν
1137 1564 1230 1618 ἐπὶ
1278 1565 1339 1618 τὺ
1378 1565 1620 1636 ἄμεινον,
1661 1568 1828 1637 ἤγουν

238 1647 331 1702 διὰ
363 1651 555 1704 τούτου
597 1652 698 1704 κᾶν
724 1654 943 1722 ἐτέρους
968 1655 1217 1724 ὠφελεῖν,
1263 1658 1404 1712 κατὰ
1432 1658 1494 1712 τὸ
1536 1662 1826 1732 εἰρημένον

241 1742 351 1795 ὑπὸ
405 1743 499 1796 τοῦ
558 1745 769 1798 Παύλου
804 1760 819 1777 ⁶
886 1766 905 1798 ι
936 1749 1075 1812 Τοὺς
1130 1751 1543 1820 ἁμαρτάνοντας
1594 1753 1826 1809 ἐνώπιον

237 1834 461 1888 πάντων
491 1836 699 1906 ἔλεγχε,
730 1838 818 1891 ἵνα
848 1839 944 1892 καὶ
971 1841 1020 1894 οί
1048 1841 1222 1895 λοιποὶ
1253 1842 1416 1912 φόϐον
1447 1844 1631 1914 ἔχωσι.
1669 1866 1687 1899 ι
1744 1846 1823 1901 Τά

240 1926 343 1997 μὲν
370 1922 462 1980 οὖν
488 1928 544 1979 ἐν
573 1932 684 1991 τοῖς
712 1931 1093 2002 προκειμένοις
1126 1935 1256 2004 ἡμῖν
1299 1935 1571 2006 ἀναμέρος
1600 1939 1657 1989 ἐν
1701 1939 1824 1991 τού-

232 2030 373 2077 τοις’
406 2017 695 2071 ἀκολουθία
717 2036 780 2087 γε
808 2019 934 2091 μὴν,
968 2022 1063 2075 καὶ
1084 2024 1395 2092 ἀναγκαίως
1420 2022 1826 2099 ἐπενηνεγμένα

230 2106 347 2170 τοῖς
378 2109 476 2179 ἥδη
508 2111 1071 2184 προτεθεωρημένοις,
1106 2115 1516 2173 ἀναδείκνυσθαι
1551 2120 1661 2174 δεῖν
1693 2123 1825 2176 ὑπο-

231 2200 497 2271 λαμϐάνω
522 2204 615 2257 καὶ
640 2204 799 2258 αὐτά.
838 2206 1049 2260 υύκοῦν
1084 2210 1141 2262 ἐν
1181 2210 1412 2276 ἐκείνοις
1441 2212 1701 2284 ἐλέγομεν
1725 2216 1819 2270 τοῦ

231 2292 487 2364 Σωτῆρος
536 2294 689 2365 ήμῶν
736 2297 834 2367 τὴν
880 2300 943 2351 ἐκ
981 2298 1073 2351 τοῦ
1104 2299 1262 2371 ὅρους
1294 2302 1536 2370 κάθοδον,
1572 2306 1669 2377 τὴν
1702 2306 1821 2359 δευ-

228 2385 400 2456 τέραν
451 2388 581 2456 ἡμῖν
625 2388 719 2441 καὶ
772 2385 927 2450 αὖθις
980 2392 1245 2463 ἐσομένην
1291 2397 1355 2448 ἐκ
1403 2396 1511 2449 τῶν
1572 2398 1818 2469 οὐρανῶν

230 2478 527 2549 ἐπιδημίαν
578 2481 886 2535 ἀνατυποῦν
915 2523 928 2547 ,
994 2486 1087 2537 καὶ
1130 2484 1205 2548 ὡς
1262 2487 1320 2540 ἐν
1366 2490 1673 2561 συναιρέσει
1720 2490 1816 2546 τοῦ

229 2572 433 2634 παντὸς
487 2570 817 2642 θεωρήματα
864 2576 1295 2646 προσετίθεμεν,
1348 2581 1431 2634 ὅτι
1498 2582 1591 2636 καὶ
1645 2584 1816 2656 ἀγρυ-

228 2663 449 2725 πνοῦσι,
482 2664 576 2717 καὶ
604 2666 661 2716 ἐν
689 2665 766 2735 τῷ
796 2670 979 2721 πονεῖν
1004 2668 1341 2741 ὑπάρχουσιν
1366 2672 1453 2740 ἔτι,
1479 2677 1591 2739 τοῖς
1620 2676 1812 2730 ἐαυτοῦ

230 2753 503 2824 μαθηταῖς
532 2757 896 2824 ἐπιφαίνεται,
928 2761 1023 2813 καὶ
1048 2761 1249 2827 δειλίας
1281 2765 1598 2832 ἀπαλλάξας
1629 2786 1811 2842 παρα-

226 2845 416 2916 χρῆμα
446 2846 506 2899 τὸ
534 2847 740 2916 σκάφος
764 2849 932 2903 ἐτίθει
965 2852 1099 2922 πρὸς
1138 2856 1260 2925 γῆν.
1303 2858 1411 2911 Καὶ
1432 2860 1485 2911 τί
1515 2860 1575 2913 τὸ
1602 2862 1666 2915 ἐκ
1688 2862 1812 2915 τούο

1942 652 2152 713 crepat,
2203 653 2259 700 et
2290 645 2493 714 quibus
2538 646 2705 703 ferire
2731 653 2980 718 putatur,
3013 648 3209 705 iisdem
3264 651 3402 722 ipsis
3434 654 3532 710 be-

1941 736 2134 791 neﬁcia
2202 736 2463 792 conferre
2521 738 2790 793 cernitur.
2832 735 2974 793 Hinc
3012 741 3375 796 statuendum
3423 749 3531 807 est,

1942 827 2313 884 Ecclesiarum
2340 828 2700 899 praesulibus,
2722 829 2943 885 tametsi
2972 830 3198 899 quidam
3232 832 3318 888 eis
3336 848 3531 889 assen-

1938 927 2147 988 tentur,
2204 927 2299 975 aut
2331 920 2723 985 blandiantur,
2749 922 2844 975 sed
2874 922 2943 977 in-
2974 922 3079 977 ﬁde
3116 928 3265 977 recte
3297 939 3409 979 non
3439 925 3530 980 in—

1935 1011 2154 1075 cedant,
2196 1010 2413 1065 illorum
2455 1010 2877 1066 adulationibus
2898 1011 3205 1067 cedendum
3230 1027 3341 1067 non
3376 1029 3525 1083 esse,

1934 1117 2037 1157 nec
2068 1101 2136 1157 de
2168 1117 2358 1157 eorum
2389 1102 2603 1158 delictis
2641 1102 2959 1168 tacendum,
2982 1111 3045 1158 ut
3074 1104 3363 1174 praemium
3396 1106 3519 1161 vel-

1932 1194 2013 1247 uti
2062 1192 2337 1263 quoddam
2394 1194 2620 1248 laudum
2666 1210 2808 1264 quas
2871 1196 3213 1265 acceperint,
3251 1196 3321 1251 iis
3357 1196 3525 1251 retri-

1931 1285 2101 1339 buant
2128 1285 2331 1356 quibus
2359 1285 2707 1341 correctione
2751 1301 2893 1356 opus
2923 1294 3045 1342 est:
3101 1286 3200 1341 sed
3225 1287 3401 1343 libere
3428 1302 3524 1359 ρος

1929 1377 2040 1433 tius
2098 1377 2499 1448 increpandos,
2570 1384 2626 1432 et
2672 1375 2741 1431 ad
2814 1379 3099 1433 meliorem
3161 1377 3377 1450 frugem
3429 1395 3524 1436 re-

1929 1468 2228 1536 vocandos,
2263 1469 2509 1541 adeoque
2542 1478 2774 1525 caeteros
2805 1485 3025 1541 quoque
3057 1471 3188 1527 hinc
3215 1470 3516 1541 iuvandos,

1923 1560 2081 1632 juxta
2111 1560 2247 1616 illud
2288 1561 2448 1615 Pauli
2491 1562 2698 1617 dictum
2734 1581 2746 1616 :
2776 1579 2795 1613 ι
2838 1562 3140 1619 Peccantes
3174 1578 3362 1619 coram
3393 1579 3524 1619 om-

1926 1653 2096 1709 nibus
2160 1668 2350 1724 argue,
2409 1662 2470 1707 ut
2530 1660 2583 1708 et
2634 1653 2816 1709 caeteri
2868 1653 3121 1708 timorem
3189 1655 3450 1712 habeant.
3491 1675 3514 1708 ν

1928 1746 2035 1802 Sed
2112 1747 2180 1803 de
2259 1748 2428 1802 rebus
2492 1746 2795 1817 propositis
2865 1746 3144 1817 sigillatim
3224 1747 3512 1805 hactenus.

1926 1827 2087 1912 297
2119 1840 2562 1896 Consentaneum
2589 1848 2774 1897 tamen
2809 1839 3052 1894 arbitror
3077 1848 3135 1894 ut
3164 1856 3287 1910 qua:
3311 1840 3515 1911 priori-

1928 1936 2032 1989 bus
2057 1933 2536 1988 observationibus
2566 1931 2863 2000 subiuncta
2893 1941 3043 1997 sunt,
3065 1947 3129 1986 ea
3147 1932 3265 2001 ipsa
3290 1946 3514 1988 rursum

1927 2025 2238 2082 exhibeam.
2280 2024 2451 2095 Igitur
2494 2023 2849 2079 ibi‘diximus
2886 2021 3193 2079 Salvatoris
3240 2025 3413 2080 nostri
3444 2025 3524 2082 de

1926 2127 2110 2172 monte
2146 2117 2474 2173 descensum
2511 2116 2742 2188 ﬁguram
2780 2131 2903 2173 esse
2950 2117 3182 2172 secundi
3233 2125 3288 2172 et
3327 2117 3515 2173 denuo

1923 2209 2094 2265 futuri
2120 2210 2188 2264 de
2219 2211 2378 2265 coelis
2405 2208 2701 2273 adventus,
2730 2216 2789 2264 et
2833 2209 3019 2263 omnia
3052 2209 3223 2265 veluti
3263 2210 3511 2280 compleb
3554 2216 3557 2217 ⁷

1922 2304 2120 2359 ctendo
2157 2304 2473 2360 addidimus
2533 2318 2799 2374 apparere
2832 2304 3013 2373 ipsum
3051 2304 3344 2374 discipulis
3369 2306 3513 2371 suis,

1921 2408 2045 2449 cum
2081 2393 2463 2464 vigilantibus,
2492 2402 2604 2447 tum
2634 2392 3032 2457 laborantibus,
3067 2400 3122 2448 et
3145 2402 3291 2449 metu
3326 2395 3510 2451 soluto

1918 2487 2195 2558 navigium
2229 2487 2285 2540 in
2337 2493 2545 2540 terram
2597 2488 2785 2540 statim
2838 2483 3134 2555 deponere.
3185 2484 3327 2551 Quid
3378 2499 3517 2541 vero

1918 2580 2046 2633 hinc
2066 2580 2244 2650 typice
2274 2578 2433 2633 nobis
2462 2576 2830 2648 signiﬁcatum
2858 2577 2950 2641 sit,
2970 2576 3052 2631 ibi
3076 2576 3503 2633 declaravimus.

1918 2669 2023 2725 Sed
2046 2672 2280 2724 observa
2310 2684 2457 2723 nunc
2486 2667 2760 2738 quosdam
2794 2683 2936 2737 pone
2973 2670 3151 2738 sequi,
3190 2677 3244 2724 et
3280 2668 3505 2725 ultimos

1916 2762 1983 2815 ad
2035 2760 2221 2817 Jesum
2262 2763 2466 2825 venire,
2516 2768 2808 2831 postquam
2848 2759 2916 2816 de
2959 2770 3142 2816 monte
3188 2761 3498 2818 descendit.

1916 2852 2153 2908 Veniunt
2181 2853 2323 2907 enim
2352 2857 2573 2922 postero
2600 2851 2710 2915 die,
2742 2851 2890 2921 quod
2939 2866 3048 2905 non
3095 2859 3312 2907 temere
3340 2865 3505 2908 evan?

224 2954 337 2990 των
368 2937 441 3001 ὡς
472 2941 531 2990 ἐν
571 2940 759 3004 τύποις
801 2943 932 3011 ἡμῖν
967 2942 1444 3018 ζωγραφούμενον,
1485 2951 1542 3004 ἐν
1583 2953 1811 3018 ἐκείνοις

1919 2946 2104 3016 gelista
2147 2945 2375 3009 addidit,
2408 2954 2612 2999 etcum
2658 2944 3034 3000 occurrissent
3067 2945 3286 2999 Christo
3311 2985 3327 3009 ,
3350 2946 3508 3000 blan-

223 3030 645 3101 ἐσαφηνίξομεν.
684 3033 821 3086 Ἀλλ’
848 3037 1094 3107 ἐπιτήρει
1122 3038 1234 3101 νύν,
1272 3041 1352 3092 ὅτι
1379 3042 1515 3112 μετά
1534 3044 1594 3096 τὸ
1622 3046 1807 3099 κατελ-

1919 3040 1996 3094 dis
2027 3038 2377 3092 sermonibus
2400 3038 2580 3106 ipsum
2619 3037 3052 3108 aggrediuntur;
3095 3038 3188 3092 sed
3233 3053 3310 3093 ξοδ
3338 3037 3501 3093 Chri-

224 3122 341 3176 θεῖν
369 3124 431 3176 ἐκ
454 3124 547 3177 τοῦ
579 3125 736 3195 ὅρους
758 3126 847 3180 τὸν
879 3128 1108 3198 Ἰησοῦν,
1142 3132 1481 3203 ύστερίζουσί
1508 3152 1651 3198 τινες
1677 3140 1804 3209 περὶ

1919 3140 2029 3184 stus
2058 3129 2257 3199 arguit,
2288 3143 2470 3183 acrem
2506 3135 2561 3184 et
2611 3127 2912 3185 ferventem
2946 3131 3378 3200 increpationem
3410 3128 3500 3185 ad°

220 3215 324 3287 τὴν
344 3217 715 3288 ἀκολούθησιν,
744 3220 839 3273 καὶ⁵
861 3221 1156 3297 τελευταῖοι
1182 3223 1486 3293 βαδίζουσιν
1511 3228 1596 3280 ἐπ’
1618 3230 1798 3284 αὐτόν.

1919 3222 2120 3286 aibens,
2157 3231 2216 3275 ut
2248 3219 2383 3275 illud
2426 3235 2626 3276 rursus
2670 3220 2724 3275 in
2782 3223 3026 3276 animum
3084 3222 3496 3286 induceremus,

226 3309 519 3377 Ἐρχονται
553 3311 662 3380 γὰρ
693 3314 757 3382 τῇ
786 3312 1045 3382 ἐπαύριον
1067 3331 1079 3343 ·
1115 3315 1688 3389 ούκλάπαρατηοήτως
1714 3322 1806 3375 καὶ

1919 3321 2200 3382 postquam
2256 3313 2519 3367 Dominus
2571 3312 2639 3365 ad
2676 3328 2777 3367 nos
2826 3314 2894 3367 de
2943 3314 3100 3369 caelis
3135 3314 3368 3378 venerit,
3404 3330 3500 3368 va-

222 3397 381 3451 τοῦτο
412 3398 856 3469 προστεθεικότος
893 3402 984 3455 τοῦ
1014 3403 1402 3471 εὐαγγελιστοῦ
1442 3425 1447 3431 ’
1497 3405 1614 3462 εἶτα
1654 3429 1806 3481 περι-

1919 3405 2194 3459 nissimum
2226 3403 2446 3457 demum
2477 3409 2531 3456 et
2557 3403 2805 3457 inutilem
2836 3401 2952 3458 fore
2989 3402 3257 3458 bonorum
3298 3410 3497 3473 postn—

215 3489 508 3557 τυχόντες,
564 3494 819 3560 χρηστοῖς
864 3493 1186 3549 κολακεύειν
1221 3498 1552 3569 ἐπιχειροῦσι
1602 3500 1800 3569 λόγοις,

1919 3494 2185 3559 tationem,
2216 3508 2393 3562 neque
2421 3507 2522 3547 nos
2545 3492 3001 3562 tempestivejam
3027 3506 3150 3547 eum
3181 3502 3492 3548 secuturos.

220 3582 545 3652 ἐπιπλήττει
575 3584 631 3635 δὲ
668 3585 851 3648 αὐτοῖς
902 3588 929 3639 ὁ
967 3588 1222 3655 Χριστὸς,
1270 3590 1457 3653 ζέοντα
1486 3594 1580 3646 καὶ
1608 3594 1804 3665 δριμὺν

1919 3584 2015 3640 Sed
2050 3593 2103 3639 et
2128 3585 2344 3639 tametsi
2379 3583 2601 3653 quidam
2627 3586 2962 3639 accesserint
2992 3592 3278 3654 sperantes
3315 3586 3493 3654 ipsum

217 3673 444 3741 ἐπάγων
470 3673 558 3725 τὸν
584 3675 822 3746 ἔλεγχον,
855 3677 939 3729 ῖνα
972 3678 1131 3731 πάλιν
1162 3680 1336 3733 ἐκεῖνο
1364 3680 1798 3755 διενθυμώμεθα,

1919 3676 2279 3731 )landissimis
2315 3676 2497 3731 verbis
2542 3676 2800 3739 delinire,
2851 3690 2958 3729 non
3000 3675 3114 3744 jam
3166 3674 3381 3730 facilem
3433 3691 3498 3730 ac

216 3766 302 3818 ὅτι
342 3765 480 3834 μετά
523 3766 583 3817 τὺ
617 3768 908 3834 ἀφικέσθαι
950 3770 1042 3822 τὸν
1077 3770 1280 3842 Κύριον
1323 3773 1397 3837 ὡς
1431 3776 1577 3845 ἡμᾶς
1609 3775 1667 3841 ἐξ
1709 3778 1800 3829 ob-

1919 3769 2088 3823 nitem
2128 3767 2371 3836 judicem
2408 3776 2747 3837 reperturos,
2782 3765 2881 3821 sed
2933 3781 3191 3836 asperum
3243 3781 3306 3821 ac
3344 3782 3498 3824 seve-

221 3857 427 3927 ρανῶν,
461 3860 774 3928 είκαιοτάτη
804 3860 991 3915 λοιπὸν
1053 3864 1147 3916 καὶ
1176 3866 1458 3937 ἀνωφελὴς
1493 3868 1804 3940 ἀνθρώποις
1903 3875 2049 3914 rum.
2082 3858 2466 3912 Adulationem
2504 3858 2707 3928 quippe
2741 3872 2934 3913 eorum
2957 3859 3051 3927 qui
3088 3865 3411 3928 arguentur,
3443 3868 3501 3914 et

217 3950 253 4017 ἡ
285 3949 395 4002 τῶν
427 3949 645 4017 ἀγαθῶν
676 3951 1017 4022 ἐπιζήτησις,
1046 3957 1141 4008 καὶ
1169 3956 1231 4008 τὸ
1258 3959 1567 4012 ἀκολουθεῖν
1601 3960 1802 4015 ἐθέλειν

1928 3950 2339 4020 ncrepationem
2365 3950 2537 4019 ipsam
2563 3951 2616 4002 in
2640 3948 2951 4005 Salvatoris
2964 3951 3146 4005 verbis
3167 3952 3497 4020 conspicias,

216 4041 369 4110 αὐτῷ
417 4044 604 4112 καιρὸν
651 4045 749 4098 οὐκ
803 4045 916 4115 ἔχει
965 4046 1057 4100 τὸν
1118 4050 1416 4119 πρέποντα.
1482 4052 1639 4107 Ἀλλὰ
1702 4056 1802 4108 κᾶν

218 4134 485 4203 προσίωσί
513 4152 676 4199 τινες,
701 4139 1160 4208 προσηνεστάτοις
1181 4125 1343 4196 αὑτὸν
1369 4145 1801 4215 καταμαλθάξειν

213 4229 452 4297 οἰόμενοι
498 4228 695 4296 λόγοις,
745 4230 927 4284 οὐκέτι
968 4233 1189 4303 χρηστῴ
1239 4236 1664 4306 περιτεύξονται,
1708 4241 1803 4294 καὶ

215 4322 382 4391 πράῳ
408 4321 485 4391 τῷ
511 4323 768 4392 κρίνοντι,
812 4324 924 4378 ἀλλ’
946 4326 1255 4399 ἐλεγκτικῷ
1286 4346 1346 4382 τε
1374 4330 1467 4383 καὶ
1497 4331 1799 4404 πληκτικῷ.

1904 4058 2027 4096 cum
2059 4043 2318 4096 nimirum
2344 4042 2419 4094 ait
2451 4059 2463 4094 :
2504 4059 2521 4091 ι
2557 4040 2710 4093 Multi
2744 4040 2929 4095 dicent
2955 4040 3087 4095 mihi
3127 4043 3178 4095 in
3209 4043 3302 4096 illa
3331 4042 3443 4108 die,
3473 4061 3496 4096 ι

1902 4134 2095 4205 judicii
2129 4135 2341 4189 scilicet
2378 4152 2391 4187 :
2443 4152 2461 4185 ι
2502 4132 2754 4195 Domine,
2802 4132 3049 4198 Domine,
3084 4149 3268 4190 nonne
3298 4135 3354 4189 in
3386 4151 3492 4190 no-

1905 4227 2052 4282 mine
2105 4234 2199 4280 tuo
2247 4224 2517 4280 daemonia
2566 4224 2877 4293 ejecimus?
2919 4220 3023 4277 Sed
3080 4233 3248 4289 tunc,
3294 4225 3498 4295 inquit,

1905 4320 2208 4376 conﬁtebor
2244 4318 2378 4382 illis,
2429 4317 2556 4385 quia
2606 4331 2765 4370 amen
2811 4315 2938 4369 dico
2972 4315 3162 4382 vobis,
3214 4333 3499 4387 nunquam

1906 4414 2030 4468 novi
2066 4427 2163 4466 vos
2199 4412 2265 4466 ”.
2294 4430 2313 4463 ι
2345 4409 2463 4463 Non
2494 4410 2638 4464 enim
2669 4425 2806 4479 pure
2838 4423 2925 4462 me
2958 4409 3261 4479 quaesistis,
3293 4409 3498 4478 inquit,

204 4409 332 4481 ⁵Τὴν
356 4411 464 4481 γὰρ
489 4410 597 4464 τῶν
626 4412 996 4483 ἐλεγχομένων
1024 4416 1282 4483 θωπείαν,
1316 4421 1411 4474 καὶ¹
1438 4422 1599 4475 αὐτὸν
1630 4424 1685 4476 δέ
1715 4425 1804 4478 τὸν

214 4502 440 4571 ἔλεγχον
483 4503 540 4555 ἐν
583 4505 695 4567 τοῖς
726 4504 817 4557 τοῦ
855 4506 1107 4578 Σωτῆρος
1139 4508 1436 4581 θεωρήσεις
1473 4512 1668 4583 λόγοις,
1714 4517 1802 4571 ὅτε

215 4594 280 4663 δὴ
332 4593 426 4645 καί
480 4609 660 4664 φησι·
732 4613 751 4647 ι
790 4596 983 4651 Πολλοὶ
1039 4600 1223 4670 ἐροῦσι
1271 4620 1360 4673 μοι
1410 4605 1467 4658 ἐν
1506 4608 1689 4680 ἐκείνῃ
1733 4615 1799 4682 τῇ

217 4682 423 4753 ἡμέρᾳ,
455 4701 473 4733 ι
512 4686 578 4753 τῇ
612 4684 711 4751 τῆς
736 4686 969 4757 κρίσεως
1000 4688 1243 4758 δηλονότι
1273 4710 1284 4721 ·
1338 4712 1355 4745 ι
1384 4695 1575 4765 Κύριε,
1606 4698 1800 4770 Κύριε,

211 4775 277 4827 οὐ
300 4774 380 4844 τῷ
413 4774 491 4845 σῷ
522 4775 749 4845 ὀνόματι
790 4777 1040 4848 δαιμόνια
1075 4779 1436 4854 ἐξεϐάλομεν;
1472 4788 1630 4842 Ἀλλὰ
1659 4792 1799 4856 τότε,

212 4868 406 4937 φησιν,
430 4868 751 4938 ὁμολογήσω
781 4869 984 4934 αὐτοῖς,
1006 4871 1089 4923 ὃτι
1124 4874 1185 4926 ’Δ
1195 4873 1301 4944 μὴν
1318 4876 1461 4945 λέγω
1480 4880 1631 4950 ὑμῖν,
1648 4882 1799 4935 οὐδέ-

213 4978 351 5013 ποτε
389 4959 558 5028 ἔγνων
608 4962 770 5031 ὑμᾶς.
804 4980 822 5014 ι
880 4963 955 5016 Οὐ
990 4963 1098 5034 γὰρ
1149 4966 1449 5038 ἐξητήσατέ
1508 4989 1597 5040 με,
1646 4975 1799 5043 φησὶ,

212 5051 495 5122 καθαρῶς,
520 5052 636 5104 ἀλλ’
661 5052 780 5105 οὐδὲ
808 5053 869 5105 τὸ
890 5056 946 5106 ἐν
969 5055 1223 5127 ἁγιασμῷ
1247 5057 1565 5129 διαπρέπειν
1589 5064 1803 5134 ὴγαπή-

214 5157 349 5194 σατε
372 5157 393 5224 ὀ
419 5139 589 5208 ἔγνων
619 5140 726 5211 γὰρ
755 5141 821 5195 ἂν
848 5142 936 5196 διὰ
967 5144 1171 5197 τούτων
1211 5146 1374 5217 ὑμᾶς,
1425 5149 1541 5203 ἀλλ’
1572 5153 1803 5224 ἐπείπερ

211 5236 296 5296 είς
339 5232 612 5303 ἐμπορίας
644 5232 879 5304 εὖρεσιν,
921 5236 1018 5307 τὴν
1059 5238 1116 5291 ἐν
1153 5237 1369 5310 δοκήσει
1408 5243 1500 5295 καὶ
1532 5244 1589 5295 ἐν
1620 5244 1803 5313 ψιλαῖς

213 5324 501 5388 ὑπονοίαις
545 5324 828 5379 εὐλάὸειαν
876 5329 1205 5399 ἐποιήσασθε
1233 5375 1247 5395 ,
1311 5335 1404 5386 καὶ
1471 5337 1801 5407 ἠγνοηκέναι

210 5417 441 5479 δικαίως
480 5418 725 5486 ὁμολογῶ
752 5435 768 5449 ο
798 5420 938 5498 ὅπερ
966 5416 1059 5473 οὖν
1100 5424 1157 5474 ἐν
1193 5423 1400 5487 τούτοις
1431 5421 1570 5480 εἷναί
1612 5446 1792 5498 φαμεν

211 5511 275 5562 τὸ
324 5527 342 5559 ι
375 5508 565 5577 Κύριε,
588 5510 779 5580 Κύριε,
808 5529 827 5561 ι
873 5510 1031 5565 τοῦτο
1065 5513 1156 5566 καὶ
1186 5514 1371 5569 ἐνθάδε
1400 5517 1461 5570 τὸ
1501 5539 1518 5571 ι
1543 5520 1749 5574 Ῥα66ί.
1774 5541 1792 5574 ι

210 5598 429 5652 Οὐκοῦν
466 5601 572 5669 ὅτῳ
603 5600 665 5653 τὸ
699 5601 1017 5667 κολάζεσθαι
1051 5605 1267 5678 πικρὸν,
1306 5607 1380 5679 μὴ
1411 5613 1798 5667 καταπιπτέτω

210 5691 357 5763 πρὸς
389 5691 728 5763 ἁνανδρείαν,
787 5694 920 5766 μηδὲ
966 5696 1261 5754 ἀσθενείτω
1311 5701 1569 5767 ποικίλως
1618 5707 1697 5769 είς
1738 5707 1797 5761 τὸ

1909 4506 2004 4563 sed
2055 4520 2154 4561 nec
2206 4504 2577 4558 sanctimonia
2632 4502 2925 4572 splendere
2981 4500 3315 4557 studuistis:
3371 4502 3500 4557 hinc

1908 4598 2055 4654 enim
2099 4612 2196 4652 vos
2231 4610 2611 4665 agnoscerem,
2648 4594 2742 4649 sed
2776 4607 2901 4646 cum
2931 4591 3000 4645 ad
3046 4593 3257 4645 lucrum
3291 4592 3499 4647 facien-

1909 4689 2039 4743 dum
2073 4688 2451 4757 imaginariam
2495 4693 2549 4740 et
2595 4685 2813 4738 inanem
2852 4683 3071 4752 pietatis
3107 4683 3344 4751 speciem
3388 4699 3498 4753 pra:

1907 4782 2063 4836 vobis
2098 4780 2356 4841 tuleritis,
2396 4776 2607 4831 idcirco
2624 4790 2721 4829 vos
2745 4774 2878 4827 mihi
2899 4787 3118 4845 quoque
3138 4773 3354 4843 ignotos
3376 4787 3500 4827 esse

1906 4872 2169 4942 proﬁteor
2194 4888 2209 4924 ς
2236 4870 2381 4940 quod
2410 4869 2578 4938 igitur
2612 4867 2702 4922 hic
2727 4881 2848 4921 esse
2877 4865 3149 4929 dicimus,
3181 4881 3199 4915 ι
3243 4863 3497 4929 Domine,

1908 4966 2197 5025 Domine,»
2234 4963 2470 5031 idipsum
2504 4960 2577 5014 ibi
2610 4973 2852 5028 quoque,
2889 4976 2907 5009 ι
2943 4956 3141 5011 Rabbi.
3180 4975 3197 5007 ι
3225 4955 3498 5022 Quocirca

1911 5059 2223 5126 cuicunque
2248 5070 2417 5127 grave
2447 5060 2500 5108 et
2523 5052 2786 5107 acerbum
2819 5057 2905 5105 est
2937 5050 3145 5120 puniri,
3180 5065 3247 5104 ne
3270 5048 3497 5120 inigna-

1910 5152 2051 5205 viam
2087 5149 2396 5211 delabatur,
2432 5160 2611 5216 neque
2634 5142 3005 5198 variis-modis
3045 5141 3322 5195 inﬁrmum
3358 5155 3497 5209 prae-

1912 5244 2033 5298 beat
2066 5258 2123 5297 se
2149 5242 2216 5296 ad
2247 5249 2554 5312 peccatum,
2583 5240 2882 5295 bonitatem
2905 5236 3000 5291 Dei
3038 5235 3363 5306 respiciens.
3399 5231 3495 5289 sed

1912 5346 2175 5406 praeparet
2204 5350 2342 5406 Opus
2378 5349 2560 5399 suum,
2603 5342 2661 5387 ut
2685 5332 2952 5400 scriptum
2984 5318 3172 5389 est“,
3207 5329 3260 5381 in
3285 5326 3495 5380 exitum

1908 5442 2092 5492 suum,
2124 5434 2177 5480 et
2214 5434 2555 5496 praeparetur
2585 5424 2639 5477 in
2687 5438 2904 5492 agrum,
2959 5419 3065 5473 hoc
3092 5424 3178 5471 est
3214 5418 3389 5470 donec
3435 5413 3492 5467 in

1908 5519 2011 5573 hoc
2047 5519 2252 5572 mundo
2281 5526 2382 5573 est.
2422 5517 2627 5587 Agrum
2659 5516 2804 5569 enim
2837 5511 3102 5566 mundum
3132 5507 3383 5563 Salvator
3405 5505 3493 5560 in-

1906 5614 2239 5677 terpretatus
2288 5619 2388 5665 est.
2433 5608 2774 5678 Praeparetur
2820 5622 2950 5662 vero
2996 5605 3063 5659 ad
3113 5597 3489 5673 probationem

1907 5702 2073 5772 298
2112 5703 2420 5758 sanctitatis
2470 5712 2524 5757 et
2559 5700 2790 5771 iustitiae
2830 5714 3014 5755 coram
3063 5697 3155 5751 Dei
3205 5690 3469 5749 tribunali

281 5865 329 5895 ⁸³
360 5870 547 5929 lTint.
588 5875 750 5942 v,90.
833 5877 880 5910 “
898 5876 1090 5935 Matth.
1125 5895 1221 5949 vn,
1244 5879 1335 5951 25,
1368 5883 1459 5939 24.
1540 5885 1582 5917 ⁸⁸
1605 5884 1765 5942 Prov.
1796 5901 1942 5955 XXIV,
1965 5884 2055 5941 27·
