4218 6500
703 400 807 455 ιτς)
1711 386 1768 443 S.
1812 382 2090 442 CYRILLI
2131 378 2316 437 ALEX

2417 375 2602 442 DRlN]
2638 376 2956 432 ARCHlEP.
3878 368 3992 425 ιεο

694 512 813 567 Non
844 510 989 565 enim
1032 514 1218 564 cernet
1267 505 1511 574 iudicem
1546 503 1933 574 intempestive
1966 499 2286 568 benignum,

2417 495 2752 564 πλημμελεῖν,
2810 495 2887 556 εἰς
2934 492 3277 561 χρηστότητα
3328 490 3539 559 βλέπων
3587 489 3685 559 τὴν
3736 489 3794 540 ἐν
3842 486 3990 555 Θεῷ,

696 604 792 660 seil
824 618 999 671 neque
1034 600 1215 654 verbis
1254 598 1318 653 ad
1362 596 1801 653 misericordiam
1833 590 2157 660 compositis
2196 603 2285 642 ce-

2417 587 2504 639 ιλλ’
2528 585 2864 655 ἐτοιμαζέτω
2894 586 2955 637 τὸ
2981 585 3140 654 ἔργον
3163 581 3328 636 αὑτοῦ
3359 584 3439 644 εἰς
3467 581 3565 652 τὴν
3591 581 3772 645 ἔξοδον
3793 576 3993 643 αὑτοῦ,

696 665 936 755 dentem,
969 691 1055 745 cui
1103 698 1215 743 tum
1268 689 1501 760 impigre
1536 684 2029 755 obtemperandum
2067 681 2166 734 fuit
2218 678 2286 733 ad

2417 677 2536 731 ιαθά
2562 679 2894 745 γέγραπται,
2922 675 3015 727 καὶ
3046 670 3551 743 παρασκευαζέσθω
3576 671 3655 731 εἰς
3674 668 3765 721 τὸν
3792 665 3992 760 ἀγρὸν,

648 802 659 833 ;
699 782 931 837 saiutem
960 781 1201 842 vocanti,
1226 751 1365 833 cum.
1384 751 1647 832 bonitatis
1677 751 1897 843 tempus
1922 772 1973 826 id
1999 770 2289 841 permitte-

2417 766 2533 819 τοῦτ’
2568 766 2733 829 ἐστιν,
2784 764 2887 828 ἓως
2939 762 3084 815 ἐστὶν
3136 762 3192 812 ἐν
3222 758 3357 828 τῷδε
3410 759 3488 827 τῷ
3536 758 3745 825 κόσμῳ.
3794 751 3995 821 Ἀγρὸν

634 850 637 851 ν
702 885 803 937 ret.
840 886 891 929 et
935 874 1179 943 priurum
1212 872 1535 935 delictorum
1570 870 1727 922 venia
1764 864 2017 935 petenda,
2047 870 2101 917 et
2133 861 2289 916 beni-

2417 860 2503 929 γὰρ
2542 859 2632 911 τὸν
2670 859 2871 926 κόσμον
2895 855 3239 926 ἡρμήνευσεν
3284 853 3314 903 ὁ
3355 850 3567 919 Σωτήρ.
3620 848 3995 915 Παρασκευα-

699 934 877 1033 gnitas
920 934 1010 1018 hei
1047 961 1349 1019 Salvatoris
1383 934 1777 1029 imploranda;

2417 950 2574 1016 ζέσθω
2607 950 2665 1004 δὲ
2698 948 2833 1020 πρὸς
2861 946 3137 1011 ἀπόδειξιν
3173 942 3469 1012 ἀγιασμοῦ,
3512 940 3607 991 καὶ
3638 934 3995 1001 δικαιοσύνης

700 1030 790 1114 ἐπὶ
820 1050 913 1113 τοῦ
960 1060 1104 1112 θείου
1139 1058 1399 1127 βήματος.
1434 1055 1508 1107 Οὐ
1539 1053 1645 1122 γὰρ
1676 1053 1919 1121 ἀκαίρως
1980 1050 2109 1103 ὄντα
2172 1045 2551 1116 φιλάνθρωπον
2602 1046 2866 1114 θεωρήσει
2906 1042 2996 1094 τὸν
3060 1040 3342 1108 δικαστὴν,
3392 1036 3505 1089 ἀλλ’
3557 1033 3677 1087 οὐδὲ
3722 1035 3859 1127 τοῖς-
3916 1030 3997 1127 εἰς

700 1155 847 1206 ἔλεον
874 1153 1089 1205 εἴκοντα
1119 1122 1321 1217 λόγοις,
1364 1149 1454 1201 τὸν
1497 1141 1649 1215 ᾧπερ
1696 1147 1861 1215 ἐχρῆν
1895 1143 2128 1213 ἀμελητὶ
2162 1140 2590 1192 καταπείθεσθαι
2652 1136 2905 1191 καλοῦντι
2956 1134 3094 1204 πρὸς
3165 1130 3463 1199 σωτηρίαν,
3537 1126 3767 1217 ὂτενκαὶ
3837 1122 4002 1217 δ’τῆς

706 1242 1040 1312 ἡμερότητος
1084 1240 1330 1293 ἐπεδίδου
1370 1238 1580 1306 καιρὸς,
1628 1238 1723 1289 καὶ
1754 1236 1853 1305 τὴν
1898 1236 1987 1287 ἐπὶ
2025 1236 2136 1295 τοῖς
2177 1229 2279 1301 ἤδη
2319 1229 2813 1301 προεπταισμένοις
2839 1226 3071 1290 ἐξαιτεῖν
3094 1222 3424 1294 ἀμνηστίαν,
3487 1219 3582 1273 καὶ
3603 1216 3701 1285 τὴν
3765 1217 3829 1267 ἐκ
3858 1213 4002 1266 θεοῦ

704 1337 798 1391 τοῦ
835 1337 1098 1400 σώζοντος
1132 1333 1540 1403 φιλανθρωπίαν
1568 1332 1844 1401 ἐπιζητεῖν

777 1432 881 1496 Vl,
912 1432 1001 1485 27.
1046 1430 1355 1499 Operamini
1385 1446 1483 1482 non
1520 1428 1693 1481 cibum
1736 1429 1825 1496 qui
1868 1427 2025 1495 perit,
2080 1423 2167 1478 sed
2203 1422 2293 1491 qui

706 1531 975 1591 permanet
1006 1524 1061 1575 in
1114 1522 1276 1576 vitam
1310 1538 1589 1584 wernam,
1642 1535 1792 1588 quem
1840 1518 2015 1571 Filius
2066 1516 2291 1570 hominis

708 1615 855 1669 dabit
883 1616 1048 1669 vobis.

780 1705 1089 1761 Istiusmodi
1127 1703 1386 1774 quiddam
1432 1712 1485 1757 et
1535 1703 1849 1771 generalius
1880 1696 2293 1769 quodammodo

709 1799 913 1852 Paulus
944 1799 1225 1852 disserens
1248 1811 1348 1851 nos
1380 1795 1571 1849 edocet
1616 1796 1702 1849 bis
1734 1794 1918 1849 verbis
1951 1813 1963 1847 :
2008 1812 2026 1843 ι
2074 1789 2177 1857 Qui
2212 1803 2298 1842 se-

713 1891 881 1944 minat
914 1889 967 1940 in
996 1902 1165 1942 carne
1196 1902 1316 1952 sua,
1362 1888 1428 1942 de
1465 1903 1631 1941 carne
1683 1896 1738 1940 et
1780 1894 1947 1941 metet
1980 1881 2296 1952 corruptio-

2490 1417 2834 1487 'Eprd('£ads
2854 1414 2940 1484 μὴ
2971 1412 3086 1479 τὴν
3115 1410 3352 1479 ,ϐρῶσιν
3385 1408 3498 1475 τὴν
3532 1401 4000 1470 ἀπολλυμένην,

2400 1508 2563 1565 ἀλλὰ
2607 1507 2723 1576 τὴν
2761 1504 2997 1575 ,ϐρῶσιν
3032 1501 3147 1570 τὴν
3180 1499 3493 1568 μένουσαν
3531 1496 3617 1559 εἰς
3659 1490 3815 1556 ζωὴν
3862 1488 3987 1541 αἰώ-

2404 1621 2427 1656 1
2446 1619 2723 1744 ιεἰῗδίοῦτόν
2752 1706 2804 1741 τι
2830 1687 2992 1741 πάλιν
3025 1686 3117 1738 ἐπὶ
3164 1682 3227 1735 τδ
3254 1679 3481 1734 καθόλου
3512 1676 3606 1730 καὶ
3632 1672 4001 1743 γενικώτερόν

2407 1799 2522 1844 πως
2555 1778 2907 1834 ἐκπλατύνων
2951 1777 3043 1829 τὸν
3079 1775 3256 1843 λόγον,
3310 1773 3337 1821 ὁ
3371 1768 3581 1829 Παῦλος
3602 1767 3749 1835 ἡμᾶς
3789 1762 4002 1814 ἐκδιδα-

2409 1888 2526 1924 σκει
2575 1869 2674 1942 [αἰ.
2706 1864 3044 1936 ἐκπαιδεύει]
3091 1863 3267 1931 λέγων
3292 1879 3304 1890 ·
3360 1878 3379 1911 ι
3418 1860 3474 1910 Ὀ
3509 1855 3746 1923 σπείρων
3780 1855 3859 1911 είς
3899 1849 3997 1917 τὴν

712 1998 834 2036 nem
862 2004 874 2036 .-
909 1982 1002 2049 qui
1044 1991 1223 2034 autem
1262 1982 1498 2034 seminat
1520 1982 1571 2033 in
1606 1981 1827 2050 spiritu,
1860 1979 1928 2033 de
1957 1978 2155 2049 spiritu
2178 1992 2297 2031 me-

2417 1939 2607 2033 ςάρκα,
2636 1963 2701 2014 ἐκ
2733 1960 2834 2029 τῆς
2866 1958 3068 2028 σαρκὸς
3101 1955 3307 2025 θερίσει
3337 1949 3540 2021 φθοράν
3564 1964 3578 1978 ο
3608 1949 3637 1998 ὁ
3671 1946 3726 2050 δέ
3757 1942 3999 2050 σπείρων
4059 1939 4065 1945 ’

715 2083 790 2128 tet
823 2074 981 2126 vitam
1017 2085 1274 2126 tClCI‘l.:l:ll
1303 2073 1370 2127 ⁸⁷.
1406 2092 1424 2125 ι
1491 2073 1978 2129 Seminare.enim
2028 2075 2081 2127 in
2131 2086 2297 2126 carne

715 2183 813 2221 sun
864 2166 989 2219 dicit
1048 2182 1142 2220 eos
1194 2167 1287 2235 qui
1346 2166 1533 2221 carnis
1591 2166 1969 2236 voluptatibus
2023 2173 2188 2228 totas,
2240 2170 2298 2217 ut

714 2260 899 2323 aiunt,
946 2259 1196 2313 laxantes
1248 2260 1512 2323 habenas,
1561 2260 1872 2329 praecipites
1901 2258 2153 2313 feruntur
2191 2273 2300 2327 quo

714 2352 965 2403 voluntas
999 2351 1247 2418 impellit,
1290 2350 1423 2404 utile
1458 2366 1485 2401 ιι
1522 2351 1693 2404 noxio
1733 2351 2052 2403 nullatenus
2095 2348 2303 2402 discer-

718 2451 933 2504 nentes,
978 2457 1076 2496 nec
1106 2443 1215 2495 ullo
1239 2442 1399 2495 modo
1431 2442 1763 2511 legislatoris
1795 2444 2082 2512 praeceptis
2113 2440 2303 2494 obser—

718 2534 911 2590 vandis
939 2536 1165 2596 assueti.
1202 2534 1297 2590 sed
1330 2534 1397 2588 ad
1444 2536 1618 2589 solam
1650 2550 1881 2604 eamque
1914 2534 2301 2603 temporariam

716 2628 1049 2694 voluptatem
1085 2627 1495 2680 inconsiderate
1533 2626 1726 2688 delati.
1756 2626 1925 2680 rebus
1968 2641 2090 2695 quae
2120 2624 2304 2678 viden-

722 2734 809 2775 tur
837 2719 970 2772 nihil
1000 2719 1295 2787 quidquam
1324 2718 1701 2787 praeferentes.
1733 2718 1947 2771 Rursus
1986 2733 2117 2771 vero
2136 2716 2305 2772 semi-

720 2825 849 2864 nare
880 2812 1077 2864 asserit
1115 2810 1167 2863 in
1212 2810 1411 2878 spiritu
1448 2825 1511 2864 ea
1555 2810 1757 2879 quibus
1797 2824 1899 2863 nos
1946 2809 2158 2862 clarere
2194 2808 2309 2861 vult

722 2902 964 2971 Spiritus
1007 2911 1255 2965 sanctus,
1298 2917 1422 2955 cum
1465 2910 1582 2955 toto
1622 2903 1791 2955 animi
1837 2901 2023 2955 studio
2054 2908 2107 2955 et
2154 2908 2308 2953 tanta

721 3006 855 3049 cura
886 2991 1116 3044 virtutes
1164 2991 1375 3054 colunt,
1413 3001 1470 3044 ut
1512 2990 1619 3044 nisi
1662 2990 1809 3044 ratio
1838 2999 2048 3043 natura:
2079 3004 2175 3043 eos
2215 3004 2311 3042 ne-

722 3082 1023 3135 cessarium
1059 3082 1211 3134 carni
1239 3081 1560 3134 alimentum
1590 3082 1834 3149 prmbcre
1884 3087 2124 3147 cogeret,
2156 3094 2225 3132 ne
2259 3078 2309 3131 id

725 3171 943 3240 quidem
980 3170 1240 3225 facerent.
1288 3171 1544 3225 Arbitror
1573 3172 1755 3236 itaque
1789 3185 1898 3223 non
1924 3168 2118 3223 decere
2153 3176 2211 3222 ut
2245 3168 2311 3221 ad

725 3262 1081 3331 cupiditatem
1116 3276 1334 3315 carnem
1381 3275 1659 3323 curemus,
1715 3258 1808 3313 sed
1856 3259 2181 3313 necessariis
2218 3273 2314 3326 po.

726 3355 833 3407 tius
864 3353 1268 3416 incumbamus,
1300 3366 1474 3418 caque
1516 3350 1764 3403 colamus
1796 3365 1916 3417 qua:
1950 3349 2014 3400 ad
2054 3356 2314 3402 zeternam

728 3460 791 3498 ac
821 3446 1061 3497 divinam
1096 3452 1261 3497 Vitam
1301 3441 1613 3496 conferunt.
1654 3441 1919 3510 Corporis
1966 3442 2111 3494 enim
2143 3440 2319 3494 derui-

730 3535 839 3589 rari
868 3534 1119 3598 delicias,
1156 3533 1404 3601 nilnique
1448 3533 1657 3587 ventris
1706 3532 1945 3601 ingluvie
1988 3532 2174 3601 potius
2220 3530 2321 3583 ha-

732 3629 882 3687 bere.
916 3625 1218 3679 belluinum
1261 3634 1347 3679 est
1373 3640 1625 3692 prorsus,
1669 3633 1722 3678 et
1754 3632 1997 3679 extrema
2031 3640 2140 3677 non
2171 3630 2323 3677 caret

734 3718 962 3772 rationis
990 3718 1198 3785 inopia.
1254 3716 1360 3770 Sed
1387 3717 1639 3772 honestis
1670 3717 2012 3781 incumbere,
2044 3724 2099 3771 et
2127 3716 2178 3770 id
2209 3731 2324 3769 ma-

736 3810 879 3862 xime
896 3809 1119 3863 studere
1135 3819 1191 3861 ut
1209 3808 1506 3863 virtutibus
1526 3808 1886 3871 inclarescas,
1905 3822 2069 3879 atque
2097 3810 2324 3878 spiritus

739 3902 951 3971 legibus
982 3901 1293 3969 subjaceas,
1339 3916 1513 3969 eaque
1546 3900 1611 3955 de
1647 3901 1758 3955 Deo
1788 3901 2151 3970 cupidissime
2190 3902 2328 3954 arri-

740 4010 869 4063 pere
899 4008 1021 4063 quae
1050 4009 1150 4046 nos
1186 3993 1252 4045 ad
1286 3994 1517 4047 salutem
1559 3993 1871 4047 conducere
1912 4002 2166 4062 possunt,
2207 3992 2329 4061 ejus

742 4086 929 4154 utique
966 4085 1179 4138 fatebor
1211 4100 1333 4138 esse
1377 4085 1469 4154 qui
1505 4100 1661 4139 suam
1715 4086 1867 4138 novit
1912 4093 2182 4146 naturam,
2231 4100 2332 4139 nec

743 4177 961 4242 ignorat
1011 4190 1069 4229 se
1115 4174 1316 4227 animal
1369 4176 1602 4229 rationis
1642 4190 1868 4244 compos
1922 4176 1986 4229 ad
2041 4175 2330 4244 imaginem

742 4268 905 4337 299
951 4267 1231 4323 Creatoris
1265 4267 1570 4323 conditum.
1608 4269 1820 4336 Itaque,
1871 4276 1928 4321 ut
1974 4268 2092 4336 ipse
2128 4268 2331 4320 alicubi

746 4359 1017 4419 Salvator,
1048 4357 1156 4410 ait:
1196 4376 1212 4405 ι
1263 4355 1341 4408 Ne
1374 4358 1598 4410 solliciti
1638 4358 1812 4411 simus
1861 4356 1993 4425 quid
2037 4355 2335 4410 manduca-

745 4450 950 4508 bimus,
985 4457 1076 4500 aut
1106 4448 1235 4515 quid
1268 4448 1543 4505 bibemus.
1574 4455 1666 4498 aut
1698 4463 1806 4515 quo
1840 4448 2159 4515 operiemur
2195 4449 2278 4509 ἐς
2310 4469 2326 4499 ι

746 4540 838 4594 sed
888 4546 1211 4607 reputantes
1263 4539 1389 4591 cibo
1436 4540 1677 4591 animam
1736 4555 1861 4594 esse
1919 4540 2227 4607 potiorem,
2282 4548 2336 4593 et

745 4644 949 4699 corpus
982 4630 1210 4688 amictu,
1252 4628 1304 4681 id
1340 4628 1613 4696 imprimis
1639 4628 1989 4684 attendamus
2036 4645 2144 4697 quo
2171 4638 2333 4699 pacto
2367 4652 2408 4705 ι)

747 4736 806 4775 se
859 4720 1097 4772 habeant
1146 4733 1268 4786 quae
1312 4725 1577 4784 praestant
1632 4718 1688 4771 in
1744 4719 1929 4775 nobis.
1988 4719 2144 4774 Licet
2183 4721 2327 4774 enim

747 4826 953 4880 corpus
1004 4811 1144 4864 bene
1174 4825 1233 4864 se
1265 4809 1491 4871 habeat,
1527 4818 1579 4863 et
1609 4812 1870 4878 congruis
1900 4810 2181 4866 alimentis
2208 4813 2330 4881 pin-

751 4911 996 4971 guescat,
1024 4902 1161 4955 nihil
1194 4909 1377 4955 tamen
1410 4900 1537 4955 inde
1565 4901 1633 4955 ad
1665 4902 1924 4957 miseram
1948 4904 2187 4957 animam
2226 4901 2332 4957 titi—

752 4993 923 5046 litatis
951 4993 1123 5046 redit.
1155 4992 1249 5045 sed
1280 5006 1309 5045 e
1342 4992 1626 5046 contrario
1654 4992 1843 5045 damni
1877 4993 2173 5062 plurimum
2198 5009 2333 5047 con-

752 5083 995 5138 ciliatur.
1046 5078 1108 5135 1n
1173 5081 1356 5150 ignem
1411 5081 1614 5151 quippe
1669 5090 1934 5135 aeternum
1988 5080 2334 5144 detrudetur,

755 5188 878 5225 cum
916 5186 1145 5226 necesse
1176 5173 1248 5226 sit
1279 5186 1375 5227 eos
1410 5172 1505 5241 qui
1540 5171 1679 5226 nihil
1708 5171 1835 5227 boni
1871 5173 2103 5242 egerint,
2130 5173 2336 5228 idcirco

759 5266 975 5333 puniri;
1006 5279 1244 5333 corpore
1275 5272 1454 5317 autem
1487 5265 1699 5318 ratione
1726 5266 2073 5319 convementi
2100 5267 2333 5328 frenato,

762 5365 929 5423 atque
974 5356 1207 5424 spiritus
1264 5356 1475 5425 legibus
1526 5356 1774 5417 subdito,
1828 5365 2122 5426 utrumque
2170 5358 2337 5411 simul

765 5446 995 5498 servari.
1026 5445 1498 5500 Absurdtssimum
1535 5454 1621 5501 est
1664 5446 1830 5515 igitur
1863 5461 1964 5503 nos
1996 5449 2339 5517 temporaria:

767 5537 919 5589 turni
968 5546 1021 5591 et
1048 5537 1273 5606 jamjam
1308 5539 1569 5604 perituras
1593 5547 1807 5592 tantum
1831 5554 1978 5593 cura:
2003 5540 2335 5609 impendere,

770 5636 829 5679 ut
864 5627 999 5681 nihil
1042 5629 1092 5681 ei
1150 5629 1313 5698 plane
1360 5629 1551 5685 deesse
1606 5630 1839 5683 velimus
1891 5630 2035 5698 quod
2078 5639 2333 5700 appetat:

834 5802 875 5824 ’⁷
915 5802 1090 5858 Calat.
1118 5808 1258 5873 “,3.
1338 5809 1379 5835 “‘
1412 5809 1599 5861 .llnlt‘t.
1636 5825 1703 5869 ri,
1730 5808 1816 5859 δι.

2405 2062 2484 2122 εἰς
2513 2057 2575 2110 τὸ
2606 2054 2845 2124 πνεῦμα,
2886 2053 2947 2104 ἐκ
2976 2049 3070 2102 τοῦ
3104 2046 3415 2116 πνεύματος
3455 2040 3661 2110 θερίσει
3694 2036 3842 2105 ζωὴν
3872 2031 4000 2087 αἰώ-

2406 2168 2569 2204 νιον.»
2592 2148 2843 2219 Σπείρειν
2875 2145 2971 2215 μὲν
3000 2143 3108 2211 γὰρ
3140 2142 3218 2201 εἰς
3250 2136 3346 2208 τὴν
3383 2135 3561 2218 σάρκα
3595 2134 3728 2199 φησί
3756 2129 3884 2191 τοὺς
3917 2126 3997 2177 οῖ-

2407 2260 2469 2312 γε
2500 2245 2618 2304 ταῖς
2645 2240 2744 2309 τῆς
2771 2236 2971 2306 σαρκὸς
2997 2234 3209 2304 ἡδοναῖς
3229 2231 3356 2291 ὅλας
3383 2227 3571 2294 ὥσπερ
3601 2222 3997 2291 ἐπιτρέψαντες

2407 2310 2507 2396 τάς
2534 2331 2712 2402 ἡνίας,
2750 2329 2998 2397 δρομαῖοι
3028 2323 3335 2395 βαδίζουσιν
3369 2319 3452 2386 ἐφ’
3487 2318 3623 2383 ὅπερ
3644 2314 3719 2367 -ἂν
3765 2310 4001 2381 βούλων-

2408 2444 2519 2489 ται,
2552 2422 2913 2493 διακρίνοντες
2962 2418 3060 2487 μὲν
3098 2414 3347 2484 οὐδαμῶς
3387 2410 3450 2463 τό
3500 2424 3651 2477 σφισι
3695 2403 3998 2464 λυσιτελὲς,

2411 2517 2518 2569 ἀπὸ
2541 2514 2635 2567 τοῦ
2664 2510 3050 2565 κατασίνεσθαι
3072 2506 3167 2559 καὶ
3191 2505 3394 2557 ἀδικεῖν
3421 2499 3744 2568 πεφυκότος.
3771 2495 4002 2563 δοκιμά-

2413 2606 2526 2670 ζειν
2556 2604 2611 2657 δὲ
2626 2604 2769 2663 ,ὅλως
2800 2600 2860 2653 τὸ
2888 2599 2964 2669 τῷ
2992 2596 3257 2667 νομοθέτῃ
3280 2591 3468 2643 δοκοῦν
3496 2587 3793 2656 οὐδαμόθεν
3826 2601 4003 2638 κατει-

2414 2696 2677 2765 θισμένοι,
2730 2692 2823 2745 ἐπὶ
2873 2690 2929 2742 δέ
2984 2688 3143 2757 μόνον
3188 2684 3247 2736 τὸ
3292 2681 3387 2752 ἡδύ
3434 2698 3491 2733 τε
3539 2679 3631 2733 καὶ
3662 2678 4003 2747 πρόσκαιρον

2413 2786 2833 2858 ἀπερισκέπτως
2888 2779 3349 2847 κατασυρνὲμενοι,
3401 2774 3494 2826 καὶ
3552 2771 3656 2824 τῶν
3705 2769 4005 2839 ὁρωμένων

2417 2879 2799 2949 προκρίνοντες
2823 2874 2992 2927 οὐδέν.
3027 2870 3275 2938 Σπείρειν
3310 2868 3366 2919 δὲ
3400 2866 3560 2918 πάλιν
3590 2866 3668 2925 εἰς
3692 2862 3751 2914 τὸ
3788 2860 4007 2929 πνεῦμα

2416 2972 2839 3041 διῖσχυρίζεται,
2894 2966 2962 3017 τὰ
3008 2965 3091 3032 ἐφ’
3143 2956 3224 3023 οἷς
3273 2960 3338 3013 ἂν
3394 2958 3634 3028 βοοῖλοιτο
3679 2955 4007 3022 διαπρέπειν

2420 3066 2564 3134 ἡμᾶς
2588 3064 2647 3114 τὸ
2672 3062 2824 3127 ἅγιον
2853 3057 3095 3126 Πνεῦμα,
3124 3054 3244 3106 ὅλον
3278 3051 3375 3122 μὲν
3402 3051 3498 3119 τῆς
3535 3047 3740 3101 ἑαυτῶν
3764 3047 4008 3109 διανοίας

2420 3154 2773 3215 δαπανῶντας
2798 3153 2858 3204 τὸ
2889 3150 3229 3223 στούδασμα,
3263 3144 3497 3214 συντόνῳ
3527 3142 3581 3195 δέ
3615 3142 3785 3202 οὕτως
3814 3141 4008 3192 ἀποκε-

2423 3245 2729 3316 χρημένους
2759 3242 2997 3313 φροντίδι
3045 3239 3177 3309 πρὸς
3208 3253 3482 3306 γεωργιαν
3511 3250 3618 3285 των
3646 3230 3893 3298 ἀγαθῶν,
3937 3230 4010 3291 ὡς

2421 3342 2466 3391 εἰ
2497 3338 2569 3407 μή
2618 3353 2699 3398 τις
2747 3334 2940 3395 αυτοὶ),
2976 3330 3271 3400 κατήπειξε
3306 3328 3465 3395 λόγος
3528 3323 3757 3393 φυσικός
3810 3339 3867 3372 τε
3919 3320 4010 3372 καὶ

2422 3428 2789 3498 ἀνυπέρθετος
2838 3426 2935 3487 τὰς
2986 3423 3289 3489 ἀναγκαίας
3345 3422 3411 3489 τῇ
3477 3416 3639 3486 σαρκὶ
3690 3412 4011 3484 χαρίζεσθαι

2420 3520 2645 3592 τροφὰς,
2669 3519 2775 3571 οὐδ’
2802 3517 2865 3571 ἂν
2888 3518 2967 3579 εἰς
2994 3515 3148 3567 τοῦτό
3174 3529 3301 3565 ποτε
3327 3510 3675 3564 καταϐαίνειν
3696 3506 4009 3574 ἠνέσχοντο.

2424 3610 2588 3682 Οἶμαι
2618 3614 2794 3664 τοίνυν
2829 3608 3125 3679 προσήκειν
3171 3605 3317 3674 ἡμᾶς
3340 3642 3353 3665 ,
3408 3604 3507 3671 τῆς
3558 3601 3655 3669 μὲν
3695 3597 3901 3667 σαρκὸς
3935 3599 4012 3658 εἰς

2426 3705 2719 3772 ἐπιθυμίαν
2749 3701 3015 3772 μηδεμίαν
3036 3699 3171 3760 ὅλως
3191 3695 3433 3748 τίθεσθαι
3455 3692 3730 3763 πρόνοιαν,
3759 3690 4013 3758 προσκεῖ-

2429 3798 2551 3851 σθαι
2584 3797 2639 3848 δέ
2674 3794 2871 3864 μᾶλλον
2900 3794 3012 3854 τοῖς
3042 3786 3512 3857 ἀναγκαιοτάτοις,
3545 3785 3639 3837 καὶ
3666 3782 4012 3851 ἐπιτηδεύειν

2429 3885 2765 3953 ἐπείγεσθαι,
2813 3882 2880 3934 τὰ
2918 3882 3126 3949 ὅσαπερ
3156 3878 3302 3946 ἡμᾶς
3334 3876 3413 3937 εἰς
3443 3873 3540 3943 τὴν
3583 3871 3800 3924 αἰώνιόν
3830 3888 3890 3923 τε
3924 3868 4014 3922 καί

2431 3978 2579 4031 θείαν
2622 3974 2880 4043 ἀναφέρει
2922 3971 3088 4040 ζωήν.
3127 3969 3199 4020 Τὸ
3230 3970 3326 4037 μὲν
3366 3966 3475 4034 γὰρ
3500 3963 3598 4026 τὰς
3628 3962 3723 4015 τοῦ
3761 3960 4014 4031 σώματος

2433 4066 2843 4136 ἀποθαυμάζειν
2887 4063 3122 4133 τρυφὰς,
3156 4061 3251 4112 καὶ
3294 4059 3457 4127 μηδὲν
3485 4055 3737 4125 ἡγεῖσθαι
3766 4054 3830 4106 τὸ
3862 4054 4015 4121 ἄμει-
4058 4110 4067 4122 ι

2434 4177 2521 4212 νον
2549 4157 2657 4209 τῶν
2689 4156 2816 4226 περὶ
2842 4154 3086 4222 γαστέρα
3119 4149 3476 4217 πλεονασμῶν
3508 4146 3606 4219 [οι.
3639 4144 4015 4215 πλησμονῶν],

2436 4249 2698 4319 θηριῶδες
2742 4248 2929 4310 ὅντως,
2982 4245 3070 4296 καί
3110 4242 3209 4309 τῆς
3239 4243 3330 4294 ἐπὶ
3360 4240 3747 4317 τοῖίέσχάτοις
3792 4237 4018 4304 ἀλογίας

2436 4341 2533 4391 οὑκ
2560 4336 2841 4408 ἀμοιροῦν.
2893 4335 2967 4386 Τὸ
3008 4333 3065 4384 δὲ
3095 4332 3449 4402 προσκεῖσθαι
3480 4333 3591 4392 τοῖς
3641 4328 3892 4395 ἀγαθοῖς,
3927 4327 4018 4380 καὶ

2436 4430 2555 4482 λίαν
2586 4425 2903 4493 ἐπείγεσθαι
2943 4424 3267 4493 διαπρέπειν
3297 4423 3354 4472 ἐν
3403 4422 3622 4491 ἀρεταῖς
3649 4421 3744 4472 καὶ
3774 4422 3887 4481 τοῖς
3927 4416 4017 4470 τοῦ

2438 4522 2746 4590 πνεύματος
2782 4516 3102 4570 ὑποκεῖσθαι
3128 4515 3332 4583 νόμοις,
3363 4512 3681 4582 προσίεσθαί
3700 4527 3759 4562 τε
3783 4513 3879 4562 καὶ
3903 4510 4019 4561 λίαν

2438 4617 2687 4685 ἀσμένως
2737 4612 2806 4664 τὰ
2853 4610 2981 4680 περὶ
3031 4606 3166 4661 Θεοῦ
3213 4604 3349 4675 πρὸς
3403 4602 3671 4672 σωτηρίαν
3715 4602 4019 4669 ἐφοδιάζειν

2439 4709 2583 4778 ἡμᾶς
2614 4703 2886 4775 ἰσχύοντα,
2911 4700 3059 4769 δοίην
3085 4700 3150 4751 ἂν
3173 4696 3347 4763 ἔγωγε
3379 4693 3609 4763 πρέπειν
3631 4693 3799 4753 ὄντως
3826 4691 3906 4760 τῷ
3926 4691 4018 4760 τὴν

2441 4800 2577 4851 ἰδίαν
2617 4778 3044 4863 ἐπιγινώσκοντι
3074 4789 3256 4858 φύσιν,
3287 4786 3380 4839 καὶ
3420 4787 3503 4837 ὃτι
3545 4782 3685 4846 ζῶον
3728 4784 4020 4853 πεποίηται

2438 4891 2650 4957 λογικὸν
2694 4890 2810 4941 κατ’
2857 4886 3041 4938 εἰκόνα
3093 4881 3188 4934 τοῦ
3233 4879 3515 4939 κτίσαντος
3557 4877 3659 4928 οὐκ
3702 4874 4017 4944 ἠγνοηκότι.

2439 4980 2646 5037 Οὐκοῦν
2672 4980 2745 5043 ὡς
2774 4978 2932 5040 αὑτός
2960 4976 3059 5028 πού
3089 4991 3251 5043 φησιν
3275 4973 3303 5023 ὁ
3334 4969 3545 5039 Σωτὴρ,
3582 4968 3702 5037 «Μὴ
3740 4966 4009 5037 μεριμνῶ-

2446 5096 2542 5149 μεν
2570 5078 2621 5129 τί
2648 5076 2932 5145 φάγωμεν,
2964 5071 2997 5141 ἢ
3028 5070 3080 5122 τί
3108 5069 3342 5137 πίωμεν,
3371 5064 3404 5134 ἢ
3436 5063 3489 5115 τί
3522 5060 3981 5149 περιϐαλώμεθαί
4000 5078 4015 5107 ι

2442 5148 2779 5237 λογιζόμενοι
2805 5163 2863 5215 δέ
2888 5163 2968 5215 ὅτι
2996 5158 3258 5229 κρείττων
3290 5154 3407 5206 ἐστὶ
3432 5168 3529 5221 της
3557 5148 3763 5221 τροφῆς
3796 5150 3829 5218 ἡ
3855 5148 4020 5217 ψυχὴ.

2444 5261 2536 5313 καί
2568 5260 2628 5312 τὸ
2665 5257 2821 5327 σῶμα
2846 5254 2936 5307 τοῦ
2967 5250 3284 5319 ἐνδύματος,
3312 5249 3459 5308 ὅπως
3493 5245 3559 5297 ἂν
3593 5243 3703 5313 ἔχοι
3736 5240 3922 5303 καλῶς
3957 5238 4021 5290 τὰ

2444 5352 2741 5423 τιμιώτερα
2776 5347 2973 5418 μαλλον
3000 5345 3107 5396 τῶν
3153 5345 3209 5395 ἐν
3240 5342 3372 5410 ἡμῖν
3409 5333 3790 5405 ἐνθυμώμεθα.
3829 5333 4022 5423 Eussn-

2447 5421 2663 5507 Θο-ὖντος
2697 5441 2807 5514 [ῑσ.
2833 5437 2892 5493 εὖ
2919 5434 3206 5506 παθόντος]
3245 5433 3342 5504 μὲν
3372 5432 3481 5502 γὰρ
3505 5427 3598 5482 τοῦ
3630 5426 3905 5495 σώματος,
3937 5421 4025 5475 καί

2445 5540 2567 5599 ταῖς
2603 5533 2750 5603 αὺτῷ
2777 5531 3131 5599 καταλλὴλοις
3171 5524 3516 5594 πιαινομένου
3553 5520 3802 5590 τροφαῖς,
3845 5516 4026 5585 ὄνησις

2452 5630 2549 5700 μὲν
2570 5626 2791 5697 οὐδεμία
2816 5626 2881 5694 τῇ
2907 5622 3065 5690 ἀθλία
3097 5619 3240 5687 ψυχῇ
3269 5634 3280 5646 ·
3319 5619 3383 5668 ἐκ
3408 5614 3463 5668 δέ
3490 5612 3599 5666 τῶν
3630 5608 3912 5673 ἐναντίων,
3936 5606 4026 5659 καὶ
