4218 6500
226 372 316 427 ιε]

1246 371 1313 427 IN
1352 371 1642 430 JOANNIS
1686 374 2145 437 EVANGELIUM
2185 379 2316 438 LIB.
2352 382 2445 439 Ill.

3407 397 3519 456 432

222 484 354 539 πολύ
382 502 440 537 τι
465 483 527 535 τδ
556 483 754 554 βλάϐος
783 484 1033 539 ἀνατελεῖ
1056 503 1068 515 ·
1105 490 1490 560 κατοιχήσεται
1520 491 1629 562 γάρ
1658 495 1738 557 είς
1763 511 1787 547 τ

1895 543 1898 555 ,
1929 493 2309 564 perfunctorie
2331 510 2463 551 vero
2493 510 2692 554 curare
2713 500 2978 568 animam,
3014 510 3110 557 aut
3138 518 3258 559 eam
3288 512 3515 567 omnino

217 574 329 645 πῦρ
374 575 440 627 τὸ
484 574 737 641 αἰώνιον,
785 577 1019 648 ἐπείπερ
1067 578 1281 650 ἀνάγκη
1328 582 1458 645 τοὺς
1511 583 1665 637 οὐδὲν
1706 584 1816 639 τῶν

214 664 441 733 ἀγαθῶν
467 666 888 736 εἰργασμένους,
919 669 1017 737 τῆς
1046 670 1139 722 ἐπὶ
1166 670 1377 734 τούτοις
1408 674 1539 727 εῐσω
1562 673 1815 742 γενέσθαι

212 758 390 827 δίκης·
416 758 665 829 λογισμῷ
685 759 741 812 δὲ
761 759 839 830 τῷ
867 761 1131 830 πρέποντι
1157 764 1697 837 χαλιναγωγηθέντος
1720 770 1814 823 τοῦ

213 848 491 919 σώματος,
530 851 761 914 καὶτοῖς
790 851 887 904 τοῦ
932 852 1246 923 πνεύματος
1281 856 1691 929 ὑπεζευγμένου
1726 862 1813 915 νό-

213 958 357 1008 μοις,
390 941 663 1004 σώζεσθαι
721 943 940 1007 πάντως
994 944 1209 1016 ἀνάγκη
1261 946 1324 999 τὸ
1380 949 1811 1020 ςίιναμφότερον.

213 1034 373 1085 Ἔστι
402 1036 587 1087 τοίνυν
613 1035 722 1088 τῶν
754 1036 1144 1101 ἀτοπωτάτων,
1190 1040 1289 1110 τῆς
1346 1040 1447 1110 μὲν
1477 1044 1812 1115 προσκαίρου

212 1126 302 1177 καὶ
330 1126 460 1179 ὅσον
496 1127 711 1180 οὐδέπω
740 1129 1163 1201 φθαρησομένης
1209 1132 1411 1202 σαρκὸς
1452 1132 1625 1197 οὕτως
1664 1138 1812 1206 ἡμᾶς

210 1223 485 1289 προνοεῖν,
528 1221 603 1284 ὡς
634 1221 843 1274 οἴεσθαι
871 1222 980 1275 δεῖν
1013 1222 1227 1288 οὐδενὸς
1254 1224 1393 1288 ὅλως
1432 1227 1810 1298 ἀπολιμπάνε-

210 1313 334 1365 σθαι
362 1313 477 1365 τῶν
506 1314 841 1381 φιλαιτάτων
900 1317 1063 1387 αὐτῇ·
1113 1318 1174 1369 ἐν
1220 1318 1504 1390 παρέργου
1556 1321 1615 1372 δὲ
1657 1322 1809 1385 τάξει

208 1405 419 1469 λαϐεῖν,
466 1407 499 1476 ἢ
552 1410 646 1461 καὶ
691 1408 768 1479 τῷ
818 1409 1006 1478 μηδενὶ¹
1052 1413 1320 1480 παρισοῦν
1371 1412 1467 1482 τὴν
1516 1414 1609 1466 ἐπὶ
1661 1413 1806 1485 ψυχῇ

210 1496 508 1565 φροντίδα,
555 1498 731 1550 καίτοι
788 1498 1042 1551 τοσοῦτον
1092 1496 1247 1571 οἶμαι
1308 1506 1610 1573 προσήκειν
1656 1507 1807 1559 ἐπεί-

207 1585 403 1653 γεσθαι
458 1587 661 1656 μᾶλλον
699 1588 849 1656 ἡμᾶς
897 1591 1323 1659 προσκεκλίσθαι
1368 1596 1482 1656 τοῖς
1527 1596 1618 1647 ἐπὶ
1659 1595 1803 1666 ψυχῇ

208 1678 630 1746 ᾳροντίσμασιν,
684 1668 805 1731 ὅσον
851 1681 943 1733 καὶ
986 1682 1042 1732 ὲν
1083 1682 1353 1752 ἀμείνοσι,
1385 1684 1416 1754 ἢ
1451 1686 1590 1738 κατά
1625 1688 1803 1758 σάρκα

207 1770 376 1821 ἐστίν.
419 1769 576 1822 Οὕτω
608 1772 716 1841 γὰρ
765 1772 967 1838 ὅντως,
1014 1776 1106 1827 καὶ
1139 1776 1249 1827 τῶν
1286 1779 1616 1847 ἡττωμένων
1670 1798 1801 1850 προ-

1919 586 2173 655 corporis
2223 601 2376 643 cura:
2420 596 2776 659 postponere,
2830 593 2959 648 licet
3015 604 3175 650 tanto
3200 597 3513 659 studiosius

1918 680 2373 750 prospiciendum
2411 684 2487 738 sit
2517 686 2735 748 animae,
2769 698 2981 756 quanto
3028 692 3121 745 illa
3155 695 3314 748 carni
3354 704 3514 752 ante-

1917 771 2085 825 cellit.
2125 770 2217 825 Sic
2251 774 2396 826 enim
2424 776 2568 844 quod
2603 778 2867 847 superius
2896 789 2979 836 est
3008 781 3259 839 inferiori
3292 802 3512 858 praspo-

1917 877 2145 934 nentes,
2196 869 2522 940 justamque
2578 874 2647 929 de
2709 874 2779 931 iis
2836 879 3169 932 sententiam
3226 880 3510 949 ferentes,

1917 962 2096 1014 sancti
2151 969 2206 1015 et
2261 962 2543 1033 sapientes
2573 965 2791 1034 judices
2845 970 3170 1035 evademus,
3225 989 3327 1028 nec
3382 977 3511 1031 aliis

1914 1060 2064 1106 recte
2093 1056 2382 1109 statuendi
2416 1057 2654 1121 palmam
2696 1060 3025 1128 tribuemus,
3059 1078 3122 1117 ea
3163 1066 3376 1122 nostris
3414 1082 3511 1121 ca-

1914 1144 2123 1214 pitibus
2153 1149 2781 1219 reservata.0peremur
2816 1153 3023 1224 itaque,
3057 1158 3226 1211 sicuti
3255 1158 3511 1216 Salvator

1913 1236 2014 1300 ait;
2047 1252 2156 1292 non
2190 1239 2379 1293 cibum
2411 1243 2506 1312 qui
2546 1244 2729 1312 perit:
2766 1254 3062 1316 postquam
3094 1250 3242 1304 enim
3281 1252 3335 1305 in
3368 1269 3507 1309 ven-

1910 1332 2051 1380 trem
2098 1328 2292 1399 lapsus
2345 1340 2451 1396 est,
2502 1342 2559 1389 et
2590 1334 2924 1391 brevissimo
2960 1346 3209 1409 tempore
3266 1353 3507 1399 mentem

1911 1418 2179 1472 vilissima
2233 1422 2518 1492 voluptate
2552 1425 2856 1483 frustratus
2890 1439 2998 1493 est,
3027 1434 3081 1484 in
3133 1434 3325 1487 seilam
3368 1436 3508 1506 deji-

1910 1512 2077 1573 citur,
2109 1521 2163 1567 et
2197 1531 2264 1569 ex
2294 1517 2417 1571 alvo
2444 1533 2644 1575 rursus
2669 1524 2944 1592 .egeritur.
2990 1525 3163 1581 Cibus
3202 1536 3385 1583 autem
3414 1530 3507 1586 ille

1909 1603 2198 1673 spiritalis,
2228 1621 2325 1661 cor
2368 1608 2616 1677 iinuans,
2645 1612 2924 1668 hominem
2963 1619 3299 1672 corroborat
3332 1620 3384 1674 in
3420 1623 3504 1676 vi-

1909 1704 2020 1747 tam
2056 1704 2344 1760 :etemam,
2398 1714 2565 1768 quem
2612 1702 2728 1771 ipse
2762 1720 2987 1777 quoque
3025 1705 3281 1764 Christus
3332 1712 3502 1782 largi-

1909 1790 2091 1839 turum
2126 1803 2185 1841 se
2223 1788 2386 1842 nobis
2418 1790 2731 1859 pollicetur,
2769 1810 2893 1848 cum
2928 1797 3043 1850 ait:
3077 1816 3095 1847 ι
3129 1799 3300 1864 Quem
3327 1799 3501 1855 Filius

202 1861 495 1924 τάττοντες
522 1863 583 1914 τὸ
613 1864 686 1926 ὼς
717 1867 775 1916 ἐν
803 1868 1087 1935 συγκρέσει
1121 1868 1308 1930 νικῶν,
1341 1872 1432 1922 καὶ
1464 1871 1675 1923 δικαίαν
1703 1871 1787 1943 τὴη

1910 1876 2155 1933 hominis
2178 1878 2334 1932 dabit
2367 1881 2557 1949 vobis;
2598 1903 2616 1935 ι
2658 1885 2939 1941 divinitati
2978 1889 3387 1946 humanitatem
3424 1894 3501 1948 si-

201 1950 293 2002 ὲπὶ
318 1950 536 2013 τούτοις
560 1953 833 2023 ὁρίζοντες
855 1955 1053 2024 ψῆφον,
1086 1958 1222 2011 ὅσιοί
1253 1976 1309 2011 τε
1336 1962 1430 2014 καὶ
1461 1964 1613 2029 σοφοὶ
1642 1980 1800 2034 γενη-

201 2040 413 2111 σόμεθα
446 2043 720 2109 δικασταὶ,
765 2049 859 2101 καὶ
908 2050 1005 2118 οὐχ
1047 2051 1255 2121 ἑτέροις
1304 2054 1413 2106 τισὶ
1460 2054 1558 2124 τὴν
1604 2056 1668 2109 ὲκ
1706 2056 1795 2109 λο-

198 2138 420 2207 γισμῶν
444 2141 663 2209 ἀγαθῶν
689 2142 957 2214 ὀρθότητα
986 2145 1345 2215 χαριούμεθα,
1370 2148 1571 2216 μᾶλλον
1598 2150 1651 2204 δὲ
1674 2154 1794 2215 ταῖς

195 2232 429 2296 οἰκείαις
456 2235 831 2307 ὲπιθησόμεθα
856 2240 1136 2307 κεφαλαῖς.
1174 2241 1566 2312 Ἐργαζώμεθα
1594 2245 1792 2309 τοίνυν,

196 2324 339 2377 καθά
371 2342 539 2394 φησιν
587 2329 615 2379 ὁ
660 2328 870 2399 Σωτὴρ,
923 2331 1007 2401 μὴ
1052 2331 1150 2401 τὴν
1191 2331 1391 2403 βρῶσιν
1424 2335 1521 2405 τὴν
1558 2337 1792 2390 ἀπολλυ-

198 2415 369 2486 μένην
394 2433 408 2446 ο
467 2420 768 2489 χωρήσασα
818 2420 925 2491 γάρ
956 2423 1036 2485 είς
1077 2426 1339 2495 γαστέρα,
1376 2428 1468 2478 καὶ
1504 2429 1584 2491 εἰς
1615 2428 1793 2497 ὀλίγον

195 2510 392 2577 κακιῖῆ
444 2509 538 2561 τὸν
592 2512 782 2581 καιρὸν
829 2513 967 2582 πρὸς
1022 2516 1412 2587 εὐτελεστάτην
1462 2518 1655 2589 ἡδονὴν
1702 2520 1791 2574 τὸν

1908 1970 2019 2026 mul
2070 1982 2433 2039 connectens,
2472 1984 2525 2031 et
2575 1978 2924 2051 conjungens
2977 1990 3149 2037 totum
3199 1984 3497 2055 dispensa-

1903 2060 2073 2115 tionis
2124 2061 2178 2116 in
2222 2062 2326 2117 hoc
2374 2068 2579 2122 mundo
2610 2085 2735 2124 cum
2773 2088 2940 2127 carne
2972 2077 3320 2145 mysterium.
3352 2078 3497 2135 Sub-

1901 2154 2084 2208 innuit
2133 2164 2314 2210 autem
2373 2160 2669 2230 mysticum
2714 2174 2768 2219 et
2817 2167 3125 2235 spiritalem
3159 2171 3366 2237 cibum,
3400 2188 3497 2242 per

1902 2262 2064 2315 quem
2093 2262 2327 2318 corpore
2357 2259 2411 2305 et
2436 2253 2625 2308 animo
2648 2259 2975 2313 sanctiﬁcati
2998 2261 3236 2319 vivimus
3262 2266 3317 2320 in
3348 2266 3491 2336 ipso.

1904 2337 2008 2393 Sed
2034 2340 2286 2411 apertius
2317 2345 2373 2399 in
2402 2350 2769 2416 sequentibus
2792 2352 2940 2407 istud
2970 2354 3247 2411 dicentem
3278 2370 3495 2428 specta-

1901 2430 2104 2487 bimus.
2144 2433 2493 2507 Quapropter
2538 2441 2659 2496 loco
2702 2458 2764 2497 ac
2814 2448 3040 2516 tempori
3079 2452 3356 2519 expositio
3402 2467 3492 2507 re-

1900 2534 2174 2579 servetur.

194 2601 315 2652 νοξν
336 2600 673 2669 διαπαίξασα
695 2605 832 2675 πρὸς
850 2609 1126 2679 ὲφεδρῶνα
1149 2614 1337 2680 χωρεῖ,
1394 2613 1489 2665 καὶ
1542 2616 1604 2665 ὲκ
1626 2616 1862 2687 γαστρὸς
1900 2614 2056 2681 αὖθις
2087 2618 2520 2691 μετοχετεύεται.
2564 2627 2627 2680 Ἥ
2656 2628 2711 2681 δὲ
2740 2628 2942 2701 βρῶσις
2970 2634 3002 2703 ἡ
3025 2634 3370 2706 πνευματικὴ
3392 2635 3491 2709 τὴν

195 2686 816 2766 καρδίανστηρίζουσα,
846 2697 1063 2767 συνέχει
1092 2699 1181 2750 τὸν
1209 2699 1494 2770 ἄνθρωπον
1524 2705 1604 2765 εἰς
1637 2702 1780 2773 ζωὴν
1821 2706 2059 2773 αἰώνιον,
2088 2686 2098 2691 ⁷
2144 2686 2355 2783 ἦν’-καλ.
2398 2686 2750 2789 χορηγήσειν·
2775 2686 2959 2785 ⁸αὐτὸς
2991 2686 3132 2793 ’ἡμῖν
3165 2686 3490 2796 ’όήήχρίσὲξξ

192 2786 621 2855 ἐπαγγέλλεται,
675 2789 847 2857 λέγων
877 2807 890 2821 ·
944 2810 961 2843 ι
1001 2794 1103 2845 Ἦν
1162 2796 1190 2846 ὀ
1226 2793 1353 2857 Υἱὸς
1427 2795 1520 2849 τοῦ
1569 2798 1856 2868 ἀνθρώπου
1899 2804 2027 2873 ὑμῖν
2069 2804 2250 2860 δώσει’
2289 2827 2309 2861 ι
2363 2786 2771 2879 συναναπλέξας
2811 2817 2950 2887 ὁμοῦ
2992 2786 3071 2890 τῶ
3102 2786 3399 2893 θεοπρεπεί
3427 2786 3492 2879 τό

190 2878 695 2947 ἀνθρώπινον,δκαὶ
740 2882 1004 2949 συζεύξας
1043 2884 1163 2937 ὅλον
1204 2885 1303 2955 τῆς
1338 2888 1649 2961 οἰκονομίας
1680 2891 1779 2960 τῆς
1825 2895 1961 2962 μετά
1993 2898 2194 2967 σαρκὸς
2223 2900 2283 2952 τὸ
2314 2903 2373 2955 ἐν
2411 2905 2601 2976 κόσμῳ
2671 2910 2992 2980 μυστήριον.
3076 2911 3489 2971 Ὑπαινίττεται

189 2968 243 3022 δέ
279 2985 401 3033 πως
434 2970 533 3042 τὴν
573 2976 839 3045 μυστικήν
878 2993 936 3028 τε
974 2976 1066 3029 καὶ
1102 2983 1618 3053 πνευματικωτέραν
1656 2983 1881 3054 τροφὴν,
1914 2986 1981 3038 δι’
2010 2982 2077 3058 ἧς
2105 2990 2197 3042 καὶ
2230 2990 2410 3061 σῶμα,
2480 2968 2583 3048 καί
2636 2968 3170 3073 ψυχὴνηάγιαζόμεε.
3204 3024 3233 3057 ηι
3284 2968 3486 3071 διαζῶζ

192 3078 290 3129 μεν
334 3064 397 3114 ὲν
427 3064 594 3133 αὐτῷ.
652 3065 990 3138 Γυμνότερον
1042 3068 1099 3121 δέ
1147 3087 1266 3133 πως
1311 3072 1368 3123 ἐν
1420 3075 1530 3136 τοῖς
1581 3074 1779 3143 ἐφεξῆς
1818 3075 1975 3130 τοῦτο
2014 3078 2238 3147 λέγοντα
2304 3064 2674 3156 θεωρήσομεν.
2714 3064 3095 3163 "Temp-1';chva
3129 3064 3419 3165 τοιγαροῦν
3457 3098 3487 3149 ό

188 3155 344 3224 λόγος
376 3158 454 3228 τῷ
486 3163 911 3232 χρεωστουμένῳ
943 3164 1120 3233 καιρῷ
1154 3182 1212 3217 τε
1245 3167 1336 3219 καὶ
1367 3168 1533 3237 τόπῳ.

798 3276 1051 3332 ΚΕΦΑΛ.
1096 3278 1172 3335 E'.

190 3383 319 3459 Ὀτι
358 3385 668 3459 χαρακτὴρ
716 3388 825 3453 τῆς
875 3390 1274 3459 ὑποστάσεως
1327 3393 1432 3447 τοῦ
1483 3396 1631 3449 Θεοῦ
1683 3400 1779 3452 καὶ

258 3457 495 3538 Πατρός
510 3457 682 3538 ἐστιν
702 3462 734 3510 ό
758 3463 1127 3538 Μρνογεγὴς,
1158 3457 1395 3538 καῖοὺχ.
1413 3465 1615 3533 ἕτερος
1643 3472 1780 3538 παρ’

255 3526 467 3587 αὐτὸν,
502 3526 538 3593 ἢ
574 3526 764 3588 ἐστιν,
797 3529 835 3596 ἣ
873 3526 1094 3585 νοεῖται
1132 3526 1457 3603 χαρακτὴρ.

264 3618 379 3670 Ἦν
408 3618 441 3668 ό
476 3617 608 3683 Υἱός
638 3620 746 3673 τοῦ
774 3621 1087 3690 ἀνθρώπου
1127 3624 1268 3693 ὑμῖν
1299 3624 1477 3681 δώσει
1504 3646 1517 3661 ·
1564 3631 1781 3686 τοῦτον

187 3708 293 3776 τὸρ
326 3710 361 3761 ὀ
388 3708 593 3776 Πατὴρ
624 3710 994 3780 ἐσφράγισεν
1025 3717 1057 3768 ό
1085 3718 1248 3782 Θεός.

253 3802 371 3853 Οὐκ
407 3801 642 3871 ἠγνόησε
670 3804 848 3870 πάλιν,
881 3807 955 3871 ὡς
985 3809 1137 3874 Θεὸς,
1170 3812 1240 3865 τά
1272 3812 1336 3866 ὲκ
1366 3814 1465 3884 τῆς
1482 3815 1780 3888 Ἰουδαϊκῆς

183 3892 429 3961 ἀμαθίας
475 3895 705 3965 ἐσόμενα
734 3899 894 3968 τυχὸν
941 3902 1283 3974 ἐγκλήματα,
1329 3912 1424 3959 καὶ
1465 3907 1535 3961 τά
1574 3911 1659 3978 ἐφ’
1695 3906 1778 3976 οἷς

182 3984 575 4054 ἑξαγριοῦσθαι
622 3988 880 4054 πολλάκις
922 3993 1120 4058 αὐτοὺς
1166 3997 1508 4063 ἀπαιδεύτως
1569 4003 1775 4073 συμϐέ-

182 4074 371 4146 ϐηκεν.
412 4078 566 4148 ᾝδει
621 4081 676 4133 δὲ
727 4082 807 4135 ὅτι
855 4084 1161 4153 λογιοῦνται
1211 4090 1333 4143 καθ’
1384 4093 1645 4160 ἑαυτοὺς,
1694 4097 1774 4160 είς

184 4167 355 4238 μόνην
401 4170 637 4240 ὁρῶντες
681 4173 779 4244 τὴν
832 4177 1030 4247 σάρκα,
1087 4182 1180 4233 καὶ
1224 4182 1316 4236 τὸν
1361 4184 1419 4235 ἐν
1462 4186 1599 4257 αὐτῇ
1642 4187 1775 4241 Θεὸν

179 4258 355 4327 Λόγον
400 4261 500 4313 οὐκ
537 4264 911 4332 ὲννοήσαντες·
961 4268 1058 4332 Τίς
1102 4265 1255 4335 οὗτος
1284 4273 1393 4345 ἀρα
1432 4277 1579 4330 ἐστὶν
1610 4279 1638 4331 ὁ
1661 4282 1773 4343 τοῖς

180 4350 516 4423 θεοπρεπέσι
546 4353 723 4423 λόγοις
753 4360 1067 4428 ὲπιπηδῶν;
1106 4364 1202 4426 Τίς
1232 4365 1340 4437 γὰρ
1372 4367 1437 4420 ἂν
1467 4368 1773 4440 ἀνθρώποις

178 4447 557 4518 χορηγήσηται
586 4451 811 4522 τροφὴν,
842 4452 939 4523 τὴν
978 4457 1058 4518 είς
1107 4454 1251 4527 ζωὴν
1298 4461 1630 4530 συνέχουσαν
1673 4461 1772 4535 τὴν

178 4531 430 4602 αἰώνιονς
470 4540 688 4604 Φύσεως
718 4544 815 4612 μὲν
850 4544 957 4617 γὰρ
986 4546 1332 4620 ἀνθρωπίνης
1367 4553 1646 4618 παντελῶς
1677 4531 1770 4608 ἀλ-

2342 3338 2344 3341 ,
2451 3290 2615 3361 300
2657 3292 2811 3347 CAP.
2854 3293 2920 3347 v.

1893 3395 2047 3478 Quod
2080 3400 2359 3488 character
2393 3404 2706 3488 substantia:
2740 3405 2840 3488 Dei
2870 3425 2934 3462 ac
2978 3410 3161 3465 Patris
3181 3416 3253 3488 sit
3281 3413 3481 3488 Uuige-

1956 3470 2118 3591 niltlus.
2152 3487 2245 3523 nec
2274 3474 2415 3526 alius
2461 3475 2525 3528 ab
2569 3477 2684 3543 ipso
2721 3477 2999 3533 character
3024 3493 3117 3536 aut
3156 3486 3227 3537 sit
3266 3498 3358 3540 aut
3385 3470 3482 3542 ’ξιι-

1958 3547 2005 3591 te
2055 3550 2251 3591 taatur.

1958 3547 2251 3609 telligalur.

1955 3629 2041 3697 Vl,
2086 3633 2173 3687 27.
2214 3632 2377 3698 Quem
2413 3633 2593 3691 Filius
2644 3638 2874 3696 hominis
2914 3642 3066 3698 dabit
3104 3646 3270 3705 vobis.
3323 3648 3481 3706 Hunc

1880 3723 2017 3775 enim
2043 3722 2205 3778 Pater
2226 3726 2454 3794 signavit
2481 3726 2638 3781 Deus.

1951 3813 2073 3869 Non
2126 3816 2405 3885 ignoravit
2462 3835 2710 3885 rursum,
2763 3839 2871 3893 qua
2924 3824 3087 3893 Deus,
3141 3828 3361 3888 futuras
3410 3850 3478 3890 ex

1879 3904 2194 3961 Judmorum
2231 3909 2454 3963 inscitia
2490 3912 2940 3980 criminationes,
2991 3927 3045 3972 et
3084 3936 3226 3989 quas
3260 3924 3332 3978 ob
3387 3940 3476 3979 res

1880 3998 2031 4068 ipsos
2064 4014 2208 4069 saepe
2243 4003 2567 4071 eanperari
2601 4006 2858 4074 contigit.
2894 4008 3118 4079 Sciebat
3161 4028 3292 4070 vero
3327 4016 3474 4085 apud

1878 4106 1937 4145 se
1963 4091 2329 4161 cogitaturos,
2370 4110 2497 4147 cum
2530 4096 2710 4150 solam
2742 4099 2997 4154 viderent
3022 4116 3269 4169 carnem,
3295 4122 3474 4179 neque

1881 4178 2046 4234 Deum
2076 4179 2315 4235 Verbum
2371 4183 2425 4237 in
2468 4200 2532 4238 ea
2576 4200 2699 4241 esse
2726 4196 2991 4255 putarent
3020 4209 3031 4243 :
3066 4190 3203 4256 Quis
3236 4194 3341 4249 iste
3374 4178 3471 4265 qui

1875 4272 2075 4327 divinae
2119 4275 2224 4329 sibi
2270 4275 2575 4345 majestatis
2616 4280 2783 4333 verba
2834 4283 3103 4353 arrogat?
3135 4285 3272 4350 Quis
3319 4290 3468 4344 enim

1876 4364 2195 4421 hominibus
2217 4368 2402 4422 cibum
2440 4370 2877 4441 largieturillum
2908 4375 3003 4444 qui
3041 4376 3095 4429 in
3130 4379 3299 4432 vitam
3333 4394 3479 4457 conv.

1874 4458 2025 4513 ducit
2052 4460 2355 4516 asternam?
2384 4461 2638 4517 Alienum
2668 4464 2874 4535 quippe
2903 4465 3050 4521 istud
3089 4467 3250 4537 plane
3281 4480 3365 4526 est
3397 4471 3469 4527 ab

1881 4551 2127 4605 hominis
2172 4560 2392 4618 natura,
2448 4554 2669 4623 solique
2713 4554 2825 4611 Deo
2877 4571 3139 4626 supremo
3179 4561 3462 4615 convenit.

176 4629 393 4699 λάτριον
419 4630 481 4681 τὸ
508 4631 747 4685 τοιοῦτόν
791 4614 935 4699 ἐστι,
972 4614 1118 4708 μόνω
1168 4638 1213 4691 δ’
1241 4614 1307 4692 ἂν
1337 4642 1538 4712 πρέποι
1566 4614 1644 4714 τῶ
1675 4646 1766 4698 ἐπὶ

1895 4638 2140 4694 ’rmvenit
2188 4656 2322 4710 ergo
2358 4642 2784 4711 responsionem
2835 4642 3116 4712 Salvator,
3167 4656 3222 4702 et
3268 4663 3463 4704 eorum

179 4719 391 4784 πάντας
413 4722 528 4775 ὄντι
547 4724 695 4794 Θεῷ.’
712 4725 1173 4797 Προαπολογεῖται
1193 4732 1481 4803 τοιγαροῦν
1500 4736 1527 4787 ό
1553 4735 1762 4806 Σωτὴρ,

176 4815 269 4867 καὶ
297 4815 545 4867 δυσωπεῖ
575 4819 692 4879 ταῖς
726 4818 1001 4889 εὐκαίροις
1045 4820 1155 4873 τῶν
1201 4821 1374 4890 λόγων
1421 4825 1762 4894 ἐπαγωγαῖς,

177 4907 270 4975 τὴν
321 4906 783 4977 προσδοκωμένην
811 4910 989 4962 αὐτῶν
1031 4911 1492 4983 ἀθυρογλωττίαν.
1537 4918 1763 4971 Ἐπιδώ-

175 5013 289 5049 σειν
331 4997 432 5065 μὲν
478 4996 587 5067 γὰρ
616 4998 713 5068 τὴν
745 4998 946 5070 βρῶσιν
965 5002 1162 5073 ⁵αὐτοῖς
1206 5003 1303 5075 τὴν
1337 5007 1416 5068 εἰς
1457 5006 1601 5077 ζωὴν
1631 5010 1764 5063 ἀπο-

174 5088 483 5157 τρένςουσαν
503 5089 602 5159 τὴν
624 5088 860 5153 αἰώνιον,
886 5092 980 5145 τὸν
999 5094 1125 5147 Υἰὸν
1146 5096 1236 5149 τοῦ
1259 5096 1544 5167 ἀνθρώπου
1574 5102 1758 5171 φησὶν,

176 5180 542 5250 ἐσφραγίσἾαι
590 5197 653 5247 γε
699 5181 806 5254 μὴν
840 5184 949 5237 ἀπὸ
977 5185 1073 5238 τοῦ
1106 5186 1318 5259 Πατρὸς
1352 5190 1540 5245 ἑαυτὸν
1576 5209 1757 5263 παρα-

174 5273 364 5343 χρῆμα
403 5271 771 5342 διῖσχυρίσατο
793 5287 805 5299 ·
840 5274 872 5345 ἢ
912 5276 970 5328 τὸ
1014 5276 1407 5347 Ἐσςρραγίσθαι
1443 5279 1604 5332 πάλιν
1636 5283 1757 5336 ἀντὶ

173 5363 267 5418 τοῦ
319 5363 623 5436 Κεχρίσθαι
667 5365 960 5431 τεθεικὼς,
1023 5371 1524 5440 κατασφραγίζεται
1570 5372 1676 5443 γὰρ
1718 5374 1756 5428 ,ὁ

174 5460 487 5530 χριόμενος,
529 5461 694 5531 ἧγουν
722 5461 802 5515 ὅτι
839 5463 1196 5534 μεμόρφωται
1235 5465 1478 5533 φυσικῶς
1507 5466 1641 5536 πρὸς
1666 5465 1756 5517 τὸν

177 5552 399 5621 Πατέρα
444 5551 675 5616 δεικνύς.
728 5554 951 5625 Ὅμοιον
998 5552 1091 5610 οὖν
1136 5558 1211 5621 ὡς
1260 5560 1307 5611 εἰ
1359 5558 1580 5626 ἔλεγεν·
1642 5558 1757 5611 Οὐκ

176 5642 495 5714 ἀδυνατήσει)
526 5643 727 5717 βρῶσιν
775 5646 903 5718 ὑμῖν
941 5648 1218 5703 ἐπιδοῦναι
1246 5651 1342 5721 τὴν
1379 5650 1645 5720 μένουσαν
1675 5650 1754 5713 εἰς

174 5732 389 5787 αίώνιον
419 5734 568 5804 ζωήν
609 5753 670 5788 τε
720 5738 815 5791 καὶ
856 5739 1068 5810 τρυφὴν
1102 5740 1497 5812 ἀναφέρουσαν.
1555 5740 1617 5791 Εἰ
1646 5738 1755 5810 γὰρ

176 5824 264 5877 καὶ
281 5824 502 5895 ὁρῶμαι
534 5827 782 5901 καθάπερ
811 5823 889 5893 εἷς
918 5829 977 5897 ἐξ
1006 5831 1177 5902 ὑμῶν,
1204 5831 1487 5903 ἄνθρωπος
1515 5830 1756 5902 δηλονότι

1869 4742 2156 4783 sermones
2175 4730 2795 4799 excipiendo,eﬂ'renem
2816 4746 3009 4787 eorum
3031 4734 3271 4805 linguam
3297 4751 3459 4792 coer-

1867 4828 1978 4874 cet.
2018 4820 2116 4873 Ait
2171 4822 2318 4874 enim
2388 4820 2585 4875 Filium
2638 4823 2879 4877 hominis
2936 4823 3199 4879 daturum
3264 4827 3460 4883 cibum

1865 4910 1969 4973 eis,
2004 4910 2155 4963 illum
2211 4924 2404 4979 nempe
2436 4911 2530 4980 qui
2563 4911 2616 4964 in
2648 4912 2819 4965 vitam
2865 4921 3131 4967 aeternam
3184 4914 3322 4981 alit;
3361 4932 3455 4971 ve-

1867 5011 2177 5054 rumtamen
2209 5015 2238 5054 a
2269 4999 2436 5057 Patre
2474 5002 2720 5071 seipsum
2761 5003 3039 5072 signatum
3084 5020 3209 5059 esse
3257 5006 3451 5063 conie-

1865 5092 1991 5145 stim
2025 5092 2305 5156 asseruit;
2336 5092 2620 5161 signatum
2676 5111 2806 5150 vero
2852 5111 2933 5159 se,
2961 5097 3045 5151 vel
3080 5113 3181 5166 pro
3219 5108 3452 5153 unctum

1867 5197 1991 5237 esse
2036 5184 2258 5252 posuit:
2310 5184 2673 5253 consignatur
2722 5187 2872 5240 enim
2914 5187 3008 5257 qui
3066 5190 3314 5258 ungitur,
3362 5191 3449 5245 vel

1866 5273 2011 5344 quod
2046 5275 2287 5330 ostendit
2318 5291 2378 5330 se
2406 5277 2741 5331 naturaliter
2762 5293 2885 5332 esse
2918 5277 3069 5331 Patri
3120 5280 3445 5333 conforma-

1864 5374 2003 5421 tum.
2038 5367 2184 5421 Idem
2225 5368 2393 5438 igitur
2424 5375 2506 5423 est
2545 5382 2609 5422 ac
2655 5369 2699 5423 si
2736 5368 2978 5424 diceret:
3025 5369 3144 5423 Non
3168 5371 3275 5426 erit
3308 5370 3443 5425 mihi

1863 5457 2082 5514 difﬁcile
2122 5460 2308 5514 cibum
2358 5461 2520 5515 vobis
2558 5459 2689 5515 dare
2745 5473 3179 5529 permanentem,
3228 5462 3323 5532 qui
3371 5462 3443 5515 ad

1862 5552 2030 5605 vitam
2078 5560 2132 5606 et
2176 5552 2403 5607 delicias
2433 5552 2707 5607 conducat
2737 5552 3126 5621 sempiternas.
3167 5551 3315 5608 Nam.
3335 5553 3440 5607 etsi

1858 5648 2121 5714 tanquam
2173 5659 2315 5699 unus
2347 5653 2589 5699 vestrum
2628 5650 2941 5715 appaream,
2977 5644 3139 5699 homo
3171 5644 3438 5697 nimirum

1864 5752 1986 5792 cum
2023 5751 2212 5803 carne,
2247 5746 2446 5791 unctus
2483 5752 2603 5791 sum
2640 5747 2821 5792 tamen
2870 5746 2925 5791 et
2970 5736 3219 5806 signatus
3252 5750 3281 5788 a
3325 5733 3437 5789 Deo

1864 5828 2025 5885 Patre
2053 5828 2106 5883 in
2143 5826 2515 5884 omnimodam
2547 5827 2961 5885 similitudinem
2985 5842 3112 5883 cum
3135 5827 3277 5898 ipso.
3300 5823 3427 5880 Cer-
