4206 6510
742 383 846 441 485

1771 374 1828 430 S.
1850 373 2125 431 CYltlLLl
2155 372 2623 429 ALEXANDRINI
2661 372 2981 430 ARCHIEP.

3904 375 4009 430 ιδι

737 497 888 553 netis
918 495 1086 562 enim,
1124 491 1323 562 inquit,
1353 487 1505 544 illum
1541 486 1761 559 quidem
1790 488 1844 543 in
1879 503 1987 553 me,
2020 502 2106 543 me
2134 493 2312 543 autem

2423 487 2561 558 μετά
2611 488 2811 558 σαρκὸς
2838 524 2854 550 ,
2905 483 3019 540 ἀλλ’
3062 483 3352 556 ἐχρίσθην,
3398 484 3490 537 καὶ
3524 485 4011 557 κατισφραγίσθην

737 589 990 644 vicissim
1042 588 1095 640 in
1146 584 1240 638 illo
1280 580 1635 647 naturaliter,
1672 580 1892 635 tametsi
1947 589 2173 649 propter
2218 593 2317 635 vos

739 690 900 733 natus
931 692 1051 733 sum
1082 676 1247 729 homo
1278 688 1347 728 ex
1371 672 1623 735 muliere,
1649 670 1954 727 secundum
1988 670 2317 725 ineffabilem

738 768 1172 838 dispensationis
1218 766 1489 820 rationem
1515 780 1527 815 :
1558 769 1760 815 cuncta
1791 766 1939 817 enim
1975 760 2157 814 facere
2187 775 2316 829 pos-

737 877 856 915 sum
890 868 1164 930 potestate
1195 858 1405 920 divina,
1447 870 1547 910 nec
1572 869 1754 908 minor
1784 854 1896 908 ullo
1928 851 2090 907 modo
2114 854 2317 906 virtute

736 953 1017 1008 Genitoris
1042 967 1159 1007 mea
1186 952 1358 1005 virtus
1381 955 1487 1003 est.
1509 946 1595 1009 Et,
1624 946 1668 1001 si
1690 946 1833 998 Deus
1862 959 1926 998 ac
1948 942 2109 998 Pater
2130 942 2313 997 cibum

736 1044 896 1098 vobis
926 1042 1229 1113 spiritalem
1267 1039 1474 1109 praebet
1509 1038 1603 1107 qui
1641 1043 1823 1091 servet
1860 1037 1913 1089 in
1962 1036 2127 1095 vitam
2158 1046 2316 1088 aeter-

737 1152 888 1198 nam,
922 1134 1181 1205 prmbebit
1206 1134 1372 1187 etiam
1401 1130 1598 1197 Filius,
1641 1130 1767 1184 licet
1808 1130 1861 1182 iu
1889 1143 2059 1183 carne
2093 1127 2188 1194 sit,
2224 1126 2313 1180 in-

737 1227 1143 1284 commutabilis
1175 1226 1297 1294 eius
1326 1226 1506 1294 imago
1537 1238 1663 1277 cum
1697 1222 1788 1283 sit,
1834 1219 2017 1289 efﬁgie
2052 1219 2313 1273 nimirum

736 1322 790 1374 in
840 1308 1107 1373 omnibus
1148 1316 1572 1387 perfectissima,
1630 1328 1737 1367 non
1780 1311 2085 1366 secundum
2127 1308 2314 1363 carnis

734 1412 1091 1470 lineamenta,
1117 1420 1215 1461 aut
1240 1408 1478 1469 formam
1514 1406 1682 1459 ullam
1721 1403 1991 1473 corporis,
2018 1401 2176 1471 301
2219 1398 2313 1455 sed

734 1503 924 1557 divina
958 1500 1154 1570 gloria,
1191 1506 1244 1551 et
1276 1498 1471 1567 aequali
1515 1498 1736 1559 virtute,
1771 1509 1835 1549 ac
1870 1494 2179 1563 imperandi
2216 1508 2313 1563 po-

733 1596 953 1644 testate.
1002 1586 1421 1641 Observandum
1458 1594 1639 1638 autem
1671 1592 1757 1638 est.
1805 1598 2024 1642 rursus,
2067 1596 2191 1635 cum
2223 1580 2314 1633 Fi-

730 1684 865 1737 lturn
898 1681 1137 1735 hnmiuis
1166 1680 1350 1733 divina
1373 1678 1512 1731 dona
1537 1676 1864 1745 largiturum
1892 1675 1989 1737 ait,
2020 1674 2311 1743 ipsuruque

731 1771 801 1825 ad
829 1771 1121 1839 imaginem
1162 1766 1255 1821 Dei
1299 1782 1362 1819 ac
1392 1764 1575 1820 Patris
1599 1768 1876 1833 signatum
1910 1778 2056 1827 esse,
2099 1760 2305 1813 nullarrr

2421 576 2574 649 παρά
2606 576 2702 630 τοῦ
2734 576 2870 629 Θεοῦ
2904 577 2997 629 καὶ
3029 576 3243 646 Πατρδς
3274 576 3355 639 είς
3383 576 3801 647 ἀπαράλλακτον
3827 577 4019 647 ὁμοιό-

2418 679 2577 733 τητα,
2621 662 2720 732 τὴν
2750 662 2825 725 ὼς
2859 662 2997 735 πρὸς
3040 664 3223 717 αὐτόν.
3271 663 3505 732 Ὀψεσθε
3552 665 3683 735 γὰρ,
3723 667 3911 736 φησιν,
3952 669 4013 718 ἐν

2419 754 2539 821 ἐμοὶ
2569 753 2667 823 μὲν
2691 755 2917 818 ἐκεῖνον,
2948 753 3049 823 ἐμὲ
3077 753 3133 805 δὲ
3157 750 3223 807 αὖ
3245 753 3407 808 πάλιν
3433 758 3493 808 ἐν
3517 757 3710 823 ἐχίνῳ
3740 756 4010 826 φυσικῶς,

2418 847 2511 898 καὶ
2556 848 2604 899 εί
2648 844 2981 915 γεγέννημαι
3026 844 3093 897 δι’
3135 846 3280 915 ὑμᾶς
3322 847 3606 917 ἄνθρωπος
3654 850 3717 899 ἐκ
3746 849 4013 915 γυναικὸς

2417 936 2561 991 κατὰ
2586 937 2677 991 τὸν
2712 937 2947 1009 ἄρρητον
2976 936 3076 1006 τῆς
3098 938 3407 1009 οἰκονομίας
3439 940 3595 1007 λόγον
3620 956 3633 969 ·
3670 940 3777 1009 ἔχω
3807 941 3917 1010 γάρ
3943 942 4012 1012 δὴ

2416 1026 2475 1079 τὸ
2506 1026 2685 1081 πάντα
2710 1024 2969 1080 δυνασθαι
3003 1026 3137 1096 δρᾷν
3171 1028 3228 1081 ἐν
3262 1028 3484 1102 ἐξουσίᾳ
3514 1029 3826 1101 θεοπρεπεί,
3866 1032 4009 1084 ἀπο-

2416 1118 2777 1189 λειφθήσομαί
2798 1136 2854 1172 τε
2879 1120 2998 1171 κατ’
3021 1120 3209 1173 οὐδένα
3230 1121 3431 1192 τρόπον
3452 1123 3551 1192 τῆς
3571 1124 3796 1195 ἐνούσης
3823 1125 4013 1194 ίσχύος

2414 1214 2494 1283 τῷ
2514 1210 2767 1280 φύσαντι.
2794 1212 2905 1265 Καὶ
2924 1214 2971 1264 ει
2992 1212 3175 1265 δίδωσι
3196 1214 3403 1284 τροφὴν
3430 1216 3558 1284 ὑμῖν
3578 1215 3676 1285 τὴν
3701 1233 4012 1285 πνευματιο

2418 1304 2539 1375 κὴν,
2577 1304 2676 1375 τὴν
2713 1303 3085 1368 διασώζουσαν
3128 1305 3208 1367 είς
3251 1305 3394 1376 ζωὴν
3432 1307 3647 1360 αἰώνιον
3683 1311 3711 1361 ὀ
3750 1310 3884 1371 Θεὸς
3914 1312 4012 1362 καὶ

2418 1398 2626 1469 Πατὴρ,
2668 1396 2921 1450 ἐπιδώσει
2980 1397 3219 1467 δηλονότι
3256 1400 3349 1450 καὶ
3378 1402 3405 1451 6
3436 1398 3584 1462 Υἱὸς,
3632 1402 3723 1452 καὶ
3752 1402 3809 1452 ἐν
3841 1406 4011 1473 σαρκὶ

2414 1489 2675 1559 γεγονὼς,
2706 1490 2869 1544 εἰκὼν
2896 1492 3312 1562 ἀπαράλλακτος
3342 1491 3603 1560 ὑπάρχων
3630 1494 3816 1557 αὐτοῦ,
3854 1513 4009 1548 νοου-

2418 1585 2586 1654 μένης
2624 1583 2864 1653 δηλονότι
2904 1585 3002 1654 τῆς
3044 1585 3187 1637 κατὰ
3224 1587 3333 1637 πᾶν
3363 1585 3537 1636 ὁτιοῦν
3584 1588 3905 1657 ἐμφερείας,
3941 1596 4008 1641 οὐ

2414 1675 2555 1728 κατὰ
2576 1678 2700 1739 τοὺς
2734 1677 2831 1745 τῆς
2873 1676 3074 1747 σαρκὸς
3118 1677 3504 1747 χαρακτῆρας,
3554 1677 3668 1730 ἀλλ’
3704 1679 3827 1730 οὐδὲ
3863 1681 4011 1731 κατά

2412 1786 2464 1821 τι
2502 1768 2635 1836 γοῦν
2665 1768 2772 1821 τῶν
2808 1769 2942 1832 ὅλως
2977 1770 3035 1821 ἐν
3068 1771 3363 1839 σωματικῷ
3391 1770 3695 1839 νοουμένων
3737 1773 4005 1841 σχήματι,

731 1864 877 1914 ferre
924 1858 1367 1926 separationem,
1409 1870 1529 1923 quae
1578 1860 1921 1922 assumptum
1967 1866 2034 1905 ex
2083 1849 2305 1920 Virgine

2409 1861 2517 1915 ἀλλ’
2550 1864 2608 1914 ἐν
2639 1861 2763 1931 δόξῃ
2795 1862 3105 1933 θεοπρεπεῖ,
3141 1862 3233 1915 καὶ
3270 1863 3579 1932 ἰσοστάθμῳ
3620 1864 3873 1933 δυνάμει,
3907 1868 4008 1917 καὶ

731 1951 987 2019 templum
1020 1964 1050 2001 a
1083 1964 1208 2003 vero
1245 1946 1337 2001 Dei
1374 1947 1511 1999 Filio
1550 1944 1843 2014 sejungere
1874 1950 2064 2013 queat,
2098 1944 2195 1998 sed
2246 1958 2305 1996 se

729 2055 899 2094 unum
933 2055 1055 2095 esse
1096 2047 1355 2102 statuere,
1395 2046 1557 2107 atque
1608 2034 1961 2103 ita'intelligi
1998 2033 2159 2088 velle.
2212 2032 2306 2085 Et-

729 2134 875 2189 enim
912 2149 1053 2187 unus
1093 2148 1283 2186 revera
1313 2146 1479 2201 supra
1507 2144 1608 2183 nos
1637 2135 1721 2183 est
1746 2125 1998 2180 Christus
2028 2136 2180 2180 veste
2206 2140 2304 2179 sua

728 2241 829 2279 ceu
877 2226 1024 2293 regia
1057 2237 1301 2291 purpura
1351 2222 1598 2283 indutus,
1636 2231 1871 2287 corpore
1906 2216 2165 2269 nimirum
2201 2215 2303 2269 hu-

729 2334 911 2384 mano,
950 2318 1064 2371 sive
1099 2315 1301 2384 templo
1335 2314 1427 2366 illo
1458 2312 1720 2365 nimirum
1749 2324 1815 2365 ex
1847 2310 2033 2364 anima
2074 2317 2129 2364 et
2178 2323 2306 2362 cor-

729 2423 880 2477 pore,
937 2406 1153 2459 tametsi
1207 2418 1352 2457 unus
1403 2402 1567 2456 etiam
1624 2417 1687 2455 ex
1742 2400 2013 2455 ambobus
2048 2398 2307 2455 Christus

726 2507 832 2553 est.
872 2497 993 2560 Ast,
1042 2512 1074 2549 ο
1120 2495 1278 2557 boue,
1324 2492 1530 2547 Christi
1567 2492 1743 2546 hostis
1783 2506 2003 2545 rursum
2056 2491 2303 2559 inquiet,

725 2591 963 2659 palmam
1005 2589 1222 2641 veritati
1254 2588 1536 2639 concede:
1573 2585 1683 2638 noli
1707 2584 1974 2649 cavillari,
1996 2598 2304 2637 sermonem

727 2682 915 2735 minus
961 2682 1197 2749 ingenue
1232 2694 1341 2748 quo
1396 2679 1536 2731 velis
1585 2677 1940 2745 detorquens.
1994 2674 2133 2730 Ecce
2176 2675 2305 2728 hinc

727 2784 947 2841 quoque
979 2769 1188 2838 liquido
1214 2775 1435 2822 constat
1468 2764 1668 2819 Filium
1697 2781 1761 2818 ex
1786 2765 2095 2819 substantia
2125 2762 2304 2818 Patris

726 2879 840 2921 non
868 2862 1160 2925 exsistere,
1204 2859 1298 2914 sed
1335 2858 1517 2929 potius
1566 2859 1929 2912 sirnulacruru
1976 2857 2305 2924 substantia:

725 2958 903 3027 ipsius
930 2956 1009 3021 “;
1046 2953 1355 3024 cujusruodi
1404 2958 1491 3005 est
1542 2950 1805 3021 sigillum,
1859 2950 2058 3017 inquit,
2100 2957 2193 3001 aut
2231 2950 2307 3003 si-

724 3048 1041 3119 gnaculum,
1068 3045 1212 3114 quod
1241 3058 1364 3098 cum
1393 3057 1555 3108 certe,
1591 3041 1743 3097 verbi
1779 3042 1980 3111 gratia,
2014 3049 2109 3094 aut
2140 3042 2301 3093 alicui

726 3140 883 3192 alteri
910 3138 1153 3189 materiae
1181 3133 1521 3203 excipienda:
1558 3133 1749 3185 formae
1778 3132 1985 3185 idoneae
2012 3132 2187 3185 solam
2219 3132 2301 3185 s-ui

724 3230 1144 3286 similitudinem
1173 3227 1477 3297 impressit,
1508 3240 1704 3279 rursus
1745 3224 1815 3277 ab
1848 3239 1914 3279 eo
1943 3224 2037 3294 qui
2069 3224 2305 3293 iurpres-
2331 3252 2375 3308 ρ

724 3325 797 3378 sit
848 3324 989 3377 citra
1020 3321 1183 3375 ullam
1217 3321 1301 3375 sui
1331 3319 1607 3389 jacturam
1642 3317 1943 3385 recipitur:
1997 3317 2069 3369 ita
2121 3314 2301 3378 Pater,

723 3427 848 3468 cum
896 3428 955 3468 se
1007 3421 1181 3465 totum
1243 3408 1397 3463 indat
1450 3417 1503 3462 et
1559 3407 1843 3476 imprimat
1892 3405 2305 3475 quodaminodo

724 3504 1129 3574 perfectissima
1172 3504 1537 3558 similitudine
1566 3499 1733 3564 Filio,
1766 3515 1873 3555 non
1908 3500 2070 3553 habet
2111 3500 2303 3568 utique

723 3613 789 3653 ex
816 3597 996 3667 seipso
1024 3607 1232 3666 partem
1253 3596 1423 3650 veluti
1449 3592 1796 3656 substantiae,
1832 3600 1925 3645 aut
1942 3608 2063 3661 quae
2086 3606 2151 3645 ex
2184 3594 2301 3661 ipsa

723 3704 845 3742 esse
875 3697 1187 3751 censeatur,
1224 3688 1318 3742 sed
1353 3687 1502 3742 velut
1536 3686 1829 3756 imaginerrr
1868 3683 2040 3739 solam
2100 3692 2155 3737 et
2206 3698 2301 3737 ert-

726 3786 904 3831 actam
943 3778 1380 3833 similitudinem.

724 3872 784 3936 ἐξ
838 3870 1029 3923 ἐαυτοῦ
1073 3870 1236 3940 μηδέν
1288 3884 1299 3897 ·

2408 1950 2465 2000 ἐν
2489 1948 2705 2019 ἐξουσίᾳ
2738 1948 3008 2019 βασιλικῇ.
3053 1951 3440 2020 Ἐπιτηρητέον
3469 1951 3526 2003 δὲ
3571 1952 3752 2015 πάλιν,
3783 1958 3867 2005 οτι
3910 1958 4008 2007 τὸν

2411 2037 2537 2089 Υίδν
2562 2037 2653 2089 τοῦ
2694 2038 2981 2107 ἀνθρώπου
3012 2042 3341 2112 χορηγήσειν
3390 2043 3559 2095 εἰπὼν
3595 2044 3662 2097 τὰ
3692 2046 4005 2115 θεοπρεπῆ,

2408 2129 2501 2181 καὶ
2520 2130 2989 2201 κατεσφραγίσθαι
3011 2133 3149 2203 πρὸς
3172 2122 3354 2187 εἰκόνα
3372 2135 3464 2187 τοῦ
3486 2135 3621 2188 Θεοῦ
3645 2138 3739 2189 καὶ
3763 2138 4005 2208 Πατρδς,

2406 2217 2505 2270 οὐκ
2521 2218 2770 2287 ἀνέχεται
2793 2221 3061 2291 μερισμοῦ
3084 2221 3177 2274 τοῦ
3202 2212 3579 2293 διατέμνοντος
3601 2225 3702 2293 τῆς
3726 2229 3849 2279 κατ’
3872 2228 4009 2297 ἁλή-

2408 2306 2557 2361 θειαν
2590 2308 2834 2379 υίότητος
2860 2310 2949 2362 τὸν
2982 2312 3046 2363 ἐκ
3073 2312 3348 2379 Παρθένου
3381 2314 3527 2377 ναὸν,
3553 2315 3666 2367 ἀλλ’
3701 2318 3798 2368 ἕνα
3838 2317 4007 2371 πάλιν

2408 2399 2597 2454 ἐαυτὸν
2624 2400 2794 2472 ὁρίζει
2839 2419 2897 2454 τε
2937 2402 3031 2455 καὶ
3067 2405 3303 2459 νοεῖσθαι
3334 2405 3604 2475 βούλεται.
3642 2409 3751 2460 Καὶ
3779 2410 3891 2479 γὰρ
3925 2408 4008 2473 εἷς

2406 2493 2573 2555 ὅντως
2616 2494 2777 2551 ἐστὶν
2809 2495 2891 2564 ἐφ’
2937 2497 3081 2565 ἡμᾶς
3128 2498 3157 2548 6
3198 2492 3461 2568 Χριστὸς,
3510 2487 3760 2571 καθάπερ
3803 2503 4007 2571 ἁλουρ-

2405 2586 2529 2653 γίδα
2559 2584 2841 2656 βασιλικὴν
2867 2587 2927 2639 τὸ
2972 2588 3099 2640 ἴδιον
3149 2589 3372 2659 φόρημα
3417 2591 3821 2659 περικείμενος,
3859 2597 4008 2664 φημὶ

2406 2676 2462 2728 δέ
2490 2677 2550 2730 τὸ
2575 2676 2911 2748 ἀνθρώπινον
2941 2682 3118 2748 σῶμα,
3146 2680 3265 2750 ἦτοι
3296 2681 3421 2733 ναὸν
3458 2683 3548 2734 τὸν
3590 2686 3653 2735 ἐκ
3682 2684 3862 2754 ψυχῆς
3908 2686 4007 2756 δη-

2407 2769 2596 2828 λονότι,
2624 2768 2717 2821 καὶ
2749 2768 3017 2838 σώματος,
3050 2774 3097 2823 εί
3123 2773 3216 2825 καὶ⁵
3243 2768 3323 2836 εἷς
3355 2773 3416 2837 ἐξ
3446 2775 3644 2843 ἀμφοῖν
3682 2776 3710 2827 6
3738 2777 4005 2845 Χριστός.

2419 2857 2580 2921 Ἀλλ’,
2623 2852 2669 2911 ὦ
2699 2857 2964 2927 βέλτιστε,
3006 2860 3167 2912 πάλιν
3214 2863 3243 2915 6
3290 2865 3653 2934 χριστομάχος
3686 2867 3822 2935 ἐρεῖ,
3860 2867 4007 2920 δίδου

2406 2952 2525 3009 ταῖς
2562 2949 2841 3020 ἀληθείαις
2869 2952 2930 3003 τὸ
2960 2950 3219 3005 δύνασθαι
3246 2959 3487 3023 κρατεῖν,
3522 2957 3596 3027 μὴ
3628 2960 4008 3026 κατασοφίζου

2406 3041 2496 3095 τὸν
2530 3042 2704 3111 λόγον,
2752 3043 2999 3114 ἐφ’ὃπερ
3045 3043 3106 3097 ἂν
3159 3046 3318 3109 αὐτὸς
3374 3048 3653 3117 ἐθεὶήσαις
3695 3052 4008 3120 περιέλκων

2406 3136 2504 3188 οὐκ
2534 3136 2789 3204 εὐγενῶς.
2827 3136 2958 3190 Ἰδοὺ
3006 3137 3211 3205 σαφῶς,
3240 3142 3332 3191 καὶ
3375 3139 3462 3192 διὰ
3502 3141 3704 3193 τούτων
3736 3143 3871 3211 ἡμῖν
3906 3150 4007 3195 οὐκ

2408 3228 2471 3280 ἐκ
2506 3228 2605 3298 τῆς
2642 3229 2831 3290 οὐσίας
2867 3228 3125 3299 ὑπάρχων
3175 3230 3269 3282 τοῦ
3319 3230 3531 3303 Ila-:96;
3567 3234 3595 3284 6
3629 3232 3756 3295 Υἱὸς
3788 3234 4007 3286 ἀναδεί-

2412 3334 2619 3382 κνυται,
2652 3318 2786 3372 ἀλλὰ
2815 3319 3015 3388 μᾶλλον
3058 3320 3425 3389 ἀπεικόνισμα
3455 3322 3554 3392 τῆς
3591 3324 3780 3386 οὐσίας
3810 3323 4002 3377 αὐτοῦ.

2413 3409 2595 3462 Ἔστω
2623 3409 2678 3462 δέ
2721 3410 2785 3480 δή
2832 3428 2884 3464 τι
2930 3412 3197 3477 τοιοῦτον,
3235 3415 3388 3483 φησὶ,
3423 3415 3698 3485 (partiri;
3740 3421 4003 3485 σφραγὶς,

2408 3502 2525 3572 ἤτοι
2553 3502 2613 3555 τὸ
2643 3503 2971 3574 σήμαντρον,
3004 3504 3159 3575 κηρῷ
3188 3506 3369 3575 τυχὸν,
3405 3506 3572 3576 ἦγουν
3603 3508 3816 3578 ἑτέραις
3848 3508 4005 3571 ὕλαις

2408 3593 2722 3663 ἐπιτηδείως
2748 3595 2996 3664 ἐχούσαις
3032 3598 3111 3659 είς
3144 3597 3203 3648 τὸ
3238 3596 3421 3650 λαϐεῖν
3467 3598 3872 3667 ἐνθλιϐόμενον,
3906 3601 4004 3657 καὶ

2406 3682 2505 3753 τὴν
2540 3684 2832 3754 ὁμοιότητα
2871 3688 3038 3757 μόνην
3080 3688 3392 3758 ἐγχαράξειν
3435 3689 3533 3758 τὴν
3573 3691 3791 3754 ἑαυτοῦ,
3839 3692 4005 3743 πάλιν

2411 3776 2869 3847 ἐπανακομίζεται
2904 3778 3056 3847 παρά
3103 3779 3196 3831 τοῦ
3242 3779 3675 3850 προσθλίὸοντος,
3720 3780 4005 3851 ζημιωθὲν

1376 3866 1548 3931 οὓτως
1599 3869 1628 3920 6
1690 3866 1877 3935 Πατὴρ
1924 3865 2058 3935 πρὸς
2100 3864 2191 3917 τὸν
2245 3864 2373 3918 Υἱὺν
2410 3868 2529 3921 ὅλον
2571 3868 2761 3921 ἐαυτὸν
2810 3870 2994 3933 ἐνιεὶς,
3043 3870 3135 3923 καὶ
3176 3872 3490 3941 ἐνσημάνας
3530 3872 3729 3941 τρόπον
3766 3873 3890 3924 τινὰ
3936 3874 4002 3925 δι’

724 3966 1120 4037 ἀκριϐεστάτης
1148 3966 1243 4034 τῆς
1272 3964 1601 4035 ὁμοιώσεως,
1645 3963 1745 4015 οὐκ
1777 3961 1836 4025 ἐξ
1870 3960 2062 4015 ἐαυτοῦ
2090 3961 2303 4023 πάντως
2342 3960 2452 4032 ἔχει
2491 3962 2653 4032 μέρος
2683 3962 2873 4035 ὥσπερ
2900 3964 3001 4035 τῆς
3033 3966 3238 4053 οὑσίεις,
3302 3968 3468 4038 ἤγουν
3511 3966 3569 4033 ἐξ
3612 3970 3781 4031 αὒτίς
3848 3970 4003 4022 voc-3'

729 4079 905 4135 μενον,
938 4060 1052 4115 ἀλλ’
1084 4059 1159 4123 ὼς
1190 4060 1374 4112 εἰκόνα
1416 4059 1602 4130 μόνην,
1648 4057 1741 4110 καὶ
1779 4057 2038 4127 ὁμοίωσιν
2083 4055 2303 4127 ἀκριϐῆ.

794 4150 987 4207 Videat
1016 4152 1198 4221 itaque
1222 4150 1405 4205 denuo
1432 4148 1679 4205 discendi
1713 4148 2002 4205 studiosus
2032 4146 2295 4203 adversa-

726 4228 867 4300 rium
920 4244 1098 4299 instar
1144 4242 1420 4313 serpentis
1463 4256 1613 4297 nunc
1651 4255 1875 4313 quoque
1925 4240 2087 4297 nobis
2121 4238 2299 4297 insul-

727 4342 870 4399 tare,
920 4332 1059 4390 etin
1104 4332 1274 4387 altum
1324 4345 1537 4388 veneno
1580 4341 1748 4403 caput
1794 4333 2013 4402 plenum
2060 4330 2297 4401 erigere.

730 4422 837 4481 Sed
887 4423 981 4496 qui
1037 4420 1370 4494 «confringit
1433 4422 1610 4494 capita
1656 4419 1921 4477 draconis
1944 4420 2023 4487 τ’,
2063 4437 2083 4472 ι
2148 4416 2300 4475 istud

2484 4142 2695 4217 Ὀράτω
2738 4143 2803 4215 δὴ
2845 4143 3006 4198 πάλιν
3050 4146 3077 4197 6
3120 4144 3443 4217 φιλομαθὴς,
3478 4148 3559 4201 ὃτι
3592 4151 3686 4205 καὶ
3718 4149 3816 4203 νῦν
3843 4153 3999 4223 ἡμῖν,

2402 4237 2477 4299 ὡς
2504 4236 2627 4305 δφις
2655 4238 2683 4291 6
2718 4235 2785 4289 δι⁹
2835 4236 3080 4301 ἐναντίας
3126 4238 3386 4310 ἐπιπηδᾷ,
3420 4240 3511 4293 καὶ
3557 4242 3637 4304 είς
3683 4240 3818 4310 ὕψος
3850 4244 4001 4315 αἴρει

2404 4328 2503 4401 τὴν
2568 4327 2647 4383 ιοῦ
2701 4328 2973 4400 γέμουσαν
3035 4331 3299 4403 κεφαλήν.
3363 4330 3502 4385 Ἀλλ’
3552 4334 3580 4385 6
3624 4348 3642 4383 t
3676 4331 4000 4405 συνθραύων

2406 4418 2505 4483 τὰς
2537 4418 2777 4488 κεφαλὰς
2826 4419 2921 4474 τοῦ
2963 4420 3278 4493 δράκοντος,
3314 4440 3332 4474 ι
3367 4420 3689 4493 συνοραύσει
3732 4424 3829 4479 καὶ
3871 4425 3998 4479 ταύ-

722 4517 890 4572 etiam
911 4514 1248 4587 confringet,
1288 4514 1565 4585 facietque
1590 4521 1650 4569 ut
1672 4523 1926 4570 versutas
1960 4527 2151 4568 eorum
2186 4526 2302 4566 ma-

2409 4526 2525 4581 την,
2562 4509 2657 4564 καὶ
2687 4509 2847 4565 δώσει
2877 4510 3039 4565 πάλιν
3068 4513 3199 4581 ἡμῖν
3225 4512 3287 4565 τὸ
3310 4511 3568 4566 δύνασθαι
3596 4513 3695 4577 τὰς
3733 4515 3996 4588 πολυτρό-

726 4608 877 4664 litias
937 4608 1119 4663 denuo
1138 4579 1547 4678 vsubterfuge're
1594 4606 1899 4678 possimus.
1954 4603 2307 4675 Respondeat

2409 4579 2543 4666 πους
2574 4600 2754 4655 αὐτῶν
2777 4579 3120 4672 δυστροπίας-
3142 4603 3534 4674 ὑπεκδραμεῖν.
3560 4604 3786 4672 Λεγέτω
3816 4579 3999 4661 τοίνυν

726 4700 911 4770 itaque
946 4700 1109 4757 nobis
1152 4702 1245 4769 qui
1287 4698 1546 4769 gravibus
1586 4695 1748 4753 modo
1778 4696 1962 4752 verbis
2009 4697 2303 4764 obstrepe-

2409 4694 2541 4762 ἡμῖν
2585 4692 2614 4743 6
2650 4692 2842 4753 δεινοῖς
2889 4692 3035 4761 ἡμᾶς
3075 4693 3292 4762 ἀρτίως⁸
3320 4694 3733 4763 περικτυπήσας
3782 4694 3995 4762 λόγοις·

726 4798 855 4852 bat:
889 4795 1152 4863 sigillum,
1192 4794 1309 4848 sive
1337 4791 1684 4862 signaculum
1715 4806 1783 4846 ex
1834 4788 1979 4845 ferro
2012 4789 2097 4843 vel
2140 4802 2300 4847 auro.

724 4903 822 4943 seu
852 4886 1046 4953 quavis
1072 4886 1179 4939 alia
1211 4885 1437 4939 materia
1470 4882 1699 4947 factum,
1736 4897 1806 4935 an
1839 4896 1949 4935 non
2002 4881 2059 4934 in
2101 4879 2296 4933 chara-

723 4984 873 5031 ctere
900 4974 1136 5044 quodam
1165 4972 1441 5044 significat
1467 4970 1706 5025 formam
1736 4984 1914 5035 suam,
1936 4980 1988 5025 et
2021 4970 2141 5023 sine
2165 4968 2298 5023 cha-

722 5074 935 5119 ractere
984 5064 1229 5118 futurum
1284 5071 1387 5127 est,
1420 5061 1875 5131 concipieturque
1904 5058 2298 5129 signaculum?

720 5159 789 5211 At
818 5155 1001 5225 quivis
1031 5156 1189 5209 etiam
1214 5154 1434 5208 illorum
1472 5152 1551 5207 vel
1582 5151 1789 5205 invitus
1812 5150 2065 5206 veritatis
2104 5150 2156 5204 vi
2204 5148 2297 5201 ad-

722 5256 879 5301 actus
920 5244 1199 5306 fatebitur,
1228 5246 1281 5297 iu
1316 5245 1641 5298 charactere
1682 5242 1873 5310 utique
1903 5240 2252 5309 signaturum
2281 5255 2295 5303 ;

719 5340 859 5394 citra
892 5339 1269 5392 characterem
1306 5351 1455 5397 vero,
1488 5334 1535 5389 si
1574 5343 1633 5387 ut
1663 5348 1763 5403 par
1804 5341 1887 5386 est
1921 5331 2300 5401 philos0phari

718 5434 909 5499 velint,
948 5431 1293 5499 neutiquam.
1345 5428 1480 5482 Cum
1536 5442 1687 5496 ergo,
1730 5424 1894 5479 sicuti
1946 5424 2105 5478 nobis
2152 5422 2301 5477 Scri-

721 5531 878 5590 ptura
907 5521 1093 5575 divina
1122 5530 1355 5575 testatur
1377 5521 1446 5586 “,
1479 5520 1773 5573 character
1820 5516 2152 5572 substantiae
2202 5513 2299 5569 Dei

722 5628 786 5668 ac
826 5614 1004 5668 Patris
1048 5615 1120 5668 sit
1174 5612 1367 5677 Filius,
1405 5612 1606 5683 quippe
1635 5612 1729 5681 qui
1765 5612 1821 5666 in
1860 5611 1979 5681 ipsa
2011 5617 2118 5676 est,
2151 5614 2207 5664 et
2232 5623 2299 5663 ex

2408 4784 2441 4849 ἡ
2473 4781 2726 4850 σφραγὶς,
2759 4781 2875 4850 ἦτοι
2915 4780 2976 4832 τὸ
3018 4781 3326 4850 σήμαντρον
3359 4780 3419 4831 τὸ
3461 4781 3520 4846 ἐξ
3548 4780 3681 4849 ὕλης
3708 4783 3872 4850 τυχὸν
3902 4800 3999 4835 πε-

2404 4870 2699 4942 ποιημένον
2723 4870 2841 4939 ἦτοι
2872 4869 3115 4939 σιδηρᾶς,
3152 4871 3317 4938 ἤγουν
3354 4870 3454 4938 τῆς
3484 4868 3591 4921 ἀπὸ
3635 4870 3862 4939 χρυσοῦ,
3907 4869 3995 4943 ἆρ’

2402 4963 2523 5034 οὐχ).
2556 4962 2775 5022 πάντως
2815 4962 2871 5012 ἐν
2908 4962 3217 5031 χαρακτῆρί
3258 4978 3364 5013 τινι
3405 4962 3807 5032 κατασημαίνει
3837 4964 3909 5017 τά
3940 4968 3997 5017 ἐν

2404 5052 2484 5117 οἷς
2522 5055 2750 5122 γίνεται,
2786 5054 2876 5105 καὶ
2920 5053 3041 5122 δίχα
3070 5053 3420 5122 χαρακτῆρος
3466 5053 3617 5106 ἐσται
3645 5072 3703 5106 τε
3746 5057 3843 5109 καὶ
3872 5075 3998 5129 νοη-

2406 5147 2635 5216 θήσεται
2693 5147 3045 5215 σήμαντρον;
3107 5144 3243 5195 ’Λλλ’
3292 5141 3447 5213 οἶμαι
3510 5147 3615 5207 πᾶς
3654 5163 3737 5209 τις
3780 5144 3877 5200 οῦν
3918 5150 3997 5201 ὅτι

2402 5237 2634 5291 καὶτῶν
2672 5238 2802 5307 παρ’
2836 5237 3086 5301 ἐκείνοις,
3137 5239 3229 5289 καὶ
3283 5238 3380 5305 οὐχ
3423 5237 3564 5289 ἑκὼν
3604 5239 3999 5309 ὁμολογήσειεν

2401 5330 2506 5384 ἀπὸ
2557 5328 2651 5381 τοῦ
2704 5331 3004 5397 πρέποντος
3054 5328 3189 5398 πρὸς
3240 5328 3409 5397 αὐτὴν
3460 5330 3854 5400 συνελκόμενος
3900 5334 3998 5401 τὴν

2402 5420 2679 5491 ἀλήθειαν,
2715 5420 2796 5472 ὅτι
2836 5419 2898 5487 δὴ
2938 5422 3152 5480 πάντως
3208 5422 3264 5471 ἐν
3334 5420 3643 5489 χαρακτῆρι
3697 5424 3991 5489 σφραγιεῖ·

2402 5513 2749 5582 χαρακτῆρος
2786 5510 2841 5562 δὲ
2868 5510 3010 5580 δίχα,
3032 5511 3174 5563 κατά
3203 5526 3265 5577 γε
3297 5510 3385 5562 τὸν
3418 5512 3473 5561 ἐν
3508 5510 3583 5579 τῷ
3614 5512 3877 5580 πρέποντι
3908 5512 3994 5563 lo.

2404 5603 2622 5674 γισμὸν,
2656 5602 2926 5673 οὐδαμῶς.
2963 5604 3089 5656 ’Ὀτε
3124 5602 3323 5656 τοίνυν.
3364 5601 3615 5671 καθάπερ
3640 5602 3771 5670 ἡμῖν
3808 5603 3841 5671 ἡ
3874 5601 3995 5663 θεία

790 5796 834 5827 ⁸⁸
855 5793 1022 5849 Hebr.
1065 5809 1103 5861 I,
1134 5794 1187 5847 5.
1268 5791 1314 5823 τ’
1335 5790 1478 5846 Psal.
1510 5804 1701 5852 Lxxm,
1740 5787 1824 5843 H.
1906 5787 1949 5817 “
1978 5784 2141 5842 llclrr.
2176 5786 2277 5839 loc.
2317 5782 2412 5838 cit.

638 6060 843 6141 π”θτ
