4206 6510
179 408 292 464 485

1233 402 1299 456 ΙΝ
1336 399 1627 460 JOANNIS
1667 398 2120 458 EVANGELIUM
2154 399 2290 457 LIB.
2319 401 2412 457 Ill.

3343 401 3455 459 ιεο

174 513 607 586 διαμαρτύρεται
661 516 874 587 Γραφὴ,
931 517 1219 587 χαρακτὴρ
1268 517 1367 586 τῆς
1416 517 1765 579 ὑποστάσεως

1871 513 1990 583 ipsa
2025 514 2187 585 302
2229 512 2593 579 naturaliter,
2623 512 2682 569 in
2729 527 2973 584 quonam
3024 514 3145 585 ipse
3178 516 3453 587 signatur,

170 606 272 660 τοῦ
317 606 452 662 Θεοῦ
506 607 600 661 καὶ
645 608 856 678 Πατρός
889 611 1035 662 ἐστιν
1082 610 1111 661 6
1146 606 1293 671 Υἱὸς,
1324 609 1381 662 ἐν
1425 609 1561 680 αὐτῇ
1591 625 1650 661 τε
1689 606 1764 660 ὢν

172 700 442 770 δηλονότι,
472 700 567 753 καὶ
594 699 654 765 ἐξ
684 701 854 771 αὐτῆς
887 701 1152 770 φυσικῶς,
1182 700 1346 763 αὐτὸς
1375 702 1433 752 ὲν
1460 701 1565 754 τίνι
1600 719 1765 754 κατα-

178 791 531 861 σημαίνεται,
558 791 591 860 ἦ
628 790 718 844 διὰ
750 794 889 855 τίνος
920 792 1109 861 ἐτέρου
1140 793 1399 863 σφραγιεϊ
1440 792 1767 866 χαρακτῆρα

174 884 268 937 τὸν
304 884 489 936 ἴδιον-ό
521 884 713 954 Πατήρ
737 900 751 948 ;
779 884 854 937 Οὐ
893 884 1003 955 γὰρ
1040 885 1103 956 δή
1150 902 1232 949 τις
1276 886 1392 955 ὲρεῖ
1425 884 1517 937 τὸν
1546 883 1767 955 Πατέρα

176 975 255 1046 μὴ
282 970 419 1029 εἶναι
444 974 660 1037 πάντως
692 977 749 1028 ἐν
781 975 909 1028 εῖδει
939 975 1251 1048 θεοπρεπεί,
1271 977 1407 1047 ὅπερ
1430 975 1578 1043 ἐστὶν
1596 977 1623 1028 6
1640 974 1767 1038 Υἱὸς

171 1071 209 1140 ὴ
252 1069 437 1140 μορφὴ
475 1068 566 1121 τοῦ
616 1068 867 1132 τεκόντος
895 1069 1076 1133 αὐτὸν,
1110 1069 1169 1123 6v
1207 1069 1365 1141 εἴπερ
1403 1086 1486 1132 τις
1514 1068 1767 1122 θεάσαιτο

170 1160 405 1229 νοητῶς,
442 1160 601 1213 αὐτὸν
634 1160 874 1229 δηλονότι
944 1161 1242 1229 κατόψεται
1273 1160 1364 1215 τὸν
1397 1161 1637 1232 Πατέρα.
1669 1159 1767 1215 Διά

170 1253 287 1322 γάρ
316 1269 397 1304 τοι
420 1251 599 1315 τοῦτο,
651 1253 745 1306 καὶ
793 1254 985 1307 ἑαυτὸν
1018 1248 1157 1306 εἷναί
1206 1256 1369 1323 φησιν
1405 1255 1461 1307 ἐν
1490 1252 1640 1324 αὐτῷ
1668 1271 1768 1322 φυ-

172 1343 366 1408 σικῶς,
409 1343 514 1396 κᾶν
561 1344 620 1409 ἐξ
672 1344 837 1397 αὐτοῦ
889 1346 1077 1415 νοῆται
1129 1345 1218 1398 διὰ
1262 1345 1323 1398 τὸ
1379 1346 1764 1410 ίδιοσύστατον,

170 1433 365 1504 ὥσπερ
395 1429 488 1486 οῦν
511 1433 605 1487 καὶ
636 1433 696 1486 τὸ
727 1435 1064 1506 ἀπαύγασμα
1096 1436 1277 1506 τυχὸν,
1313 1437 1370 1487 έν
1415 1436 1494 1506 τῷ
1523 1438 1769 1504 ἁπαυγά-

172 1525 345 1586 ζοντι,
381 1524 475 1575 καὶ
505 1525 568 1576 ὲκ
597 1524 688 1577 τοῦ
722 1524 1154 1594 ἀπαυγάζοντος,
1184 1529 1274 1579 καὶ
1313 1527 1500 1597 ἕτερόν
1532 1544 1582 1578 τι
1628 1527 1771 1581 κατά

168 1628 239 1680 γε
267 1613 358 1665 τὸν
396 1614 453 1666 ἐν
480 1614 665 1683 νοήσει
712 1614 904 1682 λόγον,
949 1618 1041 1668 καὶ
1088 1617 1249 1669 πάλιν
1296 1619 1393 1687 οὐχ
1434 1617 1639 1687 ἕτερον,
1694 1618 1770 1681 ὡς

171 1704 316 1773 πρὸς
344 1704 478 1757 αὐτὸ
512 1704 913 1775 θεωρούμενον,
941 1707 1030 1759 διὰ
1075 1708 1135 1760 τὸ
1174 1707 1233 1772 ἐξ
1280 1707 1444 1760 αὐτοῦ
1492 1708 1768 1778 λέγεσθαι,

179 1797 275 1847 καί
307 1797 361 1848 ἐν
389 1795 539 1865 αὐτῷ
583 1796 744 1848 πάλιν
789 1796 1076 1868 ὑπάρχειν.
1128 1799 1239 1851 Καὶ
1275 1801 1335 1850 οὐ
1362 1798 1424 1868 δή
1468 1815 1596 1863 που,
1629 1798 1771 1863 κατὰ

1868 613 1962 659 aut
2003 621 2102 675 per
2128 619 2294 676 quem
2335 603 2505 659 alium
2554 603 2718 660 Pater
2761 607 3144 663 characterem
3185 623 3346 663 suum
3382 611 3457 664 sio

1864 705 2134 767 gnaturus
2170 698 2301 752 est?
2337 696 2513 752 Nemo
2536 697 2685 753 enim
2727 710 2878 754 certe
2897 699 3115 753 Patrem
3147 700 3294 755 dicet
3340 716 3455 755 non

1865 804 1990 847 csse
2027 791 2082 844 in
2137 788 2318 845 forma
2355 789 2465 846 Deo
2499 790 2876 854 convenienti,
2925 792 2979 845 id
3025 802 3111 846 est
3162 791 3306 847 Filio
3358 793 3454 863 qui

1870 880 2050 945 forma
2093 888 2180 938 est
2235 881 2322 937 sui
2376 879 2677 951 Genitoris,
2714 896 2879 952 quem
2911 882 2959 937 si
3007 884 3133 952 quis
3168 885 3453 940 intellectu

1868 974 2247 1044 conspexerit,
2284 973 2465 1042 ipsum
2498 973 2689 1043 utique
2716 973 2938 1029 Patrem
2971 973 3200 1029 videbit.
3241 974 3456 1030 Idcirco

1868 1066 2014 1122 enim
2048 1066 2292 1136 seipsum
2320 1082 2544 1136 quoque
2578 1067 2655 1121 ait
2696 1067 2750 1121 in
2781 1068 2901 1138 ipso
2930 1084 3053 1125 esse
3102 1071 3454 1134 naturaliter,

1868 1156 2124 1228 quamvis
2153 1172 2219 1213 ex
2247 1156 2370 1227 ipso
2416 1159 2755 1229 intelligatur
2780 1168 3007 1229 propter
3039 1161 3321 1231 propriam
3355 1160 3457 1231 hy-

1870 1250 2180 1320 postasim:
2231 1251 2716 1321 quemadmodum,
2749 1253 2985 1322 exempli
3036 1254 3237 1322 gratia,
3268 1253 3459 1323 splen-

1869 1343 1971 1398 dor
2013 1343 2068 1398 in
2098 1359 2167 1398 eo
2197 1354 2284 1399 est
2319 1343 2463 1413 quod
2510 1344 2861 1414 splendorem
2909 1344 3135 1409 emittit,
3168 1353 3224 1399 et
3267 1361 3335 1400 ex
3364 1361 3454 1410 eo,

1870 1445 2035 1505 atque
2089 1435 2373 1490 diversum
2421 1435 2683 1505 quiddam
2730 1437 3066 1507 cogitatione
3108 1445 3361 1506 putatur,
3403 1446 3460 1491 ct

1869 1540 2066 1582 rursus
2095 1541 2204 1581 non
2235 1526 2540 1589 diversum,
2570 1527 2617 1583 si
2649 1528 2717 1583 ad
2748 1529 2884 1583 illud
2913 1536 3294 1597 comparatum
3333 1543 3460 1599 spe-

1871 1622 2073 1680 ctetur,
2110 1626 2403 1686 pr0pterea
2446 1617 2594 1685 quod
2635 1632 2701 1671 ex
2748 1617 2869 1686 ipso
2910 1626 2964 1671 et
3010 1618 3064 1671 in
3101 1619 3222 1687 ipso
3258 1632 3458 1672 rursus

1871 1705 2110 1759 exsistit.
2143 1704 2336 1775 Neque
2369 1720 2497 1759 vero
2539 1706 2699 1775 juxta
2731 1704 3065 1759 divisionem
3107 1715 3203 1760 aut
3234 1708 3459 1762 abscis-

1873 1796 2083 1850 sionem
2119 1795 2543 1852 subsmutialem
2570 1795 2764 1850 isthaac
2801 1796 3129 1865 capiuntur:
3175 1810 3299 1849 nam
3329 1811 3458 1849 cum

172 1889 238 1940 τὸ
278 1890 337 1941 ἐν
373 1889 628 1959 μερισμῷ
670 1889 763 1943 καὶ
807 1890 1062 1961 ἀποκοπῇ
1105 1893 1172 1961 τῇ
1221 1892 1471 1957 καθόλου,
1515 1893 1608 1944 καὶ
1645 1892 1766 1944 κατ’

1870 1888 1938 1943 iis
1970 1902 2000 1941 a
2032 1888 2234 1958 quibus
2264 1895 2395 1944 sunt
2422 1888 2724 1942 secundum
2754 1889 3079 1943 substantiae
3114 1889 3459 1942 identitatem

170 1981 368 2035 οὐσίαν
389 1982 458 2035 τὰ
479 1981 707 2036 τοιαῦτα
729 1983 1064 2053 λαμϐάνεται
1085 2002 1097 2015 ο
1123 1984 1479 2053 ὲμπεφυκότα
1498 1986 1604 2057 γὰρ
1626 1984 1767 2039 κατά

170 2074 278 2144 τὴν
312 2074 613 2145 ταύτότητα
644 2075 745 2146 τῆς
775 2076 964 2141 οὐσίας
1008 2080 1119 2140 τοῖς
1153 2078 1251 2145 ἀφ’
1285 2070 1360 2133 ὧν
1401 2080 1528 2145 είσι,
1576 2080 1670 2132 καὶ
1708 2078 1768 2143 ἐξ

171 2166 360 2219 αὐτῶν
417 2162 555 2220 εἶναι
615 2168 998 2233 πιστεύονται,
1050 2170 1435 2241 προκύπτοντα
1488 2170 1587 2241 μέν
1647 2188 1767 2235 πως

172 2258 324 2312 κατά
358 2260 458 2329 τὴν
511 2261 774 2330 ἔκφανσιν
818 2260 917 2332 τὴν
956 2262 1031 2327 ὡς
1076 2264 1135 2316 ὲν
1169 2266 1353 2335 νοήσει
1405 2264 1540 2335 πρὸς
1579 2263 1767 2336 ἕτερόν

171 2370 231 2404 τι
266 2353 359 2405 καὶ
390 2353 591 2418 ίόικῶς,
636 2354 775 2426 πλὴν
817 2356 879 2408 οὐ
923 2356 1361 2427 μεμερισμένως.
1397 2357 1766 2428 Σφραγίζεται

172 2446 359 2499 τοίνυν
408 2448 560 2518 παρά
608 2448 704 2501 τοῦ
760 2450 1004 2521 Πατρὸς,
1042 2451 1102 2503 οὐ
1138 2451 1363 2519 γυμνὸς,
1396 2450 1428 2520 ἢ
1462 2451 1703 2523 ἄσαρκος
1739 2454 1767 2504 6

172 2542 241 2591 ὲκ
270 2538 371 2607 τῆς
395 2540 583 2603 οὐσίας
608 2539 772 2593 αὐτοῦ
800 2540 992 2609 Λόγος,
1016 2541 1151 2595 ἀλλά
1182 2541 1382 2611 μᾶλλον
1410 2542 1477 2594 δι’
1503 2542 1667 2596 αὐτοῦ
1697 2542 1767 2595 τὰ

172 2631 315 2700 πρὸς
337 2630 604 2701 ὁμοίωσιν
623 2632 934 2702 ἀναγόμενα
961 2633 1060 2703 τὴν
1101 2634 1174 2696 ὡς
1214 2634 1351 2704 πρὸς
1379 2633 1511 2686 Θεὸν
1538 2633 1682 2686 κατά
1707 2633 1767 2686 τὸ

170 2722 550 2792 ἐνδεχόμενον,
598 2723 787 2793 ὥσπερ
827 2720 922 2777 οὖν
969 2725 1027 2777 ἐν
1070 2724 1265 2796 ἐκείνῳ
1312 2724 1562 2795 νοοῦμεν,
1602 2725 1661 2777 έν
1688 2723 1767 2794 τῷ

171 2831 329 2877 τινας
371 2814 550 2884 λέγειν
583 2833 596 2846 ·
630 2836 648 2868 ι
688 2815 1029 2888 Ἐσημειώθη
1073 2816 1161 2886 ἐφ’
1213 2818 1361 2887 ἡμᾶς
1407 2818 1468 2870 τὸ
1514 2816 1628 2885 φῶς
1668 2816 1763 2870 τοῦ

174 2904 476 2974 προσώπου
528 2923 644 2973 σου,
691 2906 883 2977 Κύριε.
945 2926 963 2958 ι
1012 2907 1310 2978 Πρόσωπον
1363 2906 1463 2978 μὲν
1510 2907 1619 2978 γὰρ
1670 2908 1765 2961 τοῦ

174 2996 321 3048 Θεοῦ
364 2998 460 3049 καὶ
506 2997 717 3068 Πατρὸς
753 2998 845 3051 τὸν
881 2997 1007 3050 Υἱὸν
1054 2994 1193 3051 εἷναί
1240 3015 1424 3069 φησιν,
1468 2998 1606 3070 ὅπερ
1650 2997 1767 3051 ἐστὶ

180 3086 349 3139 πάλιν
383 3088 411 3138 6
437 3090 752 3158 χαρακτήρ*
789 3088 903 3156 φῶς
935 3089 991 3141 δὲ
1024 3088 1084 3141 τὸ
1111 3089 1169 3155 ἐξ
1197 3089 1384 3155 αὐτοῦ,
1416 3089 1514 3159 τὴν
1550 3089 1639 3142 διὰ
1670 3088 1765 3141 τοῦ

175 3176 499 3246 Πνεύματος
547 3180 642 3230 ἐπὶ
678 3180 775 3249 τὴν
820 3178 998 3232 κτίσιν
1041 3179 1335 3251 διήκουσαν
1380 3180 1559 3250 χάριν,
1600 3180 1666 3233 δι’
1698 3174 1767 3251 ἧς

175 3268 254 3332 ὡς
304 3244 440 3338 πρὸς
493 3268 627 3322 Θεὸν
678 3244 1133 3340 ἀναπλαττόμεθά
1183 3272 1272 3323 διὰ
1319 3244 1766 3334 πίστεως,οίονεὶ
1794 3244 1834 3302 C

176 3361 482 3431 σημάντρῳ
509 3363 614 3414 τινὶ
652 3363 751 3432 τὴν
807 3361 941 3433 πρὸς
969 3362 1060 3415 τὸν
1090 3362 1217 3415 Υίὸν
1256 3362 1607 3433 συμμορφίαν
1638 3364 1766 3415 ἀνα-

172 3452 550 3521 λαμϐάνοντες
580 3454 645 3506 δι’
673 3452 863 3515 αὐτοῦ,
899 3453 957 3516 ὅς
990 3454 1140 3505 ἐστιν
1185 3452 1348 3507 είκὼν
1389 3453 1488 3506 τοῦ
1529 3454 1763 3524 Πατρὸς,

172 3544 265 3597 ἵνα
316 3543 557 3615 σώζηται
608 3544 789 3609 καλῶς
838 3546 895 3598 ὲν
943 3547 1074 3616 ἡμῖν
1114 3546 1176 3599 τὸ
1226 3545 1349 3599 καθ’
1375 3547 1632 3616 ὁμοίωσιν
1674 3548 1767 3599 καὶ

171 3637 365 3689 εἰκόνα
411 3637 741 3706 γεγενῆσθαι
789 3637 883 3691 τοῦ
931 3639 1235 3702 κτίσαντος.
1282 3638 1496 3710 Ἐπειδὴ
1534 3638 1589 3691 δὲ
1634 3640 1764 3709 ὁμο-

171 3729 523 3799 λογουμένως
565 3731 854 3801 πρόσωπόν
897 3731 1011 3783 ὲστι
1050 3729 1145 3783 τοῦ
1189 3729 1324 3782 Θεοῦ
1365 3730 1458 3782 καὶ
1496 3728 1705 3797 Πατρὸς
1738 3731 1767 3781 ὁ

172 3820 329 3882 Υἱὸς,
371 3821 455 3891 εἴη
505 3820 676 3891 δήπου
724 3822 944 3885 πάντως
981 3821 1142 3885 αὐτὸς
1185 3821 1278 3874 καὶ
1313 3823 1341 3874 6
1378 3821 1664 3893 χαρακτὴρ
1710 3825 1767 3875 ὲν

169 3904 219 3978 ᾧ
262 3911 556 3981 σφραγίζει
586 3910 738 3975 Θεός.
778 3911 959 3975 Ἀλλὰ,
996 3911 1125 3981 Ναὶ,
1152 3913 1316 3981 φησὶν
1347 3914 1375 3966 6
1408 3912 1472 3965 6t‘
1499 3912 1765 3974 ἐναντίας,

169 4005 259 4057 ὅτι
315 4003 413 4073 μὲν
460 4003 548 4057 διὰ
588 4002 691 4063 τοῦ,
748 4003 1068 4074 Πνεύματος
1126 3993 1563 4075 κατασφραγίζει
1635 4004 1767 4067 Θεὸς

169 4096 306 4157 τοὺς
353 4094 545 4162 ἁγίους
591 4094 938 4165 πιστεύομεν,
973 4096 1113 4166 πλὴν
1154 4095 1305 4149 οὐδὲν
1325 4095 1461 4158 ὅλως
1501 4095 1569 4149 τὰ
1615 4095 1769 4166 παρὰ

173 4187 274 4241 σοῦ
312 4188 450 4260 πρὸς
489 4188 590 4259 τὴν
631 4190 1000 4259 προκειμένην
1043 4187 1366 4261 εὑρίσκεταί
1399 4189 1653 4260 ζήτησιν·
1688 4188 1773 4242 διδ

172 4279 241 4350 δὴ
274 4278 440 4331 πάλιν
473 4279 835 4345 ἀναλαϐόντες
875 4278 1130 4351 ἐροῦμεν.
1179 4281 1245 4334 Ἡ
1296 4282 1531 4351 σφραγὶς
1580 4282 1613 4351 ἡ
1661 4280 1769 4334 ἀπὸ

182 4370 410 4441 σιδήρου
446 4369 630 4440 τυχόν,
657 4370 691 4441 ἢ
722 4372 815 4425 καὶ
865 4370 1068 4443 χρυσοῦ
1110 4373 1398 4443 νοουμένη,
1444 4373 1769 4443 έγχαράττει

180 4463 285 4537 τὴν
330 4462 589 4532 ὁμοίωσιν
632 4463 736 4535 τὴν
781 4464 983 4535 ἑαυτῆς
1035 4468 1157 4529 ταῖς
1200 4464 1372 4529 ὕλαις,
1401 4468 1520 4528 ταῖς
1565 4467 1648 4535 ἐφ’
1681 4459 1769 4530 αἷς

1871 1979 2065 2044 insint,
2097 1980 2261 2034 etiam
2309 1995 2378 2034 ex
2411 1979 2546 2048 ipsis
2580 1979 2884 2034 creduntur
2930 1996 3074 2042 esse,
3118 1990 3174 2035 et
3209 1981 3262 2035 in
3306 1981 3457 2034 aliud

1869 2070 2133 2141 quiddam
2168 2071 2323 2126 abire
2348 2072 2607 2126 videntur
2629 2073 2958 2139 intellectui,
2986 2081 3042 2128 et
3072 2075 3331 2140 seorsim,
3359 2073 3457 2129 sed

1867 2182 1981 2222 non
2026 2166 2353 2236 separatim.
2398 2165 2661 2239 Signatur
2698 2168 2884 2238 itaque
2928 2183 2958 2222 a
2985 2166 3169 2235 Patre,
3209 2184 3317 2223 non
3354 2184 3471 2223 nu-

1868 2258 2000 2313 dum
2040 2266 2137 2313 aut
2185 2259 2372 2314 carnis
2412 2274 2614 2329 expers
2660 2261 2807 2331 quod
2859 2277 2927 2314 ex
2970 2261 3092 2331 ejus
3138 2262 3457 2316 substantia

1868 2357 1954 2405 est
1987 2348 2251 2415 Verbum,
2311 2350 2408 2406 sed
2441 2354 2626 2419 potius
2672 2368 2769 2422 per
2817 2354 2998 2425 ipsum
3051 2354 3343 2424 signantur
3391 2368 3457 2409 ea

1869 2458 1989 2512 qua-
2032 2443 2099 2497 ad
2139 2443 2566 2500 similitudinem
2599 2460 2726 2499 cum
2761 2445 2870 2500 Deo
2899 2446 3083 2516 quoad
3125 2447 3242 2501 fieri
3279 2453 3460 2516 potest

1869 2544 2243 2601 revocantur,
2298 2537 2767 2606 quemadmodum
2829 2539 2884 2592 in
2944 2538 3037 2592 illo
3096 2538 3458 2610 intelligimus

1868 2630 2016 2698 quod
2068 2629 2293 2699 quidam
2332 2630 2563 2684 dicunt:
2604 2648 2624 2680 ‹
2669 2630 2957 2698 Signatum
3005 2640 3091 2685 est
3137 2645 3303 2699 super
3350 2645 3457 2685 nos

1868 2722 2052 2776 lumen
2088 2721 2279 2777 vultus
2322 2722 2422 2785 tui,
2462 2720 2694 2775 Domine
2728 2721 2793 2777 τ’.
2836 2740 2855 2773 ι
2896 2720 3119 2775 Vultum
3160 2720 3313 2775 enim
3360 2720 3456 2776 Dei

1867 2830 1932 2869 ac
1964 2813 2150 2869 Patris
2202 2812 2397 2868 Filium
2437 2828 2562 2869 esse
2602 2812 2761 2877 dicit,
2815 2814 2868 2868 id
2909 2822 2994 2867 est
3044 2812 3452 2869 characterem.

1867 2902 2077 2956 Lumen
2116 2918 2246 2957 vero
2284 2919 2350 2958 ex
2395 2903 2538 2974 ipso,
2573 2907 2807 2974 gratiam
2856 2918 2979 2973 (luat
3034 2919 3132 2973 per
3183 2902 3457 2975 Spiritum

1868 3002 2157 3066 promanat
2185 2996 2239 3049 in
2276 3004 2587 3055 creaturam
2621 3012 2718 3066 per
2746 3011 2913 3066 quam
2955 2997 3023 3050 ad
3068 2995 3111 3048 D
3153 3013 3242 3051 um
3273 3001 3457 3053 refor-

1870 3100 2086 3138 mamur
2130 3100 2224 3153 per
2270 3084 2455 3149 fidem,
2507 3086 2795 3155 signaculo
2830 3086 2999 3141 veluti
3036 3084 3273 3153 quodam
3317 3099 3456 3149 con-

1872 3176 2203 3231 formitatem
2256 3191 2380 3230 cum
2418 3176 2559 3229 Filio
2620 3176 2949 3246 recipientes
2982 3191 3079 3247 per
3109 3176 3316 3247 ipsum,
3355 3176 3453 3248 qui

1868 3278 1953 3325 est
1993 3270 2175 3339 imago
2223 3270 2428 3333 Patris,
2482 3277 2539 3321 ut
2580 3279 2832 3323 servetur
2873 3270 2930 3323 in
2977 3270 3157 3334 nobis,
3194 3269 3340 3339 quod
3381 3270 3454 3325 ad

1854 3360 2295 3415 similitudinem
2335 3367 2389 3414 et
2432 3359 2728 3427 imaginem
2762 3360 3041 3415 Creatoris
3068 3359 3201 3414 faeti
3235 3376 3451 3415 sumus.

1869 3453 2005 3507 Cum
2050 3462 2231 3507 autem
2276 3453 2667 3523 proculdubio
2707 3455 2893 3508 vultus
2924 3454 2999 3507 sit
3034 3454 3126 3508 Dei
3152 3468 3216 3507 ac
3270 3453 3451 3509 Patris

1868 3543 2063 3608 Filius,
2111 3548 2219 3600 erit
2263 3547 2453 3615 utique
2494 3547 2610 3615 ipse
2658 3560 2879 3615 quoque
2909 3546 3201 3601 character
3237 3545 3291 3599 in
3336 3559 3450 3615 quo

1868 3640 2049 3710 signat
2082 3639 2248 3694 Deus.
2290 3641 2421 3694 Esto
2455 3655 2606 3702 vero,
2636 3638 2819 3709 inquit
2844 3639 3228 3695 adversarius:
3281 3638 3450 3693 Deum

1866 3731 2087 3802 quidem
2121 3742 2349 3787 sanctos
2395 3733 2731 3802 consignare
2760 3747 2859 3801 per
2893 3731 3091 3785 Filium
3134 3729 3451 3802 [Spiritum]

1869 3824 2185 3891 credimus;
2215 3833 2592 3879 verumtamen
2619 3839 2740 3893 quae
2767 3825 2865 3878 abs
2882 3831 2937 3878 te
2966 3831 3098 3879 sunt
3126 3822 3291 3875 allata
3314 3822 3452 3875 nihil

1870 3919 2034 3988 plane
2058 3918 2124 3971 ad
2150 3918 2491 3988 propositam
2521 3917 2883 3987 quaestionem
2907 3915 3154 3983 faciunt;
3191 3913 3453 3985 proinde-

1868 4023 1979 4078 que
2026 4023 2090 4063 ca
2128 4010 2311 4063 denuo
2355 4015 2688 4079 repetemus.
2727 4006 2980 4077 Sigillum
3024 4021 3055 4060 e
3088 4004 3260 4070 ferro,
3296 4006 3450 4060 verbi

1870 4102 2067 4172 gratia,
2090 4102 2176 4157 vel
2197 4117 2332 4157 auro
2349 4103 2433 4157 sui
2457 4100 2876 4156 similitudinem
2901 4100 2970 4154 iis
2993 4098 3159 4153 rebus
3184 4098 3453 4167 imprimit

1869 4208 1992 4263 quae
2032 4208 2099 4248 eo
2130 4194 2535 4264 insigniuntur,
2578 4193 2652 4245 ita
2695 4200 2879 4247 tamen
2908 4201 2969 4244 ut
3014 4190 3284 4260 suiipsius
3315 4189 3455 4244 nihil

1850 4287 2108 4352 'amittat,
2150 4286 2245 4341 sed
2296 4286 2416 4342 solo
2448 4285 2837 4355 impressionis
2879 4290 3008 4337 actu
3044 4298 3109 4338 ea
3155 4282 3212 4336 in
3246 4281 3455 4351 quibus

1869 4377 2141 4446 recipitur,
2176 4376 2441 4447 insigniat
2466 4393 2479 4430 :
2506 4376 2588 4430 sic
2621 4374 2985 4445 intelligimus
3020 4374 3297 4443 signatum
3326 4388 3454 4429 esse

1870 4485 1899 4524 a
1930 4469 2091 4525 Patre
2122 4467 2344 4531 Filium,
2378 4469 2584 4537 quippe
2610 4468 2704 4536 qui
2739 4466 2877 4519 nihil
2912 4466 3242 4522 substantiae
3275 4466 3455 4536 ipsius

180 4551 249 4605 ἂν
277 4550 510 4619 γένοιτο,
541 4552 888 4607 ἀποὸαλοῦσα
924 4554 1022 4623 μὲν
1053 4553 1112 4619 ἐξ
1156 4554 1353 4623 ἑαυτῆς
1391 4555 1562 4620 οὐδὲν,
1597 4555 1765 4625 μόνην

1872 4560 2093 4624 habeat,
2121 4560 2215 4615 sed
2252 4559 2365 4614 sola
2388 4565 2582 4612 exacta
2610 4554 2975 4610 similitudine
3003 4552 3242 4617 fruatur,
3272 4551 3453 4606 aliud-

177 4644 238 4696 δὲ
283 4643 407 4694 κατ’
448 4643 731 4714 ἐνέργειαν
763 4644 862 4715 τὴν
900 4646 964 4699 ὲκ
1004 4646 1098 4699 τοῦ
1135 4634 1557 4717 προστεθλῖςρθαι
1596 4663 1763 4699 κατα-

176 4734 522 4803 σημαίνουσα
543 4734 612 4787 τὰ
641 4735 906 4806 δεχόμενα
927 4755 940 4767 ·
970 4736 1113 4790 οὕτω
1146 4737 1372 4809 νοοῦμεν
1402 4738 1766 4808 ὲσφραγίσθαι

169 4826 331 4897 παρὰ
373 4825 470 4878 τοῦ
502 4827 712 4897 Πατρὸς
737 4827 827 4881 τὸν
855 4828 1003 4895 Υίὸν,
1034 4829 1186 4882 οὐδὲν
1215 4829 1408 4900 ὲχόντα
1442 4830 1544 4901 τῆς
1576 4830 1764 4892 οὐσίας

169 4916 365 4981 αὐτοῦ,
408 4917 794 4972 ἀπολαύσαντα
832 4920 889 4973 δὲ
930 4922 1095 4991 μόνης
1136 4922 1235 4992 τῆς
1276 4922 1536 4991 ἀκριϐοῦς
1562 4921 1763 4993 ὁμοιώ-

171 5024 337 5073 σεως,
371 5009 463 5060 καὶ
491 5008 678 5079 ἕτερόν
706 5026 761 5062 τι
795 5010 927 5081 παρ’
945 5011 1106 5065 αὐτὸν
1144 5011 1480 5082 ὑπάρχοντα,
1505 5013 1761 5084 καθάπερ

168 5100 364 5153 εἰκόνα
388 5100 525 5169 πρὸς
546 5101 608 5154 τὸ
640 5104 967 5174 ἀρχέτυπον.
987 5106 1051 5157 Ὦ
1074 5107 1372 5176 παρανοίας
1388 5107 1651 5179 ἀμέτρου,
1670 5108 1761 5160 καὶ

172 5193 559 5263 ῥιψοκινδύνου
585 5197 754 5267 φρονή
764 5198 964 5267 ματοςί
1002 5198 1091 5261 Ὧς
1116 5199 1355 5263 εὐκόλως
1372 5200 1634 5255 ἐπελάθου
1651 5200 1759 5253 τῶν

169 5283 302 5351 ἄρτι
338 5286 830 5356 γεγυμνασμένωνι
882 5290 1220 5361 Χαρακτῆρα
1253 5292 1352 5361 μὲν
1389 5292 1496 5363 γὰρ
1523 5292 1617 5346 τοῦ
1652 5294 1764 5346 Πα-

168 5378 303 5448 τρὸς
342 5378 434 5431 τὸν
464 5378 591 5432 Υἰὸν
618 5381 941 5453 εἰρήκαμεν,
973 5382 1371 5454 σφραγίζεσθαι
1412 5384 1468 5436 δὲ
1518 5385 1574 5438 ὲν
1615 5384 1764 5455 αὐτῷ

168 5470 236 5523 τὸ
279 5470 583 5543 ἀλλότριον,
621 5474 714 5527 καὶ
748 5476 849 5527 οὐκ
899 5475 1083 5541 αὐτὸν,
1116 5476 1203 5529 ἵνα
1240 5477 1314 5550 μὴ
1358 5478 1519 5541 αὐτὸς
1571 5478 1764 5532 ἑαυτοῦ

171 5566 352 5617 νοοῖτο
383 5567 691 5637 χαρακτήρ.
723 5567 796 5619 Σὺ
822 5566 880 5621 δὲ
913 5568 1044 5639 ἡμῖν
1072 5569 1173 5622 οὐκ
1200 5568 1378 5641 ὀρθῶς
1405 5571 1495 5625 τὸν
1528 5572 1622 5624 ἐπὶ
1652 5571 1769 5625 τού-

169 5672 291 5718 τοις
321 5653 694 5722 ἀπολακτίσας
725 5658 903 5728 λόγον,
935 5661 1102 5733 μόνην
1136 5661 1283 5733 αὐτῷ
1322 5661 1422 5733 τὴν
1462 5665 1581 5718 κατ’
1609 5663 1763 5734 ἐνέρ-

235 5834 283 5865 ⁷³
317 5828 463 5889 Psal.
505 5848 581 5903 tv,
607 5835 662 5892 7.

1795 4598 1842 4655 D

1874 4672 1981 4726 que
1998 4656 2066 4711 ab
2078 4653 2239 4726 303
2256 4654 2377 4725 ipso
2391 4652 2643 4717 exsistat,
2661 4664 2768 4705 non
2788 4662 2949 4705 secus
2966 4661 3031 4702 ac
3044 4648 3223 4716 imago
3242 4644 3454 4699 ratione

1870 4746 2173 4817 archetypi.
2204 4743 2249 4799 0
2293 4745 2533 4797 furorem
2576 4742 2895 4805 immanem,
2922 4753 2987 4792 ac
3015 4751 3261 4807 praeceps
3300 4735 3453 4806 judi-

1866 4838 2043 4891 cium!
2080 4836 2253 4901 Quam
2298 4835 2460 4889 facile
2514 4834 2719 4889 oblitus
2766 4848 2828 4887 es
2879 4844 3069 4885 eorum
3117 4843 3239 4897 quae
3289 4825 3453 4881 modo

1867 4928 2169 4998 disceptata
2191 4928 2350 4981 sunt!
2372 4925 2763 4979 Characterem
2798 4922 3001 4978 etenim
3043 4918 3220 4974 Patris
3251 4917 3450 4971 Filium

1865 5037 1989 5076 esse
2005 5019 2492 5087 diximus;signari
2515 5032 2647 5071 vero
2669 5017 2725 5069 in
2747 5017 2865 5085 ipso
2886 5013 3091 5084 aliquid
3114 5012 3354 5067 alienum
3388 5023 3453 5062 ac

1867 5126 1978 5166 non
2013 5109 2220 5180 ipsum,
2257 5122 2325 5161 ne
2364 5108 2483 5176 ipse
2523 5106 2789 5175 suiipsius
2819 5103 3111 5157 character
3135 5110 3448 5155 censeatur.

1868 5203 1951 5259 Tu
2001 5209 2185 5256 autem
2234 5212 2520 5270 perperam
2565 5197 2635 5251 iis
2692 5194 3017 5264 repudiatis,
3072 5192 3246 5247 sdlam
3286 5189 3337 5244 ei
3394 5189 3451 5243 in

1862 5295 2072 5368 agendo
2105 5291 2525 5349 similitudinem
2563 5289 2818 5360 aflingere
2846 5302 2954 5341 non
2976 5284 3203 5340 vereris.
3227 5282 3285 5337 In
3314 5282 3447 5338 solis

1862 5403 1992 5459 ergo
2034 5384 2451 5442 characteribus
2491 5380 2637 5438 Deus
2669 5381 2793 5444 erit,
2825 5393 2893 5434 ex
2932 5385 3116 5432 vestra
3151 5374 3444 5436 sententia,

1863 5480 2055 5545 Filius,
2083 5486 2138 5535 et
2158 5485 2358 5532 natura
2383 5474 2606 5546 quidem
2631 5471 2978 5542 neutiquam,
2996 5469 3090 5525 sed
3117 5468 3174 5524 in
3205 5483 3270 5522 eo
3298 5468 3446 5537 quod

1864 5580 2015 5629 recte
2047 5569 2319 5626 formatus
2354 5578 2409 5625 et
2447 5566 2676 5622 etfectus
2725 5570 2812 5621 est
2862 5561 3132 5617 duntaxat
3176 5559 3244 5613 ad
3284 5558 3454 5614 Geni-

1870 5663 2006 5720 toris
2043 5659 2299 5735 efﬁgiem.
2353 5656 2459 5716 Sed
2509 5672 2581 5714 ne
2614 5655 2801 5714 forsan
2847 5653 3069 5724 quidem
3116 5649 3446 5707 Genitoris:
