4206 6510
237 403 343 461 689

1234 413 1297 468 ΙΝ
1331 411 1623 472 JOANNIS
1662 410 2119 470 EVAMSELIUM
2158 409 2285 467 LIB.
2314 410 2402 466 lll.

3408 409 3513 467 490

240 524 408 594 μόνην
456 526 555 595 τὴν
610 531 971 599 ταυτοεργίαν
1024 532 1104 595 εἰς
1158 535 1417 606 ὁμοίωσιν
1468 538 1824 592 ἀναϐαίνοντα

1932 544 2049 589 tum
2100 551 2159 590 se
2205 550 2237 588 a
2290 541 2443 587 recto
2477 531 2756 596 deerrare,
2782 530 2914 585 dum
2943 544 3068 585 eum
3096 530 3190 599 qui
3225 526 3374 585 Deus
3401 544 3511 585 uou

234 615 315 685 τῷ
346 618 519 687 Πατρὶ
568 619 660 673 τὸν
703 620 851 687 Υίὸν,
882 623 977 677 καὶ
1015 625 1299 699 ὐποδάθρᾳ
1329 630 1428 698 μὲν
1467 631 1568 681 οὐκ
1610 632 1826 700 ἐρηρει-

238 710 434 777 σςιένον
465 714 689 781 φυσικῇ,
736 714 796 766 ἐν
838 714 894 767 δὲ
931 715 1121 785 μόναις
1161 723 1281 781 ταῖς
1319 721 1378 785 ἐξ
1422 722 1638 774 οἰκείων
1668 719 1825 791 θελη-

235 802 426 868 μάτων
456 804 648 872 ῥοπαῖς
680 803 777 875 τὴν
819 806 1123 875 ἀσφάλειαν
1155 810 1368 881 ἔχοντα,
1411 812 1701 882 ὑπομεῖναι
1732 811 1827 863 καὶ

232 894 463 965 τροπὴν,
507 895 539 965 ἢ
591 894 691 951 κᾶν
746 897 819 968 μὴ
870 898 1033 953 πάθοι
1081 903 1452 974 προαιρέσεως
1494 905 1825 973 ἀξιαγάστου

234 985 446 1053 καρπὸν
476 988 699 1057 εὑρήσει
736 989 797 1041 τὸ
826 989 900 1061 μὴ
934 990 1147 1056 παθεῖν,
1179 994 1274 1047 xa‘t
1302 996 1364 1048 οὐ
1389 997 1625 1065 ςυσικῆς
1652 996 1827 1064 ἀσφα-

233 1074 383 1138 λείας
417 1078 739 1150 ἑδραιότητα
770 1082 969 1151 μᾶλλον
1018 1085 1094 1148 ὼς
1129 1086 1282 1149 Θεός.
1320 1087 1386 1140 Τί
1424 1083 1537 1149 οῦν,
1571 1082 1617 1141 ὧ
1651 1086 1826 1157 βέλτι-

234 1183 385 1231 στοι,
443 1169 666 1237 γέγονεν
716 1174 849 1243 ἡμῖν
903 1176 1089 1230 οὐκέτι
1133 1176 1267 1241 Θεὸς
1315 1181 1433 1231 κατ’
1490 1179 1749 1249 ἀλήθειαν
1799 1182 1829 1233 ό

234 1261 400 1327 Υἱός;
428 1265 539 1316 Καὶ
587 1266 635 1317 εί
686 1266 809 1320 καθ’
841 1267 985 1339 ὑμᾶς
1029 1270 1203 1334 οὕτως
1244 1271 1382 1341 ἔχων
1437 1270 1725 1337 ἁλώσεται,
1774 1273 1826 1327 τί

232 1352 653 1423 προσκυνοῦμεν
701 1356 883 1426 αὐτῷ;
920 1358 1061 1412 διατι
1108 1358 1165 1412 δὲ
1211 1360 1291 1430 τῷ
1330 1360 1451 1432 Θεῴ
1506 1362 1603 1415 καὶ
1649 1363 1827 1435 Πατρὶ

233 1443 655 1511 συνδοξάζεται;
699 1448 751 1500 τί
794 1448 851 1502 δὲ
898 1450 993 1503 καὶ
1038 1453 1160 1515 ταῖς
1206 1452 1468 1507 ἀνωτάτω
1508 1454 1819 1526 δυνάμεσιν,

230 1536 307 1598 ὡς
348 1536 481 1600 Θεὸς
521 1538 833 1609 ἐποχεῖται;
877 1542 1173 1613 Ἦγνόησεν
1215 1544 1325 1616 ἄρα
1357 1544 1475 1617 μεθ’
1522 1547 1683 1618 ἡμῶν
1732 1550 1827 1603 καὶ

230 1628 372 1680 αὐτά
414 1632 484 1681 τά
535 1630 669 1698 ἆγια
717 1632 988 1703 Σεραφὶμ,
1040 1635 1125 1688 ὅτι
1183 1636 1320 1689 πολὺ
1368 1636 1462 1691 τοῦ
1526 1639 1829 1709 πρέποντος

229 1722 667 1788 ἀποσφάλλεται,
722 1724 815 1776 τὸν
871 1725 973 1779 οὐκ
1024 1727 1153 1780 ὄντα
1207 1728 1352 1782 κατά
1406 1734 1568 1799 φυσιν
1614 1730 1827 1795 δοξολο-

228 1811 433 1878 γοῦντα
480 1812 632 1867 Θεόν.
682 1814 957 1869 Πλανᾶται
992 1815 1068 1881 δέ,
1112 1817 1252 1871 κατά
1302 1819 1362 1871 τὸ
1404 1819 1571 1884 εἰκὸς,
1621 1820 1826 1891 Κύριον

1928 635 2016 681 est
2064 633 2261 679 natura
2317 624 2649 694 glorilicant.
2711 620 2910 675 Errant
2960 635 3114 683 vero,
3169 627 3229 675 ut
3278 619 3513 687 videtur,

1930 717 2062 771 dum
2113 730 2243 773 eum
2283 715 2577 770 Dominum
2613 713 2854 768 Sabaoth
2889 714 3197 781 nominant,
3226 716 3322 783 qui
3355 728 3512 770 eum-

1931 809 2054 863 dem
2093 823 2219 864 cum
2248 808 2390 879 ipsis
2434 808 2700 863 honorem
2748 806 2985 864 obtinet.
3027 805 3307 877 Numquid
3362 808 3512 864 enim

1930 912 2246 954 asseremus
2282 913 2571 968 supremas
2598 913 2818 970 quoque
2835 896 3105 963 Virtutes,
3134 897 3510 970 Principatus,

1931 988 2209 1053 Thronos,
2245 990 2581 1058 Potestates,
2627 998 2792 1060 atque
2841 988 3253 1047 nominationes
3301 992 3356 1046 id
3411 993 3514 1047 im-

1928 1082 2124 1152 primis
2156 1096 2379 1149 curare,
2411 1091 2491 1146 ut,
2522 1083 2707 1154 quoad
2741 1082 2866 1152 ejus
2891 1089 2998 1148 est,
3036 1082 3147 1139 Deo
3192 1082 3514 1139 conformes

1929 1172 2365 1229 evadautiNam
2415 1175 2463 1229 si
2496 1174 2761 1243 pusillum
2809 1174 2943 1229 illud
2972 1174 3043 1231 de
3090 1184 3237 1230 terra
3285 1176 3513 1239 animal,

1928 1265 2096 1319 homo
2133 1265 2421 1332 nimirum,
2468 1272 2623 1318 tanta
2655 1264 3065 1334 pulchritudine
3096 1275 3359 1320 ornatum
3405 1275 3514 1326 est.

1929 1371 2030 1411 cur
2090 1372 2204 1412 non
2254 1358 2429 1412 multo
2473 1357 2956 1427 praestantioribus
3015 1359 3289 1413 creaturis
3342 1360 3519 1413 multo

1928 1450 2145 1518 potiora
2166 1450 2516 1507 tribuamus?
2542 1448 2827 1515 Quomodo
2847 1450 3013 1521 igitur
3031 1450 3212 1521 ipsum
3249 1457 3305 1505 et
3332 1448 3518 1505 Domi-

1926 1554 2059 1592 num
2081 1538 2321 1593 Sabaoth
2352 1544 2661 1603 nominant,
2686 1547 2741 1594 et
2761 1539 3059 1594 satellitum
3088 1553 3242 1594 more
3275 1538 3516 1593 circum-

1927 1636 2112 1694 stant,
2163 1644 2264 1685 ceu
2312 1628 2449 1701 Regi
2499 1628 2878 1686 universitatis
2932 1628 3298 1686 famulantes?
3338 1630 3514 1696 Quam

1925 1723 1998 1777 ob
2019 1736 2246 1778 causam
2275 1736 2408 1777 vero
2432 1722 2537 1792 ipsi
2567 1737 2788 1793 quoque
2811 1720 2986 1785 Patri,
3012 1722 3179 1792 idque
3214 1738 3244 1775 a
3274 1723 3511 1785 dextris,

1928 1813 2155 1877 assidet,
2198 1828 2399 1884 servus
2439 1812 2689 1877 domino,
2726 1813 2966 1868 creatori
3016 1815 3305 1869 creatura?
3341 1815 3516 1869 Num-

229 1902 459 1956 Σαϐαὼθ
492 1903 823 1973 ὀνομάζοντα
854 1907 948 1960 τὸν
989 1911 1102 1972 τοῖς
1152 1908 1287 1972 ῐσοις
1328 1911 1714 1980 τετιμημένον.
1751 1913 1822 1966 Ἢ

1930 1905 2062 1976 quid
2105 1905 2253 1960 enim
2301 1906 2441 1960 citra
2494 1904 2740 1960 laborem
2806 1905 3034 1976 vigilare
3094 1912 3155 1960 et
3206 1907 3516 1961 mutatione

226 1994 343 2064 γὰρ
368 1995 468 2047 οὐκ
499 1995 751 2066 ἐροῦμεν,
777 1998 872 2051 καὶ
919 1997 1019 2061 τάς
1070 2000 1333 2054 ἀνωτάτω
1377 2001 1658 2072 δυνάμεις,
1703 2002 1826 2074 Ἀρ-

228 2088 336 2155 χάς
372 2104 431 2139 τε
474 2088 568 2140 καὶ
605 2088 859 2159 Θρόνους,
890 2089 989 2143 καὶ
1028 2089 1327 2157 Ἐξουσίας,
1357 2090 1455 2146 καὶ
1480 2092 1826 2165 Κυριότητας

230 2180 591 2250 συμμόρφους
636 2181 865 2248 ὁρᾶσθαι
908 2182 1231 2246 σπουδάζειν
1267 2185 1410 2239 κατά
1448 2185 1511 2237 τὸ
1547 2186 1825 2258 ἐγχωροῦν

226 2271 312 2342 τῷ
362 2272 519 2343 Θεῷ;
568 2276 632 2327 Εἰ
681 2274 790 2345 γὰρ
836 2274 897 2327 τὸ
939 2275 1002 2327 ἐκ
1040 2275 1145 2345 γῆς
1175 2276 1371 2346 μικρὸν
1395 2274 1540 2331 οὕτω
1563 2275 1720 2341 ζῶον,
1751 2278 1841 2340 ὼς“

228 2364 371 2435 πρὸς
406 2365 625 2437 ἐκείνην
671 2366 772 2435 τὴν
818 2365 1015 2429 κτίσιν,
1060 2365 1209 2436 φημὶ
1262 2366 1328 2437 δὴ
1376 2366 1469 2420 τὸν
1513 2365 1822 2436 ἄνθρωπον,

227 2456 312 2527 τῷ
340 2458 567 2528 τοιούτῳ
609 2459 795 2512 κάλλει
837 2458 1149 2528 τετίμηται,
1203 2461 1355 2513 ποῖον
1398 2458 1512 2529 ἔχει
1555 2457 1712 2526 λόγον
1748 2457 1823 2529 μὴ

1932 2016 2124 2057 carere
2170 2000 2332 2071 305
2389 2003 2664 2057 creaturis
2728 2000 3037 2057 tribuemus
3084 2002 3269 2070 potius
3346 2017 3512 2073 quam

1933 2092 2046 2148 Deo
2093 2091 2398 2148 secundum
2440 2090 2833 2155 substantiam,
2866 2091 2962 2160 qui
2992 2090 3319 2145 naturaliter
3348 2090 3515 2144 habet

1934 2191 1995 2239 ut
2040 2198 2149 2239 non
2216 2183 2394 2253 possit
2444 2183 2597 2254 pati?
2650 2184 2818 2253 Atqui
2881 2183 2966 2237 vel
3030 2182 3344 2238 tacentibus
3405 2180 3514 2236 illis

1934 2276 2140 2330 nomini
2195 2290 2307 2330 non
2359 2284 2446 2331 est
2500 2275 2875 2333 manifestum.
2911 2275 3046 2343 Quis
3088 2276 3284 2330 horum
3337 2289 3515 2346 nugas

1933 2366 2103 2437 igitur
2138 2367 2281 2422 ultra
2317 2366 2476 2432 feret,
2506 2370 2602 2423 aut
2632 2366 2910 2437 quomodo
2943 2383 3054 2422 non
3079 2367 3205 2437 jure
3238 2366 3465 2423 audient
3496 2387 3510 2422 :

1936 2477 1954 2510 ε
2000 2458 2114 2525 Vae,
2147 2461 2241 2530 qui
2277 2460 2485 2530 absque
2514 2460 2644 2515 vino
2678 2460 3030 2517 inebriamini
3060 2460 3149 2515 "2
3194 2479 3212 2512 ι

224 2554 354 2624 οὐχὶ
386 2552 600 2613 πάντως
644 2552 872 2618 οἴεσθαι,
906 2552 1001 2606 καὶ
1050 2551 1185 2607 πολὺ
1234 2551 1343 2606 τῶν
1389 2553 1447 2605 ἐν
1496 2554 1628 2623 ἡμῖν
1660 2552 1927 2623 ἀμείνοσι.
1993 2555 2062 2608 τά
2125 2556 2261 2609 πολύ
2335 2554 2607 2610 τεθεῖσθαι
2644 2558 2958 2629 κρείττονα;
3002 2558 3126 2622 HGs;
3167 2553 3262 2613 οὖν
3327 2555 3512 2623 αὐτὸν,

228 2650 331 2702 καὶ
395 2647 597 2718 Κύριον
643 2645 870 2701 Σαόαὼθ
918 2648 1264 2719 ὀνομάζουσι,
1335 2646 1430 2699 καὶ
1476 2646 1534 2699 ἐν
1577 2645 1891 2718 δορυφόρων
1925 2646 2077 2712 τάξει
2123 2651 2483 2719 περιεστᾶσι,
2530 2648 2785 2720 καθάπερ
2835 2648 2916 2720 τῷ
2964 2650 3190 2720 βασιλεῖ»
3227 2650 3337 2705 τῶν
3378 2652 3515 2709 δλων

230 2741 694 2812 ὑπηρετούμενα;
721 2740 885 2794 Ὀτου
917 2740 974 2793 δέ
999 2741 1182 2811 χάριν,
1213 2740 1309 2795 καὶ
1356 2740 1505 2812 αὐτῷ
1547 2741 1856 2813 συνεδρεύει
1892 2740 1972 2811 τῷ
2003 2742 2200 2812 Πατρὶ,
2234 2741 2329 2796 καὶ
2352 2741 2510 2795 τοῦτο
2531 2744 2596 2795 ἐκ
2616 2741 2828 2809 δεξιῶν,
2850 2743 2913 2796 τὸ
2948 2742 3133 2798 δοῦλον
3160 2743 3239 2813 τῷ
3257 2744 3513 2818 δεσπότῃ,

230 2834 315 2905 τῷ
354 2834 677 2904 πεποιηκότι
703 2835 762 2887 τὸ
796 2836 1048 2906 ποίημα;
1080 2820 1162 2889 Ἦ
1190 2836 1300 2907 γὰρ
1327 2835 1452 2907 οὐχὶ
1530 2840 1646 2901 τοῖς
1715 2840 2017 2906 γεννητοῖς,
2077 2837 2174 2891 καὶ
2217 2837 2573 2910 γρηγόρσεως
2626 2838 2838 2902 ἀπαθὲς
2863 2880 2878 2907 ,
2956 2840 3051 2893 καὶ
3100 2840 3518 2914 ἀπαραποίητον

234 2933 442 3004 μᾶλλον
482 2931 547 2985 ἂν
586 2931 773 3004 πρέπῃ
801 2932 1120 3002 προσάγειν,
1156 2931 1191 3002 ἢ
1220 2929 1297 3001 τῷ
1337 2932 1458 2984 κατ’
1489 2932 1675 2984 οὐσίαν
1701 2930 1823 3001 Θεῷ
1861 2933 2106 3001 φυσικῶς
2151 2932 2327 3003 ἔχοντι
2370 2930 2434 2986 τὸ
2469 2932 2547 3005 μὴ
2593 2932 2853 2988 δύνασθαι
2898 2933 3119 3001 «aestv;
3195 2936 3337 2991 Ἀλλ’
3398 2937 3518 2994 εστι

227 3027 416 3093 δῆλον,
481 3025 585 3080 κᾶν
622 3028 818 3079 ἐκεῖνοι
861 3025 937 3096 μὴ
979 3025 1200 3092 λέγωσι.
1274 3024 1371 3089 Τίς
1411 3021 1506 3079 οὖν
1552 3024 1634 3080 ἔτι
1682 3024 1887 3081 τούτων
1923 3024 2231 3098 ληρούντων
2251 3025 2519 3093 ἀνέξεται,
2541 3025 2577 3099 ἢ
2608 3024 2727 3091 πῶς
2755 3026 2857 3081 οὐκ
2887 3026 3125 3099 εὐλόγως
3155 3029 3512 3085 ἀκούσονται·

238 3142 257 3169 ι
283 3120 442 3183 υύαἲ,
468 3121 515 3171 οἱ
551 3118 839 3188 μεθύοντες
869 3112 996 3172 ἄνετ)
1022 3119 1201 3184 οἵνου;
1234 3138 1252 3170 ι

322 3213 461 3263 Ἀλλ’
492 3210 623 3275 ἴσως
650 3211 1134 3282 δυσωπηθήσονται
1169 3213 1267 3283 μὲν
1300 3213 1400 3277 τὰς
1426 3216 1490 3268 ἐκ
1515 3214 1624 3267 τῶν
1644 3210 1823 3267 τοιού-

1995 3209 2106 3265 Sed
2152 3208 2339 3266 forsan
2373 3219 2649 3269 tantarum
2692 3224 2790 3265 eos
2818 3211 3229 3267 absurditatum
3262 3215 3515 3284 pudebit,

227 3323 345 3357 των
368 3303 745 3373 συλλογισμῶν
790 3304 1041 3367 ἀτοπίας,
1076 3304 1163 3357 ἐπ’
1185 3304 1361 3357 ἐκεῖνο
1392 3304 1450 3357 δὲ
1495 3304 1826 3374 βαδιοῦνται,

232 3398 335 3449 καὶ
355 3394 839 3465 κατασεσημάνθαι
865 3396 964 3464 μὲν
995 3395 1147 3465 παρὰ
1179 3395 1275 3449 τοῦ
1295 3397 1510 3467 Πατρὸς
1526 3398 1605 3459 εἰς
1624 3397 1796 3467 ὁμοίω
1812 3424 1829 3438 ο

232 3506 326 3542 σιν
350 3486 751 3559 ἀκριϐεστάτην
777 3487 960 3556 ἐροῦσι
1006 3487 1097 3539 τὸν
1125 3487 1276 3553 Υίὸν,
1307 3490 1365 3541 ἐν
1390 3489 1643 3560 ἀτρέπτῳ
1669 3489 1712 3540 δ’
1736 3484 1829 3541 οὖν

229 3583 387 3650 ὅμως
434 3574 574 3633 εἶναι
608 3582 673 3650 τῇ
721 3579 916 3648 φύσει,
946 3581 1043 3633 καὶ
1077 3582 1126 3633 εἰ
1180 3582 1253 3653 μὴ
1289 3581 1436 3635 ἐστιν
1483 3584 1547 3634 ἐκ
1591 3580 1825 3651 Πατρός.

230 3668 376 3729 Εἶτα
406 3672 543 3735 πῶς,
582 3672 701 3724 εἱπέ
758 3688 870 3742 μοι,
917 3674 979 3724 τὸ
1031 3672 1107 3744 μὴ
1156 3675 1220 3727 ἐκ
1266 3672 1402 3726 Θεοῦ
1455 3673 1595 3727 κατά
1642 3671 1827 3742 φύσιν,

230 3765 461 3836 φορέσει
490 3764 551 3817 τὸ
589 3764 719 3818 ῐδιον
766 3764 931 3819 αὐτοῦ
960 3782 973 3796 ⁶
1007 3767 1102 3819 καὶ
1147 3764 1257 3820 τῶν
1284 3769 1382 3838 τῆς
1431 3766 1583 3830 θείας
1640 3766 1829 3831 οὐσίας

230 3858 726 3928 πλεονεκτημάτων
748 3859 848 3913 οὐκ
877 3858 1142 3931 ἁμοιροῦν
1161 3858 1434 3922 οὐσιωδῶς
1448 3858 1824 3930 εὑρεθήσεται,

229 3952 298 4005 τὸ
327 3951 404 4022 μὴ
430 3952 487 4016 ἐξ
512 3951 682 4021 αὐτῆς
711 3951 973 4022 προελθὸν
1012 3951 1275 4017 κατάτδν
1295 3951 1470 4022 ἀληθῆ
1500 3953 1597 4023 τῆς
1636 3953 1829 4021 γεννή-

232 4059 378 4105 σεως
401 4042 627 4114 τρόπονς
655 4044 811 4095 Ἔστι
845 4042 975 4113 γὰρ,
1010 4039 1186 4113 οἶμαι,
1220 4042 1385 4096 παντί
1404 4059 1485 4113 τῳ
1517 4043 1688 4112 σαφὲς
1732 4043 1829 4097 καὶ

230 4132 689 4204 ὁμολογούμενον,
714 4134 788 4197 ὡς
821 4133 997 4189 ἄδατα
1032 4134 1309 4198 παντελῶς
1339 4134 1407 4188 τὰ
1444 4134 1545 4205 τῆς
1577 4134 1828 4205 θεότητος

234 4227 348 4279 ἴδια
376 4229 443 4296 τῇ
466 4227 809 4298 πεποιημένῃ
855 4227 1050 4293 κτίσει,
1084 4228 1178 4281 καὶ
1216 4227 1285 4281 τὰ
1332 4226 1515 4299 ἐκείνῃ
1560 4228 1827 4295 προσόντα

232 4318 485 4386 φυσικῶς
522 4319 620 4371 οὐκ
646 4317 711 4371 ἂν
742 4319 950 4386 γένοιτό
976 4335 1107 4372 ποτε
1142 4321 1271 4391 παρ’
1298 4320 1470 4392 ἐτέρῳ
1511 4318 1622 4372 τῶν
1658 4320 1825 4373 ὄντων

230 4408 385 4474 τινὶ,
416 4408 556 4461 κατά
592 4408 683 4461 τὸν
728 4409 842 4463 τσον
888 4426 946 4461 τε
990 4410 1083 4463 καὶ
1130 4409 1552 4480 ἀπαράλλακτον
1588 4408 1787 4479 τρόπον

231 4495 353 4554 οἷον
405 4500 465 4553 τὸ
521 4501 787 4571 ἄτρεπτον
834 4504 893 4555 ἐν
934 4501 1051 4573 Θεῷ
1107 4502 1390 4571 φυσικῶς,
1424 4501 1567 4557 οὕτω
1627 4502 1684 4555 δὲ
1731 4504 1825 4555 καὶ

231 4594 375 4661 ἡμῖν
441 4592 725 4662 οὐδαμῶς,
775 4592 1046 4660 ἀσφάλεια
1115 4593 1173 4646 δέ
1229 4609 1312 4657 τις
1359 4594 1506 4663 ἡμᾶς
1557 4593 1631 4657 ὡς
1688 4593 1823 4662 πρὸς

234 4682 376 4735 αὐτὸ
424 4684 746 4752 σχηματίζει
809 4682 896 4737 διά
961 4685 1274 4756 προσοχῆς,
1307 4686 1402 4738 καὶ
1453 4684 1688 4755 νήψεως,
1735 4683 1821 4752 ἐφ’

231 4773 272 4828 ἃ
329 4772 404 4843 μὴ
458 4776 755 4845 προσῆκεν,
794 4778 895 4829 οὐκ
942 4776 1313 4847 ἐπιτρέπουσα
1373 4777 1679 4848 προχείρως
1725 4793 1824 4847 με-

230 4863 645 4929 ταϐιϐάζεσθαι.
688 4868 751 4919 Εἰ
808 4867 866 4920 δὲ
909 4866 1046 4929 ὅλως
1092 4867 1363 4938 ἐνδέχεταί
1411 4886 1464 4922 τι
1521 4868 1641 4922 κατ’
1672 4871 1819 4922 ἐκει-

231 4972 366 5018 νους
414 4957 524 5009 τῶν
558 4956 755 5011 θεῖκῶν
806 4958 1112 5029 ἰδιωμάτων
1172 4961 1500 5032 ἐνυπάρχειν
1556 4962 1664 5015 τινὶ
1712 4960 1822 5014 τῶν

229 5051 339 5104 οὐκ
400 5050 460 5115 ἐξ
510 5052 681 5123 αὐτῆς
738 5054 859 5105 κατ’
908 5052 1132 5117 οὐσίαν,
1167 5055 1261 5108 καὶ
1313 5054 1485 5119 οὕτως
1528 5054 1821 5126 ἐνυπάρξει

232 5142 492 5213 καθάπερ
535 5142 704 5213 αὐτῇ,
739 5144 793 5197 τί
833 5145 894 5199 τὸ
926 5145 1154 5209 κωλύον,
1192 5147 1312 5200 εἶπέ
1366 5166 1488 5218 μοι,
1535 5148 1628 5201 καὶ
1679 5148 1820 5202 πάν-

230 5248 306 5284 τα
363 5230 433 5281 τὰ
478 5229 755 5302 θεοπρεπῆ
802 5233 989 5287 λοιπὸν
1048 5240 1388 5308 καταχωρείν
1441 5237 1562 5309 ἤδη,
1611 5238 1706 5291 καὶ
1762 5239 1821 5291 ἐν

228 5325 349 5384 τοῖς
399 5321 474 5392 μὴ
520 5322 824 5393 ὑπάρχουσι
882 5325 1023 5379 κατά
1082 5327 1242 5397 φύσιν
1290 5328 1469 5394 θεοῖς;
1521 5328 1667 5393 Ἐνδς
1712 5332 1821 5401 γὰρ

227 5415 374 5477 ὅλως
414 5414 800 5478 άδιακωλύτως
824 5421 1205 5490 χωρήσαντος,
1229 5420 1322 5473 τοῦ
1353 5421 1621 5491 ἀτρέπτου
1653 5423 1818 5493 φημὶ,

226 5506 401 5559 τόπον
429 5504 540 5569 ἔξει
584 5506 677 5558 καὶ
722 5506 789 5559 τὰ
817 5507 999 5565 λοιπά.
1044 5511 1153 5562 Kal
1196 5511 1249 5563 τί
1270 5510 1331 5564 τὸ
1356 5511 1642 5579 ἐντεῦθεν;
1680 5513 1819 5581 Συγ-

229 5598 466 5665 κέχυται
521 5595 582 5648 τὸ
637 5600 746 5651 πᾶν
794 5602 945 5669 ἡμῖν.
996 5602 1065 5654 Ἢ
1112 5603 1221 5673 γὰρ
1274 5604 1396 5673 οὐχὶ
1448 5603 1516 5656 τά
1569 5603 1666 5674 μὲν
1710 5603 1822 5658 ἀνω

222 5695 472 5761 χωρήσει
508 5690 655 5742 κάτω
680 5732 694 5754 ,
724 5692 1054 5762 ἀναϐήσεται
1079 5694 1134 5746 δὲ
1186 5696 1322 5766 πρὸς
1349 5696 1441 5749 τὸν
1486 5696 1599 5751 ἄνω
1650 5696 1813 5750 τόπον

295 5868 471 5924 "15a.
509 5884 662 5935 ms,
691 5868 744 5922 8.

563 5963 833 6025 ΡΑτιιοι..
868 5959 984 6020 (in.
1010 5958 1286 6021 LXXIII.

1931 3310 1986 3356 et
2036 3301 2146 3356 alio
2193 3317 2255 3357 se
2292 3301 2597 3367 conferent,
2630 3303 2926 3373 dicentque
2973 3302 3172 3359 Filium
3233 3305 3516 3377 signatum

1931 3407 2057 3447 esse
2086 3409 2114 3445 a
2135 3390 2295 3447 Patre
2327 3392 2382 3446 in
2414 3392 2875 3462 perfectissimam
2907 3394 3328 3452 similitudinem
3362 3416 3375 3453 :
3413 3398 3519 3454 im-

1931 3485 2183 3539 mutabili
2215 3493 2397 3541 tamen
2430 3485 2718 3555 praeditum
2754 3501 2877 3542 esse
2911 3499 3129 3552 natura,
3158 3491 3377 3546 tametsi
3404 3507 3517 3547 non

1930 3590 2013 3635 est
2041 3595 2106 3635 ex
2143 3580 2325 3636 Patre.
2361 3581 2431 3634 At
2459 3581 2758 3652 quomodo,
2789 3572 2995 3652 quaso,
3028 3583 3085 3638 id
3111 3586 3261 3656 quod
3306 3601 3373 3642 ex
3405 3586 3518 3643 Deo

1931 3686 2039 3725 non
2097 3681 2185 3727 est
2249 3672 2557 3728 secundum
2616 3684 2910 3739 naturam,
2968 3674 3059 3732 Dei
3122 3678 3517 3748 praprietatem

1931 3765 2173 3837 gestabit
2200 3782 2214 3818 :
2246 3773 2301 3820 et
2329 3765 2476 3835 quod
2507 3781 2575 3821 ex
2614 3766 2738 3836 ipso
2767 3780 2901 3822 vero
2935 3770 3310 3837 generationis
3350 3772 3516 3825 modo

1932 3873 2043 3913 non
2100 3859 2759 3928 process‘it,‘substantiae
2820 3859 3023 3915 divinae
3083 3862 3515 3932 proprietatibus

1933 3960 2043 3999 non
2085 3960 2278 4001 carere
2327 3946 2734 4017 comperietur?
2762 3947 2979 4004 Nemini
3037 3950 3238 4021 quippe
3282 3950 3514 4007 dubium

1930 4044 2039 4101 est,
2074 4037 2296 4092 deitatis
2341 4041 2710 4109 proprietates
2758 4050 3027 4097 creatura:
3060 4058 3292 4114 prorsus
3341 4046 3514 4100 intor-

1931 4131 2117 4185 clusas
2147 4146 2290 4195 esse,
2313 4137 2367 4185 et
2398 4146 2520 4201 qua:
2545 4131 2622 4185 illi
2653 4133 2983 4188 naturaliter
3013 4133 3225 4200 insunt,
3261 4136 3319 4191 in
3356 4137 3512 4194 nullo

1930 4220 2040 4275 alio‘
2081 4234 2206 4276 esse
2249 4235 2435 4291 posse,
2473 4221 2669 4290 aequali
2713 4229 2769 4277 et
2810 4222 3002 4279 eadem
3050 4225 3210 4294 plane
3244 4226 3507 4287 ratione:

1929 4312 2391 4383 quemadmodum
2441 4314 2861 4370 immutabilitas
2908 4315 2964 4370 in
3004 4314 3117 4371 Deo
3154 4325 3240 4373 est
3278 4327 3510 4377 natura-

1930 4405 2074 4468 liter,
2118 4404 2372 4463 innobis
2413 4418 2523 4459 non
2561 4405 2712 4468 item,
2756 4406 2855 4461 sed
2905 4422 3006 4476 per
3047 4409 3406 4467 attentionem
3453 4422 3510 4467 et

1930 4497 2283 4551 sobrietatem
2320 4510 2443 4566 quae
2470 4510 2575 4552 nos
2612 4497 2679 4551 ad
2719 4513 2785 4553 ea
2833 4513 2955 4568 qua:
2984 4502 3169 4558 minus
3197 4512 3347 4560 recta
3377 4516 3511 4561 sunt

1931 4602 2095 4642 ruere
2126 4593 2236 4641 non
2288 4587 2443 4649 sinit.
2477 4587 2545 4642 ad
2579 4602 2701 4643 eam
2749 4588 3159 4659 quodammodo
3194 4594 3510 4651 conforrna-

1930 4692 2079 4734 mur.
2117 4677 2272 4744 Quod
2310 4679 2379 4741 si.
2414 4695 2479 4734 ex
2528 4694 2720 4735 eorum
2778 4683 3078 4749 sententia,
3115 4684 3231 4739 ﬁeri
3280 4690 3509 4743 omnino

1929 4778 2112 4842 potest
2162 4781 2221 4826 ut
2264 4770 2451 4826 divina
2492 4774 2740 4843 quaedam
2794 4776 3101 4845 proprietas
3152 4777 3285 4834 insit
3339 4782 3507 4837 alicui

1929 4880 2121 4919 eorum
2160 4864 2255 4933 qui
2302 4880 2413 4919 non
2456 4874 2586 4921 sunt
2634 4882 2698 4921 ex
2735 4869 2851 4935 ipsa
2891 4869 3193 4924 secundum
3243 4871 3507 4930 substan-

1929 4957 2086 5019 tiam,
2120 4966 2285 5026 atque
2341 4956 2416 5010 ita
2461 4957 2513 5011 ei
2574 4958 2981 5027 quodammodo
3034 4961 3344 5032 inexsistat,
3375 4966 3508 5037 quid

1929 5046 2265 5117 prohibebit,
2322 5047 2578 5111 obsecro,
2642 5051 2939 5117 quominus
2991 5055 3176 5109 omnia
3220 5071 3343 5125 quae
3397 5056 3510 5114 Deo

1931 5137 2265 5193 conveniunt
2319 5137 2500 5192 locum
2534 5140 2698 5192 etiam
2755 5139 2991 5196 habeant
3039 5142 3095 5197 in
3155 5144 3224 5201 iis
3255 5148 3350 5218 qui
3399 5164 3510 5205 non

1932 5236 2061 5285 sunt
2096 5228 2170 5283 dii
2198 5243 2295 5298 per
2324 5228 2747 5285 naturam?Uno
2762 5232 2912 5287 enim
2936 5234 3105 5290 semel
3130 5235 3393 5306 admisso,
3415 5240 3514 5295 im-

1931 5320 2296 5375 mutabilitate
2328 5321 2612 5385 nimirum,
2663 5322 2844 5377 locum
2879 5326 3041 5380 etiam
3093 5327 3347 5385 habitura
3383 5341 3514 5390 sunt

1930 5413 2166 5483 reliqua.
2191 5412 2253 5467 Et
2277 5414 2407 5483 quid
2430 5422 2545 5467 tum
2577 5414 2705 5470 inde
2730 5417 3290 5487 sequetur20mnium
3325 5442 3511 5482 rerum

1932 5505 2209 5558 conl‘usio.
2238 5503 2436 5558 Annon
2478 5506 2623 5559 enim
2674 5521 2872 5575 supera
2904 5508 3165 5566 deorsum
3196 5515 3415 5582 cedent,
3456 5528 3514 5573 et

1931 5594 2105 5649 infera
2134 5609 2354 5650 sursum
2380 5596 2723 5650 evehentur?
2754 5598 2897 5664 Quid
2922 5604 3068 5656 enim
3104 5604 3267 5671 ultra,
3296 5618 3507 5677 quaeso,

1926 5690 2241 5761 prohibebit
2288 5690 2589 5760 quominus
2657 5707 2946 5762 supremus
3000 5694 3145 5753 Deus
3205 5699 3262 5754 in
3322 5701 3506 5758 locum

3089 5972 3160 6032 16
