3958 6402
3407 408 3577 423 σεῦ-

459 431 520 488 11
721 425 723 428 ⁴
1370 421 1450 480 ΙΝ
1486 420 1697 480 VITAS
1734 421 2032 480 PATRUM
2065 423 2612 481 PROLEGOMENA
2647 423 2846 480 XXVI.

459 559 655 610 tiorem
684 555 940 622 facerem,
967 551 1380 620 perplexitatem
1403 551 1616 604 collatis
1646 551 1794 603 inter
1811 566 1864 604 se
1891 550 2167 604 historicis
2197 555 2509 618 evolverem,
2533 553 2790 606 omnibus
2821 550 3052 617 denique
3072 551 3200 603 locis
3221 549 3531 614 tenebrosis,
3561 542 3742 675 nran-

461 650 576 675 o..m
600 644 743 675 num;
770 643 1054 675 Αηνηιιοιιίση
1089 639 1400 675 "ianos-nim!
1436 641 1616 675 familn
1675 642 1843 675 Iul-nm
1869 641 1928 675 in
1941 641 2136 675 Γρννιηη

461 650 579 698 tum
600 644 743 698 mihi
769 643 1056 696 domestica
1083 639 1400 706 suggerebat
1430 641 1638 706 facula,
1673 642 1848 692 lucem
1869 641 2162 706 inferrem.

510 719 672 801 ‘Quia
699 747 822 786 vero
853 731 1218 783 memineram
1240 729 1546 782 Baronium
1569 727 1712 781 hisce
1740 731 1975 782 Patrum
2013 731 2142 784 Vitis
2179 732 2300 798 jam
2327 733 2461 784 olim
2495 731 2620 784 bene
2669 732 2898 784 voluisse
2947 729 3171 796 (Baron.
3196 727 3390 782 Notat.
3411 725 3470 780 in
3500 725 3739 808 ΜΨΓ.

401 855 407 861 .
455 819 690 873 Roman.
723 816 784 870 17
817 815 988 883 Jan.),
1013 813 1286 882 quidquid
1313 828 1376 864 ea
1403 815 1518 880 ejus
1553 813 1773 881 scriptis
1819 815 1893 867 ad
1933 813 2028 867 has
2061 816 2202 871 Vitas
2236 819 2607 872 illustrandas
2635 822 2887 886 colligere
2900 819 3086 888 potui,
3116 817 3233 870 suis
3277 818 3406 870 locis
3430 819 3546 884 ejus
3566 815 3741 868 verbis

456 911 597 974 dedi,
623 912 670 960 et
691 908 772 960 vel
802 921 858 959 eo
889 905 1113 957 nomine
1134 903 1298 955 libuit
1325 917 1524 968 magno
1554 904 1672 956 viro
1695 908 2021 970 parentare.

526 999 714 1061 Habes,
751 984 1050 1048 admodum
1092 991 1538 1044 reverendissime
1568 992 1788 1046 domine
1836 997 2079 1061 praelate,
2105 996 2356 1050 instituti
2386 1000 2493 1051 mei
2524 1000 2816 1062 rationem,
2841 996 3000 1050 habes
3032 995 3173 1049 Vitas
3203 997 3436 1050 Patrum
3461 998 3738 1062 tantopere

454 1088 807 1140 desideratas.
853 1083 994 1149 Quas
1026 1080 1127 1134 tibi
1157 1085 1352 1150 tuoque
1388 1083 1548 1137 (ναειηί
1575 1083 1870 1150 imputabit
1900 1086 2210 1151 posteritas,
2265 1084 2409 1151 quod
2445 1085 2632 1152 favore
2675 1089 3004 1152 sumptaque
3052 1089 3244 1148 vestro,
3276 1088 3411 1136 veste
3441 1099 3593 1136 nunc
3614 1098 3744 1150 pro-

454 1177 623 1228 deant
653 1177 902 1227 cultiore.
1533 1243 1545 1251 .

525 1261 627 1318 Sed
675 1264 931 1316 nullasne
959 1267 1192 1320 solemni
1231 1262 1596 1332 praefatorum
1645 1274 1813 1324 more,
1851 1261 2085 1314 laudum
2119 1263 2220 1314 tibi
2245 1267 2440 1331 tuoque
2470 1265 2628 1316 catui
2657 1265 2837 1317 licebit
2867 1263 2958 1316 hic
2987 1265 3206 1316 laureas
3237 1266 3444 1315 texere?
3465 1261 3584 1316 Non
3613 1275 3745 1328 per-

454 1353 632 1405 mittis
662 1352 766 1404 Dco
787 1351 1176 1421 domesticoque
1203 1357 1286 1406 sat
1316 1352 1588 1418 gloriosus
1618 1354 1758 1402 teste.
1791 1347 2075 1402 Sustinere
2104 1352 2284 1416 igitur
2312 1369 2396 1404 me
2416 1355 2696 1406 calamum
2725 1369 2758 1405 a
2781 1354 2892 1405 luis
2923 1356 3252 1419 tuorumque
3282 1351 3540 1404 laudibus
3559 1351 3738 1417 jubes,

456 1459 484 1494 α
508 1458 574 1495 ne
602 1443 842 1507 aﬂectus,
873 1442 1077 1508 inquis,
1109 1446 1237 1496 tuus
1258 1457 1388 1508 erga
1417 1456 1512 1493 nos
1543 1440 1847 1506 transferat
1877 1444 1922 1492 te
1946 1455 2118 1506 supra
2148 1443 2234 1493 rei
2263 1444 2548 1495 veritatem
2581 1441 2777 1511 (Epist.
2809 1440 3041 1494 Abbatis
3065 1439 3316 1511 Winghii
3344 1439 3414 1492 ad
3441 1437 3679 1506 Herib.).
3718 1457 3740 1488 ι

452 1531 562 1599 Ego
599 1544 741 1594 vero,
784 1531 886 1583 etsi
908 1531 971 1582 de
985 1533 1179 1597 affectu
1204 1531 1394 1584 testari
1420 1531 1640 1597 possim,
1673 1528 1819 1581 nihil
1853 1544 1936 1580 me
1959 1533 2114 1581 extra
2136 1545 2325 1583 verum
2356 1531 2419 1583 de
2459 1536 2506 1584 te
2540 1533 2754 1599 tuisque
2799 1533 3020 1594 sentire,
3080 1546 3146 1583 ne
3178 1536 3360 1583 tamen
3405 1531 3466 1582 in
3524 1531 3740 1593 limine,

453 1619 596 1688 quod
621 1621 806 1684 aiunt,
829 1619 902 1672 ad
940 1621 1314 1673 inobedientia
1342 1620 1622 1672 lubricum
1645 1618 1936 1683 o/fendam,
1945 1619 2120 1685 jussis
2148 1635 2330 1686 pareo.

525 1707 681 1762 Nihil
711 1707 894 1760 dicam
919 1708 982 1760 de
1009 1710 1296 1776 religionis
1319 1723 1422 1776 quo
1448 1710 1654 1777 flagras
1674 1707 1874 1772 studio,
1907 1706 2053 1760 nihil
2072 1707 2136 1759 de
2178 1711 2524 1776 paupertatis
2555 1725 2660 1778 quo
2675 1711 2876 1777 gaudes
2896 1722 3100 1773 amore,
3135 1708 3280 1762 nihil
3299 1709 3364 1762 de
3383 1710 3608 1776 pietatis
3636 1721 3744 1775 quo

450 1797 515 1852 in
535 1797 709 1851 Deum
740 1801 998 1850 eaastuas
1035 1799 1262 1863 ardore,
1295 1797 1440 1850 nihil
1465 1797 1528 1849 de
1567 1799 1837 1864 praclaro
1885 1801 2114 1850 tuorum
2144 1799 2433 1864 regimine,
2488 1800 2686 1866 quibus
2715 1814 2827 1852 non
2856 1799 3031 1852 verbis
3060 1800 3237 1864 magis
3279 1813 3447 1866 quam
3498 1798 3740 1864 exemplo

448 1888 651 1956 prais;
687 1887 832 1940 nihil
858 1887 1090 1956 denique
1113 1888 1196 1954 (de
1227 1903 1330 1955 quo
1355 1891 1540 1939 tamen
1569 1900 1659 1952 ego
1682 1887 2044 1953 copiosissime
2075 1887 2245 1952 loqui,
2277 1891 2336 1938 tu
2367 1889 2724 1941 libentissime
2743 1889 2944 1942 audire
2969 1889 3162 1956 posses)
3181 1888 3244 1940 de
3263 1887 3549 1953 singulari
3573 1889 3666 1937 tuo
3685 1887 3748 1938 in

454 1977 756 2028 minimam
785 1977 1088 2028 societatem
1120 1981 1364 2028 nostram
1379 1976 1595 2040 affectu,
1615 1990 1775 2042 quem
1805 1976 2344 2043 animustunicaque
2365 1993 2477 2029 non
2507 1979 2696 2030 minus
2727 1981 3229 2044 nostratem.quam
3258 1978 3513 2042 religiosa
3542 1976 3748 2040 regulo:

452 2065 1080 2132 diseretionepracipua
1108 2065 1453 2117 observantia
1511 2063 1696 2131 (Greg.
1729 2061 1768 2115 1.
1817 2078 1854 2116 ιι
1889 2062 2055 2128 Dia1.,
2087 2078 2136 2116 c.
2173 2062 2291 2131 36),
2326 2069 2373 2116 et
2409 2066 2641 2132 maforte
2661 2067 3077 2119 Benediclinum
3105 2066 3260 2133 facit.
3287 2065 3442 2119 Nihil
3475 2065 3652 2130 igitur
3682 2062 3750 2114 de

456 2155 569 2208 tuis
597 2153 855 2208 laudibus
883 2153 1084 2217 dicam,
1119 2153 1263 2221 quod
1278 2152 1390 2205 hac
1414 2153 1648 2205 laudum
1677 2153 1895 2220 flabella
1925 2168 2132 2221 semper
2160 2153 2381 2222 ﬂagella
2405 2157 2749 2208 existimasti.

525 2243 629 2299 Sed
656 2259 752 2296 nec
782 2247 829 2296 te
854 2257 957 2310 pro
977 2243 1178 2296 merito
1207 2242 1496 2294 convenire
1523 2242 1720 2305 licebit,
1754 2243 2001 2308 religiose
2044 2247 2205 2296 catus
2253 2243 2546 2309 Latiensis,
2580 2245 2679 2312 qui
2699 2244 2998 2312 disciplina
3024 2246 3202 2297 vestra
3241 2243 3571 2312 reprastatis
3594 2239 3750 2294 nobis

462 2333 776 2387 Tabennam
805 2329 1413 2396 Pachomii,Ammonis
1438 2329 1704 2393 Nitriam,
1735 2330 1974 2382 Macarii
1999 2330 2224 2386 Sceten?
2257 2331 2396 2396 Quos
2417 2334 2568 2384 enim
2600 2348 2710 2385 non
2740 2349 2855 2385 una
2881 2335 3087 2387 Latitia
3116 2335 3392 2385 virtutum
3426 2332 3744 2398 manipulos

457 2421 702 2474 exhibuit
714 2420 814 2472 sub
835 2420 1008 2472 Blasio
1026 2424 1050 2470 ?
1069 2419 1266 2486 quibus
1283 2432 1393 2470 non
1415 2417 1707 2469 eharitatis
1725 2419 1950 2484 pyropis
1971 2419 2701 2486 ersplenduitsublloulletio
2725 2427 2748 2473 ?
2765 2432 2869 2488 quo
2893 2437 3006 2475 non
3030 2423 3232 2487 e/fulsit
3255 2423 3541 2486 religionis
3561 2419 3750 2471 decore

455 2510 557 2562 sub
581 2507 646 2561 Le
674 2509 1021 2574 Francquio?
1051 2506 1308 2572 Quisquis
1353 2505 1588 2572 profecto
1634 2504 1773 2556 Vitas
1822 2507 2058 2559 Patrum
2089 2510 2240 2574 leget,
2275 2509 2410 2561 dum
2441 2511 2663 2576 .Eggpli
2683 2510 3083 2577 perambulans
3132 2510 3480 2573 solitudines,
3522 2509 3752 2575 Paulos,

453 2596 742 2660 Antonios,
773 2596 1109 2664 Paphnutios
1140 2597 1344 2648 lustrat
1371 2611 1388 2656 ;
1417 2593 1554 2646 dum.
1590 2593 1892 2646 Palastina
1921 2595 2129 2647 deserta
2155 2599 2477 2664 pervadens,
2513 2599 2844 2662 Hilariones,
2901 2599 3191 2665 Hesychas,
3223 2598 3560 2666 Epiphauios
3592 2599 3751 2649 invi-

455 2688 566 2751 sit;
621 2686 757 2738 dum
805 2683 984 2751 Syria
1023 2699 1186 2751 rupes
1215 2687 1489 2749 antraque
1525 2685 1869 2750 perreptans,
1905 2683 2230 2751 Ephramos,
2265 2687 2583 2754 Aphraates,
2642 2690 2898 2744 Julianos
2936 2690 3154 2751 visitat;
3191 2689 3238 2740 is
3295 2688 3515 2740 Latiam
3547 2688 3744 2750 oculis,

455 2774 679 2827 Latiam
737 2774 948 2837 animo,
1003 2771 1227 2824 Latiam
1267 2771 1455 2824 adoret
1499 2772 1758 2837 vestigiis.
1793 2773 1878 2825 lbi
1903 2788 2238 2840 magnorum
2278 2777 2509 2828 illorum
2547 2779 2801 2830 virorum
2849 2780 3174 2841 imitatores,
3221 2790 3464 2843 quorum
3491 2790 3652 2828 sacra
3684 2776 3752 2828 in

458 2864 845 2930 religiosorum
868 2863 1084 2914 'animis
1114 2863 1252 2928 viget
1292 2860 1577 2924 memoria,
1607 2859 1822 2912 abbates
1866 2862 2124 2914 inveniet.
2163 2861 2366 2928 Quibus
2407 2879 2472 2916 ne
2517 2865 2832 2932 Winghium
2866 2880 2978 2918 non
3026 2867 3216 2918 minus
3265 2865 3543 2917 virtutum
3575 2878 3753 2930 quam

457 2953 750 3020 dignitatis
803 2967 1158 3006 successorem
1188 2966 1516 3014 accenseam,
1557 2951 1672 3018 ejus
1713 2966 1824 3004 non
1875 2953 2096 3018 patitur
2131 2953 2408 3005 modestia.
2442 2954 2621 3019 Quare
2659 2970 2783 3007 eum
2834 2955 3084 3022 posteris,
3121 2969 3234 3008 non
3291 2954 3550 3021 suspectis
3601 2966 3755 3004 mor-

461 3045 688 3095 tuorum
724 3041 1054 3105 censoribus,
1091 3040 1437 3094 laudandum
1468 3039 1742 3106 relinquo.

528 3131 732 3184 Fruere
762 3133 994 3196 interea,
1026 3129 1325 3183 admodum
1368 3128 1816 3182 reverendissime
1857 3128 2078 3183 domine
2113 3132 2354 3197 pralate,
2396 3146 2522 3184 cum
2561 3131 2814 3199 religioso
2854 3136 2947 3185 tuo
2981 3136 3114 3185 caetu
3154 3131 3250 3186 hoc
3289 3131 3600 3200 sumptibus
3631 3130 3752 3183 tuis

455 3223 676 3275 climata
705 3221 768 3274 de
808 3221 937 3273 Vitis
965 3221 1198 3273 Patrum
1230 3223 1390 3270 tomo.
1427 3216 1530 3271 Cui
1567 3218 1616 3269 si
1649 3219 1792 3270 alter
1829 3218 2154 3286 quandoque
2187 3223 2363 3272 tomus
2393 3221 2630 3286 accedat,
2660 3223 2759 3289 qui
2787 3223 2980 3274 omnia
3007 3223 3244 3275 Patrum
3273 3222 3503 3275 ascetica
3538 3222 3753 3288 scripta

455 3325 569 3364 uno
597 3313 742 3362 velut
771 3310 914 3376 fasce
943 3308 1378 3376 comprehendat,
1403 3306 1624 3359 haberes
1645 3305 1918 3373 quidquid
1959 3307 2034 3359 ad
2077 3311 2323 3382 peterum
2357 3312 2582 3362 aseesim
2619 3312 2836 3378 requiri
2860 3311 3048 3378 possit.
3085 3311 3197 3378 Quo
3217 3312 3368 3364 enim
3391 3311 3480 3362 hic
3503 3310 3644 3363 liber
3672 3311 3754 3364 ad

458 3414 634 3452 mores
655 3398 1014 3464 clformandos
1047 3398 1306 3464 exemplis
1350 3397 1533 3463 prait,
1564 3397 1708 3448 alter
1736 3395 1970 3448 docendo
2001 3397 2414 3450 manuduceret.
2446 3395 2550 3450 Sed
2577 3400 2710 3466 quia
2735 3401 3004 3467 scriptum
3035 3401 3303 3452 memini:
3335 3399 3524 3452 C(Epl'r
3569 3398 3743 3452 Jnsus

459 3501 672 3544 FACERE
700 3502 768 3541 ετ
787 3499 1003 3540 uocem;
1023 3484 1160 3552 (Aet.
1193 3487 1255 3554 ι),
1280 3484 1369 3538 hic
1395 3499 1546 3537 nunc
1571 3483 1850 3550 factorum
1881 3485 2020 3538 liber
2041 3490 2374 3554 praeurrat.
2475 3491 2496 3516 ‘

533 3578 685 3644 Quod
703 3579 753 3630 si
780 3578 936 3629 solito
964 3577 1148 3643 favore
1167 3575 1354 3628 studia
1375 3588 1494 3626 mea
1516 3575 1827 3641 perrexeris
1839 3576 2118 3643 prosequi,
2152 3580 2202 3628 et
2246 3591 2413 3629 sacra
2459 3575 2702 3630 historia
2749 3581 2997 3631 amantes
3020 3595 3044 3631 e
3073 3581 3188 3633 suis
3213 3581 3428 3647 singuli
3443 3578 3756 3646 provinciis

461 3666 794 3724 Sanctorum
833 3665 973 3718 Vitas
996 3668 1232 3733 pergant
1259 3663 1596 3726 submittere,
1623 3661 1760 3714 dabo
1775 3677 1996 3730 operam
2025 3667 2087 3717 ut
2111 3667 2222 3720 illa
2247 3680 2457 3733 quoque
2484 3667 2666 3720 simili
2695 3667 2848 3719 modo
2869 3669 3142 3722 recensita
3169 3669 3598 3736 subsequantur.

3703 3973 3724 4030 ἰ

535 4127 798 4197 Hacvola
826 4151 948 4192 mea
971 4135 1134 4190 erant
1155 4146 1304 4186 anno
1335 4128 1495 4194 1615,
1525 4123 1746 4197 quando
1778 4141 1848 4180 ea
1875 4124 2078 4178 umbra
2107 4123 2182 4178 ad
2206 4127 2372 4178 solem
2399 4122 2666 4194 auspiciis
2693 4125 2886 4180 vestris
2919 4123 3042 4180 Vita
3062 4125 3297 4179 Patrum
3318 4121 3461 4192 typis
3487 4065 3756 4192 Morel;-

467 4231 557 4283 nis
597 4227 916 4297 prodibant.
949 4223 1018 4277 Et
1037 4225 1166 4292 jam
1203 4222 1523 4272 sanctorum
1567 4217 1916 4282 reliquorum
1954 4213 2211 4266 Historia
2248 4229 2332 4267 me
2372 4215 2743 4282 aceingebam,
2781 4230 2908 4269 cum
2946 4229 3057 4268 ecce
3096 4213 3198 4266 tibi
3227 4213 3438 4280 prodiit
3480 4227 3762 4275 nonnemo

467 4318 714 4372 Ecclesia
741 4316 928 4378 hostis,
959 4313 1055 4366 cui
1084 4309 1386 4364 necessario
1415 4304 1816 4360 occurrendum
1843 4303 1976 4370 fuit.
2010 4302 2226 4357 Relictis
2253 4304 2431 4370 igitur
2456 4308 2778 4358 sanctorum
2802 4305 3074 4358 armariis
3093 4303 3167 4356 ad
3189 4303 3530 4355 sancitorum
3557 4316 3760 4355 arma-

471 4407 754 4461 mentaria
783 4419 868 4456 me
895 4401 1156 4456 converti.

541 4494 609 4548 Et
631 4495 750 4561 post
781 4495 887 4544 tres
915 4489 1202 4542 debellatos
1221 4485 1408 4550 hostes,
1436 4487 1556 4552 post
1588 4481 1890 4536 Historiam
1910 4479 2346 4535 Ecclesiasticam
2377 4485 2425 4536 et
2457 4483 2737 4537 nonnulla
2759 4483 2878 4535 alia
2903 4481 3102 4549 patria
3121 4481 3270 4546 data,
3297 4496 3424 4534 cum
3445 4482 3571 4548 jam
3611 4479 3763 4532 Vitas

471 4583 804 4640 Sanctorum
838 4579 902 4630 in
923 4590 1125 4629 manus
1145 4587 1497 4637 resumerem,
1523 4575 1572 4624 et
1599 4571 1912 4633 Januarius
1934 4571 2188 4638 pluteum
2213 4576 2506 4638 premeret,
2540 4575 2602 4624 ut
2630 4572 2704 4624 ad
2730 4572 2974 4640 pratum
3003 4570 3398 4635 adornaretur,
3432 4569 3767 4634 interpellor

473 4673 543 4726 ab
571 4667 993 4723 accuratissimo
1033 4661 1366 4731 typographo
1403 4660 1648 4729 mihique
1685 4661 2025 4714 amicissimo
2062 4659 2382 4714 Balthasare
2420 4661 2646 4724 Moreto,
2692 4663 2792 4728 qui
2827 4658 3098 4712 asserebat
3139 4658 3279 4711 Vitas
3318 4658 3552 4711 Patrum
3588 4656 3764 4722 posci,

474 4760 878 4826 identidemque
907 4755 1130 4824 reposci.
1163 4753 1306 4806 Huic
1336 4753 1516 4819 igitur
1543 4753 1696 4820 operi
1723 4766 1922 4805 rursus
1952 4765 2037 4804 me
2065 4749 2330 4817 impendi,
2363 4753 2413 4803 et
2458 4749 2551 4804 hos
2590 4751 2795 4803 astivos
2834 4763 3040 4802 menses
3075 4748 3404 4801 correctioni
3439 4749 3488 4798 et
3525 4744 3771 4798 editioni

477 4850 620 4916 dedi,
651 4848 882 4915 adjutus
913 4843 1298 4911 singularibus
1330 4843 1440 4894 tuis
1463 4841 1944 4907 observationibus,
1981 4841 2255 4893 bonarum
2279 4841 2644 4908 spongiarum
2668 4840 2868 4906 plenis.

549 4937 746 4992 Gratas
779 4948 949 5002 porro
995 4947 1166 4997 nunc,
1210 4931 1298 4984 uti
1335 4933 1490 4996 olim,
1532 4929 1629 4983 has
1665 4934 1912 4988 veterum
1951 4930 2187 4984 Patrum
2225 4931 2451 4983 melotas
2489 4929 2668 4982 denuo
2695 4928 3086 4996 eapumicatas,
3120 4927 3180 4978 in
3209 4927 3436 4993 piorum
3465 4927 3772 4977 auctorum

479 5025 836 5079 domesticum
867 5025 1029 5074 tuum
1061 5020 1500 5075 cimiliarchium
1529 5025 1809 5086 venturas,
1844 5035 1991 5088 spem
2025 5019 2161 5086 facit
2187 5021 2393 5071 certam
2417 5019 2692 5085 praclara
2721 5017 2824 5070 illa
2858 5019 2955 5068 tua
2983 5015 3267 5078 sedulitas,
3301 5028 3469 5082 quam
3498 5014 3559 5064 in
3589 5014 3772 5065 eluci-

479 5115 662 5168 dando
690 5117 736 5164 et
763 5111 1015 5164 ornando
1042 5111 1235 5174 Blosio,
1259 5115 1489 5178 parente
1521 5111 1865 5163 Latiensium
1891 5110 2112 5177 optimo,
2145 5123 2258 5161 non
2282 5107 2581 5172 laboribus,
2613 5121 2724 5159 non
2751 5106 3060 5174 sumptibus
3076 5119 3308 5172 parcens
3333 5101 3571 5165 adhibes,
3597 5101 3776 5156 donec

482 5203 704 5257 tandem
748 5215 886 5253 nova
925 5201 1160 5252 amictus
1201 5199 1447 5265 synthesi
1477 5203 1598 5266 post
1636 5199 1790 5252 hasce
1832 5200 1992 5263 Vitas,
2029 5199 2114 5250 his
2152 5196 2284 5264 ipsis
2323 5196 2390 5249 D.
2420 5195 2616 5248 Moreti
2659 5196 2832 5248 amici
2870 5195 2956 5247 tui
2985 5195 3147 5261 typis,
3177 5193 3396 5260 publico
3431 5190 3774 5244 animarum

483 5293 636 5355 bono,
669 5293 732 5342 in
764 5291 938 5342 lucem
971 5289 1174 5340 veniat.
1209 5287 1361 5354 Quod
1388 5291 1450 5339 ut
1476 5289 1582 5340 cito
1609 5289 1726 5354 ﬁat,
1758 5303 1942 5340 omnes
1972 5302 2240 5339 vovemus.

553 5380 787 5442 Interea,
819 5377 1117 5429 admodum
1150 5377 1600 5429 rcverendissime
1628 5377 1864 5440 domine,
1900 5376 2042 5428 redit
2071 5375 2145 5428 ad
2173 5379 2220 5427 te
2258 5377 2518 5442 tuamque
2554 5374 3220 5435 Latiensium.coronam,
3261 5384 3370 5436 qua
3409 5369 3608 5422 merito
3645 5368 3777 5432 glo-

481 5469 633 5520 riari
659 5470 820 5533 potes,
859 5465 998 5518 liber
1022 5465 1112 5518 hic
1140 5466 1398 5533 laborque
1422 5466 1600 5518 denuo
1629 5465 1962 5528 desudatas;
2004 5465 2104 5530 qui
2132 5465 2372 5531 priscas,
2408 5466 2508 5530 qui
2545 5478 2716 5516 novus
2749 5468 2876 5516 tuus
2907 5467 2982 5515 est
3013 5465 3172 5523 totus,
3205 5463 3334 5510 tuus
3361 5472 3463 5509 are
3493 5457 3774 5522 libraque,

1686 3873 1969 3978 nova
2044 3877 2530 3979 allocutio

483 5557 781 5622 mancupio
806 5558 954 5607 tuus.
991 5553 1230 5606 Tantum
1259 5569 1354 5606 oro
1381 5559 1545 5622 atque
1567 5555 1816 5618 obtestor,
1844 5557 1906 5604 ut
1930 5553 2185 5620 precibus
2211 5553 2364 5621 apud
2386 5553 2560 5606 Deum
2581 5555 2852 5620 Optimum
2877 5551 3189 5604 maximum
3215 5546 3412 5614 quibus
3439 5549 3604 5612 vales,
3633 5545 3713 5596 vel
3723 5547 3779 5597 is
3861 5563 3874 5578 ο

483 5647 741 5710 obtinere,
775 5649 835 5698 ut
863 5645 971 5698 hac
997 5645 1340 5713 novantiqua
1373 5645 1558 5709 editio,
1593 5643 1667 5697 ad
1693 5643 2071 5697 aemulanda-1n
2100 5646 2424 5698 sanctorum
2453 5643 2690 5696 Patrum
2721 5645 2984 5696 virtutem
3023 5639 3085 5692 in
3121 5637 3278 5690 omni
3317 5635 3569 5702 religioso
3605 5635 3771 5700 σιτία,

483 5739 589 5788 toto
620 5733 744 5788 orbe
775 5739 1058 5789 terrarum
1086 5734 1377 5802 fecundior
1407 5747 1671 5802 apparere
1693 5734 1884 5802 possit.
