3958 6426
229 413 3490 452 W

1209 587 1354 681 IN
1427 581 1831 680 VITAS
1904 582 2473 678 PATRUM

508 806 2424 989 PROLEGOMENA
2540 809 3177 983 XXVI

282 1256 548 1313 Benevola
574 1254 772 1311 lectori
799 1256 1063 1313 salutem.

283 1346 355 1416 [1]
383 1346 434 1401 Ν
435 1362 466 1400 e
482 1346 786 1413 offendere,
804 1345 999 1411 lector,
1015 1344 1063 1398 si
1074 1343 1254 1415 stylus
1274 1345 1610 1415 quandoque
1627 1344 1839 1410 rudior,
1860 1343 1908 1397 si
1930 1342 2148 1414 phrasis
2171 1348 2431 1399 occurrat
2456 1343 2515 1398 in
2530 1344 2676 1400 Vitis
2691 1346 2924 1401 Patrum
2937 1351 3003 1411 et
3014 1345 3196 1403 verbis
3210 1347 3497 1405 seniorum

218 1434 539 1507 incomptior
567 1454 580 1502 ;
612 1452 733 1490 rem
760 1435 940 1506 ipsam
977 1433 1251 1506 appende,
1286 1450 1399 1487 non
1425 1433 1592 1487 verba
1616 1451 1626 1486 :
1658 1433 1903 1486 fructum
1920 1435 2061 1503 lege,
2094 1450 2207 1487 non
2235 1434 2399 1501 folia;
2427 1436 2623 1489 florem
2652 1452 2836 1507 carpe,
2870 1453 2941 1491 ne
2958 1438 3223 1493 volaticos
3242 1439 3502 1494 desidera

218 1542 433 1597 pappos.
449 1527 721 1580 Praeclare
733 1541 939 1596 magna
954 1524 1211 1579 Ecclesiae
1225 1524 1460 1585 lumina,
1492 1528 1717 1577 sanctus
1740 1522 2117 1593 Hieronymus
2143 1541 2153 1575 :
2186 1541 2211 1576 ς(
2237 1523 2589 1593 Inloquendo
2612 1524 3031 1595 simplicitatem
3057 1527 3341 1582 excusabit
3368 1543 3503 1582 san-

218 1615 482 1669 ctimoniae
511 1614 843 1686 magnitudo
877 1614 1142 1685 (llieron.,
1175 1615 1327 1682 epist.
1368 1612 1484 1678 lOl,
1520 1612 1886 1681 Pammarh.).
1915 1614 2153 1667 Sanctus
2174 1612 2525 1683 Augustinus
2557 1630 2570 1667 :
2609 1630 2636 1665 α
2668 1614 2951 1669 Bonorum
2980 1615 3337 1685 ingeniorum
3372 1617 3508 1672 insi-

216 1705 332 1776 guis
360 1709 445 1759 est
471 1704 707 1770 indoles,
741 1703 801 1757 in
832 1702 1015 1757 verbis
1042 1719 1239 1757 verum
1267 1718 1475 1767 amare,
1510 1718 1623 1755 non
1652 1701 1838 1755 verba.
1874 1701 2018 1765 Quid
2051 1702 2199 1755 enim
2230 1702 2458 1772 prodest
2490 1703 2657 1756 clavis
2686 1720 2879 1771 aurea,
2913 1704 2960 1758 si
2989 1707 3209 1776 aperire
3240 1707 3391 1779 quod
3407 1722 3507 1761 vo-

216 1794 390 1848 lumus
414 1810 529 1848 non
558 1793 779 1866 potest?
810 1798 911 1847 aut
929 1792 1063 1863 quid
1085 1791 1245 1846 obest
1270 1791 1476 1861 lignea,
1499 1790 1546 1844 si
1576 1790 1682 1843 hoc
1703 1795 1904 1861 potest,
1941 1791 2163 1860 quando
2194 1790 2335 1844 nihil
2362 1791 2688 1861 quaerimus,
2718 1793 2827 1847 nisi
2856 1799 3050 1865 patere
3076 1795 3224 1865 quod
3253 1796 3509 1851 clausum

216 1889 296 1937 est
327 1884 669 1952 (Augustin.,
704 1884 798 1945 lib,
832 1899 883 1935 1v
914 1883 975 1935 de
1016 1884 1285 1936 Doctrina
1329 1880 1554 1945 Christ,
1605 1896 1720 1947 cap.
1760 1877 1893 1934 11»λῖ
1925 1899 1945 1929 ›
1990 1878 2205 1943 Quibus
2234 1879 2459 1949 egregie
2499 1881 2739 1935 succinit
2765 1882 3182 1939 illustrissimus
3209 1885 3510 1940 cardinalis

217 1972 481 2027 Baronius
515 1990 527 2025 :
567 1991 590 2023 ι
627 1970 782 2026 Sicut
825 1970 1088 2025 effossum
1116 1969 1355 2024 informe
1401 1984 1602 2022 aurum
1636 1975 1694 2021 et
1738 1968 1878 2022 rude
1907 1986 1972 2023 eo
2003 1970 2226 2024 charius
2266 1987 2386 2023 esse
2427 1971 2586 2037 solet,
2640 1972 2789 2042 quod
2820 1972 2962 2027 nihil
2991 1973 3249 2029 videatur
3276 1974 3511 2030 alterius

214 2061 418 2116 metalli
446 2060 655 2116 habere
685 2060 1060 2126 commistum,
1092 2059 1172 2113 ita
1201 2058 1427 2129 egregia
1452 2062 1821 2111 monumenta
1848 2075 1952 2111 sua
1982 2058 2158 2129 ipsius
2186 2064 2464 2112 vetustate
2486 2064 2658 2129 atque
2683 2060 3043 2131 simplicitate
3064 2062 3350 2129 micantia,
3382 2061 3514 2134 qui-

214 2148 311 2206 bus
337 2168 427 2207 res
456 2151 644 2223 potius
673 2167 844 2222 quam
873 2149 1042 2203 verba
1068 2149 1127 2203 in
1154 2148 1337 2220 pretio
1364 2164 1485 2201 esse
1515 2147 1715 2207 solent,
1744 2147 1994 2216 gratiora
2016 2147 2179 2217 plane
2211 2152 2377 2200 erunt
2406 2153 2575 2218 atque
2596 2149 2935 2218 jucundiora
2959 2150 3154 2221 quovis
3182 2151 3389 2223 scripto
3417 2168 3513 2206 re-

214 2242 474 2297 centioris
500 2240 762 2306 auctoris,
800 2239 1225 2310 quibuscunque
1255 2237 1586 2307 eloquentiae
1616 2236 1864 2306 phaleris
1896 2240 2182 2289 exornato.
2218 2235 2501 2306 Quidquid
2535 2236 2685 2291 enim
2711 2237 3010 2293 obducitur
3037 2239 3162 2295 fuco
3191 2244 3362 2312 atque
3386 2240 3515 2313 pig-

218 2331 432 2397 mentis,
470 2335 791 2401 suspectum
820 2328 1092 2394 redditur,
1144 2326 1540 2398 pulchriorque
1583 2325 1843 2378 enitescit
1877 2324 2001 2395 ipsa
2027 2343 2129 2379 sua
2166 2326 2411 2396 puritate
2441 2326 2790 2397 simplicitas,
2822 2345 2945 2400 qua:
2985 2330 3134 2401 quod
3164 2330 3395 2386 mentiri
3419 2344 3515 2385 ne-

217 2421 367 2487 sciat,
401 2436 574 2500 omne
602 2417 854 2490 quamvis
883 2418 953 2472 ad
984 2421 1246 2472 ornatum
1274 2415 1648 2487 compositum
1677 2414 2054 2468 velamentum
2086 2413 2353 2468 abhorret
2386 2417 2705 2482 (Baronius,
2742 2422 2870 2471 tom.
2902 2420 3004 2485 ΙΙΙ,
3035 2435 3185 2473 αηηο
3215 2417 3366 2489 356).
3404 2439 3428 2472 ι

280 2511 395 2581 Ego
425 2525 561 2563 vero
588 2509 670 2563 ita
696 2523 914 2562 mecum
946 2504 1270 2560 ratiocinari
1295 2505 1481 2559 soleo:
1514 2504 1621 2568 Qui
1651 2504 1768 2557 haec
1800 2504 2009 2573 legent,
2038 2503 2122 2557 vel
2165 2502 2224 2556 in
2273 2503 2594 2557 Latinitatis
2628 2505 2801 2576 adyta
2844 2512 3233 2577 penetrarunt,
3266 2508 3356 2563 vel
3384 2515 3517 2566 ante

214 2598 538 2654 Latinitatis
563 2601 755 2670 portas
776 2596 1086 2651 etiamnum
1118 2595 1204 2666 [ιι]
1232 2598 1563 2648 exercentur
1590 2598 1647 2646 et
1673 2592 1979 2664 suspirant,
2010 2591 2289 2663 prioribus
2311 2608 2424 2646 non
2453 2592 2635 2648 oberit
2665 2595 2844 2665 stylus
2872 2596 3061 2651 minus
3089 2597 3344 2666 Latinus,
3388 2615 3519 2655 cum

214 2687 345 2759 ipsis
373 2687 534 2743 domi
562 2690 842 2759 suppetat,
867 2684 1017 2740 unde
1051 2684 1398 2739 Latiniorem
1439 2683 1776 2754 depromant
1802 2700 1813 2747 ;
1849 2681 2189 2752 posteriores
2214 2681 2305 2735 hic
2329 2681 2670 2737 incunabula
2707 2700 2813 2739 sua
2841 2685 3178 2758 quandoque
3206 2688 3512 2759 reperient,
3598 2684 3601 2687 ’

211 2794 309 2834 nec
330 2779 441 2851 ipsi
462 2778 663 2850 lingua
681 2776 869 2831 minus
897 2775 1144 2847 prompti
1173 2772 1505 2829 erubescent
1519 2772 1590 2826 ad
1609 2772 1841 2826 tertiata
1864 2778 1923 2827 et
1948 2771 2101 2826 velut
2127 2772 2453 2826 offensantis
2479 2771 2682 2843 linguas
2711 2773 2988 2845 fragmine
3018 2775 3315 2831 dimidiata
3327 2776 3531 2843 verba;

213 2868 487 2939 Equidem
518 2865 762 2922 solidum
791 2881 1013 2931 aurum,
1048 2863 1179 2918 licet
1207 2862 1521 2917 terrulenta
1549 2860 1853 2915 obductum
1883 2861 2034 2925 faece,
2069 2861 2366 2932 caryoticis
2407 2861 2602 2916 vilium
2631 2862 3014 2919 Kalendarum
3053 2866 3258 2921 strenis
3299 2884 3524 2939 semper

211 2959 463 3031 pratuli;
499 2957 753 3013 venustis
782 2954 1010 3027 quidem
1056 2952 1261 3025 specie,
1310 2952 1607 3022 fronteque
1652 2950 1874 3005 divitias
1913 2950 2334 3017 mentientibus,
2367 2950 2467 3005 sed
2504 2950 2662 3006 tenui
2700 2956 2893 3008 tamen
2920 2959 3146 3011 tantum
3193 2956 3318 3011 auri
3363 2957 3523 3012 illitis

210 3048 531 3120 aspergine,
562 3051 619 3101 et
638 3047 744 3101 hoc
769 3045 896 3100 fuco
925 3043 1289 3098 domesticam
1310 3040 1631 3112 tegentibus
1662 3044 2075 3111 paupertatem.

273 3138 358 3192 Ne
390 3138 606 3193 mirere
640 3151 880 3208 quoque,
912 3134 1106 3201 lector,
1131 3132 1289 3187 Vitas
1314 3132 1547 3185 Patrum
1576 3129 1744 3184 toties
1777 3146 1962 3195 cusas,
2012 3145 2263 3195 recusas,
2308 3134 2365 3184 et
2393 3146 2495 3201 per
2521 3134 2609 3185 tot
2642 3129 2935 3187 doctorum
2967 3133 3219 3190 virorum
3248 3135 3522 3191 transisse

205 3243 426 3295 manus,
460 3242 571 3282 nec
596 3224 769 3280 nitori
794 3229 987 3278 tamen
1016 3239 1117 3278 suo
1142 3221 1381 3293 pristino
1414 3220 1686 3275 hactenus
1730 3218 1999 3274 redditas.
2036 3218 2146 3273 Sed
2185 3217 2332 3273 enim
2379 3220 2727 3274 considerari
2767 3227 2918 3293 opto,
2953 3224 3102 3294 quod
3140 3229 3335 3280 monet
3360 3225 3523 3281 divus

206 3317 582 3389 Augustinus,
630 3330 832 3386 nempe
861 3329 1075 3380 sumus,
1113 3330 1139 3365 «
1172 3316 1445 3383 tanquam
1488 3309 1874 3364 minuscularii
1928 3308 2283 3379 vectigalium
2314 3308 2702 3376 conductores,
2735 3311 2822 3365 vel
2868 3315 3144 3384 tanquam
3193 3315 3421 3386 Opiﬁces
3463 3315 3526 3370 in

205 3407 319 3462 vico
362 3405 718 3479 argentario,
750 3402 846 3458 ubi
881 3419 1057 3458 unum
1093 3400 1402 3467 vasculum,
1433 3403 1497 3454 ut
1528 3398 1838 3471 perfectum
1867 3403 2048 3465 exeat,
2080 3414 2181 3469 per
2210 3398 2418 3452 multos
2459 3399 2702 3454 artiﬁces
2738 3400 2964 3469 transit,
2999 3418 3129 3457 cum
3158 3402 3228 3457 ab
3258 3420 3371 3459 uno
3399 3421 3526 3477 per-

205 3495 341 3551 fecto
366 3495 571 3569 perfici
600 3493 792 3567 possit.
828 3491 937 3547 Sed
958 3491 1121 3545 aliter
1146 3507 1259 3544 non
1282 3494 1542 3560 putatum
1568 3492 1655 3541 est
1679 3488 2036 3559 operantium
2055 3487 2405 3542 multitudini
2423 3489 2847 3558 consulendum,
2880 3490 2989 3545 nisi
3020 3497 3086 3547 ut
3104 3492 3356 3565 singulas
3384 3496 3525 3550 artis

207 3592 391 3655 partes
421 3585 541 3640 cito
563 3600 628 3639 ac
654 3582 816 3637 facile
837 3582 1118 3636 discerent
1137 3579 1362 3650 singuli,
1382 3595 1454 3633 ne
1479 3593 1675 3633 omnes
1696 3577 1755 3632 in
1775 3582 1898 3631 arte
1928 3594 2045 3633 una
2066 3577 2229 3632 tarde
2254 3581 2311 3632 et
2330 3577 2554 3634 difficile
2580 3585 2916 3651 cogerentur
2937 3597 3059 3638 esse
3077 3582 3309 3655 perfecti
3330 3583 3520 3656 (Aug.,

210 3677 299 3728 lib.
324 3690 403 3729 vn
434 3677 504 3730 de
538 3674 768 3729 Civitate
797 3673 913 3739 Dei,
948 3687 1064 3740 cap.
1097 3669 1180 3737 4.)

272 3765 361 3819 Ita
390 3763 736 3836 plerumque
758 3760 943 3815 evenit
968 3759 1026 3813 in
1052 3757 1212 3812 libris
1239 3756 1617 3812 recensendis.
1650 3756 1778 3811 Non
1815 3753 1885 3810 ab
1910 3772 2024 3811 uno
2053 3757 2261 3829 aliquo,
2295 3774 2409 3812 non
2442 3774 2477 3812 a
2506 3757 2743 3826 duobus,
2777 3760 2875 3815 sed
2905 3776 2939 3815 a
2966 3759 3221 3832 pluribus
3259 3778 3406 3835 saepe
3429 3779 3523 3819 res

207 3870 317 3908 una
336 3852 671 3926 perﬁcitur;
704 3868 831 3906 cum
859 3850 949 3904 hic
969 3850 1029 3904 in
1058 3847 1509 3920 antiquariorum
1538 3844 1922 3918 praestantiam
1941 3844 2196 3917 inquirit,
2232 3852 2297 3900 ut
2316 3847 2799 3919 typographorum
2828 3848 3065 3921 castiget
3095 3849 3264 3920 vitia;
3297 3850 3405 3907 iste
3424 3868 3524 3907 or-

205 3942 349 3999 dinis
376 3948 439 3998 et
481 3957 683 3997 rerum
712 3941 986 4011 majorem
1016 3938 1296 3993 rationem
1332 3936 1520 4004 habet,
1571 3936 1666 3990 ille
1695 3933 1963 3991 historiae.
1999 3936 2085 3991 Ita
2114 3935 2426 3990 multorum
2446 3935 2649 3991 collata
2681 3953 2876 4010 manu,
2912 3942 3082 4011 prout
3109 3955 3391 4013 quemque
3417 3958 3522 4013 ge-

206 4032 329 4088 nius
352 4032 541 4099 ducit,
574 4030 763 4103 prodit
785 4029 1016 4084 tandem
1044 4027 1256 4099 aliquid
1286 4031 1633 4085 accuratum.

273 4121 439 4187 Quod
468 4125 544 4177 ut
585 4118 655 4173 de
703 4117 946 4172 editione
970 4117 1076 4170 hac
1098 4114 1374 4187 spondere
1412 4130 1527 4168 non
1555 4112 1814 4181 audeam,
1846 4113 1928 4168 ita
1953 4114 2221 4170 lectorem
2251 4114 2489 4171 invitare
2540 4133 2655 4173 non
2682 4134 2901 4191 vereor,
2928 4124 2994 4176 ut
3038 4120 3345 4179 editionem
3372 4122 3521 4180 hanc

208 4226 334 4265 cum
372 4209 509 4265 aliis
535 4205 876 4263 editionibus
905 4204 1170 4271 conferat,
1196 4208 1253 4259 et
1280 4202 1492 4257 arbiter
1517 4203 1711 4258 sedeat
1730 4219 1912 4275 operae
1941 4221 1975 4258 a
2003 4205 2241 4276 singulis
2273 4206 2556 4277 praestitae.

275 4299 414 4365 Qum
446 4296 601 4354 mihi
632 4295 883 4352 subsidia
898 4294 1127 4359 fuerint,
1153 4298 1271 4349 tum
1293 4291 1505 4347 alibris
1538 4308 1693 4359 mss.,
1728 4298 1851 4347 tum
1881 4292 1951 4347 ab
1983 4294 2177 4361 Editis,
2212 4295 2347 4366 quid
2377 4295 2473 4350 alii
2504 4313 2727 4370 quoque
2752 4298 3136 4370 praestiterint,
3162 4301 3258 4374 qui
3278 4306 3409 4358 ante
3429 4319 3521 4358 me

205 4386 308 4442 hac
334 4388 653 4443 decurrere
683 4382 883 4451 orbita,
914 4382 1223 4438 edisseram
1253 4380 1469 4448 ordine,
1503 4379 1550 4434 si
1578 4380 1735 4452 prius
1773 4380 1842 4436 de
1891 4381 2094 4438 horum
2122 4382 2398 4439 librorum
2437 4384 2821 4459 inscriptione,
2851 4387 3194 4459 auctoribus,
3245 4390 3522 4464 interpre-

205 4475 372 4547 tibus,
403 4474 756 4533 auctoritate
788 4474 931 4545 (quae
960 4470 1235 4527 solemnia
1262 4469 1377 4526 fere
1398 4469 1746 4543 praeambula
1773 4476 1925 4539 sunt)
1954 4488 2072 4528 non
2098 4472 2327 4528 omnino
2359 4473 2739 4545 perfunctorie
2768 4475 3102 4535 disseruero.

552 4741 1153 4801 PROLEGOMENON
1180 4739 1489 4796 PRIMUM.
1842 4740 1895 4801 A
1977 4736 2030 4793 2.
2065 4737 2409 4806 Gennadius,
2445 4737 2514 4794 de
2545 4737 2750 4795 illustr.
2777 4741 3034 4798 Ecclesiae
3066 4744 3362 4821 Scriptor.,
3395 4766 3520 4824 cap.

516 4834 648 4902 Qua
677 4835 879 4890 horum
910 4834 1187 4888 librorum
1217 4831 1530 4899 inscriptio.
1909 4828 1936 4883 1
1956 4826 1999 4895 1,
2016 4827 2076 4882 in
2091 4826 2328 4899 Evagrio
2341 4827 2648 4883 monacho:
2675 4849 2697 4881 ι
2722 4829 2896 4913 Cujus
2917 4832 3089 4889 etiam
3100 4834 3262 4905 liber,
3286 4838 3384 4911 qui
3396 4840 3525 4896 atti-

278 4925 393 4998 [m]
417 4923 570 4980 Dico
592 4922 792 4995 primo,
818 4927 883 4977 ut
901 4937 1051 4976 nunc
1072 4919 1304 4992 passim,
1325 4918 1531 4989 itajam
1557 4916 1689 4972 olim
1700 4915 1830 4972 libri
1911 4917 2129 4972 tulatur
2154 4919 2277 4972 Vita:
2302 4920 2558 4986 Patrum,
2581 4919 2736 4975 velut
2760 4921 3230 4983 continentissimi
3250 4932 3307 4983 et
3336 4930 3525 4984 erudi-

210 5014 583 5085 hi,(ve1certe
595 5027 789 5067 eorum
800 5018 947 5083 pars)
966 5007 1221 5080 inscripti
1232 5006 1406 5062 fuere:
1434 5008 1559 5061 Vitae
1570 5008 1826 5061 Patrum.
1912 5007 2117 5062 tissimi
2146 5006 2250 5061 viri
2274 5008 2619 5063 mentionem
2641 5009 2791 5065 facit.
2829 5029 2853 5064 ι
2883 5011 2953 5067 Et
2975 5029 3097 5087 cap.
3115 5013 3204 5083 41,
3229 5016 3298 5072 de
3323 5017 3523 5075 Petro-

273 5105 330 5160 1.
359 5101 640 5159 Gelasius
658 5117 825 5173 papa,
850 5099 909 5154 in
929 5098 1163 5154 concilio
1183 5113 1331 5151 anno
1353 5096 1560 5151 Christi
1580 5094 1681 5151 494
1705 5112 1829 5152 cum
1914 5096 2008 5151 nio
2033 5096 2374 5152 Bononiensi
2396 5098 2687 5170 episcopo:
2726 5117 2753 5154 α
2786 5100 3085 5175 Scripsisse
3101 5109 3336 5177 putatur
3362 5107 3522 5164 Vitas

212 5206 314 5248 Lxx
345 5190 643 5266 episcopis
666 5189 857 5244 Romae
887 5187 1078 5243 habito
1117 5187 1395 5241 delectum
1426 5185 1625 5240 habuit
1665 5185 1835 5239 eccle-
1914 5186 2148 5241 Patrum
2176 5187 2579 5243 monachorum
2602 5190 2849 5262 Egypti.
2887 5211 2911 5243 ι

210 5283 586 5339 siasticorum
612 5278 903 5345 librorum,
933 5277 1331 5347 decretumque
1363 5274 1630 5343 condidit,
1683 5274 1835 5346 quod
1990 5273 2043 5332 3.
2078 5276 2410 5332 Paschasius
2444 5278 2500 5332 S.
2535 5277 2602 5332 R.
2632 5278 2693 5333 E.
2726 5279 2993 5338 diaconus
3036 5285 3266 5356 prologo
3308 5301 3409 5340 suo
3462 5285 3523 5341 in

213 5372 455 5427 habetur
483 5372 553 5426 in
598 5369 823 5424 decreto
852 5367 1107 5422 Gratiani
1136 5366 1267 5420 dist.
1326 5364 1404 5430 15,
1454 5381 1575 5435 cap.
1633 5366 1836 5420 Sancta
1916 5363 2144 5433 librum,
2179 5383 2346 5437 quem
2377 5366 2446 5421 de
2475 5367 2619 5422 Vitis
2648 5369 2883 5425 Patrum
2913 5378 3115 5445 rogatu
3152 5374 3381 5429 Martini
3403 5375 3525 5433 Du-

214 5463 465 5517 Romana
497 5461 763 5525 Ecclesia,
796 5458 856 5512 in
888 5474 997 5529 quo
1026 5456 1135 5511 ista
1163 5454 1364 5510 habet:
1394 5453 1551 5508 Vitas
1582 5454 1834 5521 Patrum,
1919 5453 2151 5509 miensis
2179 5453 2397 5509 abbatis
2424 5456 2717 5512 Latinitati
2748 5459 3013 5516 donavit:
3054 5482 3077 5514 ι
3101 5461 3260 5517 Vitas
3287 5463 3523 5521 Patrum

214 5550 394 5617 Pauli,
426 5547 695 5613 Antonii,
730 5546 1055 5613 Hilarionis,
1089 5549 1147 5599 et
1168 5544 1422 5599 omnium
1450 5544 1835 5609 eremitarum,
1924 5548 2267 5605 sanctorum.
2292 5545 2616 5602 Graecorum
2639 5549 2724 5615 (ut
2742 5553 2962 5620 caetera)
2984 5548 3246 5607 facundia
3274 5554 3525 5610 studiose

217 5657 354 5711 quas
372 5645 585 5695 tamen
596 5635 681 5690 vir
691 5634 888 5690 beatus
900 5634 1675 5709 scripsitHieronymus,cum
1689 5631 1843 5688 omni
1925 5632 2288 5704 conscriptas,
2313 5634 2507 5706 jussus
2526 5651 2561 5691 a
2587 5639 2660 5703 te,
2696 5637 3046 5696 sanctissime
3064 5640 3255 5712 Pater,
3282 5642 3343 5700 in
3369 5643 3527 5700 Lati-

222 5727 439 5787 honore
467 5723 839 5798 suscipimus.
873 5743 901 5779 π
1927 5736 2065 5777 num
2094 5721 2400 5779 transferre
2429 5739 2767 5781 sermonem.
2803 5745 2826 5776 ιο
