3958 6422
425 429 558 486 ⁵15

1386 428 1466 484 ΙΝ
1502 426 1715 484 VITAS
1753 425 2050 484 PATRUM
2086 427 2368 485 PROLEG
2376 428 2629 485 OMENA
2663 426 2860 483 XXVI.
3685 425 3756 482 16

547 553 603 607 4.
636 552 1004 608 Cassiodorus
1024 551 1208 608 Instit.
1227 551 1396 607 divin.
1421 553 1551 609 lect.
1579 570 1701 626 cap.
1723 552 1791 612 32
1815 573 1826 607 :
1867 574 1890 606 ι
1919 555 2078 608 Vitas
2094 553 2440 616 Amentione
2459 553 2518 608 in
2544 553 2696 607 hisce
2715 549 3068 621 libris.Apud
3087 549 3396 616 Ruﬂinum,
3425 548 3523 604 lib.
3547 563 3612 604 ΠΙ
3649 550 3754 604 Vi-

480 643 735 710 Patrum,
757 642 1129 698 confessiones
1155 642 1424 708 ﬁdelium,
1454 643 1742 715 passiones
1762 649 2077 714 martyrum

478 732 648 802 legite
679 736 1030 799 constanter;
1063 749 1202 802 quas
1226 731 1375 786 inter
1403 731 1514 785 alia
1541 732 1597 786 in
1617 733 1854 804 epistola
1873 733 2072 786 Hiero-

479 821 634 892 nymi
659 821 730 874 ad
759 819 1150 875 Chromatium
1201 824 1258 874 et
1299 820 1658 874 Heliodorum
1705 819 2072 892 proculdubio

477 909 754 980 reperitis,
774 910 870 980 qui
890 927 992 982 per
1016 913 1194 964 totum
1209 909 1400 965 orbem
1425 914 1705 964 terrarum
1729 911 1987 976 ﬂoruere,
2008 913 2074 964 ut

473 1004 669 1053 sancta
695 997 938 1052 imitatio
966 1015 1062 1054 vos
1107 1015 1428 1070 provocans,
1479 1000 1548 1054 ad
1600 999 1848 1054 caelestia
1899 1015 2074 1068 regna

472 1086 763 1156 perducat.
796 1106 824 1141 ι)

544 1175 597 1231 5.
627 1177 864 1232 Sanctus
912 1175 1247 1233 Benedictus
1289 1177 1347 1232 in
1389 1178 1586 1249 regula
1630 1195 1751 1246 sua,
1798 1195 1918 1250 cap.
1960 1175 2066 1234 4‘2:

472 1263 730 1319 Monachi
762 1266 914 1320 omni
951 1273 1221 1338 tempore,
1272 1267 1386 1322 sive
1429 1267 1635 1339 jejunii
1690 1269 1802 1322 sive
1848 1265 2069 1338 prandii

470 1352 662 1421 fuerit,
697 1371 826 1409 mox
855 1361 921 1410 ut
948 1356 1354 1410 surrexerint'a
1390 1373 1566 1420 ccena,
1608 1357 1840 1411 sedeant
1877 1370 2069 1410 omnes

425 1487 430 1491 .
470 1439 532 1496 in
551 1460 748 1513 unum,
767 1450 824 1498 et
839 1445 991 1516 legat
1003 1463 1150 1500 unus
1173 1447 1514 1501 Collationes
1531 1447 1615 1502 vel
1635 1447 1792 1501 Vitas
1813 1447 2066 1512 Patrum,

421 1561 427 1566 -
472 1538 573 1588 aut
601 1539 750 1588 certe
774 1535 985 1606 aliquid
1004 1535 1152 1606 quod
1173 1536 1409 1590 aediﬁcet
1429 1537 1740 1590 audientes.

543 1623 596 1678 6.
629 1623 934 1694 Gregorius
961 1625 1321 1693 Turonensis,
1356 1625 1452 1679 lib.
1485 1643 1502 1679 1
1547 1626 1615 1679 de
1659 1625 1790 1679 Vita
1838 1624 2087 1679 Patrum-

470 1710 560 1766 sui
584 1713 790 1780 smeuli,
823 1713 882 1767 in
911 1712 1199 1768 Leobardo
1227 1713 1463 1780 recluso,
1498 1731 1619 1784 cap.
1649 1713 1734 1780 12,
1767 1713 1855 1768 cui
1884 1718 2072 1767 tenta-

467 1801 612 1856 tatio
637 1801 896 1856 cellulam
934 1803 1290 1874 relinquendi
1327 1803 1667 1858 incesserat:
1724 1820 1752 1857 ι
1785 1803 1900 1872 Ego
1943 1819 2073 1856 vero

471 1891 762 1963 suspirans
793 1908 904 1946 non
935 1892 1168 1945 minimo
1221 1891 1412 1946 dolore
1456 1891 1747 1964 increpare
1783 1876 2132 1946 hominemB

469 1981 630 2052 ccepi,
652 1997 908 2036 asserens
945 1980 1151 2035 diaboli
1174 1997 1294 2034 esse
1320 1981 1663 2036 caliditatem
1685 1980 1967 2051 librosque
1995 1981 2066 2047 ei,

413 2089 429 2100 ι
469 2076 527 2128 et
551 2071 710 2125 Vitas
737 2072 992 2137 Patrum,
1027 2087 1092 2124 ac
1107 2070 1520 2125 institutionem
1541 2070 1962 2136 monachorum,
1982 2070 2070 2124 vel

412 2177 424 2188 ·
469 2161 666 2232 quales
691 2160 786 2232 qui
814 2160 1182 2215 recluduntur
1201 2176 1323 2214 esse
1351 2159 1608 2226 debeant,
1643 2161 1729 2214 vel
1765 2176 1890 2215 cum
1920 2158 2071 2230 quali

411 2265 427 2279 ‘
471 2251 693 2306 cautela
718 2249 1021 2304 monachos
1057 2249 1240 2304 vivere
1261 2255 1534 2322 oporteat,
1573 2248 1878 2304 abscedens
1906 2248 1976 2302 ab
2006 2265 2072 2302 eo

414 2359 422 2364 -
471 2339 669 2394 direxi.
703 2337 915 2403 Quibus
935 2339 1158 2392 reiectis
1177 2354 1289 2392 non
1319 2339 1500 2393 solum
1527 2337 1921 2409 cogitationem
1947 2354 2074 2409 pra-

472 2446 597 2483 vam
629 2445 662 2482 a
691 2445 753 2483 se
781 2427 1061 2496 discussit,
1093 2445 1284 2482 verum
1307 2429 1478 2482 etiam
1499 2433 1660 2482 tanto
1691 2444 1920 2482 sensum
1947 2443 2074 2481 acu-

469 2519 622 2573 mine
640 2517 899 2585 erudivit,
936 2523 1000 2573 ut
1029 2520 1366 2572 miraremur
1406 2517 1724 2572 facundiam
1776 2517 2075 2571 locutionis

473 2609 616 2678 ejus.
661 2626 684 2659 ι

546 2698 598 2752 7.
629 2695 904 2767 Georgius
934 2695 1344 2751 Alexandrinus
1380 2694 1438 2750 in
1467 2695 1598 2750 Vita
1621 2696 1800 2750 sancti
1843 2695 2076 2750 Joannis

404 2809 424 2833 ο
479 2785 886 2858 Chrysostomi,
920 2803 968 2840 c.
1001 2784 1071 2842 22
1105 2803 1116 2838 :
1163 2784 1253 2839 ’Ev
1276 2785 1328 2838 δὲ
1352 2795 1456 2848 ταῖς
1477 2787 1753 2858 συντυχίαις
1776 2783 1923 2838 αὐτοῦ
1956 2785 2075 2838 Βίον

476 2875 636 2946 ἁγίων
667 2875 912 2946 Πατέρων
950 2869 1434 2955 καὶ.ἆναχο›ρητῶν,
1475 2877 1556 2928 καὶ
1595 2875 1727 2946 [IIII]
1766 2875 1852 2942 τὴν
1889 2875 2074 2927 τούτων

475 2965 728 3018 πολιτείαν
769 2965 850 3018 καὶ
908 2959 1082 3036 ἀρετὴν
1136 2960 1370 3035 ἐξηγεῖτο,
1418 2966 1546 3017 ὥστε
1596 2961 1646 3016 ἐκ
1691 2969 1790 3016 τῶν
1839 2965 2075 3017 τοιούτων

481 3053 716 3124 ῥημάτων
772 3051 986 3115 πολλοὺς
1040 3054 1414 3106 κατανῦττεσοαι
1472 3053 1552 3105 καὶ
1611 3053 1794 3120 πλῆθος
1853 3053 2076 3124 δακρύων

476 3144 762 3214 καταφέρειν
792 3140 842 3196 ἐκ
869 3148 968 3195 τῶν
1009 3135 1276 3213 ὀφθαλμῶν
1312 3139 1491 3206 αὐτῶν,
1533 3144 1744 3210 ποθῆσαι
1785 3141 1838 3194 δὲ
1875 3142 1955 3194 καὶ
1992 3139 2075 3194 τὸν

477 3235 666 3304 μονήρη
711 3233 814 3302 βίον
856 3233 1120 3302 μετελθεῖν,
1165 3232 1244 3284 καὶ
1285 3225 1618 3293 ἀποτάξασθαι
1659 3238 1744 3298 τῆς
1779 3233 1954 3302 τύρϐης
1993 3232 2072 3284 καὶ

416 3357 420 3360 -
473 3323 758 3394 συγχύσεως
783 3326 868 3374 tos
894 3322 1016 3391 βίου.
1055 3338 1081 3372 (κ
1111 3319 1284 3376 Porro
1322 3320 1379 3374 in
1412 3320 1528 3374 suis
1557 3319 1926 3374 familiaribus
1956 3321 2072 3374 col-

409 3429 420 3437 ·
474 3411 682 3481 loquiis
703 3409 938 3465 subinde
959 3409 1494 3465 commeminitVitte
1507 3416 1828 3464 sanctorum
1842 3411 2074 3464 Patrum

413 3533 416 3536 -
477 3506 535 3554 et
563 3500 1049 3565 anachoretarum,
1085 3515 1392 3570 eorumque
1423 3498 1860 3554 conversationis
1890 3514 1954 3552 ac
1971 3498 2076 3553 vir-

419 3622 426 3630 -
479 3589 636 3654 tutis,
669 3589 752 3643 ita
779 3593 844 3644 ut
882 3588 1159 3659 ejusmodi
1188 3588 1538 3644 sermonibus
1567 3592 2079 3660 compungerentur

476 3695 590 3734 non
616 3678 798 3750 pauci,
831 3678 913 3732 ita
941 3683 1005 3732 ut
1035 3695 1099 3733 ex
1129 3694 1325 3733 eorum
1355 3677 1528 3732 oculis
1564 3677 1861 3732 uberrimae
1910 3677 2076 3732 elice-

476 3774 676 3824 rentur
699 3783 763 3822 ac
791 3767 1104 3823 defluerent
1131 3767 1410 3840 lacrymae,
1445 3772 1501 3822 et
1537 3766 1753 3838 ingenti
1798 3766 2076 3822 desiderio

415 3879 426 3884 ·
475 3862 813 3930 caperentur
831 3857 1140 3912 solitariam
1165 3857 1456 3912 exercendi
1475 3857 1666 3924 vitam,
1691 3860 1749 3911 et
1763 3862 2074 3912 extremum

418 3969 424 3974 ·
474 3948 600 4002 vale
625 3947 846 4003 dicendi
874 3946 1210 4002 turbulentae
1229 3945 1539 4002 confusioni
1563 3946 1688 4001 vitae
1712 3947 1900 4017 hujus.
1937 3966 1960 3999 ι

547 4039 602 4092 8.
633 4035 930 4090 Fulbertus
978 4035 1338 4091 Carnotensis
1387 4035 1700 4107 episcopus,
1753 4034 1915 4106 epist.
1962 4033 2066 4090 79:

419 4139 427 4145 ‘
481 4141 511 4180 α
526 4125 682 4182 Mitto
692 4112 796 4180 tibi
809 4124 1149 4198 Cyprianum
1158 4167 1172 4194 ,
1186 4124 1582 4196 Porphyrium,
1598 4129 1656 4178 et
1669 4123 1828 4178 Vitas
1839 4123 2072 4178 Patrum

477 4231 605 4270 cum
622 4215 912 4282 Psalterio,
943 4220 1009 4270 ut
1036 4214 1242 4286 petisti.
1277 4232 1304 4268 ι
1328 4214 1396 4269 Et
1417 4213 1474 4268 in
1496 4214 1606 4268 ﬁne
1631 4211 1760 4266 libri
1772 4217 1900 4284 post
1913 4213 2073 4284 hym-

424 4323 427 4326 ·
476 4319 614 4360 num
643 4305 714 4359 de
743 4304 1046 4360 Nativitate
1073 4303 1280 4360 Christi
1309 4308 1367 4358 et
1396 4301 1708 4374 Epiphania
1733 4320 1744 4356 :
1780 4319 1807 4354 α
1839 4303 1904 4357 In
1930 4301 2074 4356 Vitis

419 4413 430 4420 ·
475 4395 710 4450 Patrum
757 4400 1010 4450 veterum
1071 4393 1336 4466 quiddam
1381 4391 1493 4462 legi
1526 4391 1860 4463 jucundum.
1894 4409 1918 4442 ι
1969 4390 2075 4446 Ubi

476 4485 792 4558 rhythmice
819 4487 1073 4540 recenset
1099 4482 1331 4538 Joannis
1360 4480 1523 4536 Parvi
1556 4497 1654 4536 seu
1683 4479 1873 4535 Brevis
1903 4479 2076 4535 histo-

2157 648 2344 698 tarum
2364 643 2616 709 Patrum,
2649 657 2804 696 num.
2841 638 2943 695 130
2968 657 2980 694 :
3014 640 3173 704 Quod
3201 639 3430 694 verbum
3450 643 3755 711 antequam

2159 733 2460 804 quiescam,
2494 748 2619 786 sero
2653 749 2717 785 ex
2759 729 2942 784 cordis
2976 729 3087 783 mei
3128 746 3389 784 recenseo
3434 729 3686 783 veritate.
3723 748 3749 782 ν

2153 822 2316 893 Apud
2341 821 2652 889 Pelagium,
2685 820 2830 874 libro
2853 831 2888 873 v
2907 818 3164 874 Vitarum
3184 817 3436 885 Patrum,
3463 819 3652 873 libello
3665 833 3748 884 IlI,

2153 927 2212 966 ιι.
2239 912 2304 964 2:
2339 930 2362 961 ι
2398 909 2498 964 Dic
2516 909 2654 964 mihi
2683 908 2910 980 aliquod
2940 907 3191 964 verbum.
3228 928 3252 961 ι
3297 909 3366 962 Et
3394 925 3450 962 ιι.
3481 908 3548 963 9:
3584 927 3609 961 α
3645 908 3756 962 Ro-

2151 998 2362 1069 gabant
2389 1005 2577 1053 autem
2609 1015 2738 1053 eum
2763 1003 3021 1064 senes,ut
3047 997 3255 1052 faceret
3282 997 3511 1052 verbum
3543 997 3613 1051 ad
3642 997 3758 1050 fra-

2152 1091 2288 1140 tres.
2318 1107 2346 1136 »
2379 1087 2446 1140 Et
2471 1102 2626 1140 num.
2651 1085 2747 1142 ‘24:
2785 1103 2813 1138 α
2839 1084 3019 1152 Abba,
3052 1085 3142 1140 dic
3178 1084 3318 1139 mihi
3357 1085 3583 1156 aliquod
3626 1102 3757 1140 ver-

2151 1173 2305 1229 bum.
2342 1194 2367 1228 »
2401 1175 2469 1229 Et
2493 1174 2678 1228 libello
2706 1189 2760 1240 v,
2795 1191 2851 1228 n.
2903 1173 3008 1230 l3:
3057 1194 3082 1227 (ι
3108 1175 3352 1230 Ostende
3397 1174 3752 1248 charitatem,

2153 1263 2314 1331 abba,
2347 1270 2404 1318 et
2432 1264 2522 1318 dic
2547 1263 2686 1318 mihi
2710 1263 2960 1318 verbum.
2999 1283 3023 1316 ι
3054 1263 3124 1318 Et
3149 1280 3306 1318 num.
3345 1263 3445 1320 32:
3501 1281 3526 1316 α
3555 1263 3758 1318 Audivi

2153 1353 2303 1408 enim
2333 1353 2466 1424 quia
2494 1353 2697 1408 dixerit
2723 1353 2894 1408 abbas
2922 1353 3139 1421 Pastor,
3189 1353 3287 1408 sed
3315 1357 3373 1408 et
3412 1353 3509 1408 alii
3552 1353 3759 1407 fratres

2153 1443 2258 1498 hoc
2286 1442 2539 1500 verbum.
2572 1465 2588 1489 ι
2616 1441 2828 1497 Libello
2853 1457 2929 1508 v1,
2949 1458 3106 1497 num.
3131 1441 3200 1498 5:
3237 1461 3262 1494 ‹‹
3288 1443 3490 1497 Dicens
3511 1443 3760 1514 quodam

2152 1532 2338 1599 verbo,
2373 1533 2520 1602 quod
2552 1533 2836 1587 memoriae
2889 1531 3122 1602 dignum
3165 1537 3250 1586 est
3283 1532 3685 1587 commendari.
3727 1552 3752 1584 »

2153 1623 2322 1676 Num.
2351 1621 2451 1676 l2:
2492 1642 2514 1672 ι
2552 1621 2652 1676 Dic
2695 1621 2836 1675 mihi
2880 1638 3057 1676 unum
3094 1621 3346 1676 verbum.
3400 1641 3423 1674 ι
3485 1623 3553 1676 Et
3599 1621 3754 1693 apud

2153 1713 2448 1778 Joannem,
2464 1710 2608 1764 libro
2629 1725 2684 1765 v1
2709 1711 2966 1765 Vitarum
2991 1712 3243 1776 Patrum,
3277 1711 3464 1766 libello
3479 1726 3564 1778 III,
3589 1727 3648 1764 ιι.
3672 1717 3705 1767 4
3732 1729 3745 1765 :

2159 1819 2184 1853 ‹‹
2217 1802 2318 1856 Dic
2337 1801 2604 1856 fratribus
2622 1801 2854 1856 verbum
2867 1801 3271 1868 aedificationis,
3286 1807 3462 1873 pater.
3487 1821 3514 1856 ι)
3536 1797 3751 1855 Etalibi

2154 1891 2381 1963 passim.

2225 1981 2371 2036 Sane
2393 1981 2514 2052 jam
2544 1981 2678 2036 olim
2720 1981 2968 2054 profanis
3013 1980 3332 2038 auctoribus
3380 1983 3605 2036 verbum
3644 1999 3750 2054 pro

2153 2070 2430 2125 axiomate
2457 2071 2545 2124 vel
2592 2069 2744 2124 brevi
2784 2072 3081 2138 sententia,
3129 2072 3317 2142 qualia
3358 2072 3474 2126 hazc
3513 2071 3752 2127 Patrum

2152 2158 2322 2214 verba
2348 2163 2500 2226 sunt,
2530 2165 2885 2232 usurpatum.
2917 2161 3212 2216 Terentius
3256 2162 3488 2228 Andria,
3532 2167 3639 2216 act.
3691 2161 3750 2228 1,

2155 2265 2304 2304 scen.
2340 2249 2370 2303 5
2395 2267 2407 2301 :
2456 2267 2483 2302 α
2513 2249 2775 2304 Miseram
2805 2266 2912 2316 me,
2938 2251 3085 2322 quod
3113 2249 3344 2304 verbum
3365 2250 3568 2305 audio?
3593 2269 3620 2304 ι
3643 2250 3757 2305 Ubi

2155 2337 2408 2391 Donatus
2435 2353 2450 2393 :
2481 2356 2508 2390 (ι
2541 2337 2785 2392 Verbum
2813 2355 2915 2410 pro
2946 2335 3140 2410 ἀξίωμα
3169 2356 3324 2394 more
3353 2356 3454 2394 suo
3483 2339 3692 2412 posuit.
3726 2359 3751 2391 ι

2162 2425 2396 2492 Ibidem,
2432 2431 2540 2481 act.
2575 2426 2664 2494 11,
2693 2429 2920 2483 scen.5:
2957 2447 2981 2479 ι
3005 2429 3368 2483 Verumillud
3399 2427 3627 2483 verbum
3645 2437 3755 2497 est,

2155 2516 2322 2586 vulgo
2345 2516 2492 2586 quod
2509 2516 2618 2570 dici
2638 2517 2799 2572 solet.
2839 2537 2861 2568 ι
2887 2515 2995 2571 Ubi
3020 2518 3273 2572 Donatus
3298 2536 3309 2571 :
3348 2536 3373 2569 α
3401 2518 3463 2573 Id
3493 2525 3598 2585 est,
3631 2536 3763 2590 pro-

2156 2604 2430 2672 verbium,
2463 2606 2542 2674 [v]
2561 2610 2616 2659 et
2638 2606 2949 2670 sententia;
2981 2612 3038 2660 et
3063 2606 3142 2662 sic
3170 2611 3387 2662 veteres
3407 2606 3638 2662 verbum
3655 2621 3762 2679 pro

2158 2695 2454 2748 sententia.
2489 2713 2516 2748 n
2545 2695 2719 2761 Idem,
2753 2695 3041 2763 Eunucho,
3073 2702 3182 2751 act.
3204 2697 3253 2763 1,
3288 2713 3438 2751 scen.
3470 2696 3542 2752 2:
3580 2715 3608 2750 α
3640 2697 3768 2752 Uti-

2158 2801 2288 2838 nam
2321 2785 2464 2838 istuc
2489 2784 2738 2838 verbum.
2777 2804 2798 2836 ι
2834 2785 3120 2840 Donatus:
3153 2803 3177 2838 (ι
3213 2787 3282 2840 Et
3321 2787 3465 2841 istuc
3500 2783 3760 2854 verbum,

2158 2890 2259 2944 pro
2288 2879 2408 2928 tota
2435 2873 2732 2930 sententia.
2763 2873 3008 2929 Verbum
3038 2891 3139 2947 pro
3186 2875 3354 2930 dicto.
3391 2875 3500 2930 Sed
3531 2877 3764 2948 proprie

2159 2959 2374 3034 ἀξίωμα,
2398 2963 2455 3018 id
2479 2969 2564 3018 est
2583 2964 2862 3018 sententia
2883 2964 2968 3018 vel
2989 2964 3320 3032 enuntiatio,
3347 2981 3469 3036 quae
3489 2980 3603 3019 uno
3623 2965 3768 3036 liga-

2157 3056 2253 3106 tur
2281 3057 2336 3106 et
2363 3051 2696 3123 astringitur
2713 3053 2898 3116 verbo,
2929 3053 3209 3108 verbuma
3234 3053 3514 3109 veteribus
3532 3053 3765 3108 diceba-

2157 3147 2273 3194 tur.
2311 3161 2338 3194 »
2369 3141 2610 3196 Ibidem:
2651 3163 2672 3192 ι
2704 3142 2897 3197 Victus
2922 3159 3034 3198 uno
3061 3143 3230 3200 verbo
3247 3144 3556 3215 quamcito.
3592 3161 3618 3197 ιι
3642 3144 3763 3198 Do-

2154 3237 2322 3286 natus
2346 3250 2357 3285 :
2381 3251 2404 3282 ‹
2421 3231 2666 3286 Verbum
2688 3231 2898 3287 dictum
2924 3233 3221 3304 intelligas,
3247 3233 3394 3304 quod
3412 3233 3579 3288 verbo
3604 3249 3765 3288 com-

2159 3320 2444 3390 plectitur,
2487 3327 2544 3375 et
2571 3321 2858 3392 completas
2889 3323 3180 3378 sententiae
3213 3322 3757 3395 pronuntiationem,

2157 3408 2305 3478 quod
2349 3404 2543 3481 ἀξίωμα
2579 3410 3003 3466 nominabatur.
3038 3429 3068 3466 ις
3106 3412 3282 3480 Idem,
3316 3412 3604 3478 Eunucho,
3639 3419 3756 3468 act.

2158 3495 2209 3561 4,
2244 3514 2397 3552 scen.
2434 3498 2500 3553 5:
2563 3516 2590 3551 α
2643 3499 2911 3567 Verbum,
2960 3501 3176 3568 Hercle,
3227 3503 3349 3556 hoc.
3379 3519 3406 3555 ν
3461 3502 3758 3556 Donatus:

2163 3605 2187 3638 ι
2218 3586 2484 3655 Verbum,
2520 3589 2896 3660 proverbium.
2935 3609 2962 3644 ι)
3003 3591 3177 3657 Idem,
3224 3591 3485 3663 Adelph..
3529 3597 3642 3649 act.
3702 3590 3762 3657 5,

2158 3693 2327 3732 scena
2351 3676 2422 3731 8:
2460 3694 2488 3729 ¢
2521 3678 2646 3733 Non
2676 3695 2865 3734 meum
2893 3679 3030 3734 illud
3062 3678 3288 3734 verbum
3321 3680 3480 3736 facio.
3518 3697 3545 3732 ι)
3575 3681 3765 3734 Dona-

2155 3771 2249 3821 tus
2283 3783 2296 3822 :
2329 3785 2356 3820 α
2385 3767 2632 3822 Verbum
2657 3784 2758 3844 pro
2789 3764 3012 3840 ἀξιόματι
3037 3768 3245 3840 posuit,
3276 3769 3425 3840 quod
3451 3785 3562 3824 uno
3589 3768 3764 3824 strin-

2158 3857 2314 3926 gitur
2339 3855 2527 3910 verbo.
2561 3857 2706 3928 Ergo
2744 3856 2976 3912 verbum
2991 3856 3174 3912 brevis
3203 3858 3503 3925 sententia,
3524 3855 3762 3912 verbum

2155 3945 2294 4000 dixit
2317 3963 2508 4000 veram
2537 3947 2896 4002 sententiam.
2931 3948 3076 4003 Nam
3110 3946 3276 4001 verba
3312 3963 3433 4002 esse
3457 3963 3490 4002 a
3518 3946 3760 4002 veritate

2155 4033 2323 4100 dicta,
2355 4039 2600 4090 testatur
2625 4034 2824 4091 Varro.
2859 4054 2882 4088 ι

2200 4124 2334 4188 Qum
2361 4125 2457 4179 alii
2475 4127 2657 4194 verba,
2672 4125 2974 4182 Cassianus
2989 4129 3124 4181 scita
3147 4110 3462 4182 vocatlibro
3483 4139 3518 4182 v
3537 4126 3750 4196 Instit.,

2155 4229 2276 4284 cap.
2312 4217 2381 4270 24
2403 4233 2418 4268 :
2441 4234 2464 4266 «
2487 4217 2628 4270 Cum
2657 4215 2726 4270 de
2749 4216 2924 4288 Syria:
2944 4215 3198 4288 partibus
3213 4217 3508 4272 Seniorum
3519 4217 3657 4272 scita
3671 4217 3761 4274 di-

2156 4319 2311 4357 scere
2333 4303 2642 4376 cupientes,
2667 4305 2892 4378 [Egypti
2922 4305 3261 4377 provinciam
3283 4307 3636 4378 petissemus.
3675 4327 3699 4358 ι

2227 4392 2569 4449 Dicebantur
2597 4395 2766 4450 etiam
2795 4398 3091 4449 sententia.
3122 4395 3405 4466 Pelagius,
3439 4395 3624 4450 libello
3672 4412 3751 4464 x1,

2155 4497 2212 4536 ιι.
2239 4481 2310 4538 20
2336 4503 2348 4537 :
2385 4503 2410 4537 ς(
2442 4485 2665 4556 Loquar
2689 4485 2758 4538 de
2777 4483 2960 4538 verbis
2990 4489 3047 4538 et
3066 4484 3357 4538 sententiis
3378 4484 3694 4539 Seniorum.
3721 4504 3752 4538 ι

445 4575 696 4642 ,ΓίοΙειω,
729 4575 824 4647 qui
859 4575 1038 4631 instar
1080 4571 1284 4644 Angeli
1330 4587 1501 4640 agere
1543 4568 1900 4624 desiderabat
1933 4559 2142 4624 nihilD
2229 4575 2574 4646 Quandoque
2602 4591 2892 4629 sermones.
2917 4574 3198 4645 Pelagius,
3238 4574 3428 4628 libello
3471 4589 3543 4641 IV,
3585 4591 3642 4628 n.
3681 4573 3703 4631 1
3737 4594 3750 4630 :

474 4679 732 4735 Operans,
765 4663 914 4734 quod
942 4661 1114 4717 habes
1135 4660 1285 4733 apud
1306 4658 1539 4726 Rufﬁn.,
1572 4656 1671 4714 lib.
1703 4671 1783 4724 III,
1815 4673 1872 4712 n.
1908 4657 1994 4725 56,
2019 4663 2076 4712 et

425 4783 434 4793 -
472 4753 786 4823 Pelagium,
818 4751 989 4807 libell.
1017 4767 1071 4818 κ,
1100 4768 1257 4806 num.
1291 4746 1378 4804 27.

420 4862 430 4868 ·
543 4831 681 4898 Dico
701 4841 970 4897 secundo:
997 4841 1238 4906 Quidam
1255 4854 1319 4895 ex
1334 4839 1422 4894 his
1443 4837 1601 4893 libris
1624 4837 1880 4910 inscripti
1901 4853 2076 4910 quan-

420 4947 427 4954 ·
473 4932 656 5003 doque
685 4931 859 4998 fuere,
900 4933 1066 4985 Verba
1090 4933 1395 4984 seniorum.

545 5023 633 5076 Ita
652 5021 804 5075 Beda
828 5019 1226 5092 Martyrologio
1249 5035 1368 5085 suo,
1397 5015 1461 5076 19
1489 5017 1622 5073 Julii
1649 5035 1661 5073 :
1700 5036 1726 5070 ς(
1751 5017 1913 5090 Apud
1934 5017 2074 5073 The-
2113 5029 2118 5033 '

468 5108 695 5164 baidam
723 5110 901 5164 sancti
932 5108 1116 5164 Patris
1144 5109 1323 5164 nostri
1347 5107 1588 5176 Arsenii,
1622 5107 1690 5162 de
1717 5124 1826 5180 quo
1861 5107 1921 5162 in
1941 5107 2076 5161 Ver-

471 5199 556 5254 bis
583 5199 880 5256 Seniorum
907 5200 1165 5266 refertur,
1191 5199 1324 5271 quia
1352 5203 1582 5272 propter
1609 5198 2076 5254 redundationem

468 5291 846 5364 lacrymarum
863 5289 1263 5360 tergendarum
1294 5289 1582 5344 sudarium
1608 5305 1830 5361 semper
1857 5289 1916 5342 in
1947 5288 2075 5344 sinu

465 5381 553 5436 vel
581 5381 640 5436 in
669 5397 844 5436 manu
874 5379 1153 5434 habuerit.
1210 5397 1232 5430 ι
1280 5379 1488 5434 Eadem
1535 5379 1685 5451 apud
1731 5377 2070 5445 Usuardum,

467 5467 781 5538 Rabanum,
813 5469 1430 5535 Adonem,Notkerum.
1471 5469 1782 5540 Desumpta
1809 5472 1942 5522 sunt
1968 5483 2072 5520 au-

466 5565 582 5613 tem
607 5576 672 5612 ex
700 5557 798 5613 lib.
827 5573 892 5612 ιιι
917 5557 1145 5626 Rufﬁni,
1179 5575 1335 5614 num.
1375 5556 1492 5626 163,
1529 5563 1586 5612 et
1613 5557 1848 5626 Pelagii,
1882 5555 2070 5610 libello

465 5659 545 5713 ιιι,
583 5664 639 5702 n.
677 5646 728 5704 1.

2163 4682 2186 4715 ι
2211 4663 2480 4720 Sedentes
2493 4664 2551 4718 in
2563 4664 2691 4719 navi
2704 4662 3080 4734 loquebantur
3097 4680 3415 4718 sermonem
3436 4665 3691 4718 Patrum.
3720 4682 3752 4720 ι

2156 4752 2225 4807 Et
2251 4753 2400 4824 apud
2429 4755 2780 4820 Cassianum,
2821 4753 3006 4808 collat.
3045 4751 3092 4821 1,
3129 4769 3248 4825 cap.
3288 4753 3337 4820 1,
3361 4752 3534 4808 habes
3566 4773 3590 4805 ι
3618 4754 3754 4808 Ser-

2155 4858 2381 4897 monem
2409 4843 2810 4898 zediﬁcationis.
2860 4862 2882 4895 ι
2895 4884 2907 4897 .

2227 4931 2472 4988 Subinde
2501 4950 2776 5004 responsa.
2806 4932 3158 5000 Paschasius,
3191 4949 3314 5005 cap.
3361 4933 3450 5000 44,
3501 4931 3558 4987 in
3601 4931 3754 4989 ﬁne:

2158 5041 2187 5074 α
2209 5023 2342 5078 Haec
2353 5022 2696 5095 sapientium
2708 5027 2764 5077 et
2775 5022 3150 5093 spiritualium
3164 5039 3435 5094 responsa
3447 5023 3700 5077 Patrum.
3728 5042 3755 5075 ι)

2158 5111 2228 5166 Et
2256 5111 2580 5182 Sigebertus
2629 5111 2698 5165 de
2737 5111 2942 5164 illustr.
2992 5111 3246 5166 Ecclesiae
3289 5111 3578 5182 Scriptor.,
3629 5127 3754 5182 cap.

2162 5199 2264 5256 118
2287 5215 2300 5256 :
2330 5221 2353 5250 ει
2379 5201 2854 5272 Interrogationes
2885 5205 2942 5255 et
2965 5201 3374 5272 responsiones.
3402 5219 3426 5253 ι)

2228 5289 2372 5345 Item
2401 5291 2876 5360 apophthegmata.
2901 5289 3217 5358 Petronius,
3255 5287 3622 5344 Bononiensis
3643 5289 3760 5360 epi-

2159 5395 2379 5450 scOpus,
2399 5379 2549 5451 apud
2563 5379 2914 5451 Alphonsum
2927 5379 3251 5434 Ciacconem
3261 5419 3274 5445 ,
3288 5382 3534 5432 tractatu
3550 5377 3614 5432 de
3628 5393 3757 5432 san-

2156 5468 2230 5522 cti
2251 5468 2582 5540 Hieronymi
2601 5468 2972 5534 cardinalitio,
2989 5474 3053 5522 ut
3064 5485 3188 5522 mox
3209 5465 3474 5520 citabitur
3501 5467 3756 5538 prolego-

2154 5575 2320 5613 meno
2335 5559 2386 5625 4,
2421 5558 2520 5632 §7.
2554 5559 2624 5614 Et
2653 5575 2833 5630 nuper
2863 5558 2921 5612 in
2948 5556 3296 5612 Bibliotheca
3315 5557 3568 5623 Patrum,
3597 5561 3755 5610 tomo

2151 5647 2248 5711 IX,
2282 5647 2340 5702 in
2369 5648 2613 5703 secunda
2641 5652 2699 5702 et
2724 5648 2896 5704 tertia
2924 5645 3184 5714 editione,
3231 5645 3374 5701 liber
3415 5645 3644 5717 quintus
3696 5649 3755 5698 et

538 5736 828 5808 Originem
857 5736 1008 5796 tituli
1031 5737 1200 5812 hujus
1229 5736 1396 5796 credo
1425 5752 1546 5796 esse
1593 5753 1660 5794 ex
1685 5733 1880 5792 crebra
1908 5731 2066 5792 verbi
2149 5735 2340 5787 sextus
2357 5731 2617 5790 Vitarum
2636 5733 2872 5790 Patrum
2891 5731 2996 5788 hoc
3015 5730 3242 5787 nomine
3270 5729 3453 5786 editus
3475 5733 3580 5786 est.
3603 5727 3752 5793 Quin
