3958 6400
189 369 240 428 17
1326 369 1925 430 PROLEGOMENON
1962 371 2271 429 PRIMUM.
3371 368 3440 427 18

185 501 231 552 et
252 495 499 567 prologue
525 494 684 550 Preti
704 495 1032 568 spiritualis,
1066 513 1166 552 seu
1194 496 1322 551 novi
1350 497 1622 563 Paradisi,
1655 497 1753 569 qui
1770 501 1816 560 A
1833 515 1930 556 seu
1961 503 2353 571 tyrannorum,
2378 497 2494 553 sive
2515 514 2806 561 caesarum,
2823 497 2919 569 qui
2942 512 3055 553 non
3075 495 3173 551 diu
3200 495 3441 568 impera-

182 584 377 642 Parisiis
405 584 593 639 Graece
617 585 805 640 editus
822 591 908 641 est
920 602 1066 641 anno
1083 584 1218 640 1604
1244 604 1309 639 ex
1330 586 1628 641 Codicihus
1644 587 1749 641 Va-

181 674 349 731 ticanis
373 679 427 729 et
452 673 555 727 viri
585 674 885 730 clarissimi
918 675 1201 730 Francisci
1241 674 1491 743 Olivarii,
1528 693 1657 731 eum
1685 676 1749 731 li-

182 765 318 820 brum
339 762 620 819 continere
645 765 729 819 ait
747 764 1029 837 διηγήματά
1047 784 1098 818 τε
1121 765 1198 817 καὶ
1222 759 1576 837 ἀποφθέγματα
1596 765 1746 819 ὁσίων

180 857 243 909 καὶ
278 855 466 908 δικαίων
504 855 585 907 καὶ
630 856 966 927 φιλοχρίστων
1017 856 1299 925 πατέρων-ξε
1342 855 1421 907 καὶ
1468 850 1695 926 ἀδελφῶν
1730 872 1741 908 :

182 943 542 1000 «narrationes
570 960 633 999 ac
657 943 794 998 scite
825 943 973 998 dicta
1001 960 1103 998 seu
1133 944 1632 1015 apophthegmata,
1659 962 1746 999 sa-

179 1052 386 1101 crorum,
413 1036 701 1106 justorum
732 1034 1053 1105 Christique
1082 1033 1397 1089 amantium
1426 1034 1657 1088 Patrum
1687 1040 1744 1090 et

178 1126 399 1181 fratrum.
432 1144 457 1176 ι

233 1217 633 1287 Nonnunquam
647 1220 795 1283 gesta
811 1229 1026 1278 senum,
1041 1215 1284 1269 Joannes
1301 1214 1578 1281 Moschus,
1589 1215 1743 1270 Prati

175 1305 450 1377 spiritualis
469 1322 591 1376 cap.
612 1305 705 1360 55:
730 1323 756 1357 «
771 1304 940 1359 Dedit
954 1302 1093 1357 mihi
1108 1303 1315 1358 librum
1333 1304 1404 1358 ad
1423 1304 1741 1374 legendum,

172 1397 221 1450 in
246 1412 344 1467 quo
359 1401 519 1466 gesta
554 1410 755 1449 senum
782 1393 991 1465 scripta
1016 1398 1197 1447 erant.
1236 1414 1258 1444 ι
1292 1394 1357 1448 In
1388 1394 1579 1448 Graeco
1612 1399 1697 1448 est
1730 1413 1741 1447 :

176 1486 351 1539 Βίελιον
377 1484 671 1556 γεροντικόν.
707 1484 795 1539 Ita
815 1499 1037 1555 quoque
1057 1483 1386 1538 nominatur
1403 1484 1553 1556 apud
1573 1484 1746 1539 Doro-

173 1576 344 1629 theum
372 1574 428 1628 in
450 1573 750 1628 Doctrinis.

234 1664 364 1718 Dicti
386 1663 721 1735 quandoque
742 1663 801 1717 hi
819 1663 945 1717 libri
962 1669 1095 1719 sunt
1115 1662 1391 1736 Πατερικόν
1421 1680 1522 1718 seu
1548 1664 1744 1734 Πατρι-

171 1753 257 1806 κόν.
290 1754 371 1807 Ita
387 1753 477 1806 hic
502 1758 628 1824 post
648 1752 822 1806 habes
840 1753 1239 1824 prologomeno
1258 1751 1347 1819 ’12,
1383 1752 1451 1807 de
1475 1753 1744 1807 Paradiso

1829 594 2050 655 verunt,
2082 589 2140 643 in
2172 588 2406 643 obscuro
2450 590 2648 643 latent.
2681 610 2707 638 ιι
2742 589 2812 642 Et
2856 603 2985 641 mox
3016 605 3026 639 :
3064 602 3093 639 α
3135 586 3245 641 Sed
3292 587 3434 656 ejus,

1831 679 1928 749 qui
1958 678 2115 733 Vitas
2144 679 2385 734 aliorum
2414 678 2658 734 scribere
2691 677 2929 744 orditur,
2963 675 3210 731 ofﬁcium
3240 680 3326 730 est
3352 675 3439 730 di-

1828 784 1942 838 gna
1957 768 2273 838 cognitione
2286 767 2648 840 perscribere.
2667 785 2694 821 ι)
2709 768 2907 837 Lamp:
2919 765 3148 832 idius,in
3162 763 3434 821 Alexand.

1831 860 2033 912 Severo
2060 875 2070 911 :
2111 878 2133 909 1
2169 858 2328 913 Vitas
2358 858 2676 929 principum
2706 858 2986 911 honorum
3022 853 3272 909 versibus
3301 854 3438 909 scri~

1826 947 1958 1019 psit.
1994 969 2020 997 ιι
2044 947 2213 1002 Divus
2241 948 2613 1019 Augustinus,
2635 947 2703 1001 de
2737 946 2923 1013 Civit.,
2954 942 3099 998 libro
3131 959 3263 1013 xxu,
3297 962 3429 1017 cap.

1828 1035 1896 1091 29
1923 1054 1934 1088 :
1964 1054 1990 1090 cr
2022 1036 2181 1091 Unde
2207 1037 2577 1092 discernimus
2619 1054 2653 1091 ο.
2685 1052 2797 1091 non
2832 1033 3144 1089 viventibus
3180 1051 3434 1106 corpora,

1827 1125 1935 1179 nisi
1964 1143 2199 1199 corpora
2222 1128 2391 1181 simul
2421 1127 2675 1197 vitasque
2710 1124 3043 1179 videamus?
3078 1142 3104 1176 »
3149 1124 3435 1190 Sidonius,

1825 1214 1967 1270 libro
1994 1231 2067 1282 IV,
2094 1217 2255 1287 epist.
2276 1217 2345 1271 14
2370 1235 2384 1273 :
2412 1237 2437 1269 α
2461 1217 2604 1281 Quia
2619 1215 2841 1271 Christo
2858 1231 2948 1268 res
2979 1214 3256 1268 humanas
3272 1215 3439 1268 vitas-

1831 1322 1938 1376 que
1997 1307 2363 1373 medicaturo,
2424 1306 2677 1378 putrium
2733 1301 3202 1359 conscientiarum
3257 1305 3437 1360 cultro

1827 1396 2091 1467 squalens
2108 1397 2265 1451 ulcus
2278 1396 2581 1468 aperimus.
2601 1417 2622 1447 ι
2642 1396 2932 1451 Accedunt
2943 1394 3063 1465 [vn]
3078 1394 3439 1451 auctoritates

1828 1486 2194 1555 praecedentis
2223 1486 2617 1553 conclusionis,
2648 1485 2744 1540 ubi
2775 1490 2831 1540 et
2856 1486 2977 1558 ipse
3007 1487 3313 1558 Gregorius
3345 1484 3441 1538 Vi-

1826 1582 1915 1628 tas
1944 1576 2196 1643 Patrum,
2217 1593 2357 1648 quas
2387 1577 2482 1631 hic
2508 1594 2622 1648 prae
2646 1575 2907 1630 manibus
2926 1576 3220 1645 habemus,
3241 1576 3322 1631 ita
3350 1591 3441 1629 vo-

1827 1670 1934 1725 cat,
1968 1666 2115 1735 quod
2136 1683 2201 1719 eo
2230 1666 2458 1720 nomine
2488 1664 2889 1735 vulgatissima)
2920 1673 3130 1725 essent.
3270 1722 3281 1741 ιν

1900 1754 2123 1819 Qumret
2148 1756 2390 1810 secundo
2437 1754 2753 1825 religiosior
2802 1755 2964 1823 alius,
3013 1774 3152 1812 num
3206 1757 3441 1811 Patrum

172 1842 376 1897 Joannis
398 1842 627 1900 Moschi.
657 1842 727 1896 Et
746 1842 861 1897 alia
876 1858 1100 1914 quoque
1122 1843 1248 1898 Mss.
1274 1841 1388 1896 vidi
1409 1858 1532 1914 quae
1553 1841 1744 1915 Πατρι-
1764 1858 2032 1922 Bnomen
2050 1842 2219 1897 nimis
2249 1843 2587 1898 invidiosum
2608 1844 2701 1910 sit,
2725 1860 2829 1898 nec
2850 1844 2920 1898 ab
2942 1845 3221 1916 religiosis
3246 1851 3303 1900 et
3324 1862 3441 1900 ere-

170 1930 243 1984 χόν
265 1948 356 2003 pro
383 1932 549 1986 titulo
572 1931 804 1986 habent.

231 2019 322 2094 [v1]
333 2022 554 2086 Quaeret
562 2022 652 2075 hic
668 2021 850 2093 primo
862 2021 1088 2076 criticus
1101 2021 1400 2092 quispiam,
1416 2039 1538 2093 qum
1550 2023 1746 2077 inscri-

168 2111 266 2181 ptio
284 2110 353 2164 sit
377 2111 580 2181 potior,
601 2110 822 2176 Vitane,
847 2127 920 2164 an
946 2111 1087 2165 Vitae
1104 2111 1190 2165 ?N
1194 2127 1266 2165 on
1296 2111 1440 2165 hanc
1462 2128 1745 2166 moverem

168 2200 524 2271 quaestionem,
548 2199 657 2254 nisi
670 2202 792 2270 jam
820 2199 954 2254 olim
974 2200 1043 2255 de
1066 2217 1133 2254 ea
1165 2201 1462 2270 quaesitum
1482 2201 1741 2271 legissem

167 2291 293 2361 apud
312 2290 641 2359 Gregorium
662 2291 1066 2345 Turonensem.
1087 2290 1186 2344 llle
1204 2289 1397 2360 igitur,
1418 2290 1743 2361 praefatione

164 2380 213 2433 in
237 2379 427 2434 librum
456 2396 625 2434 suum
661 2379 731 2434 de
759 2380 891 2433 Vita
928 2380 1179 2444 Patrum,
1217 2379 1313 2449 qui
1352 2379 1495 2433 liber
1531 2380 1649 2450 agit
1676 2380 1745 2434 de

166 2469 472 2539 quibusdam
502 2469 693 2523 saeculi
718 2468 806 2522 sui
828 2468 1036 2522 sanctis
1064 2468 1203 2521 viris
1239 2486 1249 2521 :
1292 2488 1313 2519 1
1342 2469 1641 2532 Quaeritur.
1664 2468 1745 2523 in-

165 2559 286 2629 quit,
313 2576 344 2613 a
376 2558 734 2629 quibusdam,
769 2562 960 2613 utrum
988 2558 1117 2612 Vita
1147 2562 1468 2612 sanctorum
1499 2575 1572 2612 an
1602 2559 1743 2612 Vitm

166 2649 325 2702 dicere
343 2648 669 2715 debeamus,
694 2648 873 2702 Aulus
895 2647 1107 2702 Gellius
1131 2652 1321 2702 autem
1350 2652 1405 2701 et
1429 2649 1744 2719 complures

164 2737 244 2791 alii
259 2738 764 2793 Grammaticorum
774 2737 932 2791 Vitas
945 2736 1133 2791 dicere
1150 2738 1271 2790 volu
1281 2742 1462 2791 erunt.
1473 2738 1530 2791 Ν
1533 2754 1624 2791 am
1636 2736 1745 2791 Pli-

165 2828 272 2881 nius
298 2832 506 2893 auctor,
543 2828 602 2882 in
634 2828 800 2882 tertio
830 2827 982 2881 Artis
1028 2828 1411 2897 grammatica:
1442 2826 1583 2881 libro
1613 2827 1694 2881 ait
1724 2843 1737 2879 :

168 2936 187 2967 α
213 2917 353 2971 Vitas
383 2917 617 2987 antiqui
633 2918 1016 2987 cujuscunque
1046 2922 1302 2970 nostrum
1331 2916 1619 2984 dixerunt;
1645 2916 1742 2970 sed

163 3007 489 3076 grammatici
521 3006 801 3078 pluralem
838 3022 950 3061 non
984 3012 1189 3077 putant
1224 3005 1432 3059 habere
1460 3007 1669 3079 Vitam.
1719 3029 1736 3054 ο

166 3095 301 3150 Unde
339 3095 694 3151 manifestius
733 3099 836 3159 est,
879 3095 1090 3149 rectius
1122 3095 1230 3149 dici
1274 3095 1463 3148 Vitam
1511 3096 1745 3150 Patrum

1826 1932 1979 1986 mitis
2009 1932 2095 1986 vel
2114 1933 2503 2004 usurpandum
2524 1922 2839 2004 promiscue
2862 1934 2949 1989 vel
2976 1934 3391 1989 admittendum
3414 1935 3438 1988 ?

1828 2022 2224 2093 Hieronymus,
2244 2022 2385 2076 libro
2411 2037 2449 2077 II
2469 2023 2529 2077 in
2546 2023 2707 2094 epist.
2732 2023 2803 2077 ad
2826 2023 3073 2090 Galatas,
3099 2024 3157 2078 in
3178 2025 3440 2096 explana-

1827 2110 1980 2165 tione
1996 2111 2289 2166 commatis
2309 2112 2496 2182 hujus,
2516 2114 2665 2165 Misit
2686 2114 2826 2166 Deus
2845 2115 3113 2180 spiritum
3135 2116 3247 2181 ﬁlii
3265 2116 3357 2168 sui
3375 2117 3437 2167 in.

1826 2202 1989 2255 corda
2015 2206 2204 2255 nostra
2226 2205 2580 2267 clamantem,
2600 2203 2766 2268 Abba,
2794 2204 2958 2256 Pater
2980 2203 3119 2271 (Gal.
3145 2208 3243 2273 Iv),
3262 2202 3439 2256 credi-

1826 2295 1917 2345 tur
1948 2290 2295 2361 improbasse
2326 2290 2478 2363 piam
2501 2292 2907 2347 monachorum
2945 2292 3432 2359 consuetudinem,

1830 2379 1926 2449 qui
1951 2380 2242 2450 praefectos
2267 2396 2398 2435 suos
2426 2379 2655 2434 honoris
2678 2380 2865 2450 gratia
2889 2379 3120 2435 abbates
3160 2387 3218 2435 et
3245 2387 3437 2452 patres

1828 2468 2150 2539 appellant;
2182 2473 2387 2539 pFECtCI‘
2415 2469 2519 2523 hoc
2549 2473 2757 2535 autem,
2793 2469 2963 2523 etiam
2990 2470 3303 2541 juramenti
3339 2471 3436 2541 jus

1829 2556 2165 2611 Christianis
2215 2557 2436 2611 videtur
2477 2558 2772 2612 ademisse.
2810 2558 2994 2613 liabet
3038 2559 3190 2613 enim
3232 2576 3298 2613 eo
3327 2560 3433 2613 loci

1826 2646 1996 2700 verba
2024 2646 2349 2718 hujusmodi
2383 2664 2394 2700 :
2434 2661 2459 2699 α
2493 2648 2634 2702 Cum
2664 2652 2855 2702 autem
2892 2648 3069 2714 Abba,
3097 2649 3283 2715 Pater,
3318 2649 3432 2703 Ile-

1825 2735 1974 2790 braeo
2005 2736 2257 2808 Syroque
2285 2753 2546 2790 sermone
2573 2735 2808 2801 dicatur,
2850 2743 2908 2791 et
2936 2737 3211 2792 Dominus
3241 2744 3434 2792 noster

1827 2825 1886 2879 in
1938 2826 2238 2895 Evangelio
2269 2825 2556 2896 praecipiat
2596 2826 2816 2881 nullum
2845 2827 3074 2880 Patrem
3122 2828 3435 2881 vocandum

1826 2914 1939 2968 nisi
1968 2915 2150 2969 Deum
2182 2916 2393 2983 (Matth.
2424 2914 2571 2983 xxv},
2604 2915 2792 2969 nescio
2829 2933 2942 2987 qua
2969 2916 3197 2972 licentia
3224 2917 3281 2971 in
3313 2934 3434 2971 mo-

1828 3004 2086 3058 nasteriis
2127 3004 2212 3058 vel
2244 3020 2502 3058 vocemus
2531 3004 2636 3058 hoc
2674 3005 2903 3060 nomine
2933 3005 3090 3072 alios,
3132 3006 3217 3060 vel
3250 3006 3435 3060 vocari

1827 3111 1929 3148 nos
1956 3093 2396 3165 acquiescamus.
2431 3094 2501 3149 Et
2528 3098 2679 3149 certe
2714 3094 2837 3166 ipse
2871 3096 3138 3167 praecepit
3178 3096 3302 3163 hoc,
3335 3096 3432 3168 qui

165 3201 312 3254 quam
337 3186 515 3253 Vitas,
549 3183 684 3256 quia
710 3200 838 3238 cum
857 3184 932 3238 sit
958 3184 1254 3239 diversitas
1278 3184 1612 3239 meritorum
1638 3185 1806 3253 vir-c
1829 3182 2046 3237 dixerat
2067 3188 2179 3238 non
2202 3200 2321 3238 esse
2345 3184 2679 3257 jurandum.
2711 3184 2769 3238 Si
2799 3200 2913 3237 non
2935 3185 3215 3254 juramus,
3241 3201 3314 3240 ne
3333 3186 3437 3239 Pa~

165 3278 456 3347 tutumque,
488 3291 607 3331 una
643 3278 866 3330 tantum
904 3290 1098 3330 omnes
1127 3274 1242 3328 vita
1282 3275 1529 3345 corporis
1559 3274 1662 3329 alit
1688 3274 1748 3329 in
1828 3277 1977 3326 trem
2004 3272 2232 3344 quidem
2251 3272 2576 3345 quempiam
2602 3273 3053 3331 nominemus.Si
3073 3274 3141 3328 de
3164 3275 3331 3330 Patre
3352 3274 3435 3329 in-

166 3365 373 3419 mundo.
409 3385 434 3417 ι
1832 3362 2268 3433 terpretabimur
2298 3362 2481 3429 aliter,
2518 3366 2578 3417 ct
2623 3362 2692 3418 de
2729 3362 2973 3435 jurando
3015 3363 3181 3420 aliter
3225 3363 3436 3421 sentire

222 3454 322 3510 Pro
339 3452 614 3525 Gregorio
634 3452 758 3524 quis
778 3453 1055 3508 adducere
1067 3454 1261 3525 possit,
1288 3453 1437 3525 quod
1461 3453 1630 3508 habet
1650 3455 1748 3509 So-
1829 3468 2114 3523 cogemur.
2143 3472 2168 3506 »
2202 3454 2333 3509 Ηωο
2360 3453 2474 3508 ille.

162 3543 347 3614 sipater
367 3543 680 3609 Charisius,
698 3541 841 3597 lib.u
863 3544 1264 3615 Instit.gram.,
1288 3560 1411 3615 cap.
1428 3543 1496 3598 de
1517 3544 1751 3615 Interje—
1906 3543 2016 3597 Sed
2036 3544 2339 3615 respondet
2358 3544 2545 3600 Sixtus
2568 3544 2853 3612 Senensis,
2876 3544 2973 3599 lib.
2997 3560 3051 3599 v1
3066 3545 3426 3601 Bibliotheca:

162 3632 353 3689 ctione:
386 3651 414 3687 1
434 3634 569 3688 Vita
595 3632 778 3688 Deum
798 3632 1226 3688 immortalium.
1261 3633 1399 3688 Cato
1427 3649 1621 3687 senex.
1643 3633 1750 3689 Ubi
1833 3637 2056 3699 sanctae,
2079 3639 2332 3689 annotat.
2348 3633 2453 3690 279
2478 3653 2491 3688 :
2516 3654 2538 3686 1
2563 3634 2840 3703 Arbitror,
2865 3635 2964 3702 ait,
2987 3636 3132 3691 hanc
3141 3636 3435 3708 periodum

162 3722 391 3779 Statilius
447 3721 730 3778 Maximus
780 3740 791 3776 :
854 3721 1185 3794 Ἐκφώνησις,
1245 3722 1448 3789 inquit,
1510 3717 1747 3794 ἀρχαϊκὴ,
1832 3718 2205 3775 aseditiosulo
2226 3719 2492 3793 quopiam
2511 3721 2785 3775 monacho
2807 3720 2866 3775 in
2887 3721 3069 3776 fronte
3091 3721 3310 3793 paginae
3345 3722 3439 3777 de-

162 3812 219 3862 ὡτ
255 3809 308 3864 τό
348 3810 539 3866 [Ida-ot.
591 3810 735 3865 Cum
770 3809 921 3865 enim
963 3811 1101 3864 Cato
1143 3810 1213 3864 de
1256 3810 1511 3882 pluribus
1550 3811 1744 3882 loque-

160 3906 313 3968 retur,
345 3901 477 3955 Vita
511 3900 702 3972 potius
751 3899 891 3955 dixit
919 3916 1091 3971 quam
1134 3900 1295 3954 Vitae.
1334 3919 1361 3951 »
1397 3900 1488 3955 Sic
1520 3901 1744 3955 Flavius

161 3989 403 4061 Vopiscus
450 3990 512 4045 in
560 3988 765 4043 Carino
801 4008 813 4043 :
868 4008 891 4040 1
942 3988 1173 4044 Maxime
1203 4006 1331 4044 cum
1368 3990 1453 4043 vel
1491 3990 1743 4045 vivorum

162 4079 454 4152 principum
483 4079 620 4134 Vita
646 4095 759 4133 non
790 4078 910 4133 sine
956 4078 1391 4149 reprehensione
1429 4080 1673 4140 dicatur.
1715 4097 1744 4135 ι)

180 4206 193 4215 ς
224 4169 359 4224 Olim
387 4175 585 4225 tamen
604 4167 850 4223 obtinuit
868 4172 985 4223 tam
1007 4168 1156 4239 apud
1184 4168 1463 4240 profanos,
1474 4185 1645 4240 quam
1663 4186 1748 4225 ec-

163 4257 479 4316 clesiasticos
505 4257 828 4330 scriptores,
854 4263 921 4313 ut
937 4257 1079 4313 Vitae
1107 4257 1446 4313 dicerentur.
1470 4259 1668 4330 Virgil.
1695 4277 1747 4315 1v

165 4348 344 4421 Georg.
378 4369 389 4404 :

277 4438 518 4505 Quemque
555 4438 648 4489 sibi
691 4443 876 4488 teneras
910 4438 1182 4486 nascentem
1208 4450 1443 4487 arcessere
1473 4437 1609 4488 vitas.

167 4527 301 4584 Idem
318 4546 369 4586 γι
394 4530 645 4599 1Eneid.,
676 4530 746 4586 de
772 4529 996 4586 Minoe:

873 4663 969 4681 .....
999 4625 1230 4691 Vimque
1251 4630 1298 4675 et
1321 4625 1526 4676 crimina
1548 4624 1683 4677 dicit.

167 4706 224 4764 Et
247 4710 437 4766 eodem
466 4709 613 4766 libro
646 4727 659 4766 :

290 4798 404 4850 Inde
430 4799 689 4850 hominum
722 4797 1058 4864 pecudumque
1083 4809 1230 4859 genus
1258 4795 1462 4861 vittaque
1485 4797 1747 4848 volantum.

166 4887 357 4947 Rursus
384 4891 532 4948 libro
560 4890 759 4948 eodem
786 4908 798 4944 :

268 4996 324 5046 ει
353 4998 403 5047 ni
429 4998 573 5048 docte
602 5011 759 5061 comes
784 4995 917 5046 tenui
942 4994 1046 5046 sine
1067 5009 1265 5061 corpore
1289 4994 1412 5047 vites

292 5062 569 5112 Admoneat
591 5060 806 5110 volitare.

175 5157 361 5229 Cicero,
381 5160 452 5216 de
468 5162 604 5216 Nat.
624 5160 789 5217 Deor.
812 5158 907 5215 lib.
931 5173 951 5215 I
978 5177 990 5214 :
1026 5178 1053 5212 α
1093 5160 1250 5216 Deus
1281 5158 1572 5215 hominum
1598 5175 1749 5213 com-

174 5250 321 5305 moda
338 5252 600 5324 vitasque
627 5255 840 5307 tuetur.
867 5269 892 5302 ι
924 5250 1082 5305 Idem
1105 5249 1174 5304 de
1201 5249 1426 5306 Amicit.
1463 5267 1475 5303 :
1515 5267 1541 5301 (ί
1564 5249 1749 5321 Serpit

174 5352 258 5408 per
281 5341 533 5396 omnium
572 5340 714 5396 vitas
762 5338 1030 5399 amicitia.
1069 5359 1093 5393 ι
1135 5340 1449 5408 Terentius,
1482 5339 1745 5414 Adelph.,

175 5432 265 5483 act.
297 5429 346 5496 3,
377 5447 531 5486 scen.
565 5428 595 5485 3
628 5447 639 5484 :

301 5536 542 5602 inspicere
568 5536 876 5602 tenqunmin
898 5537 1143 5602 speculum
1172 5535 1223 5586 in
1248 5535 1373 5586 vitas
1396 5536 1614 5602 omnium

301 5599 464 5660 Iubeo,
492 5604 637 5667 atque
655 5599 706 5649 es
728 5599 1057 5669 aliissumere
1075 5602 1345 5664 exemplum
1369 5599 1478 5650 sibi.

179 5696 504 5777 Capitolinus
533 5700 601 5761 in
623 5700 870 5776 Macrino
888 5717 901 5756 :
920 5718 965 5761 ν‹‹
986 5700 1128 5781 Vitae
1152 5700 1381 5765 illorum
1409 5700 1751 5774 principum,

1773 4562 1825 4622 D

1832 3807 2116 3878 scriptam,
2150 3813 2207 3863 et
2234 3808 2364 3863 inde
2392 3814 2587 3880 postea
2617 3808 2686 3864 ab
2711 3809 3076 3865 oscitantibus
3100 3809 3347 3867 librariis
3375 3811 3437 3866 in

1827 3902 2149 3952 contextum
2205 3898 2559 3952 translatam.
2612 3900 2730 3954 Nec
2774 3916 2865 3953 me
2915 3899 3052 3967 falli,
3099 3906 3434 3971 argumento

1825 3992 1959 4041 sunt
1988 4004 2109 4058 quae
2141 3987 2518 4061 Hieronymus
2546 3988 2826 4043 sententia
2856 3990 3022 4061 plane
3051 3989 3352 4057 contraria,
3379 3995 3437 4045 et

1830 4093 1894 4130 ex
1923 4077 2170 4147 professo
2198 4077 2423 4149 scripsit
2457 4077 2600 4133 libro
2633 4082 2833 4150 quarto
2875 4079 2931 4133 in
2960 4080 3307 4147 Matthzeum,
3337 4079 3434 4135 ubi

1828 4165 2119 4238 inquirens
2133 4168 2411 4239 quomodo
2423 4167 2852 4239 intelligendum
2869 4168 2945 4223 sit
2962 4168 3103 4224 illud
3122 4170 3436 4225 Servatoris

1826 4257 2177 4324 mandatum,
2211 4259 2390 4313 Nolite
2418 4260 2606 4313 vocari
2635 4262 2913 4327 magistri,
2940 4264 2989 4313 ct
3013 4264 3232 4329 patrem
3265 4262 3439 4315 nolito

1828 4363 2018 4402 vocare
2047 4349 2193 4402 vobis
2222 4363 2387 4416 super
2419 4352 2651 4415 terram,
2686 4352 2793 4402 etc.
2828 4349 3045 4416 (Matth.
3076 4364 3231 4417 XXIII,
3269 4348 3324 4417 8,
3358 4350 3435 4416 9),

1830 4436 1909 4491 sic
1933 4436 2014 4491 ait
2041 4455 2052 4491 :
2095 4456 2117 4488 1
2151 4437 2435 4502 Quaeritur
2454 4454 2629 4509 quare
2650 4438 2917 4494 adversus
2943 4439 3050 4494 hoc
3068 4444 3433 4511 praeceptum,

1829 4526 2117 4583 doctorem
2161 4527 2419 4598 gentium
2465 4528 2769 4599 Apostolus
2801 4544 2861 4582 se
2891 4545 3012 4583 esse
3059 4528 3283 4597 dixerit,
3338 4536 3442 4585 aut

1831 4616 2109 4689 quomodo
2137 4617 2362 4688 vulgato
2384 4633 2663 4685 sermone,
2688 4617 2929 4673 maxime
2960 4617 3021 4674 in
3050 4618 3349 4674 Palaestina
3382 4625 3441 4674 et

1829 4706 2055 4779 [Egypti
2068 4706 2444 4775 monasteriis,
2464 4723 2524 4762 se
2550 4706 2788 4763 invicem
2806 4707 3002 4762 Patres
3019 4708 3263 4763 vocant?
3290 4710 3440 4781 quod

1833 4797 1913 4851 sic
1940 4796 2174 4851 solvitur
2204 4813 2214 4825 ·
2246 4796 2416 4851 Aliud
2445 4802 2531 4851 cst
2557 4801 2765 4851 natura
2790 4814 2913 4852 esse
2943 4803 3164 4869 patrem
3194 4799 3280 4853 vel
3314 4816 3438 4855 ma-

1829 4886 2093 4957 gistrum,
2115 4886 2267 4941 aliud
2295 4885 2680 4959 indulgentia;
2710 4904 2815 4943 nos
2835 4888 2883 4942 si
2906 4887 3193 4944 hominem
3216 4894 3438 4963 patrem

1829 4992 2112 5043 vocamus,
2146 4977 2418 5032 honorem
2449 4978 2600 5033 artati
2640 4977 2966 5046 deferimus,
3002 4966 3121 5034 noh
3145 4984 3438 5037 auctorem

1832 5072 2035 5122 nostra:
2056 5067 2405 5123 ostendimus
2426 5068 2863 5142 vita:._Magister
2885 5086 3111 5141 quoque
3135 5069 3343 5126 dicitur
3372 5086 3439 5125 ex

1832 5157 2112 5214 consortio
2133 5158 2249 5212 veri
2275 5158 2549 5229 magistri.
2574 5158 2645 5214 Et
2662 5175 2733 5231 ne
2753 5158 2978 5216 inﬁnita
2998 5160 3282 5232 repiicem,
3307 5176 3443 5232 quo-

1831 5248 1998 5303 modo
2026 5264 2172 5303 unus
2200 5264 2301 5321 per
2328 5253 2592 5304 naturam
2621 5249 2790 5317 Deus,
2829 5254 2887 5304 et
2930 5266 3078 5305 unus
3120 5249 3295 5321 Filius
3326 5264 3440 5309 non

1832 5338 2163 5410 praejudicat
2189 5337 2425 5406 caeteris,
2452 5354 2524 5394 ne
2544 5354 2646 5411 per
2668 5338 3027 5411 adoptionem
3046 5338 3124 5392 dii
3144 5342 3413 5392 vocentur
3427 5377 3441 5405 ,

1834 5434 1893 5485 et
1920 5429 2022 5484 ﬁlii
2041 5448 2053 5497 ;
2075 5429 2158 5485 ita
2179 5434 2236 5485 et
2258 5445 2406 5486 unus
2426 5433 2588 5502 pater
2609 5433 2667 5485 et
2692 5429 2963 5502 magister
2977 5444 3088 5483 non
3111 5427 3443 5499 preejudicat

1833 5519 1976 5588 aliis,
2010 5524 2075 5576 ut
2111 5518 2337 5575 abusive
2384 5520 2741 5592 appellentur
2774 5525 2963 5592 patres
2992 5523 3050 5574 et
3095 5514 3372 5590 magistri.
3408 5540 3435 5590 ai

1832 5611 2117 5689 Hactenus
2148 5627 2213 5665 ex
2238 5610 2365 5665 divo
2398 5610 2743 5683 Hieronymo
2769 5609 2977 5664 Sixtus.

1903 5702 1971 5758 In
1997 5700 2254 5758 eamdem
2274 5716 2496 5775 quoque
2516 5698 3045 5776 sentcntiam_dims
3063 5697 3434 5774 Augustinus,
