3958 6430
454 417 522 475 19
1363 423 1442 479 ΙΝ
1479 423 1690 481 VITAS
1728 426 2024 484 PATRUM
2063 427 2604 486 PROLEGOMENA
2639 427 2836 484 XXVI.
3652 425 3717 484 ‘20

451 546 746 602 collatione
775 546 1209 618 Carthaginensi
1228 549 1418 616 tertia,
1437 551 1618 621 capite
1642 549 1780 607 242:
1807 571 1832 604 «
1856 554 2046 608 Hono-
2063 557 2112 614 A
2129 553 2261 625 quia
2290 553 2632 608 Humbertus
2657 553 2776 626 ipse
2806 551 3090 624 praefatur,
3115 552 3222 624 ipsi
3256 551 3566 607 Humberto
3595 569 3718 608 eum

449 635 738 690 rificentiae
777 653 945 691 causa
977 641 1168 707 patres
1205 638 1554 708 appellamus
1583 656 1678 694 eos
1708 641 1804 712 qui
1835 659 1937 696 nos
1964 643 2051 696 vel

449 728 704 796 tempore
733 726 819 778 vel
857 725 1073 780 meritis
1109 731 1536 796 praecesserunt.
1579 727 1748 782 Aliud
1794 735 1880 784 est
1923 747 2050 784 cum

450 814 752 885 quaerimus
783 814 854 868 ad
892 814 1058 868 ﬁdem
1094 831 1263 886 quem
1294 815 1604 870 habeamus
1638 825 1874 887 patrem.
1905 819 2050 873 Nam

450 903 590 957 illud
617 902 847 957 honoris
875 908 978 971 est,
1009 908 1074 958 ut
1112 904 1361 974 quotidie
1389 904 1614 959 senibus
1651 906 1924 973 dicamus,
1956 925 2052 978 pa-

451 993 572 1057 ter;
592 991 842 1061 quotidie
871 992 1042 1046 etiam
1062 991 1392 1063 quibusdam
1415 1010 1528 1048 non
1553 994 1842 1050 nobiscum
1859 997 1918 1050 in
1937 1013 2052 1052 una

453 1079 709 1147 ecclesia,
740 1097 844 1134 nec
881 1079 940 1134 in
963 1080 1163 1134 iisdem
1188 1083 1556 1136 sacramentis
1584 1085 1902 1139 constitutis
1921 1085 2052 1140 dici-

453 1183 600 1235 mus,
636 1167 830 1222 frater.
857 1169 1002 1240 [VIII]
1026 1169 1329 1224 Sodomitis
1359 1171 1529 1226 etiam
1557 1172 1698 1228 dixit
1725 1174 1850 1241 Lot,
1879 1174 2054 1228 frater

459 1257 610 1323 (Gen.
625 1258 733 1327 XIX)
757 1275 768 1310 :
785 1257 980 1329 utique
991 1258 1062 1312 ad
1073 1258 1394 1314 leniendum
1411 1277 1603 1316 eorum
1614 1262 2027 1318 animositatem
2035 1303 2048 1330 ,

453 1359 570 1399 non
595 1346 665 1400 ad
687 1347 966 1416 cognitam
989 1347 1423 1415 fraternitatem,
1439 1354 1498 1402 et
1515 1349 1672 1420 quasi
1694 1350 1860 1405 unius
1880 1352 2055 1406 haere-

455 1433 632 1489 ditate
647 1435 1010 1490 consortium.
1026 1435 1326 1491 Tollantur
1334 1453 1466 1508 ergo
1480 1437 1606 1492 ista.
1630 1439 2053 1510 Distinguamus

455 1523 744 1590 vocabula,
780 1541 904 1596 quae
941 1525 1262 1580 hominibus
1291 1531 1521 1598 propter
1545 1527 1815 1582 honorem
1845 1527 2054 1583 deben-

457 1615 572 1679 tur,
610 1617 668 1667 et
701 1612 1033 1669 vocabulum
1073 1615 1222 1686 quod
1253 1620 1482 1687 propter
1521 1617 1759 1671 salutem
1806 1617 2056 1689 requiri-

456 1715 604 1760 mus.
635 1721 661 1755 ι

531 1792 641 1848 Sed
675 1796 732 1846 et
758 1791 890 1846 alibi
917 1796 1145 1848 sanctus
1176 1793 1552 1866 Hieronymus
1588 1796 2053 1852 anachoretarum

2133 643 2369 698 fortasse
2398 643 2598 698 tribuit
2619 643 3016 698 Theodoricus.
3043 641 3204 695 Nunc
3226 655 3381 708 Vero,
3417 659 3545 697 cum
3568 642 3716 698 Vitas

2133 730 2234 784 has
2262 732 2504 785 secundo
2526 731 2624 802 [Ix]
2646 732 2794 802 typis
2823 729 3108 795 submitto,
3131 729 3337 800 prodiit
3355 730 3402 784 is
3422 730 3564 785 liber
3579 732 3720 787 Dua-

2131 819 2180 874 ci
2209 820 2357 890 apud
2388 820 2774 874 Balthasarem
2807 819 3090 874 Bellerum
3114 834 3262 872 anno
3281 817 3442 875 1619.

2202 909 2480 963 Jordanus
2501 925 2722 980 quoque
2752 907 2821 962 de
2847 907 3088 962 Saxonia
3115 907 3328 962 ordinis
3351 907 3588 963 fratrum
3610 927 3720 964 ere-

2132 997 2400 1051 mitarum
2427 997 2603 1051 sancti
2631 995 2932 1067 Augustini
2961 995 3168 1050 librum
3195 997 3525 1068 composuit,
3561 1015 3722 1069 quem

2132 1084 2289 1138 Vitas
2316 1086 2578 1140 Fratrum
2597 1084 2899 1156 inscripsit,
2922 1085 3218 1156 editusque
3247 1092 3332 1139 est
3362 1085 3552 1140 Romae
3581 1103 3722 1142 anno

2132 1172 2538 1239 1587,curante
2567 1173 2881 1244 Augustino
2911 1174 3209 1239 Fivizanio,
3241 1174 3495 1244 ejusdem
3516 1176 3724 1231 ordinis

2136 1262 2415 1332 religioso,
2449 1263 2737 1334 apostolici
2781 1262 2977 1334 palatii
3018 1263 3269 1329 sacrista,
3302 1279 3428 1317 cum
3465 1265 3615 1318 notis
3649 1265 3724 1319 M.

2134 1351 2364 1404 Antonii
2415 1351 2609 1407 Μαίῑωὶ
2667 1351 3026 1406 Salernitani.
3079 1351 3354 1421 Josephus
3404 1352 3726 1424 Pamphilus

2135 1439 2426 1511 episcopus
2456 1439 2717 1510 Signinus
2745 1439 2806 1493 in
2836 1439 3113 1494 Chronico
3135 1439 3348 1494 ordinis
3367 1440 3728 1496 eremitarum

2135 1529 2311 1582 sancti
2330 1529 2630 1599 Augustini
2653 1529 2790 1583 citat
2799 1544 2867 1582 ex
2884 1527 3024 1583 Vitis
3038 1527 3148 1582 illis
3165 1528 3388 1582 initium
3413 1529 3728 1600 Spiritualis

2135 1618 2588 1688 pulchritudinis,
2605 1618 2754 1688 quod
2772 1617 2998 1672 initium
3018 1634 3165 1671 nunc
3193 1617 3250 1671 in
3267 1618 3432 1672 editis
3454 1635 3566 1673 non
3585 1635 3730 1674 com-

2136 1711 2315 1776 paret.
2365 1707 2532 1760 Forte
2560 1707 2697 1760 olim
2723 1723 2788 1760 eo
2834 1705 2994 1760 initio
3040 1705 3294 1778 praefatio
3338 1705 3446 1761 fuit
3482 1708 3724 1778 praeﬁxa,

2137 1811 2260 1866 qua:
2289 1812 2438 1850 nunc
2461 1795 2636 1850 deest.

459 1881 741 1952 principes
773 1885 962 1952 patres
1001 1886 1162 1936 vocat
1191 1882 1352 1954 epist.
1403 1882 1493 1948 22,
1525 1883 1597 1938 ad
1642 1885 2005 1940 Eustochium
2037 1869 2122 1939 :B
2205 1884 2434 1938 Accedit
2453 1885 2624 1938 etiam
2637 1889 2884 1938 vetustos
2905 1885 3176 1956 quosdam
3198 1885 3574 1939 Mss.titulum
3596 1902 3728 1956 pne-

463 1987 492 2024 ‹‹
515 1970 812 2037 Macarius,
841 1969 1070 2034 Pambo,
1103 1970 1370 2038 Isidorus,
1397 1989 1536 2042 quos
1564 1978 1753 2044 patres
1781 1979 1998 2029 vocant.
2023 1992 2049 2027 ι)

461 2059 704 2130 Cyrillus
731 2058 903 2113 etiam
935 2059 1344 2114 Alexandrinus
1378 2060 1668 2132 epistolam
1703 2079 1869 2134 quam
1902 2063 2058 2118 misit

457 2147 530 2202 ad
569 2147 928 2219 presbyteros
957 2151 1015 2202 et
1054 2148 1334 2214 diaconos,
1370 2166 1492 2220 quae
1530 2150 1769 2206 habetur
1797 2152 1854 2206 in
1901 2153 2056 2206 Actis

457 2237 658 2308 synodi
687 2235 996 2308 Ephesinae,
1031 2241 1192 2308 parte
1229 2251 1272 2302 Ι,
1304 2254 1425 2310 cap.
1458 2237 1512 2303 2,
1544 2239 1710 2294 simul
1750 2241 2052 2313 inscripsit,

460 2323 694 2395 Πατράσι
722 2333 980 2396 μοναχοῒς,
1016 2343 1042 2377 α
1075 2324 1336 2380 Patribus
1367 2327 1672 2382 monachis.
1706 2349 1733 2383 ι

529 2413 752 2477 Quaeret
774 2412 944 2468 tertio
969 2413 1206 2470 fortasse
1242 2415 1556 2472 curiosulus
1586 2417 1788 2489 aliquis
1817 2419 1966 2474 unde
1997 2419 2056 2474 in

455 2501 738 2575 plerisque
765 2501 922 2557 libris
950 2503 1115 2558 editis
1145 2505 1308 2576 quasi
1335 2510 1488 2560 recto
1515 2523 1668 2574 casu,
1699 2508 1786 2561 vel
1814 2503 2055 2572 ἀπτώτως

406 2605 408 2608 '
457 2607 558 2646 seu
586 2590 1061 2646 indeclinabiliter
1087 2592 1246 2647 Vitas
1283 2593 1517 2649 Patrum
1558 2595 1896 2650 inscribatur
1920 2597 1945 2650 ?
1971 2599 2057 2652 Ita

459 2680 688 2756 quidem
705 2679 876 2734 editio
896 2679 1130 2747 Veneta,
1149 2697 1296 2736 anno
1320 2681 1476 2750 1508,
1497 2684 1555 2738 in
1567 2685 1748 2740 fronte
1771 2702 1871 2756 pro
1887 2687 2052 2742 titulo

457 2767 698 2840 praefert.
744 2768 1093 2840 Respondeo,
1137 2770 1311 2825 videri
1339 2773 1517 2843 possit
1545 2778 1731 2828 ortum
1763 2791 1828 2828 ex
1855 2775 2052 2846 primis

457 2856 793 2928 quibusdam
813 2857 1170 2926 editionibus,
1197 2859 1257 2914 in
1279 2859 1481 2932 quibus
1519 2877 1646 2916 cum
1671 2863 1888 2918 nullum
1909 2863 2052 2919 libro

456 2945 868 3018 frontispicium
896 2948 1238 3020 praeﬂgatur,
1273 2949 1370 3004 sed
1411 2949 1637 3006 initium
1663 2953 2054 3024 appellationis

457 3033 730 3102 ducatur;
765 3035 904 3090 vela
932 3036 1160 3107 prologo
1187 3037 1284 3110 qui
1314 3038 1373 3092 in
1402 3039 1877 3112 Norimbergensi,
1907 3059 2054 3098 anno

460 3121 620 3191 1478,
651 3123 731 3178 sic
755 3123 924 3178 habet
953 3143 965 3179 :
999 3126 1204 3194 Incipit
1227 3130 1493 3196 protogus
1521 3133 1702 3184 sancti
1726 3132 2058 3217 Hieronymi

2135 1972 2282 2026 ferre
2301 1972 2452 2027 Vitas
2473 1974 2726 2028 Patrum.
2751 1974 2840 2028 Ita
2857 1972 3000 2028 liber
3031 1973 3364 2028 Vedastinus
3393 1979 3525 2028 ante
3555 1991 3730 2030 annos

2137 2078 2308 2133 supra
2334 2075 2468 2116 DCCC
2497 2062 2736 2133 scriptus
2764 2061 2986 2128 litteris,
3027 2067 3095 2116 ut
3130 2066 3346 2127 vocant,
3379 2062 3727 2133 capitalibus.

2210 2151 2317 2206 Sed
2339 2167 2452 2221 qua
2468 2151 2856 2220 grammatica,
2888 2151 2973 2205 vel
3003 2167 3114 2222 qua
3143 2151 3436 2205 occasione
3468 2151 3611 2206 liber
3637 2153 3731 2208 ille

2137 2241 2218 2294 ita
2245 2239 2590 2310 inscriptus?
2617 2241 2682 2294 D.
2708 2240 2984 2310 Georgius
3005 2239 3382 2306 Colvenerius,
3398 2241 3472 2294 M.
3497 2241 3566 2296 N.
3591 2243 3734 2296 Aca-

2137 2329 2334 2384 demiae
2364 2329 2639 2382 Duacenaa
2660 2329 3045 2394 cancellarius,
3079 2328 3453 2395 existimabat,
3477 2331 3736 2385 vetustis-

2137 2418 2279 2472 simo
2308 2434 2463 2471 more
2493 2418 2562 2472 ad
2585 2418 2907 2472 Graecorum
2924 2417 3300 2472 imitationem
3324 2417 3528 2472 librum
3551 2419 3736 2490 primo

2137 2507 2348 2561 dictum
2370 2513 2426 2560 et
2445 2507 2794 2578 inscriptum,
2811 2508 2966 2560 Liber
3007 2507 3148 2560 Vitas
3177 2508 3426 2572 Patrum,
3455 2523 3556 2577 pro
3579 2510 3737 2562 Liber

2148 2597 2272 2648 Vita:
2298 2597 2552 2659 Patrum,
2583 2595 2638 2648 id
2669 2599 2773 2661 est,
2804 2593 2947 2648 liber
2985 2593 3081 2664 qui
3112 2594 3362 2648 continet
3410 2595 3596 2650 Vitam
3625 2597 3735 2650 Pa-

2135 2688 2315 2749 trum;
2347 2688 2412 2738 ut
2435 2683 2590 2736 Vitas
2623 2683 2697 2737 sit
2721 2682 3001 2752 genitivus
3042 2682 3363 2752 singularis,
3396 2689 3462 2738 ut
3490 2684 3732 2740 familias

2134 2771 2194 2826 in
2229 2771 2654 2844 paterfamilias.
2685 2771 2898 2826 Deinde
2927 2772 3084 2825 Liber
3121 2771 3390 2825 omissum
3419 2789 3562 2837 esse,
3593 2773 3732 2828 sim-

2135 2861 2464 2932 pliciterque
2501 2861 2712 2914 dictum
2753 2861 2896 2914 Vitas
2922 2861 3175 2914 Patrum.
3222 2861 3336 2931 Ego
3376 2877 3504 2916 vero
3543 2863 3732 2918 nescio

2137 2965 2209 3004 an
2230 2950 2509 3022 quispiam
2536 2949 2680 3003 hanc
2699 2947 3051 3020 antiquitatis
3069 2949 3306 3004 formam
3327 2950 3386 3004 in
3407 2951 3732 3022 posteriori-

2135 3037 2242 3093 bus
2265 3039 2484 3093 seeculis
2506 3039 2581 3092 sit
2611 3037 2978 3093 admissurus.
3013 3039 3176 3093 Certe
3205 3040 3448 3094 Joannes
3477 3041 3732 3112 Despau-

2136 3126 2330 3193 terius,
2364 3127 2460 3182 lib.
2487 3142 2528 3181 II
2560 3127 3107 3182 Commentariorum
3131 3128 3649 3198 grammaticorum,
3673 3129 3735 3184 in

449 3213 759 3282 presbyteri
785 3216 849 3268 in
870 3215 1038 3268 libros
1071 3215 1214 3269 Vitas
1233 3218 1468 3272 Patrum
1494 3236 1512 3282 ;
1535 3218 1620 3272 vel
1643 3235 1678 3274 a
1698 3213 1958 3290 registro,
1992 3226 2058 3276 ut
2079 3229 2121 3290 ρ
2136 3217 2322 3288 prima
2348 3215 2856 3283 declinatione,ait:
2883 3215 3051 3271 Liber
3081 3219 3223 3271 Vitas
3250 3220 3486 3272 Patrum
3511 3217 3591 3273 sic
3618 3234 3737 3275 non

455 3301 516 3356 in
553 3301 900 3356 Germanicis
932 3302 1133 3358 incerti
1160 3304 1286 3375 loci,
1319 3321 1466 3361 anno
1502 3305 1636 3365 1483
1667 3313 1724 3363 et
1755 3307 1892 3364 1485
1927 3328 1939 3363 :
1983 3312 2050 3364 In
2132 3306 2356 3373 dicitur,
2389 3305 2486 3359 sed
2521 3307 2646 3360 Vita:
2668 3307 2924 3370 Patrum;
2954 3305 3067 3376 legi
3098 3308 3240 3360 Vitas
3268 3308 3524 3373 Patrum,
3551 3312 3659 3362 etc.

460 3395 825 3461 antiquorum
847 3394 1084 3448 Patrum
1122 3395 1286 3462 Vitas,
1324 3412 1360 3450 a
1385 3398 1540 3455 beato
1569 3399 1905 3468 Hieronymo
1932 3415 2058 3454 con-

459 3482 693 3550 scriptas
717 3485 1036 3548 registrum;
1054 3481 1261 3538 factum
1276 3483 1498 3540 videtur
1517 3490 1582 3541 ut
1594 3488 1932 3558 posteriores
1946 3489 2059 3543 edi-

459 3572 634 3636 tores,
666 3569 824 3624 Vitas
853 3570 1106 3638 Patrum,
1139 3567 1398 3638 ἆπτώτως,
1431 3591 1531 3630 seu
1559 3575 1940 3632 inﬂexibiliter
1966 3594 2060 3632 ce-

459 3659 668 3731 perint.
688 3658 851 3714 Certe
869 3659 1054 3732 prima
1067 3661 1318 3717 omnium
1337 3663 1527 3732 editio,
1542 3665 1697 3720 nullo
1719 3671 1870 3721 certo
1887 3682 2053 3732 anno,

459 3748 602 3818 loco,
637 3749 986 3822 typographo
1038 3751 1366 3822 consignata
1409 3753 1576 3808 aliter
1602 3753 1772 3809 habet
1805 3772 1818 3810 :
1852 3758 2058 3826 Incipit

452 3838 712 3908 praefatio
742 3839 885 3892 beati
915 3839 1246 3908 Hieronymi
1273 3843 1584 3912 presbyteri
1616 3846 1681 3898 in
1700 3847 1959 3912 primum
1985 3847 2059 3899 li-

464 3928 628 3982 brum
639 3927 702 3981 de
723 3929 839 3982 Vita
853 3934 1170 3983 sanctorum
1185 3931 1522 3987 Patrum.Ut
1531 3947 1644 3986 non
1655 3931 1937 3988 immerito
1955 3933 2062 3988 Ga-

461 4014 626 4070 lenus
650 4015 1076 4087 Westcapellus,
1101 4018 1378 4073 catechesi
1402 4018 1508 4076 225
1538 4026 1754 4076 asserat
1771 4038 1831 4076 se
1846 4021 2060 4076 nescire

464 4119 578 4176 qua
603 4104 972 4176 grammatica
993 4105 1137 4161 liber
1155 4107 1247 4161 hic
1265 4107 1603 4163 inscribatur
1628 4109 1788 4164 Vitas
1802 4109 2056 4164 Patrum.

537 4193 648 4248 Sed
674 4210 787 4249 non
806 4199 1092 4267 acceptam
1114 4196 1462 4252 occasionem
1491 4213 1561 4252 ex
1585 4197 1783 4270 primis
1807 4198 2062 4254 editioni-

461 4280 569 4338 bus
583 4281 788 4338 librum
806 4300 934 4339 eum
954 4285 1186 4343 vocandi
1198 4284 1610 4341 etinscribendi
1627 4286 1785 4342 Vitas
1804 4287 2058 4355 Patrum,

462 4371 551 4428 vel
577 4371 709 4428 inde
739 4378 916 4446 patet,
940 4375 1090 4446 quod
1118 4379 1337 4429 constet
1361 4375 1653 4446 antiquam
1682 4375 1854 4431 fuisse
1877 4377 2064 4448 appel-

2209 3394 2529 3449 Hadrianus
2580 3395 2825 3449 Courten
2873 3400 3084 3462 noster,
3133 3395 3422 3466 Belgiique
3461 3396 3638 3451 nostri
3677 3396 3740 3452 in

2137 3483 2518 3554 grammaticas
2537 3483 2799 3555 palaestra
2825 3483 2968 3537 alter
2997 3483 3298 3550 Palaemon,
3323 3484 3607 3540 existimat
3624 3485 3740 3540 im-

2139 3573 2398 3645 peritiam
2446 3571 2732 3644 scriptoris
2777 3589 2844 3626 ex
2883 3571 2971 3626 his
3019 3572 3199 3627 verbis
3243 3575 3359 3628 Vita
3386 3572 3443 3628 S.
3474 3576 3734 3642 Patrum,

2139 3662 2334 3718 fecisse
2373 3663 2514 3716 Vitas
2563 3663 2818 3732 Patrum,
2852 3659 3129 3734 probabili
3154 3661 3214 3716 in
3241 3661 3442 3734 primis
3473 3662 3742 3736 lacilique

2140 3753 2480 3823 conjectura.

2209 3840 2349 3896 Mihi
2372 3855 2502 3895 vero
2523 3837 2846 3895 occurrebat
2861 3839 3032 3910 hujus
3051 3839 3441 3911 appellationis
3461 3840 3742 3912 originem

2141 3929 2470 4001 proﬂuxisse
2491 3947 2557 3984 ex
2579 3935 2835 3984 veterum
2861 3929 3144 3995 citatione,
3165 3930 3262 4000 qui
3279 3930 3360 3984 ita
3387 3930 3502 3986 fere
3531 3929 3746 3986 librum

2141 4018 2291 4072 hunc
2337 4017 2530 4084 citant,
2581 4017 2712 4072 licet
2745 4016 2912 4071 verbo
2967 4017 3178 4083 addito,
3215 4023 3282 4072 ut
3329 4024 3488 4090 patet
3543 4019 3635 4073 hic
3679 4018 3747 4074 in

2141 4106 2325 4177 prima
2351 4106 2722 4172 conclusione,
2743 4105 2840 4161 ubi
2869 4106 3124 4162 Gelasius
3146 4107 3243 4172 ait,
3266 4127 3290 4156 ι
3326 4107 3475 4162 Vitas
3504 4109 3746 4164 Patrum

2141 4212 2268 4251 cum
2289 4195 2442 4250 omni
2462 4195 2673 4250 honore
2691 4195 3045 4267 suscipimus.
3068 4213 3097 4250 ι)
3114 4196 3439 4252 Gennadius
3465 4214 3476 4250 :
3505 4215 3532 4248 ί(
3549 4197 3753 4254 Petro-

2143 4285 2271 4340 nius
2291 4285 2577 4356 scripsisse
2603 4289 2836 4356 putatur
2857 4284 3008 4339 Vitas
3037 4285 3288 4340 Patrum.
3313 4303 3340 4339 ι
3374 4285 3746 4342 Paschasius:

2148 4393 2170 4425 ι
2191 4373 2347 4429 Vitas
2371 4374 2600 4428 Patrum
2623 4375 2814 4444 jussus
2841 4374 2901 4427 in
2917 4373 3181 4428 Latinum
3200 4374 3508 4430 transferre
3531 4390 3753 4432 sermo-

463 4461 736 4517 lationem
765 4461 924 4518 Vitas
953 4463 1206 4531 Patrum,
1239 4463 1408 4518 etiam
1435 4469 1566 4519 ante
1611 4465 2056 4536 impressionem.
2076 4468 2287 4527 Dnem.
2313 4480 2340 4516 ιδ
2365 4463 2754 4518 Cassiodorus:
2787 4483 2810 4512 ιι
2840 4461 2994 4518 Vitas
3015 4463 3247 4518 Patrum
3269 4463 3636 4534 proculdubio
3656 4481 3754 4520 re-

466 4550 696 4608 Clarum
714 4551 772 4606 id
803 4557 893 4607 est
911 4551 1069 4608 Vitas
1096 4552 1378 4620 Fratrum,
1397 4569 1635 4624 quarum
1653 4558 1912 4609 auctores
1933 4555 2064 4610 hinc

463 4655 633 4696 suum
659 4641 892 4696 titulum
917 4641 1178 4696 videntur
1204 4641 1458 4697 hausisse
1488 4648 1546 4696 et
1583 4643 1966 4702 adumbrasse.
1995 4645 2064 4699 Et

466 4729 697 4802 quidem
718 4731 969 4786 diversus
991 4747 1024 4786 a
1039 4731 1273 4786 diversis
1295 4748 1360 4786 eo
1379 4732 1544 4787 titulo
1559 4731 1702 4788 liber
1729 4737 1815 4788 est
1832 4733 2064 4804 insigni-

463 4823 578 4874 tus.
608 4819 952 4874 Humbertus
993 4821 1223 4891 quintus
1250 4821 1522 4891 magister
1545 4822 1826 4892 generalis
1851 4823 2062 4876 ordinis

463 4907 541 4966 D.
569 4907 869 4976 Dominici,
891 4909 1096 4964 dicitur
1115 4909 1270 4964 Vitas
1289 4911 1550 4964 Fratrum
1571 4911 1659 4966 sui
1683 4911 1894 4966 ordinis
1921 4929 2066 4966 com-

463 4997 739 5070 posuisse,
785 5003 850 5053 ut
893 4997 1064 5052 habet
1090 4997 1264 5054 frater
1289 4999 1672 5055 Theodoricus
1715 5001 1784 5056 de
1825 5001 2062 5072 Apoldia

465 5085 707 5158 epistola
732 5085 1052 5158 prafatoria
1086 5092 1219 5145 ante
1266 5087 1451 5146 Vitam
1481 5089 1662 5144 sancti
1700 5090 1996 5157 Dominici,
2025 5091 2062 5146 5

465 5174 728 5246 Augusti.
761 5175 1027 5231 Nondum
1045 5175 1156 5231 vidi
1185 5192 1316 5233 eum
1339 5177 1546 5234 librum
1573 5179 1844 5250 prodiisse
1865 5196 1930 5234 eo
1957 5196 2059 5235 au-

465 5269 640 5321 ctore.
671 5263 868 5320 Habeo
899 5280 1071 5337 penes
1097 5281 1191 5321 me
1216 5266 1340 5321 Mss.
1371 5268 1528 5323 Vitas
1557 5269 1817 5324 Fratrum
1847 5269 2060 5324 ordinis

463 5352 534 5409 D.
565 5353 865 5421 Dominici,
889 5358 1116 5410 auctore
1143 5354 1393 5412 Gerardo
1412 5357 1481 5412 de
1509 5358 1781 5414 Fracheto
1803 5359 2058 5413 Domini-

466 5458 626 5511 cano,
647 5443 744 5514 qui
763 5458 894 5498 eum
921 5443 1129 5500 librum
1148 5446 1371 5518 scripsit
1391 5449 1556 5518 jussu
1574 5447 1870 5504 Humberti
1893 5463 2060 5519 gene-

466 5531 602 5586 ralis
621 5531 804 5602 quinti
819 5548 967 5588 anno
990 5531 1144 5590 1260.
1165 5536 1314 5592 Citat
1332 5542 1389 5591 et
1407 5553 1538 5592 eum
1553 5539 1830 5593 Antonius
1853 5538 2062 5592 Senen-

469 5620 546 5676 sis
565 5619 624 5674 in
637 5619 982 5678 Bibliotheca
992 5625 1328 5697 scriptorum
1349 5626 1436 5682 sui
1463 5627 1702 5686 ordinis.
1726 5627 1871 5691 Quia
1889 5626 2062 5698 igitur

469 5709 739 5786 auspiciis
757 5711 1053 5774 Humberti
1067 5731 1197 5776 eum
1211 5717 1419 5776 librum
1439 5716 1664 5792 scripsit
1680 5716 1983 5785 Gerardus,
2003 5720 2062 5772 et

2143 4552 2354 4624 peritis.
2392 4571 2416 4604 »
2455 4553 2689 4608 Sanctus
2732 4551 3106 4607 Benedictus:
3146 4569 3174 4606 α
3200 4553 3378 4624 Legat
3401 4569 3549 4609 unus
3584 4553 3753 4610 Vitas

2147 4642 2394 4697 Patrum.
2433 4662 2455 4693 ι
2511 4641 2816 4712 Gregorius
2842 4641 3224 4696 Turonensis:
3264 4660 3287 4693 ι
3326 4641 3476 4696 Vitas
3505 4643 3752 4699 Patrum

2145 4730 2446 4785 abscedens
2482 4730 2552 4784 ab
2598 4747 2663 4785 eo
2691 4731 2885 4786 direxi.
2933 4749 2960 4782 »
2993 4729 3138 4784 Hinc
3164 4729 3358 4802 igitur,
3411 4730 3546 4802 quia
3569 4731 3756 4788 toties

2143 4820 2292 4891 apud
2320 4825 2576 4874 auctores
2607 4819 2868 4890 legebant
2883 4818 3111 4890 quidam
3151 4821 3294 4873 Vitas
3321 4822 3579 4888 Patrum,
3612 4837 3756 4876 eam

2146 4909 2580 4981 appellationem
2607 4914 2843 4982 τεχνικῶς
2871 4908 3013 4963 libro
3049 4907 3324 4962 indidere.
3372 4909 3522 4964 Satis
3548 4914 3757 4967 autem

2141 5003 2362 5054 constat
2390 5013 2454 5053 ex
2479 4997 2769 5052 Gennadio
2798 5013 2969 5070 supra
2986 4997 3176 5066 citato,
3199 4996 3408 5053 librum
3427 4998 3576 5054 hunc
3605 4999 3757 5056 olim

2141 5094 2290 5144 recte
2317 5088 2375 5142 in
2398 5093 2550 5142 recto
2579 5087 2911 5159 inscriptum
2944 5089 3068 5142 Vita:
3090 5089 3346 5142 Patrum.
3369 5088 3457 5142 Ita
3476 5087 3626 5142 enim
3647 5088 3757 5144 ille

2141 5195 2262 5250 cap.
2304 5176 2385 5244 14,
2407 5178 2466 5232 in
2487 5177 2722 5246 Evagrio
2745 5193 2762 5231 :
2796 5195 2821 5228 ι
2855 5175 3030 5246 Cujus
3051 5176 3221 5231 etiam
3239 5175 3398 5244 liber,
3425 5175 3521 5248 qui
3540 5177 3757 5233 attitu-

2141 5268 2293 5323 latur
2329 5269 2450 5322 Vita:
2470 5269 2725 5333 Patrum,
2746 5265 2898 5320 velut
2916 5265 3384 5323 continentissimi
3404 5271 3464 5322 et
3481 5266 3758 5323 eruditis-

2141 5357 2270 5412 simi
2297 5356 2401 5411 viri
2429 5355 2776 5410 mentionem
2810 5353 2962 5408 facit.
2996 5373 3024 5408 »
3105 5406 3111 5414 ,

2588 5452 3079 5510 PROLEGOMEN
3082 5453 3182 5510 ON
3207 5453 3280 5508 II.

2467 5533 2574 5600 Qui
2597 5533 2799 5588 horum
2832 5534 3108 5588 librorum
3135 5537 3406 5589 auctores.

2214 5624 2290 5695 [x]
2321 5623 2424 5678 Hic
2442 5639 2571 5677 vero
2593 5621 2758 5678 cardo
2771 5622 2945 5678 totius
2963 5621 3046 5678 rei
3075 5621 3326 5678 vertitur.
3354 5623 3430 5680 Ut
3449 5623 3600 5680 enim
3620 5639 3759 5682 mo-

2142 5718 2289 5771 netae
2317 5727 2430 5770 non
2457 5716 2680 5770 tantum
2713 5728 2751 5770 a
2775 5713 3043 5787 pondere,
3075 5711 3175 5771 sed
3205 5717 3263 5772 et
3288 5711 3360 5771 ab
3389 5713 3576 5790 efﬁgie
3597 5729 3758 5775 suus
