3958 6404
431 313 502 374 23

435 528 793 584 familiariter
812 533 994 594 notus,
1020 527 1186 598 longe
1216 528 1329 582 alia
1358 528 1547 582 refert.
1583 548 1608 582 »

513 617 783 690 Equidem
813 617 961 688 quod
991 617 1295 683 Palladius,
1330 618 1413 672 vel
1442 618 1694 690 quisquis
1711 618 1839 673 libri
1868 619 2038 690 hujus

439 713 526 763 est
543 713 756 773 auctor,
779 707 1005 777 utrique
1029 706 1274 761 Macario
1291 706 1639 762 familiariter
1659 713 1824 762 notus
1844 709 2031 776 fuerit,

439 798 499 853 in
528 798 631 851 hoc
658 795 819 861 libro,
852 811 953 850 seu
980 795 1126 850 Vitis
1162 797 1396 851 Patrum
1444 813 1556 851 non
1587 797 1792 852 dicitur
1807 817 1832 866 ;.
1852 798 1950 852 sed
1977 799 2038 853 in

439 885 563 957 ipsa
581 884 818 939 Palladii
832 883 1106 939 Lausiaca
1136 884 1386 938 Historia
1407 885 1703 956 proﬁtetur
1732 885 2035 952 Palladius,

433 991 498 1030 se
527 973 771 1029 Macario
793 972 1170 1028 Alexandrino
1193 973 1515 1028 convixisse.

511 1063 624 1118 Sed
654 1068 718 1118 ut
747 1063 1024 1117 Galenum
1053 1078 1243 1116 errore
1271 1061 1524 1129 liberem,
1559 1079 1673 1118 non
1695 1063 1765 1118 de
1793 1064 2038 1119 Macario

438 1151 704 1225 Egyptio
723 1152 810 1205 vel
828 1150 1205 1206 Alexandrino
1237 1153 1322 1220 (ut
1351 1151 1596 1206 Galenus
1616 1151 1840 1206 videtur
1857 1153 2041 1208 existi-

440 1242 644 1309 masse)
671 1245 938 1295 narratur
971 1256 1039 1294 ea
1064 1239 1377 1307 historiola,
1409 1241 1508 1294 sed
1548 1241 1617 1294 de
1656 1241 1898 1296 Macario
1927 1243 2040 1296 Ro-

443 1346 634 1397 mano,
665 1329 827 1400 cujus
855 1328 1046 1383 Vitam
1076 1327 1258 1400 primo
1288 1328 1430 1383 libro
1454 1329 1545 1384 hic
1571 1331 1816 1402 reperies
1841 1349 1854 1399 ;
1877 1330 2045 1386 habe-

443 1424 540 1474 tur
569 1433 789 1490 quoque
820 1433 889 1472 ea
915 1417 986 1472 de
1016 1416 1241 1473 Macarii
1283 1434 1315 1472 e
1341 1418 1592 1485 thalamo
1627 1419 1760 1490 fuga
1793 1419 2042 1475 narratio

445 1508 505 1564 in
535 1507 759 1563 decreto
783 1506 872 1574 27,
898 1523 952 1578 q.
984 1505 1038 1574 2,
1073 1523 1195 1579 cap.
1227 1505 1315 1575 26,
1349 1506 1602 1576 Scripsit.

519 1597 662 1662 Quia
673 1601 863 1651 tamen
881 1601 937 1650 et
953 1595 1013 1650 in
1038 1595 1144 1650 hoc
1162 1595 1326 1662 libro,
1345 1602 1402 1650 et
1414 1613 1472 1650 1n
1487 1597 1758 1652 Lausiaca
1774 1597 2039 1665 Historia,

447 1686 645 1742 eadem
675 1686 790 1740 fere
821 1685 969 1756 [xm]
993 1701 1106 1739 non
1141 1690 1365 1740 tantum
1392 1686 1461 1740 de
1502 1691 1740 1757 utroque
1779 1687 2041 1752 Macario,

447 1776 546 1831 sed
575 1781 632 1830 et
659 1773 728 1830 de
767 1773 892 1829 aliis
937 1773 1220 1846 plerisque
1269 1773 1526 1829 omnibus
1574 1774 1872 1842 habentur,
1929 1765 2106 1831 nonB

447 1865 633 1920 inanis
661 1863 888 1918 omnino
921 1863 1164 1934 suspicio
1187 1868 1290 1930 est,
1309 1863 1393 1916 vel
1413 1869 1698 1918 auctorem
1719 1864 1888 1935 hujus
1917 1865 2044 1919 libri

450 1970 485 2008 a
513 1953 782 2018 Palladio,
811 1952 898 2006 vel
925 1951 1076 2007 hunc
1105 1950 1176 2006 ab
1215 1952 1330 2018 illo,
1367 1953 1452 2006 vel
1483 1958 1786 2024 utrumque
1816 1971 1850 2009 a
1876 1955 2044 2008 tertio

447 2042 732 2114 quopiam,
765 2041 962 2096 ordine
983 2045 1208 2096 tantum
1223 2047 1462 2108 mutato,
1496 2040 1831 2114 quibusdam
1859 2043 2044 2098 detra-

411 2129 420 2136 ’
445 2131 550 2187 ctis
570 2131 655 2185 vel
686 2130 910 2198 additis,
941 2145 1046 2184 sua
1073 2134 1380 2185 mutuatos.

515 2221 616 2275 Est
642 2220 870 2292 quidem
888 2218 1160 2274 nonnulla
1177 2219 1235 2272 in
1255 2219 1578 2274 narratione
1606 2219 1917 2287 diversitas,
1945 2221 2043 2276 sed

445 2325 514 2366 ea
531 2325 823 2381 perparva.
846 2309 993 2364 Nam
1019 2308 1079 2362 in
1103 2307 1210 2362 hoc
1229 2307 1372 2363 libro
1395 2326 1515 2380 cap.
1541 2309 1591 2376 1,
1615 2310 1762 2382 quod
1785 2310 1854 2364 de
1873 2311 2044 2365 Joan-

446 2415 518 2454 ne
543 2404 645 2465 est,
660 2402 856 2452 narrat
881 2402 1080 2453 auctor
1107 2413 1166 2451 se
1195 2413 1322 2452 cum
1351 2403 1566 2468 septem
1588 2397 1856 2453 fratribus
1875 2400 2044 2454 Joan-

447 2505 579 2544 nem
605 2487 932 2554 accessisse;
976 2488 1036 2541 in
1060 2485 1332 2541 Lausiaca
1359 2491 1548 2541 autem
1581 2487 1822 2543 Historia
1849 2495 2046 2543 narrat

448 2583 644 2632 auctor
666 2575 815 2648 quod
845 2575 998 2630 solus
1034 2575 1308 2630 Joannem
1335 2575 1673 2643 convenerit,
1707 2581 1764 2632 et
1783 2584 1909 2648 post
1935 2577 2044 2632 fra-

446 2665 628 2722 tribus
663 2664 780 2719 suis
810 2662 975 2718 sociis
1021 2663 1092 2716 de
1127 2679 1194 2716 eo
1223 2662 1568 2731 indicaverit,
1603 2665 1698 2736 qui
1743 2665 1944 2720 deinde
1972 2666 2044 2720 ad

449 2771 580 2810 eum
601 2753 833 2826 profecti
852 2757 1005 2819 sunt,
1033 2767 1100 2807 ex
1128 2768 1368 2823 quorum
1401 2759 1596 2808 narrat
1623 2770 1720 2809 ore
1750 2770 1873 2826 qua:
1901 2772 2044 2827 prm-

445 2849 538 2899 ter
563 2860 632 2898 ea
657 2859 826 2914 quam
855 2841 975 2913 ipse
1003 2840 1219 2896 viderat
1235 2841 1306 2896 de
1321 2843 1535 2898 Joanne
1563 2841 1754 2899 refert.
1787 2845 2046 2916 Prolego-

447 2948 614 2988 meno
646 2929 732 2998 14,
766 2931 824 2986 in
852 2931 1159 3002 interprete
1178 2930 1309 2986 libri
1334 2945 1458 2987 vm.

521 3021 795 3094 Equidem
826 3021 886 3076 in
913 3019 1290 3076 vetustissimo
1333 3020 1579 3092 quodam
1616 3021 1805 3078 libello
1841 3039 2042 3078 manu-

450 3113 656 3186 scripto
667 3111 886 3182 collegii
896 3111 1075 3166 nostri
1085 3111 1412 3182 Brugensis,
1429 3127 1539 3183 quo
1548 3112 1712 3168 variae
1723 3117 2046 3170 sanctorum

447 3203 590 3259 Vita;
620 3201 997 3268 continentur,
1027 3205 1195 3273 atque
1222 3201 1372 3256 inter
1397 3206 1626 3257 caeteras
1657 3203 1895 3258 Abrahae
1923 3220 2048 3259 ere-

448 3290 989 3364 mitaa,praamittitur
1001 3290 1054 3345 ei
1071 3289 1215 3345 Vitae
1230 3289 1501 3362 praefatio,
1520 3291 1854 3348 Benedictus
1874 3292 2043 3360 Deus,

451 3386 509 3436 et
533 3397 660 3436 cum
680 3381 787 3436 hoc
812 3380 980 3436 titulo
1013 3398 1024 3434 :
1045 3381 1250 3450 Incipit
1271 3383 1532 3450 prologus
1556 3383 1802 3436 Palladii
1826 3384 1942 3436 viri
1958 3384 2050 3437 do-

450 3472 686 3526 ctissimi
723 3471 786 3524 de
823 3471 953 3524 Vitis
985 3471 1370 3538 Egyptiarum
1394 3472 1651 3538 Patrum,
1673 3487 1796 3542 quae
1821 3471 2049 3544 quidem

450 3557 703 3634 priefatio
724 3557 814 3613 hic
842 3557 974 3614 huic
1005 3557 1249 3613 secundo
1278 3557 1422 3614 libro
1449 3559 1778 3631 praeﬁgitur.

446 3692 881 3768 §III.Auctorem
891 3693 1072 3748 videri
1079 3693 1424 3748 Heraclidem
1435 3693 1710 3762 Bithynia
1718 3697 2042 3766 episcopum.

521 3827 630 3896 Qui
657 3829 763 3885 hoc
779 3827 987 3884 diserte
1007 3831 1300 3896 assereret,
1319 3831 1524 3900 praeter
1533 3827 1845 3885 Gesnerum
1859 3829 2046 3887 inveni

447 3918 754 3976 neminem.
777 3919 864 3974 Ita
885 3918 1035 3973 enim
1057 3917 1151 3972 ille
1163 3916 1520 3972 Bibliotheca:
1543 3934 1658 3974 sua:
1681 3923 1820 3974 tom.
1833 3920 1934 3988 III,
1952 3921 2042 3976 tit.

446 4023 539 4075 vn,
564 4026 621 4080 p.
655 4005 679 4064 1
701 4025 713 4061 :
743 4025 767 4058 ι
790 4006 1102 4062 Heraclidis
1115 4005 1354 4062 historia
1369 4022 1484 4062 non
1503 4006 1614 4063 alia
1635 4012 1772 4080 puto
1793 4023 1962 4081 quam
1977 4009 2046 4066 de

447 4097 594 4153 Vitis
621 4096 854 4153 Patrum
867 4139 882 4155 .
931 4115 958 4149 ι)

518 4185 1222 4256 Trithemius,Catal.Eccl.
1249 4183 2047 4258 Script.,asseritHeraclidem

447 4275 788 4332 monachum
814 4275 884 4330 de
913 4274 1044 4330 Vita
1067 4279 1126 4330 et
1144 4275 1568 4332 conversatione
1595 4281 1916 4332 sanctorum
1945 4278 2048 4333 Pa-

447 4370 603 4422 trum
629 4362 920 4436 scripsisse
954 4382 966 4418 :
993 4381 1020 4417 α
1039 4363 1378 4430 Heraclides,
1394 4364 1594 4436 inquit,
1615 4367 1941 4435 monachus,
1961 4367 2048 4423 vir

1351 314 1432 370 IN
1467 313 1680 371 VITAS
1717 314 2015 373 PATRUM
2053 314 2597 374 PROLEGOMENA
2634 311 2831 368 XXVI.

438 401 608 513 quam
637 438 1016 512 deprehendi;
1047 437 1144 494 ubi
1191 438 1492 505 Palladius,
1529 439 1754 512 utrique
1791 439 2036 497 Macario
2055 441 2443 514 Apraefatione
2481 439 2552 495 ad
2593 439 2858 493 lectorem
2889 455 2900 491 :
2957 454 2986 491 «ι
3020 437 3097 492 Ex
3125 453 3293 509 opere
3335 437 3457 510 ipso
3491 440 3722 509 agnosci

2615 143 2654 162 ο

2121 536 2308 603 potest
2344 529 2491 601 quod
2527 527 2961 590 Alexandrinus,
2994 527 3142 596 quod
3184 526 3392 582 Christi
3419 545 3722 583 succensus

2121 637 2330 686 amore,
2358 619 2506 674 inter
2529 618 2752 672 deserta
2805 621 2863 671 et
2908 622 3072 670 antra
3115 615 3358 670 ferarum
3391 618 3722 689 pauperiem

2120 715 2342 763 secutus
2367 726 2380 774 ;
2413 707 2561 779 quod
2596 705 2869 777 Bithyniae
2897 705 3037 775 (ipso
3067 704 3295 776 quidem
3318 705 3493 760 invito
3530 723 3595 762 ac
3625 723 3721 761 re-

2121 798 2418 866 clamante)
2449 796 2621 851 totius
2643 794 2836 866 populi
2863 793 3130 864 suﬂ‘ragio
3162 794 3220 848 in
3247 794 3568 867 episcopum
3600 796 3722 850 suf-

2120 886 2317 941 fectus.
2350 905 2378 939 ι
2402 885 2541 940 Vide
2561 885 2725 956 plura
2743 884 2813 938 de
2841 899 2906 938 eo
2927 883 3076 955 apud
3097 883 3348 951 Petrum,
3367 883 3426 939 in
3446 885 3721 956 Catalogo

2123 975 2244 1041 SS.,
2263 973 2406 1028 libro
2435 987 2509 1040 χι,
2541 989 2664 1044 cap.
2698 971 2786 1028 87.

2195 1079 2487 1145 Baronius,
2526 1078 2718 1133 annali
2741 1076 2847 1132 388
2868 1078 3177 1133 Heraclidis
3201 1078 3532 1134 Paradisum
3557 1095 3721 1134 eum-

2124 1169 2249 1224 dem
2271 1169 2404 1223 facit
2415 1185 2542 1223 cum
2554 1167 2824 1222 Lausiaca
2834 1167 3080 1222 Historia
3097 1168 3354 1222 Palladii.
3363 1169 3508 1224 Sane
3522 1169 3722 1224 eadem

2124 1258 2422 1329 utrobique
2442 1257 2710 1329 reperias.
2727 1257 2862 1328 [XIV]
2882 1258 2962 1312 De
2980 1263 3218 1329 utroque
3238 1257 3412 1328 igitur
3431 1258 3581 1314 idem
3598 1265 3722 1313 esto

2119 1348 2416 1419 judicium,
2453 1347 2638 1418 quoad
2655 1345 2785 1400 libri
2816 1345 2985 1417 hujus
3011 1354 3319 1402 auctorem.

2197 1453 2351 1509 Idem
2367 1459 2497 1508 ante
2511 1453 2816 1507 Baronium
2831 1458 3085 1507 senserat
3097 1453 3358 1524 Aloysius
3377 1454 3725 1526 Lipomanus

2127 1543 2418 1614 episcopus
2446 1541 2805 1608 Veronensis,
2825 1546 2980 1596 tomo
3006 1543 3085 1597 III
3114 1543 3183 1596 de
3211 1543 3354 1597 Vitis
3375 1550 3721 1614 sanctorum,

2127 1632 2223 1703 qui
2267 1631 2569 1686 editionem
2600 1631 2928 1698 Heraclidis,
2970 1631 3242 1686 nonnulla
3287 1632 3726 1704 interpolatione

2125 1720 2380 1776 adhibita
2411 1721 2496 1790 (de
2525 1737 2637 1792 qua
2656 1721 2778 1775 vide
2801 1721 3197 1792 prolegomeno
3223 1719 3314 1787 14,
3332 1721 3427 1776 ubi
3445 1723 3637 1793 agitur
3653 1725 3726 1778 de

2125 1811 2433 1882 interprete
2451 1809 2580 1864 libri
2600 1824 2716 1876 vin,
2739 1811 2900 1881 cujus
2917 1816 3114 1864 auctor
3139 1816 3224 1865 est
3253 1811 3560 1876 Palladius)
3593 1813 3726 1867 Pal-

2127 1899 2260 1954 ladii
2289 1899 2516 1954 nomine
2533 1904 2686 1953 torno
2707 1898 2792 1952 illi
2825 1899 2905 1954 III
2924 1899 3181 1954 inseruit.
3211 1900 3318 1963 Qui
3348 1915 3515 1970 porro
3542 1901 3729 1956 discu-

2125 1988 2381 2043 tiendum
2409 1987 2518 2042 sibi
2556 2003 2738 2059 operae
2776 1987 3023 2059 pretium
3071 1987 3378 2042 arbitratus
3433 1995 3536 2055 est,
3572 1991 3728 2045 unde

2123 2077 2332 2132 factum
2357 2077 2434 2132 sit
2459 2082 2523 2132 ut
2551 2077 2820 2132 ementita
2856 2091 2988 2132 vero
3017 2076 3185 2147 hujus
3223 2076 3350 2131 libri
3387 2084 3614 2133 auctore
3639 2081 3730 2148 (ut

2125 2167 2244 2239 ipse
2276 2166 2578 2236 existimat)
2609 2166 2712 2221 sub
2735 2165 2899 2222 titulo
2927 2165 3183 2222 Paradisi
3211 2167 3523 2223 Heraclidis
3552 2168 3612 2224 in
3634 2169 3727 2224 lu-

2126 2273 2248 2311 cem
2275 2255 2586 2311 emerserit.

2196 2363 2371 2434 quue
2399 2363 2664 2435 primum,
2684 2362 2888 2435 inquit,
2907 2363 3084 2418 menti
3107 2363 3367 2430 occurrit,
3401 2364 3728 2421 Parisinum

2125 2453 2541 2524 typographum
2572 2452 2737 2507 istius
2767 2452 3071 2506 commenti
3099 2457 3392 2524 parentem
3413 2453 3717 2508 exstitisse.

2128 2541 2270 2596 Cum
2310 2542 2461 2596 enim
2509 2541 2739 2611 legisset
2765 2541 2815 2596 is
2853 2557 2955 2612 per
2998 2541 3187 2596 divum
3229 2542 3637 2614 Hieronymum
3665 2543 3727 2598 in

2125 2631 2398 2702 procemio
2434 2631 2796 2702 Dialogorum
2809 2634 3006 2685 contra
3028 2631 3356 2701 Pelagianos
3380 2631 3553 2686 fuisse
3583 2633 3727 2688 scri-

2125 2725 2306 2792 ptum,
2325 2739 2351 2774 ¢
2371 2721 2704 2788 Palladium,
2719 2721 2936 2775 servilis
2954 2721 3218 2791 nequitiae
3238 2721 3440 2789 virum,
3461 2723 3726 2793 Origcnis

2126 2809 2382 2864 haeresim
2410 2809 2748 2876 instaurare,
2775 2828 2803 2864 ι
2825 2810 3014 2866 divum
3033 2826 3254 2882 quoque
3275 2811 3726 2884 Epiphaniumin

2126 2899 2362 2970 epistola
2389 2899 2461 2954 ad
2503 2900 2777 2954 Joannem
2822 2899 3143 2972 episcopum
3187 2901 3724 2974 Jerosolymitanum

2125 2993 2486 3055 asserentem,
2513 3006 2539 3042 ι
2560 2989 2873 3044 Palladium
2884 2989 3141 3044 Galatam
3149 2990 3265 3061 ,qui
3277 2990 3410 3045 olim
3421 2989 3527 3046 sibi
3539 2991 3729 3049 fuerat

2063 3078 2350 3149 ccharus,
2390 3078 2649 3149 Origenis
2685 3078 2944 3134 haeresim
2984 3079 3291 3150 praedicare
3339 3085 3396 3135 et
3435 3081 3653 3150 docere,
3689 3101 3720 3137 ι

2129 3167 2340 3223 veritus
2367 3173 2454 3223 est
2478 3167 2656 3223 bonus
2670 3167 3094 3240 impressor,ne,
3109 3169 3156 3224 si
3175 3168 3382 3224 librum
3404 3169 3507 3224 sub
3535 3176 3726 3228 aucto-

2129 3257 2207 3312 ris
2234 3258 2458 3312 nomine
2477 3258 2780 3328 evulgaret,
2811 3257 3062 3313 isstatim
3088 3257 3158 3312 ab
3171 3258 3356 3326 initio,
3382 3264 3447 3314 ut
3461 3258 3532 3314 ab
3552 3260 3729 3316 haere-

2129 3347 2240 3402 tico
2278 3347 2507 3402 homine
2553 3347 2920 3420 conscriptus,
2983 3347 3390 3419 exploderetur.
3443 3349 3730 3420 Cogitavit

2129 3436 2304 3506 igitur
2324 3438 2468 3504 (meo
2491 3436 2722 3508 judicio)
2757 3436 3047 3509 stropham
3076 3437 3250 3505 illam,
3273 3443 3339 3492 ut
3373 3437 3443 3492 de
3473 3439 3727 3496 Palladio

2130 3525 2462 3581 Paradisum
2488 3525 2713 3592 faceret,
2747 3527 2905 3597 cujus
2928 3526 3206 3598 perfacilis
3233 3527 3474 3582 inversio
3494 3527 3728 3585 videba-

2128 3619 2243 3682 tur,
2277 3620 2334 3670 et
2351 3620 2624 3686 tanquam
2651 3613 2720 3669 ab
2751 3615 2862 3670 alio
2889 3615 3260 3688 compositum
3307 3617 3564 3672 volumen
3600 3618 3726 3674 edi-

2129 3703 2230 3771 dit,
2255 3719 2365 3775 quo
2394 3703 2584 3758 doctos
2613 3703 2760 3759 viros
2787 3704 2859 3760 ad
2879 3705 3005 3775 ejus
3024 3705 3365 3779 emptionem
3375 3705 3590 3763 facilius
3605 3707 3732 3763 ani-

2128 3799 2329 3850 maret.
2361 3811 2390 3848 ι
2415 3795 2502 3850 Ita
2529 3793 2756 3868 quidem
2779 3793 3058 3867 Aloysius.

2200 3902 2374 3974 Cujus
2403 3918 2538 3957 sane
2563 3901 2670 3958 viri
2696 3901 3004 3958 doctissimi
3055 3901 3306 3958 studium
3343 3907 3513 3976 atque
3554 3903 3726 3962 indu-

2127 3991 2327 4046 striam
2345 3991 2582 4047 obscura
2593 4008 2871 4065 quemque
2882 3992 3292 4064 pervestigandi
3309 3992 3392 4048 uti
3405 3993 3722 4064 laudamus,

2126 4080 2209 4136 ita
2221 4080 2312 4134 hic
2325 4081 2447 4153 conj
2456 4087 2658 4136 ecturaa
2678 4081 2999 4137 felicitatem
3011 4081 3248 4154 probare
3267 4099 3377 4138 non
3399 4100 3724 4155 possumus.

2127 4170 2272 4224 Vere
2300 4170 2450 4225 enim
2469 4171 2854 4244 typographus
2875 4171 3084 4226 librum
3113 4189 3243 4227 eum
3287 4173 3597 4228 Heraclidis
3625 4191 3728 4230 no-

2127 4259 2280 4315 mine
2299 4266 2672 4332 praenotatum
2701 4261 2930 4329 invenit,
2957 4266 3014 4316 et
3041 4261 3206 4317 titulo
3223 4261 3727 4334 Paradisiinsigni-

2126 4353 2269 4404 tum.
2287 4351 2376 4406 Ita
2393 4351 2543 4406 enim
2563 4352 2664 4406 Ms.
2698 4351 2921 4422 prmtert
2945 4367 3111 4423 quem
3138 4351 3437 4424 inspexi,et
3449 4353 3569 4424 jam
3587 4353 3726 4408 olim

446 4453 698 4510 moribus
725 4457 970 4521 sanctus,
995 4459 1052 4508 et
1071 4453 1387 4509 divinarum
1417 4454 1833 4527 scripturarum
1861 4451 2107 4513 emdiJ)
2127 4455 2163 4495 a
2187 4440 2478 4495 Vincentio
2508 4440 2827 4495 Belvacensi
2857 4439 2917 4494 in
2956 4440 3191 4512 Speculo
3237 4440 3534 4508 historiali,
3578 4441 3725 4498 libro

443 4545 598 4601 tione
618 4543 878 4615 insignis,
898 4547 1224 4599 sanctorum
1235 4543 1468 4598 Patrum
1485 4545 2046 4614 anachoretarum,ac

443 4633 851 4691 monachorum
875 4632 1339 4704 diligentissimus
1357 4633 1659 4705 inquisitor
1687 4640 1743 4691 et
1768 4635 2039 4707 imitator,

447 4723 546 4798 qui
563 4722 717 4778 velut
742 4728 1140 4795 argumentosa
1159 4723 1281 4795 apis
1295 4723 1364 4778 de
1378 4724 1732 4796 singulorum
1753 4742 2043 4782 conversa-

444 4813 600 4870 tione
628 4812 796 4868 ﬂores
812 4813 1087 4868 virtutum
1115 4812 1176 4868 in
1194 4813 1470 4870 alveolum
1490 4815 1731 4886 pectoris
1747 4815 1834 4871 sui
1853 4817 2040 4872 confe-

443 4919 596 4972 rens,
647 4901 760 4958 mel
805 4901 1076 4975 spiritalis
1121 4902 1430 4958 dulcedinis
1457 4906 1788 4976 procreavit,
1823 4907 2048 4978 scripsit

443 4994 596 5051 inter
625 4991 736 5048 alia
761 4991 834 5047 ad
857 4991 1282 5048 aediﬁcationem
1309 4993 1619 5065 legentium
1645 5012 1786 5068 opus
1801 4996 2040 5068 insigne,

447 5082 664 5152 de,Vita
678 5085 736 5138 et
745 5081 1166 5139 conversatione
1173 5087 1496 5140 sanctorum
1513 5085 1745 5140 Patrum
1757 5085 1816 5140 in
1833 5103 2041 5154 eremo,

445 5174 534 5231 vel
557 5173 619 5230 in
647 5171 916 5229 coenobiis
943 5172 1273 5244 degentium
1299 5173 1404 5230 sub
1433 5175 1646 5246 regula,
1665 5177 1828 5248 cujus
1846 5177 2046 5232 titulus

447 5269 552 5334 est,
566 5263 892 5331 Paradisus,
909 5262 1118 5319 librum
1138 5277 1178 5318 ι.
1201 5263 1420 5320 Claruit
1429 5264 1774 5338 temporibus
1787 5265 2044 5321 Gratiani

444 5353 803 5427 imperatoris
831 5369 979 5410 anno
1008 5353 1232 5410 Domini
1261 5351 1384 5412 380.
1419 5371 1447 5408 ι

520 5443 739 5500 Prodiit
763 5443 857 5499 hic
876 5443 1020 5500 liber
1047 5443 1300 5512 Parisiis,
1334 5461 1402 5500 ex
1429 5443 1654 5500 ofﬁcina
1673 5444 2047 5501 Bellovisiana

451 5531 602 5604 apud
632 5533 905 5590 Joannem
932 5535 1196 5603 Parvum,
1237 5550 1386 5590 anno
1431 5534 1657 5590 Domini
1708 5534 1865 5602 1504,
1912 5551 2049 5590 cura

396 5691 413 5716 ε
449 5621 642 5681 Jacobi
695 5621 863 5683 Fabri
909 5625 1278 5700 Stapulensis,
1309 5623 1409 5698 qui
1435 5623 1553 5682 haec
1578 5625 1650 5682 de
1685 5641 1752 5682 eo
1795 5622 1966 5682 habet
1986 5625 2050 5683 in

2124 4543 2249 4595 xvn,
2281 4546 2316 4584 a
2345 4531 2525 4602 capite
2550 4529 2639 4597 64,
2665 4531 2914 4602 adusque
2941 4529 3030 4596 99,
3069 4536 3125 4585 et
3152 4529 3319 4585 Petro
3365 4547 3402 4586 a
3427 4530 3727 4588 Natalibus

2124 4620 2184 4674 in
2209 4621 2474 4692 Catalogo
2503 4625 2844 4688 sanctorum,
2869 4619 3010 4674 libro
3024 4634 3102 4688 ιιι,
3131 4636 3253 4692 cap.
3278 4618 3368 4686 87,
3399 4636 3464 4676 eo
3495 4619 3726 4676 nomine

2123 4710 2400 4781 tituloque
2429 4710 2704 4764 adductus
2728 4715 2830 4764 est.
2860 4709 3006 4775 Quin
3031 4714 3088 4764 et
3115 4708 3396 4765 veteribus
3422 4709 3725 4767 Paradisus

2122 4805 2289 4854 notus
2318 4799 2442 4853 fuit.
2458 4799 2691 4853 Photius
2712 4799 2863 4854 enim
2882 4797 3236 4854 Bibliotheca:
3261 4815 3374 4854 suae
3392 4799 3594 4855 Codice
3624 4798 3728 4858 198

2127 4888 2256 4944 libri
2282 4889 2539 4944 meminit
2563 4888 2660 4960 qui
2685 4888 2985 4960 inscriptus
3010 4894 3096 4944 est
3115 4887 3251 4944 Νέον
3277 4888 3634 4961 Παραδεὶσιον,
3664 4892 3725 4949 id

2128 4984 2230 5045 est,
2263 4979 2445 5033 Novus
2474 4979 2792 5044 Paradisus,
2815 4977 2962 5049 quod
2982 4978 3051 5032 de
3071 4977 3412 5046 Limonario,
3427 4995 3529 5034 seu
3551 4979 3722 5038 Prato

2128 5067 2325 5139 spiritu
2333 5067 2406 5121 ali
2419 5067 2650 5121 Joannis
2663 5066 2875 5122 Moschi
2888 5065 3475 5138 intelligi,declaratur
3488 5085 3726 5142 sequen-

2126 5157 2170 5212 ti
2191 5155 2393 5212 Codice
2411 5155 2538 5214 199.
2571 5155 2731 5211 Unde
2758 5155 2920 5211 facile
2931 5156 3193 5228 colligere
3213 5162 3316 5226 est,
3332 5157 3379 5212 si
3397 5158 3586 5214 Novus
3616 5160 3724 5216 ali-

2127 5246 2252 5318 quis
2276 5245 2577 5300 Paradisus
2599 5250 2704 5316 cst,
2729 5249 2786 5300 et
2802 5245 3065 5301 Veterem
3084 5246 3330 5319 aliquem
3347 5246 3539 5317 fuisse,
3555 5266 3725 5322 quem

2125 5353 2239 5393 non
2268 5336 2440 5390 alium
2453 5335 2522 5391 ab
2560 5336 2666 5391 hoc
2691 5340 2883 5392 nostro
2911 5334 3084 5392 fuisse
3112 5335 3278 5393 liceat
3307 5336 3646 5396 existimare.

2199 5445 2520 5500 Heraclides
2550 5461 2793 5517 quoque,
2842 5445 3150 5502 monachus
3200 5444 3430 5519 quidam
3466 5451 3726 5521 tempore

2128 5536 2502 5591 Macariorum
2521 5541 2688 5590 notus
2707 5534 2834 5605 fuit,
2851 5541 2918 5592 ut
2933 5539 3154 5592 constat
3166 5551 3234 5593 ex
3251 5536 3587 5610 Nicephoro,
3620 5539 3720 5596 lib.

2131 5641 2210 5697 ιιι,
2242 5642 2365 5699 cap.
2395 5625 2490 5688 14.
2527 5626 2674 5694 Quin
2701 5631 2761 5686 et
2787 5627 3046 5704 Synodus
3081 5626 3155 5686 ad
3192 5627 3474 5696 Quercum
3503 5628 3720 5700 habita,
