  <div class='ocr_page' id='page_1' title='image "/cluster/home/n/w/nwhite01/storage/ocr_20150623/73/umn.31951002477366m/021.png"; bbox 0 0 3958 6408; ppageno 0'>
   <div class='ocr_carea' id='block_1_1' title="bbox 405 338 2777 401">
    <p class='ocr_par' dir='ltr' id='par_1_1' title="bbox 405 338 2777 401">
     <span class='ocr_line' id='line_1_1' title="bbox 405 338 2777 401; baseline 0.001 -5"><span class='ocrx_word' id='word_1_1' title='bbox 405 338 473 396; x_wconf 78' lang='lat'>.‘27</span> <span class='ocrx_word' id='word_1_2' title='bbox 1311 341 1391 398; x_wconf 93' lang='lat' dir='ltr'>IN</span> <span class='ocrx_word' id='word_1_3' title='bbox 1425 341 1636 398; x_wconf 87' lang='lat' dir='ltr'>VITAS</span> <span class='ocrx_word' id='word_1_4' title='bbox 1675 339 1970 398; x_wconf 83' lang='lat' dir='ltr'>PATRUM</span> <span class='ocrx_word' id='word_1_5' title='bbox 2006 342 2548 401; x_wconf 84' lang='lat' dir='ltr'>PROLEGOMENA</span> <span class='ocrx_word' id='word_1_6' title='bbox 2581 345 2777 400; x_wconf 81' lang='lat' dir='ltr'>XXVI.</span> 
     </span>
    </p>
   </div>
   <div class='ocr_carea' id='block_1_2' title="bbox 3599 344 3671 404">
    <p class='ocr_par' dir='ltr' id='par_1_2' title="bbox 3599 344 3671 404">
     <span class='ocr_line' id='line_1_2' title="bbox 3599 344 3671 404; baseline 0 0"><span class='ocrx_word' id='word_1_7' title='bbox 3599 344 3671 404; x_wconf 73' lang='lat'>28</span> 
     </span>
    </p>
   </div>
   <div class='ocr_carea' id='block_1_3' title="bbox 407 465 3668 540">
    <p class='ocr_par' dir='ltr' id='par_1_3' title="bbox 407 465 3668 540">
     <span class='ocr_line' id='line_1_3' title="bbox 407 465 3668 540; baseline 0.001 -18"><span class='ocrx_word' id='word_1_8' title='bbox 407 465 527 522; x_wconf 85' lang='lat' dir='ltr'>lata</span> <span class='ocrx_word' id='word_1_9' title='bbox 552 466 721 522; x_wconf 87' lang='lat' dir='ltr'>verba</span> <span class='ocrx_word' id='word_1_10' title='bbox 746 466 952 522; x_wconf 88' lang='lat' dir='ltr'>Gelasii</span> <span class='ocrx_word' id='word_1_11' title='bbox 974 483 1040 522; x_wconf 86' lang='lat' dir='ltr'>ex</span> <span class='ocrx_word' id='word_1_12' title='bbox 1067 467 1310 535; x_wconf 90' lang='lat' dir='ltr'>decreto,</span> <span class='ocrx_word' id='word_1_13' title='bbox 1343 469 1398 524; x_wconf 92' lang='lat' dir='ltr'>d.</span> <span class='ocrx_word' id='word_1_14' title='bbox 1421 467 1518 525; x_wconf 81' lang='lat'>15:</span> <span class='ocrx_word' id='word_1_15' title='bbox 1550 470 1746 524; x_wconf 83' lang='lat' dir='ltr'>«Vitas</span> <span class='ocrx_word' id='word_1_16' title='bbox 1765 470 1996 525; x_wconf 84' lang='lat' dir='ltr'>Patrum</span> <span class='ocrx_word' id='word_1_17' title='bbox 2016 471 2067 531; x_wconf 86' lang='lat' dir='ltr'>A</span> <span class='ocrx_word' id='word_1_18' title='bbox 2085 470 2277 524; x_wconf 82' lang='lat' dir='ltr'>Graeca</span> <span class='ocrx_word' id='word_1_19' title='bbox 2309 471 2528 540; x_wconf 80' lang='lat' dir='ltr'>Evagrii</span> <span class='ocrx_word' id='word_1_20' title='bbox 2552 470 2610 524; x_wconf 92' lang='lat' dir='ltr'>in</span> <span class='ocrx_word' id='word_1_21' title='bbox 2637 470 2900 525; x_wconf 87' lang='lat' dir='ltr'>Latinum</span> <span class='ocrx_word' id='word_1_22' title='bbox 2934 486 3252 524; x_wconf 83' lang='lat' dir='ltr'>sermonem</span> <span class='ocrx_word' id='word_1_23' title='bbox 3287 469 3668 524; x_wconf 83' lang='lat' dir='ltr'>transtulisse.</span> 
     </span>
    </p>
   </div>
   <div class='ocr_carea' id='block_1_4' title="bbox 408 554 1996 629">
    <p class='ocr_par' dir='ltr' id='par_1_4' title="bbox 408 554 1996 629">
     <span class='ocr_line' id='line_1_4' title="bbox 408 554 1996 629; baseline 0.002 -17"><span class='ocrx_word' id='word_1_24' title='bbox 408 554 592 621; x_wconf 86' lang='lat' dir='ltr'>Pauli,</span> <span class='ocrx_word' id='word_1_25' title='bbox 633 557 879 622; x_wconf 84' lang='lat' dir='ltr'>Antonii,</span> <span class='ocrx_word' id='word_1_26' title='bbox 915 557 1304 624; x_wconf 88' lang='lat' dir='ltr'>Hilarionis,et</span> <span class='ocrx_word' id='word_1_27' title='bbox 1331 559 1582 613; x_wconf 90' lang='lat' dir='ltr'>omnium</span> <span class='ocrx_word' id='word_1_28' title='bbox 1613 561 1996 629; x_wconf 90' lang='lat' dir='ltr'>eremitarum,</span> 
     </span>
    </p>
   </div>
   <div class='ocr_carea' id='block_1_5' title="bbox 411 645 1996 722">
    <p class='ocr_par' dir='ltr' id='par_1_5' title="bbox 411 645 1996 722">
     <span class='ocr_line' id='line_1_5' title="bbox 411 645 1996 722; baseline 0.004 -24"><span class='ocrx_word' id='word_1_29' title='bbox 411 660 550 714; x_wconf 87' lang='lat' dir='ltr'>quas</span> <span class='ocrx_word' id='word_1_30' title='bbox 579 651 770 700; x_wconf 87' lang='lat' dir='ltr'>tamen</span> <span class='ocrx_word' id='word_1_31' title='bbox 795 646 880 699; x_wconf 88' lang='lat' dir='ltr'>vir</span> <span class='ocrx_word' id='word_1_32' title='bbox 897 645 1254 701; x_wconf 86' lang='lat' dir='ltr'>beatissimus</span> <span class='ocrx_word' id='word_1_33' title='bbox 1280 647 1574 719; x_wconf 83' lang='lat' dir='ltr'>descripsit</span> <span class='ocrx_word' id='word_1_34' title='bbox 1601 649 1996 722; x_wconf 84' lang='lat' dir='ltr'>Hieronymus,</span> 
     </span>
    </p>
   </div>
   <div class='ocr_carea' id='block_1_6' title="bbox 408 735 1996 807">
    <p class='ocr_par' dir='ltr' id='par_1_6' title="bbox 408 735 1996 807">
     <span class='ocr_line' id='line_1_6' title="bbox 408 735 1996 807; baseline 0.005 -20"><span class='ocrx_word' id='word_1_35' title='bbox 408 747 538 788; x_wconf 89' lang='lat' dir='ltr'>cum</span> <span class='ocrx_word' id='word_1_36' title='bbox 569 735 720 788; x_wconf 92' lang='lat' dir='ltr'>omni</span> <span class='ocrx_word' id='word_1_37' title='bbox 750 736 960 790; x_wconf 84' lang='lat' dir='ltr'>honore</span> <span class='ocrx_word' id='word_1_38' title='bbox 979 736 1316 807; x_wconf 85' lang='lat' dir='ltr'>suscipimus</span> <span class='ocrx_word' id='word_1_39' title='bbox 1340 756 1386 804; x_wconf 76' lang='grc' dir='ltr'>;ι</span> <span class='ocrx_word' id='word_1_40' title='bbox 1411 738 1529 792; x_wconf 69' lang='lat' dir='ltr'>haec</span> <span class='ocrx_word' id='word_1_41' title='bbox 1547 737 1752 793; x_wconf 85' lang='lat' dir='ltr'>subdit:</span> <span class='ocrx_word' id='word_1_42' title='bbox 1786 741 1895 793; x_wconf 69' lang='lat' dir='ltr'>«Ea</span> <span class='ocrx_word' id='word_1_43' title='bbox 1909 746 1996 795; x_wconf 90' lang='lat' dir='ltr'>est</span> 
     </span>
    </p>
   </div>
   <div class='ocr_carea' id='block_1_7' title="bbox 409 825 2000 897">
    <p class='ocr_par' dir='ltr' id='par_1_7' title="bbox 409 825 2000 897">
     <span class='ocr_line' id='line_1_7' title="bbox 409 825 2000 897; baseline 0.005 -20"><span class='ocrx_word' id='word_1_44' title='bbox 409 839 544 877; x_wconf 90' lang='lat' dir='ltr'>usus</span> <span class='ocrx_word' id='word_1_45' title='bbox 558 825 776 878; x_wconf 82' lang='lat' dir='ltr'>cautela</span> <span class='ocrx_word' id='word_1_46' title='bbox 799 825 1348 897; x_wconf 88' lang='lat' dir='ltr'>Gelasius,quoniam</span> <span class='ocrx_word' id='word_1_47' title='bbox 1372 833 1428 881; x_wconf 85' lang='lat' dir='ltr'>et</span> <span class='ocrx_word' id='word_1_48' title='bbox 1447 828 1716 897; x_wconf 87' lang='lat' dir='ltr'>Evagrius</span> <span class='ocrx_word' id='word_1_49' title='bbox 1735 830 2000 885; x_wconf 91' lang='lat' dir='ltr'>Ponticus</span> 
     </span>
    </p>
   </div>
   <div class='ocr_carea' id='block_1_8' title="bbox 409 913 2001 987">
    <p class='ocr_par' dir='ltr' id='par_1_8' title="bbox 409 913 2001 987">
     <span class='ocr_line' id='line_1_8' title="bbox 409 913 2001 987; baseline 0.004 -21"><span class='ocrx_word' id='word_1_50' title='bbox 409 913 632 984; x_wconf 83' lang='lat' dir='ltr'>scripsit</span> <span class='ocrx_word' id='word_1_51' title='bbox 661 914 817 968; x_wconf 81' lang='lat' dir='ltr'>Vitas</span> <span class='ocrx_word' id='word_1_52' title='bbox 847 915 1100 980; x_wconf 78' lang='lat' dir='ltr'>Patrum,</span> <span class='ocrx_word' id='word_1_53' title='bbox 1136 921 1194 969; x_wconf 93' lang='lat' dir='ltr'>et</span> <span class='ocrx_word' id='word_1_54' title='bbox 1227 916 1453 970; x_wconf 88' lang='lat' dir='ltr'>miscuit</span> <span class='ocrx_word' id='word_1_55' title='bbox 1481 917 1828 987; x_wconf 86' lang='lat' dir='ltr'>Origenistas</span> <span class='ocrx_word' id='word_1_56' title='bbox 1865 936 2001 973; x_wconf 89' lang='lat' dir='ltr'>non-</span> 
     </span>
    </p>
   </div>
   <div class='ocr_carea' id='block_1_9' title="bbox 411 1003 2001 1077">
    <p class='ocr_par' dir='ltr' id='par_1_9' title="bbox 411 1003 2001 1077">
     <span class='ocr_line' id='line_1_9' title="bbox 411 1003 2001 1077; baseline 0.004 -21"><span class='ocrx_word' id='word_1_57' title='bbox 411 1003 613 1067; x_wconf 91' lang='lat' dir='ltr'>nullos,</span> <span class='ocrx_word' id='word_1_58' title='bbox 666 1019 806 1074; x_wconf 88' lang='lat' dir='ltr'>quos</span> <span class='ocrx_word' id='word_1_59' title='bbox 851 1003 998 1058; x_wconf 90' lang='lat' dir='ltr'>idem</span> <span class='ocrx_word' id='word_1_60' title='bbox 1033 1005 1412 1077; x_wconf 79' lang='lat' dir='ltr'>Hieronymus</span> <span class='ocrx_word' id='word_1_61' title='bbox 1457 1011 1617 1060; x_wconf 89' lang='lat' dir='ltr'>notat</span> <span class='ocrx_word' id='word_1_62' title='bbox 1655 1007 1900 1062; x_wconf 89' lang='lat' dir='ltr'>scribens</span> <span class='ocrx_word' id='word_1_63' title='bbox 1930 1009 2001 1063; x_wconf 86' lang='lat' dir='ltr'>ad</span> 
     </span>
    </p>
   </div>
   <div class='ocr_carea' id='block_1_10' title="bbox 411 1092 2003 1165">
    <p class='ocr_par' dir='ltr' id='par_1_10' title="bbox 411 1092 2003 1165">
     <span class='ocr_line' id='line_1_10' title="bbox 411 1092 2003 1165; baseline 0.004 -19"><span class='ocrx_word' id='word_1_64' title='bbox 411 1092 888 1164; x_wconf 71' lang='lat' dir='ltr'>Ctesiphontem.)</span> <span class='ocrx_word' id='word_1_65' title='bbox 920 1094 988 1147; x_wconf 89' lang='lat' dir='ltr'>Et</span> <span class='ocrx_word' id='word_1_66' title='bbox 1016 1093 1223 1164; x_wconf 87' lang='lat' dir='ltr'>passim</span> <span class='ocrx_word' id='word_1_67' title='bbox 1243 1094 1462 1165; x_wconf 83' lang='lat' dir='ltr'>Evagrii</span> <span class='ocrx_word' id='word_1_68' title='bbox 1483 1095 1708 1150; x_wconf 88' lang='lat' dir='ltr'>nomine</span> <span class='ocrx_word' id='word_1_69' title='bbox 1731 1113 1826 1151; x_wconf 90' lang='lat' dir='ltr'>eas</span> <span class='ocrx_word' id='word_1_70' title='bbox 1844 1098 2003 1152; x_wconf 83' lang='lat' dir='ltr'>Vitas</span> 
     </span>
    </p>
   </div>
   <div class='ocr_carea' id='block_1_11' title="bbox 410 1181 2002 1254">
    <p class='ocr_par' dir='ltr' id='par_1_11' title="bbox 410 1181 2002 1254">
     <span class='ocr_line' id='line_1_11' title="bbox 410 1181 2002 1254; baseline 0.004 -19"><span class='ocrx_word' id='word_1_71' title='bbox 410 1181 549 1236; x_wconf 86' lang='lat' dir='ltr'>citat</span> <span class='ocrx_word' id='word_1_72' title='bbox 565 1185 688 1235; x_wconf 90' lang='lat' dir='ltr'>tum</span> <span class='ocrx_word' id='word_1_73' title='bbox 700 1181 759 1235; x_wconf 93' lang='lat' dir='ltr'>in</span> <span class='ocrx_word' id='word_1_74' title='bbox 780 1181 1202 1254; x_wconf 86' lang='lat' dir='ltr'>Martyrologio,</span> <span class='ocrx_word' id='word_1_75' title='bbox 1229 1187 1350 1237; x_wconf 88' lang='lat' dir='ltr'>tum</span> <span class='ocrx_word' id='word_1_76' title='bbox 1371 1184 1430 1237; x_wconf 94' lang='lat' dir='ltr'>in</span> <span class='ocrx_word' id='word_1_77' title='bbox 1446 1185 1773 1240; x_wconf 84' lang='lat' dir='ltr'>Annalibus.</span> <span class='ocrx_word' id='word_1_78' title='bbox 1784 1186 1840 1240; x_wconf 93' lang='lat' dir='ltr'>In</span> <span class='ocrx_word' id='word_1_79' title='bbox 1852 1187 2002 1241; x_wconf 86' lang='lat' dir='ltr'>Mar-</span> 
     </span>
    </p>
   </div>
   <div class='ocr_carea' id='block_1_12' title="bbox 411 1271 1998 1344">
    <p class='ocr_par' dir='ltr' id='par_1_12' title="bbox 411 1271 1998 1344">
     <span class='ocr_line' id='line_1_12' title="bbox 411 1271 1998 1344; baseline 0.004 -20"><span class='ocrx_word' id='word_1_80' title='bbox 411 1271 690 1341; x_wconf 87' lang='lat' dir='ltr'>tyrologio</span> <span class='ocrx_word' id='word_1_81' title='bbox 703 1271 928 1342; x_wconf 89' lang='lat' dir='ltr'>quidem</span> <span class='ocrx_word' id='word_1_82' title='bbox 955 1272 1019 1325; x_wconf 79' lang='grc'>15</span> <span class='ocrx_word' id='word_1_83' title='bbox 1031 1272 1595 1338; x_wconf 83' lang='lat' dir='ltr'>Januarii,notatione</span> <span class='ocrx_word' id='word_1_84' title='bbox 1613 1275 1684 1328; x_wconf 88' lang='lat' dir='ltr'>ad</span> <span class='ocrx_word' id='word_1_85' title='bbox 1701 1275 1998 1344; x_wconf 89' lang='lat' dir='ltr'>Isidorum;</span> 
     </span>
    </p>
   </div>
   <div class='ocr_carea' id='block_1_13' title="bbox 415 1359 2002 1431">
    <p class='ocr_par' dir='ltr' id='par_1_13' title="bbox 415 1359 2002 1431">
     <span class='ocr_line' id='line_1_13' title="bbox 415 1359 2002 1431; baseline 0.004 -18"><span class='ocrx_word' id='word_1_86' title='bbox 415 1364 472 1413; x_wconf 88' lang='lat' dir='ltr'>et</span> <span class='ocrx_word' id='word_1_87' title='bbox 500 1359 564 1414; x_wconf 80' lang='lat' dir='ltr'>l7</span> <span class='ocrx_word' id='word_1_88' title='bbox 585 1360 859 1426; x_wconf 79' lang='lat' dir='ltr'>Januarii,</span> <span class='ocrx_word' id='word_1_89' title='bbox 891 1365 1070 1415; x_wconf 90' lang='lat' dir='ltr'>notat.</span> <span class='ocrx_word' id='word_1_90' title='bbox 1103 1361 1173 1415; x_wconf 90' lang='lat' dir='ltr'>ad</span> <span class='ocrx_word' id='word_1_91' title='bbox 1202 1367 1458 1416; x_wconf 91' lang='lat' dir='ltr'>sanctum</span> <span class='ocrx_word' id='word_1_92' title='bbox 1478 1364 1820 1431; x_wconf 89' lang='lat' dir='ltr'>Antonium;</span> <span class='ocrx_word' id='word_1_93' title='bbox 1853 1371 1910 1419; x_wconf 90' lang='lat' dir='ltr'>et</span> <span class='ocrx_word' id='word_1_94' title='bbox 1936 1365 2002 1421; x_wconf 79' lang='lat'><strong>27</strong></span> 
     </span>
    </p>
   </div>
   <div class='ocr_carea' id='block_1_14' title="bbox 414 1449 2006 1514">
    <p class='ocr_par' dir='ltr' id='par_1_14' title="bbox 414 1449 2006 1514">
     <span class='ocr_line' id='line_1_14' title="bbox 414 1449 2006 1514; baseline 0.004 -11"><span class='ocrx_word' id='word_1_95' title='bbox 414 1449 622 1514; x_wconf 83' lang='lat' dir='ltr'>Martii,</span> <span class='ocrx_word' id='word_1_96' title='bbox 657 1454 834 1504; x_wconf 87' lang='lat' dir='ltr'>notat.</span> <span class='ocrx_word' id='word_1_97' title='bbox 849 1450 921 1504; x_wconf 90' lang='lat' dir='ltr'>ad</span> <span class='ocrx_word' id='word_1_98' title='bbox 939 1451 1214 1504; x_wconf 88' lang='lat' dir='ltr'>Joannem</span> <span class='ocrx_word' id='word_1_99' title='bbox 1258 1451 1572 1506; x_wconf 85' lang='lat' dir='ltr'>eremitam.</span> <span class='ocrx_word' id='word_1_100' title='bbox 1605 1454 1668 1506; x_wconf 89' lang='lat' dir='ltr'>In</span> <span class='ocrx_word' id='word_1_101' title='bbox 1697 1453 2006 1510; x_wconf 84' lang='lat' dir='ltr'>Annalibus</span> 
     </span>
    </p>
   </div>
   <div class='ocr_carea' id='block_1_15' title="bbox 414 1539 2006 1610">
    <p class='ocr_par' dir='ltr' id='par_1_15' title="bbox 414 1539 2006 1610">
     <span class='ocr_line' id='line_1_15' title="bbox 414 1539 2006 1610; baseline 0.006 -22"><span class='ocrx_word' id='word_1_102' title='bbox 414 1553 546 1592; x_wconf 88' lang='lat' dir='ltr'>vero</span> <span class='ocrx_word' id='word_1_103' title='bbox 575 1555 722 1593; x_wconf 89' lang='lat' dir='ltr'>anno</span> <span class='ocrx_word' id='word_1_104' title='bbox 769 1539 978 1594; x_wconf 85' lang='lat' dir='ltr'>Christi</span> <span class='ocrx_word' id='word_1_105' title='bbox 1014 1539 1057 1606; x_wconf 91' lang='lat' dir='ltr'>l,</span> <span class='ocrx_word' id='word_1_106' title='bbox 1091 1545 1149 1594; x_wconf 89' lang='lat' dir='ltr'>et</span> <span class='ocrx_word' id='word_1_107' title='bbox 1171 1557 1318 1594; x_wconf 87' lang='lat' dir='ltr'>anno</span> <span class='ocrx_word' id='word_1_108' title='bbox 1348 1539 1470 1608; x_wconf 86' lang='lat'>393,</span> <span class='ocrx_word' id='word_1_109' title='bbox 1513 1545 1569 1595; x_wconf 91' lang='lat' dir='ltr'>et</span> <span class='ocrx_word' id='word_1_110' title='bbox 1606 1558 1751 1596; x_wconf 87' lang='lat' dir='ltr'>anno</span> <span class='ocrx_word' id='word_1_111' title='bbox 1780 1542 1908 1610; x_wconf 67' lang='lat'>394,</span> <span class='ocrx_word' id='word_1_112' title='bbox 1949 1549 2006 1598; x_wconf 92' lang='lat' dir='ltr'>et</span> 
     </span>
    </p>
   </div>
   <div class='ocr_carea' id='block_1_16' title="bbox 412 1626 720 1681">
    <p class='ocr_par' dir='ltr' id='par_1_16' title="bbox 412 1626 720 1681">
     <span class='ocr_line' id='line_1_16' title="bbox 412 1626 720 1681; baseline 0 -1"><span class='ocrx_word' id='word_1_113' title='bbox 412 1626 538 1681; x_wconf 88' lang='lat' dir='ltr'>aliis</span> <span class='ocrx_word' id='word_1_114' title='bbox 566 1626 720 1681; x_wconf 90' lang='lat' dir='ltr'>locis.</span> 
     </span>
    </p>
   </div>
   <div class='ocr_carea' id='block_1_17' title="bbox 486 1716 2002 1792">
    <p class='ocr_par' dir='ltr' id='par_1_17' title="bbox 486 1716 2002 1792">
     <span class='ocr_line' id='line_1_17' title="bbox 486 1716 2002 1792; baseline 0.004 -22"><span class='ocrx_word' id='word_1_115' title='bbox 486 1716 820 1772; x_wconf 90' lang='lat' dir='ltr'>Possevinus</span> <span class='ocrx_word' id='word_1_116' title='bbox 835 1733 1056 1788; x_wconf 90' lang='lat' dir='ltr'>quoque</span> <span class='ocrx_word' id='word_1_117' title='bbox 1085 1718 1142 1770; x_wconf 94' lang='lat' dir='ltr'>in</span> <span class='ocrx_word' id='word_1_118' title='bbox 1172 1719 1456 1789; x_wconf 88' lang='lat' dir='ltr'>Apparatu</span> <span class='ocrx_word' id='word_1_119' title='bbox 1485 1720 1725 1786; x_wconf 89' lang='lat' dir='ltr'>sacro,in</span> <span class='ocrx_word' id='word_1_120' title='bbox 1748 1721 2002 1792; x_wconf 83' lang='lat' dir='ltr'>Evagrio,</span> 
     </span>
    </p>
   </div>
   <div class='ocr_carea' id='block_1_18' title="bbox 415 1793 2070 1879">
    <p class='ocr_par' dir='ltr' id='par_1_18' title="bbox 415 1793 2070 1879">
     <span class='ocr_line' id='line_1_18' title="bbox 415 1793 2070 1879; baseline 0.004 -21"><span class='ocrx_word' id='word_1_121' title='bbox 415 1805 496 1859; x_wconf 85' lang='lat' dir='ltr'>ait</span> <span class='ocrx_word' id='word_1_122' title='bbox 525 1805 831 1860; x_wconf 79' lang='lat' dir='ltr'>existimari</span> <span class='ocrx_word' id='word_1_123' title='bbox 857 1823 986 1860; x_wconf 90' lang='lat' dir='ltr'>eum</span> <span class='ocrx_word' id='word_1_124' title='bbox 1015 1807 1172 1860; x_wconf 83' lang='lat' dir='ltr'>Vitas</span> <span class='ocrx_word' id='word_1_125' title='bbox 1216 1808 1446 1861; x_wconf 86' lang='lat' dir='ltr'>Patrum</span> <span class='ocrx_word' id='word_1_126' title='bbox 1476 1810 1872 1879; x_wconf 89' lang='lat' dir='ltr'>composuisse,</span> <span class='ocrx_word' id='word_1_127' title='bbox 1901 1811 2004 1864; x_wconf 91' lang='lat' dir='ltr'>hoc</span> <span class='ocrx_word' id='word_1_128' title='bbox 2024 1793 2070 1852; x_wconf 84' lang='grc' dir='ltr'>Β</span> 
     </span>
    </p>
   </div>
   <div class='ocr_carea' id='block_1_19' title="bbox 417 1894 2000 1968">
    <p class='ocr_par' dir='ltr' id='par_1_19' title="bbox 417 1894 2000 1968">
     <span class='ocr_line' id='line_1_19' title="bbox 417 1894 2000 1968; baseline 0.004 -21"><span class='ocrx_word' id='word_1_129' title='bbox 417 1899 518 1960; x_wconf 89' lang='lat' dir='ltr'>est,</span> <span class='ocrx_word' id='word_1_130' title='bbox 554 1894 790 1966; x_wconf 89' lang='lat' dir='ltr'>primam</span> <span class='ocrx_word' id='word_1_131' title='bbox 824 1911 1016 1949; x_wconf 88' lang='lat' dir='ltr'>earum</span> <span class='ocrx_word' id='word_1_132' title='bbox 1055 1901 1270 1966; x_wconf 86' lang='lat' dir='ltr'>partem</span> <span class='ocrx_word' id='word_1_133' title='bbox 1323 1897 1476 1963; x_wconf 81' lang='lat' dir='ltr'>(citat</span> <span class='ocrx_word' id='word_1_134' title='bbox 1505 1915 1568 1951; x_wconf 80' lang='lat' dir='ltr'>ex</span> <span class='ocrx_word' id='word_1_135' title='bbox 1597 1899 2000 1968; x_wconf 85' lang='lat' dir='ltr'>vulgatissima,</span> 
     </span>
    </p>
   </div>
   <div class='ocr_carea' id='block_1_20' title="bbox 417 1984 2000 2058">
    <p class='ocr_par' dir='ltr' id='par_1_20' title="bbox 417 1984 2000 2058">
     <span class='ocr_line' id='line_1_20' title="bbox 417 1984 2000 2058; baseline 0.003 -21"><span class='ocrx_word' id='word_1_136' title='bbox 417 2001 585 2054; x_wconf 90' lang='lat' dir='ltr'>quam</span> <span class='ocrx_word' id='word_1_137' title='bbox 625 1985 927 2038; x_wconf 89' lang='lat' dir='ltr'>secundam</span> <span class='ocrx_word' id='word_1_138' title='bbox 956 2001 1108 2049; x_wconf 83' lang='lat' dir='ltr'>voco,</span> <span class='ocrx_word' id='word_1_139' title='bbox 1167 1984 1428 2054; x_wconf 89' lang='lat' dir='ltr'>editione)</span> <span class='ocrx_word' id='word_1_140' title='bbox 1463 1985 1532 2038; x_wconf 90' lang='lat' dir='ltr'>ab</span> <span class='ocrx_word' id='word_1_141' title='bbox 1561 1986 1722 2040; x_wconf 89' lang='lat' dir='ltr'>initio</span> <span class='ocrx_word' id='word_1_142' title='bbox 1742 1988 1958 2058; x_wconf 83' lang='lat' dir='ltr'>prolegi</span> <span class='ocrx_word' id='word_1_143' title='bbox 1989 2006 2000 2041; x_wconf 90' lang='lat'>:</span> 
     </span>
    </p>
   </div>
   <div class='ocr_carea' id='block_1_21' title="bbox 415 2074 2000 2146">
    <p class='ocr_par' dir='ltr' id='par_1_21' title="bbox 415 2074 2000 2146">
     <span class='ocr_line' id='line_1_21' title="bbox 415 2074 2000 2146; baseline 0.003 -20"><span class='ocrx_word' id='word_1_144' title='bbox 415 2074 731 2126; x_wconf 69' lang='lat' dir='ltr'>Benedictus</span> <span class='ocrx_word' id='word_1_145' title='bbox 769 2075 908 2126; x_wconf 81' lang='lat' dir='ltr'>Dcus</span> <span class='ocrx_word' id='word_1_146' title='bbox 947 2076 1046 2142; x_wconf 86' lang='lat' dir='ltr'>qui</span> <span class='ocrx_word' id='word_1_147' title='bbox 1072 2077 1190 2127; x_wconf 69' lang='lat' dir='ltr'>vult</span> <span class='ocrx_word' id='word_1_148' title='bbox 1221 2090 1424 2139; x_wconf 73' lang='lat' dir='ltr'>omnes,</span> <span class='ocrx_word' id='word_1_149' title='bbox 1466 2091 1644 2144; x_wconf 89' lang='lat' dir='ltr'>usque</span> <span class='ocrx_word' id='word_1_150' title='bbox 1689 2075 1760 2128; x_wconf 89' lang='lat' dir='ltr'>ad</span> <span class='ocrx_word' id='word_1_151' title='bbox 1789 2083 1958 2146; x_wconf 90' lang='lat' dir='ltr'>caput</span> <span class='ocrx_word' id='word_1_152' title='bbox 1989 2096 2000 2131; x_wconf 92' lang='lat'>:</span> 
     </span>
    </p>
   </div>
   <div class='ocr_carea' id='block_1_22' title="bbox 416 2163 2005 2233">
    <p class='ocr_par' dir='ltr' id='par_1_22' title="bbox 416 2163 2005 2233">
     <span class='ocr_line' id='line_1_22' title="bbox 416 2163 2005 2233; baseline 0.003 -19"><span class='ocrx_word' id='word_1_153' title='bbox 416 2163 486 2215; x_wconf 83' lang='lat' dir='ltr'>De</span> <span class='ocrx_word' id='word_1_154' title='bbox 508 2164 772 2230; x_wconf 77' lang='lat' dir='ltr'>periculis</span> <span class='ocrx_word' id='word_1_155' title='bbox 805 2165 864 2214; x_wconf 82' lang='lat' dir='ltr'>in</span> <span class='ocrx_word' id='word_1_156' title='bbox 898 2178 1094 2228; x_wconf 79' lang='lat' dir='ltr'>eremo,</span> <span class='ocrx_word' id='word_1_157' title='bbox 1127 2163 1273 2232; x_wconf 89' lang='lat' dir='ltr'>quod</span> <span class='ocrx_word' id='word_1_158' title='bbox 1317 2163 1576 2233; x_wconf 68' lang='lat' dir='ltr'>prazcedit</span> <span class='ocrx_word' id='word_1_159' title='bbox 1603 2164 1788 2218; x_wconf 86' lang='lat' dir='ltr'>Vitam</span> <span class='ocrx_word' id='word_1_160' title='bbox 1827 2165 2005 2219; x_wconf 87' lang='lat' dir='ltr'>sancti</span> 
     </span>
    </p>
   </div>
   <div class='ocr_carea' id='block_1_23' title="bbox 417 2249 596 2306">
    <p class='ocr_par' dir='ltr' id='par_1_23' title="bbox 417 2249 596 2306">
     <span class='ocr_line' id='line_1_23' title="bbox 417 2249 596 2306; baseline -0.022 0"><span class='ocrx_word' id='word_1_161' title='bbox 417 2249 596 2306; x_wconf 86' lang='lat' dir='ltr'>Pauli.</span> 
     </span>
    </p>
   </div>
   <div class='ocr_carea' id='block_1_24' title="bbox 490 2339 2010 2412">
    <p class='ocr_par' dir='ltr' id='par_1_24' title="bbox 490 2339 2010 2412">
     <span class='ocr_line' id='line_1_24' title="bbox 490 2339 2010 2412; baseline 0.002 -18"><span class='ocrx_word' id='word_1_162' title='bbox 490 2340 603 2394; x_wconf 89' lang='lat' dir='ltr'>Sed</span> <span class='ocrx_word' id='word_1_163' title='bbox 633 2345 690 2394; x_wconf 92' lang='lat' dir='ltr'>et</span> <span class='ocrx_word' id='word_1_164' title='bbox 717 2339 978 2411; x_wconf 85' lang='lat' dir='ltr'>Aloysius</span> <span class='ocrx_word' id='word_1_165' title='bbox 1007 2341 1697 2412; x_wconf 68' lang='lat' dir='ltr'>Lipomanus,prtefatione</span> <span class='ocrx_word' id='word_1_166' title='bbox 1722 2347 1852 2396; x_wconf 83' lang='lat' dir='ltr'>ante</span> <span class='ocrx_word' id='word_1_167' title='bbox 1883 2344 2010 2398; x_wconf 90' lang='lat' dir='ltr'>Pal-</span> 
     </span>
    </p>
   </div>
   <div class='ocr_carea' id='block_1_25' title="bbox 419 2429 2012 2500">
    <p class='ocr_par' dir='ltr' id='par_1_25' title="bbox 419 2429 2012 2500">
     <span class='ocr_line' id='line_1_25' title="bbox 419 2429 2012 2500; baseline 0.003 -18"><span class='ocrx_word' id='word_1_168' title='bbox 419 2429 824 2500; x_wconf 89' lang='lat' dir='ltr'>ladium,quem</span> <span class='ocrx_word' id='word_1_169' title='bbox 851 2435 1215 2500; x_wconf 72' lang='lat' dir='ltr'>repraesentat</span> <span class='ocrx_word' id='word_1_170' title='bbox 1234 2435 1386 2484; x_wconf 90' lang='lat' dir='ltr'>tomo</span> <span class='ocrx_word' id='word_1_171' title='bbox 1420 2431 1498 2485; x_wconf 87' lang='lat' dir='ltr'><strong>III</strong></span> <span class='ocrx_word' id='word_1_172' title='bbox 1539 2431 1606 2485; x_wconf 90' lang='lat' dir='ltr'>de</span> <span class='ocrx_word' id='word_1_173' title='bbox 1623 2431 1766 2485; x_wconf 89' lang='lat' dir='ltr'>Vitis</span> <span class='ocrx_word' id='word_1_174' title='bbox 1795 2439 2012 2487; x_wconf 88' lang='lat' dir='ltr'>sancto-</span> 
     </span>
    </p>
   </div>
   <div class='ocr_carea' id='block_1_26' title="bbox 417 2519 2012 2590">
    <p class='ocr_par' dir='ltr' id='par_1_26' title="bbox 417 2519 2012 2590">
     <span class='ocr_line' id='line_1_26' title="bbox 417 2519 2012 2590; baseline 0.002 -18"><span class='ocrx_word' id='word_1_175' title='bbox 417 2535 564 2583; x_wconf 91' lang='lat' dir='ltr'>rum,</span> <span class='ocrx_word' id='word_1_176' title='bbox 587 2519 707 2572; x_wconf 92' lang='lat' dir='ltr'>loco</span> <span class='ocrx_word' id='word_1_177' title='bbox 734 2519 830 2572; x_wconf 92' lang='lat' dir='ltr'>illo</span> <span class='ocrx_word' id='word_1_178' title='bbox 859 2519 971 2573; x_wconf 87' lang='lat' dir='ltr'>divi</span> <span class='ocrx_word' id='word_1_179' title='bbox 997 2519 1324 2590; x_wconf 85' lang='lat' dir='ltr'>Hieronymi</span> <span class='ocrx_word' id='word_1_180' title='bbox 1361 2519 1642 2584; x_wconf 91' lang='lat' dir='ltr'>inductus,</span> <span class='ocrx_word' id='word_1_181' title='bbox 1675 2520 2012 2575; x_wconf 79' lang='lat' dir='ltr'>existimavit</span> 
     </span>
    </p>
   </div>
   <div class='ocr_carea' id='block_1_27' title="bbox 421 2606 2006 2680">
    <p class='ocr_par' dir='ltr' id='par_1_27' title="bbox 421 2606 2006 2680">
     <span class='ocr_line' id='line_1_27' title="bbox 421 2606 2006 2680; baseline 0.001 -18"><span class='ocrx_word' id='word_1_182' title='bbox 421 2606 490 2663; x_wconf 88' lang='lat' dir='ltr'>ab</span> <span class='ocrx_word' id='word_1_183' title='bbox 519 2608 686 2677; x_wconf 82' lang='lat' dir='ltr'>Evagl</span> <span class='ocrx_word' id='word_1_184' title='bbox 701 2607 754 2660; x_wconf 92' lang='lat' dir='ltr'>io</span> <span class='ocrx_word' id='word_1_185' title='bbox 782 2607 986 2660; x_wconf 87' lang='lat' dir='ltr'>librum</span> <span class='ocrx_word' id='word_1_186' title='bbox 1019 2608 1179 2678; x_wconf 88' lang='lat' dir='ltr'>quasi</span> <span class='ocrx_word' id='word_1_187' title='bbox 1207 2608 1276 2661; x_wconf 91' lang='lat' dir='ltr'>de</span> <span class='ocrx_word' id='word_1_188' title='bbox 1302 2609 1590 2662; x_wconf 82' lang='lat' dir='ltr'>monachis</span> <span class='ocrx_word' id='word_1_189' title='bbox 1611 2610 2006 2680; x_wconf 86' lang='lat' dir='ltr'>conscriptum,</span> 
     </span>
    </p>
   </div>
   <div class='ocr_carea' id='block_1_28' title="bbox 421 2696 2008 2767">
    <p class='ocr_par' dir='ltr' id='par_1_28' title="bbox 421 2696 2008 2767">
     <span class='ocr_line' id='line_1_28' title="bbox 421 2696 2008 2767; baseline 0.002 -17"><span class='ocrx_word' id='word_1_190' title='bbox 421 2696 516 2767; x_wconf 91' lang='lat' dir='ltr'>qui</span> <span class='ocrx_word' id='word_1_191' title='bbox 537 2702 728 2750; x_wconf 89' lang='lat' dir='ltr'>tamen</span> <span class='ocrx_word' id='word_1_192' title='bbox 743 2713 854 2750; x_wconf 90' lang='lat' dir='ltr'>non</span> <span class='ocrx_word' id='word_1_193' title='bbox 876 2696 1138 2766; x_wconf 80' lang='lat' dir='ltr'>exprimit</span> <span class='ocrx_word' id='word_1_194' title='bbox 1156 2713 1228 2750; x_wconf 91' lang='lat' dir='ltr'>an</span> <span class='ocrx_word' id='word_1_195' title='bbox 1249 2697 1418 2767; x_wconf 87' lang='lat' dir='ltr'>hujus</span> <span class='ocrx_word' id='word_1_196' title='bbox 1439 2714 1566 2752; x_wconf 91' lang='lat' dir='ltr'>eum</span> <span class='ocrx_word' id='word_1_197' title='bbox 1582 2697 1708 2752; x_wconf 91' lang='lat' dir='ltr'>libri</span> <span class='ocrx_word' id='word_1_198' title='bbox 1723 2704 2008 2753; x_wconf 86' lang='lat' dir='ltr'>auctorem</span> 
     </span>
    </p>
   </div>
   <div class='ocr_carea' id='block_1_29' title="bbox 419 2785 2010 2856">
    <p class='ocr_par' dir='ltr' id='par_1_29' title="bbox 419 2785 2010 2856">
     <span class='ocr_line' id='line_1_29' title="bbox 419 2785 2010 2856; baseline 0.003 -18"><span class='ocrx_word' id='word_1_199' title='bbox 419 2790 645 2840; x_wconf 85' lang='lat' dir='ltr'>censeat</span> <span class='ocrx_word' id='word_1_200' title='bbox 676 2803 689 2850; x_wconf 93' lang='lat'><strong>;</strong></span> <span class='ocrx_word' id='word_1_201' title='bbox 735 2785 849 2839; x_wconf 91' lang='lat' dir='ltr'>imo</span> <span class='ocrx_word' id='word_1_202' title='bbox 878 2785 1086 2840; x_wconf 90' lang='lat' dir='ltr'>sentire</span> <span class='ocrx_word' id='word_1_203' title='bbox 1133 2785 1353 2840; x_wconf 90' lang='lat' dir='ltr'>videtur</span> <span class='ocrx_word' id='word_1_204' title='bbox 1381 2803 1510 2840; x_wconf 91' lang='lat' dir='ltr'>eum</span> <span class='ocrx_word' id='word_1_205' title='bbox 1549 2787 1768 2856; x_wconf 81' lang='lat' dir='ltr'>Evagrii</span> <span class='ocrx_word' id='word_1_206' title='bbox 1804 2787 2010 2842; x_wconf 92' lang='lat' dir='ltr'>librum</span> 
     </span>
    </p>
   </div>
   <div class='ocr_carea' id='block_1_30' title="bbox 414 2875 945 2947">
    <p class='ocr_par' dir='ltr' id='par_1_30' title="bbox 414 2875 945 2947">
     <span class='ocr_line' id='line_1_30' title="bbox 414 2875 945 2947; baseline -0.006 -17"><span class='ocrx_word' id='word_1_207' title='bbox 414 2875 535 2947; x_wconf 86' lang='lat' dir='ltr'>jam</span> <span class='ocrx_word' id='word_1_208' title='bbox 566 2891 678 2929; x_wconf 90' lang='lat' dir='ltr'>non</span> <span class='ocrx_word' id='word_1_209' title='bbox 710 2879 945 2928; x_wconf 85' lang='lat' dir='ltr'>exstare.</span> 
     </span>
    </p>
   </div>
   <div class='ocr_carea' id='block_1_31' title="bbox 490 2964 2014 3037">
    <p class='ocr_par' dir='ltr' id='par_1_31' title="bbox 490 2964 2014 3037">
     <span class='ocr_line' id='line_1_31' title="bbox 490 2964 2014 3037; baseline 0.003 -19"><span class='ocrx_word' id='word_1_210' title='bbox 490 2964 793 3019; x_wconf 87' lang='lat' dir='ltr'>Videamus</span> <span class='ocrx_word' id='word_1_211' title='bbox 819 2981 968 3018; x_wconf 90' lang='lat' dir='ltr'>nunc</span> <span class='ocrx_word' id='word_1_212' title='bbox 994 2965 1194 3036; x_wconf 88' lang='lat' dir='ltr'>quibus</span> <span class='ocrx_word' id='word_1_213' title='bbox 1223 2965 1340 3019; x_wconf 65' lang='lat' dir='ltr'>haec</span> <span class='ocrx_word' id='word_1_214' title='bbox 1367 2965 1664 3032; x_wconf 84' lang='lat' dir='ltr'>sententia,</span> <span class='ocrx_word' id='word_1_215' title='bbox 1711 2983 1832 3037; x_wconf 68' lang='lat' dir='ltr'>quae</span> <span class='ocrx_word' id='word_1_216' title='bbox 1881 2968 2014 3022; x_wconf 86' lang='lat' dir='ltr'>Eva-</span> 
     </span>
    </p>
   </div>
   <div class='ocr_carea' id='block_1_32' title="bbox 419 3053 2012 3126">
    <p class='ocr_par' dir='ltr' id='par_1_32' title="bbox 419 3053 2012 3126">
     <span class='ocr_line' id='line_1_32' title="bbox 419 3053 2012 3126; baseline 0.003 -20"><span class='ocrx_word' id='word_1_217' title='bbox 419 3054 607 3125; x_wconf 86' lang='lat' dir='ltr'>grium</span> <span class='ocrx_word' id='word_1_218' title='bbox 657 3053 946 3108; x_wconf 90' lang='lat' dir='ltr'>Ponticum</span> <span class='ocrx_word' id='word_1_219' title='bbox 975 3053 1102 3108; x_wconf 86' lang='lat' dir='ltr'>libri</span> <span class='ocrx_word' id='word_1_220' title='bbox 1155 3055 1323 3125; x_wconf 88' lang='lat' dir='ltr'>hujus</span> <span class='ocrx_word' id='word_1_221' title='bbox 1353 3061 1637 3108; x_wconf 85' lang='lat' dir='ltr'>auctorem</span> <span class='ocrx_word' id='word_1_222' title='bbox 1669 3055 1818 3123; x_wconf 77' lang='lat' dir='ltr'>iacit,</span> <span class='ocrx_word' id='word_1_223' title='bbox 1849 3073 2012 3126; x_wconf 88' lang='lat' dir='ltr'>argu-</span> 
     </span>
    </p>
   </div>
   <div class='ocr_carea' id='block_1_33' title="bbox 421 3143 980 3214">
    <p class='ocr_par' dir='ltr' id='par_1_33' title="bbox 421 3143 980 3214">
     <span class='ocr_line' id='line_1_33' title="bbox 421 3143 980 3214; baseline -0.004 -16"><span class='ocrx_word' id='word_1_224' title='bbox 421 3143 628 3198; x_wconf 86' lang='lat' dir='ltr'>mentis</span> <span class='ocrx_word' id='word_1_225' title='bbox 654 3143 758 3198; x_wconf 88' lang='lat' dir='ltr'>niti</span> <span class='ocrx_word' id='word_1_226' title='bbox 789 3143 980 3214; x_wconf 84' lang='lat' dir='ltr'>possit.</span> 
     </span>
    </p>
   </div>
   <div class='ocr_carea' id='block_1_34' title="bbox 2081 559 3674 632">
    <p class='ocr_par' dir='ltr' id='par_1_34' title="bbox 2081 559 3674 632">
     <span class='ocr_line' id='line_1_34' title="bbox 2081 559 3674 632; baseline -0.001 -18"><span class='ocrx_word' id='word_1_227' title='bbox 2081 560 2206 614; x_wconf 91' lang='lat' dir='ltr'>Non</span> <span class='ocrx_word' id='word_1_228' title='bbox 2227 560 2542 615; x_wconf 87' lang='lat' dir='ltr'>absimilem</span> <span class='ocrx_word' id='word_1_229' title='bbox 2555 561 2788 614; x_wconf 87' lang='lat' dir='ltr'>Honorii</span> <span class='ocrx_word' id='word_1_230' title='bbox 2811 561 2892 614; x_wconf 87' lang='lat' dir='ltr'>vel</span> <span class='ocrx_word' id='word_1_231' title='bbox 2906 560 3240 614; x_wconf 82' lang='lat' dir='ltr'>erroremvel</span> <span class='ocrx_word' id='word_1_232' title='bbox 3253 559 3674 632; x_wconf 88' lang='lat' dir='ltr'>corruptionem</span> 
     </span>
    </p>
   </div>
   <div class='ocr_carea' id='block_1_35' title="bbox 2082 649 3673 717">
    <p class='ocr_par' dir='ltr' id='par_1_35' title="bbox 2082 649 3673 717">
     <span class='ocr_line' id='line_1_35' title="bbox 2082 649 3673 717; baseline 0.001 -16"><span class='ocrx_word' id='word_1_233' title='bbox 2082 649 2204 703; x_wconf 90' lang='lat' dir='ltr'>vide</span> <span class='ocrx_word' id='word_1_234' title='bbox 2234 649 2394 704; x_wconf 90' lang='lat' dir='ltr'>initio</span> <span class='ocrx_word' id='word_1_235' title='bbox 2424 649 2552 703; x_wconf 88' lang='lat' dir='ltr'>libri</span> <span class='ocrx_word' id='word_1_236' title='bbox 2569 666 2622 717; x_wconf 75' lang='grc' dir='ltr'>ιι,</span> <span class='ocrx_word' id='word_1_237' title='bbox 2673 650 2958 704; x_wconf 88' lang='lat' dir='ltr'>notatione</span> <span class='ocrx_word' id='word_1_238' title='bbox 2986 650 3055 704; x_wconf 88' lang='lat' dir='ltr'>ad</span> <span class='ocrx_word' id='word_1_239' title='bbox 3083 655 3336 704; x_wconf 87' lang='lat' dir='ltr'>veterum</span> <span class='ocrx_word' id='word_1_240' title='bbox 3355 649 3424 703; x_wconf 91' lang='lat' dir='ltr'>de</span> <span class='ocrx_word' id='word_1_241' title='bbox 3445 649 3673 704; x_wconf 85' lang='lat' dir='ltr'>Rufﬁno</span> 
     </span>
    </p>
   </div>
   <div class='ocr_carea' id='block_1_36' title="bbox 2083 739 2283 809">
    <p class='ocr_par' dir='ltr' id='par_1_36' title="bbox 2083 739 2283 809">
     <span class='ocr_line' id='line_1_36' title="bbox 2083 739 2283 809; baseline 0.005 -18"><span class='ocrx_word' id='word_1_242' title='bbox 2083 739 2283 809; x_wconf 87' lang='lat' dir='ltr'>elogia.</span> 
     </span>
    </p>
   </div>
   <div class='ocr_carea' id='block_1_37' title="bbox 2154 827 3670 898">
    <p class='ocr_par' dir='ltr' id='par_1_37' title="bbox 2154 827 3670 898">
     <span class='ocr_line' id='line_1_37' title="bbox 2154 827 3670 898; baseline -0.001 -16"><span class='ocrx_word' id='word_1_243' title='bbox 2154 827 2365 882; x_wconf 88' lang='lat' dir='ltr'>Omitto</span> <span class='ocrx_word' id='word_1_244' title='bbox 2378 828 2524 898; x_wconf 90' lang='lat' dir='ltr'>quod</span> <span class='ocrx_word' id='word_1_245' title='bbox 2549 829 2607 882; x_wconf 91' lang='lat' dir='ltr'>in</span> <span class='ocrx_word' id='word_1_246' title='bbox 2630 829 2735 883; x_wconf 91' lang='lat' dir='ltr'>hoc</span> <span class='ocrx_word' id='word_1_247' title='bbox 2757 830 2999 884; x_wconf 90' lang='lat' dir='ltr'>secundo</span> <span class='ocrx_word' id='word_1_248' title='bbox 3020 827 3160 882; x_wconf 92' lang='lat' dir='ltr'>libro</span> <span class='ocrx_word' id='word_1_249' title='bbox 3181 828 3394 882; x_wconf 90' lang='lat' dir='ltr'>deVitis</span> <span class='ocrx_word' id='word_1_250' title='bbox 3415 829 3670 894; x_wconf 86' lang='lat' dir='ltr'>Patrum,</span> 
     </span>
    </p>
   </div>
   <div class='ocr_carea' id='block_1_38' title="bbox 2082 917 3675 989">
    <p class='ocr_par' dir='ltr' id='par_1_38' title="bbox 2082 917 3675 989">
     <span class='ocr_line' id='line_1_38' title="bbox 2082 917 3675 989; baseline 0 -19"><span class='ocrx_word' id='word_1_251' title='bbox 2082 933 2203 988; x_wconf 87' lang='lat' dir='ltr'>cap.</span> <span class='ocrx_word' id='word_1_252' title='bbox 2233 917 2321 984; x_wconf 76' lang='lat'>27,</span> <span class='ocrx_word' id='word_1_253' title='bbox 2351 923 2528 972; x_wconf 83' lang='lat' dir='ltr'>exstet</span> <span class='ocrx_word' id='word_1_254' title='bbox 2546 919 2675 972; x_wconf 87' lang='lat' dir='ltr'>Vita</span> <span class='ocrx_word' id='word_1_255' title='bbox 2694 919 2932 989; x_wconf 88' lang='lat' dir='ltr'>Evagrii,</span> <span class='ocrx_word' id='word_1_256' title='bbox 2971 938 2992 969; x_wconf 79' lang='grc' dir='ltr'>ι</span> <span class='ocrx_word' id='word_1_257' title='bbox 3015 924 3286 989; x_wconf 87' lang='lat' dir='ltr'>tanquam</span> <span class='ocrx_word' id='word_1_258' title='bbox 3307 917 3675 972; x_wconf 89' lang='lat' dir='ltr'>continentis-</span> 
     </span>
    </p>
   </div>
   <div class='ocr_carea' id='block_1_39' title="bbox 2084 1005 3680 1074">
    <p class='ocr_par' dir='ltr' id='par_1_39' title="bbox 2084 1005 3680 1074">
     <span class='ocr_line' id='line_1_39' title="bbox 2084 1005 3680 1074; baseline 0.001 -16"><span class='ocrx_word' id='word_1_259' title='bbox 2084 1005 2213 1058; x_wconf 92' lang='lat' dir='ltr'>simi</span> <span class='ocrx_word' id='word_1_260' title='bbox 2238 1011 2295 1060; x_wconf 90' lang='lat' dir='ltr'>et</span> <span class='ocrx_word' id='word_1_261' title='bbox 2331 1007 2695 1061; x_wconf 88' lang='lat' dir='ltr'>eruditissimi</span> <span class='ocrx_word' id='word_1_262' title='bbox 2719 1009 2842 1074; x_wconf 88' lang='lat' dir='ltr'>viri,</span> <span class='ocrx_word' id='word_1_263' title='bbox 2869 1026 2896 1060; x_wconf 65' lang='grc' dir='ltr'>ιι</span> <span class='ocrx_word' id='word_1_264' title='bbox 2929 1013 2994 1062; x_wconf 91' lang='lat' dir='ltr'>ut</span> <span class='ocrx_word' id='word_1_265' title='bbox 3015 1024 3140 1061; x_wconf 88' lang='lat' dir='ltr'>eam</span> <span class='ocrx_word' id='word_1_266' title='bbox 3161 1007 3236 1061; x_wconf 90' lang='lat' dir='ltr'>ibi</span> <span class='ocrx_word' id='word_1_267' title='bbox 3253 1006 3449 1061; x_wconf 87' lang='lat' dir='ltr'>haberi</span> <span class='ocrx_word' id='word_1_268' title='bbox 3475 1005 3680 1060; x_wconf 85' lang='lat' dir='ltr'>asserit</span> 
     </span>
    </p>
   </div>
   <div class='ocr_carea' id='block_1_40' title="bbox 2085 1095 3677 1167">
    <p class='ocr_par' dir='ltr' id='par_1_40' title="bbox 2085 1095 3677 1167">
     <span class='ocr_line' id='line_1_40' title="bbox 2085 1095 3677 1167; baseline 0 -19"><span class='ocrx_word' id='word_1_269' title='bbox 2085 1095 2576 1150; x_wconf 69' lang='lat' dir='ltr'>GennadiusNam</span> <span class='ocrx_word' id='word_1_270' title='bbox 2587 1098 2708 1166; x_wconf 84' lang='lat' dir='ltr'>ejus</span> <span class='ocrx_word' id='word_1_271' title='bbox 2725 1113 2789 1151; x_wconf 90' lang='lat' dir='ltr'>eo</span> <span class='ocrx_word' id='word_1_272' title='bbox 2807 1097 2863 1150; x_wconf 94' lang='lat' dir='ltr'>in</span> <span class='ocrx_word' id='word_1_273' title='bbox 2886 1097 3026 1150; x_wconf 89' lang='lat' dir='ltr'>libro</span> <span class='ocrx_word' id='word_1_274' title='bbox 3052 1115 3078 1149; x_wconf 72' lang='grc' dir='ltr'><strong><em>α</em></strong></span> <span class='ocrx_word' id='word_1_275' title='bbox 3094 1097 3470 1167; x_wconf 88' lang='lat' dir='ltr'>spiritualium</span> <span class='ocrx_word' id='word_1_276' title='bbox 3482 1111 3677 1149; x_wconf 88' lang='lat' dir='ltr'>rerum</span> 
     </span>
    </p>
   </div>
   <div class='ocr_carea' id='block_1_41' title="bbox 2085 1183 3670 1251">
    <p class='ocr_par' dir='ltr' id='par_1_41' title="bbox 2085 1183 3670 1251">
     <span class='ocr_line' id='line_1_41' title="bbox 2085 1183 3670 1251; baseline -0.001 -13"><span class='ocrx_word' id='word_1_277' title='bbox 2085 1183 2335 1251; x_wconf 87' lang='lat' dir='ltr'>scientia,</span> <span class='ocrx_word' id='word_1_278' title='bbox 2370 1191 2426 1239; x_wconf 91' lang='lat' dir='ltr'>et</span> <span class='ocrx_word' id='word_1_279' title='bbox 2443 1185 2784 1239; x_wconf 87' lang='lat' dir='ltr'>incredibilis</span> <span class='ocrx_word' id='word_1_280' title='bbox 2808 1185 3148 1240; x_wconf 86' lang='lat' dir='ltr'>abstinentia</span> <span class='ocrx_word' id='word_1_281' title='bbox 3167 1205 3193 1237; x_wconf 83' lang='lat'><strong>»</strong></span> <span class='ocrx_word' id='word_1_282' title='bbox 3224 1185 3670 1249; x_wconf 85' lang='lat' dir='ltr'>commendatur,</span> 
     </span>
    </p>
   </div>
   <div class='ocr_carea' id='block_1_42' title="bbox 2087 1274 3679 1346">
    <p class='ocr_par' dir='ltr' id='par_1_42' title="bbox 2087 1274 3679 1346">
     <span class='ocr_line' id='line_1_42' title="bbox 2087 1274 3679 1346; baseline 0.001 -19"><span class='ocrx_word' id='word_1_283' title='bbox 2087 1291 2253 1344; x_wconf 90' lang='lat' dir='ltr'>quam</span> <span class='ocrx_word' id='word_1_284' title='bbox 2286 1280 2504 1328; x_wconf 90' lang='lat' dir='ltr'>nonest</span> <span class='ocrx_word' id='word_1_285' title='bbox 2533 1274 2718 1328; x_wconf 90' lang='lat' dir='ltr'>simile</span> <span class='ocrx_word' id='word_1_286' title='bbox 2746 1292 2874 1329; x_wconf 92' lang='lat' dir='ltr'>vero</span> <span class='ocrx_word' id='word_1_287' title='bbox 2918 1276 3215 1345; x_wconf 87' lang='lat' dir='ltr'>Evagrium</span> <span class='ocrx_word' id='word_1_288' title='bbox 3263 1275 3448 1346; x_wconf 90' lang='lat' dir='ltr'>ipsum</span> <span class='ocrx_word' id='word_1_289' title='bbox 3505 1275 3575 1328; x_wconf 91' lang='lat' dir='ltr'>de</span> <span class='ocrx_word' id='word_1_290' title='bbox 3615 1289 3679 1328; x_wconf 79' lang='lat' dir='ltr'>se</span> 
     </span>
    </p>
   </div>
   <div class='ocr_carea' id='block_1_43' title="bbox 2086 1362 2677 1418">
    <p class='ocr_par' dir='ltr' id='par_1_43' title="bbox 2086 1362 2677 1418">
     <span class='ocr_line' id='line_1_43' title="bbox 2086 1362 2677 1418; baseline 0.003 -3"><span class='ocrx_word' id='word_1_291' title='bbox 2086 1362 2379 1417; x_wconf 86' lang='lat' dir='ltr'>historiam</span> <span class='ocrx_word' id='word_1_292' title='bbox 2417 1365 2677 1418; x_wconf 85' lang='lat' dir='ltr'>texuisse.</span> 
     </span>
    </p>
   </div>
   <div class='ocr_carea' id='block_1_44' title="bbox 2159 1451 3680 1526">
    <p class='ocr_par' dir='ltr' id='par_1_44' title="bbox 2159 1451 3680 1526">
     <span class='ocr_line' id='line_1_44' title="bbox 2159 1451 3680 1526; baseline 0.001 -21"><span class='ocrx_word' id='word_1_293' title='bbox 2159 1451 2210 1505; x_wconf 91' lang='lat'>3.</span> <span class='ocrx_word' id='word_1_294' title='bbox 2249 1453 2408 1516; x_wconf 91' lang='lat' dir='ltr'>Quod</span> <span class='ocrx_word' id='word_1_295' title='bbox 2438 1453 2484 1507; x_wconf 92' lang='lat' dir='ltr'>si</span> <span class='ocrx_word' id='word_1_296' title='bbox 2515 1454 2879 1524; x_wconf 86' lang='lat' dir='ltr'>manuscripti</span> <span class='ocrx_word' id='word_1_297' title='bbox 2919 1455 3147 1526; x_wconf 84' lang='lat' dir='ltr'>quidam</span> <span class='ocrx_word' id='word_1_298' title='bbox 3199 1452 3327 1506; x_wconf 91' lang='lat' dir='ltr'>libri</span> <span class='ocrx_word' id='word_1_299' title='bbox 3377 1451 3680 1523; x_wconf 88' lang='lat' dir='ltr'>Evagrium</span> 
     </span>
    </p>
   </div>
   <div class='ocr_carea' id='block_1_45' title="bbox 2086 1541 3677 1613">
    <p class='ocr_par' dir='ltr' id='par_1_45' title="bbox 2086 1541 3677 1613">
     <span class='ocr_line' id='line_1_45' title="bbox 2086 1541 3677 1613; baseline 0 -19"><span class='ocrx_word' id='word_1_300' title='bbox 2086 1541 2406 1610; x_wconf 76' lang='lat' dir='ltr'>praeferunt,</span> <span class='ocrx_word' id='word_1_301' title='bbox 2449 1549 2513 1596; x_wconf 92' lang='lat' dir='ltr'>ut</span> <span class='ocrx_word' id='word_1_302' title='bbox 2541 1543 2653 1608; x_wconf 89' lang='lat' dir='ltr'>ille,</span> <span class='ocrx_word' id='word_1_303' title='bbox 2687 1543 2756 1596; x_wconf 88' lang='lat' dir='ltr'>de</span> <span class='ocrx_word' id='word_1_304' title='bbox 2795 1559 2904 1613; x_wconf 90' lang='lat' dir='ltr'>quo</span> <span class='ocrx_word' id='word_1_305' title='bbox 2933 1543 3192 1608; x_wconf 82' lang='lat' dir='ltr'>diximus,</span> <span class='ocrx_word' id='word_1_306' title='bbox 3225 1542 3677 1612; x_wconf 86' lang='lat' dir='ltr'>Burdegalensis,</span> 
     </span>
    </p>
   </div>
   <div class='ocr_carea' id='block_1_46' title="bbox 2088 1629 3678 1702">
    <p class='ocr_par' dir='ltr' id='par_1_46' title="bbox 2088 1629 3678 1702">
     <span class='ocr_line' id='line_1_46' title="bbox 2088 1629 3678 1702; baseline 0.001 -20"><span class='ocrx_word' id='word_1_307' title='bbox 2088 1635 2146 1682; x_wconf 89' lang='lat' dir='ltr'>et</span> <span class='ocrx_word' id='word_1_308' title='bbox 2174 1631 2396 1700; x_wconf 90' lang='lat' dir='ltr'>qualem</span> <span class='ocrx_word' id='word_1_309' title='bbox 2423 1647 2542 1684; x_wconf 89' lang='lat' dir='ltr'>esse</span> <span class='ocrx_word' id='word_1_310' title='bbox 2570 1631 2736 1686; x_wconf 88' lang='lat' dir='ltr'>audio</span> <span class='ocrx_word' id='word_1_311' title='bbox 2765 1631 2991 1699; x_wconf 84' lang='lat' dir='ltr'>Parisiis</span> <span class='ocrx_word' id='word_1_312' title='bbox 3019 1631 3166 1702; x_wconf 89' lang='lat' dir='ltr'>apud</span> <span class='ocrx_word' id='word_1_313' title='bbox 3196 1630 3572 1684; x_wconf 85' lang='lat' dir='ltr'>clarissimum</span> <span class='ocrx_word' id='word_1_314' title='bbox 3591 1629 3678 1683; x_wconf 91' lang='lat' dir='ltr'>vi-</span> 
     </span>
    </p>
   </div>
   <div class='ocr_carea' id='block_1_47' title="bbox 2088 1719 3683 1790">
    <p class='ocr_par' dir='ltr' id='par_1_47' title="bbox 2088 1719 3683 1790">
     <span class='ocr_line' id='line_1_47' title="bbox 2088 1719 3683 1790; baseline 0 -18"><span class='ocrx_word' id='word_1_315' title='bbox 2088 1735 2213 1772; x_wconf 88' lang='lat' dir='ltr'>rum</span> <span class='ocrx_word' id='word_1_316' title='bbox 2244 1719 2536 1774; x_wconf 84' lang='lat' dir='ltr'>Nicolaum</span> <span class='ocrx_word' id='word_1_317' title='bbox 2568 1720 2832 1786; x_wconf 86' lang='lat' dir='ltr'>Fabrum,</span> <span class='ocrx_word' id='word_1_318' title='bbox 2865 1737 2976 1774; x_wconf 90' lang='lat' dir='ltr'>non</span> <span class='ocrx_word' id='word_1_319' title='bbox 2998 1737 3336 1790; x_wconf 87' lang='lat' dir='ltr'>magnopere</span> <span class='ocrx_word' id='word_1_320' title='bbox 3351 1735 3572 1772; x_wconf 91' lang='lat' dir='ltr'>movere</span> <span class='ocrx_word' id='word_1_321' title='bbox 3585 1719 3683 1772; x_wconf 88' lang='lat' dir='ltr'>de-</span> 
     </span>
    </p>
   </div>
   <div class='ocr_carea' id='block_1_48' title="bbox 2088 1807 3682 1880">
    <p class='ocr_par' dir='ltr' id='par_1_48' title="bbox 2088 1807 3682 1880">
     <span class='ocr_line' id='line_1_48' title="bbox 2088 1807 3682 1880; baseline -0.001 -19"><span class='ocrx_word' id='word_1_322' title='bbox 2088 1807 2436 1880; x_wconf 88' lang='lat' dir='ltr'>bet.Dupliei</span> <span class='ocrx_word' id='word_1_323' title='bbox 2463 1809 2612 1863; x_wconf 93' lang='lat' dir='ltr'>enim</span> <span class='ocrx_word' id='word_1_324' title='bbox 2642 1810 2744 1863; x_wconf 91' lang='lat' dir='ltr'>hoc</span> <span class='ocrx_word' id='word_1_325' title='bbox 2769 1826 2937 1864; x_wconf 86' lang='lat' dir='ltr'>causa</span> <span class='ocrx_word' id='word_1_326' title='bbox 2964 1811 3083 1863; x_wconf 84' lang='lat' dir='ltr'>ﬁeri</span> <span class='ocrx_word' id='word_1_327' title='bbox 3106 1809 3433 1880; x_wconf 87' lang='lat' dir='ltr'>potuit,tum</span> <span class='ocrx_word' id='word_1_328' title='bbox 3462 1825 3527 1862; x_wconf 84' lang='lat' dir='ltr'>ex</span> <span class='ocrx_word' id='word_1_329' title='bbox 3548 1807 3682 1860; x_wconf 87' lang='lat' dir='ltr'>Vita</span> 
     </span>
    </p>
   </div>
   <div class='ocr_carea' id='block_1_49' title="bbox 2089 1897 3680 1968">
    <p class='ocr_par' dir='ltr' id='par_1_49' title="bbox 2089 1897 3680 1968">
     <span class='ocr_line' id='line_1_49' title="bbox 2089 1897 3680 1968; baseline -0.001 -18"><span class='ocrx_word' id='word_1_330' title='bbox 2089 1897 2265 1950; x_wconf 89' lang='lat' dir='ltr'>sancti</span> <span class='ocrx_word' id='word_1_331' title='bbox 2295 1898 2542 1962; x_wconf 85' lang='lat' dir='ltr'>Antonii,</span> <span class='ocrx_word' id='word_1_332' title='bbox 2569 1915 2690 1968; x_wconf 69' lang='lat' dir='ltr'>qua:</span> <span class='ocrx_word' id='word_1_333' title='bbox 2730 1900 2960 1952; x_wconf 87' lang='lat' dir='ltr'>Patrum</span> <span class='ocrx_word' id='word_1_334' title='bbox 2991 1899 3136 1952; x_wconf 88' lang='lat' dir='ltr'>Vitis</span> <span class='ocrx_word' id='word_1_335' title='bbox 3164 1899 3495 1968; x_wconf 89' lang='lat' dir='ltr'>plerumque</span> <span class='ocrx_word' id='word_1_336' title='bbox 3532 1912 3680 1967; x_wconf 72' lang='lat' dir='ltr'>pra:-</span> 
     </span>
    </p>
   </div>
   <div class='ocr_carea' id='block_1_50' title="bbox 2089 1986 3680 2058">
    <p class='ocr_par' dir='ltr' id='par_1_50' title="bbox 2089 1986 3680 2058">
     <span class='ocr_line' id='line_1_50' title="bbox 2089 1986 3680 2058; baseline -0.001 -19"><span class='ocrx_word' id='word_1_337' title='bbox 2089 1986 2445 2052; x_wconf 87' lang='lat' dir='ltr'>mittitur,cui</span> <span class='ocrx_word' id='word_1_338' title='bbox 2461 1987 2676 2056; x_wconf 86' lang='lat' dir='ltr'>Evagrii</span> <span class='ocrx_word' id='word_1_339' title='bbox 2693 1993 2960 2058; x_wconf 87' lang='lat' dir='ltr'>tanquam</span> <span class='ocrx_word' id='word_1_340' title='bbox 2973 1987 3293 2058; x_wconf 88' lang='lat' dir='ltr'>interpretis</span> <span class='ocrx_word' id='word_1_341' title='bbox 3317 1987 3513 2040; x_wconf 87' lang='lat' dir='ltr'>titulus</span> <span class='ocrx_word' id='word_1_342' title='bbox 3534 2001 3680 2056; x_wconf 65' lang='lat' dir='ltr'>pra:-</span> 
     </span>
    </p>
   </div>
   <div class='ocr_carea' id='block_1_51' title="bbox 2089 2075 3682 2147">
    <p class='ocr_par' dir='ltr' id='par_1_51' title="bbox 2089 2075 3682 2147">
     <span class='ocr_line' id='line_1_51' title="bbox 2089 2075 3682 2147; baseline -0.001 -19"><span class='ocrx_word' id='word_1_343' title='bbox 2089 2075 2401 2146; x_wconf 81' lang='lat' dir='ltr'>ligitur,qui</span> <span class='ocrx_word' id='word_1_344' title='bbox 2429 2082 2486 2130; x_wconf 90' lang='lat' dir='ltr'>et</span> <span class='ocrx_word' id='word_1_345' title='bbox 2512 2076 2635 2128; x_wconf 89' lang='lat' dir='ltr'>aliis</span> <span class='ocrx_word' id='word_1_346' title='bbox 2647 2075 3006 2146; x_wconf 85' lang='lat' dir='ltr'>sequentibus</span> <span class='ocrx_word' id='word_1_347' title='bbox 3028 2083 3154 2147; x_wconf 88' lang='lat' dir='ltr'>post</span> <span class='ocrx_word' id='word_1_348' title='bbox 3180 2076 3445 2141; x_wconf 67' lang='lat' dir='ltr'>adhzesit;</span> <span class='ocrx_word' id='word_1_349' title='bbox 3470 2079 3590 2128; x_wconf 90' lang='lat' dir='ltr'>tum</span> <span class='ocrx_word' id='word_1_350' title='bbox 3615 2089 3682 2128; x_wconf 84' lang='lat' dir='ltr'>ex</span> 
     </span>
    </p>
   </div>
   <div class='ocr_carea' id='block_1_52' title="bbox 2089 2163 3684 2237">
    <p class='ocr_par' dir='ltr' id='par_1_52' title="bbox 2089 2163 3684 2237">
     <span class='ocr_line' id='line_1_52' title="bbox 2089 2163 3684 2237; baseline 0 -20"><span class='ocrx_word' id='word_1_351' title='bbox 2089 2164 2202 2218; x_wconf 89' lang='lat' dir='ltr'>divi</span> <span class='ocrx_word' id='word_1_352' title='bbox 2242 2165 2569 2236; x_wconf 87' lang='lat' dir='ltr'>Hieronymi</span> <span class='ocrx_word' id='word_1_353' title='bbox 2599 2166 2670 2218; x_wconf 90' lang='lat' dir='ltr'>ad</span> <span class='ocrx_word' id='word_1_354' title='bbox 2709 2166 3126 2237; x_wconf 88' lang='lat' dir='ltr'>Ctesiphontem</span> <span class='ocrx_word' id='word_1_355' title='bbox 3157 2166 3394 2236; x_wconf 88' lang='lat' dir='ltr'>epistola</span> <span class='ocrx_word' id='word_1_356' title='bbox 3419 2165 3564 2218; x_wconf 88' lang='lat' dir='ltr'>male</span> <span class='ocrx_word' id='word_1_357' title='bbox 3597 2163 3684 2217; x_wconf 91' lang='lat' dir='ltr'>in-</span> 
     </span>
    </p>
   </div>
   <div class='ocr_carea' id='block_1_53' title="bbox 2092 2254 3568 2326">
    <p class='ocr_par' dir='ltr' id='par_1_53' title="bbox 2092 2254 3568 2326">
     <span class='ocr_line' id='line_1_53' title="bbox 2092 2254 3568 2326; baseline 0 -20"><span class='ocrx_word' id='word_1_358' title='bbox 2092 2255 2330 2318; x_wconf 89' lang='lat' dir='ltr'>tellecta,</span> <span class='ocrx_word' id='word_1_359' title='bbox 2365 2255 2432 2307; x_wconf 88' lang='lat' dir='ltr'>de</span> <span class='ocrx_word' id='word_1_360' title='bbox 2465 2271 2575 2325; x_wconf 88' lang='lat' dir='ltr'>qua</span> <span class='ocrx_word' id='word_1_361' title='bbox 2602 2255 2767 2324; x_wconf 88' lang='lat' dir='ltr'>paulo</span> <span class='ocrx_word' id='word_1_362' title='bbox 2799 2261 2922 2326; x_wconf 90' lang='lat' dir='ltr'>post</span> <span class='ocrx_word' id='word_1_363' title='bbox 2947 2255 3002 2308; x_wconf 91' lang='lat' dir='ltr'>in</span> <span class='ocrx_word' id='word_1_364' title='bbox 3043 2255 3266 2308; x_wconf 83' lang='lat' dir='ltr'>Ruflino</span> <span class='ocrx_word' id='word_1_365' title='bbox 3296 2254 3568 2307; x_wconf 90' lang='lat' dir='ltr'>dicemus.</span> 
     </span>
    </p>
   </div>
   <div class='ocr_carea' id='block_1_54' title="bbox 2165 2341 3678 2414">
    <p class='ocr_par' dir='ltr' id='par_1_54' title="bbox 2165 2341 3678 2414">
     <span class='ocr_line' id='line_1_54' title="bbox 2165 2341 3678 2414; baseline -0.001 -17"><span class='ocrx_word' id='word_1_366' title='bbox 2165 2343 2215 2397; x_wconf 72' lang='grc' dir='ltr'>Ιι.</span> <span class='ocrx_word' id='word_1_367' title='bbox 2266 2344 2471 2398; x_wconf 88' lang='lat' dir='ltr'>Locum</span> <span class='ocrx_word' id='word_1_368' title='bbox 2524 2343 2744 2397; x_wconf 83' lang='lat' dir='ltr'>invenio</span> <span class='ocrx_word' id='word_1_369' title='bbox 2789 2344 2847 2398; x_wconf 91' lang='lat' dir='ltr'>in</span> <span class='ocrx_word' id='word_1_370' title='bbox 2899 2345 3144 2409; x_wconf 86' lang='lat' dir='ltr'>Socrate,</span> <span class='ocrx_word' id='word_1_371' title='bbox 3195 2343 3293 2398; x_wconf 94' lang='lat' dir='ltr'>lib.</span> <span class='ocrx_word' id='word_1_372' title='bbox 3324 2357 3397 2408; x_wconf 80' lang='lat' dir='ltr'>Iv,</span> <span class='ocrx_word' id='word_1_373' title='bbox 3431 2359 3552 2414; x_wconf 88' lang='lat' dir='ltr'>cap.</span> <span class='ocrx_word' id='word_1_374' title='bbox 3585 2341 3678 2410; x_wconf 72' lang='lat'>23,</span> 
     </span>
    </p>
   </div>
   <div class='ocr_carea' id='block_1_55' title="bbox 2094 2431 3684 2503">
    <p class='ocr_par' dir='ltr' id='par_1_55' title="bbox 2094 2431 3684 2503">
     <span class='ocr_line' id='line_1_55' title="bbox 2094 2431 3684 2503; baseline 0 -17"><span class='ocrx_word' id='word_1_375' title='bbox 2094 2431 2227 2486; x_wconf 88' lang='lat' dir='ltr'>edit.</span> <span class='ocrx_word' id='word_1_376' title='bbox 2256 2433 2376 2497; x_wconf 88' lang='lat' dir='ltr'>Gr.,</span> <span class='ocrx_word' id='word_1_377' title='bbox 2409 2438 2466 2486; x_wconf 92' lang='lat' dir='ltr'>et</span> <span class='ocrx_word' id='word_1_378' title='bbox 2493 2449 2538 2486; x_wconf 92' lang='lat' dir='ltr'>c.</span> <span class='ocrx_word' id='word_1_379' title='bbox 2600 2432 2677 2497; x_wconf 81' lang='lat'>18,</span> <span class='ocrx_word' id='word_1_380' title='bbox 2730 2433 2863 2486; x_wconf 90' lang='lat' dir='ltr'>edit.</span> <span class='ocrx_word' id='word_1_381' title='bbox 2895 2433 3040 2498; x_wconf 84' lang='lat' dir='ltr'>Lat.,</span> <span class='ocrx_word' id='word_1_382' title='bbox 3078 2432 3172 2503; x_wconf 88' lang='lat' dir='ltr'>qui</span> <span class='ocrx_word' id='word_1_383' title='bbox 3203 2432 3261 2486; x_wconf 91' lang='lat' dir='ltr'>in</span> <span class='ocrx_word' id='word_1_384' title='bbox 3281 2433 3424 2486; x_wconf 90' lang='lat' dir='ltr'>hanc</span> <span class='ocrx_word' id='word_1_385' title='bbox 3453 2437 3684 2486; x_wconf 88' lang='lat' dir='ltr'>senten-</span> 
     </span>
    </p>
   </div>
   <div class='ocr_carea' id='block_1_56' title="bbox 2093 2520 3686 2593">
    <p class='ocr_par' dir='ltr' id='par_1_56' title="bbox 2093 2520 3686 2593">
     <span class='ocr_line' id='line_1_56' title="bbox 2093 2520 3686 2593; baseline 0 -19"><span class='ocrx_word' id='word_1_386' title='bbox 2093 2521 2229 2574; x_wconf 89' lang='lat' dir='ltr'>tiam</span> <span class='ocrx_word' id='word_1_387' title='bbox 2268 2521 2454 2576; x_wconf 80' lang='lat' dir='ltr'>ail‘erri</span> <span class='ocrx_word' id='word_1_388' title='bbox 2473 2528 2674 2592; x_wconf 85' lang='lat' dir='ltr'>posset.</span> <span class='ocrx_word' id='word_1_389' title='bbox 2706 2523 2792 2576; x_wconf 89' lang='lat' dir='ltr'>Ita</span> <span class='ocrx_word' id='word_1_390' title='bbox 2818 2523 2967 2576; x_wconf 91' lang='lat' dir='ltr'>enim</span> <span class='ocrx_word' id='word_1_391' title='bbox 2996 2523 3195 2593; x_wconf 87' lang='lat' dir='ltr'>capitis</span> <span class='ocrx_word' id='word_1_392' title='bbox 3223 2522 3422 2576; x_wconf 89' lang='lat' dir='ltr'>titulus</span> <span class='ocrx_word' id='word_1_393' title='bbox 3443 2520 3686 2592; x_wconf 89' lang='lat' dir='ltr'>concipi-</span> 
     </span>
    </p>
   </div>
   <div class='ocr_carea' id='block_1_57' title="bbox 2091 2610 3684 2682">
    <p class='ocr_par' dir='ltr' id='par_1_57' title="bbox 2091 2610 3684 2682">
     <span class='ocr_line' id='line_1_57' title="bbox 2091 2610 3684 2682; baseline -0.001 -20"><span class='ocrx_word' id='word_1_394' title='bbox 2091 2614 2233 2664; x_wconf 81' lang='lat' dir='ltr'>tur:</span> <span class='ocrx_word' id='word_1_395' title='bbox 2277 2611 2406 2682; x_wconf 84' lang='grc' dir='ltr'>Περὶ</span> <span class='ocrx_word' id='word_1_396' title='bbox 2448 2619 2535 2664; x_wconf 78' lang='grc' dir='ltr'>τοῦ</span> <span class='ocrx_word' id='word_1_397' title='bbox 2582 2611 2719 2677; x_wconf 65' lang='grc' dir='ltr'>ἁγίου</span> <span class='ocrx_word' id='word_1_398' title='bbox 2767 2611 3063 2680; x_wconf 74' lang='grc' dir='ltr'>μονάζοντος</span> <span class='ocrx_word' id='word_1_399' title='bbox 3111 2610 3332 2681; x_wconf 70' lang='grc' dir='ltr'>Ἄρ.μοὶ</span> <span class='ocrx_word' id='word_1_400' title='bbox 3375 2612 3455 2662; x_wconf 82' lang='grc' dir='ltr'>καὶ</span> <span class='ocrx_word' id='word_1_401' title='bbox 3502 2611 3684 2680; x_wconf 67' lang='grc' dir='ltr'>ἑτέρων</span> 
     </span>
    </p>
   </div>
   <div class='ocr_carea' id='block_1_58' title="bbox 2095 2695 3680 2770">
    <p class='ocr_par' dir='ltr' id='par_1_58' title="bbox 2095 2695 3680 2770">
     <span class='ocr_line' id='line_1_58' title="bbox 2095 2695 3680 2770; baseline 0.001 -20"><span class='ocrx_word' id='word_1_402' title='bbox 2095 2699 2244 2769; x_wconf 71' lang='grc' dir='ltr'>ἁγίων</span> <span class='ocrx_word' id='word_1_403' title='bbox 2285 2695 2476 2770; x_wconf 74' lang='grc' dir='ltr'>ἀνδρῶν</span> <span class='ocrx_word' id='word_1_404' title='bbox 2521 2701 2792 2770; x_wconf 80' lang='grc' dir='ltr'>κατάλογος</span> <span class='ocrx_word' id='word_1_405' title='bbox 2839 2697 2887 2752; x_wconf 83' lang='grc' dir='ltr'>ἐκ</span> <span class='ocrx_word' id='word_1_406' title='bbox 2930 2706 3014 2766; x_wconf 78' lang='grc' dir='ltr'>τῆς</span> <span class='ocrx_word' id='word_1_407' title='bbox 3061 2697 3308 2769; x_wconf 55' lang='lat' dir='ltr'>an-{pica</span> <span class='ocrx_word' id='word_1_408' title='bbox 3350 2705 3632 2769; x_wconf 77' lang='grc' dir='ltr'>συγγραφῆς</span> <span class='ocrx_word' id='word_1_409' title='bbox 3667 2715 3680 2751; x_wconf 92' lang='lat'><strong>:</strong></span> 
     </span>
    </p>
   </div>
   <div class='ocr_carea' id='block_1_59' title="bbox 2093 2789 3690 2853">
    <p class='ocr_par' dir='ltr' id='par_1_59' title="bbox 2093 2789 3690 2853">
     <span class='ocr_line' id='line_1_59' title="bbox 2093 2789 3690 2853; baseline 0 -12"><span class='ocrx_word' id='word_1_410' title='bbox 2093 2789 2164 2841; x_wconf 84' lang='lat' dir='ltr'>De</span> <span class='ocrx_word' id='word_1_411' title='bbox 2183 2794 2370 2842; x_wconf 82' lang='lat' dir='ltr'>sancto</span> <span class='ocrx_word' id='word_1_412' title='bbox 2389 2791 2422 2843; x_wconf 75' lang='grc' dir='ltr'><em>Α</em></span> <span class='ocrx_word' id='word_1_413' title='bbox 2439 2807 2486 2841; x_wconf 85' lang='lat' dir='ltr'>m</span> <span class='ocrx_word' id='word_1_414' title='bbox 2499 2805 2633 2842; x_wconf 85' lang='lat' dir='ltr'>mun</span> <span class='ocrx_word' id='word_1_415' title='bbox 2661 2790 2994 2853; x_wconf 77' lang='lat' dir='ltr'>monacho,et</span> <span class='ocrx_word' id='word_1_416' title='bbox 3009 2791 3139 2841; x_wconf 78' lang='lat' dir='ltr'>aliis</span> <span class='ocrx_word' id='word_1_417' title='bbox 3152 2791 3292 2841; x_wconf 75' lang='lat' dir='ltr'>viris</span> <span class='ocrx_word' id='word_1_418' title='bbox 3312 2790 3518 2841; x_wconf 76' lang='lat' dir='ltr'>sanctis</span> <span class='ocrx_word' id='word_1_419' title='bbox 3539 2793 3690 2841; x_wconf 84' lang='lat' dir='ltr'>cata-</span> 
     </span>
    </p>
   </div>
   <div class='ocr_carea' id='block_1_60' title="bbox 2096 2877 3690 2947">
    <p class='ocr_par' dir='ltr' id='par_1_60' title="bbox 2096 2877 3690 2947">
     <span class='ocr_line' id='line_1_60' title="bbox 2096 2877 3690 2947; baseline 0.001 -17"><span class='ocrx_word' id='word_1_420' title='bbox 2096 2881 2336 2943; x_wconf 77' lang='lat' dir='ltr'>logus,c.r</span> <span class='ocrx_word' id='word_1_421' title='bbox 2356 2879 2584 2944; x_wconf 76' lang='lat' dir='ltr'>Evagrii</span> <span class='ocrx_word' id='word_1_422' title='bbox 2612 2878 2988 2931; x_wconf 82' lang='lat' dir='ltr'>libro.Verum</span> <span class='ocrx_word' id='word_1_423' title='bbox 3019 2877 3076 2930; x_wconf 94' lang='lat' dir='ltr'>in</span> <span class='ocrx_word' id='word_1_424' title='bbox 3091 2878 3197 2931; x_wconf 92' lang='lat' dir='ltr'>hoc</span> <span class='ocrx_word' id='word_1_425' title='bbox 3211 2877 3390 2947; x_wconf 90' lang='lat' dir='ltr'>capite</span> <span class='ocrx_word' id='word_1_426' title='bbox 3411 2882 3690 2931; x_wconf 88' lang='lat' dir='ltr'>tractatur</span> 
     </span>
    </p>
   </div>
   <div class='ocr_carea' id='block_1_61' title="bbox 2095 2965 3689 3037">
    <p class='ocr_par' dir='ltr' id='par_1_61' title="bbox 2095 2965 3689 3037">
     <span class='ocr_line' id='line_1_61' title="bbox 2095 2965 3689 3037; baseline -0.001 -18"><span class='ocrx_word' id='word_1_427' title='bbox 2095 2966 2163 3019; x_wconf 89' lang='lat' dir='ltr'>de</span> <span class='ocrx_word' id='word_1_428' title='bbox 2199 2965 2492 3031; x_wconf 80' lang='lat' dir='ltr'>Ammone,</span> <span class='ocrx_word' id='word_1_429' title='bbox 2520 2966 2778 3037; x_wconf 83' lang='lat' dir='ltr'>Didyme,</span> <span class='ocrx_word' id='word_1_430' title='bbox 2797 2966 2976 3031; x_wconf 88' lang='lat' dir='ltr'>Piore,</span> <span class='ocrx_word' id='word_1_431' title='bbox 2999 2965 3230 3032; x_wconf 88' lang='lat' dir='ltr'>Isidoro,</span> <span class='ocrx_word' id='word_1_432' title='bbox 3266 2965 3689 3030; x_wconf 89' lang='lat' dir='ltr'>Pambone,Pe-</span> 
     </span>
    </p>
   </div>
   <div class='ocr_carea' id='block_1_62' title="bbox 2094 3054 3690 3126">
    <p class='ocr_par' dir='ltr' id='par_1_62' title="bbox 2094 3054 3690 3126">
     <span class='ocr_line' id='line_1_62' title="bbox 2094 3054 3690 3126; baseline 0 -18"><span class='ocrx_word' id='word_1_433' title='bbox 2094 3054 2222 3118; x_wconf 89' lang='lat' dir='ltr'>tiro,</span> <span class='ocrx_word' id='word_1_434' title='bbox 2241 3055 2492 3109; x_wconf 78' lang='lat' dir='ltr'>Macariis</span> <span class='ocrx_word' id='word_1_435' title='bbox 2513 3054 2824 3121; x_wconf 90' lang='lat' dir='ltr'>duobus,de</span> <span class='ocrx_word' id='word_1_436' title='bbox 2845 3055 3047 3126; x_wconf 86' lang='lat' dir='ltr'>quibus</span> <span class='ocrx_word' id='word_1_437' title='bbox 3079 3055 3248 3108; x_wconf 90' lang='lat' dir='ltr'>etiam</span> <span class='ocrx_word' id='word_1_438' title='bbox 3281 3055 3469 3124; x_wconf 89' lang='lat' dir='ltr'>agitur</span> <span class='ocrx_word' id='word_1_439' title='bbox 3495 3055 3555 3108; x_wconf 92' lang='lat' dir='ltr'>in</span> <span class='ocrx_word' id='word_1_440' title='bbox 3581 3054 3690 3108; x_wconf 90' lang='lat' dir='ltr'>hoc</span> 
     </span>
    </p>
   </div>
   <div class='ocr_carea' id='block_1_63' title="bbox 2093 3144 3689 3214">
    <p class='ocr_par' dir='ltr' id='par_1_63' title="bbox 2093 3144 3689 3214">
     <span class='ocr_line' id='line_1_63' title="bbox 2093 3144 3689 3214; baseline 0.001 -17"><span class='ocrx_word' id='word_1_441' title='bbox 2093 3145 2335 3198; x_wconf 86' lang='lat' dir='ltr'>secundo</span> <span class='ocrx_word' id='word_1_442' title='bbox 2365 3145 2434 3198; x_wconf 88' lang='lat' dir='ltr'>de</span> <span class='ocrx_word' id='word_1_443' title='bbox 2487 3144 2630 3198; x_wconf 81' lang='lat' dir='ltr'>Vitis</span> <span class='ocrx_word' id='word_1_444' title='bbox 2661 3145 2890 3198; x_wconf 87' lang='lat' dir='ltr'>Patrum</span> <span class='ocrx_word' id='word_1_445' title='bbox 2939 3144 3107 3202; x_wconf 89' lang='lat' dir='ltr'>libro.</span> <span class='ocrx_word' id='word_1_446' title='bbox 3143 3144 3200 3197; x_wconf 91' lang='lat' dir='ltr'>Si</span> <span class='ocrx_word' id='word_1_447' title='bbox 3229 3144 3402 3213; x_wconf 88' lang='lat' dir='ltr'>igitur</span> <span class='ocrx_word' id='word_1_448' title='bbox 3419 3144 3516 3197; x_wconf 88' lang='lat' dir='ltr'>illa</span> <span class='ocrx_word' id='word_1_449' title='bbox 3535 3144 3689 3214; x_wconf 89' lang='lat' dir='ltr'>apud</span> 
     </span>
    </p>
   </div>
   <div class='ocr_carea' id='block_1_64' title="bbox 491 3231 3689 3304">
    <p class='ocr_par' dir='ltr' id='par_1_64' title="bbox 491 3231 3689 3304">
     <span class='ocr_line' id='line_1_64' title="bbox 491 3231 3689 3304; baseline -0.001 -16"><span class='ocrx_word' id='word_1_450' title='bbox 491 3235 542 3288; x_wconf 82' lang='lat'>1.</span> <span class='ocrx_word' id='word_1_451' title='bbox 565 3235 687 3287; x_wconf 89' lang='lat' dir='ltr'>Non</span> <span class='ocrx_word' id='word_1_452' title='bbox 719 3233 871 3287; x_wconf 87' lang='lat' dir='ltr'>aliud</span> <span class='ocrx_word' id='word_1_453' title='bbox 896 3233 1116 3287; x_wconf 89' lang='lat' dir='ltr'>videtur</span> <span class='ocrx_word' id='word_1_454' title='bbox 1141 3233 1414 3287; x_wconf 88' lang='lat' dir='ltr'>Baronius</span> <span class='ocrx_word' id='word_1_455' title='bbox 1445 3233 1736 3288; x_wconf 81' lang='lat' dir='ltr'>sententiae</span> <span class='ocrx_word' id='word_1_456' title='bbox 1775 3251 1888 3288; x_wconf 69' lang='lat' dir='ltr'>sua)</span> <span class='ocrx_word' id='word_1_457' title='bbox 1915 3252 2006 3287; x_wconf 85' lang='lat' dir='ltr'>ar-</span> <span class='ocrx_word' id='word_1_458' title='bbox 2035 3233 2376 3296; x_wconf 87' lang='lat' dir='ltr'>CSocratem</span> <span class='ocrx_word' id='word_1_459' title='bbox 2398 3233 2694 3304; x_wconf 77' lang='lat' dir='ltr'>desumpta</span> <span class='ocrx_word' id='word_1_460' title='bbox 2723 3238 2856 3286; x_wconf 90' lang='lat' dir='ltr'>sunt</span> <span class='ocrx_word' id='word_1_461' title='bbox 2884 3249 2948 3286; x_wconf 86' lang='lat' dir='ltr'>ex</span> <span class='ocrx_word' id='word_1_462' title='bbox 2979 3231 3120 3285; x_wconf 85' lang='lat' dir='ltr'>libro</span> <span class='ocrx_word' id='word_1_463' title='bbox 3155 3231 3465 3302; x_wconf 89' lang='lat' dir='ltr'>Evagrii,ut</span> <span class='ocrx_word' id='word_1_464' title='bbox 3487 3231 3689 3286; x_wconf 89' lang='lat' dir='ltr'>titulus</span> 
     </span>
    </p>
   </div>
   <div class='ocr_carea' id='block_1_65' title="bbox 421 3321 2012 3394">
    <p class='ocr_par' dir='ltr' id='par_1_65' title="bbox 421 3321 2012 3394">
     <span class='ocr_line' id='line_1_65' title="bbox 421 3321 2012 3394; baseline 0 -17"><span class='ocrx_word' id='word_1_465' title='bbox 421 3327 751 3392; x_wconf 82' lang='lat' dir='ltr'>gumentum</span> <span class='ocrx_word' id='word_1_466' title='bbox 769 3322 1032 3376; x_wconf 87' lang='lat' dir='ltr'>habuisse</span> <span class='ocrx_word' id='word_1_467' title='bbox 1051 3338 1218 3393; x_wconf 89' lang='lat' dir='ltr'>quam</span> <span class='ocrx_word' id='word_1_468' title='bbox 1237 3322 1389 3376; x_wconf 89' lang='lat' dir='ltr'>illam</span> <span class='ocrx_word' id='word_1_469' title='bbox 1407 3321 1518 3376; x_wconf 88' lang='lat' dir='ltr'>divi</span> <span class='ocrx_word' id='word_1_470' title='bbox 1557 3323 1883 3394; x_wconf 84' lang='lat' dir='ltr'>Hieronymi</span> <span class='ocrx_word' id='word_1_471' title='bbox 1899 3324 2012 3394; x_wconf 90' lang='lat' dir='ltr'>epi-</span> 
     </span>
    </p>
   </div>
   <div class='ocr_carea' id='block_1_66' title="bbox 422 3411 2012 3483">
    <p class='ocr_par' dir='ltr' id='par_1_66' title="bbox 422 3411 2012 3483">
     <span class='ocr_line' id='line_1_66' title="bbox 422 3411 2012 3483; baseline 0.001 -18"><span class='ocrx_word' id='word_1_472' title='bbox 422 3413 623 3466; x_wconf 88' lang='lat' dir='ltr'>stolam</span> <span class='ocrx_word' id='word_1_473' title='bbox 643 3413 714 3466; x_wconf 90' lang='lat' dir='ltr'>ad</span> <span class='ocrx_word' id='word_1_474' title='bbox 736 3411 1176 3482; x_wconf 88' lang='lat' dir='ltr'>Ctesiphontem,</span> <span class='ocrx_word' id='word_1_475' title='bbox 1208 3411 1474 3466; x_wconf 86' lang='lat' dir='ltr'>adversus</span> <span class='ocrx_word' id='word_1_476' title='bbox 1505 3413 1856 3482; x_wconf 87' lang='lat' dir='ltr'>Pelagianos,</span> <span class='ocrx_word' id='word_1_477' title='bbox 1889 3429 2012 3483; x_wconf 68' lang='lat' dir='ltr'>quae</span> 
     </span>
    </p>
   </div>
   <div class='ocr_carea' id='block_1_67' title="bbox 420 3500 2011 3571">
    <p class='ocr_par' dir='ltr' id='par_1_67' title="bbox 420 3500 2011 3571">
     <span class='ocr_line' id='line_1_67' title="bbox 420 3500 2011 3571; baseline -0.001 -16"><span class='ocrx_word' id='word_1_478' title='bbox 420 3500 546 3555; x_wconf 86' lang='lat' dir='ltr'>libri</span> <span class='ocrx_word' id='word_1_479' title='bbox 559 3501 852 3571; x_wconf 87' lang='lat' dir='ltr'>cujusdam</span> <span class='ocrx_word' id='word_1_480' title='bbox 881 3501 950 3554; x_wconf 89' lang='lat' dir='ltr'>de</span> <span class='ocrx_word' id='word_1_481' title='bbox 974 3501 1260 3555; x_wconf 90' lang='lat' dir='ltr'>Monachis</span> <span class='ocrx_word' id='word_1_482' title='bbox 1295 3517 1393 3554; x_wconf 89' lang='lat' dir='ltr'>seu</span> <span class='ocrx_word' id='word_1_483' title='bbox 1417 3502 1649 3554; x_wconf 87' lang='lat' dir='ltr'>Patrum</span> <span class='ocrx_word' id='word_1_484' title='bbox 1681 3501 1822 3554; x_wconf 89' lang='lat' dir='ltr'>Vitis</span> <span class='ocrx_word' id='word_1_485' title='bbox 1851 3517 2011 3554; x_wconf 91' lang='lat' dir='ltr'>men-</span> 
     </span>
    </p>
   </div>
   <div class='ocr_carea' id='block_1_68' title="bbox 420 3589 2011 3660">
    <p class='ocr_par' dir='ltr' id='par_1_68' title="bbox 420 3589 2011 3660">
     <span class='ocr_line' id='line_1_68' title="bbox 420 3589 2011 3660; baseline 0 -16"><span class='ocrx_word' id='word_1_486' title='bbox 420 3591 633 3645; x_wconf 89' lang='lat' dir='ltr'>tionem</span> <span class='ocrx_word' id='word_1_487' title='bbox 672 3590 822 3645; x_wconf 87' lang='lat' dir='ltr'>facit.</span> <span class='ocrx_word' id='word_1_488' title='bbox 850 3589 1177 3660; x_wconf 88' lang='lat' dir='ltr'>Respondeo</span> <span class='ocrx_word' id='word_1_489' title='bbox 1201 3609 1211 3643; x_wconf 90' lang='lat'>:</span> <span class='ocrx_word' id='word_1_490' title='bbox 1245 3591 1369 3643; x_wconf 92' lang='lat' dir='ltr'>Non</span> <span class='ocrx_word' id='word_1_491' title='bbox 1387 3589 1492 3644; x_wconf 90' lang='lat' dir='ltr'>rite</span> <span class='ocrx_word' id='word_1_492' title='bbox 1521 3607 1645 3644; x_wconf 87' lang='lat' dir='ltr'>eam</span> <span class='ocrx_word' id='word_1_493' title='bbox 1671 3590 2011 3644; x_wconf 86' lang='lat' dir='ltr'>intellectam</span> 
     </span>
    </p>
   </div>
   <div class='ocr_carea' id='block_1_69' title="bbox 422 3678 2014 3745">
    <p class='ocr_par' dir='ltr' id='par_1_69' title="bbox 422 3678 2014 3745">
     <span class='ocr_line' id='line_1_69' title="bbox 422 3678 2014 3745; baseline -0.002 -10"><span class='ocrx_word' id='word_1_494' title='bbox 422 3697 458 3735; x_wconf 87' lang='lat' dir='ltr'>a</span> <span class='ocrx_word' id='word_1_495' title='bbox 485 3679 723 3734; x_wconf 87' lang='lat' dir='ltr'>Baronio</span> <span class='ocrx_word' id='word_1_496' title='bbox 753 3696 879 3733; x_wconf 84' lang='lat' dir='ltr'>mox</span> <span class='ocrx_word' id='word_1_497' title='bbox 917 3678 1328 3745; x_wconf 88' lang='lat' dir='ltr'>ostendam,ubi</span> <span class='ocrx_word' id='word_1_498' title='bbox 1367 3679 1648 3733; x_wconf 83' lang='lat' dir='ltr'>Rufiinum</span> <span class='ocrx_word' id='word_1_499' title='bbox 1679 3679 1903 3734; x_wconf 88' lang='lat' dir='ltr'>illarum</span> <span class='ocrx_word' id='word_1_500' title='bbox 1921 3678 2014 3732; x_wconf 87' lang='lat' dir='ltr'>Vi-</span> 
     </span>
    </p>
   </div>
   <div class='ocr_carea' id='block_1_70' title="bbox 422 3768 2015 3840">
    <p class='ocr_par' dir='ltr' id='par_1_70' title="bbox 422 3768 2015 3840">
     <span class='ocr_line' id='line_1_70' title="bbox 422 3768 2015 3840; baseline -0.001 -16"><span class='ocrx_word' id='word_1_501' title='bbox 422 3775 611 3824; x_wconf 90' lang='lat' dir='ltr'>tarum</span> <span class='ocrx_word' id='word_1_502' title='bbox 633 3773 920 3823; x_wconf 89' lang='lat' dir='ltr'>auctorem</span> <span class='ocrx_word' id='word_1_503' title='bbox 961 3769 1069 3835; x_wconf 86' lang='lat' dir='ltr'>(vel</span> <span class='ocrx_word' id='word_1_504' title='bbox 1092 3772 1241 3822; x_wconf 89' lang='lat' dir='ltr'>certe</span> <span class='ocrx_word' id='word_1_505' title='bbox 1269 3768 1652 3840; x_wconf 71' lang='lat' dir='ltr'>interpretem;</span> <span class='ocrx_word' id='word_1_506' title='bbox 1677 3785 1743 3822; x_wconf 86' lang='lat' dir='ltr'>ex</span> <span class='ocrx_word' id='word_1_507' title='bbox 1774 3769 2015 3840; x_wconf 89' lang='lat' dir='ltr'>ipsomet</span> 
     </span>
    </p>
   </div>
   <div class='ocr_carea' id='block_1_71' title="bbox 423 3857 1663 3930">
    <p class='ocr_par' dir='ltr' id='par_1_71' title="bbox 423 3857 1663 3930">
     <span class='ocr_line' id='line_1_71' title="bbox 423 3857 1663 3930; baseline 0.001 -16"><span class='ocrx_word' id='word_1_508' title='bbox 423 3859 533 3914; x_wconf 91' lang='lat' dir='ltr'>divi</span> <span class='ocrx_word' id='word_1_509' title='bbox 559 3859 887 3930; x_wconf 85' lang='lat' dir='ltr'>Hieronymi</span> <span class='ocrx_word' id='word_1_510' title='bbox 915 3859 1036 3912; x_wconf 95' lang='lat' dir='ltr'>loco</span> <span class='ocrx_word' id='word_1_511' title='bbox 1061 3857 1366 3913; x_wconf 88' lang='lat' dir='ltr'>clarissime</span> <span class='ocrx_word' id='word_1_512' title='bbox 1397 3857 1663 3928; x_wconf 90' lang='lat' dir='ltr'>probabo.</span> 
     </span>
    </p>
   </div>
   <div class='ocr_carea' id='block_1_72' title="bbox 491 3946 2020 4018">
    <p class='ocr_par' dir='ltr' id='par_1_72' title="bbox 491 3946 2020 4018">
     <span class='ocr_line' id='line_1_72' title="bbox 491 3946 2020 4018; baseline 0 -17"><span class='ocrx_word' id='word_1_513' title='bbox 491 3947 954 4003; x_wconf 81' lang='lat' dir='ltr'>2.Prosententia</span> <span class='ocrx_word' id='word_1_514' title='bbox 969 3946 1193 4001; x_wconf 88' lang='lat' dir='ltr'>Baronii</span> <span class='ocrx_word' id='word_1_515' title='bbox 1229 3947 1504 4002; x_wconf 87' lang='lat' dir='ltr'>adducere</span> <span class='ocrx_word' id='word_1_516' title='bbox 1534 3947 1658 4018; x_wconf 91' lang='lat' dir='ltr'>quis</span> <span class='ocrx_word' id='word_1_517' title='bbox 1689 3951 1876 4018; x_wconf 90' lang='lat' dir='ltr'>posset</span> <span class='ocrx_word' id='word_1_518' title='bbox 1904 3948 2020 4001; x_wconf 85' lang='lat' dir='ltr'>llo-</span> 
     </span>
    </p>
   </div>
   <div class='ocr_carea' id='block_1_73' title="bbox 422 4035 2012 4108">
    <p class='ocr_par' dir='ltr' id='par_1_73' title="bbox 422 4035 2012 4108">
     <span class='ocr_line' id='line_1_73' title="bbox 422 4035 2012 4108; baseline -0.001 -17"><span class='ocrx_word' id='word_1_519' title='bbox 422 4037 664 4100; x_wconf 90' lang='lat' dir='ltr'>norium,</span> <span class='ocrx_word' id='word_1_520' title='bbox 721 4037 790 4089; x_wconf 90' lang='lat' dir='ltr'>de</span> <span class='ocrx_word' id='word_1_521' title='bbox 821 4035 1129 4089; x_wconf 89' lang='lat' dir='ltr'>illustribus</span> <span class='ocrx_word' id='word_1_522' title='bbox 1174 4035 1427 4090; x_wconf 78' lang='lat' dir='ltr'>Ecclesiae</span> <span class='ocrx_word' id='word_1_523' title='bbox 1468 4035 1858 4106; x_wconf 89' lang='lat' dir='ltr'>Scriptoribus,</span> <span class='ocrx_word' id='word_1_524' title='bbox 1891 4053 2012 4108; x_wconf 88' lang='lat' dir='ltr'>cap.</span> 
     </span>
    </p>
   </div>
   <div class='ocr_carea' id='block_1_74' title="bbox 424 4124 2015 4195">
    <p class='ocr_par' dir='ltr' id='par_1_74' title="bbox 424 4124 2015 4195">
     <span class='ocr_line' id='line_1_74' title="bbox 424 4124 2015 4195; baseline -0.001 -14"><span class='ocrx_word' id='word_1_525' title='bbox 424 4125 514 4191; x_wconf 70' lang='grc'>40,</span> <span class='ocrx_word' id='word_1_526' title='bbox 546 4125 642 4180; x_wconf 91' lang='lat' dir='ltr'>ubi</span> <span class='ocrx_word' id='word_1_527' title='bbox 674 4125 754 4180; x_wconf 90' lang='lat' dir='ltr'>ita</span> <span class='ocrx_word' id='word_1_528' title='bbox 785 4124 970 4179; x_wconf 90' lang='lat' dir='ltr'>habet:</span> <span class='ocrx_word' id='word_1_529' title='bbox 1006 4143 1031 4175; x_wconf 79' lang='grc' dir='ltr'>α</span> <span class='ocrx_word' id='word_1_530' title='bbox 1051 4125 1322 4194; x_wconf 88' lang='lat' dir='ltr'>Evagrius</span> <span class='ocrx_word' id='word_1_531' title='bbox 1343 4125 1666 4184; x_wconf 88' lang='lat' dir='ltr'>monachus.</span> <span class='ocrx_word' id='word_1_532' title='bbox 1709 4125 2015 4195; x_wconf 88' lang='lat' dir='ltr'>supradicti</span> 
     </span>
    </p>
   </div>
   <div class='ocr_carea' id='block_1_75' title="bbox 423 4213 2014 4286">
    <p class='ocr_par' dir='ltr' id='par_1_75' title="bbox 423 4213 2014 4286">
     <span class='ocr_line' id='line_1_75' title="bbox 423 4213 2014 4286; baseline -0.001 -16"><span class='ocrx_word' id='word_1_533' title='bbox 423 4215 654 4271; x_wconf 88' lang='lat' dir='ltr'>Macarii</span> <span class='ocrx_word' id='word_1_534' title='bbox 668 4214 948 4286; x_wconf 65' lang='lat' dir='ltr'>(Egyptii)</span> <span class='ocrx_word' id='word_1_535' title='bbox 965 4213 1254 4268; x_wconf 83' lang='lat' dir='ltr'>familiaris</span> <span class='ocrx_word' id='word_1_536' title='bbox 1266 4213 1590 4284; x_wconf 88' lang='lat' dir='ltr'>discipulus,</span> <span class='ocrx_word' id='word_1_537' title='bbox 1605 4213 1797 4267; x_wconf 84' lang='lat' dir='ltr'>divina</span> <span class='ocrx_word' id='word_1_538' title='bbox 1827 4221 1884 4268; x_wconf 90' lang='lat' dir='ltr'>et</span> <span class='ocrx_word' id='word_1_539' title='bbox 1907 4215 2014 4269; x_wconf 91' lang='lat' dir='ltr'>hu-</span> 
     </span>
    </p>
   </div>
   <div class='ocr_carea' id='block_1_76' title="bbox 423 4303 2018 4374">
    <p class='ocr_par' dir='ltr' id='par_1_76' title="bbox 423 4303 2018 4374">
     <span class='ocr_line' id='line_1_76' title="bbox 423 4303 2018 4374; baseline -0.001 -15"><span class='ocrx_word' id='word_1_540' title='bbox 423 4322 592 4360; x_wconf 89' lang='lat' dir='ltr'>mana</span> <span class='ocrx_word' id='word_1_541' title='bbox 619 4305 937 4359; x_wconf 89' lang='lat' dir='ltr'>litteratura</span> <span class='ocrx_word' id='word_1_542' title='bbox 959 4304 1214 4374; x_wconf 87' lang='lat' dir='ltr'>insignis,</span> <span class='ocrx_word' id='word_1_543' title='bbox 1247 4303 1470 4374; x_wconf 89' lang='lat' dir='ltr'>scripsit</span> <span class='ocrx_word' id='word_1_544' title='bbox 1497 4304 1676 4356; x_wconf 86' lang='lat' dir='ltr'>multa</span> <span class='ocrx_word' id='word_1_545' title='bbox 1701 4305 2018 4358; x_wconf 86' lang='lat' dir='ltr'>necessaria</span> 
     </span>
    </p>
   </div>
   <div class='ocr_carea' id='block_1_77' title="bbox 425 4392 2017 4459">
    <p class='ocr_par' dir='ltr' id='par_1_77' title="bbox 425 4392 2017 4459">
     <span class='ocr_line' id='line_1_77' title="bbox 425 4392 2017 4459; baseline -0.001 -10"><span class='ocrx_word' id='word_1_546' title='bbox 425 4394 737 4459; x_wconf 75' lang='lat' dir='ltr'>monachis,</span> <span class='ocrx_word' id='word_1_547' title='bbox 763 4393 974 4448; x_wconf 90' lang='lat' dir='ltr'>scilicet</span> <span class='ocrx_word' id='word_1_548' title='bbox 987 4393 1174 4448; x_wconf 87' lang='lat' dir='ltr'>Vitam</span> <span class='ocrx_word' id='word_1_549' title='bbox 1203 4393 1452 4458; x_wconf 87' lang='lat' dir='ltr'>Patrum,</span> <span class='ocrx_word' id='word_1_550' title='bbox 1485 4397 1543 4446; x_wconf 91' lang='lat' dir='ltr'>et</span> <span class='ocrx_word' id='word_1_551' title='bbox 1569 4392 1878 4446; x_wconf 86' lang='lat' dir='ltr'>Adversum</span> <span class='ocrx_word' id='word_1_552' title='bbox 1894 4398 2017 4447; x_wconf 90' lang='lat' dir='ltr'>octo</span> 
     </span>
    </p>
   </div>
   <div class='ocr_carea' id='block_1_78' title="bbox 2092 3320 3690 3392">
    <p class='ocr_par' dir='ltr' id='par_1_78' title="bbox 2092 3320 3690 3392">
     <span class='ocr_line' id='line_1_78' title="bbox 2092 3320 3690 3392; baseline -0.001 -17"><span class='ocrx_word' id='word_1_553' title='bbox 2092 3321 2290 3392; x_wconf 83' lang='lat' dir='ltr'>capitis</span> <span class='ocrx_word' id='word_1_554' title='bbox 2320 3321 2561 3392; x_wconf 79' lang='lat' dir='ltr'>praefert,</span> <span class='ocrx_word' id='word_1_555' title='bbox 2593 3321 2852 3375; x_wconf 92' lang='lat' dir='ltr'>videntur</span> <span class='ocrx_word' id='word_1_556' title='bbox 2875 3327 2932 3375; x_wconf 91' lang='lat' dir='ltr'>et</span> <span class='ocrx_word' id='word_1_557' title='bbox 2962 3321 3077 3375; x_wconf 77' lang='lat' dir='ltr'>haec</span> <span class='ocrx_word' id='word_1_558' title='bbox 3106 3320 3164 3375; x_wconf 91' lang='lat' dir='ltr'>in</span> <span class='ocrx_word' id='word_1_559' title='bbox 3188 3320 3329 3374; x_wconf 89' lang='lat' dir='ltr'>Vitis</span> <span class='ocrx_word' id='word_1_560' title='bbox 3357 3321 3590 3374; x_wconf 88' lang='lat' dir='ltr'>Patrum</span> <span class='ocrx_word' id='word_1_561' title='bbox 3620 3337 3690 3374; x_wconf 84' lang='lat' dir='ltr'>ex</span> 
     </span>
    </p>
   </div>
   <div class='ocr_carea' id='block_1_79' title="bbox 2095 3409 3688 3481">
    <p class='ocr_par' dir='ltr' id='par_1_79' title="bbox 2095 3409 3688 3481">
     <span class='ocr_line' id='line_1_79' title="bbox 2095 3409 3688 3481; baseline 0 -17"><span class='ocrx_word' id='word_1_562' title='bbox 2095 3411 2218 3481; x_wconf 91' lang='lat' dir='ltr'>ejus</span> <span class='ocrx_word' id='word_1_563' title='bbox 2253 3411 2393 3464; x_wconf 89' lang='lat' dir='ltr'>libro</span> <span class='ocrx_word' id='word_1_564' title='bbox 2412 3411 2725 3480; x_wconf 87' lang='lat' dir='ltr'>desumpta.</span> <span class='ocrx_word' id='word_1_565' title='bbox 2747 3410 3112 3481; x_wconf 87' lang='lat' dir='ltr'>Respondeo:</span> <span class='ocrx_word' id='word_1_566' title='bbox 3175 3409 3323 3464; x_wconf 76' lang='lat' dir='ltr'>Hzesi</span> <span class='ocrx_word' id='word_1_567' title='bbox 3361 3409 3452 3462; x_wconf 93' lang='lat' dir='ltr'>hic</span> <span class='ocrx_word' id='word_1_568' title='bbox 3501 3409 3688 3480; x_wconf 91' lang='lat' dir='ltr'>primo</span> 
     </span>
    </p>
   </div>
   <div class='ocr_carea' id='block_1_80' title="bbox 2092 3497 3692 3571">
    <p class='ocr_par' dir='ltr' id='par_1_80' title="bbox 2092 3497 3692 3571">
     <span class='ocr_line' id='line_1_80' title="bbox 2092 3497 3692 3571; baseline -0.001 -18"><span class='ocrx_word' id='word_1_569' title='bbox 2092 3500 2290 3571; x_wconf 87' lang='lat' dir='ltr'>gradu,</span> <span class='ocrx_word' id='word_1_570' title='bbox 2337 3516 2439 3554; x_wconf 90' lang='lat' dir='ltr'>nec</span> <span class='ocrx_word' id='word_1_571' title='bbox 2483 3499 2737 3554; x_wconf 83' lang='lat' dir='ltr'>videbam</span> <span class='ocrx_word' id='word_1_572' title='bbox 2767 3500 2861 3570; x_wconf 90' lang='lat' dir='ltr'>qui</span> <span class='ocrx_word' id='word_1_573' title='bbox 2892 3515 2981 3553; x_wconf 90' lang='lat' dir='ltr'>me</span> <span class='ocrx_word' id='word_1_574' title='bbox 3008 3498 3078 3553; x_wconf 89' lang='lat' dir='ltr'>ab</span> <span class='ocrx_word' id='word_1_575' title='bbox 3105 3499 3211 3553; x_wconf 87' lang='lat' dir='ltr'>hac</span> <span class='ocrx_word' id='word_1_576' title='bbox 3241 3498 3439 3571; x_wconf 86' lang='lat' dir='ltr'>pedica</span> <span class='ocrx_word' id='word_1_577' title='bbox 3466 3497 3692 3570; x_wconf 79' lang='lat' dir='ltr'>expedi-</span> 
     </span>
    </p>
   </div>
   <div class='ocr_carea' id='block_1_81' title="bbox 2095 3587 3688 3660">
    <p class='ocr_par' dir='ltr' id='par_1_81' title="bbox 2095 3587 3688 3660">
     <span class='ocr_line' id='line_1_81' title="bbox 2095 3587 3688 3660; baseline 0 -18"><span class='ocrx_word' id='word_1_578' title='bbox 2095 3605 2213 3643; x_wconf 89' lang='lat' dir='ltr'>rem</span> <span class='ocrx_word' id='word_1_579' title='bbox 2237 3608 2248 3650; x_wconf 83' lang='lat'><strong>;</strong></span> <span class='ocrx_word' id='word_1_580' title='bbox 2277 3587 2371 3643; x_wconf 92' lang='lat' dir='ltr'>ubi</span> <span class='ocrx_word' id='word_1_581' title='bbox 2398 3595 2590 3643; x_wconf 89' lang='lat' dir='ltr'>tamen</span> <span class='ocrx_word' id='word_1_582' title='bbox 2617 3595 2785 3660; x_wconf 85' lang='lat' dir='ltr'>caput</span> <span class='ocrx_word' id='word_1_583' title='bbox 2805 3593 2986 3642; x_wconf 90' lang='lat' dir='ltr'>totum</span> <span class='ocrx_word' id='word_1_584' title='bbox 3018 3588 3248 3659; x_wconf 88' lang='lat' dir='ltr'>perlegi,</span> <span class='ocrx_word' id='word_1_585' title='bbox 3282 3604 3312 3642; x_wconf 92' lang='lat' dir='ltr'>e</span> <span class='ocrx_word' id='word_1_586' title='bbox 3332 3587 3564 3658; x_wconf 88' lang='lat' dir='ltr'>vestigio</span> <span class='ocrx_word' id='word_1_587' title='bbox 3587 3604 3688 3642; x_wconf 83' lang='lat' dir='ltr'>ex-</span> 
     </span>
    </p>
   </div>
   <div class='ocr_carea' id='block_1_82' title="bbox 2094 3679 2440 3751">
    <p class='ocr_par' dir='ltr' id='par_1_82' title="bbox 2094 3679 2440 3751">
     <span class='ocr_line' id='line_1_82' title="bbox 2094 3679 2440 3751; baseline 0 -19"><span class='ocrx_word' id='word_1_588' title='bbox 2094 3679 2317 3751; x_wconf 89' lang='lat' dir='ltr'>peditus</span> <span class='ocrx_word' id='word_1_589' title='bbox 2345 3679 2440 3733; x_wconf 78' lang='lat' dir='ltr'>fui.</span> 
     </span>
    </p>
   </div>
   <div class='ocr_carea' id='block_1_83' title="bbox 2165 3765 3688 3838">
    <p class='ocr_par' dir='ltr' id='par_1_83' title="bbox 2165 3765 3688 3838">
     <span class='ocr_line' id='line_1_83' title="bbox 2165 3765 3688 3838; baseline -0.001 -16"><span class='ocrx_word' id='word_1_590' title='bbox 2165 3769 2310 3822; x_wconf 88' lang='lat' dir='ltr'>Nam</span> <span class='ocrx_word' id='word_1_591' title='bbox 2351 3769 2606 3822; x_wconf 88' lang='lat' dir='ltr'>Socrates</span> <span class='ocrx_word' id='word_1_592' title='bbox 2635 3766 2792 3822; x_wconf 90' lang='lat' dir='ltr'>initio</span> <span class='ocrx_word' id='word_1_593' title='bbox 2841 3766 3038 3838; x_wconf 88' lang='lat' dir='ltr'>capitis</span> <span class='ocrx_word' id='word_1_594' title='bbox 3065 3766 3183 3837; x_wconf 83' lang='lat' dir='ltr'>agit</span> <span class='ocrx_word' id='word_1_595' title='bbox 3210 3765 3437 3836; x_wconf 90' lang='lat' dir='ltr'>quidem</span> <span class='ocrx_word' id='word_1_596' title='bbox 3465 3766 3534 3820; x_wconf 87' lang='lat' dir='ltr'>de</span> <span class='ocrx_word' id='word_1_597' title='bbox 3563 3765 3688 3820; x_wconf 88' lang='lat' dir='ltr'>istis</span> 
     </span>
    </p>
   </div>
   <div class='ocr_carea' id='block_1_84' title="bbox 2096 3854 3686 3922">
    <p class='ocr_par' dir='ltr' id='par_1_84' title="bbox 2096 3854 3686 3922">
     <span class='ocr_line' id='line_1_84' title="bbox 2096 3854 3686 3922; baseline -0.001 -12"><span class='ocrx_word' id='word_1_598' title='bbox 2096 3857 2375 3922; x_wconf 89' lang='lat' dir='ltr'>Patribus,</span> <span class='ocrx_word' id='word_1_599' title='bbox 2399 3857 2490 3911; x_wconf 88' lang='lat' dir='ltr'>sed</span> <span class='ocrx_word' id='word_1_600' title='bbox 2507 3857 2715 3910; x_wconf 91' lang='lat' dir='ltr'>nullam</span> <span class='ocrx_word' id='word_1_601' title='bbox 2735 3855 2793 3910; x_wconf 92' lang='lat' dir='ltr'>in</span> <span class='ocrx_word' id='word_1_602' title='bbox 2823 3860 2976 3910; x_wconf 78' lang='lat' dir='ltr'>textu</span> <span class='ocrx_word' id='word_1_603' title='bbox 3003 3855 3346 3910; x_wconf 90' lang='lat' dir='ltr'>mentionem</span> <span class='ocrx_word' id='word_1_604' title='bbox 3375 3854 3510 3909; x_wconf 84' lang='lat' dir='ltr'>facit</span> <span class='ocrx_word' id='word_1_605' title='bbox 3536 3855 3686 3909; x_wconf 89' lang='lat' dir='ltr'>unde</span> 
     </span>
    </p>
   </div>
   <div class='ocr_carea' id='block_1_85' title="bbox 2098 3942 3688 4014">
    <p class='ocr_par' dir='ltr' id='par_1_85' title="bbox 2098 3942 3688 4014">
     <span class='ocr_line' id='line_1_85' title="bbox 2098 3942 3688 4014; baseline -0.001 -16"><span class='ocrx_word' id='word_1_606' title='bbox 2098 3961 2162 3998; x_wconf 90' lang='lat' dir='ltr'>ea</span> <span class='ocrx_word' id='word_1_607' title='bbox 2178 3945 2313 3998; x_wconf 91' lang='lat' dir='ltr'>desu</span> <span class='ocrx_word' id='word_1_608' title='bbox 2322 3944 2570 4014; x_wconf 91' lang='lat' dir='ltr'>mpserit.</span> <span class='ocrx_word' id='word_1_609' title='bbox 2593 3945 2723 4000; x_wconf 91' lang='lat' dir='ltr'>Post</span> <span class='ocrx_word' id='word_1_610' title='bbox 2743 3943 2991 3998; x_wconf 90' lang='lat' dir='ltr'>medium</span> <span class='ocrx_word' id='word_1_611' title='bbox 3014 3942 3213 4014; x_wconf 89' lang='lat' dir='ltr'>capitis</span> <span class='ocrx_word' id='word_1_612' title='bbox 3228 3942 3520 4014; x_wconf 88' lang='lat' dir='ltr'>subjungit</span> <span class='ocrx_word' id='word_1_613' title='bbox 3540 3960 3688 4014; x_wconf 69' lang='lat' dir='ltr'>qua:-</span> 
     </span>
    </p>
   </div>
   <div class='ocr_carea' id='block_1_86' title="bbox 2097 4033 3689 4104">
    <p class='ocr_par' dir='ltr' id='par_1_86' title="bbox 2097 4033 3689 4104">
     <span class='ocr_line' id='line_1_86' title="bbox 2097 4033 3689 4104; baseline 0.001 -18"><span class='ocrx_word' id='word_1_614' title='bbox 2097 4033 2227 4088; x_wconf 92' lang='lat' dir='ltr'>dam</span> <span class='ocrx_word' id='word_1_615' title='bbox 2243 4034 2313 4087; x_wconf 88' lang='lat' dir='ltr'>de</span> <span class='ocrx_word' id='word_1_616' title='bbox 2326 4033 2454 4088; x_wconf 89' lang='lat' dir='ltr'>Vita</span> <span class='ocrx_word' id='word_1_617' title='bbox 2471 4033 2692 4102; x_wconf 85' lang='lat' dir='ltr'>Evagrii</span> <span class='ocrx_word' id='word_1_618' title='bbox 2710 4037 2766 4086; x_wconf 90' lang='lat' dir='ltr'>et</span> <span class='ocrx_word' id='word_1_619' title='bbox 2783 4034 2906 4102; x_wconf 90' lang='lat' dir='ltr'>ejus</span> <span class='ocrx_word' id='word_1_620' title='bbox 2923 4033 3315 4103; x_wconf 80' lang='lat' dir='ltr'>scriptis,inter</span> <span class='ocrx_word' id='word_1_621' title='bbox 3331 4049 3454 4104; x_wconf 65' lang='lat' dir='ltr'>quae</span> <span class='ocrx_word' id='word_1_622' title='bbox 3469 4033 3689 4089; x_wconf 91' lang='lat' dir='ltr'>nullum</span> 
     </span>
    </p>
   </div>
   <div class='ocr_carea' id='block_1_87' title="bbox 2096 4121 3687 4193">
    <p class='ocr_par' dir='ltr' id='par_1_87' title="bbox 2096 4121 3687 4193">
     <span class='ocr_line' id='line_1_87' title="bbox 2096 4121 3687 4193; baseline 0 -17"><span class='ocrx_word' id='word_1_623' title='bbox 2096 4128 2429 4176; x_wconf 89' lang='lat' dir='ltr'>numeratur</span> <span class='ocrx_word' id='word_1_624' title='bbox 2453 4122 2600 4192; x_wconf 88' lang='lat' dir='ltr'>quod</span> <span class='ocrx_word' id='word_1_625' title='bbox 2635 4121 2841 4175; x_wconf 90' lang='lat' dir='ltr'>diserte</span> <span class='ocrx_word' id='word_1_626' title='bbox 2864 4121 3022 4175; x_wconf 86' lang='lat' dir='ltr'>Vitas</span> <span class='ocrx_word' id='word_1_627' title='bbox 3061 4123 3292 4176; x_wconf 88' lang='lat' dir='ltr'>Patrum</span> <span class='ocrx_word' id='word_1_628' title='bbox 3331 4123 3687 4193; x_wconf 78' lang='lat' dir='ltr'>complexum</span> 
     </span>
    </p>
   </div>
   <div class='ocr_carea' id='block_1_88' title="bbox 2097 4211 3691 4282">
    <p class='ocr_par' dir='ltr' id='par_1_88' title="bbox 2097 4211 3691 4282">
     <span class='ocr_line' id='line_1_88' title="bbox 2097 4211 3691 4282; baseline 0.001 -18"><span class='ocrx_word' id='word_1_629' title='bbox 2097 4212 2286 4266; x_wconf 86' lang='lat' dir='ltr'>fuerit.</span> <span class='ocrx_word' id='word_1_630' title='bbox 2311 4211 2445 4266; x_wconf 91' lang='lat' dir='ltr'>Inde</span> <span class='ocrx_word' id='word_1_631' title='bbox 2467 4211 2546 4266; x_wconf 90' lang='lat' dir='ltr'>ait</span> <span class='ocrx_word' id='word_1_632' title='bbox 2573 4216 2950 4282; x_wconf 90' lang='lat' dir='ltr'>opportunum</span> <span class='ocrx_word' id='word_1_633' title='bbox 2973 4227 3094 4265; x_wconf 91' lang='lat' dir='ltr'>esse</span> <span class='ocrx_word' id='word_1_634' title='bbox 3113 4217 3354 4282; x_wconf 84' lang='lat' dir='ltr'>tempus,</span> <span class='ocrx_word' id='word_1_635' title='bbox 3383 4227 3596 4282; x_wconf 77' lang='lat' dir='ltr'>«pauca</span> <span class='ocrx_word' id='word_1_636' title='bbox 3623 4227 3691 4266; x_wconf 80' lang='lat' dir='ltr'>ex</span> 
     </span>
    </p>
   </div>
   <div class='ocr_carea' id='block_1_89' title="bbox 2097 4299 3686 4378">
    <p class='ocr_par' dir='ltr' id='par_1_89' title="bbox 2097 4299 3686 4378">
     <span class='ocr_line' id='line_1_89' title="bbox 2097 4299 3686 4378; baseline 0 -24"><span class='ocrx_word' id='word_1_637' title='bbox 2097 4300 2208 4354; x_wconf 92' lang='lat' dir='ltr'>illis</span> <span class='ocrx_word' id='word_1_638' title='bbox 2238 4317 2361 4371; x_wconf 71' lang='lat' dir='ltr'>qua:</span> <span class='ocrx_word' id='word_1_639' title='bbox 2390 4305 2522 4354; x_wconf 91' lang='lat' dir='ltr'>sunt</span> <span class='ocrx_word' id='word_1_640' title='bbox 2566 4299 2636 4354; x_wconf 90' lang='lat' dir='ltr'>ab</span> <span class='ocrx_word' id='word_1_641' title='bbox 2687 4317 2753 4354; x_wconf 92' lang='lat' dir='ltr'>eo</span> <span class='ocrx_word' id='word_1_642' title='bbox 2777 4301 2846 4354; x_wconf 89' lang='lat' dir='ltr'>de</span> <span class='ocrx_word' id='word_1_643' title='bbox 2893 4300 3180 4378; x_wconf 81' lang='lat' dir='ltr'>monachis</span> <span class='ocrx_word' id='word_1_644' title='bbox 3228 4306 3686 4368; x_wconf 86' lang='lat' dir='ltr'>commemorata,</span> 
     </span>
    </p>
   </div>
   <div class='ocr_carea' id='block_1_90' title="bbox 2099 4389 3688 4460">
    <p class='ocr_par' dir='ltr' id='par_1_90' title="bbox 2099 4389 3688 4460">
     <span class='ocr_line' id='line_1_90' title="bbox 2099 4389 3688 4460; baseline 0.001 -18"><span class='ocrx_word' id='word_1_645' title='bbox 2099 4390 2234 4460; x_wconf 77' lang='lat' dir='ltr'>[XIX]</span> <span class='ocrx_word' id='word_1_646' title='bbox 2255 4389 2384 4443; x_wconf 91' lang='lat' dir='ltr'>huic</span> <span class='ocrx_word' id='word_1_647' title='bbox 2412 4389 2658 4443; x_wconf 88' lang='lat' dir='ltr'>sermoni</span> <span class='ocrx_word' id='word_1_648' title='bbox 2688 4389 2990 4443; x_wconf 86' lang='lat' dir='ltr'>attexendi.</span> <span class='ocrx_word' id='word_1_649' title='bbox 3019 4408 3045 4442; x_wconf 65' lang='grc' dir='ltr'><strong>ι</strong></span> <span class='ocrx_word' id='word_1_650' title='bbox 3096 4391 3368 4443; x_wconf 83' lang='lat' dir='ltr'>Recenset</span> <span class='ocrx_word' id='word_1_651' title='bbox 3391 4394 3582 4442; x_wconf 90' lang='lat' dir='ltr'>autem</span> <span class='ocrx_word' id='word_1_652' title='bbox 3610 4389 3688 4444; x_wconf 91' lang='lat' dir='ltr'>ibi</span> 
     </span>
    </p>
   </div>
   <div class='ocr_carea' id='block_1_91' title="bbox 423 4475 3692 4556">
    <p class='ocr_par' dir='ltr' id='par_1_91' title="bbox 423 4475 3692 4556">
     <span class='ocr_line' id='line_1_91' title="bbox 423 4475 3692 4556; baseline -0.001 -18"><span class='ocrx_word' id='word_1_653' title='bbox 423 4479 816 4556; x_wconf 76' lang='lat' dir='ltr'>principalium</span> <span class='ocrx_word' id='word_1_654' title='bbox 835 4482 1098 4538; x_wconf 89' lang='lat' dir='ltr'>vitiorum</span> <span class='ocrx_word' id='word_1_655' title='bbox 1143 4483 1546 4553; x_wconf 82' lang='lat' dir='ltr'>suggestiones.</span> <span class='ocrx_word' id='word_1_656' title='bbox 1583 4501 1607 4534; x_wconf 86' lang='lat'><strong><em>»</em></strong></span> <span class='ocrx_word' id='word_1_657' title='bbox 1638 4481 1966 4554; x_wconf 87' lang='lat' dir='ltr'>Respondeo</span> <span class='ocrx_word' id='word_1_658' title='bbox 1999 4475 2358 4550; x_wconf 70' lang='lat' dir='ltr'>:unaedam</span> <span class='ocrx_word' id='word_1_659' title='bbox 2411 4477 2696 4532; x_wconf 89' lang='lat' dir='ltr'>Didactica</span> <span class='ocrx_word' id='word_1_660' title='bbox 2743 4495 2808 4532; x_wconf 85' lang='lat' dir='ltr'>ex</span> <span class='ocrx_word' id='word_1_661' title='bbox 2860 4477 3002 4532; x_wconf 85' lang='lat' dir='ltr'>libro</span> <span class='ocrx_word' id='word_1_662' title='bbox 3029 4479 3124 4548; x_wconf 90' lang='lat' dir='ltr'>qui</span> <span class='ocrx_word' id='word_1_663' title='bbox 3163 4478 3459 4532; x_wconf 84' lang='lat' dir='ltr'>Monachus</span> <span class='ocrx_word' id='word_1_664' title='bbox 3489 4495 3588 4532; x_wconf 92' lang='lat' dir='ltr'>seu</span> <span class='ocrx_word' id='word_1_665' title='bbox 3617 4479 3692 4534; x_wconf 79' lang='lat' dir='ltr'>De</span> 
     </span>
    </p>
   </div>
   <div class='ocr_carea' id='block_1_92' title="bbox 426 4571 2018 4643">
    <p class='ocr_par' dir='ltr' id='par_1_92' title="bbox 426 4571 2018 4643">
     <span class='ocr_line' id='line_1_92' title="bbox 426 4571 2018 4643; baseline -0.002 -13"><span class='ocrx_word' id='word_1_666' title='bbox 426 4573 669 4630; x_wconf 89' lang='lat' dir='ltr'>Omnino</span> <span class='ocrx_word' id='word_1_667' title='bbox 700 4590 892 4628; x_wconf 89' lang='lat' dir='ltr'>vereor</span> <span class='ocrx_word' id='word_1_668' title='bbox 910 4589 981 4628; x_wconf 91' lang='lat' dir='ltr'>ne</span> <span class='ocrx_word' id='word_1_669' title='bbox 1009 4571 1132 4626; x_wconf 89' lang='lat' dir='ltr'>limi</span> <span class='ocrx_word' id='word_1_670' title='bbox 1150 4571 1360 4643; x_wconf 89' lang='lat' dir='ltr'>aliquid</span> <span class='ocrx_word' id='word_1_671' title='bbox 1385 4571 1725 4625; x_wconf 83' lang='lat' dir='ltr'>contraxerit</span> <span class='ocrx_word' id='word_1_672' title='bbox 1753 4571 1844 4624; x_wconf 91' lang='lat' dir='ltr'>hic</span> <span class='ocrx_word' id='word_1_673' title='bbox 1871 4571 2018 4627; x_wconf 87' lang='lat' dir='ltr'>rivu-</span> 
     </span>
    </p>
   </div>
   <div class='ocr_carea' id='block_1_93' title="bbox 425 4659 2017 4734">
    <p class='ocr_par' dir='ltr' id='par_1_93' title="bbox 425 4659 2017 4734">
     <span class='ocr_line' id='line_1_93' title="bbox 425 4659 2017 4734; baseline -0.001 -16"><span class='ocrx_word' id='word_1_674' title='bbox 425 4664 530 4728; x_wconf 89' lang='lat' dir='ltr'>lus,</span> <span class='ocrx_word' id='word_1_675' title='bbox 561 4663 747 4734; x_wconf 75' lang='lat' dir='ltr'>[xvm]</span> <span class='ocrx_word' id='word_1_676' title='bbox 778 4663 873 4734; x_wconf 88' lang='lat' dir='ltr'>qui</span> <span class='ocrx_word' id='word_1_677' title='bbox 900 4662 959 4717; x_wconf 90' lang='lat' dir='ltr'>in</span> <span class='ocrx_word' id='word_1_678' title='bbox 987 4662 1139 4716; x_wconf 82' lang='lat' dir='ltr'>fonte</span> <span class='ocrx_word' id='word_1_679' title='bbox 1183 4677 1284 4716; x_wconf 91' lang='lat' dir='ltr'>suo</span> <span class='ocrx_word' id='word_1_680' title='bbox 1317 4660 1441 4716; x_wconf 81' lang='lat' dir='ltr'>fluit</span> <span class='ocrx_word' id='word_1_681' title='bbox 1468 4659 1682 4730; x_wconf 89' lang='lat' dir='ltr'>purius.</span> <span class='ocrx_word' id='word_1_682' title='bbox 1743 4662 1828 4716; x_wconf 90' lang='lat' dir='ltr'>Ita</span> <span class='ocrx_word' id='word_1_683' title='bbox 1865 4661 2017 4716; x_wconf 91' lang='lat' dir='ltr'>enim</span> 
     </span>
    </p>
   </div>
   <div class='ocr_carea' id='block_1_94' title="bbox 429 4749 2020 4824">
    <p class='ocr_par' dir='ltr' id='par_1_94' title="bbox 429 4749 2020 4824">
     <span class='ocr_line' id='line_1_94' title="bbox 429 4749 2020 4824; baseline -0.002 -16"><span class='ocrx_word' id='word_1_684' title='bbox 429 4752 754 4808; x_wconf 88' lang='lat' dir='ltr'>Gennadius</span> <span class='ocrx_word' id='word_1_685' title='bbox 777 4769 896 4824; x_wconf 88' lang='lat' dir='ltr'>cap.</span> <span class='ocrx_word' id='word_1_686' title='bbox 913 4752 1004 4819; x_wconf 81' lang='grc'>11,</span> <span class='ocrx_word' id='word_1_687' title='bbox 1026 4769 1089 4806; x_wconf 85' lang='lat' dir='ltr'>ex</span> <span class='ocrx_word' id='word_1_688' title='bbox 1123 4768 1232 4822; x_wconf 92' lang='lat' dir='ltr'>quo</span> <span class='ocrx_word' id='word_1_689' title='bbox 1259 4767 1363 4805; x_wconf 90' lang='lat' dir='ltr'>sua</span> <span class='ocrx_word' id='word_1_690' title='bbox 1389 4749 1666 4804; x_wconf 88' lang='lat' dir='ltr'>corrivare</span> <span class='ocrx_word' id='word_1_691' title='bbox 1697 4750 1894 4804; x_wconf 91' lang='lat' dir='ltr'>solitus</span> <span class='ocrx_word' id='word_1_692' title='bbox 1933 4755 2020 4805; x_wconf 88' lang='lat' dir='ltr'>est</span> 
     </span>
    </p>
   </div>
   <div class='ocr_carea' id='block_1_95' title="bbox 425 4838 2019 4912">
    <p class='ocr_par' dir='ltr' id='par_1_95' title="bbox 425 4838 2019 4912">
     <span class='ocr_line' id='line_1_95' title="bbox 425 4838 2019 4912; baseline -0.002 -15"><span class='ocrx_word' id='word_1_693' title='bbox 425 4842 736 4898; x_wconf 76' lang='lat' dir='ltr'>Honorius:</span> <span class='ocrx_word' id='word_1_694' title='bbox 757 4861 778 4894; x_wconf 77' lang='grc' dir='ltr'>ι</span> <span class='ocrx_word' id='word_1_695' title='bbox 805 4841 1073 4912; x_wconf 82' lang='lat' dir='ltr'>Evagrius</span> <span class='ocrx_word' id='word_1_696' title='bbox 1098 4841 1422 4907; x_wconf 87' lang='lat' dir='ltr'>monachus,</span> <span class='ocrx_word' id='word_1_697' title='bbox 1459 4839 1766 4910; x_wconf 90' lang='lat' dir='ltr'>supradicti</span> <span class='ocrx_word' id='word_1_698' title='bbox 1797 4838 2019 4895; x_wconf 83' lang='lat' dir='ltr'>Macarii</span> 
     </span>
    </p>
   </div>
   <div class='ocr_carea' id='block_1_96' title="bbox 429 4927 2019 5003">
    <p class='ocr_par' dir='ltr' id='par_1_96' title="bbox 429 4927 2019 5003">
     <span class='ocr_line' id='line_1_96' title="bbox 429 4927 2019 5003; baseline -0.001 -18"><span class='ocrx_word' id='word_1_699' title='bbox 429 4928 1236 5003; x_wconf 71' lang='lat' dir='ltr'>(/Egyptii)discipulus,divina</span> <span class='ocrx_word' id='word_1_700' title='bbox 1251 4932 1419 4999; x_wconf 90' lang='lat' dir='ltr'>atque</span> <span class='ocrx_word' id='word_1_701' title='bbox 1433 4927 1682 4982; x_wconf 88' lang='lat' dir='ltr'>humana</span> <span class='ocrx_word' id='word_1_702' title='bbox 1699 4928 2019 4984; x_wconf 88' lang='lat' dir='ltr'>litteratura</span> 
     </span>
    </p>
   </div>
   <div class='ocr_carea' id='block_1_97' title="bbox 424 5016 2017 5091">
    <p class='ocr_par' dir='ltr' id='par_1_97' title="bbox 424 5016 2017 5091">
     <span class='ocr_line' id='line_1_97' title="bbox 424 5016 2017 5091; baseline -0.003 -15"><span class='ocrx_word' id='word_1_703' title='bbox 424 5020 680 5091; x_wconf 87' lang='lat' dir='ltr'>insignis,</span> <span class='ocrx_word' id='word_1_704' title='bbox 722 5019 882 5089; x_wconf 90' lang='lat' dir='ltr'>cujus</span> <span class='ocrx_word' id='word_1_705' title='bbox 912 5018 1084 5074; x_wconf 89' lang='lat' dir='ltr'>etiam</span> <span class='ocrx_word' id='word_1_706' title='bbox 1114 5016 1256 5072; x_wconf 88' lang='lat' dir='ltr'>liber</span> <span class='ocrx_word' id='word_1_707' title='bbox 1285 5017 1381 5088; x_wconf 89' lang='lat' dir='ltr'>qui</span> <span class='ocrx_word' id='word_1_708' title='bbox 1399 5016 1721 5072; x_wconf 89' lang='lat' dir='ltr'>attitulatur</span> <span class='ocrx_word' id='word_1_709' title='bbox 1759 5020 1882 5072; x_wconf 68' lang='lat' dir='ltr'>Vita:</span> <span class='ocrx_word' id='word_1_710' title='bbox 1910 5019 2017 5072; x_wconf 87' lang='lat' dir='ltr'>Pa-</span> 
     </span>
    </p>
   </div>
   <div class='ocr_carea' id='block_1_98' title="bbox 429 5105 2018 5176">
    <p class='ocr_par' dir='ltr' id='par_1_98' title="bbox 429 5105 2018 5176">
     <span class='ocr_line' id='line_1_98' title="bbox 429 5105 2018 5176; baseline -0.001 -12"><span class='ocrx_word' id='word_1_711' title='bbox 429 5115 602 5176; x_wconf 79' lang='lat' dir='ltr'>trum,</span> <span class='ocrx_word' id='word_1_712' title='bbox 627 5109 780 5164; x_wconf 89' lang='lat' dir='ltr'>velut</span> <span class='ocrx_word' id='word_1_713' title='bbox 791 5105 1260 5162; x_wconf 90' lang='lat' dir='ltr'>continentissimi</span> <span class='ocrx_word' id='word_1_714' title='bbox 1281 5111 1338 5161; x_wconf 91' lang='lat' dir='ltr'>et</span> <span class='ocrx_word' id='word_1_715' title='bbox 1357 5105 1718 5161; x_wconf 89' lang='lat' dir='ltr'>eruditissimi</span> <span class='ocrx_word' id='word_1_716' title='bbox 1741 5107 1841 5161; x_wconf 90' lang='lat' dir='ltr'>viri</span> <span class='ocrx_word' id='word_1_717' title='bbox 1868 5123 2018 5162; x_wconf 87' lang='lat' dir='ltr'>men-</span> 
     </span>
    </p>
   </div>
   <div class='ocr_carea' id='block_1_99' title="bbox 426 5194 2020 5268">
    <p class='ocr_par' dir='ltr' id='par_1_99' title="bbox 426 5194 2020 5268">
     <span class='ocr_line' id='line_1_99' title="bbox 426 5194 2020 5268; baseline -0.003 -13"><span class='ocrx_word' id='word_1_718' title='bbox 426 5199 640 5254; x_wconf 86' lang='lat' dir='ltr'>tionem</span> <span class='ocrx_word' id='word_1_719' title='bbox 667 5195 1050 5268; x_wconf 87' lang='lat' dir='ltr'>facit,scripsit</span> <span class='ocrx_word' id='word_1_720' title='bbox 1071 5194 1254 5250; x_wconf 88' lang='lat' dir='ltr'>multa</span> <span class='ocrx_word' id='word_1_721' title='bbox 1277 5194 1567 5250; x_wconf 90' lang='lat' dir='ltr'>monachis</span> <span class='ocrx_word' id='word_1_722' title='bbox 1587 5195 1919 5262; x_wconf 88' lang='lat' dir='ltr'>necessaria,</span> <span class='ocrx_word' id='word_1_723' title='bbox 1953 5213 2020 5250; x_wconf 82' lang='lat' dir='ltr'>ex</span> 
     </span>
    </p>
   </div>
   <div class='ocr_carea' id='block_1_100' title="bbox 427 5285 2020 5360">
    <p class='ocr_par' dir='ltr' id='par_1_100' title="bbox 427 5285 2020 5360">
     <span class='ocr_line' id='line_1_100' title="bbox 427 5285 2020 5360; baseline -0.003 -16"><span class='ocrx_word' id='word_1_724' title='bbox 427 5288 631 5360; x_wconf 89' lang='lat' dir='ltr'>quibus</span> <span class='ocrx_word' id='word_1_725' title='bbox 661 5287 770 5342; x_wconf 86' lang='lat' dir='ltr'>ista</span> <span class='ocrx_word' id='word_1_726' title='bbox 798 5290 965 5340; x_wconf 89' lang='lat' dir='ltr'>sunt:</span> <span class='ocrx_word' id='word_1_727' title='bbox 990 5285 1262 5340; x_wconf 75' lang='lat' dir='ltr'>Adversus</span> <span class='ocrx_word' id='word_1_728' title='bbox 1289 5290 1401 5340; x_wconf 81' lang='grc' dir='ltr'>οοιο</span> <span class='ocrx_word' id='word_1_729' title='bbox 1425 5287 1832 5355; x_wconf 70' lang='lat' dir='ltr'>principalium</span> <span class='ocrx_word' id='word_1_730' title='bbox 1855 5289 2020 5341; x_wconf 73' lang='lat' dir='ltr'>vitio-</span> 
     </span>
    </p>
   </div>
   <div class='ocr_carea' id='block_1_101' title="bbox 425 5379 1031 5445">
    <p class='ocr_par' dir='ltr' id='par_1_101' title="bbox 425 5379 1031 5445">
     <span class='ocr_line' id='line_1_101' title="bbox 425 5379 1031 5445; baseline -0.012 -13"><span class='ocrx_word' id='word_1_731' title='bbox 425 5394 558 5432; x_wconf 83' lang='lat' dir='ltr'>rum</span> <span class='ocrx_word' id='word_1_732' title='bbox 587 5379 971 5445; x_wconf 76' lang='lat' dir='ltr'>suggestiones.</span> <span class='ocrx_word' id='word_1_733' title='bbox 1009 5393 1031 5424; x_wconf 73' lang='grc' dir='ltr'><strong>ι</strong></span> 
     </span>
    </p>
   </div>
   <div class='ocr_carea' id='block_1_102' title="bbox 497 5462 2012 5534">
    <p class='ocr_par' dir='ltr' id='par_1_102' title="bbox 497 5462 2012 5534">
     <span class='ocr_line' id='line_1_102' title="bbox 497 5462 2012 5534; baseline 0 -15"><span class='ocrx_word' id='word_1_734' title='bbox 497 5466 612 5519; x_wconf 90' lang='lat' dir='ltr'>Nec</span> <span class='ocrx_word' id='word_1_735' title='bbox 641 5463 899 5520; x_wconf 81' lang='lat' dir='ltr'>existimo</span> <span class='ocrx_word' id='word_1_736' title='bbox 931 5478 1270 5534; x_wconf 88' lang='lat' dir='ltr'>quemquam</span> <span class='ocrx_word' id='word_1_737' title='bbox 1315 5462 1406 5518; x_wconf 89' lang='lat' dir='ltr'>hic</span> <span class='ocrx_word' id='word_1_738' title='bbox 1425 5463 1582 5518; x_wconf 87' lang='lat' dir='ltr'>facile</span> <span class='ocrx_word' id='word_1_739' title='bbox 1607 5463 2012 5530; x_wconf 86' lang='lat' dir='ltr'>dubitaturum,</span> 
     </span>
    </p>
   </div>
   <div class='ocr_carea' id='block_1_103' title="bbox 427 5551 2010 5625">
    <p class='ocr_par' dir='ltr' id='par_1_103' title="bbox 427 5551 2010 5625">
     <span class='ocr_line' id='line_1_103' title="bbox 427 5551 2010 5625; baseline 0.001 -17"><span class='ocrx_word' id='word_1_740' title='bbox 427 5553 684 5625; x_wconf 87' lang='lat' dir='ltr'>potiorne</span> <span class='ocrx_word' id='word_1_741' title='bbox 715 5551 1005 5607; x_wconf 88' lang='lat' dir='ltr'>Gennadio</span> <span class='ocrx_word' id='word_1_742' title='bbox 1033 5568 1104 5606; x_wconf 88' lang='lat' dir='ltr'>an</span> <span class='ocrx_word' id='word_1_743' title='bbox 1134 5553 1380 5608; x_wconf 89' lang='lat' dir='ltr'>Honorio</span> <span class='ocrx_word' id='word_1_744' title='bbox 1409 5553 1548 5607; x_wconf 85' lang='lat' dir='ltr'>ﬁdes</span> <span class='ocrx_word' id='word_1_745' title='bbox 1580 5554 1652 5609; x_wconf 91' lang='lat' dir='ltr'>sit</span> <span class='ocrx_word' id='word_1_746' title='bbox 1677 5553 2010 5623; x_wconf 88' lang='lat' dir='ltr'>adhibenda,</span> 
     </span>
    </p>
   </div>
   <div class='ocr_carea' id='block_1_104' title="bbox 425 5641 2015 5717">
    <p class='ocr_par' dir='ltr' id='par_1_104' title="bbox 425 5641 2015 5717">
     <span class='ocr_line' id='line_1_104' title="bbox 425 5641 2015 5717; baseline 0.001 -18"><span class='ocrx_word' id='word_1_747' title='bbox 425 5660 552 5700; x_wconf 89' lang='lat' dir='ltr'>cum</span> <span class='ocrx_word' id='word_1_748' title='bbox 611 5641 730 5714; x_wconf 87' lang='lat' dir='ltr'>ipse</span> <span class='ocrx_word' id='word_1_749' title='bbox 759 5642 1084 5700; x_wconf 87' lang='lat' dir='ltr'>Gennadius</span> <span class='ocrx_word' id='word_1_750' title='bbox 1127 5641 1334 5699; x_wconf 88' lang='lat' dir='ltr'>ibidem</span> <span class='ocrx_word' id='word_1_751' title='bbox 1384 5649 1600 5700; x_wconf 88' lang='lat' dir='ltr'>asserat</span> <span class='ocrx_word' id='word_1_752' title='bbox 1651 5663 1710 5700; x_wconf 91' lang='lat' dir='ltr'>se</span> <span class='ocrx_word' id='word_1_753' title='bbox 1747 5645 2015 5717; x_wconf 87' lang='lat' dir='ltr'>pleraque</span> 
     </span>
    </p>
   </div>
   <div class='ocr_carea' id='block_1_105' title="bbox 2098 4567 3693 4638">
    <p class='ocr_par' dir='ltr' id='par_1_105' title="bbox 2098 4567 3693 4638">
     <span class='ocr_line' id='line_1_105' title="bbox 2098 4567 3693 4638; baseline 0 -16"><span class='ocrx_word' id='word_1_754' title='bbox 2098 4571 2214 4622; x_wconf 78' lang='lat' dir='ltr'>vita</span> <span class='ocrx_word' id='word_1_755' title='bbox 2258 4571 2322 4623; x_wconf 85' lang='lat' dir='ltr'>in</span> <span class='ocrx_word' id='word_1_756' title='bbox 2348 4571 2559 4622; x_wconf 82' lang='lat' dir='ltr'>actione</span> <span class='ocrx_word' id='word_1_757' title='bbox 2586 4571 2762 4637; x_wconf 81' lang='lat' dir='ltr'>posita</span> <span class='ocrx_word' id='word_1_758' title='bbox 2795 4567 3120 4622; x_wconf 88' lang='lat' dir='ltr'>inscribitur</span> <span class='ocrx_word' id='word_1_759' title='bbox 3145 4586 3158 4634; x_wconf 88' lang='lat'><strong>;</strong></span> <span class='ocrx_word' id='word_1_760' title='bbox 3189 4567 3325 4622; x_wconf 92' lang='lat' dir='ltr'>item</span> <span class='ocrx_word' id='word_1_761' title='bbox 3349 4567 3605 4638; x_wconf 68' lang='lat' dir='ltr'>quaedam</span> <span class='ocrx_word' id='word_1_762' title='bbox 3626 4584 3693 4622; x_wconf 83' lang='lat' dir='ltr'>ex</span> 
     </span>
    </p>
   </div>
   <div class='ocr_carea' id='block_1_106' title="bbox 2098 4655 3696 4728">
    <p class='ocr_par' dir='ltr' id='par_1_106' title="bbox 2098 4655 3696 4728">
     <span class='ocr_line' id='line_1_106' title="bbox 2098 4655 3696 4728; baseline 0 -18"><span class='ocrx_word' id='word_1_763' title='bbox 2098 4657 2257 4721; x_wconf 84' lang='lat' dir='ltr'>libro,</span> <span class='ocrx_word' id='word_1_764' title='bbox 2268 4657 2363 4728; x_wconf 92' lang='lat' dir='ltr'>qui</span> <span class='ocrx_word' id='word_1_765' title='bbox 2389 4657 2671 4714; x_wconf 83' lang='lat' dir='ltr'>Gnosticus</span> <span class='ocrx_word' id='word_1_766' title='bbox 2692 4673 2792 4711; x_wconf 91' lang='lat' dir='ltr'>seu</span> <span class='ocrx_word' id='word_1_767' title='bbox 2805 4655 3049 4710; x_wconf 81' lang='lat' dir='ltr'>Scientia</span> <span class='ocrx_word' id='word_1_768' title='bbox 3075 4658 3342 4725; x_wconf 53' lang='lat' dir='ltr'>praeditus</span> <span class='ocrx_word' id='word_1_769' title='bbox 3365 4655 3590 4710; x_wconf 90' lang='lat' dir='ltr'>dicitur.</span> <span class='ocrx_word' id='word_1_770' title='bbox 3625 4655 3696 4710; x_wconf 89' lang='lat' dir='ltr'>Et</span> 
     </span>
    </p>
   </div>
   <div class='ocr_carea' id='block_1_107' title="bbox 2099 4745 3694 4816">
    <p class='ocr_par' dir='ltr' id='par_1_107' title="bbox 2099 4745 3694 4816">
     <span class='ocr_line' id='line_1_107' title="bbox 2099 4745 3694 4816; baseline 0 -16"><span class='ocrx_word' id='word_1_771' title='bbox 2099 4747 2240 4801; x_wconf 88' lang='lat' dir='ltr'>nihil</span> <span class='ocrx_word' id='word_1_772' title='bbox 2278 4763 2471 4801; x_wconf 89' lang='lat' dir='ltr'>eorum</span> <span class='ocrx_word' id='word_1_773' title='bbox 2500 4746 2560 4800; x_wconf 94' lang='lat' dir='ltr'>in</span> <span class='ocrx_word' id='word_1_774' title='bbox 2607 4747 2712 4800; x_wconf 92' lang='lat' dir='ltr'>hoc</span> <span class='ocrx_word' id='word_1_775' title='bbox 2738 4745 2881 4800; x_wconf 89' lang='lat' dir='ltr'>libro</span> <span class='ocrx_word' id='word_1_776' title='bbox 2909 4745 2978 4799; x_wconf 93' lang='lat' dir='ltr'>de</span> <span class='ocrx_word' id='word_1_777' title='bbox 3005 4746 3167 4816; x_wconf 91' lang='lat' dir='ltr'>cujus</span> <span class='ocrx_word' id='word_1_778' title='bbox 3189 4750 3417 4800; x_wconf 88' lang='lat' dir='ltr'>auctore</span> <span class='ocrx_word' id='word_1_779' title='bbox 3467 4751 3694 4800; x_wconf 90' lang='lat' dir='ltr'>contro-</span> 
     </span>
    </p>
   </div>
   <div class='ocr_carea' id='block_1_108' title="bbox 2099 4833 3689 4908">
    <p class='ocr_par' dir='ltr' id='par_1_108' title="bbox 2099 4833 3689 4908">
     <span class='ocr_line' id='line_1_108' title="bbox 2099 4833 3689 4908; baseline -0.001 -18"><span class='ocrx_word' id='word_1_780' title='bbox 2099 4836 2367 4890; x_wconf 86' lang='lat' dir='ltr'>vertimus</span> <span class='ocrx_word' id='word_1_781' title='bbox 2389 4836 2684 4908; x_wconf 89' lang='lat' dir='ltr'>reperitur.</span> <span class='ocrx_word' id='word_1_782' title='bbox 2718 4835 3065 4906; x_wconf 87' lang='lat' dir='ltr'>Nicephorus</span> <span class='ocrx_word' id='word_1_783' title='bbox 3085 4833 3429 4905; x_wconf 91' lang='lat' dir='ltr'>quoque,lib.</span> <span class='ocrx_word' id='word_1_784' title='bbox 3462 4849 3536 4901; x_wconf 72' lang='lat' dir='ltr'>x1,</span> <span class='ocrx_word' id='word_1_785' title='bbox 3564 4851 3689 4906; x_wconf 87' lang='lat' dir='ltr'>cap.</span> 
     </span>
    </p>
   </div>
   <div class='ocr_carea' id='block_1_109' title="bbox 2097 4922 3694 4996">
    <p class='ocr_par' dir='ltr' id='par_1_109' title="bbox 2097 4922 3694 4996">
     <span class='ocr_line' id='line_1_109' title="bbox 2097 4922 3694 4996; baseline -0.001 -16"><span class='ocrx_word' id='word_1_786' title='bbox 2097 4925 2186 4992; x_wconf 72' lang='lat'>42,</span> <span class='ocrx_word' id='word_1_787' title='bbox 2220 4930 2516 4980; x_wconf 89' lang='lat' dir='ltr'>enumerat</span> <span class='ocrx_word' id='word_1_788' title='bbox 2566 4925 2776 4996; x_wconf 89' lang='lat' dir='ltr'>scripta</span> <span class='ocrx_word' id='word_1_789' title='bbox 2809 4923 3047 4993; x_wconf 87' lang='lat' dir='ltr'>Evagrii,</span> <span class='ocrx_word' id='word_1_790' title='bbox 3097 4928 3154 4977; x_wconf 89' lang='lat' dir='ltr'>et</span> <span class='ocrx_word' id='word_1_791' title='bbox 3194 4922 3337 4976; x_wconf 92' lang='lat' dir='ltr'>nihil</span> <span class='ocrx_word' id='word_1_792' title='bbox 3371 4923 3441 4977; x_wconf 91' lang='lat' dir='ltr'>de</span> <span class='ocrx_word' id='word_1_793' title='bbox 3461 4924 3694 4978; x_wconf 89' lang='lat' dir='ltr'>Patrum</span> 
     </span>
    </p>
   </div>
   <div class='ocr_carea' id='block_1_110' title="bbox 2100 5010 3694 5092">
    <p class='ocr_par' dir='ltr' id='par_1_110' title="bbox 2100 5010 3694 5092">
     <span class='ocr_line' id='line_1_110' title="bbox 2100 5010 3694 5092; baseline 0 -24"><span class='ocrx_word' id='word_1_794' title='bbox 2100 5015 2244 5070; x_wconf 89' lang='lat' dir='ltr'>Vitis</span> <span class='ocrx_word' id='word_1_795' title='bbox 2273 5015 2459 5082; x_wconf 89' lang='lat' dir='ltr'>habet;</span> <span class='ocrx_word' id='word_1_796' title='bbox 2491 5020 2547 5068; x_wconf 90' lang='lat' dir='ltr'>et</span> <span class='ocrx_word' id='word_1_797' title='bbox 2595 5031 2714 5092; x_wconf 56' lang='lat' dir='ltr'>cap:</span> <span class='ocrx_word' id='word_1_798' title='bbox 2763 5012 2854 5079; x_wconf 83' lang='grc'>43,</span> <span class='ocrx_word' id='word_1_799' title='bbox 2889 5013 3027 5066; x_wconf 88' lang='lat' dir='ltr'>citat</span> <span class='ocrx_word' id='word_1_800' title='bbox 3055 5013 3310 5083; x_wconf 74' lang='lat' dir='ltr'>quaedam</span> <span class='ocrx_word' id='word_1_801' title='bbox 3339 5028 3409 5066; x_wconf 85' lang='lat' dir='ltr'>ex</span> <span class='ocrx_word' id='word_1_802' title='bbox 3441 5010 3582 5067; x_wconf 89' lang='lat' dir='ltr'>libro</span> <span class='ocrx_word' id='word_1_803' title='bbox 3623 5012 3694 5068; x_wconf 85' lang='lat' dir='ltr'>de</span> 
     </span>
    </p>
   </div>
   <div class='ocr_carea' id='block_1_111' title="bbox 2101 5101 3692 5170">
    <p class='ocr_par' dir='ltr' id='par_1_111' title="bbox 2101 5101 3692 5170">
     <span class='ocr_line' id='line_1_111' title="bbox 2101 5101 3692 5170; baseline -0.002 -10"><span class='ocrx_word' id='word_1_804' title='bbox 2101 5105 2388 5160; x_wconf 86' lang='lat' dir='ltr'>Monachis</span> <span class='ocrx_word' id='word_1_805' title='bbox 2417 5109 2475 5158; x_wconf 90' lang='lat' dir='ltr'>et</span> <span class='ocrx_word' id='word_1_806' title='bbox 2495 5103 2790 5170; x_wconf 89' lang='lat' dir='ltr'>Gnosticis,</span> <span class='ocrx_word' id='word_1_807' title='bbox 2823 5101 2923 5156; x_wconf 89' lang='lat' dir='ltr'>sed</span> <span class='ocrx_word' id='word_1_808' title='bbox 2952 5101 3092 5156; x_wconf 89' lang='lat' dir='ltr'>nihil</span> <span class='ocrx_word' id='word_1_809' title='bbox 3119 5118 3314 5158; x_wconf 88' lang='lat' dir='ltr'>eorum</span> <span class='ocrx_word' id='word_1_810' title='bbox 3339 5101 3398 5157; x_wconf 89' lang='lat' dir='ltr'>in</span> <span class='ocrx_word' id='word_1_811' title='bbox 3417 5101 3524 5156; x_wconf 89' lang='lat' dir='ltr'>hoc</span> <span class='ocrx_word' id='word_1_812' title='bbox 3549 5101 3692 5157; x_wconf 92' lang='lat' dir='ltr'>libro</span> 
     </span>
    </p>
   </div>
   <div class='ocr_carea' id='block_1_112' title="bbox 2101 5199 2407 5266">
    <p class='ocr_par' dir='ltr' id='par_1_112' title="bbox 2101 5199 2407 5266">
     <span class='ocr_line' id='line_1_112' title="bbox 2101 5199 2407 5266; baseline -0.003 -18"><span class='ocrx_word' id='word_1_813' title='bbox 2101 5199 2407 5266; x_wconf 88' lang='lat' dir='ltr'>comparet.</span> 
     </span>
    </p>
   </div>
   <div class='ocr_carea' id='block_1_113' title="bbox 2171 5279 3688 5355">
    <p class='ocr_par' dir='ltr' id='par_1_113' title="bbox 2171 5279 3688 5355">
     <span class='ocr_line' id='line_1_113' title="bbox 2171 5279 3688 5355; baseline -0.001 -17"><span class='ocrx_word' id='word_1_814' title='bbox 2171 5285 2356 5348; x_wconf 83' lang='lat' dir='ltr'>Quare</span> <span class='ocrx_word' id='word_1_815' title='bbox 2375 5283 2524 5355; x_wconf 90' lang='lat' dir='ltr'>quod</span> <span class='ocrx_word' id='word_1_816' title='bbox 2543 5282 2742 5338; x_wconf 89' lang='lat' dir='ltr'>titulus</span> <span class='ocrx_word' id='word_1_817' title='bbox 2762 5280 2962 5352; x_wconf 90' lang='lat' dir='ltr'>capitis</span> <span class='ocrx_word' id='word_1_818' title='bbox 2983 5279 3168 5348; x_wconf 89' lang='lat' dir='ltr'>habet,</span> <span class='ocrx_word' id='word_1_819' title='bbox 3193 5297 3258 5335; x_wconf 77' lang='lat' dir='ltr'>ea:</span> <span class='ocrx_word' id='word_1_820' title='bbox 3277 5281 3508 5350; x_wconf 78' lang='lat' dir='ltr'>Evagrii</span> <span class='ocrx_word' id='word_1_821' title='bbox 3527 5280 3688 5347; x_wconf 75' lang='lat' dir='ltr'>libro,</span> 
     </span>
    </p>
   </div>
   <div class='ocr_carea' id='block_1_114' title="bbox 2101 5369 3695 5442">
    <p class='ocr_par' dir='ltr' id='par_1_114' title="bbox 2101 5369 3695 5442">
     <span class='ocr_line' id='line_1_114' title="bbox 2101 5369 3695 5442; baseline -0.001 -15"><span class='ocrx_word' id='word_1_822' title='bbox 2101 5372 2454 5428; x_wconf 83' lang='lat' dir='ltr'>referendum</span> <span class='ocrx_word' id='word_1_823' title='bbox 2486 5378 2572 5427; x_wconf 92' lang='lat' dir='ltr'>est</span> <span class='ocrx_word' id='word_1_824' title='bbox 2598 5388 2714 5427; x_wconf 90' lang='lat' dir='ltr'>non</span> <span class='ocrx_word' id='word_1_825' title='bbox 2739 5371 2811 5426; x_wconf 88' lang='lat' dir='ltr'>ad</span> <span class='ocrx_word' id='word_1_826' title='bbox 2835 5375 3018 5426; x_wconf 90' lang='lat' dir='ltr'>totum</span> <span class='ocrx_word' id='word_1_827' title='bbox 3037 5374 3222 5442; x_wconf 88' lang='lat' dir='ltr'>caput,</span> <span class='ocrx_word' id='word_1_828' title='bbox 3257 5369 3354 5424; x_wconf 92' lang='lat' dir='ltr'>sed</span> <span class='ocrx_word' id='word_1_829' title='bbox 3371 5371 3440 5424; x_wconf 89' lang='lat' dir='ltr'>ad</span> <span class='ocrx_word' id='word_1_830' title='bbox 3472 5385 3539 5424; x_wconf 92' lang='lat' dir='ltr'>ea</span> <span class='ocrx_word' id='word_1_831' title='bbox 3571 5386 3695 5442; x_wconf 76' lang='lat' dir='ltr'>quae</span> 
     </span>
    </p>
   </div>
   <div class='ocr_carea' id='block_1_115' title="bbox 2101 5458 3697 5532">
    <p class='ocr_par' dir='ltr' id='par_1_115' title="bbox 2101 5458 3697 5532">
     <span class='ocr_line' id='line_1_115' title="bbox 2101 5458 3697 5532; baseline -0.001 -16"><span class='ocrx_word' id='word_1_832' title='bbox 2101 5467 2286 5518; x_wconf 79' lang='lat' dir='ltr'>textus</span> <span class='ocrx_word' id='word_1_833' title='bbox 2329 5461 2606 5532; x_wconf 83' lang='lat' dir='ltr'>expressis</span> <span class='ocrx_word' id='word_1_834' title='bbox 2654 5459 2835 5516; x_wconf 85' lang='lat' dir='ltr'>verbis</span> <span class='ocrx_word' id='word_1_835' title='bbox 2865 5465 3057 5515; x_wconf 89' lang='lat' dir='ltr'>monet</span> <span class='ocrx_word' id='word_1_836' title='bbox 3081 5475 3150 5514; x_wconf 82' lang='lat' dir='ltr'>ex</span> <span class='ocrx_word' id='word_1_837' title='bbox 3179 5459 3401 5530; x_wconf 85' lang='lat' dir='ltr'>Evagrii</span> <span class='ocrx_word' id='word_1_838' title='bbox 3429 5458 3572 5514; x_wconf 89' lang='lat' dir='ltr'>libro</span> <span class='ocrx_word' id='word_1_839' title='bbox 3601 5461 3697 5514; x_wconf 87' lang='lat' dir='ltr'>de-</span> 
     </span>
    </p>
   </div>
   <div class='ocr_carea' id='block_1_116' title="bbox 2097 5548 3695 5624">
    <p class='ocr_par' dir='ltr' id='par_1_116' title="bbox 2097 5548 3695 5624">
     <span class='ocr_line' id='line_1_116' title="bbox 2097 5548 3695 5624; baseline -0.002 -18"><span class='ocrx_word' id='word_1_840' title='bbox 2097 5557 2339 5624; x_wconf 87' lang='lat' dir='ltr'>sumpta,</span> <span class='ocrx_word' id='word_1_841' title='bbox 2372 5551 2642 5606; x_wconf 88' lang='lat' dir='ltr'>Monacho</span> <span class='ocrx_word' id='word_1_842' title='bbox 2670 5550 2884 5605; x_wconf 90' lang='lat' dir='ltr'>scilicet</span> <span class='ocrx_word' id='word_1_843' title='bbox 2911 5555 2968 5604; x_wconf 90' lang='lat' dir='ltr'>et</span> <span class='ocrx_word' id='word_1_844' title='bbox 3026 5549 3310 5603; x_wconf 90' lang='lat' dir='ltr'>Gnostico.</span> <span class='ocrx_word' id='word_1_845' title='bbox 3362 5549 3430 5603; x_wconf 90' lang='lat' dir='ltr'>Et</span> <span class='ocrx_word' id='word_1_846' title='bbox 3470 5548 3695 5620; x_wconf 86' lang='lat' dir='ltr'>epigra-</span> 
     </span>
    </p>
   </div>
   <div class='ocr_carea' id='block_1_117' title="bbox 2098 5637 3700 5714">
    <p class='ocr_par' dir='ltr' id='par_1_117' title="bbox 2098 5637 3700 5714">
     <span class='ocr_line' id='line_1_117' title="bbox 2098 5637 3700 5714; baseline -0.002 -16"><span class='ocrx_word' id='word_1_847' title='bbox 2098 5642 2206 5714; x_wconf 86' lang='lat' dir='ltr'>phe</span> <span class='ocrx_word' id='word_1_848' title='bbox 2231 5641 2480 5713; x_wconf 85' lang='lat' dir='ltr'>capitum</span> <span class='ocrx_word' id='word_1_849' title='bbox 2501 5657 2646 5713; x_wconf 80' lang='lat' dir='ltr'>saepe</span> <span class='ocrx_word' id='word_1_850' title='bbox 2673 5656 2788 5697; x_wconf 90' lang='lat' dir='ltr'>non</span> <span class='ocrx_word' id='word_1_851' title='bbox 2812 5640 2972 5696; x_wconf 85' lang='lat' dir='ltr'>valde</span> <span class='ocrx_word' id='word_1_852' title='bbox 3002 5637 3288 5706; x_wconf 86' lang='lat' dir='ltr'>distincta,</span> <span class='ocrx_word' id='word_1_853' title='bbox 3305 5638 3440 5710; x_wconf 87' lang='lat' dir='ltr'>quia</span> <span class='ocrx_word' id='word_1_854' title='bbox 3454 5639 3700 5710; x_wconf 80' lang='lat' dir='ltr'>plerum-</span> 
     </span>
    </p>
   </div>
  </div>
