3958 6412
246 387 312 446 29
1524 375 2021 434 PROLEGOMEN
2024 376 2125 432 ON
2160 376 2256 433 IV.
3466 362 3534 421 30

246 529 346 586 que
364 527 474 566 non
497 509 567 564 ab
586 514 836 575 auctore,
868 508 965 562 sed
996 503 1274 561 alibrario
1312 504 1502 575 aliquo
1526 503 1833 559 concinna-
1851 506 1904 566 Α
1924 504 2220 558 confusum
2239 501 2371 567 vidi,
2388 501 2593 572 partim
2606 498 3112 571 reinterpretando,
3132 491 3337 567 partim
3349 506 3536 546 emen-

243 608 347 657 tur.
370 601 461 655 Sic
486 599 689 653 Petrus
706 597 909 652 Gillius
930 594 1204 667 Bosphori
1231 594 1454 648 Thracii
1479 593 1578 647 lib.
1615 607 1675 659 II,
1708 610 1833 664 cap.

249 691 325 758 10,
344 690 491 743 clare
512 686 884 759 deprehendit
907 685 1168 740 elenchos
1189 683 1440 754 capitum
1468 683 1716 737 historia:
1733 684 1837 738 So-

247 778 450 834 zomeni
478 776 550 832 ab
577 776 780 831 inscito
810 775 1033 830 homine
1054 774 1254 827 factos.
1278 774 1423 827 Nam
1441 772 1590 843 quod
1610 773 1757 826 clare
1778 772 1839 826 in

245 875 391 925 textu
417 871 502 921 est
529 866 628 920 lib.
651 881 714 931 )1,
740 881 864 937 cap.
893 864 943 930 3,
968 864 1037 917 de
1058 861 1375 928 Michaelio,
1394 862 1532 915 illud
1551 862 1609 915 in
1628 861 1840 916 Hestiis

248 975 359 1013 esse
394 956 488 1010 ille
533 952 856 1027 ἐλεγλοποιὸς
890 953 1027 1007 dicit
1066 968 1191 1006 esse
1230 951 1290 1005 in
1329 950 1646 1016 Sosthenio,
1691 948 1841 1019 quod

248 1047 437 1103 Gillius
468 1045 550 1099 ait
579 1044 825 1115 amplius
851 1040 1235 1111 duodeviginti
1266 1040 1463 1095 stadiis
1491 1039 1625 1094 inde
1655 1056 1835 1093 remo-

249 1143 382 1191 tum.
414 1136 527 1189 Pro
549 1132 847 1188 Sosthenio
869 1132 1018 1203 apud
1043 1130 1414 1201 Stephanum,
1434 1129 1503 1183 de
1522 1128 1756 1183 urbibus
1784 1128 1843 1183 in

252 1227 290 1281 Γ
292 1223 596 1285 υναικόπολις
627 1227 715 1277 est
742 1222 1089 1276 Λεωσθέιειον.

312 1315 393 1368 Ne
406 1313 533 1384 quis
543 1328 709 1383 porro
721 1310 946 1365 lectoris
962 1312 1153 1365 animo
1178 1309 1476 1381 scrupulus
1493 1308 1738 1363 insideat
1757 1308 1843 1362 vel

249 1403 313 1458 ob
342 1401 588 1468 Baronii,
607 1401 694 1455 vel
724 1400 963 1455 aliorum
994 1399 1407 1465 auctoritatem,
1434 1398 1593 1452 Vitas
1608 1399 1843 1452 Patrum

250 1492 476 1563 Evagrio
492 1490 724 1545 Pontico
740 1489 1135 1555 asserentium,
1150 1488 1445 1558 subjiciam
1459 1487 1551 1542 hic
1568 1487 1842 1542 librorum

250 1581 466 1653 Evagrii
513 1580 866 1649 Catalogum,
914 1584 980 1633 ut
1020 1578 1068 1632 is
1109 1582 1294 1632 exstat
1333 1577 1483 1650 apud
1531 1578 1839 1644 Socratem,

250 1671 494 1737 Suidam,
528 1669 929 1740 Nicephorum,
963 1667 1339 1722 Gennadium.

314 1762 397 1816 Ita
423 1759 602 1830 igitur
631 1759 888 1814 Socrates
921 1774 1099 1829 supra
1126 1776 1138 1812 :
1175 1757 1355 1828 Τούτῳ
1390 1757 1470 1809 καὶ
1515 1757 1677 1826 βιϐλία
1719 1752 1843 1826 ἄγαν

1924 593 2130 657 dando,
2164 591 2409 646 auctoris
2437 590 2665 645 veritati
2691 589 2932 644 restitui.

1997 702 2020 733 ι
2053 681 2383 753 Composuit
2410 686 2467 735 et
2494 679 2790 734 coenobitis
2819 684 2876 733 et
2899 674 3174 749 synoditis
3205 671 3525 727 doctrinam

1922 777 2116 843 aptam
2147 770 2274 825 vita:
2304 770 2641 825 communis.

1999 879 2027 913 α
2050 861 2119 914 Et
2146 860 2216 913 ad
2245 859 2494 929 virgines
2523 860 2639 913 Deo
2666 862 2914 912 sacratas
2934 855 3186 909 libellum
3206 848 3531 922 competen-

1927 954 2042 1003 tem
2083 949 2346 1019 religioni
2376 955 2433 1002 et
2453 948 2628 1002 sexui.

2000 1056 2025 1090 «
2052 1038 2240 1092 Edidit
2262 1043 2319 1092 et
2349 1054 2557 1108 paucas
2588 1036 2974 1101 sententiolas,
2996 1034 3155 1087 valde
3186 1031 3449 1086 obscuras
3477 1033 3535 1082 et

1931 1128 2013 1198 (ut
2029 1127 2149 1198 ipse
2191 1127 2250 1181 in
2279 1127 2365 1180 his
2390 1126 2490 1195 ait)
2519 1126 2652 1180 solis
2698 1125 3102 1179 monachorum
3142 1120 3400 1175 cordibus
3436 1134 3531 1171 co-

1924 1216 2285 1287 gnoscibiles.
2314 1216 2464 1280 Quas
2484 1215 2744 1270 similiter
2772 1231 2877 1283 ego
2899 1212 3113 1268 Latinis
3142 1209 3347 1265 edidi.»

2000 1307 2127 1360 Non
2180 1306 2272 1359 hic
2319 1305 2491 1359 aﬂ'ero
2534 1321 2657 1375 qua:
2694 1305 2763 1357 de
2806 1303 3004 1357 eodem
3036 1300 3207 1355 habet
3244 1296 3529 1352 Honorius

1928 1395 2198 1465 Catalogo
2214 1411 2314 1449 suo
2335 1394 2616 1449 deillustr.
2645 1393 2902 1448 Ecclesiae
2922 1391 3191 1461 Scriptor.
3220 1428 3234 1455 ,
3260 1387 3353 1458 qui
3378 1387 3530 1439 Gen-

1926 1484 2159 1539 nadium
2186 1483 2497 1538 exscribere
2528 1482 2745 1549 solitus,
2787 1482 2957 1552 idque
2987 1478 3224 1534 subinde
3251 1474 3527 1541 mutilate,

1928 1580 1993 1628 ut
2014 1573 2211 1629 monui
2240 1573 2332 1626 hic
2360 1578 2697 1642 argumento
2727 1570 2998 1626 secundo.

2001 1663 2059 1717 Si
2089 1661 2358 1733 Evagrius
2388 1661 2589 1716 alicubi
2612 1665 2911 1715 tractasset
2942 1660 3011 1713 de
3041 1657 3187 1711 Vitis
3218 1657 3454 1710 Patrum
3475 1653 3534 1708 in

1927 1751 2115 1823 aliquo
2138 1751 2409 1806 librorum
2439 1750 2509 1805 ab
2538 1749 2861 1805 auctoribus
2883 1748 3068 1803 citatis
3090 1746 3527 1816 assignatorum,

251 1850 487 1902 σπουδαῖα
530 1849 915 1918 συγγέγραπται.
946 1845 1052 1899 τΩν
1098 1843 1156 1898 τὸ
1207 1844 1292 1916 μὲν
1344 1842 1608 1917 Μοναχὸς,
1653 1845 1682 1913 ἤ
1732 1845 1843 1914 περὶ

1948 1841 2086 1895 Valde
2117 1840 2297 1894 simile
2325 1856 2456 1895 vero
2488 1845 2575 1894 est
2604 1840 2752 1910 quod
2789 1840 2895 1893 hoc
2919 1836 3272 1909 praestitisset
3298 1833 3356 1887 in
3386 1831 3531 1886 libro

252 1943 507 2010 πρακτικῆς
538 1933 909 2007 ἐπιγέγραπται,
944 1932 1001 1988 τὸ
1027 1933 1081 1987 δὲ
1113 1935 1156 1989 Γ
1160 1932 1394 1996 νωστικός
1424 1935 1453 2001 ἢ
1484 1931 1568 1987 τὸν
1598 1933 1844 1996 καταξιω-

251 2029 384 2081 θέντα
407 2028 642 2097 γνώσεως
663 2025 806 2095 (lege
827 2042 893 2078 ex
914 2023 1108 2091 Suida,
1193 2024 1303 2094 περὶ
1325 2023 1424 2075 τῶν
1449 2022 1845 2086 καταξιωθέντων

250 2116 512 2185 γνώσεως),
546 2113 788 2183 κεφάλαια
817 2113 870 2165 δὲ
895 2111 1041 2165 αὐτοῦ
1067 2114 1384 2179 πεντήκοντα.
1419 2109 1496 2165 Τὸ
1525 2110 1598 2175 δὲ,
1643 2106 1847 2180 Ἀντιῤ-

255 2202 437 2276 parum};
482 2198 584 2255 ἀπὸ
632 2208 733 2255 τῶν
773 2203 916 2255 θείων
958 2208 1162 2273 γραφῶν
1209 2198 1331 2271 πρὸς
1377 2199 1488 2262 τοὺς
1528 2199 1847 2271 πειράζοντας

252 2294 502 2363 δαίμονας,
536 2288 585 2345 ἐν
624 2284 754 2345 ὀκτὼ
793 2292 1087 2363 διῃρημένον
1128 2292 1315 2361 μέρεσι,
1354 2289 1479 2341 κατὰ
1516 2286 1601 2342 τὸν
1640 2284 1845 2359 ἀριθμὸν

254 2388 345 2436 τῶν
395 2375 527 2434 ὁκτώ
574 2381 850 2451 λογισμῶν.
907 2380 1012 2433 Καὶ
1059 2378 1285 2442 ἑξακόσια
1331 2376 1675 2449 προγνωστικὰ
1718 2396 1846 2447 προ-

256 2473 476 2541 ϐλήματα
509 2490 523 2502 ο
561 2471 629 2522 ἔτι
659 2469 755 2539 μὴν
792 2469 872 2521 καὶ
901 2465 1117 2541 στιχηρᾶι
1144 2469 1251 2532 δύο,
1293 2470 1340 2520 ἓν
1371 2464 1493 2539 πρὸς
1523 2466 1633 2529 τοὺς
1661 2465 1709 2520 ἐν
1738 2485 1846 2519 κοι-

254 2557 424 2617 inﬁci;
459 2556 489 2623 ἣ
525 2553 574 2607 ἐν
605 2556 849 2615 συνοδίαις
889 2554 1141 2625 μοναχούς
1176 2573 1187 2585 ·
1216 2553 1296 2605 καὶ
1334 2555 1383 2605 ἓν
1425 2549 1548 2622 πρὸς
1588 2553 1675 2619 τὴν
1714 2572 1847 2623 παρ-

252 2647 377 2697 Θένον
411 2662 423 2696 :
461 2662 487 2695 cr
516 2642 670 2698 Libri
704 2642 776 2697 ab
814 2642 911 2698 illo
949 2647 1208 2697 accurate
1239 2642 1560 2712 conscripti,
1604 2658 1847 2712 quorum

252 2749 389 2787 unus
426 2732 750 2796 Monachus,
795 2731 909 2785 sive
963 2731 1033 2785 de
1079 2730 1298 2785 vivendi
1354 2731 1573 2784 ratione
1615 2747 1738 2801 quae
1785 2730 1846 2784 in

251 2821 463 2892 agendo
481 2822 756 2888 cernitur;
776 2821 922 2875 alter
949 2820 1268 2886 Gnosticus,
1299 2819 1414 2874 sive
1444 2820 1681 2874 scientia
1708 2836 1847 2891 prae-

251 2912 393 2966 ditus
406 2910 680 2965 dicendus
695 2910 787 2976 sit,
815 2909 874 2964 in
905 2926 1015 2981 quo
1043 2915 1177 2963 sunt
1208 2909 1392 2981 capita
1413 2909 1842 2980 quinquaginta,

254 3001 391 3055 alter
410 2999 849 3066 Antirrheticus,
900 2999 957 3053 id
988 3004 1091 3065 est,
1124 2999 1388 3053 adversus
1418 2999 1699 3053 daemones
1727 3004 1847 3053 ten-

253 3094 431 3145 tantes
465 3088 798 3155 confutatio,
843 3104 907 3141 ex
937 3088 1111 3142 sacris
1140 3088 1368 3142 Litteris
1395 3088 1646 3155 collecta,
1675 3088 1847 3159 inque

1928 1931 1998 1985 de
2026 1930 2314 1984 Monachis
2342 1948 2354 1997 ;
2390 1946 2520 1983 nam
2551 1929 2750 1983 titulus
2780 1929 2874 1982 ille
2898 1928 2958 1981 in
2983 1943 3106 1981 eam
3138 1942 3259 1979 rem
3288 1922 3533 1977 maxime

1929 2019 2187 2091 quadrat;
2197 2019 2399 2088 reliqui
2410 2018 2561 2072 enim
2579 2018 2729 2071 aliud
2746 2017 3073 2088 promittere
3086 2014 3349 2075 videntur
3360 2028 3531 2082 quam

1928 2108 2088 2162 Vitas
2117 2109 2371 2173 Patrum,
2402 2107 2671 2161 videlicet
2707 2106 2983 2160 didactica
3012 2104 3288 2175 qumdam,
3322 2106 3379 2155 et
3407 2116 3531 2154 sen-

1928 2197 2271 2252 tentias.Sed
2284 2197 2424 2251 nihil
2436 2197 2694 2251 Vitarum
2709 2196 2768 2249 in
2788 2194 2930 2248 libro
2949 2194 3016 2247 de
3037 2191 3315 2247 Monachis
3338 2189 3530 2255 fuisse,

1929 2287 2115 2357 colligi
2135 2292 2322 2358 potest
2338 2304 2405 2341 ex
2424 2285 2676 2357 reliquiis
2698 2285 2845 2357 apud
2868 2286 3157 2338 Socratem
3180 2286 3236 2335 et
3252 2279 3532 2350 Nicepho-

1929 2393 2078 2445 rum,
2099 2393 2222 2447 quaz
2246 2381 2470 2430 tantum
2494 2374 2735 2429 morales
2766 2374 3037 2445 quasdam
3057 2370 3455 2425 instructiones
3476 2373 3534 2422 et

1930 2465 2237 2519 sententias
2266 2465 2573 2531 continent,
2608 2481 2748 2534 quas
2787 2480 2888 2517 suo
2928 2463 3048 2515 loco
3088 2458 3270 2514 verbis
3304 2456 3528 2527 Evagrii

1929 2554 2207 2621 dabimus,
2252 2555 2346 2608 ubi
2368 2555 2577 2609 eadem
2600 2554 2706 2607 illa:
2722 2552 3012 2606 sententia}
3033 2550 3182 2621 apud
3204 2546 3530 2602 alioruinli-

1929 2644 2160 2699 brorum
2188 2644 2258 2698 de
2286 2644 2429 2698 Vitis
2461 2642 3077 2713 Patruminterpretem
3111 2637 3335 2707 Evagrii
3360 2653 3418 2690 se
3434 2652 3531 2690 no-

1927 2732 2080 2788 mine
2111 2733 2369 2804 prodent.

1928 2832 2083 2905 §VI.
2126 2835 2416 2887 Auctorem
2460 2832 2641 2885 videri
2678 2833 2951 2886 Joannem
2994 2829 3531 2895 Jcrosolymitanum

2560 2906 2803 2971 cpiscopu
2815 2918 2885 2954 m.

2002 3001 2278 3056 Henricus
2307 3000 2563 3067 Gravius,
2592 3000 2742 3054 notis
2762 3000 2832 3053 ad
2855 2999 3153 3069 epistolam
3183 2996 3295 3057 divi
3330 2996 3529 3050 Hiero-

1932 3091 2087 3164 nymi
2118 3091 2188 3145 ad
2219 3090 2662 3161 Ctesiphontem,
2697 3106 2822 3143 cuin
2846 3088 2980 3142 dicit
3001 3088 3149 3141 hunc
3175 3086 3381 3140 librum
3413 3101 3527 3139 non

255 3184 370 3233 octo
397 3183 591 3250 partes
602 3176 798 3244 divisa,
818 3193 1053 3231 numero
1074 3183 1198 3231 octo
1219 3177 1621 3247 cogitationum
1640 3178 1846 3233 mentis
1863 3191 1911 3254 ο
1933 3197 2056 3235 esse
2081 3180 2410 3252 Hieronymi
2445 3180 2527 3233 vel
2554 3178 2784 3233 Joannis
2814 3176 3289 3248 Jcrosolymitani,
3312 3175 3536 3229 videtur

254 3272 448 3321 nostrae
491 3272 625 3337 apte
660 3264 1077 3337 respondentia.
1112 3267 1385 3320 Sexcenta
1413 3272 1687 3337 praeterea
1713 3284 1846 3339 pro-

256 3355 494 3411 blemata
506 3355 580 3410 de
592 3371 782 3409 rerum
802 3355 1175 3426 praesensione
1188 3354 1526 3410 futurarum.
1562 3357 1661 3411 His
1689 3373 1848 3412 acce-

254 3446 387 3500 dunt
406 3445 519 3501 duo
546 3444 862 3499 carminum
887 3443 1014 3498 libri
1036 3463 1047 3499 :
1083 3460 1228 3499 unus
1248 3445 1319 3499 ad
1340 3446 1643 3499 monachos
1665 3447 1761 3517 qui
1789 3446 1849 3501 in

257 3535 515 3589 coenobiis
548 3539 609 3589 et
651 3533 1012 3589 conventibus
1054 3538 1277 3588 aetatem
1324 3535 1557 3605 degunt,
1599 3536 1743 3591 alter
1778 3537 1849 3591 ad

256 3624 592 3695 virginem.»
643 3623 778 3689 Quae
829 3622 1027 3677 eadem
1056 3622 1127 3676 ad
1183 3622 1416 3678 verbum
1470 3624 1645 3679 habes
1700 3627 1851 3697 apud

259 3713 482 3768 Suidam
510 3712 572 3767 in
608 3711 890 3783 Μακάριος,
924 3717 982 3767 et
1017 3712 1167 3784 apud
1206 3713 1606 3785 Nicephorum,
1638 3715 1734 3772 lib.
1771 3731 1847 3785 x1,

260 3817 372 3873 cap.
403 3800 494 3859 4‘2.

325 3891 652 3946 Gennadius
680 3905 811 3944 vero
844 3890 913 3944 de
951 3890 1263 3945 illustribus
1292 3892 1549 3948 Ecclesiae
1599 3895 1850 3966 Scripto-

260 3979 424 4048 ribus,
454 3997 581 4052 cap.
620 3977 681 4036 11
708 3995 720 4032 :
743 3998 766 4029 ι
797 3979 1069 4049 Evagrius
1082 3981 1389 4036 monachus
1409 3983 1712 4054 supradicti
1738 3986 1853 4039 Ma-

262 4069 390 4123 carii
426 4068 710 4141 ((Egyptii)
743 4068 1036 4123 familiaris
1064 4070 1387 4142 discipulus,
1449 4072 1635 4127 divina
1682 4080 1851 4145 atque

263 4158 505 4213 humana
531 4158 857 4213 litteratura
887 4157 1144 4229 insignis.
1180 4160 1354 4230 Cujus
1382 4160 1554 4216 etiam
1586 4162 1729 4217 liber
1756 4164 1853 4235 qui

264 4248 583 4303 attitulatur
628 4249 754 4302 Vitae
796 4250 1048 4315 Patrum,
1082 4249 1240 4303 velut
1280 4250 1750 4307 continentissimi
1798 4259 1855 4308 et

264 4336 627 4393 eruditissimi
649 4337 753 4391 viri
778 4336 894 4408 [xx]
911 4337 1253 4393 mentionem
1270 4338 1421 4406 facit,
1438 4341 1659 4413 scripsit
1676 4343 1856 4397 multa

265 4427 547 4483 monachis
570 4426 910 4493 necessaria,
943 4444 1010 4481 ex
1039 4427 1239 4499 quibus
1260 4429 1370 4483 ista
1405 4436 1567 4485 sunt:

1928 3270 2164 3325 innuere
2189 3269 2359 3324 fuisse
2386 3268 2606 3339 aliquos
2640 3268 2699 3321 in
2727 3284 2795 3321 ea
2824 3266 3123 3331 sententia,
3155 3271 3221 3319 ut
3248 3264 3530 3318 existima-

1928 3360 2113 3414 verint
2160 3360 2436 3414 Joannem
2468 3356 3005 3429 Jerosolymitanum
3040 3355 3244 3409 harum
3270 3353 3532 3408 Vitarum

1932 3466 2053 3505 esse
2075 3455 2385 3503 auctorem.

2004 3539 2111 3603 Qui
2140 3539 2244 3592 hoc
2292 3537 2565 3592 sentirent
2606 3553 2719 3591 non
2753 3535 2882 3607 legi,
2934 3551 3107 3607 quare
3154 3550 3257 3588 nec
3286 3533 3536 3588 rationes

1934 3644 2129 3683 eorum
2163 3628 2412 3682 divinare
2442 3643 2691 3698 possum.
2714 3627 2851 3680 Fors
2882 3625 3097 3679 inducti
3134 3624 3290 3678 fuere
3320 3623 3378 3677 in
3408 3640 3534 3677 eam

1934 3717 2257 3789 Opinionem
2288 3717 2357 3770 de
2380 3718 2615 3781 Joanne,
2645 3714 2778 3786 quia
2806 3715 2897 3769 hic
2915 3714 3054 3767 libro
3074 3729 3149 3780 IV,
3172 3730 3294 3784 cap.
3330 3713 3416 3779 35,
3438 3729 3540 3767 au-

1934 3812 2054 3861 ctor
2082 3807 2151 3859 de
2180 3806 2471 3860 Theodoro
2502 3804 2703 3858 abbate
2743 3804 2910 3857 dicit:
2953 3822 2978 3855 «
2999 3803 3233 3873 Meoque
3264 3818 3353 3855 me
3388 3799 3528 3873 [xm]

1933 3894 2183 3949 vocitans
2227 3894 2454 3948 nomine
2486 3892 2662 3947 dixit:
2708 3892 2935 3958 Quanti,
2968 3891 3171 3963 inquit,
3206 3907 3238 3945 o
3267 3892 3531 3955 Joannes,

1933 3984 2003 4038 de
2024 3984 2139 4039 Deo
2168 3983 2541 4054 loquuntur?»
2578 3999 2751 4053 quare
2782 3998 2912 4035 eum
2941 3983 3213 4035 Joannem
3244 3979 3534 4033 existima-

1933 4074 2118 4128 verint
2148 4072 2522 4144 quorumdam
2542 4071 2813 4126 librorum
2830 4071 2899 4125 de
2920 4071 3063 4124 Vitis
3091 4072 3323 4124 Patrum
3345 4074 3535 4123 aucto-

1934 4179 2073 4218 rem.
2106 4162 2265 4227 Quod
2281 4167 2468 4216 autem
2494 4160 3027 4233 Jerosolymitanum
3047 4160 3137 4215 hic
3154 4159 3339 4231 potius
3368 4175 3538 4229 quam

1937 4253 2190 4325 quemvis
2218 4252 2392 4307 alium
2426 4251 2824 4317 intellexerint,
2876 4267 2945 4305 ea
2986 4266 3155 4305 causa
3180 4266 3302 4304 esse
3330 4249 3534 4320 potuit,

1938 4342 2089 4414 quod
2105 4342 2250 4397 liber
2262 4342 2491 4413 quidam
2506 4341 2575 4395 de
2592 4340 2842 4395 asceticis
2864 4340 3290 4394 circumferatur
3303 4338 3537 4393 Joannis

1936 4431 2392 4504 Jerosolymitani
2410 4430 2656 4497 nomine,
2680 4430 2776 4502 qui
2802 4430 2881 4484 eis
2901 4428 3275 4501 suspicionem
3304 4428 3537 4499 ingene-

332 4533 358 4569 ι
381 4517 697 4572 Adversum
713 4521 835 4571 octo
852 4516 1247 4589 principalium
1260 4518 1521 4575 vitiorum
1545 4521 2068 4616 suggestio-Drare
2110 4522 2296 4593 potuit
2322 4521 2585 4575 eumdem
2628 4536 2750 4575 esse
2787 4536 2912 4575 cum
2962 4535 3027 4574 eo
3059 4519 3219 4589 cujus
3255 4516 3398 4573 libro
3442 4517 3540 4571 illo

265 4621 374 4673 nes,
409 4623 550 4679 quas
587 4609 688 4661 aut
718 4605 934 4677 primus
958 4606 1216 4674 advertit,
1238 4613 1338 4663 aut
1360 4608 1510 4663 inter
1538 4611 1749 4681 primos
1777 4610 1860 4665 di-

265 4694 410 4764 dicit,
452 4712 520 4751 ex
539 4694 641 4752 SS.
677 4694 1096 4767 Scripturarum
1118 4696 1457 4773 testimoniis
1498 4699 1759 4771 opposuit
1788 4700 1859 4754 li-

270 4783 422 4854 bros;
452 4784 524 4841 ad
545 4784 975 4840 similitudinem
995 4784 1255 4841 videlicet
1275 4787 1519 4856 Domini,
1554 4789 1649 4861 qui
1682 4795 1863 4845 tenta-

267 4875 370 4930 tori
385 4892 487 4932 suo
518 4890 742 4947 semper
771 4874 1192 4947 Scripturarum
1218 4877 1559 4933 testimoniis
1590 4878 1852 4948 obviavit,

267 4962 345 5019 ita
370 4971 436 5020 ut
480 4981 831 5037 unaquaeque
878 4965 1092 5036 species
1126 4966 1213 5020 vel
1258 4966 1484 5035 diaboli,
1518 4969 1604 5024 vel
1653 4970 1857 5026 vitiata:

269 5060 479 5111 natura;
497 5054 924 5127 suggestionum
954 5060 1151 5110 contra
1173 5072 1232 5111 se
1260 5055 1495 5113 haberet
1513 5059 1857 5115 testimonia.

273 5142 422 5209 Quod
440 5161 584 5217 opus
611 5144 809 5199 eadem
824 5144 1202 5216 simplicitate,
1227 5162 1339 5219 qua
1356 5146 1412 5202 in
1436 5148 1629 5205 Graeco
1651 5148 1859 5219 inveni,

266 5233 452 5304 jussus
478 5234 539 5290 in
559 5234 821 5294 Latinum
848 5235 1132 5290 transtuli.

343 5342 366 5376 ι
397 5324 728 5397 Composuit
746 5328 804 5380 et
830 5324 1182 5382 anachoretis
1210 5326 1541 5400 simpliciter
1554 5329 1864 5386 viventibus

273 5411 470 5471 librum
494 5418 720 5471 centum
735 5415 1163 5485 sententiarum,
1182 5433 1283 5489 per
1302 5418 1550 5491 capitula
1560 5419 1860 5492 digestum.

342 5522 367 5557 ι
403 5504 473 5560 Ει
502 5504 744 5561 eruditis
757 5505 1098 5561 acstudiosis
1123 5507 1536 5580 quinquaginta
1562 5511 1866 5567 sententia-

274 5606 412 5662 rum,
431 5609 600 5666 quem
629 5609 733 5667 ego
760 5593 1027 5650 Latinum
1053 5595 1272 5669 primus
1285 5597 1409 5654 feci.
1441 5600 1589 5656 Nam
1608 5599 1864 5674 superio-

276 5696 390 5741 rem
413 5682 550 5743 olim
574 5684 932 5758 translatum,
958 5685 1091 5761 quia
1120 5686 1382 5753 vitiatum
1400 5707 1506 5765 per
1550 5695 1776 5768 tempus
1806 5697 1864 5751 et

1942 4616 2144 4683 quarto
2175 4612 2241 4665 ﬁt
2268 4611 2502 4665 mentio.

2014 4700 2123 4756 Sed
2150 4717 2252 4755 nec
2268 4698 2396 4754 libri
2425 4699 2579 4754 illius
2607 4698 2812 4770 quarti,
2845 4714 2948 4753 nec
2976 4697 3146 4768 hujus
3172 4694 3402 4751 secundi
3432 4711 3535 4751 au-

1944 4795 2065 4847 ctor
2092 4795 2178 4845 est
2204 4791 2448 4845 Joannes
2473 4788 2995 4860 Jerosolymitanus.
3015 4787 3149 4852 Quae
3166 4786 3316 4841 enim
3334 4785 3543 4840 haben-

1944 4884 2041 4935 tur
2068 4879 2212 4935 libro
2231 4897 2282 4934 1v
2297 4920 2311 4948 ,
2334 4896 2455 4952 cap.
2480 4878 2566 4946 35,
2592 4878 2889 4950 desumpta
2906 4883 3041 4933 sunt
3060 4894 3124 4932 ex
3154 4878 3370 4932 Joanne
3400 4877 3536 4932 Cas-

1947 4970 2125 5037 siano,
2146 4969 2244 5024 lib.
2268 4986 2303 5025 v
2327 4969 2599 5036 Institut.,
2633 4984 2755 5041 cap.
2788 4967 2947 5035 35,ex
2966 4984 3075 5040 quo
3096 4972 3153 5022 et
3178 4968 3381 5022 Severo
3407 4966 3535 5020 Sul-

1943 5060 2089 5132 picio
2117 5064 2272 5114 totus
2292 5060 2387 5114 ille
2420 5060 2563 5114 liber
2582 5063 2876 5116 contextus
2905 5063 3009 5125 est,
3035 5063 3102 5113 ut
3128 5056 3205 5112 ibi
3227 5055 3542 5112 ostendam.

1943 5150 2104 5205 Unde
2132 5154 2190 5204 et
2216 5150 2318 5204 Ms.
2350 5150 2641 5206 Laetiensis
2668 5150 2852 5221 major
2880 5154 3081 5220 quarto
3109 5147 3252 5203 libro
3270 5148 3545 5202 Joannem

1946 5239 2277 5296 Cassianum
2305 5239 2564 5312 praeﬁgit.

1944 5329 2086 5405 §VII
2095 5332 2151 5385 .A
2162 5336 2404 5385 actorem
2416 5332 2596 5385 videri
2610 5332 2933 5386 Petronium
2946 5330 3204 5385 Bononia:
3218 5329 3519 5396 episcopum
3530 5366 3543 5381 .

2018 5420 2345 5475 Gennadius
2377 5420 2507 5491 (non
2537 5420 2937 5493 Hieronymus,
2979 5425 3041 5475 ut
3072 5434 3184 5473 non
3212 5421 3364 5471 recte
3394 5416 3547 5489 apud

1945 5510 2314 5579 Antoninum,
2342 5514 2490 5583 part.
2514 5508 2568 5579 2,
2603 5510 2691 5565 tit.
2724 5509 2805 5577 ll,
2834 5496 2954 5581 cap.
2984 5508 3070 5584 Li.
3103 5506 3131 5580 §
3163 5508 3211 5577 5)
3243 5506 3313 5561 de
3341 5507 3545 5562 illustr.

1947 5601 2208 5658 Ecclesiae
2224 5600 2513 5675 Scriptor.,
2535 5618 2657 5673 cap.
2683 5598 2774 5667 41,
2794 5598 3124 5655 Petronium
3146 5598 3411 5653 Bononia:
3422 5598 3544 5670 epi-

1947 5708 2181 5767 scopum
2206 5691 2336 5751 libri
2351 5691 2523 5765 hujus
2553 5696 2841 5750 auctorem
2862 5704 2965 5747 suo
2985 5692 3238 5763 tempore
3269 5688 3547 5746 existima-
