3958 6394
407 347 470 406 31
1313 355 1392 410 IN
1428 353 1638 410 VITAS
1675 349 1972 410 PATRUM
2008 351 2551 410 PROLEGOMENA
2587 354 2781 410 XXVI.
3605 349 3678 409 3‘2

402 480 530 529 tum
556 477 753 532 refert:
787 498 813 532 α
843 477 1157 544 Petronius,
1192 477 1290 544 ait,
1334 477 1700 532 Bononiensis
1742 478 1997 532 Ecclesiae
2015 479 2060 538 A
2081 483 2344 548 trumque
2374 479 2530 532 Vitas
2548 477 2852 548 insignium
2871 477 3229 534 veracissimo
3255 475 3476 548 eloquio
3497 474 3680 530 texuit

405 565 717 638 episcopus,
736 568 820 621 vir
835 573 1038 622 sanctae
1053 567 1195 634 vitae,
1217 573 1274 622 et
1292 567 1691 622 monachorum
1712 567 1910 621 studiis
1930 567 2000 621 ab
2083 567 2384 621 historiis.»
2417 569 2744 638 Respondeo
2765 569 3050 623 Gelasium
3079 573 3304 622 tantum
3333 581 3586 620 asserere
3615 581 3677 618 se

405 655 781 711 adolescentia
799 659 1153 724 exercitatus,
1175 657 1461 728 scripsisse
1481 662 1712 728 putatur
1724 657 1881 710 Vitas
1903 658 2004 711 Pa-
2086 657 2238 710 omni
2266 674 2390 711 cum
2413 657 2625 710 honore
2657 658 2910 712 omnium
2938 657 3303 712 eremitarum
3331 655 3510 719 Vitas,
3535 669 3678 725 quas

404 749 558 798 trum
583 747 984 801 monachorum
1011 747 1256 818 I/Egypti,
1281 764 1420 818 quas
1448 748 1600 800 velut
1619 747 1906 818 speculum
1935 763 2000 802 ac

404 849 660 889 normam
691 836 1054 906 professionis
1082 854 1196 890 sua:
1226 836 1486 890 monachi
1515 836 1948 907 amplectuntur.
1971 856 1998 889 ι)

410 923 628 977 Similia
656 923 825 978 habet
837 925 1120 979 Honorius
1142 925 1664 994 Augustodunensis
1684 925 1992 996 episcopus;

405 1011 730 1067 Vincentius
745 1014 1112 1080 Belvacensis,
1128 1015 1186 1068 in
1209 1015 1446 1085 Speculo
1469 1014 1877 1080 Historiali,lib.
1901 1029 1989 1079 xx,

404 1116 526 1171 cap.
553 1099 650 1167 ‘25;
687 1102 1210 1169 Mombritius,tom.
1235 1105 1286 1158 II
1315 1103 1384 1156 de
1413 1102 1556 1157 Vitis
1584 1109 1997 1166 sanctorum,et

401 1189 744 1245 Trithemius
765 1191 822 1244 in
845 1193 1110 1262 Catalago
1132 1191 1600 1246 illustr.Ecclesia3
1622 1192 1991 1263 Scriptorum.

476 1279 593 1333 Nec
613 1279 838 1334 aliunde
868 1297 1035 1350 quam
1057 1297 1123 1334 ex
1153 1281 1444 1335 Gennadio
1465 1281 1720 1335 existimo
1741 1282 1997 1353 deprom-

403 1372 502 1440 pta
531 1385 654 1439 quae
675 1368 954 1424 habentur
981 1369 1039 1424 in
1061 1370 1190 1424 Vita
1210 1371 1390 1424 sancti
1403 1370 1670 1434 Petronii,
1696 1371 1725 1424 4
1743 1370 1992 1438 Octobr.,

405 1455 558 1510 Petri
588 1457 857 1512 Galesinii
886 1458 1164 1513 industria
1195 1459 1544 1526 concinnata,
1570 1466 1631 1515 ut
1648 1459 1765 1530 ipse
1787 1460 1996 1514 fatetur

406 1545 789 1601 notationibus
825 1547 940 1601 suis
983 1548 1053 1601 ad
1093 1548 1576 1618 Martyrologium,
1617 1549 1748 1603 licet
1781 1548 1992 1618 Sigonii

405 1635 632 1689 nomine
678 1636 826 1707 apud
869 1636 1098 1691 Surium
1139 1642 1290 1692 tomo
1328 1638 1375 1690 V
1405 1643 1614 1692 exstet:
1653 1656 1678 1688 «
1712 1639 1906 1708 Itaque
1935 1638 1993 1692 in

403 1724 708 1795 [Egyptum
721 1725 892 1791 venit,
924 1725 1020 1779 ubi
1046 1726 1105 1780 in
1124 1726 1381 1780 intimam
1397 1743 1645 1780 eremum
1668 1733 1988 1797 penetrans,

2084 746 2306 816 scripsit
2335 745 2532 800 beatus
2551 747 2927 818 Hieronymus
2945 746 3363 817 suscipere,non
3379 749 3571 798 tamen
3591 743 3676 797 in-

2083 835 2152 888 de
2164 835 2476 889 necessario
2496 835 2693 889 deduci
2709 841 2891 906 potest
2905 852 3031 889 eum
3045 834 3294 888 omnium
3310 833 3674 888 eremitarum

2079 923 2236 976 Vitas
2263 924 2571 994 scripsisse.
2593 924 2828 995 Scripsit
2856 929 3430 995 prarterenumeratas
3447 922 3673 975 disertis

2079 1012 2397 1066 nominibus
2415 1014 2770 1084 (exceptailla
2782 1013 3159 1084 Antonii,quze
3183 1030 3248 1066 ex
3261 1011 3512 1066 versione
3536 1010 3676 1065 Eva-

2079 1101 2187 1171 grii
2215 1102 2547 1155 Antiocheni
2578 1109 2684 1167 est,
2718 1108 2782 1156 ut
2808 1103 2996 1156 videre
3010 1109 3096 1156 est
3116 1103 3171 1156 in
3201 1099 3582 1156 notationibus
3599 1099 3674 1153 ad

2078 1207 2203 1244 eam
2243 1191 2470 1260 Vitam),
2501 1191 2686 1244 Vitam
2721 1192 2912 1245 Malchi
2943 1191 3148 1262 captivi
3179 1190 3454 1256 monachi,
3489 1189 3674 1244 forset

2078 1279 2320 1334 aliorum
2349 1281 2740 1350 quorumdam,
2790 1281 2859 1334 de
2890 1281 3092 1351 quibus
3131 1281 3279 1335 hunc
3307 1279 3519 1351 liquide
3551 1295 3669 1334 non

2077 1374 2313 1423 constat.
2340 1370 2524 1434 Quare
2546 1377 2697 1424 recte
2737 1370 2797 1424 in
2825 1371 2998 1424 veteri
3026 1370 3122 1424 illa
3142 1370 3269 1422 Vita
3289 1368 3496 1423 dicitur
3522 1369 3666 1422 scri-

2075 1458 2251 1529 psisse
2289 1485 2305 1506 ι
2334 1459 2566 1513 Patrum
2589 1460 2745 1513 Vitas
2763 1459 3090 1529 insignium,
3116 1458 3296 1530 qualis
3328 1458 3556 1526 Paulus,
3576 1457 3673 1512 Hi-

2076 1546 2274 1612 larion,
2310 1548 2579 1614 Malchus,
2611 1567 2632 1598 ι
2659 1555 2766 1602 etc.

2146 1636 2280 1689 Fors
2313 1635 2619 1690 editoribus
2633 1637 2900 1691 aGelasio
2911 1637 3042 1690 data
3055 1641 3139 1690 est
3159 1635 3392 1701 occasio,
3412 1639 3476 1688 ut
3487 1635 3673 1689 hacte-

2075 1741 2180 1777 nus
2195 1724 2520 1796 Iiieronymi
2533 1725 2888 1796 potissimum
2905 1727 3130 1780 titulum
3145 1725 3520 1780 VitisPatrum
3535 1740 3673 1795 pran-

405 1811 754 1881 singulorum
775 1815 1049 1884 colloquio
1083 1815 1167 1868 uti
1198 1831 1310 1869 non
1338 1815 1574 1879 destitit,
1607 1795 1790 1885 quoad
1829 1795 2056 1886 planeB
2074 1812 2316 1867 ﬁxerint.
2351 1795 2453 1867 cui
2475 1795 2645 1867 etilla
2665 1815 2930 1868 accedere
2952 1813 3312 1886 po_tuit,quod
3331 1813 3392 1866 in
3411 1812 3673 1883 Mss.qui-

404 1901 666 1968 cognovit
685 1909 874 1956 sancta
905 1920 1101 1958 eorum
1127 1903 1268 1958 Vitae
1299 1903 1576 1958 instituta.
1602 1904 1737 1958 Inde
1763 1905 1993 1958 domum

403 2006 658 2044 reversus
678 1991 830 2045 illam
847 1991 1197 2063 disciplinam
1227 1998 1345 2047 tam
1373 1994 1734 2048 vehementer
1761 1993 1990 2058 amavit,

405 2086 470 2133 ut
496 2080 813 2134 litterarum
858 2083 1239 2136 monumentis
1272 2082 1570 2137 tradiderit
1597 2083 1997 2136 Monachorum

402 2167 579 2235 Vitas,
620 2185 759 2238 quas
789 2169 1048 2238 religiose
1071 2170 1412 2241 conscriptas
1449 2170 1713 2241 valdeque
1734 2170 1995 2241 probatas

405 2255 576 2310 iidem
620 2259 882 2313 monachi
919 2259 1160 2329 amplexi
1200 2264 1350 2322 sunt,
1406 2259 1563 2328 quasi
1609 2265 1790 2313 certas
1834 2275 1997 2329 quas-

403 2345 530 2400 dam
565 2347 804 2415 regulas,
827 2347 885 2401 in
914 2346 1117 2417 quibus
1147 2347 1386 2401 maxime
1417 2348 1662 2402 eluceret
1692 2347 1872 2401 omnis
1903 2364 1997 2418 op-

401 2434 544 2489 tima
569 2435 1121 2490 monasticiinstituti
1150 2436 1236 2490 sui
1269 2435 1466 2490 ratio.)
1487 2437 1542 2490 Si
1574 2442 1764 2490 tamen
1785 2437 1901 2490 haec
1929 2453 1996 2490 ex

397 2523 679 2578 veteribus
707 2525 1086 2580 monumentis
1113 2525 1448 2580 adumbrata
1469 2531 1619 2588 sunt,
1637 2541 1746 2578 non
1770 2542 1834 2578 ex
1852 2527 1998 2580 Gen-

401 2611 589 2678 nadio,
611 2613 718 2667 erit
746 2613 848 2667 hoc
869 2614 1174 2668 secundum
1198 2630 1298 2684 pro
1329 2614 1432 2669 hac
1447 2615 1729 2668 sententia
1748 2615 1997 2668 testimo-

401 2701 582 2758 nium.

473 2790 614 2855 Quia
632 2795 819 2845 tamen
839 2792 1164 2846 Gennadius
1181 2791 1284 2857 ait,
1299 2798 1535 2860 putatur
1564 2795 1858 2860 scripsisse,
1883 2809 1995 2846 non

406 2879 634 2933 omnino
664 2887 879 2934 certum
901 2887 987 2934 est
1014 2897 1142 2934 eum
1171 2881 1327 2934 Vitas
1354 2882 1585 2934 Patrum
1598 2881 1900 2952 scripsisse.
1929 2881 1996 2936 Et

400 2974 465 3023 ut
492 2969 709 3039 aliquas
740 2970 1044 3041 scripserit,
1077 2976 1225 3025 certe
1254 2971 1354 3024 has
1375 2969 1444 3024 ab
1484 2987 1549 3024 eo
1577 2987 1687 3025 non
1709 2988 1830 3024 esse
1855 2971 1996 3025 scri-

401 3064 545 3128 ptas,
561 3059 802 3112 evidenti
823 3059 934 3113 divi
964 3059 1292 3130 Hieronymi
1320 3059 1640 3114 testimonio
1672 3061 1994 3131 Iirmaripo-

2076 1899 2314 1956 busdam
2343 1902 2632 1973 praemissa
2659 1903 2830 1956 fuerit
2859 1903 2990 1956 Vita
3005 1903 3261 1973 quaedam
3282 1908 3434 1956 certo
3451 1900 3520 1954 ab
3544 1901 3672 1955 Hie-

2077 2007 2310 2060 ronymo
2332 1992 2662 2061 conscripta,
2683 1997 2741 2045 et
2769 1998 2894 2062 post
2919 1991 3069 2044 idem
3104 1991 3429 2062 Hieronymi
3451 2006 3672 2056 ,nomen

2080 2079 2307 2149 reliquis
2339 2080 2704 2150 sequentibus
2735 2081 2889 2134 libris
2920 2079 3307 2153 applicuerint,
3342 2085 3400 2134 ut
3426 2080 3495 2133 de
3526 2080 3672 2133 Eva-

2076 2167 2200 2236 grio
2223 2169 2570 2222 Antiocheno
2594 2170 2696 2222 hoc
2725 2169 2846 2240 ipso
2885 2171 3280 2240 prolegomeno
3314 2168 3414 2240 4,§
3442 2169 3492 2233 4,
3527 2167 3672 2221 dixi-

2079 2273 2222 2310 mus.
2257 2258 2472 2312 Sanein
2501 2259 2603 2311 Ms.
2629 2258 2887 2312 Laetiensi
2911 2258 3316 2328 minoreprimo
3333 2256 3560 2328 ponitur
3578 2256 3674 2311 Hi-

2077 2345 2305 2399 larionis
2345 2346 2472 2400 Vita
2510 2364 2609 2417 per
2645 2347 2833 2400 divum
2873 2347 3279 2418 Ilieronymum
3317 2346 3670 2417 conscripta,

2076 2435 2207 2488 inde
2237 2435 2378 2489 Vita)
2408 2436 2656 2502 Patrum,
2687 2453 2786 2490 seu
2815 2435 2954 2489 liber
2979 2436 3066 2489 hic
3092 2435 3368 2489 secundus
3385 2452 3511 2489 cum
3530 2435 3668 2489 duo-

2077 2523 2180 2577 bus
2201 2524 2562 2594 sequentibus
2583 2525 2948 2578 subnectitur.

2147 2613 2247 2665 Vel
2275 2619 2423 2666 certe
2452 2630 2561 2666 non
2592 2614 2866 2666 absonum
2897 2613 3003 2666 erit
3017 2613 3200 2666 dicere
3223 2613 3508 2668 Gelasium
3539 2632 3666 2669 cen-

2077 2701 2252 2754 suisse
2270 2701 2427 2755 Vitas
2443 2703 2674 2756 Patrum
2696 2701 2765 2755 ab
2788 2703 3129 2772 Hieronymo
3155 2703 3510 2772 compositas,
3535 2721 3668 2758 cum

2071 2791 2191 2860 jam
2213 2790 2345 2844 olim
2377 2807 2440 2843 ea
2460 2791 2650 2861 Opinio
2672 2790 2928 2844 videatur
2957 2791 3275 2844 invaluisse.
3293 2793 3457 2846 Certe
3485 2793 3672 2846 Grmci

2075 2878 2223 2932 hunc
2235 2879 2540 2932 secundum
2554 2878 2756 2932 librum
2770 2879 2962 2933 eLatio
2977 2880 3307 2934 inGraiciam
3321 2881 3676 2936 deduxerunt

2078 2968 2588 3039 [xxm]llieronymi
2606 2967 2850 3033 nomine,
2871 2971 3031 3038 cujus
3053 2976 3271 3040 partem
3292 2970 3544 3024 Graecam
3560 2987 3668 3025 nu-

2076 3072 2178 3127 per
2205 3057 2391 3127 accepi
2414 3057 2682 3122 Venetiis;
2709 3063 2765 3111 et
2785 3058 2844 3111 in
2864 3060 3194 3127 Augustana
3210 3075 3431 3129 quoque
3461 3059 3670 3114 Biblio-

400 3153 528 3208 test,
563 3147 658 3218 qui
690 3165 785 3202 eas
814 3149 977 3203 alteri
1011 3149 1256 3216 ascribit,
1295 3149 1374 3204 uti
1403 3149 1615 3203 clarum
1651 3150 1744 3203 fiet
1772 3149 1800 3220 §
1837 3147 1918 3206 10.
2011 3184 2054 3244 C
2075 3145 2238 3199 theca
2259 3146 2540 3216 quoddam
2571 3147 2859 3217 Διηγήσεως
2887 3147 2956 3201 de
2976 3147 3117 3200 Vitis
3140 3148 3370 3202 Patrum
3390 3147 3674 3218 fragmen-

472 3237 540 3290 Et
553 3237 774 3307 quidem
798 3238 1119 3308 Alphonsus
1131 3238 1345 3304 Ciacco,
1362 3243 1605 3292 tractatu
1624 3239 1704 3292 De
1726 3238 1838 3292 divi
1866 3238 1994 3293 Hie-

402 3325 624 3396 ronymi
646 3327 997 3381 cardinalitio
1021 3328 1173 3398 [xxn]
1212 3327 1328 3382 hinc
1349 3327 1486 3382 citat
1519 3344 1583 3381 ex
1610 3345 1712 3382 ms.
1746 3333 1995 3382 tractatu

399 3413 646 3468 Petronii
686 3415 754 3468 de
785 3417 1004 3470 selectis
1046 3417 1143 3471 SS.
1187 3417 1418 3470 Patrum
1447 3417 1988 3487 Apophthegmatis:

405 3521 430 3554 ι
464 3502 839 3575 Hieronymus
865 3505 950 3558 vir
978 3505 1037 3558 in
1071 3505 1222 3559 omni
1245 3505 1627 3559 doctrinarum
1655 3521 1861 3574 genere
1892 3505 1996 3558 ab-

400 3591 790 3659 solutissimus,
820 3594 875 3648 S.
911 3596 976 3648 R.
1012 3595 1072 3648 E.
1105 3593 1397 3666 presbyter
1414 3594 1734 3660 cardinalis,
1769 3612 1894 3649 cum
1923 3595 1993 3648 ab

400 3682 615 3736 azmulis
635 3683 752 3737 suis
774 3688 1221 3749 accusaretur,ex
1246 3683 1620 3738 voluminibus
1633 3683 1993 3753 Origenisin-

399 3785 638 3824 numera
664 3772 723 3826 in
753 3789 855 3827 sua
890 3773 1243 3827 transtulisse
1272 3789 1460 3844 Opera,
1499 3772 1676 3826 dixit:
1702 3773 1849 3827 Laus
1871 3791 1994 3844 qua:

399 3857 565 3914 debet
583 3860 810 3931 Origeni
843 3862 1050 3928 offerri,
1082 3863 1327 3916 maxima
1349 3868 1470 3928 est;
1504 3867 1561 3916 et
1587 3878 1715 3915 eum
1747 3863 1906 3916 illum
1936 3863 1992 3918 in

397 3948 538 4002 meis
559 3949 819 4020 Operibus
836 3950 1090 4005 imitatus
1121 3967 1266 4016 sum,
1298 3951 1458 4004 illum
1477 3951 1686 4005 imitari
1706 3952 1988 4021 proposui,

399 4053 566 4107 quem
597 4037 758 4091 nobis
787 4038 1113 4093 etomnibus
1133 4038 1501 4110 prudentibus
1522 4039 1737 4110 placere
1760 4039 1991 4094 minime

398 4140 612 4182 vereor.
631 4143 658 4179 ι)
698 4126 834 4191 Quze
863 4125 1030 4181 verba
1056 4143 1185 4182 cum
1212 4126 1271 4180 in
1308 4127 1412 4181 hoc
1441 4126 1582 4180 libro
1614 4142 1726 4180 non
1747 4131 1985 4193 exstent,

399 4217 614 4268 certum
644 4220 729 4270 est
754 4215 926 4270 alium
957 4215 1202 4287 aliquem
1226 4214 1431 4270 librum
1453 4215 1521 4269 de
1537 4215 1680 4269 Vitis
1698 4221 1757 4270 et
1783 4216 1992 4286 apoph-

396 4304 780 4374 thegmatibus
799 4306 1033 4360 Patrum
1053 4305 1339 4376 scripsisse
1359 4310 1616 4360 sanctum
1639 4305 1985 4360 Petronium.

401 4393 579 4456 Quem
609 4394 776 4450 variis
787 4394 992 4450 litteris
1012 4411 1080 4450 ex
1100 4394 1265 4450 Italia
1275 4399 1563 4449 evocatum
1584 4393 1834 4448 nondum
1855 4410 1991 4450 nan-

399 4481 528 4536 cisci
558 4483 736 4554 potui.

477 4571 505 4644 §
536 4573 689 4628 VIII.
722 4574 1011 4628 Auctorem
1039 4575 1221 4628 videri
1248 4574 1442 4626 divum
1479 4573 1900 4639 Hieronymum.

467 4661 554 4716 Ita
583 4663 811 4733 quidem
851 4662 1126 4718 editiones
1165 4662 1445 4734 pleraeque
1482 4676 1674 4715 omnes
1719 4661 1778 4716 in
1807 4661 1989 4717 fronte

395 4750 716 4822 praeferunt.
751 4753 818 4807 Et
847 4752 1022 4808 videri
1061 4757 1298 4823 possunt
1324 4751 1393 4808 iis
1423 4767 1525 4806 nec
1573 4755 1851 4818 auctores,
1885 4768 1989 4808 nec

397 4840 794 4912 astipulatores
819 4841 1080 4898 defuisse.

467 4929 520 4984 1.
551 4931 806 4986 Gelasius
845 4933 1130 4988 Romanus
1164 4930 1410 5002 pontifex
1435 4930 1494 4986 in
1523 4931 1754 4986 concilio
1784 4932 1987 4988 Roma-

395 5036 488 5086 no,
522 5019 592 5076 de
608 5037 718 5092 quo
756 5021 1268 5092 supra,Prolegom.
1290 5020 1340 5086 1,
1371 5020 1594 5076 decreto
1613 5021 1682 5075 de
1703 5021 1861 5076 libris
1881 5039 1984 5078 au-

393 5109 778 5176 thenticis,ait:
802 5131 824 5160 α
850 5111 994 5165 Item
1007 5109 1167 5165 Vitas
1180 5109 1410 5165 Patrum
1422 5109 1600 5177 Pauli,
1624 5111 1874 5179 Antonii,
1891 5113 1986 5168 Hi-

389 5198 640 5266 larionis,
689 5204 746 5254 et
789 5199 1042 5256 omnium
1079 5199 1460 5265 eremitarum,
1495 5217 1634 5272 quas
1671 5205 1860 5256 tamen
1901 5202 1987 5257 vir

395 5287 594 5344 beatus
616 5287 841 5360 scripsit
858 5287 1254 5360 Hieronymus,
1273 5305 1399 5344 cum
1417 5291 1568 5344 omni
1589 5291 1802 5346 honore
1814 5291 1985 5347 susci-

392 5377 595 5449 pimus.
637 5397 659 5429 ι
703 5376 917 5442 Quibus
956 5377 1183 5449 quidem
1219 5378 1400 5435 verbis
1438 5380 1725 5436 insinuare
1764 5381 1984 5437 videtur

390 5466 843 5531 Gelasius,etiam
860 5457 1099 5523 aliorum
1119 5469 1332 5534 aliquot
1351 5471 1716 5527 eremitarum
1737 5471 1893 5528 Vitas
1908 5471 1979 5526 ab

394 5555 741 5627 Hieronymo
784 5556 967 5614 fuisse-
999 5559 1360 5632 conscriptas.
1395 5561 1570 5617 Vetus
1599 5578 1821 5633 quoque
1851 5561 1984 5619 Vita

391 5643 504 5701 divi
535 5643 866 5721 Hieronymi
892 5665 1026 5708 ma:
1069 5667 1100 5706 α
1116 5650 1456 5724 Plerumque
1478 5651 1844 5711 eremitarum
1869 5651 1980 5727 Pa-

2079 3239 2200 3288 tum
2222 3240 2402 3288 exstat
2430 3235 2620 3289 Graece
2663 3235 2990 3306 Hieronymi
3018 3237 3202 3290 titulo.
3234 3237 3393 3300 Quod
3418 3253 3530 3291 non
3558 3237 3672 3291 alia

2080 3324 2298 3378 ratione
2337 3324 2636 3393 contigisse
2675 3325 2950 3390 existimo,
2995 3343 3164 3396 quam
3203 3325 3352 3396 quod
3390 3324 3518 3379 libri
3546 3327 3669 3396 ejus

2077 3417 2276 3466 auctor
2302 3413 2550 3468 incertus
2572 3419 2720 3468 esset
2739 3415 2830 3469 cui
2861 3415 3097 3486 quisque
3125 3431 3226 3486 pro
3238 3420 3405 3486 captu
3433 3432 3534 3471 suo
3565 3432 3670 3472 au-

2075 3501 2245 3555 ctoris
2271 3517 2476 3554 nomen
2506 3503 2759 3573 praeﬁxit.

2145 3587 2200 3646 2.
2235 3590 2553 3657 Cassianus,
2598 3591 2920 3662 praefatione
2953 3591 3011 3646 in
3043 3591 3212 3647 libros
3241 3594 3669 3651 Institutionum

2076 3679 2147 3733 ad
2177 3679 2466 3734 Castorem
2495 3680 2837 3751 episcopum,
2864 3680 3011 3735 inter
3038 3682 3281 3753 reliquas
3296 3685 3672 3740 excusationis

2075 3784 2294 3833 causas,
2327 3768 2396 3822 ob
2435 3785 2574 3840 quas
2601 3769 2785 3824 minus
2820 3777 3078 3841 prompte
3115 3788 3174 3824 se
3203 3788 3344 3827 onus
3389 3773 3668 3829 scribendi

2076 3859 2478 3912 monachorum
2505 3859 2766 3913 instituta
2782 3860 3062 3931 suscipere
3079 3861 3323 3932 exponit,
3352 3862 3461 3916 ait:
3499 3882 3520 3912 α
3547 3864 3670 3918 Huc

2075 3947 2290 4001 accedit
2311 3947 2458 4017 quod
2483 3964 2654 4018 super
2680 3949 2785 4002 hac
2807 3965 2866 4002 re
2883 3949 2984 4003 viri
3007 3954 3063 4004 et
3080 3949 3192 4004 vita
3217 3949 3517 4018 nobiles,et
3544 3969 3666 4007 ser-

2074 4036 2592 4107 monescientiaque
2618 4038 3074 4108 praeclari,multa
3083 4041 3202 4110 jam
3214 4042 3482 4111 opuscula
3505 4043 3669 4098 desu-

2072 4124 2296 4190 darunt,
2307 4131 2561 4180 sanctum
2583 4125 2852 4182 Basilium
2869 4133 2927 4182 et
2942 4129 3346 4201 Hieronymum
3361 4131 3484 4188 dico
3499 4132 3663 4186 alios-

2075 4230 2182 4284 que
2201 4215 2767 4286 nonnullos;quorum
2784 4217 3032 4273 anterior
3047 4219 3458 4275 sciscitantibus
3470 4221 3663 4276 fratri-

2073 4301 2176 4357 bus
2199 4320 2368 4374 super
2387 4304 2622 4359 diversis
2651 4306 2925 4362 institutis
2945 4308 3031 4362 vel
3070 4309 3470 4378 quaestionibus
3497 4350 3512 4378 ,
3548 4327 3666 4368 non

2072 4392 2254 4446 solum
2266 4393 2724 4460 facundo,verum
2738 4396 2907 4451 etiam
2924 4397 3238 4452 divinarum
3245 4399 3360 4454 Scri
3367 4405 3664 4470 pturarum

2005 4481 2405 4571 Dtestimoniis
2452 4484 2674 4556 copioso
2706 4502 2964 4541 sermone
3001 4487 3324 4558 respondit;
3358 4488 3502 4544 alius
3531 4507 3662 4545 vero

2071 4587 2183 4628 non
2225 4573 2406 4627 solum
2445 4591 2548 4629 suo
2588 4575 2940 4630 elucubratos
2985 4576 3210 4646 ingenio
3255 4577 3432 4633 edidit
3468 4578 3658 4644 libros,

2070 4678 2264 4717 verum
2284 4663 2453 4718 etiam
2476 4664 2669 4720 Graeca
2688 4665 2883 4736 lingua
2900 4664 3163 4736 digestos,
3187 4666 3246 4722 in
3264 4668 3527 4725 Latinum
3544 4685 3664 4726 ver-

2069 4752 2142 4807 tit
2161 4753 2466 4825 eloquium.
2501 4774 2527 4808 »
2563 4755 2642 4809 Ex
2679 4757 2839 4826 cujus
2865 4755 3186 4812 testimonio
3221 4757 3444 4814 videtur
3476 4759 3661 4830 colligi

2069 4859 2231 4914 posse
2262 4843 2668 4916 Hieronymum
2698 4845 2768 4900 de
2789 4845 2933 4900 Vitis
2953 4845 3186 4900 Patrum
3215 4847 3521 4918 scripsisse.
3558 4850 3662 4905 Re-

2069 4933 2336 5004 spondeo,
2377 4939 2526 4989 recte
2565 4935 2792 5006 quidem
2829 4951 2897 4990 ex
2939 4934 3207 4990 Cassiano
3243 4937 3430 5007 colligi
3467 4938 3660 4995 divum

2067 5023 2302 5096 Hierony
2317 5041 2473 5080 mum
2487 5025 2744 5095 quaedam
2760 5025 3162 5081 monachorum
3171 5025 3434 5082 instituta
3443 5028 3661 5085 etVitas

2067 5113 2184 5169 suis
2213 5113 2437 5186 scriptis
2475 5113 2752 5183 attigisse,
2793 5131 2892 5169 seu
2929 5115 3106 5170 latino
3144 5132 3212 5170 ea
3238 5117 3384 5188 stylo
3413 5117 3660 5173 conscri-

2068 5202 2260 5275 pserit,
2297 5219 2394 5258 seu
2424 5219 2454 5257 e
2487 5204 2676 5258 Grmco
2704 5203 2952 5272 verterit;
2974 5204 3144 5276 hujus
3165 5211 3358 5260 tamen
3374 5205 3502 5263 libri
3527 5224 3659 5265 eum

2067 5298 2353 5348 auctorem
2383 5309 2504 5348 esse
2527 5293 2680 5348 nullo
2709 5293 2876 5348 modo
2907 5294 3093 5365 colligi
3126 5300 3329 5366 potest.

2135 5380 2197 5441 3.
2245 5382 2628 5449 Cassiodorus,
2672 5383 2856 5438 Instit.
2903 5383 3074 5439 divin.
3107 5385 3264 5450 lect.,
3290 5401 3413 5458 cap.
3453 5385 3544 5455 32,
3575 5387 3657 5442 sic

2063 5471 2144 5527 ait
2167 5489 2178 5524 :
2213 5490 2240 5526 (ί
2261 5472 2420 5528 Vitas
2436 5472 3076 5539 ,Patrum,confessiones
3094 5475 3656 5548 ﬁdelium.passiones

2063 5567 2378 5633 martyrum
2415 5563 2584 5633 legite
2613 5569 2952 5630 constanter,
2972 5580 3111 5635 quas
3131 5565 3280 5620 inter
3315 5566 3429 5620 alia
3446 5567 3505 5620 in
3535 5567 3656 5638 epi-

2063 5651 2641 5729 stolaIIieronymiad
2662 5654 3056 5728 Chromatium
3083 5657 3144 5711 et
3170 5655 3658 5714 Heliodorumdea
