3958 6404
265 396 329 455 33
1123 410 1131 421 ‘
1533 392 2027 453 PROLEGOMEN
2029 395 2131 453 ON
2166 396 2264 452 IV.

3471 396 3539 456 34

268 522 461 577 stinata
482 520 679 593 procul
703 514 873 575 dubio
892 517 1170 590 reperitis,
1195 518 1291 590 qui
1319 533 1423 591 per
1441 523 1624 576 totum
1655 521 1847 577 orbem
1865 524 1917 583 A
1935 536 2268 594 persuasum
2291 524 2378 575 est
2401 520 2603 588 Fabro,
2626 521 3035 596 Hieronymum
3065 538 3287 595 quoque
3316 524 3386 579 de
3409 526 3542 582 Vita

266 616 532 666 terrarum
564 610 827 677 ﬂoruere,
850 614 916 663 ut
934 613 1127 663 sancta
1156 607 1399 664 imitatio
1427 627 1525 665 vos
1540 628 1849 682 provocans

267 701 329 755 ad
354 699 601 755 coelestia
629 717 808 770 regna
844 699 1132 771 perducat.
1182 717 1204 749 ι
1249 698 1599 770 Respondeo,
1633 706 1849 755 exstare

268 806 377 845 eam
389 789 682 861 epistolam
695 788 1023 861 Hieronymi
1034 788 1260 843 nomine
1282 788 1443 843 initio
1466 790 1851 863 Martyrologii

264 880 511 946 Usuardi,
543 880 641 934 sed
665 879 821 934 nulla
849 878 926 933 ibi
956 878 1169 933 mentio
1199 878 1458 934 Vitarum
1491 880 1743 935 Patrum.
1778 880 1854 935 Ut

264 968 403 1023 nullo
432 968 600 1022 modo
628 967 760 1022 inde
788 967 973 1038 colligi
1001 967 1178 1039 possit
1198 967 1606 1040 Hieronymum
1635 970 1721 1023 vel
1750 969 1852 1023 ha-

262 1074 378 1113 rum
405 1057 667 1112 Vitarum
708 1058 797 1111 vel
845 1057 1081 1111 aliarum
1116 1062 1402 1112 auctorem
1433 1075 1573 1113 esse.
1607 1059 1851 1114 Tantum

263 1148 483 1219 epistola
511 1164 579 1202 ea
598 1146 827 1219 respicit
851 1146 1316 1219 Martyrologium
1346 1149 1494 1220 quod
1521 1148 1850 1220 Hieronymi

261 1236 473 1291 nomine
493 1242 621 1309 post
641 1237 937 1308 epistolam
967 1254 1090 1291 eam
1121 1243 1256 1291 tunc
1287 1237 1558 1294 exstabat.
1578 1238 1850 1310 Quodque

260 1343 397 1381 nunc
410 1343 603 1381 recens
612 1332 811 1381 nactus
828 1343 953 1381 sum
975 1343 1041 1380 ex
1056 1326 1401 1381 Bibliotheca
1426 1328 1844 1399 Epternacensi,

258 1433 381 1471 sane
407 1416 873 1485 vetustissimum,
896 1421 1026 1471 ante
1051 1433 1211 1471 acccc
1243 1433 1438 1484 annos,
1471 1418 1529 1472 id
1559 1424 1643 1472 est
1672 1419 1849 1472 sancti

257 1505 597 1560 Willibrordi
625 1510 900 1578 tempora,
935 1506 1224 1577 scriptum.
1250 1507 1401 1571 Quas
1433 1507 1608 1579 igitur
1633 1525 1698 1562 eo
1727 1508 1849 1563 loco

257 1611 363 1650 non
389 1595 563 1650 refert
590 1596 1031 1650 remotissimum
1048 1595 1206 1650 Vitas
1226 1596 1483 1663 Patrum,
1516 1597 1612 1651 sed
1628 1602 1850 1652 tantum

258 1684 361 1739 duo
402 1685 714 1757 sequentia,
762 1685 1137 1740 confessiones
1166 1685 1437 1750 ﬁdelium,
1479 1690 1536 1740 et
1562 1686 1850 1757 passiones

259 1779 563 1846 martyrum
594 1791 834 1846 quorum
865 1773 1194 1829 brevissima
1238 1774 1298 1828 in
1324 1775 1725 1847 Martyrologio
1752 1776 1848 1830 illo

258 1864 540 1929 memoria,
575 1881 675 1919 seu
704 1862 890 1936 potius
910 1863 1286 1918 nomenclatio
1316 1869 1514 1919 exstat.

1932 617 1990 665 et
2021 610 2270 666 moribus
2316 617 2641 667 sanctorum
2687 613 2920 667 Patrum
2971 612 3181 667 librum
3224 614 3535 686 scripsisse,

1933 700 2029 772 qui
2058 717 2207 755 nunc
2235 701 2613 771 desideretur;
2643 719 2745 757 nec
2775 702 2926 757 enim
2949 703 3079 757 inde
3107 703 3268 774 sequi
3298 704 3538 761 sustine-

1933 789 2048 858 bat,
2083 806 2211 845 eum
2257 789 2464 846 librum
2495 791 2591 863 qui
2619 793 2788 863 vulgo
2822 792 2986 847 titulo
3017 792 3277 848 Vitarum
3307 794 3541 850 Patrum

1932 878 2228 947 increbuit,
2272 879 2340 934 ab
2369 880 2712 953 Hieronymo
2743 881 3122 953 conscriptum
3153 899 3293 937 esse.
3324 884 3534 952 Primo,

1935 969 2068 1040 quia
2095 969 2473 1042 Hieronymus
2506 971 2626 1042 ipse
2672 971 2845 1025 alium
2881 987 3077 1027 earum
3108 978 3393 1027 auctorem
3423 973 3541 1029 evi-

1934 1058 2278 1113 dentissimis
2298 1059 2521 1113 indiciis
2532 1060 2805 1131 designat,
2829 1061 2913 1116 uti
2935 1066 3063 1132 post
3081 1060 3412 1117 videbimus.
3437 1063 3540 1118 Se-

1933 1149 2135 1215 cundo,
2172 1148 2302 1220 quia
2334 1165 2400 1203 ex
2425 1149 2555 1203 Vita
2585 1149 2836 1217 Joannis,
2868 1166 2989 1221 quae
3020 1150 3203 1222 primo
3231 1151 3351 1206 loco
3378 1151 3541 1223 poni-

1932 1241 2048 1304 tur,
2092 1237 2361 1292 discimus
2390 1254 2520 1292 eum
2567 1239 2662 1310 qui
2701 1238 2909 1294 librum
2938 1239 3285 1311 conscripsit,
3317 1240 3545 1314 presby-

1933 1332 2121 1381 terum
2150 1343 2263 1381 non
2286 1327 2477 1394 fuisse,
2506 1328 2606 1381 sed
2634 1328 2816 1382 solum
2843 1328 3170 1397 diaconum;
3194 1346 3306 1384 non
3324 1347 3537 1399 senem,

1934 1416 2030 1471 sed
2056 1417 2321 1487 juvenem
2346 1436 2360 1470 :
2395 1417 2803 1489 Hieronymum
2833 1422 3020 1472 autem
3044 1435 3171 1473 cum
3200 1419 3422 1474 deserta
3450 1436 3543 1491 pe-

1931 1505 2042 1573 tiit,
2076 1511 2133 1560 et
2170 1505 2563 1577 presbyterum
2608 1506 2800 1574 fuisse,
2829 1513 2886 1562 et
2913 1512 3077 1563 mtate
3107 1525 3319 1577 senem,
3352 1509 3541 1564 nullus

1932 1595 2077 1650 forte
2106 1594 2346 1649 dubitat.
2379 1596 2466 1650 Ita
2487 1596 2714 1668 quidem
2743 1595 2942 1651 Faber.

2003 1685 2117 1739 Sed
2157 1690 2222 1739 ut
2247 1691 2398 1739 recte
2429 1686 2589 1740 Vitas
2617 1687 2721 1741 has
2749 1685 2818 1741 ab
2848 1687 3192 1759 Hieronymo
3222 1692 3394 1759 negat
3421 1706 3542 1743 esse

1932 1774 2227 1845 profectas,
2253 1774 2331 1828 ita
2361 1790 2476 1829 non
2498 1775 2635 1829 satis
2660 1776 3059 1847 circumspecte
3087 1777 3257 1832 citato
3284 1778 3541 1832 testimo-

1932 1864 2026 1918 nio
2052 1862 2156 1917 sibi
2185 1880 2385 1935 passus
2417 1868 2503 1918 est
2543 1850 2889 1935 persuaderi,
2923 1865 2992 1919 ab
3024 1866 3370 1938 Hieronymo
3398 1884 3542 1939 quo-

323 1952 372 2010 4.
438 1952 760 2021 Gratianus,
813 1952 872 2008 in
927 1953 1169 2021 decreto,
1225 1959 1386 2026 parte
1430 1953 1484 2022 2,
1543 1971 1713 2010 causa
1755 1954 1910 2031 97,13
1932 1970 2039 2024 que
2059 1953 2219 2007 Vitas
2250 1953 2503 2020 Patrum,
2537 1953 2642 2008 etsi
2673 1954 2812 2009 alias
2837 1971 2870 2008 a
2897 1955 3159 2025 vulgatis,
3203 1956 3375 2011 fuisse
3404 1973 3540 2011 con-

258 2048 445 2115 quzest.
476 2041 529 2110 2,
562 2060 684 2115 cap.
722 2040 813 2111 26,
857 2049 985 2116 post
1016 2043 1252 2098 recitata
1285 2042 1456 2097 verb’a
1483 2043 1698 2098 Nicolai
1728 2044 1752 2098 Ι
1781 2044 1852 2099 ad

256 2128 516 2188 Caroluni
538 2148 748 2203 regem,
772 2131 975 2203 quibus
996 2132 1245 2187 decernit
1269 2150 1294 2185 «
1317 2149 1429 2187 non
1452 2132 1637 2200 licere,
1657 2132 1765 2187 nisi
1786 2149 1852 2187 ex

254 2238 522 2278 consensu
551 2222 845 2293 utriusque
865 2222 1137 2294 conjugis,
1160 2227 1291 2276 vota
1310 2222 1666 2277 continentiae
1682 2222 1852 2277 susci-

251 2327 402 2382 pere;
440 2331 469 2365 »
511 2310 704 2366 subdit
746 2310 1009 2382 glossam,
1060 2328 1086 2363 «
1124 2310 1310 2378 licere,
1358 2311 1582 2381 quando
1623 2316 1846 2365 tantum

250 2406 375 2455 sunt
392 2400 738 2472 desponsati.
751 2421 773 2451 ι
793 2400 1110 2472 Probatque
1127 2419 1138 2454 :
1167 2421 1189 2452 ι
1208 2401 1283 2455 Ut
1297 2401 1448 2454 enim
1460 2399 1631 2455 refert
1648 2400 1845 2455 beatus

250 2491 642 2563 Hieronymus,
676 2490 960 2545 Macarius
990 2490 1302 2562 praecipuus
1332 2490 1481 2544 inter
1493 2490 1702 2545 Christi
1729 2507 1846 2544 ere-

249 2579 429 2645 mitas,
481 2578 651 2650 [xxxv]
699 2577 976 2633 celebrato
1026 2579 1353 2651 nuptiarum
1400 2579 1668 2646 convivio,
1715 2595 1843 2634 cum

247 2685 471 2740 vespere
500 2669 814 2723 thalamum
847 2674 994 2723 esset
1024 2669 1398 2739 ingressurus,
1435 2685 1500 2722 ex
1523 2669 1662 2723 urbe
1692 2685 1846 2740 egre-

247 2758 415 2825 diens,
446 2758 830 2813 transmarina
857 2757 1037 2829 petiit,
1071 2765 1126 2812 et
1151 2758 1327 2812 eremi
1358 2757 1717 2812 solitudinem
1738 2758 1845 2812 sibi

246 2847 424 2918 elegit.
473 2866 495 2899 ι
531 2848 690 2912 Quod
740 2848 799 2902 in
842 2848 974 2903 Vita
1018 2847 1247 2902 Macarii
1276 2847 1515 2902 Romani
1540 2847 1843 2917 invenitur,

245 2954 361 3008 quae
384 2936 633 2992 habetur
655 2954 806 2992 nunc
836 2937 1061 3009 quidem
1098 2936 1241 2992 libro
1270 2938 1456 3009 primo
1486 2938 1555 2991 de
1574 2937 1719 2992 Vitis
1745 2939 1847 2992 Pa-

242 3036 384 3082 trum
394 3068 407 3093 ,
430 3027 567 3082 olim
578 3027 721 3082 forte
742 3026 884 3082 libro
898 3027 1145 3082 secundo
1157 3044 1374 3083 annexa
1383 3027 1507 3093 fuit,
1534 3026 1628 3081 ubi
1641 3027 1709 3082 de
1721 3027 1846 3081 aliis

243 3116 459 3172 duobus
482 3117 740 3172 Macariis
769 3117 974 3189 agitur.
1005 3118 1335 3188 Respondeo
1367 3117 1701 3171 Gratianum
1741 3116 1850 3170 for-

248 3206 412 3261 tassis
433 3207 784 3262 occasionem
798 3207 1099 3278 sumpsisse
1120 3207 1306 3261 Vitam
1323 3206 1553 3262 Macarii
1566 3205 1851 3260 tribuendi

247 3294 612 3368 Hieronymo,
637 3296 787 3367 quod
824 3296 1172 3351 existimaret
1199 3312 1393 3350 omnes
1426 3296 1582 3350 Vitas
1613 3295 1846 3349 Patrum

246 3384 312 3439 ab
337 3386 687 3458 Hieronymo
706 3386 1065 3457 conscriptas,
1084 3385 1345 3440 inductus
1363 3384 1579 3439 duabus
1610 3384 1842 3438 rationi-

245 3473 362 3543 bus,
394 3492 539 3548 quas
559 3477 678 3547 jam
710 3476 891 3547 primo
919 3480 1255 3547 argumento
1285 3474 1535 3546 proxime
1565 3474 1838 3528 dedimus.

311 3565 360 3619 5.
393 3564 742 3620 Trithemius
772 3582 1013 3636 quoque,
1045 3565 1104 3618 in
1136 3565 1403 3635 Catalago
1430 3564 1576 3618 Eccl.
1613 3563 1839 3634 Script.,

244 3653 395 3709 Vitas
425 3656 664 3709 Patrum
695 3654 1041 3726 Hieronymo
1068 3654 1292 3711 tribuit.
1323 3654 1391 3707 Et
1411 3670 1480 3707 ne
1506 3652 1630 3724 quis
1660 3652 1846 3706 existi-

245 3750 357 3798 met
384 3744 457 3798 de
509 3743 631 3798 aliis
677 3760 806 3798 eum
837 3743 982 3797 Vitis
1028 3743 1180 3814 loqui
1212 3759 1381 3814 quam
1409 3742 1667 3813 vulgatis,
1718 3758 1843 3813 quae

244 3833 568 3906 Hieronymi
599 3833 827 3888 nomine
844 3832 1335 3898 circumferuntur,
1353 3849 1547 3887 earum
1569 3830 1845 3902 praefatio-

240 3938 365 3978 nem
390 3924 660 3978 inchoare
689 3923 789 3989 ait,
817 3924 1134 3978 Benedictus
1162 3924 1320 3989 Deus,
1345 3939 1379 3976 a
1406 3938 1512 3993 qua
1531 3926 1588 3974 et
1604 3921 1843 3991 vulgata)

242 4011 345 4067 illa;
377 4012 605 4068 initium
639 4012 869 4067 ducunt.
903 4012 1272 4083 Respondeo:
1304 4011 1580 4082 Imposuit
1621 4009 1845 4065 Trithe-

244 4102 353 4156 mio
384 4103 619 4173 vulgata
646 4101 845 4169 editio;
878 4118 1012 4155 nam
1031 4102 1089 4155 in
1124 4102 1251 4155 Mss.
1292 4100 1389 4154 alii
1418 4104 1673 4154 auctores
1705 4099 1846 4153 assi-

241 4198 510 4261 gnantur,
549 4190 633 4245 uti
664 4191 869 4262 partim
890 4190 1149 4255 vidimus,
1186 4190 1393 4262 partim
1422 4188 1594 4244 visuri
1634 4205 1844 4243 sumus.

307 4277 360 4336 6.
409 4280 654 4335 Jacobus
681 4278 862 4335 Faber
901 4280 1272 4351 Stapulensis,
1304 4278 1629 4351 praefatione
1660 4278 1732 4332 ad
1760 4277 1844 4332 1e-

1934 2042 2173 2114 scriptas
2195 2061 2211 2108 ;
2246 2058 2369 2096 cum
2401 2043 2628 2113 Regulae
2666 2042 2775 2097 illae
2805 2043 3316 2100 sanctimonialium
3342 2063 3375 2100 a
3402 2061 3542 2117 pru-

1935 2130 2284 2186 dentioribus
2312 2132 2447 2186 viris
2476 2131 2546 2186 ab
2576 2149 2743 2204 opere
2772 2133 2928 2204 [xxv]
2955 2134 3396 2206 Hieronymiano
3415 2136 3539 2205 jam

1933 2221 2153 2293 pridem
2175 2222 2289 2275 sint
2308 2220 2578 2292 ablegatae
2601 2240 2612 2285 ;
2638 2227 2695 2276 et
2721 2222 2781 2276 in
2800 2223 3006 2277 calcem
3023 2224 3267 2294 rejectae,
3302 2224 3452 2279 velut
3466 2223 3537 2278 ab

1932 2311 2267 2382 Hieronymi
2293 2310 2460 2381 genio
2491 2311 2706 2366 alienae.

2002 2399 2235 2471 Scripsit
2253 2399 2477 2470 quidem
2498 2400 2875 2472 Hieronymus
2906 2401 3198 2473 epistolam
3238 2402 3310 2457 ad
3338 2403 3537 2458 Eusto-

1929 2490 2141 2556 chium,
2170 2505 2292 2560 quae
2322 2495 2408 2543 est
2446 2488 2641 2543 ordine
2678 2489 2768 2557 22,
2810 2491 2879 2545 de
2912 2492 3275 2546 custodienda
3310 2492 3539 2563 virgini-
3572 2488 3593 2495 ”’

1928 2584 2064 2637 tate.
2096 2578 2156 2633 in
2186 2595 2297 2649 qua
2326 2579 2581 2649 quaedam
2606 2579 2835 2650 attingit
2864 2581 2933 2634 de
2949 2582 3349 2635 monachorum
3368 2596 3537 2652 gene-

1926 2667 2102 2734 ribus,
2139 2673 2194 2722 et
2223 2685 2418 2723 eorum
2453 2669 2651 2738 regula
2680 2676 2849 2739 atque
2876 2669 3153 2725 instituto.
3178 2671 3285 2725 Sed
3314 2671 3534 2725 nullum

1929 2757 2058 2811 inde
2110 2757 2377 2811 indicium
2410 2757 2595 2828 colligi
2637 2763 2821 2828 potest
2849 2759 2998 2829 quod
3037 2759 3410 2831 Hieronymus
3446 2760 3535 2814 vel

1929 2847 2138 2917 regulae
2170 2847 2322 2901 illius
2350 2847 2592 2917 vulgatae
2621 2847 2680 2901 in
2709 2848 2879 2902 calice
2900 2865 3133 2919 operum
3151 2850 3273 2920 ejus
3292 2849 3530 2920 rejectae,

1928 2937 2015 2989 vel
2045 2934 2173 2989 libri
2202 2935 2373 3005 hujus
2403 2940 2600 2990 auctor
2625 2935 2718 2994 sit.

1999 3024 2147 3088 Quin
2171 3024 2285 3078 imo
2315 3025 2720 3097 Hieronymum
2751 3025 2921 3096 hujus
2948 3026 3079 3080 libri
3108 3031 3397 3082 auctorem
3417 3041 3531 3082 non

1931 3130 2073 3181 esse,
2107 3130 2172 3167 ex
2202 3113 2322 3185 ipso
2354 3114 2699 3186 Hieronymo
2737 3114 3029 3183 evincitur,
3068 3121 3132 3170 ut
3168 3115 3196 3188 §
3230 3115 3293 3172 10
3323 3114 3537 3170 videbi-

1931 3218 2078 3257 mus.
2114 3203 2221 3267 Qui
2253 3204 2403 3257 enim
2435 3204 2831 3275 Hieronymus,
2856 3221 2996 3275 quos
3024 3204 3142 3276 ipse
3170 3205 3382 3260 detexit
3412 3222 3533 3260 esse

1933 3293 2246 3360 haereticos,
2282 3299 2339 3347 et
2366 3293 2568 3348 asserit
2593 3294 2650 3347 in
2682 3293 2917 3348 concilio
2947 3294 3337 3365 episcoporum
3368 3294 3532 3348 dam-

1933 3386 2114 3448 natos,
2142 3382 2200 3436 in
2227 3383 2443 3436 litteras
2473 3382 2740 3449 mitteret,
2772 3387 2827 3437 et
2847 3387 3117 3454 tanquam
3146 3389 3368 3438 sanctos
3380 3400 3533 3438 com-

1926 3473 2252 3526 mendaret?

1998 3562 2114 3615 Nec
2142 3561 2238 3615 illa
2268 3560 2434 3616 Fabri
2474 3562 2710 3617 assertio
2744 3568 2830 3617 est
2853 3563 3049 3629 solida,
3093 3579 3201 3635 qua
3250 3562 3536 3635 pertendit

1934 3650 2341 3722 Hieronymum
2370 3658 2427 3705 et
2455 3651 2848 3723 presbyterum
2878 3651 3049 3707 fuisse
3078 3658 3136 3706 et
3164 3668 3374 3719 senem,
3407 3669 3535 3707 cum

1929 3739 1999 3793 ad
2050 3740 2224 3811 Syriae
2272 3756 2332 3794 se
2371 3740 2583 3811 recepit
2629 3757 2903 3795 eremum.
2937 3743 3057 3796 Imo
3098 3757 3201 3794 nec
3238 3758 3406 3795 senex
3434 3757 3537 3795 nec

1927 3827 2222 3900 presbyter
2248 3833 2381 3883 tunc
2407 3834 2547 3884 erat.
2572 3829 2712 3883 Vide
2734 3830 2825 3883 hic
2849 3830 3011 3884 initio
3039 3830 3207 3901 primi
3247 3829 3375 3884 libri
3400 3830 3536 3883 Hie-

1928 3917 2150 3989 ronymi
2193 3918 2726 3989 peregrinationem,
2774 3924 2831 3972 et
2860 3935 2981 3989 quae
3025 3918 3084 3972 in
3112 3918 3234 3988 lege
3260 3918 3529 3985 Talionis,

1927 4005 2121 4062 tabula
2140 4006 2191 4074 5,
2213 4024 2314 4079 pro
2336 4006 2577 4062 Baronio
2600 4012 2797 4062 contra
2814 4006 3209 4062 Casaubonum
3230 4007 3535 4079 disputavi.

1972 4140 2000 4212 ᾗ
2030 4142 2126 4197 ΙΧ.
2160 4144 2448 4197 Auctorem
2479 4144 2659 4196 videri
2682 4144 3109 4197 Postumianum
3138 4142 3493 4197 monachum.

2001 4275 2229 4331 Invenio
2250 4276 2308 4330 in
2339 4275 2673 4347 quibusdam
2704 4274 3121 4347 manuscriptis,
3153 4274 3237 4329 uti
3262 4274 3533 4346 Aquicin-

242 4374 473 4437 ctorem,
509 4386 677 4441 quam
708 4369 1020 4423 Heraclidis
1036 4369 1303 4424 Paradiso
1326 4368 1552 4422 Parisiis
1574 4367 1743 4433 edito,
1777 4366 1846 4421 de
1930 4365 2100 4433 ctino,
2137 4364 2400 4419 Laetiensi
2431 4366 2664 4435 majore,
2705 4370 2761 4417 ct
2787 4363 3245 4429 Camberonensi,
3277 4363 3429 4418 hunc
3455 4380 3542 4418 se-

244 4475 349 4530 quo
369 4476 564 4532 supra,
597 4458 625 4532 §
645 4458 696 4525 3,
716 4459 971 4530 praefixit,
998 4458 1197 4513 asserit
1218 4475 1278 4513 se
1297 4476 1330 4512 a
1352 4458 1594 4530 quodam
1616 4473 1847 4511 suorum
1930 4455 2072 4509 cund
2083 4471 2176 4510 um
2203 4454 2410 4508 librum
2434 4470 2547 4508 una
2571 4470 2695 4507 cum
2719 4458 2919 4524 quarto
2939 4452 3141 4508 ascribi
3172 4453 3536 4508 Postumiana

245 4550 525 4604 monitum
554 4549 701 4621 quod
722 4565 835 4603 non
858 4549 965 4603 rite
982 4549 1040 4603 in
1068 4548 1305 4620 epistola
1328 4546 1671 4602 dedicatoria
1685 4546 1911 4638 VitasD
1930 4544 2223 4599 monacho.
2258 4544 2401 4598 Eum
2430 4543 2660 4597 titulum
2690 4542 2859 4596 etiam
2892 4542 3147 4638 quaedam
3192 4541 3362 4638 editio
3390 4558 3535 4613 prae-

244 4638 477 4694 Patrum
508 4639 851 4710 Hieronymo
880 4638 1273 4710 abjudicasset,
1300 4654 1439 4709 quas
1470 4637 1847 4709 Hieronymus
1865 4630 1907 4638 “’
1929 4633 2075 4687 ferre
2105 4632 2328 4687 dicitur.
2353 4632 2508 4687 Nihil
2539 4631 2608 4685 de
2638 4648 2702 4685 eo
2730 4631 2841 4701 legi
2872 4631 3018 4703 quod
3048 4630 3193 4686 hanc
3212 4630 3535 4702 opinionem

244 4726 360 4799 ipse
400 4746 435 4783 a
482 4745 542 4783 se
584 4729 820 4800 scriptas
861 4732 1232 4800 agnosceret;
1268 4743 1434 4798 quem
1485 4726 1634 4780 enim
1673 4727 1847 4780 alium
1928 4722 2179 4777 stabilire
2210 4720 2405 4793 possit.

244 4818 542 4872 certiorem
563 4834 731 4890 quam
752 4817 937 4889 ipsum
957 4822 1159 4872 testem
1178 4815 1600 4871 desideremus?
1623 4816 1769 4869 Nam
1789 4814 1847 4869 in

245 4906 455 4978 Regula
467 4907 974 4962 sanctimonialium
984 4923 1172 4979 ,quam
1184 4905 1474 4977 scripsitad
1488 4904 1853 4959 Eustochium

243 5001 299 5050 et
326 4998 576 5070 reliquas
597 4996 861 5067 virgines,
890 5013 1012 5068 cap.
1053 4994 1138 5063 l0,
1170 4996 1250 5050 ita
1270 4994 1462 5049 scribit
1487 5013 1498 5047 :
1539 5014 1563 5047 ((
1588 4995 1733 5049 Dum
1752 4994 1853 5064 igi-

243 5090 335 5140 tur
349 5104 452 5158 per
473 5103 793 5142 eremorum
829 5091 990 5141 antra
1006 5089 1221 5158 septem
1239 5084 1403 5139 annis
1421 5088 1643 5138 sanctos
1656 5085 1851 5138 Patres

243 5174 515 5247 degentes
544 5175 752 5231 ibidem
784 5175 1057 5241 in'terris,
1085 5176 1237 5230 velut
1255 5174 1313 5229 in
1334 5175 1486 5229 cmlis
1508 5173 1736 5244 angelos
1758 5189 1852 5227 as-

244 5265 509 5322 sistentes
538 5265 764 5321 assiduo
803 5265 994 5320 labore
1026 5265 1263 5326 itineris,
1300 5263 1601 5334 arduisque
1629 5262 1850 5316 vivendi

243 5353 631 5423 incommodis,
648 5355 972 5427 caeterisque
984 5355 1294 5409 innumeris
1305 5351 1715 5409 calamitatibus
1729 5368 1853 5423 per-

244 5446 494 5515 agrando
513 5446 817 5512 visitarem,
851 5445 920 5500 de
952 5462 1191 5518 quorum
1226 5445 1339 5499 vita
1359 5442 1722 5514 moribusque
1751 5442 1853 5495 mi-

242 5534 435 5601 riﬁcis,
463 5553 583 5607 quae
603 5535 917 5591 luculenter
936 5535 1053 5607 ipse
1070 5534 1347 5607 perspexi,
1368 5534 1619 5588 libellum
1631 5549 1851 5604 compe-

241 5623 317 5693 gi,
342 5624 442 5696 qui
462 5624 615 5681 vobis
645 5623 721 5679 sit
739 5633 803 5680 ut
827 5626 1056 5680 lucerna
1076 5624 1134 5679 in
1151 5622 1505 5691 candelabro,
1526 5622 1596 5677 ad
1619 5621 1853 5676 medita-

243 5710 457 5769 tionem
481 5713 767 5786 religionis
798 5719 856 5770 et
882 5713 1029 5771 vitae.
1058 5731 1081 5768 ι
1113 5713 1235 5779 Quo
1266 5710 1495 5786 quidem
1525 5708 1850 5767 testimonio

2000 4812 2122 4867 Non
2146 4811 2373 4865 inanem
2397 4826 2625 4887 prorsus
2656 4809 3031 4881 suspicionem
3053 4808 3328 4877 existimo,
3348 4809 3395 4865 si
3413 4808 3536 4881 quis

1934 4902 2084 4956 dicat
2112 4904 2296 4954 ortum
2327 4901 2475 4954 hunc
2504 4899 2731 4953 titulum
2753 4916 2819 4953 ex
2849 4900 3051 4954 Severo
3073 4899 3337 4971 Sulpicio,
3362 4898 3458 4971 qui
3478 4898 3536 4954 in

1933 4990 2188 5061 Dialogis
2210 4989 2324 5043 suis
2352 4988 2779 5043 Postumianum
2809 5006 2873 5042 ex
2894 4989 3124 5044 Oriente
3143 4995 3269 5060 post
3285 4989 3537 5044 trienna-

1933 5081 2044 5135 lem
2075 5078 2580 5151 peregrinationem
2612 5078 2894 5143 reducem,
2929 5078 3107 5132 multa
3133 5078 3202 5132 de
3232 5078 3534 5133 monacho-

1931 5186 2055 5223 rum
2089 5173 2146 5223 et
2176 5168 2540 5222 cremitarum
2566 5166 2677 5221 vita
2703 5184 2767 5221 ac
2802 5167 3062 5223 instituto
3089 5173 3415 5221 narrantem
3446 5167 3536 5220 in-

1932 5258 2204 5314 troducit:
2233 5276 2257 5310 (ι
2275 5257 2691 5323 Postumianus,
2715 5275 2738 5310 ι
2754 5256 3112 5327 inquitinitio
3126 5254 3331 5325 dialogi
3345 5254 3532 5325 primi,

1939 5368 1963 5401 ς(
1997 5347 2066 5403 ab
2095 5346 2343 5409 Oriente,
2378 5363 2487 5418 quo
2519 5363 2577 5400 se
2607 5352 2739 5401 ante
2768 5345 3075 5401 triennium
3102 5343 3344 5415 patriam
3368 5344 3538 5398 relin-

1936 5456 2111 5510 quens
2130 5437 2464 5501 contulerat,
2488 5452 2795 5506 regressus,
2824 5454 2848 5488 r
2873 5440 2977 5489 etc.
3001 5435 3145 5487 Nam
3158 5449 3280 5503 qua;
3301 5431 3389 5487 hic
3408 5431 3536 5487 libri

1933 5526 2119 5602 quarti
2141 5525 2421 5598 prioribus
2452 5524 2667 5596 aliquot
2705 5523 2980 5595 capitibus
3005 5520 3303 5589 habentur,
3328 5538 3396 5576 ea
3422 5540 3533 5577 om-

1933 5617 2026 5673 nia
2057 5613 2388 5687 compendio
2414 5613 2668 5669 subiecta
2708 5617 2842 5667 sunt
2874 5628 2939 5666 ex
2976 5610 3159 5683 primo
3193 5611 3382 5667 Severi
3411 5612 3535 5667 dia-

1931 5705 2083 5777 logo,
2118 5703 2174 5759 in
2208 5718 2318 5775 quo
2349 5700 2746 5759 Postumianus
2774 5701 3034 5757 narrator
3059 5698 3459 5756 introducitur.
