3958 6406
420 373 606 430 35·

1324 367 1404 423 ΙΝ
1439 365 1652 422 VITAS
1690 362 1989 422 PATRUM
2025 362 2574 421 PROLEGOMENA
2607 363 2807 421 XXVI.

3631 360 3702 421 36

422 495 451 567 §
477 495 548 550 X.
581 495 871 550 Auctorem
909 505 1012 545 esse
1042 490 1331 567 Rufﬁnu-m
1365 489 1770 559 Aquileienscm
1803 487 2206 558 presby-Ased
2236 487 2306 542 de
2333 487 2560 542 Rutﬁno
2581 488 2805 556 dicitur,
2833 486 3102 560 quiXysti
3127 485 3482 558 Pythagorei
3508 486 3718 542 librum

1123 566 1324 614 terum.

497 672 738 736 Primus,
772 668 921 741 quod
937 668 1130 735 sciam,
1154 683 1184 721 e
1213 667 1618 722 recentioribus
1646 665 1852 720 librum
1881 665 2030 720 hunc

424 761 650 816 Rufﬁno
679 759 880 814 saltem
900 763 964 812 ut
990 757 1283 828 interpreti
1303 757 1461 828 (nam
1487 755 1786 826 Evagrium
1805 769 2029 826 quoque

423 850 596 920 hujus
619 848 748 902 libri
773 852 1062 902 auctorem
1087 846 1272 900 facere
1293 845 1528 914 videtur)
1557 844 1856 898 vindicavit
1875 844 2030 898 Jaco-

422 938 526 993 bus
556 937 736 992 Faber
757 935 1106 1007 Stapulensis
1127 934 1448 1006 praefatione
1467 934 1539 988 ad
1568 933 1901 988 Paradisum
1922 932 2032 986 He-

422 1025 668 1094 raclidis,
709 1026 873 1080 nixus
912 1024 1024 1079 divi
1071 1023 1402 1096 Hieronymi
1441 1023 1794 1088 auctoritate,
1845 1021 1940 1092 qui
1973 1019 2032 1074 in

425 1113 662 1187 epistola
692 1114 765 1167 ad
793 1111 1215 1184 Ctesiphontem
1242 1117 1438 1166 contra
1467 1110 1818 1180 Pelagianos,
1861 1109 1944 1162 ita
1963 1107 2032 1161 de

423 1203 660 1274 Evagrio
682 1206 738 1256 et
755 1201 978 1256 Ruﬂino
1007 1200 1202 1255 scribit
1231 1219 1242 1254 :
1283 1219 1311 1253 «
1343 1199 1632 1270 Evagrius,
1653 1197 1856 1270 inquit,
1883 1197 2032 1251 Pon-

423 1293 571 1346 ticus
602 1289 998 1363 Hyperborita,
1027 1290 1124 1362 qui
1152 1289 1345 1344 scribit
1363 1289 1434 1343 ad
1463 1287 1726 1359 virgines,
1743 1285 1938 1341 scribit
1959 1284 2031 1338 ad

395 1382 749 1446 _monachos,
780 1379 975 1434 scribit
1011 1379 1082 1434 ad
1112 1395 1256 1446 eam,
1289 1379 1448 1449 cujus
1477 1393 1685 1432 nomen
1720 1373 2032 1446 nigredinis

433 1469 750 1537 (Melanium
771 1469 944 1539 [xxvx]
963 1469 1149 1524 innuit
1172 1467 1413 1522 nominis
1434 1466 1772 1538 significatu)
1794 1468 2035 1518 testatur

429 1564 486 1614 et
509 1559 758 1630 perﬁdiae
784 1557 1066 1622 tenebras,
1091 1557 1267 1611 edidit
1283 1555 1489 1610 librum
1508 1561 1565 1608 et
1583 1553 1891 1608 sententias
1920 1551 2032 1622 περὶ

429 1644 664 1710 ἀπαθείας
692 1649 876 1718 (quam
900 1663 1002 1701 nos
1019 1645 1530 1716 impassibilitatem
1549 1643 1634 1697 vel
1653 1639 2036 1712 imperturba-

2110 577 2274 630 titulo
2293 577 2432 632 Sixti
2452 577 2717 649 martyris
2739 577 2932 645 edidit,
2957 582 3022 632 ut
3035 576 3251 631 clarum
3271 581 3358 630 est
3375 592 3441 629 ex
3460 575 3584 630 aliis
3604 576 3720 631 divi

2110 665 2440 737 Hieronymi
2467 666 2622 734 locis,
2645 672 2711 721 ut
2729 667 2788 722 in
2807 681 2920 722 xxn
2937 683 3058 738 cap.
3082 666 3316 735 Jerem.,
3343 664 3440 718 ubi
3460 681 3590 721 eum
3620 681 3722 720 no-

2112 754 2264 809 mine
2295 755 2536 809 Grunnii
2578 756 2924 826 perstringit,
2957 761 3015 810 et
3058 754 3116 809 in
3163 771 3286 826 cap.
3331 768 3466 809 xvm
3495 755 3718 822 Ezech.,

2110 843 2248 898 item
2287 861 2353 898 ex
2380 844 2694 914 Augustino
2736 844 2832 901 lib.
2865 859 2908 899 II
2947 845 3274 909 Retractat.,
3309 860 3431 914 cap.
3481 843 3550 898 40
3599 843 3722 915 (qui

2113 934 2378 1005 deceptus
2407 940 2538 988 ante
2567 933 2708 988 libro
2725 931 2920 1007 [xxvn]
2940 935 3010 988 de
3036 935 3166 988 Nat.
3199 939 3256 988 et
3276 933 3457 999 Grat.,
3481 949 3602 1005 cap.
3625 932 3722 1002 64,

2115 1023 2256 1077 Sixti
2278 1022 2567 1077 Pontiﬁcis
2592 1022 2819 1078 nomine
2845 1023 3154 1094 allegarat),
3188 1028 3246 1076 et
3262 1039 3329 1076 ex
3359 1022 3482 1092 ipsa
3508 1021 3723 1076 Rufﬁni

2115 1111 2350 1182 epistola
2387 1111 2458 1164 ad
2485 1111 2893 1182 Apronianum,
2925 1129 3096 1184 quam
3133 1110 3584 1183 interpretationi
3606 1111 3722 1166 En-

2113 1199 2340 1254 chiridii
2371 1199 2512 1254 Sixti
2549 1201 2810 1271 praefixit.

2184 1288 2236 1342 3.
2269 1288 2412 1353 Quia
2441 1289 2678 1344 similem
2698 1290 2954 1345 fraudem
2977 1289 3260 1345 subnectit
3285 1290 3378 1344 hic
3405 1289 3566 1345 divus
3596 1287 3723 1345 Hie-

2113 1393 2386 1448 ronymus
2407 1377 2477 1431 de
2497 1377 2805 1448 suppositio
2834 1378 3128 1450 Pamphilo
3154 1378 3214 1432 in
3243 1378 3568 1432 defensione
3597 1377 3724 1433 Ori-

2113 1465 2305 1536 genis:
2337 1483 2362 1517 ε(
2391 1467 2638 1533 Fecerat,
2662 1467 2760 1532 ait,
2787 1467 2892 1521 hoc
2912 1472 2969 1522 et
2991 1467 3051 1521 in
3077 1467 3256 1522 sancti
3274 1467 3554 1538 Pamphili
3573 1483 3724 1521 mar-

2115 1554 2256 1625 tyris
2285 1555 2529 1621 nomine,
2560 1562 2626 1610 ut
2659 1555 2865 1610 librum
2911 1555 3157 1627 primum
3185 1573 3278 1610 sex
3308 1555 3580 1610 librorum
3627 1555 3726 1610 de-

2115 1641 2381 1698 fensionis
2397 1644 2673 1715 Origenis,
2700 1643 2922 1698 Eusebii
2941 1645 3318 1712 Caesariensis,
3348 1661 3514 1716 quem
3547 1643 3724 1698 fuisse

427 1736 641 1790 tionem
661 1752 956 1807 possumus
989 1735 1216 1800 dicere),
1249 1733 1471 1804 quando
1501 1747 1792 1801 nunquam
1811 1728 2034 1782 animus
2053 1804 2090 1807 _
2117 1733 2390 1786 Arianum
2427 1749 2592 1787 nemo
2639 1739 2726 1787 est
2774 1733 2870 1804 qui
2906 1735 3140 1798 nesciat,
3171 1733 3400 1788 nomine
3438 1733 3725 1805 Pamphili

427 1826 542 1880 ullo
564 1804 1000 1896 perturbationis
1022 1823 1154 1877 vitio
1181 1826 1580 1888 commovetur;
1614 1825 1689 1885 et,
1721 1823 1787 1872 ut
1815 1815 2034 1888 simpli-
2052 1804 2384 1893 Bmartyris
2421 1826 2779 1893 praenotaret.
2818 1841 2841 1874 ι
2871 1823 3044 1894 Atqui
3090 1839 3126 1877 a
3154 1823 3377 1877 Rufﬁno
3415 1839 3540 1876 eam
3571 1804 3726 1876 frau-

430 1913 570 1968 citer
591 1913 792 1978 dicam,
827 1913 909 1966 vel
950 1929 1146 1966 saxum
1193 1911 1277 1964 vel
1307 1912 1454 1965 Deus
1498 1913 1601 1964 est.
1636 1908 1818 1978 Hujus
1861 1905 2034 1961 libros

430 2019 532 2074 per
551 2003 838 2057 Orientem
859 2001 1098 2066 Graecos,
1123 2005 1181 2054 et
1197 2000 1604 2070 interpretante
1620 1995 1891 2067 discipulo
1912 1995 2035 2065 ejus

426 2092 651 2146 Ruflino
681 2091 928 2156 Latinos,
963 2089 1216 2160 plerique
1244 2088 1304 2142 in
1339 2087 1640 2142 Occidente
1666 2084 1940 2138 lectitant.

501 2198 529 2233 α
562 2179 670 2244 Qui
695 2179 902 2233 librum
932 2194 1154 2248 quoque
1185 2176 1410 2248 scripsit
1437 2175 1596 2246 quasi
1625 2174 1694 2228 de
1723 2170 2030 2238 monachis,

431 2268 750 2336 multosque
766 2267 822 2320 in
847 2283 912 2320 eo
930 2271 1242 2333 enumerat,
1270 2265 1366 2336 qui
1383 2278 1673 2334 nunquam
1690 2261 1939 2326 fuerunt,
1957 2264 2031 2325 et,

407 2373 566 2428 quos
597 2355 771 2410 fuisse
800 2354 1008 2421 scribit,
1042 2354 1390 2424 Origenistas
1417 2351 1487 2406 ab
1508 2349 1780 2424 episcopis
1805 2349 2037 2403 damna-

429 2451 517 2499 tos
547 2460 666 2498 esse
698 2459 813 2498 non
848 2442 1080 2497 dubium
1125 2449 1240 2508 est;
1272 2439 1634 2495 Ammonium
1661 2437 1938 2502 videlicet,
1979 2441 2038 2490 et

427 2531 750 2598 Eusebium,
785 2536 842 2586 et
871 2531 1254 2603 Euthymium,
1290 2536 1346 2584 et
1373 2531 1559 2602 ipsum
1588 2526 1908 2598 Evagrium,
1957 2524 2036 2580 Or

428 2638 651 2693 quoque
681 2627 740 2675 et
765 2620 1063 2686 Isidorum,
1093 2625 1150 2674 et
1169 2619 1377 2674 multos
1415 2618 1571 2684 alios,
1615 2633 1756 2688 quos
1783 2614 2037 2669 dinume-

430 2726 558 2764 rare
587 2708 815 2764 taedium
845 2713 950 2775 est,
989 2713 1046 2762 et
1068 2709 1232 2778 juxta
1259 2707 1396 2761 illud
1425 2704 1673 2761 Lucretii
1703 2723 1716 2759 :

616 2825 684 2872 Ac
709 2822 854 2872 veluti
879 2821 1056 2885 pueris,
1081 2821 1328 2872 absinthia
1350 2827 1471 2870 tetra
1495 2821 1756 2885 medentes,
1859 2837 1873 2846 ν

619 2886 739 2935 Cum
766 2882 1150 2944 dare'conantur,
1173 2885 1310 2946 prius
1337 2899 1445 2932 oras
1470 2885 1637 2946 pocula
1663 2882 1844 2931 circum

618 2946 918 3008 Contingunt
942 2946 1072 2995 dulci
1097 2945 1256 2996 mellis
1277 2945 1484 3009 ﬂavoque
1506 2945 1692 3008 liquore
1711 2958 1724 3003 ;

427 3065 632 3141 ita‘ille
656 3079 832 3119 unum
867 3063 1140 3117 Joannem
1168 3061 1224 3116 in
1253 3060 1428 3133 ipsius
1455 3059 1583 3114 libri
1611 3057 1800 3130 posuit
1828 3054 2032 3128 princi-

430 3156 522 3227 pio
548 3171 714 3226 quem
747 3159 802 3207 et
821 3151 1176 3218 catholicum,
1210 3156 1267 3204 et
1293 3155 1547 3205 sanctum
1578 3148 1750 3202 fuisse
1786 3161 1900 3200 non
1928 3144 2030 3198 du-

426 3244 583 3298 bium
611 3249 712 3308 est,
735 3245 800 3296 ut
829 3257 930 3312 per
953 3239 1102 3294 illius
1131 3239 1482 3294 occasionem
1501 3243 1748 3304 caeteros,
1773 3251 1912 3307 quos
1935 3249 2031 3304 po-

427 3336 636 3396 suerat,
670 3330 960 3385 haereticos
986 3329 1240 3384 Ecclesiae
1265 3328 1670 3384 introduceret.
1714 3346 1736 3376 ι

496 3421 718 3475 Audisti
767 3419 957 3472 divum
1005 3419 1429 3490 Hieronymum,
1479 3417 1682 3482 lector;
1716 3412 1850 3486 quid
1879 3425 2029 3465 nunc

432 3509 501 3564 de
529 3509 698 3580 hujus
725 3507 850 3562 libri
883 3514 1109 3562 auctore
1141 3523 1352 3572 censes,
1379 3505 1438 3560 in
1468 3522 1578 3576 quo
1609 3501 1860 3558 omnium
1891 3498 2030 3553 isto-

429 3616 556 3654 rum
584 3597 678 3668 qui
709 3601 1111 3651 enumerantur
1141 3597 1205 3649 fit
1231 3594 1480 3650 mentio?

501 3687 642 3740 Vide
667 3685 840 3755 igitur
860 3701 996 3739 num
1025 3683 1121 3738 alii
1145 3701 1271 3738 cum
1304 3683 1542 3738 Baronio
1563 3683 1676 3736 sint
1701 3677 1862 3751 lapsi,
1883 3674 2032 3748 quod

432 3774 806 3830 existimarint
833 3774 948 3828 haec
965 3771 1151 3840 verba,
1180 3790 1206 3825 α
1230 3772 1325 3844 qui
1344 3771 1549 3826 librum
1569 3786 1791 3842 quoque
1812 3762 2038 3836 scripsit

431 3864 591 3936 quasi
623 3863 691 3918 de
721 3861 1027 3928 monachis,
1081 3881 1102 3912 ι
1139 3861 1208 3915 de
1245 3859 1478 3932 Evagrio
1508 3857 1894 3930 intelligenda.
1926 3849 2040 3910 Sed

431 3954 500 4008 de
531 3951 754 4007 Rufﬁno
799 3949 1034 4021 intelligi
1076 3949 1296 4016 debere,
1339 3951 1500 4020 cujus
1533 3965 1737 4003 nomen
1781 3945 2033 4019 proxime

430 4041 730 4114 praecessit,
767 4039 1125 4094 manifestum
1156 4044 1243 4093 est
1269 4037 1618 4108 argumentis
1649 4033 2031 4106 sequentibus.

509 4129 556 4186 1.
589 4129 733 4194 Quia
772 4128 962 4183 subdit
988 4129 1148 4182 divus
1189 4127 1564 4198 Hieronymus
1610 4124 1759 4196 quod
1796 4124 1891 4177 ille
1939 4121 2036 4192 qui

429 4219 634 4274 librum
657 4219 725 4272 de
746 4217 1036 4272 monachis
1056 4214 1361 4286 scripsit,in
1383 4231 1446 4269 eo
1467 4218 1760 4268 enumerat
1781 4212 2037 4283 etipsum

396 4373 402 4378 ν
431 4309 758 4378 Evagrium;
791 4306 1048 4362 videlicet
1090 4306 1252 4376 cujus
1292 4304 1411 4374 jam
1459 4307 1590 4357 ante
1621 4301 1834 4356 mentio
1865 4300 2029 4354 facta.

427 4398 542 4451 Nec
570 4397 752 4452 simile
781 4412 926 4462 vero,
954 4401 1018 4449 ut
1055 4395 1174 4464 jam
1199 4408 1388 4464 supra,
1420 4390 1448 4464 §
1473 4392 1526 4458 5,
1555 4390 1690 4456 dixi,
1723 4394 1946 4444 suomet
1971 4405 2032 4444 se

2115 1909 2246 1964 dem
2271 1916 2582 1978 consutam,
2615 1911 2786 1966 nimis
2827 1927 2998 1982 quam
3042 1917 3260 1966 notum.
3291 1911 3550 1966 Meminit
3571 1913 3726 1981 ejus-

2116 1998 2244 2052 dem
2280 1997 2516 2054 fraudis~
2531 1999 2692 2054 divus
2742 1999 3114 2072 Hieronymus
3152 2016 3244 2071 ap.
3296 2000 3336 2054 l.
3381 1998 3404 2056 1
3453 1999 3725 2053 adversus

2115 2087 2348 2155 Ruflin.,
2375 2087 2470 2142 lib.
2503 2102 2566 2154 ll,
2597 2093 2656 2142 et
2672 2089 2836 2159 epist.
2868 2085 2957 2154 65,
2993 2088 3063 2142 ad
3093 2089 3191 2143 Pa.
3225 2093 3284 2142 et
3307 2088 3538 2154 Ocean.,
3569 2093 3627 2142 et
3660 2087 3725 2141 in

2118 2193 2238 2248 cap.
2293 2191 2429 2232 xvm
2468 2177 2686 2244 Ezech.,
2718 2183 2776 2231 et
2811 2177 2946 2232 dial.
2989 2177 3114 2231 adv.
3154 2177 3505 2246 Pelagianos,
3549 2193 3725 2248 quam

2117 2265 2367 2319 nondum
2397 2265 2682 2320 detexerat
2710 2266 2871 2320 divus
2911 2265 3307 2338 Hieronymus,
3339 2283 3464 2320 cum
3515 2265 3725 2320 scribe-

2116 2359 2204 2408 ret
2217 2354 2548 2425 Catalogum
2571 2353 2771 2426 Script.
2795 2355 3026 2422 Eccles.,
3050 2361 3115 2410 ut
3133 2361 3286 2426 patet
3307 2354 3560 2425 ejusdem
3591 2371 3719 2426 cap.

2118 2440 2186 2498 75
2216 2443 2274 2497 in
2305 2443 2618 2514 Pamphilo.

2186 2532 2372 2586 Unum
2411 2532 2514 2586 hoc
2551 2532 2662 2586 divi
2690 2531 3016 2605 Hieronymi
3050 2532 3436 2587 testimonium
3465 2532 3725 2588 sufﬁcere

2108 2619 2319 2690 judico,
2343 2626 2408 2675 ut
2433 2621 2576 2675 liber
2598 2621 2688 2676 hic
2706 2621 2929 2676 Rufﬁno
2954 2628 3256 2681 asseratur.
3281 2622 3496 2677 Omitto
3517 2622 3726 2677 suffra-

2111 2709 2234 2780 gari
2267 2707 2394 2765 Mss.
2426 2710 2758 2782 complures,
2790 2716 2856 2764 ut
2882 2711 3361 2766 Audomarensem
3393 2717 3538 2766 notae
3580 2711 3726 2782 opti-

2112 2815 2236 2866 mae,
2257 2804 2314 2853 et
2335 2804 2599 2853 avetusta
2618 2815 2812 2864 manu,
2835 2815 2944 2870 quo
2965 2799 3241 2870 praecipue
3277 2799 3337 2853 in
3361 2799 3722 2854 recensendis

2113 2886 2201 2940 his
2232 2887 2388 2941 libris
2421 2904 2556 2941 usus
2581 2904 2738 2954 sum;
2771 2893 2835 2942 ut
2871 2887 3010 2942 alios
3041 2904 3180 2959 quos
3207 2888 3409 2943 vidisse
3429 2905 3488 2943 se
3517 2888 3724 2943 asserit

2111 2976 2382 3030 Henricus
2403 2976 2655 3042 Gravius,
2690 2976 2836 3030 notis
2864 2976 2937 3031 ad
2964 2976 3125 3048 epist.
3151 2977 3264 3031 divi
3285 2977 3616 3050 Hieronymi
3645 2977 3720 3032 ad

2114 3064 2553 3135 Ctesiphontem,
2580 3065 2648 3118 de
2679 3082 2791 3136 qua
2804 3066 2924 3136 jam
2956 3071 3168 3121 actum.

2181 3153 2381 3208 Nescio
2410 3170 2482 3208 an
2513 3159 2571 3208 et
2601 3153 2859 3209 Rufﬁnus
2886 3155 3006 3224 ipse
3032 3153 3207 3208 videri
3226 3155 3402 3226 possit
3429 3155 3721 3212 insinuare

2110 3258 2170 3297 se
2198 3241 2368 3312 hujus
2402 3241 2528 3296 libri
2555 3249 2843 3297 auctorem
2869 3243 2956 3296 vel
2999 3243 3366 3315 interpretem
3395 3259 3536 3298 esse.
3570 3245 3722 3300 Nam

2111 3347 2232 3402 cap.
2257 3329 2326 3387 29
2347 3329 2474 3384 libri
2503 3331 2672 3402 hujus
2701 3331 2950 3397 secundi,
2983 3330 3077 3386 ubi
3103 3331 3171 3385 de
3202 3333 3444 3387 Macario
3475 3333 3722 3388 Alexan-

2111 3419 2272 3474 drino
2294 3419 2428 3490 agit,
2464 3420 2620 3474 addit
2655 3439 2666 3474 :
2707 3441 2728 3471 α
2765 3421 2871 3475 Sed
2897 3426 2954 3476 et
2994 3421 3191 3488 multa,
3222 3427 3288 3474 ut
3317 3421 3578 3487 diximus,
3607 3422 3725 3477 alia

2113 3507 2182 3562 de
2210 3508 2472 3578 operibus
2499 3509 2676 3562 sancti
2699 3508 2926 3562 Macarii
2952 3509 3309 3564 Alexandrini
3338 3509 3617 3564 mirabilia
3636 3511 3724 3565 fe-

2111 3601 2335 3663 runtur,
2368 3614 2434 3650 ex
2463 3595 2664 3668 quibus
2695 3597 2967 3652 nonnulla
2995 3597 3053 3651 in
3076 3597 3218 3652 libro
3245 3612 3303 3651 x1
3329 3599 3535 3653 Ecclcs.
3565 3599 3712 3655 Hist.

2114 3683 2329 3739 inserta
2357 3685 2451 3756 qui
2470 3685 2705 3756 requirit
2723 3686 2988 3742 inveniet.
3013 3704 3038 3739 ››
3064 3687 3129 3741 In
3154 3703 3264 3758 quo
3297 3685 3439 3741 libro
3461 3701 3540 3753 x1,
3563 3687 3724 3742 vide-

2116 3772 2250 3828 licet
2286 3774 2594 3844 posteriore
2633 3790 2697 3828 ex
2741 3773 2978 3840 duobus,
3023 3773 3092 3828 ab
3120 3773 3360 3846 ipsomet
3396 3774 3618 3830 Rumno
3648 3777 3724 3832 ad

2122 3860 2345 3916 Eusebii
2393 3862 2835 3917 Ecclesiasticam
2872 3861 3176 3917 Historiam
3224 3864 3414 3934 (quam
3453 3880 3484 3918 e
3527 3864 3724 3919 Graeco

2114 3952 2377 4020 verterat)
2407 3949 2630 4016 additis,
2654 3967 2776 4022 cap.
2798 3949 2852 4017 4,
2883 3949 3162 4006 habentur
3179 3952 3434 4023 quaedam
3449 3953 3518 4008 de
3539 3953 3726 4008 Maca-

2115 4036 2200 4091 rio
2219 4037 2614 4105 Alexandrino,
2640 4055 2764 4110 qua:
2792 4039 2898 4093 hoc
2925 4038 3067 4094 libro
3097 4041 3338 4095 secundo
3356 4041 3425 4094 de
3443 4041 3588 4096 Vitis
3617 4043 3726 4098 Pa-

2121 4131 2274 4180 trum
2304 4125 2532 4193 desunt;
2563 4143 2802 4198 quorum
2842 4128 3089 4200 primum
3119 4135 3205 4184 est
3231 4129 3300 4184 de
3327 4147 3470 4184 caeco
3495 4131 3728 4185 relumi-

2119 4219 2270 4281 nato,
2313 4214 2408 4286 qui
2436 4215 2660 4286 pulvere
2694 4232 2759 4270 ex
2788 4217 2926 4270 cella
2954 4217 3184 4272 Macarii
3215 4217 3456 4284 deterso,
3490 4223 3548 4274 et
3574 4235 3726 4290 aqua

2118 4303 2273 4374 putei
2309 4319 2418 4374 quo
2447 4302 2638 4358 bibere
2667 4304 2866 4359 solitus
2895 4310 3018 4360 erat
3034 4312 3334 4374 macerato,
3358 4307 3726 4362 oculosinun-

2112 4391 2220 4459 xit;
2253 4392 2558 4446 secundum
2586 4409 2716 4447 vero
2746 4392 2816 4447 de
2855 4394 3042 4448 leaena
3081 4395 3281 4450 catulis
3309 4395 3432 4450 visu
3476 4396 3720 4463 donatis,

431 4502 658 4540 ornasse
673 4484 950 4558 praeconio
965 4481 1282 4552 Evagrium,
1306 4485 1364 4535 et
1381 4496 1540 4535 suam
1552 4495 1774 4550 quoque
1793 4478 2032 4533 aliorum
2051 4473 2098 4533 D
2112 4479 2183 4534 ad
2214 4497 2336 4551 quae
2365 4481 2488 4552 ipsa
2518 4480 2798 4536 mirabilia
2827 4483 3008 4554 capite
3035 4483 3130 4538 illo
3157 4483 3226 4540 29
3245 4483 3373 4538 libri
3403 4485 3629 4540 secundi
3653 4485 3725 4540 de

429 4573 572 4628 Vitis
599 4572 992 4629 immiscuisse.
1013 4570 1172 4635 Quod
1193 4569 1336 4624 forte
1357 4568 1808 4623 animadvertens
1826 4567 2033 4622 Maria-

429 4679 537 4718 nus
563 4662 843 4717 Victorius
872 4657 1199 4731 Hieronymi
1213 4657 1556 4724 scholiastes,
1579 4655 1918 4712 existimavit
1942 4673 2033 4711 se-

431 4751 618 4806 cundo
633 4751 739 4804 hoc
762 4750 882 4804 loco
903 4748 1136 4802 alterius
1163 4745 1380 4817 Evagrii
1401 4745 1721 4800 distinctam
1731 4743 1800 4799 ab
1819 4746 2038 4818 Hyper-.

430 4838 615 4893 borita
643 4837 982 4892 mentionem
1007 4835 1150 4890 fieri.
1169 4835 1281 4890 Sed
1296 4834 1364 4888 de
1395 4833 1770 4906 Hyperborita
1783 4835 2031 4889 secundo

431 4942 652 4998 quoque
678 4926 799 4980 loco
821 4923 1250 4994 intelligendum
1278 4922 1469 4976 divum
1501 4922 1924 4994 Hieronymum,
1956 4922 2040 4976 ni-

431 5015 538 5069 mis
564 5031 733 5085 quam
764 5011 1126 5067 manifestum
1160 5026 1280 5064 esse
1309 5009 1545 5082 quisque
1565 5010 1961 5082 deprehendet.

500 5101 554 5160 2.
590 5101 733 5167 Quia
760 5100 1082 5156 immediate
1112 5105 1239 5170 post
1269 5097 1438 5153 verba
1464 5099 1554 5153 hic
1584 5115 1648 5152 ex
1675 5098 1804 5154 divo
1844 5099 2035 5154 Hiero-

432 5177 602 5264 nymo
634 5191 856 5246 reddita
901 5187 1190 5258 subjungit
1227 5187 1374 5241 idem
1413 5187 1573 5242 divus
1617 5187 1983 5260 Hieronymus
2016 5207 2028 5242 :

439 5299 466 5334 α
489 5280 652 5335 Illam
681 5286 873 5334 autem
898 5275 1294 5343 temeritatem,
1329 5275 1443 5329 imo
1469 5275 1745 5330 insaniam
1765 5279 1886 5347 ejus
1907 5277 2032 5348 quis

435 5369 604 5438 digno
633 5368 810 5440 possit
845 5365 1120 5436 explicare
1148 5380 1424 5430 sermone,
1461 5365 1608 5436 quod
1636 5365 1840 5420 librum
1871 5366 2033 5438 Xysti

435 5455 808 5528 Pythagorei,
851 5453 1096 5508 hominis
1119 5451 1328 5524 absque
1355 5453 1576 5508 Christo
1604 5459 1773 5525 atque
1801 5453 2030 5521 ethnici,

435 5544 732 5598 immutato
744 5543 990 5609 nomine,
1015 5541 1155 5596 Sixti
1169 5542 1451 5614 martyris,
1476 5547 1534 5598 et
1549 5543 1816 5598 Romame
1846 5543 2033 5598 Eccle-

437 5632 534 5690 siae
579 5631 821 5704 episcopi
875 5629 1240 5704 praenotavit?
1270 5648 1298 5687 ν
1343 5630 1492 5703 quod
1536 5647 1650 5686 non
1678 5629 1748 5686 de
1776 5631 2027 5704 Evagrio,

2113 4567 2258 4622 Vitis
2280 4570 2512 4624 Patrum
2537 4569 2758 4624 videtur
2784 4570 3050 4625 lectorem
3087 4571 3396 4627 remittere.

2186 4656 2458 4728 Equidem
2487 4656 2644 4712 Vitas
2682 4657 2917 4712 Patrum
2947 4658 3183 4730 scriptas
3218 4676 3339 4714 esse
3381 4665 3507 4732 post
3545 4659 3722 4718 libros

2115 4745 2241 4800 illos
2261 4745 2506 4801 historiae
2527 4746 2924 4802 Ecclesiasticae
2937 4763 2972 4802 a
2991 4747 3231 4812 Rutfino,
3263 4749 3468 4820 partim
3487 4751 3726 4805 transla-

2113 4839 2221 4900 tos,
2265 4833 2467 4906 partim
2502 4835 2854 4906 compositos,
2895 4835 3016 4906 ipse
3045 4837 3296 4907 ejusdem
3328 4837 3454 4892 libri
3482 4853 3559 4907 x1,
3597 4856 3722 4911 cap.

2115 4923 2238 4993 jam
2279 4923 2444 4991 dicto,
2477 4923 2771 4978 manifeste
2801 4924 3078 4991 declarat;
3112 4924 3302 4980 subdit
3331 4926 3480 4981 enim
3511 4946 3527 4981 :
3565 4948 3585 4978 ι
3620 4928 3726 4982 Ve-

2120 5027 2248 5066 rum
2277 5013 2324 5066 si
2353 5011 2703 5083 singulorum
2735 5011 3076 5067 mirabilium
3102 5020 3263 5084 gesta
3305 5015 3567 5086 prosequi
3593 5017 3726 5071 veli-

2118 5116 2263 5166 mus,
2295 5100 2687 5154 excludimura
2701 5101 2986 5172 proposita
3005 5100 3294 5171 brevitate,
3323 5103 3562 5158 maxime
3593 5121 3724 5159 cum

2115 5189 2493 5243 narrationem
2516 5189 2726 5260 proprii
2741 5189 2925 5260 operis
2947 5196 3286 5246 mereantur.
3317 5212 3338 5243 ι
3360 5191 3520 5256 Quod
3539 5191 3724 5264 ipsum

2115 5284 2311 5349 postea
2334 5278 2676 5350 praestitisse,
2709 5277 2916 5333 librum
2944 5279 3092 5334 hunc
3119 5297 3149 5334 e
3187 5282 3380 5335 Graeco
3404 5285 3560 5336 textu
3592 5298 3725 5337 con-

2117 5366 2417 5433 cinnando,
2441 5367 2550 5420 divi
2577 5367 2905 5438 Hieronymi
2935 5369 3326 5424 testificatione
3357 5370 3674 5426 didicimus.

2187 5455 2412 5519 Quaeres
2435 5473 2445 5508 :
2469 5455 2618 5509 unde
2639 5460 2755 5509 tam
2771 5455 3039 5522 incertus,
3061 5458 3226 5512 etiam
3237 5460 3357 5530 jam
3379 5459 3530 5525 olim,
3551 5460 3725 5530 hujus

2116 5543 2245 5598 libri
2287 5549 2483 5598 auctor
2525 5541 2666 5597 fuit?
2703 5544 3068 5616 Respondeo:
3102 5547 3246 5611 Quia
3283 5553 3480 5602 auctor
3516 5565 3724 5604 nomen

2115 5648 2282 5688 suum
2293 5631 2712 5703 suppressit,uti
2723 5639 2780 5688 et
2791 5633 3088 5706 interpres,
3107 5634 3324 5707 [xxvm]
3346 5636 3505 5708 cujus
3517 5653 3725 5693 nomen
