  <div class='ocr_page' id='page_1' title='image "/cluster/home/n/w/nwhite01/storage/ocr_20150623/73/umn.31951002477366m/026.png"; bbox 0 0 3958 6394; ppageno 0'>
   <div class='ocr_carea' id='block_1_1' title="bbox 231 391 290 451">
    <p class='ocr_par' dir='ltr' id='par_1_1' title="bbox 231 391 290 451">
     <span class='ocr_line' id='line_1_1' title="bbox 231 391 290 451; baseline -0.051 0"><span class='ocrx_word' id='word_1_1' title='bbox 231 391 290 451; x_wconf 82' lang='grc'>37</span> 
     </span>
    </p>
   </div>
   <div class='ocr_carea' id='block_1_2' title="bbox 1501 385 2201 444">
    <p class='ocr_par' dir='ltr' id='par_1_2' title="bbox 1501 385 2201 444">
     <span class='ocr_line' id='line_1_2' title="bbox 1501 385 2201 444; baseline -0.004 -2"><span class='ocrx_word' id='word_1_2' title='bbox 1501 386 1994 444; x_wconf 86' lang='lat' dir='ltr'>PROLEGOMEN</span> <span class='ocrx_word' id='word_1_3' title='bbox 1998 385 2099 442; x_wconf 88' lang='lat' dir='ltr'><strong>ON</strong></span> <span class='ocrx_word' id='word_1_4' title='bbox 2133 386 2201 439; x_wconf 93' lang='lat' dir='ltr'>V.</span> 
     </span>
    </p>
   </div>
   <div class='ocr_carea' id='block_1_3' title="bbox 3419 386 3488 446">
    <p class='ocr_par' dir='ltr' id='par_1_3' title="bbox 3419 386 3488 446">
     <span class='ocr_line' id='line_1_3' title="bbox 3419 386 3488 446; baseline -0.029 0"><span class='ocrx_word' id='word_1_5' title='bbox 3419 386 3488 446; x_wconf 82' lang='lat'>38</span> 
     </span>
    </p>
   </div>
   <div class='ocr_carea' id='block_1_4' title="bbox 232 509 3489 586">
    <p class='ocr_par' dir='ltr' id='par_1_4' title="bbox 232 509 3489 586">
     <span class='ocr_line' id='line_1_4' title="bbox 232 509 3489 586; baseline -0.002 -13"><span class='ocrx_word' id='word_1_6' title='bbox 232 533 330 573; x_wconf 91' lang='lat' dir='ltr'>non</span> <span class='ocrx_word' id='word_1_7' title='bbox 348 514 453 570; x_wconf 85' lang='lat' dir='ltr'>nisi</span> <span class='ocrx_word' id='word_1_8' title='bbox 481 513 595 569; x_wconf 88' lang='lat' dir='ltr'>divi</span> <span class='ocrx_word' id='word_1_9' title='bbox 620 513 954 586; x_wconf 87' lang='lat' dir='ltr'>Hieronymi</span> <span class='ocrx_word' id='word_1_10' title='bbox 980 518 1039 570; x_wconf 89' lang='lat' dir='ltr'>et</span> <span class='ocrx_word' id='word_1_11' title='bbox 1078 529 1385 585; x_wconf 86' lang='lat' dir='ltr'>paucorum</span> <span class='ocrx_word' id='word_1_12' title='bbox 1429 514 1562 569; x_wconf 90' lang='lat' dir='ltr'>Mss.</span> <span class='ocrx_word' id='word_1_13' title='bbox 1594 514 1801 572; x_wconf 90' lang='lat' dir='ltr'>indicio</span> <span class='ocrx_word' id='word_1_14' title='bbox 1818 515 1863 576; x_wconf 86' lang='lat' dir='ltr'><strong>A</strong></span> <span class='ocrx_word' id='word_1_15' title='bbox 1886 513 2164 583; x_wconf 80' lang='lat' dir='ltr'>quoddam</span> <span class='ocrx_word' id='word_1_16' title='bbox 2187 512 2449 565; x_wconf 87' lang='lat' dir='ltr'>volumen</span> <span class='ocrx_word' id='word_1_17' title='bbox 2482 510 2733 565; x_wconf 88' lang='lat' dir='ltr'>Gothicis</span> <span class='ocrx_word' id='word_1_18' title='bbox 2759 509 2962 565; x_wconf 82' lang='lat' dir='ltr'>litteris</span> <span class='ocrx_word' id='word_1_19' title='bbox 3000 511 3292 583; x_wconf 89' lang='lat' dir='ltr'>scriptum,</span> <span class='ocrx_word' id='word_1_20' title='bbox 3326 514 3489 583; x_wconf 89' lang='lat' dir='ltr'>cujus</span> 
     </span>
    </p>
   </div>
   <div class='ocr_carea' id='block_1_5' title="bbox 233 622 483 663">
    <p class='ocr_par' dir='ltr' id='par_1_5' title="bbox 233 622 483 663">
     <span class='ocr_line' id='line_1_5' title="bbox 233 622 483 663; baseline -0.016 0"><span class='ocrx_word' id='word_1_21' title='bbox 233 622 463 663; x_wconf 84' lang='lat' dir='ltr'>novunus</span> <span class='ocrx_word' id='word_1_22' title='bbox 470 647 483 659; x_wconf 92' lang='lat'>.</span> 
     </span>
    </p>
   </div>
   <div class='ocr_carea' id='block_1_6' title="bbox 292 689 1800 761">
    <p class='ocr_par' dir='ltr' id='par_1_6' title="bbox 292 689 1800 761">
     <span class='ocr_line' id='line_1_6' title="bbox 292 689 1800 761; baseline -0.002 -14"><span class='ocrx_word' id='word_1_23' title='bbox 292 693 395 747; x_wconf 87' lang='lat' dir='ltr'>Cur</span> <span class='ocrx_word' id='word_1_24' title='bbox 422 695 609 745; x_wconf 87' lang='lat' dir='ltr'>autem</span> <span class='ocrx_word' id='word_1_25' title='bbox 646 689 905 746; x_wconf 84' lang='lat' dir='ltr'>Rufﬁnus</span> <span class='ocrx_word' id='word_1_26' title='bbox 941 706 1147 746; x_wconf 88' lang='lat' dir='ltr'>nomen</span> <span class='ocrx_word' id='word_1_27' title='bbox 1190 705 1357 746; x_wconf 89' lang='lat' dir='ltr'>suum</span> <span class='ocrx_word' id='word_1_28' title='bbox 1405 690 1800 761; x_wconf 77' lang='lat' dir='ltr'>suppresserit,</span> 
     </span>
    </p>
   </div>
   <div class='ocr_carea' id='block_1_7' title="bbox 233 780 1805 853">
    <p class='ocr_par' dir='ltr' id='par_1_7' title="bbox 233 780 1805 853">
     <span class='ocr_line' id='line_1_7' title="bbox 233 780 1805 853; baseline 0.001 -18"><span class='ocrx_word' id='word_1_29' title='bbox 233 780 464 835; x_wconf 86' lang='lat' dir='ltr'>existimo</span> <span class='ocrx_word' id='word_1_30' title='bbox 490 780 630 835; x_wconf 86' lang='lat' dir='ltr'>duas</span> <span class='ocrx_word' id='word_1_31' title='bbox 647 780 895 835; x_wconf 81' lang='lat' dir='ltr'>rationes</span> <span class='ocrx_word' id='word_1_32' title='bbox 922 780 1198 851; x_wconf 80' lang='lat' dir='ltr'>assignari</span> <span class='ocrx_word' id='word_1_33' title='bbox 1219 798 1400 853; x_wconf 89' lang='lat' dir='ltr'>posse.</span> <span class='ocrx_word' id='word_1_34' title='bbox 1431 781 1620 835; x_wconf 91' lang='lat' dir='ltr'>Primo</span> <span class='ocrx_word' id='word_1_35' title='bbox 1644 796 1805 836; x_wconf 89' lang='lat' dir='ltr'>:cum</span> 
     </span>
    </p>
   </div>
   <div class='ocr_carea' id='block_1_8' title="bbox 234 868 1800 942">
    <p class='ocr_par' dir='ltr' id='par_1_8' title="bbox 234 868 1800 942">
     <span class='ocr_line' id='line_1_8' title="bbox 234 868 1800 942; baseline 0 -17"><span class='ocrx_word' id='word_1_36' title='bbox 234 870 380 936; x_wconf 90' lang='lat' dir='ltr'>enim,</span> <span class='ocrx_word' id='word_1_37' title='bbox 412 868 687 924; x_wconf 84' lang='lat' dir='ltr'>referente</span> <span class='ocrx_word' id='word_1_38' title='bbox 713 869 1054 942; x_wconf 87' lang='lat' dir='ltr'>Hieronymo</span> <span class='ocrx_word' id='word_1_39' title='bbox 1079 870 1243 942; x_wconf 88' lang='lat' dir='ltr'>epist.</span> <span class='ocrx_word' id='word_1_40' title='bbox 1262 871 1333 925; x_wconf 88' lang='lat' dir='ltr'>ad</span> <span class='ocrx_word' id='word_1_41' title='bbox 1358 870 1800 942; x_wconf 84' lang='lat' dir='ltr'>Ctesiphontem,</span> 
     </span>
    </p>
   </div>
   <div class='ocr_carea' id='block_1_9' title="bbox 233 958 1807 1031">
    <p class='ocr_par' dir='ltr' id='par_1_9' title="bbox 233 958 1807 1031">
     <span class='ocr_line' id='line_1_9' title="bbox 233 958 1807 1031; baseline 0 -16"><span class='ocrx_word' id='word_1_42' title='bbox 233 964 425 1015; x_wconf 81' lang='lat' dir='ltr'>constet</span> <span class='ocrx_word' id='word_1_43' title='bbox 449 960 749 1015; x_wconf 88' lang='lat' dir='ltr'>nonnullos</span> <span class='ocrx_word' id='word_1_44' title='bbox 773 958 1120 1031; x_wconf 86' lang='lat' dir='ltr'>Origenistas</span> <span class='ocrx_word' id='word_1_45' title='bbox 1138 960 1230 1014; x_wconf 88' lang='lat' dir='ltr'>hic</span> <span class='ocrx_word' id='word_1_46' title='bbox 1258 960 1554 1028; x_wconf 91' lang='lat' dir='ltr'>immistos,</span> <span class='ocrx_word' id='word_1_47' title='bbox 1579 978 1693 1015; x_wconf 91' lang='lat' dir='ltr'>non</span> <span class='ocrx_word' id='word_1_48' title='bbox 1712 978 1807 1015; x_wconf 89' lang='lat' dir='ltr'>au-</span> 
     </span>
    </p>
   </div>
   <div class='ocr_carea' id='block_1_10' title="bbox 231 1049 1807 1106">
    <p class='ocr_par' dir='ltr' id='par_1_10' title="bbox 231 1049 1807 1106">
     <span class='ocr_line' id='line_1_10' title="bbox 231 1049 1807 1106; baseline -0.001 -1"><span class='ocrx_word' id='word_1_49' title='bbox 231 1067 314 1105; x_wconf 87' lang='lat' dir='ltr'>sus</span> <span class='ocrx_word' id='word_1_50' title='bbox 332 1049 435 1104; x_wconf 90' lang='lat' dir='ltr'>fuit</span> <span class='ocrx_word' id='word_1_51' title='bbox 463 1066 594 1104; x_wconf 90' lang='lat' dir='ltr'>eum</span> <span class='ocrx_word' id='word_1_52' title='bbox 625 1049 830 1104; x_wconf 88' lang='lat' dir='ltr'>librum</span> <span class='ocrx_word' id='word_1_53' title='bbox 860 1050 1089 1104; x_wconf 89' lang='lat' dir='ltr'>nomine</span> <span class='ocrx_word' id='word_1_54' title='bbox 1105 1066 1206 1105; x_wconf 92' lang='lat' dir='ltr'>suo</span> <span class='ocrx_word' id='word_1_55' title='bbox 1235 1050 1531 1105; x_wconf 84' lang='lat' dir='ltr'>extrudere</span> <span class='ocrx_word' id='word_1_56' title='bbox 1547 1055 1604 1105; x_wconf 92' lang='lat' dir='ltr'>et</span> <span class='ocrx_word' id='word_1_57' title='bbox 1617 1050 1807 1106; x_wconf 87' lang='lat' dir='ltr'>vendi-</span> 
     </span>
    </p>
   </div>
   <div class='ocr_carea' id='block_1_11' title="bbox 233 1139 1803 1213">
    <p class='ocr_par' dir='ltr' id='par_1_11' title="bbox 233 1139 1803 1213">
     <span class='ocr_line' id='line_1_11' title="bbox 233 1139 1803 1213; baseline 0 -19"><span class='ocrx_word' id='word_1_58' title='bbox 233 1146 339 1194; x_wconf 85' lang='lat' dir='ltr'>tare</span> <span class='ocrx_word' id='word_1_59' title='bbox 360 1139 632 1203; x_wconf 86' lang='lat' dir='ltr'>Rufﬁnus,</span> <span class='ocrx_word' id='word_1_60' title='bbox 654 1140 803 1211; x_wconf 90' lang='lat' dir='ltr'>quod</span> <span class='ocrx_word' id='word_1_61' title='bbox 824 1140 943 1211; x_wconf 87' lang='lat' dir='ltr'>ipse</span> <span class='ocrx_word' id='word_1_62' title='bbox 962 1140 1032 1194; x_wconf 90' lang='lat' dir='ltr'>de</span> <span class='ocrx_word' id='word_1_63' title='bbox 1050 1140 1251 1195; x_wconf 62' lang='lat' dir='ltr'>haeresi</span> <span class='ocrx_word' id='word_1_64' title='bbox 1271 1156 1339 1194; x_wconf 91' lang='lat' dir='ltr'>ea</span> <span class='ocrx_word' id='word_1_65' title='bbox 1356 1146 1647 1213; x_wconf 87' lang='lat' dir='ltr'>suspectus</span> <span class='ocrx_word' id='word_1_66' title='bbox 1664 1146 1803 1195; x_wconf 89' lang='lat' dir='ltr'>erat.</span> 
     </span>
    </p>
   </div>
   <div class='ocr_carea' id='block_1_12' title="bbox 234 1228 1810 1300">
    <p class='ocr_par' dir='ltr' id='par_1_12' title="bbox 234 1228 1810 1300">
     <span class='ocr_line' id='line_1_12' title="bbox 234 1228 1810 1300; baseline 0.001 -16"><span class='ocrx_word' id='word_1_67' title='bbox 234 1229 296 1284; x_wconf 88' lang='lat' dir='ltr'>Ut</span> <span class='ocrx_word' id='word_1_68' title='bbox 319 1229 486 1300; x_wconf 83' lang='lat' dir='ltr'>igitur</span> <span class='ocrx_word' id='word_1_69' title='bbox 513 1228 654 1283; x_wconf 89' lang='lat' dir='ltr'>liber</span> <span class='ocrx_word' id='word_1_70' title='bbox 676 1229 766 1283; x_wconf 89' lang='lat' dir='ltr'>hic</span> <span class='ocrx_word' id='word_1_71' title='bbox 794 1230 912 1284; x_wconf 90' lang='lat' dir='ltr'>sine</span> <span class='ocrx_word' id='word_1_72' title='bbox 931 1230 1046 1284; x_wconf 92' lang='lat' dir='ltr'>ullo</span> <span class='ocrx_word' id='word_1_73' title='bbox 1066 1229 1125 1284; x_wconf 90' lang='lat' dir='ltr'>in</span> <span class='ocrx_word' id='word_1_74' title='bbox 1141 1230 1337 1284; x_wconf 90' lang='lat' dir='ltr'>limine</span> <span class='ocrx_word' id='word_1_75' title='bbox 1365 1230 1697 1285; x_wconf 72' lang='lat' dir='ltr'>offendicula</span> <span class='ocrx_word' id='word_1_76' title='bbox 1726 1247 1810 1285; x_wconf 86' lang='lat' dir='ltr'>re-</span> 
     </span>
    </p>
   </div>
   <div class='ocr_carea' id='block_1_13' title="bbox 234 1319 1809 1391">
    <p class='ocr_par' dir='ltr' id='par_1_13' title="bbox 234 1319 1809 1391">
     <span class='ocr_line' id='line_1_13' title="bbox 234 1319 1809 1391; baseline 0.001 -19"><span class='ocrx_word' id='word_1_77' title='bbox 234 1319 510 1390; x_wconf 89' lang='lat' dir='ltr'>ciperetur,</span> <span class='ocrx_word' id='word_1_78' title='bbox 543 1319 925 1391; x_wconf 73' lang='lat' dir='ltr'>praefationem</span> <span class='ocrx_word' id='word_1_79' title='bbox 947 1319 1173 1389; x_wconf 88' lang='lat' dir='ltr'>quidem</span> <span class='ocrx_word' id='word_1_80' title='bbox 1204 1320 1456 1391; x_wconf 67' lang='lat' dir='ltr'>przeﬁxit,</span> <span class='ocrx_word' id='word_1_81' title='bbox 1486 1320 1584 1373; x_wconf 90' lang='lat' dir='ltr'>sed</span> <span class='ocrx_word' id='word_1_82' title='bbox 1603 1337 1809 1374; x_wconf 91' lang='lat' dir='ltr'>nomen</span> 
     </span>
    </p>
   </div>
   <div class='ocr_carea' id='block_1_14' title="bbox 232 1407 1810 1481">
    <p class='ocr_par' dir='ltr' id='par_1_14' title="bbox 232 1407 1810 1481">
     <span class='ocr_line' id='line_1_14' title="bbox 232 1407 1810 1481; baseline 0.001 -19"><span class='ocrx_word' id='word_1_83' title='bbox 232 1407 506 1464; x_wconf 87' lang='lat' dir='ltr'>subticuit.</span> <span class='ocrx_word' id='word_1_84' title='bbox 544 1408 752 1462; x_wconf 91' lang='lat' dir='ltr'>Eodem</span> <span class='ocrx_word' id='word_1_85' title='bbox 783 1408 947 1463; x_wconf 91' lang='lat' dir='ltr'>modo</span> <span class='ocrx_word' id='word_1_86' title='bbox 976 1426 1181 1463; x_wconf 90' lang='lat' dir='ltr'>nomen</span> <span class='ocrx_word' id='word_1_87' title='bbox 1214 1426 1381 1464; x_wconf 89' lang='lat' dir='ltr'>suum</span> <span class='ocrx_word' id='word_1_88' title='bbox 1411 1409 1723 1481; x_wconf 88' lang='lat' dir='ltr'>suppressit</span> <span class='ocrx_word' id='word_1_89' title='bbox 1750 1410 1810 1463; x_wconf 89' lang='lat' dir='ltr'>in</span> 
     </span>
    </p>
   </div>
   <div class='ocr_carea' id='block_1_15' title="bbox 179 1495 1805 1572">
    <p class='ocr_par' dir='ltr' id='par_1_15' title="bbox 179 1495 1805 1572">
     <span class='ocr_line' id='line_1_15' title="bbox 179 1495 1805 1572; baseline -0.001 -20"><span class='ocrx_word' id='word_1_90' title='bbox 179 1521 184 1526; x_wconf 60' lang='grc' dir='ltr'><strong><em>υ</em></strong></span> <span class='ocrx_word' id='word_1_91' title='bbox 233 1498 456 1552; x_wconf 88' lang='lat' dir='ltr'>editione</span> <span class='ocrx_word' id='word_1_92' title='bbox 481 1497 866 1553; x_wconf 85' lang='lat' dir='ltr'>translationis</span> <span class='ocrx_word' id='word_1_93' title='bbox 890 1498 1162 1553; x_wconf 85' lang='lat' dir='ltr'>librorum</span> <span class='ocrx_word' id='word_1_94' title='bbox 1191 1499 1450 1570; x_wconf 81' lang='lat' dir='ltr'>Origenis</span> <span class='ocrx_word' id='word_1_95' title='bbox 1476 1501 1585 1570; x_wconf 77' lang='grc' dir='ltr'>περὶ</span> <span class='ocrx_word' id='word_1_96' title='bbox 1612 1495 1805 1572; x_wconf 72' lang='grc' dir='ltr'>ἀρχῶν,</span> 
     </span>
    </p>
   </div>
   <div class='ocr_carea' id='block_1_16' title="bbox 234 1586 1804 1659">
    <p class='ocr_par' dir='ltr' id='par_1_16' title="bbox 234 1586 1804 1659">
     <span class='ocr_line' id='line_1_16' title="bbox 234 1586 1804 1659; baseline 0.001 -17"><span class='ocrx_word' id='word_1_97' title='bbox 234 1586 368 1659; x_wconf 88' lang='lat' dir='ltr'>quod</span> <span class='ocrx_word' id='word_1_98' title='bbox 384 1587 757 1659; x_wconf 86' lang='lat' dir='ltr'>Hieronymus</span> <span class='ocrx_word' id='word_1_99' title='bbox 788 1588 999 1642; x_wconf 85' lang='lat' dir='ltr'>indicat</span> <span class='ocrx_word' id='word_1_100' title='bbox 1044 1588 1208 1659; x_wconf 88' lang='lat' dir='ltr'>epist.</span> <span class='ocrx_word' id='word_1_101' title='bbox 1253 1587 1321 1643; x_wconf 84' lang='lat'>66</span> <span class='ocrx_word' id='word_1_102' title='bbox 1361 1589 1432 1642; x_wconf 87' lang='lat' dir='ltr'>ad</span> <span class='ocrx_word' id='word_1_103' title='bbox 1480 1588 1804 1643; x_wconf 84' lang='lat' dir='ltr'>Rufﬁnum:</span> 
     </span>
    </p>
   </div>
   <div class='ocr_carea' id='block_1_17' title="bbox 237 1674 1810 1751">
    <p class='ocr_par' dir='ltr' id='par_1_17' title="bbox 237 1674 1810 1751">
     <span class='ocr_line' id='line_1_17' title="bbox 237 1674 1810 1751; baseline 0.003 -22"><span class='ocrx_word' id='word_1_104' title='bbox 237 1694 261 1729; x_wconf 77' lang='grc' dir='ltr'>α</span> <span class='ocrx_word' id='word_1_105' title='bbox 287 1678 709 1732; x_wconf 73' lang='lat' dir='ltr'>Praefatiuncula</span> <span class='ocrx_word' id='word_1_106' title='bbox 737 1677 1012 1732; x_wconf 83' lang='lat' dir='ltr'>librorum</span> <span class='ocrx_word' id='word_1_107' title='bbox 1052 1679 1161 1749; x_wconf 79' lang='grc' dir='ltr'>περὶ</span> <span class='ocrx_word' id='word_1_108' title='bbox 1191 1674 1365 1751; x_wconf 76' lang='grc' dir='ltr'>ἀρχῶν</span> <span class='ocrx_word' id='word_1_109' title='bbox 1406 1679 1478 1733; x_wconf 89' lang='lat' dir='ltr'>ad</span> <span class='ocrx_word' id='word_1_110' title='bbox 1517 1694 1607 1732; x_wconf 88' lang='lat' dir='ltr'>me</span> <span class='ocrx_word' id='word_1_111' title='bbox 1638 1679 1810 1733; x_wconf 87' lang='lat' dir='ltr'>missa</span> 
     </span>
    </p>
   </div>
   <div class='ocr_carea' id='block_1_18' title="bbox 234 1768 1470 1839">
    <p class='ocr_par' dir='ltr' id='par_1_18' title="bbox 234 1768 1470 1839">
     <span class='ocr_line' id='line_1_18' title="bbox 234 1768 1470 1839; baseline -0.001 -17"><span class='ocrx_word' id='word_1_112' title='bbox 234 1772 325 1833; x_wconf 86' lang='lat' dir='ltr'>est,</span> <span class='ocrx_word' id='word_1_113' title='bbox 357 1784 523 1839; x_wconf 89' lang='lat' dir='ltr'>quam</span> <span class='ocrx_word' id='word_1_114' title='bbox 552 1785 617 1821; x_wconf 86' lang='lat' dir='ltr'>ex</span> <span class='ocrx_word' id='word_1_115' title='bbox 645 1768 789 1839; x_wconf 91' lang='lat' dir='ltr'>stylo</span> <span class='ocrx_word' id='word_1_116' title='bbox 820 1768 1068 1822; x_wconf 85' lang='lat' dir='ltr'>intellexi</span> <span class='ocrx_word' id='word_1_117' title='bbox 1089 1772 1246 1823; x_wconf 89' lang='lat' dir='ltr'>tuam</span> <span class='ocrx_word' id='word_1_118' title='bbox 1276 1785 1415 1823; x_wconf 89' lang='lat' dir='ltr'>esse.</span> <span class='ocrx_word' id='word_1_119' title='bbox 1442 1786 1470 1821; x_wconf 65' lang='grc' dir='ltr'><strong>ν</strong></span> 
     </span>
    </p>
   </div>
   <div class='ocr_carea' id='block_1_19' title="bbox 1884 600 3485 667">
    <p class='ocr_par' dir='ltr' id='par_1_19' title="bbox 1884 600 3485 667">
     <span class='ocr_line' id='line_1_19' title="bbox 1884 600 3485 667; baseline 0.001 -12"><span class='ocrx_word' id='word_1_120' title='bbox 1884 602 2087 657; x_wconf 87' lang='lat' dir='ltr'>titulus</span> <span class='ocrx_word' id='word_1_121' title='bbox 2111 606 2251 667; x_wconf 87' lang='lat' dir='ltr'>erat,</span> <span class='ocrx_word' id='word_1_122' title='bbox 2299 603 2423 656; x_wconf 70' lang='lat' dir='ltr'>Vita:</span> <span class='ocrx_word' id='word_1_123' title='bbox 2436 603 2671 655; x_wconf 79' lang='lat' dir='ltr'>Patrum</span> <span class='ocrx_word' id='word_1_124' title='bbox 2691 601 3085 666; x_wconf 80' lang='lat' dir='ltr'>Orientalium,</span> <span class='ocrx_word' id='word_1_125' title='bbox 3103 600 3223 655; x_wconf 90' lang='lat' dir='ltr'>sine</span> <span class='ocrx_word' id='word_1_126' title='bbox 3236 607 3485 657; x_wconf 87' lang='lat' dir='ltr'>auctore.</span> 
     </span>
    </p>
   </div>
   <div class='ocr_carea' id='block_1_20' title="bbox 1887 690 3487 762">
    <p class='ocr_par' dir='ltr' id='par_1_20' title="bbox 1887 690 3487 762">
     <span class='ocr_line' id='line_1_20' title="bbox 1887 690 3487 762; baseline 0.001 -17"><span class='ocrx_word' id='word_1_127' title='bbox 1887 692 2048 756; x_wconf 85' lang='lat' dir='ltr'>Quod</span> <span class='ocrx_word' id='word_1_128' title='bbox 2077 698 2267 746; x_wconf 87' lang='lat' dir='ltr'>tamen</span> <span class='ocrx_word' id='word_1_129' title='bbox 2296 690 2482 745; x_wconf 91' lang='lat' dir='ltr'>inveni</span> <span class='ocrx_word' id='word_1_130' title='bbox 2503 691 2561 744; x_wconf 93' lang='lat' dir='ltr'>in</span> <span class='ocrx_word' id='word_1_131' title='bbox 2580 690 2904 761; x_wconf 71' lang='lat' dir='ltr'>praefatione</span> <span class='ocrx_word' id='word_1_132' title='bbox 2922 690 3190 762; x_wconf 87' lang='lat' dir='ltr'>scriptum</span> <span class='ocrx_word' id='word_1_133' title='bbox 3210 709 3246 745; x_wconf 88' lang='lat' dir='ltr'>a</span> <span class='ocrx_word' id='word_1_134' title='bbox 3264 692 3487 747; x_wconf 88' lang='lat' dir='ltr'>Valerio</span> 
     </span>
    </p>
   </div>
   <div class='ocr_carea' id='block_1_21' title="bbox 1887 778 3489 851">
    <p class='ocr_par' dir='ltr' id='par_1_21' title="bbox 1887 778 3489 851">
     <span class='ocr_line' id='line_1_21' title="bbox 1887 778 3489 851; baseline 0.001 -16"><span class='ocrx_word' id='word_1_135' title='bbox 1887 781 2232 836; x_wconf 84' lang='lat' dir='ltr'>Asturicensi</span> <span class='ocrx_word' id='word_1_136' title='bbox 2259 780 2763 851; x_wconf 87' lang='lat' dir='ltr'>archipresbytero,</span> <span class='ocrx_word' id='word_1_137' title='bbox 2796 795 2909 834; x_wconf 65' lang='lat' dir='ltr'>aera</span> <span class='ocrx_word' id='word_1_138' title='bbox 2936 778 3058 846; x_wconf 76' lang='grc'>940,</span> <span class='ocrx_word' id='word_1_139' title='bbox 3092 780 3197 835; x_wconf 91' lang='lat' dir='ltr'>hoc</span> <span class='ocrx_word' id='word_1_140' title='bbox 3226 787 3314 836; x_wconf 91' lang='lat' dir='ltr'>est</span> <span class='ocrx_word' id='word_1_141' title='bbox 3340 798 3489 836; x_wconf 90' lang='lat' dir='ltr'>anno</span> 
     </span>
    </p>
   </div>
   <div class='ocr_carea' id='block_1_22' title="bbox 1888 869 3490 938">
    <p class='ocr_par' dir='ltr' id='par_1_22' title="bbox 1888 869 3490 938">
     <span class='ocr_line' id='line_1_22' title="bbox 1888 869 3490 938; baseline 0 -13"><span class='ocrx_word' id='word_1_142' title='bbox 1888 870 2115 925; x_wconf 90' lang='lat' dir='ltr'>Domini</span> <span class='ocrx_word' id='word_1_143' title='bbox 2134 870 2261 927; x_wconf 76' lang='lat'>902.</span> <span class='ocrx_word' id='word_1_144' title='bbox 2294 869 2700 924; x_wconf 88' lang='lat' dir='ltr'>Exordiebatur</span> <span class='ocrx_word' id='word_1_145' title='bbox 2726 875 2917 923; x_wconf 90' lang='lat' dir='ltr'>autem</span> <span class='ocrx_word' id='word_1_146' title='bbox 2933 886 2968 923; x_wconf 90' lang='lat' dir='ltr'>a</span> <span class='ocrx_word' id='word_1_147' title='bbox 2994 869 3125 923; x_wconf 82' lang='lat' dir='ltr'>Vita</span> <span class='ocrx_word' id='word_1_148' title='bbox 3152 871 3404 938; x_wconf 80' lang='lat' dir='ltr'>Joannis,</span> <span class='ocrx_word' id='word_1_149' title='bbox 3420 872 3490 925; x_wconf 89' lang='lat' dir='ltr'>de</span> 
     </span>
    </p>
   </div>
   <div class='ocr_carea' id='block_1_23' title="bbox 1892 958 3489 1031">
    <p class='ocr_par' dir='ltr' id='par_1_23' title="bbox 1892 958 3489 1031">
     <span class='ocr_line' id='line_1_23' title="bbox 1892 958 3489 1031; baseline 0.001 -18"><span class='ocrx_word' id='word_1_150' title='bbox 1892 976 2001 1029; x_wconf 91' lang='lat' dir='ltr'>quo</span> <span class='ocrx_word' id='word_1_151' title='bbox 2015 959 2159 1013; x_wconf 90' lang='lat' dir='ltr'>liber</span> <span class='ocrx_word' id='word_1_152' title='bbox 2178 959 2399 1030; x_wconf 85' lang='lat' dir='ltr'>Evagrii</span> <span class='ocrx_word' id='word_1_153' title='bbox 2420 959 2625 1027; x_wconf 88' lang='lat' dir='ltr'>(verius</span> <span class='ocrx_word' id='word_1_154' title='bbox 2646 958 2954 1025; x_wconf 81' lang='lat' dir='ltr'>Rufﬁni,ut</span> <span class='ocrx_word' id='word_1_155' title='bbox 2961 959 3080 1029; x_wconf 90' lang='lat' dir='ltr'>jam</span> <span class='ocrx_word' id='word_1_156' title='bbox 3094 960 3368 1031; x_wconf 87' lang='lat' dir='ltr'>probavi),</span> <span class='ocrx_word' id='word_1_157' title='bbox 3391 961 3489 1015; x_wconf 89' lang='lat' dir='ltr'>sed</span> 
     </span>
    </p>
   </div>
   <div class='ocr_carea' id='block_1_24' title="bbox 1891 1037 3487 1119">
    <p class='ocr_par' dir='ltr' id='par_1_24' title="bbox 1891 1037 3487 1119">
     <span class='ocr_line' id='line_1_24' title="bbox 1891 1037 3487 1119; baseline 0.001 -16"><span class='ocrx_word' id='word_1_158' title='bbox 1891 1049 2070 1103; x_wconf 91' lang='lat' dir='ltr'>multo</span> <span class='ocrx_word' id='word_1_159' title='bbox 2084 1037 2570 1119; x_wconf 36' lang='lat' dir='ltr'>longioreIDeinde</span> <span class='ocrx_word' id='word_1_160' title='bbox 2584 1047 2828 1103; x_wconf 86' lang='lat' dir='ltr'>habebat</span> <span class='ocrx_word' id='word_1_161' title='bbox 2841 1048 3049 1103; x_wconf 87' lang='lat' dir='ltr'>multas</span> <span class='ocrx_word' id='word_1_162' title='bbox 3064 1049 3222 1103; x_wconf 83' lang='lat' dir='ltr'>Vitas</span> <span class='ocrx_word' id='word_1_163' title='bbox 3234 1050 3463 1104; x_wconf 82' lang='lat' dir='ltr'>Patrum</span> <span class='ocrx_word' id='word_1_164' title='bbox 3473 1090 3487 1118; x_wconf 92' lang='lat'>,</span> 
     </span>
    </p>
   </div>
   <div class='ocr_carea' id='block_1_25' title="bbox 1890 1137 3494 1209">
    <p class='ocr_par' dir='ltr' id='par_1_25' title="bbox 1890 1137 3494 1209">
     <span class='ocr_line' id='line_1_25' title="bbox 1890 1137 3494 1209; baseline 0.002 -18"><span class='ocrx_word' id='word_1_165' title='bbox 1890 1139 2056 1209; x_wconf 88' lang='lat' dir='ltr'>longe</span> <span class='ocrx_word' id='word_1_166' title='bbox 2079 1139 2425 1193; x_wconf 91' lang='lat' dir='ltr'>diversorum</span> <span class='ocrx_word' id='word_1_167' title='bbox 2457 1138 2526 1193; x_wconf 91' lang='lat' dir='ltr'>ab</span> <span class='ocrx_word' id='word_1_168' title='bbox 2555 1138 2623 1192; x_wconf 91' lang='lat' dir='ltr'>iis</span> <span class='ocrx_word' id='word_1_169' title='bbox 2654 1138 2750 1209; x_wconf 85' lang='lat' dir='ltr'>qui</span> <span class='ocrx_word' id='word_1_170' title='bbox 2780 1137 3102 1193; x_wconf 89' lang='lat' dir='ltr'>referuntur</span> <span class='ocrx_word' id='word_1_171' title='bbox 3119 1140 3494 1194; x_wconf 89' lang='lat' dir='ltr'>communiter</span> 
     </span>
    </p>
   </div>
   <div class='ocr_carea' id='block_1_26' title="bbox 1893 1227 3494 1299">
    <p class='ocr_par' dir='ltr' id='par_1_26' title="bbox 1893 1227 3494 1299">
     <span class='ocr_line' id='line_1_26' title="bbox 1893 1227 3494 1299; baseline 0.001 -17"><span class='ocrx_word' id='word_1_172' title='bbox 1893 1227 1953 1282; x_wconf 93' lang='lat' dir='ltr'>in</span> <span class='ocrx_word' id='word_1_173' title='bbox 1998 1229 2143 1282; x_wconf 83' lang='lat' dir='ltr'>Vitis</span> <span class='ocrx_word' id='word_1_174' title='bbox 2196 1229 2446 1295; x_wconf 83' lang='lat' dir='ltr'>Patrum,</span> <span class='ocrx_word' id='word_1_175' title='bbox 2508 1244 2678 1299; x_wconf 89' lang='lat' dir='ltr'>quam</span> <span class='ocrx_word' id='word_1_176' title='bbox 2736 1227 2805 1281; x_wconf 92' lang='lat' dir='ltr'>ob</span> <span class='ocrx_word' id='word_1_177' title='bbox 2862 1244 2981 1281; x_wconf 90' lang='lat' dir='ltr'>rem</span> <span class='ocrx_word' id='word_1_178' title='bbox 3029 1244 3253 1282; x_wconf 91' lang='lat' dir='ltr'>omnem</span> <span class='ocrx_word' id='word_1_179' title='bbox 3308 1245 3494 1284; x_wconf 86' lang='lat' dir='ltr'>meam</span> 
     </span>
    </p>
   </div>
   <div class='ocr_carea' id='block_1_27' title="bbox 1890 1316 3383 1390">
    <p class='ocr_par' dir='ltr' id='par_1_27' title="bbox 1890 1316 3383 1390">
     <span class='ocr_line' id='line_1_27' title="bbox 1890 1316 3383 1390; baseline -0.001 -19"><span class='ocrx_word' id='word_1_180' title='bbox 1890 1318 2264 1390; x_wconf 88' lang='lat' dir='ltr'>suspicionem</span> <span class='ocrx_word' id='word_1_181' title='bbox 2293 1317 2489 1388; x_wconf 89' lang='lat' dir='ltr'>abjeci.</span> <span class='ocrx_word' id='word_1_182' title='bbox 2528 1336 2553 1369; x_wconf 90' lang='lat'>»</span> <span class='ocrx_word' id='word_1_183' title='bbox 2587 1318 2871 1371; x_wconf 88' lang='lat' dir='ltr'>Hactenus</span> <span class='ocrx_word' id='word_1_184' title='bbox 2902 1316 3152 1371; x_wconf 89' lang='lat' dir='ltr'>Castrius</span> <span class='ocrx_word' id='word_1_185' title='bbox 3173 1323 3383 1373; x_wconf 88' lang='lat' dir='ltr'>noster.</span> 
     </span>
    </p>
   </div>
   <div class='ocr_carea' id='block_1_28' title="bbox 1964 1407 3493 1478">
    <p class='ocr_par' dir='ltr' id='par_1_28' title="bbox 1964 1407 3493 1478">
     <span class='ocr_line' id='line_1_28' title="bbox 1964 1407 3493 1478; baseline -0.002 -15"><span class='ocrx_word' id='word_1_186' title='bbox 1964 1409 2206 1463; x_wconf 89' lang='lat' dir='ltr'>Omnino</span> <span class='ocrx_word' id='word_1_187' title='bbox 2236 1407 2451 1463; x_wconf 86' lang='lat' dir='ltr'>occasio</span> <span class='ocrx_word' id='word_1_188' title='bbox 2476 1407 2796 1478; x_wconf 89' lang='lat' dir='ltr'>suspicandi</span> <span class='ocrx_word' id='word_1_189' title='bbox 2816 1413 2956 1473; x_wconf 89' lang='lat' dir='ltr'>erat,</span> <span class='ocrx_word' id='word_1_190' title='bbox 2977 1424 3104 1461; x_wconf 91' lang='lat' dir='ltr'>cum</span> <span class='ocrx_word' id='word_1_191' title='bbox 3121 1424 3327 1461; x_wconf 90' lang='lat' dir='ltr'>nomen</span> <span class='ocrx_word' id='word_1_192' title='bbox 3354 1407 3493 1461; x_wconf 89' lang='lat' dir='ltr'>illud</span> 
     </span>
    </p>
   </div>
   <div class='ocr_carea' id='block_1_29' title="bbox 1890 1496 3493 1570">
    <p class='ocr_par' dir='ltr' id='par_1_29' title="bbox 1890 1496 3493 1570">
     <span class='ocr_line' id='line_1_29' title="bbox 1890 1496 3493 1570; baseline -0.002 -17"><span class='ocrx_word' id='word_1_193' title='bbox 1890 1499 2143 1570; x_wconf 64' lang='lat' dir='ltr'>praefatio</span> <span class='ocrx_word' id='word_1_194' title='bbox 2168 1499 2472 1569; x_wconf 78' lang='lat' dir='ltr'>praeferret.</span> <span class='ocrx_word' id='word_1_195' title='bbox 2492 1498 2600 1551; x_wconf 91' lang='lat' dir='ltr'>Sed</span> <span class='ocrx_word' id='word_1_196' title='bbox 2615 1497 2991 1551; x_wconf 91' lang='lat' dir='ltr'>certissimum</span> <span class='ocrx_word' id='word_1_197' title='bbox 3001 1496 3162 1550; x_wconf 89' lang='lat' dir='ltr'>nobis</span> <span class='ocrx_word' id='word_1_198' title='bbox 3175 1497 3244 1550; x_wconf 93' lang='lat' dir='ltr'>de</span> <span class='ocrx_word' id='word_1_199' title='bbox 3265 1502 3493 1551; x_wconf 90' lang='lat' dir='ltr'>auctore</span> 
     </span>
    </p>
   </div>
   <div class='ocr_carea' id='block_1_30' title="bbox 1892 1586 3495 1660">
    <p class='ocr_par' dir='ltr' id='par_1_30' title="bbox 1892 1586 3495 1660">
     <span class='ocr_line' id='line_1_30' title="bbox 1892 1586 3495 1660; baseline -0.002 -18"><span class='ocrx_word' id='word_1_200' title='bbox 1892 1589 1978 1642; x_wconf 87' lang='lat' dir='ltr'>vel</span> <span class='ocrx_word' id='word_1_201' title='bbox 2000 1589 2306 1660; x_wconf 88' lang='lat' dir='ltr'>interprete</span> <span class='ocrx_word' id='word_1_202' title='bbox 2330 1588 2499 1659; x_wconf 87' lang='lat' dir='ltr'>hujus</span> <span class='ocrx_word' id='word_1_203' title='bbox 2512 1587 2743 1643; x_wconf 90' lang='lat' dir='ltr'>secundi</span> <span class='ocrx_word' id='word_1_204' title='bbox 2770 1586 2897 1641; x_wconf 88' lang='lat' dir='ltr'>libri</span> <span class='ocrx_word' id='word_1_205' title='bbox 2918 1604 2982 1641; x_wconf 83' lang='lat' dir='ltr'>ex</span> <span class='ocrx_word' id='word_1_206' title='bbox 3008 1587 3133 1641; x_wconf 86' lang='lat' dir='ltr'>divo</span> <span class='ocrx_word' id='word_1_207' title='bbox 3150 1587 3495 1658; x_wconf 88' lang='lat' dir='ltr'>Hieronymo</span> 
     </span>
    </p>
   </div>
   <div class='ocr_carea' id='block_1_31' title="bbox 1892 1675 3497 1748">
    <p class='ocr_par' dir='ltr' id='par_1_31' title="bbox 1892 1675 3497 1748">
     <span class='ocr_line' id='line_1_31' title="bbox 1892 1675 3497 1748; baseline -0.001 -17"><span class='ocrx_word' id='word_1_208' title='bbox 1892 1677 2143 1748; x_wconf 86' lang='lat' dir='ltr'>suppetit</span> <span class='ocrx_word' id='word_1_209' title='bbox 2169 1676 2574 1731; x_wconf 89' lang='lat' dir='ltr'>testimonium.</span> <span class='ocrx_word' id='word_1_210' title='bbox 2601 1676 2767 1742; x_wconf 89' lang='lat' dir='ltr'>Quin,</span> <span class='ocrx_word' id='word_1_211' title='bbox 2797 1676 2945 1747; x_wconf 93' lang='lat' dir='ltr'>quod</span> <span class='ocrx_word' id='word_1_212' title='bbox 2974 1676 3116 1729; x_wconf 87' lang='lat' dir='ltr'>liber</span> <span class='ocrx_word' id='word_1_213' title='bbox 3157 1675 3252 1729; x_wconf 90' lang='lat' dir='ltr'>ille</span> <span class='ocrx_word' id='word_1_214' title='bbox 3283 1675 3497 1729; x_wconf 82' lang='lat' dir='ltr'>Toleta-</span> 
     </span>
    </p>
   </div>
   <div class='ocr_carea' id='block_1_32' title="bbox 1893 1764 3496 1838">
    <p class='ocr_par' dir='ltr' id='par_1_32' title="bbox 1893 1764 3496 1838">
     <span class='ocr_line' id='line_1_32' title="bbox 1893 1764 3496 1838; baseline -0.001 -19"><span class='ocrx_word' id='word_1_215' title='bbox 1893 1783 1999 1820; x_wconf 92' lang='lat' dir='ltr'>nus</span> <span class='ocrx_word' id='word_1_216' title='bbox 2031 1767 2253 1821; x_wconf 88' lang='lat' dir='ltr'>dicatur</span> <span class='ocrx_word' id='word_1_217' title='bbox 2281 1767 2524 1838; x_wconf 88' lang='lat' dir='ltr'>scriptus</span> <span class='ocrx_word' id='word_1_218' title='bbox 2552 1784 2587 1820; x_wconf 90' lang='lat' dir='ltr'>a</span> <span class='ocrx_word' id='word_1_219' title='bbox 2614 1766 2857 1831; x_wconf 88' lang='lat' dir='ltr'>Valerio,</span> <span class='ocrx_word' id='word_1_220' title='bbox 2890 1782 3003 1819; x_wconf 91' lang='lat' dir='ltr'>non</span> <span class='ocrx_word' id='word_1_221' title='bbox 3032 1765 3224 1819; x_wconf 85' lang='lat' dir='ltr'>statim</span> <span class='ocrx_word' id='word_1_222' title='bbox 3252 1764 3383 1818; x_wconf 89' lang='lat' dir='ltr'>inde</span> <span class='ocrx_word' id='word_1_223' title='bbox 3412 1782 3496 1818; x_wconf 88' lang='lat' dir='ltr'>se-</span> 
     </span>
    </p>
   </div>
   <div class='ocr_carea' id='block_1_33' title="bbox 297 1841 3496 1928">
    <p class='ocr_par' dir='ltr' id='par_1_33' title="bbox 297 1841 3496 1928">
     <span class='ocr_line' id='line_1_33' title="bbox 297 1841 3496 1928; baseline -0.002 -16"><span class='ocrx_word' id='word_1_224' title='bbox 297 1857 563 1925; x_wconf 92' lang='lat' dir='ltr'>Secundo,</span> <span class='ocrx_word' id='word_1_225' title='bbox 585 1857 719 1928; x_wconf 89' lang='lat' dir='ltr'>quia</span> <span class='ocrx_word' id='word_1_226' title='bbox 738 1858 994 1912; x_wconf 79' lang='lat' dir='ltr'>Rutﬁnus</span> <span class='ocrx_word' id='word_1_227' title='bbox 1014 1858 1183 1928; x_wconf 86' lang='lat' dir='ltr'>hujus</span> <span class='ocrx_word' id='word_1_228' title='bbox 1202 1857 1330 1912; x_wconf 89' lang='lat' dir='ltr'>libri</span> <span class='ocrx_word' id='word_1_229' title='bbox 1348 1875 1462 1912; x_wconf 91' lang='lat' dir='ltr'>non</span> <span class='ocrx_word' id='word_1_230' title='bbox 1475 1862 1596 1912; x_wconf 89' lang='lat' dir='ltr'>tam</span> <span class='ocrx_word' id='word_1_231' title='bbox 1617 1863 1812 1913; x_wconf 77' lang='lat' dir='ltr'>auctor</span> <span class='ocrx_word' id='word_1_232' title='bbox 1829 1841 1882 1902; x_wconf 85' lang='grc' dir='ltr'>Β</span> <span class='ocrx_word' id='word_1_233' title='bbox 1895 1857 2089 1928; x_wconf 87' lang='lat' dir='ltr'>quitur</span> <span class='ocrx_word' id='word_1_234' title='bbox 2107 1874 2235 1910; x_wconf 91' lang='lat' dir='ltr'>eum</span> <span class='ocrx_word' id='word_1_235' title='bbox 2258 1857 2306 1926; x_wconf 89' lang='lat' dir='ltr'>ej</span> <span class='ocrx_word' id='word_1_236' title='bbox 2316 1873 2379 1910; x_wconf 92' lang='lat' dir='ltr'>us</span> <span class='ocrx_word' id='word_1_237' title='bbox 2404 1855 2533 1909; x_wconf 87' lang='lat' dir='ltr'>libri</span> <span class='ocrx_word' id='word_1_238' title='bbox 2550 1861 2839 1909; x_wconf 84' lang='lat' dir='ltr'>auctorem</span> <span class='ocrx_word' id='word_1_239' title='bbox 2854 1872 2994 1909; x_wconf 92' lang='lat' dir='ltr'>esse.</span> <span class='ocrx_word' id='word_1_240' title='bbox 3015 1854 3175 1909; x_wconf 87' lang='lat' dir='ltr'>Multi</span> <span class='ocrx_word' id='word_1_241' title='bbox 3197 1854 3496 1925; x_wconf 88' lang='lat' dir='ltr'>scriptores</span> 
     </span>
    </p>
   </div>
   <div class='ocr_carea' id='block_1_34' title="bbox 235 1947 1812 2019">
    <p class='ocr_par' dir='ltr' id='par_1_34' title="bbox 235 1947 1812 2019">
     <span class='ocr_line' id='line_1_34' title="bbox 235 1947 1812 2019; baseline 0.001 -18"><span class='ocrx_word' id='word_1_242' title='bbox 235 1947 308 2017; x_wconf 87' lang='lat' dir='ltr'>(ut</span> <span class='ocrx_word' id='word_1_243' title='bbox 323 1949 437 2018; x_wconf 89' lang='lat' dir='ltr'>jam</span> <span class='ocrx_word' id='word_1_244' title='bbox 458 1947 599 2017; x_wconf 80' lang='lat' dir='ltr'>dixi)</span> <span class='ocrx_word' id='word_1_245' title='bbox 616 1964 786 2017; x_wconf 90' lang='lat' dir='ltr'>quam</span> <span class='ocrx_word' id='word_1_246' title='bbox 799 1948 1076 2019; x_wconf 85' lang='lat' dir='ltr'>interpres</span> <span class='ocrx_word' id='word_1_247' title='bbox 1095 1952 1182 2002; x_wconf 91' lang='lat' dir='ltr'>est</span> <span class='ocrx_word' id='word_1_248' title='bbox 1202 1966 1213 1999; x_wconf 91' lang='lat'><strong>:</strong></span> <span class='ocrx_word' id='word_1_249' title='bbox 1235 1948 1472 2019; x_wconf 91' lang='lat' dir='ltr'>ideoque</span> <span class='ocrx_word' id='word_1_250' title='bbox 1492 1948 1673 2003; x_wconf 92' lang='lat' dir='ltr'>noluit</span> <span class='ocrx_word' id='word_1_251' title='bbox 1684 1965 1812 2002; x_wconf 90' lang='lat' dir='ltr'>eum</span> 
     </span>
    </p>
   </div>
   <div class='ocr_carea' id='block_1_35' title="bbox 232 2037 1815 2108">
    <p class='ocr_par' dir='ltr' id='par_1_35' title="bbox 232 2037 1815 2108">
     <span class='ocr_line' id='line_1_35' title="bbox 232 2037 1815 2108; baseline 0.001 -18"><span class='ocrx_word' id='word_1_252' title='bbox 232 2053 322 2090; x_wconf 90' lang='lat' dir='ltr'>suo</span> <span class='ocrx_word' id='word_1_253' title='bbox 350 2037 566 2091; x_wconf 89' lang='lat' dir='ltr'>nomini</span> <span class='ocrx_word' id='word_1_254' title='bbox 581 2053 868 2107; x_wconf 87' lang='lat' dir='ltr'>arrogare.</span> <span class='ocrx_word' id='word_1_255' title='bbox 894 2039 1037 2091; x_wconf 91' lang='lat' dir='ltr'>Cum</span> <span class='ocrx_word' id='word_1_256' title='bbox 1059 2038 1210 2092; x_wconf 89' lang='lat' dir='ltr'>enim</span> <span class='ocrx_word' id='word_1_257' title='bbox 1232 2037 1345 2091; x_wconf 90' lang='lat' dir='ltr'>fere</span> <span class='ocrx_word' id='word_1_258' title='bbox 1360 2038 1551 2091; x_wconf 87' lang='lat' dir='ltr'>omnia</span> <span class='ocrx_word' id='word_1_259' title='bbox 1569 2054 1691 2108; x_wconf 76' lang='lat' dir='ltr'>quze</span> <span class='ocrx_word' id='word_1_260' title='bbox 1711 2039 1815 2091; x_wconf 92' lang='lat' dir='ltr'>hoc</span> 
     </span>
    </p>
   </div>
   <div class='ocr_carea' id='block_1_36' title="bbox 232 2126 1811 2199">
    <p class='ocr_par' dir='ltr' id='par_1_36' title="bbox 232 2126 1811 2199">
     <span class='ocr_line' id='line_1_36' title="bbox 232 2126 1811 2199; baseline 0 -19"><span class='ocrx_word' id='word_1_261' title='bbox 232 2126 360 2180; x_wconf 89' lang='lat' dir='ltr'>libro</span> <span class='ocrx_word' id='word_1_262' title='bbox 387 2131 694 2181; x_wconf 87' lang='lat' dir='ltr'>narrantur</span> <span class='ocrx_word' id='word_1_263' title='bbox 723 2136 855 2194; x_wconf 77' lang='lat' dir='ltr'>(uno</span> <span class='ocrx_word' id='word_1_264' title='bbox 884 2127 1066 2198; x_wconf 87' lang='lat' dir='ltr'>capite</span> <span class='ocrx_word' id='word_1_265' title='bbox 1093 2127 1163 2181; x_wconf 91' lang='lat' dir='ltr'>de</span> <span class='ocrx_word' id='word_1_266' title='bbox 1193 2127 1527 2199; x_wconf 79' lang='lat' dir='ltr'>Oxyryncho</span> <span class='ocrx_word' id='word_1_267' title='bbox 1566 2128 1811 2198; x_wconf 87' lang='lat' dir='ltr'>excepto)</span> 
     </span>
    </p>
   </div>
   <div class='ocr_carea' id='block_1_37' title="bbox 232 2212 1815 2289">
    <p class='ocr_par' dir='ltr' id='par_1_37' title="bbox 232 2212 1815 2289">
     <span class='ocr_line' id='line_1_37' title="bbox 232 2212 1815 2289; baseline 0 -20"><span class='ocrx_word' id='word_1_268' title='bbox 232 2216 533 2271; x_wconf 84' lang='lat' dir='ltr'>habeantur</span> <span class='ocrx_word' id='word_1_269' title='bbox 546 2212 1027 2289; x_wconf 29' lang='lat' dir='ltr'>apudfPalladium</span> <span class='ocrx_word' id='word_1_270' title='bbox 1041 2224 1099 2272; x_wconf 87' lang='lat' dir='ltr'>et</span> <span class='ocrx_word' id='word_1_271' title='bbox 1120 2217 1492 2283; x_wconf 88' lang='lat' dir='ltr'>Heraclidem,</span> <span class='ocrx_word' id='word_1_272' title='bbox 1514 2215 1815 2271; x_wconf 85' lang='lat' dir='ltr'>verisimile</span> 
     </span>
    </p>
   </div>
   <div class='ocr_carea' id='block_1_38' title="bbox 235 2306 1817 2376">
    <p class='ocr_par' dir='ltr' id='par_1_38' title="bbox 235 2306 1817 2376">
     <span class='ocr_line' id='line_1_38' title="bbox 235 2306 1817 2376; baseline 0 -17"><span class='ocrx_word' id='word_1_273' title='bbox 235 2306 361 2360; x_wconf 88' lang='lat' dir='ltr'>mihi</span> <span class='ocrx_word' id='word_1_274' title='bbox 380 2307 443 2360; x_wconf 83' lang='lat' dir='ltr'>ﬁt</span> <span class='ocrx_word' id='word_1_275' title='bbox 460 2306 777 2361; x_wconf 89' lang='lat' dir='ltr'>Palladium</span> <span class='ocrx_word' id='word_1_276' title='bbox 790 2306 877 2361; x_wconf 85' lang='lat' dir='ltr'>vel</span> <span class='ocrx_word' id='word_1_277' title='bbox 903 2307 1254 2362; x_wconf 89' lang='lat' dir='ltr'>Heraclidem</span> <span class='ocrx_word' id='word_1_278' title='bbox 1269 2307 1353 2361; x_wconf 88' lang='lat' dir='ltr'>vel</span> <span class='ocrx_word' id='word_1_279' title='bbox 1367 2307 1542 2360; x_wconf 90' lang='lat' dir='ltr'>alium</span> <span class='ocrx_word' id='word_1_280' title='bbox 1571 2307 1817 2376; x_wconf 90' lang='lat' dir='ltr'>aliquem</span> 
     </span>
    </p>
   </div>
   <div class='ocr_carea' id='block_1_39' title="bbox 236 2394 1821 2468">
    <p class='ocr_par' dir='ltr' id='par_1_39' title="bbox 236 2394 1821 2468">
     <span class='ocr_line' id='line_1_39' title="bbox 236 2394 1821 2468; baseline 0 -19"><span class='ocrx_word' id='word_1_281' title='bbox 236 2395 342 2450; x_wconf 59' lang='lat' dir='ltr'>hinc</span> <span class='ocrx_word' id='word_1_282' title='bbox 371 2396 562 2451; x_wconf 81' lang='lat' dir='ltr'>Graece</span> <span class='ocrx_word' id='word_1_283' title='bbox 592 2396 853 2463; x_wconf 79' lang='lat' dir='ltr'>edidisse,</span> <span class='ocrx_word' id='word_1_284' title='bbox 886 2414 1185 2468; x_wconf 90' lang='lat' dir='ltr'>suppresso</span> <span class='ocrx_word' id='word_1_285' title='bbox 1214 2396 1459 2463; x_wconf 91' lang='lat' dir='ltr'>nomine,</span> <span class='ocrx_word' id='word_1_286' title='bbox 1494 2413 1618 2467; x_wconf 80' lang='lat' dir='ltr'>quae</span> <span class='ocrx_word' id='word_1_287' title='bbox 1646 2394 1821 2449; x_wconf 71' lang='grc' dir='ltr'>ΒιλΠὶ-</span> 
     </span>
    </p>
   </div>
   <div class='ocr_carea' id='block_1_40' title="bbox 235 2484 1813 2557">
    <p class='ocr_par' dir='ltr' id='par_1_40' title="bbox 235 2484 1813 2557">
     <span class='ocr_line' id='line_1_40' title="bbox 235 2484 1813 2557; baseline -0.001 -18"><span class='ocrx_word' id='word_1_288' title='bbox 235 2501 331 2539; x_wconf 89' lang='lat' dir='ltr'>nus</span> <span class='ocrx_word' id='word_1_289' title='bbox 362 2487 545 2540; x_wconf 83' lang='lat' dir='ltr'>vertit.</span> <span class='ocrx_word' id='word_1_290' title='bbox 580 2486 714 2551; x_wconf 72' lang='lat' dir='ltr'>Quae</span> <span class='ocrx_word' id='word_1_291' title='bbox 735 2492 860 2557; x_wconf 92' lang='lat' dir='ltr'>post</span> <span class='ocrx_word' id='word_1_292' title='bbox 888 2487 1171 2541; x_wconf 86' lang='lat' dir='ltr'>Palladius</span> <span class='ocrx_word' id='word_1_293' title='bbox 1210 2487 1462 2541; x_wconf 87' lang='lat' dir='ltr'>auctiora</span> <span class='ocrx_word' id='word_1_294' title='bbox 1497 2484 1676 2539; x_wconf 86' lang='lat' dir='ltr'>edidit</span> <span class='ocrx_word' id='word_1_295' title='bbox 1711 2502 1813 2539; x_wconf 92' lang='lat' dir='ltr'>suo</span> 
     </span>
    </p>
   </div>
   <div class='ocr_carea' id='block_1_41' title="bbox 235 2573 1812 2647">
    <p class='ocr_par' dir='ltr' id='par_1_41' title="bbox 235 2573 1812 2647">
     <span class='ocr_line' id='line_1_41' title="bbox 235 2573 1812 2647; baseline 0.001 -20"><span class='ocrx_word' id='word_1_296' title='bbox 235 2573 445 2629; x_wconf 89' lang='lat' dir='ltr'>nomine</span> <span class='ocrx_word' id='word_1_297' title='bbox 475 2576 721 2647; x_wconf 77' lang='lat' dir='ltr'>praeﬁxo,</span> <span class='ocrx_word' id='word_1_298' title='bbox 756 2581 813 2630; x_wconf 89' lang='lat' dir='ltr'>et</span> <span class='ocrx_word' id='word_1_299' title='bbox 833 2578 1135 2631; x_wconf 75' lang='lat' dir='ltr'>Historiam</span> <span class='ocrx_word' id='word_1_300' title='bbox 1164 2578 1485 2631; x_wconf 81' lang='lat' dir='ltr'>Lausiacam</span> <span class='ocrx_word' id='word_1_301' title='bbox 1509 2574 1812 2646; x_wconf 89' lang='lat' dir='ltr'>inscripsit.</span> 
     </span>
    </p>
   </div>
   <div class='ocr_carea' id='block_1_42' title="bbox 299 2664 1815 2737">
    <p class='ocr_par' dir='ltr' id='par_1_42' title="bbox 299 2664 1815 2737">
     <span class='ocr_line' id='line_1_42' title="bbox 299 2664 1815 2737; baseline 0.002 -19"><span class='ocrx_word' id='word_1_302' title='bbox 299 2664 424 2719; x_wconf 68' lang='lat' dir='ltr'>Hazc</span> <span class='ocrx_word' id='word_1_303' title='bbox 450 2682 601 2720; x_wconf 90' lang='lat' dir='ltr'>nunc</span> <span class='ocrx_word' id='word_1_304' title='bbox 627 2665 907 2720; x_wconf 84' lang='lat' dir='ltr'>sufﬁciant</span> <span class='ocrx_word' id='word_1_305' title='bbox 942 2666 1011 2720; x_wconf 92' lang='lat' dir='ltr'>de</span> <span class='ocrx_word' id='word_1_306' title='bbox 1054 2666 1360 2737; x_wconf 76' lang='lat' dir='ltr'>quaestione</span> <span class='ocrx_word' id='word_1_307' title='bbox 1390 2666 1493 2719; x_wconf 91' lang='lat' dir='ltr'>hac</span> <span class='ocrx_word' id='word_1_308' title='bbox 1534 2665 1815 2736; x_wconf 83' lang='lat' dir='ltr'>perplexa.</span> 
     </span>
    </p>
   </div>
   <div class='ocr_carea' id='block_1_43' title="bbox 235 2751 1820 2826">
    <p class='ocr_par' dir='ltr' id='par_1_43' title="bbox 235 2751 1820 2826">
     <span class='ocr_line' id='line_1_43' title="bbox 235 2751 1820 2826; baseline 0.001 -20"><span class='ocrx_word' id='word_1_309' title='bbox 235 2751 296 2807; x_wconf 85' lang='lat' dir='ltr'>R.</span> <span class='ocrx_word' id='word_1_310' title='bbox 338 2754 397 2808; x_wconf 91' lang='grc' dir='ltr'>Ρ.</span> <span class='ocrx_word' id='word_1_311' title='bbox 433 2754 711 2826; x_wconf 80' lang='lat' dir='ltr'>Georgius</span> <span class='ocrx_word' id='word_1_312' title='bbox 754 2755 1056 2823; x_wconf 87' lang='lat' dir='ltr'>Garnefelt,</span> <span class='ocrx_word' id='word_1_313' title='bbox 1109 2755 1421 2810; x_wconf 75' lang='lat' dir='ltr'>Carthusize</span> <span class='ocrx_word' id='word_1_314' title='bbox 1469 2754 1820 2809; x_wconf 89' lang='lat' dir='ltr'>Coloniensis</span> 
     </span>
    </p>
   </div>
   <div class='ocr_carea' id='block_1_44' title="bbox 234 2842 1821 2915">
    <p class='ocr_par' dir='ltr' id='par_1_44' title="bbox 234 2842 1821 2915">
     <span class='ocr_line' id='line_1_44' title="bbox 234 2842 1821 2915; baseline 0.001 -20"><span class='ocrx_word' id='word_1_315' title='bbox 234 2842 505 2911; x_wconf 86' lang='lat' dir='ltr'>alumnus,</span> <span class='ocrx_word' id='word_1_316' title='bbox 539 2850 597 2898; x_wconf 88' lang='lat' dir='ltr'>et</span> <span class='ocrx_word' id='word_1_317' title='bbox 620 2843 1093 2911; x_wconf 82' lang='lat' dir='ltr'>bibliothecarius,</span> <span class='ocrx_word' id='word_1_318' title='bbox 1141 2845 1343 2899; x_wconf 90' lang='lat' dir='ltr'>studiis</span> <span class='ocrx_word' id='word_1_319' title='bbox 1383 2844 1523 2898; x_wconf 89' lang='lat' dir='ltr'>meis</span> <span class='ocrx_word' id='word_1_320' title='bbox 1569 2844 1821 2915; x_wconf 91' lang='lat' dir='ltr'>impense</span> 
     </span>
    </p>
   </div>
   <div class='ocr_carea' id='block_1_45' title="bbox 232 2930 1820 3006">
    <p class='ocr_par' dir='ltr' id='par_1_45' title="bbox 232 2930 1820 3006">
     <span class='ocr_line' id='line_1_45' title="bbox 232 2930 1820 3006; baseline 0.001 -22"><span class='ocrx_word' id='word_1_321' title='bbox 232 2930 429 3000; x_wconf 87' lang='lat' dir='ltr'>favens,</span> <span class='ocrx_word' id='word_1_322' title='bbox 451 2934 514 2988; x_wconf 90' lang='lat' dir='ltr'>in</span> <span class='ocrx_word' id='word_1_323' title='bbox 534 2934 841 3006; x_wconf 90' lang='lat' dir='ltr'>appendice</span> <span class='ocrx_word' id='word_1_324' title='bbox 851 2950 955 2989; x_wconf 90' lang='lat' dir='ltr'>sua</span> <span class='ocrx_word' id='word_1_325' title='bbox 967 2934 1036 2988; x_wconf 91' lang='lat' dir='ltr'>ad</span> <span class='ocrx_word' id='word_1_326' title='bbox 1056 2933 1465 2988; x_wconf 90' lang='lat' dir='ltr'>Elucidationes</span> <span class='ocrx_word' id='word_1_327' title='bbox 1477 2936 1664 2987; x_wconf 86' lang='lat' dir='ltr'>sacras</span> <span class='ocrx_word' id='word_1_328' title='bbox 1677 2932 1820 2986; x_wconf 90' lang='lat' dir='ltr'>ima-</span> 
     </span>
    </p>
   </div>
   <div class='ocr_carea' id='block_1_46' title="bbox 233 3021 1823 3095">
    <p class='ocr_par' dir='ltr' id='par_1_46' title="bbox 233 3021 1823 3095">
     <span class='ocr_line' id='line_1_46' title="bbox 233 3021 1823 3095; baseline -0.001 -18"><span class='ocrx_word' id='word_1_329' title='bbox 233 3021 419 3091; x_wconf 85' lang='lat' dir='ltr'>ginum</span> <span class='ocrx_word' id='word_1_330' title='bbox 450 3024 837 3091; x_wconf 87' lang='lat' dir='ltr'>eremitarum,</span> <span class='ocrx_word' id='word_1_331' title='bbox 870 3040 1102 3095; x_wconf 88' lang='lat' dir='ltr'>operose</span> <span class='ocrx_word' id='word_1_332' title='bbox 1129 3023 1366 3094; x_wconf 90' lang='lat' dir='ltr'>inquirit</span> <span class='ocrx_word' id='word_1_333' title='bbox 1401 3023 1471 3077; x_wconf 89' lang='lat' dir='ltr'>de</span> <span class='ocrx_word' id='word_1_334' title='bbox 1502 3021 1823 3077; x_wconf 89' lang='lat' dir='ltr'>auctoribus</span> 
     </span>
    </p>
   </div>
   <div class='ocr_carea' id='block_1_47' title="bbox 232 3110 1824 3181">
    <p class='ocr_par' dir='ltr' id='par_1_47' title="bbox 232 3110 1824 3181">
     <span class='ocr_line' id='line_1_47' title="bbox 232 3110 1824 3181; baseline 0.002 -18"><span class='ocrx_word' id='word_1_335' title='bbox 232 3110 479 3167; x_wconf 81' lang='lat' dir='ltr'>Vitarum</span> <span class='ocrx_word' id='word_1_336' title='bbox 491 3113 747 3181; x_wconf 86' lang='lat' dir='ltr'>Patrum,</span> <span class='ocrx_word' id='word_1_337' title='bbox 779 3114 966 3168; x_wconf 89' lang='lat' dir='ltr'>volens</span> <span class='ocrx_word' id='word_1_338' title='bbox 986 3130 1077 3168; x_wconf 88' lang='lat' dir='ltr'>me</span> <span class='ocrx_word' id='word_1_339' title='bbox 1106 3112 1414 3181; x_wconf 88' lang='lat' dir='ltr'>sublevare,</span> <span class='ocrx_word' id='word_1_340' title='bbox 1432 3113 1518 3166; x_wconf 91' lang='lat' dir='ltr'>vel</span> <span class='ocrx_word' id='word_1_341' title='bbox 1540 3117 1824 3167; x_wconf 87' lang='lat' dir='ltr'>errantem</span> 
     </span>
    </p>
   </div>
   <div class='ocr_carea' id='block_1_48' title="bbox 1897 1943 3495 2016">
    <p class='ocr_par' dir='ltr' id='par_1_48' title="bbox 1897 1943 3495 2016">
     <span class='ocr_line' id='line_1_48' title="bbox 1897 1943 3495 2016; baseline -0.002 -16"><span class='ocrx_word' id='word_1_342' title='bbox 1897 1964 2058 2002; x_wconf 89' lang='lat' dir='ltr'>suum</span> <span class='ocrx_word' id='word_1_343' title='bbox 2092 1963 2297 2000; x_wconf 88' lang='lat' dir='ltr'>nomen</span> <span class='ocrx_word' id='word_1_344' title='bbox 2326 1946 2626 2016; x_wconf 69' lang='lat' dir='ltr'>praeﬁgunt</span> <span class='ocrx_word' id='word_1_345' title='bbox 2672 1945 2759 1999; x_wconf 78' lang='lat' dir='ltr'>vel</span> <span class='ocrx_word' id='word_1_346' title='bbox 2794 1949 3142 2015; x_wconf 84' lang='lat' dir='ltr'>postponunt</span> <span class='ocrx_word' id='word_1_347' title='bbox 3175 1943 3333 1997; x_wconf 90' lang='lat' dir='ltr'>libris</span> <span class='ocrx_word' id='word_1_348' title='bbox 3355 1959 3495 2014; x_wconf 87' lang='lat' dir='ltr'>quos</span> 
     </span>
    </p>
   </div>
   <div class='ocr_carea' id='block_1_49' title="bbox 1896 2032 3497 2107">
    <p class='ocr_par' dir='ltr' id='par_1_49' title="bbox 1896 2032 3497 2107">
     <span class='ocr_line' id='line_1_49' title="bbox 1896 2032 3497 2107; baseline -0.002 -18"><span class='ocrx_word' id='word_1_349' title='bbox 1896 2035 2327 2107; x_wconf 87' lang='lat' dir='ltr'>exscripserunt,</span> <span class='ocrx_word' id='word_1_350' title='bbox 2351 2035 2457 2088; x_wconf 87' lang='lat' dir='ltr'>etsi</span> <span class='ocrx_word' id='word_1_351' title='bbox 2488 2051 2599 2088; x_wconf 92' lang='lat' dir='ltr'>non</span> <span class='ocrx_word' id='word_1_352' title='bbox 2619 2032 3051 2104; x_wconf 87' lang='lat' dir='ltr'>composuerint,</span> <span class='ocrx_word' id='word_1_353' title='bbox 3074 2032 3222 2103; x_wconf 90' lang='lat' dir='ltr'>quod</span> <span class='ocrx_word' id='word_1_354' title='bbox 3237 2032 3497 2101; x_wconf 81' lang='lat' dir='ltr'>ignorare</span> 
     </span>
    </p>
   </div>
   <div class='ocr_carea' id='block_1_50' title="bbox 1897 2121 3495 2196">
    <p class='ocr_par' dir='ltr' id='par_1_50' title="bbox 1897 2121 3495 2196">
     <span class='ocr_line' id='line_1_50' title="bbox 1897 2121 3495 2196; baseline -0.002 -18"><span class='ocrx_word' id='word_1_355' title='bbox 1897 2142 2009 2179; x_wconf 92' lang='lat' dir='ltr'>non</span> <span class='ocrx_word' id='word_1_356' title='bbox 2030 2129 2215 2196; x_wconf 88' lang='lat' dir='ltr'>potest</span> <span class='ocrx_word' id='word_1_357' title='bbox 2234 2123 2329 2194; x_wconf 86' lang='lat' dir='ltr'>qui</span> <span class='ocrx_word' id='word_1_358' title='bbox 2344 2124 2428 2177; x_wconf 89' lang='lat' dir='ltr'>vel</span> <span class='ocrx_word' id='word_1_359' title='bbox 2449 2139 2654 2194; x_wconf 85' lang='lat' dir='ltr'>paucos</span> <span class='ocrx_word' id='word_1_360' title='bbox 2681 2123 2852 2176; x_wconf 89' lang='lat' dir='ltr'>libros</span> <span class='ocrx_word' id='word_1_361' title='bbox 2882 2123 3014 2176; x_wconf 90' lang='lat' dir='ltr'>Mss.</span> <span class='ocrx_word' id='word_1_362' title='bbox 3030 2121 3495 2175; x_wconf 86' lang='lat' dir='ltr'>oculislustravit.</span> 
     </span>
    </p>
   </div>
   <div class='ocr_carea' id='block_1_51' title="bbox 1901 2209 3499 2268">
    <p class='ocr_par' dir='ltr' id='par_1_51' title="bbox 1901 2209 3499 2268">
     <span class='ocr_line' id='line_1_51' title="bbox 1901 2209 3499 2268; baseline -0.003 0"><span class='ocrx_word' id='word_1_363' title='bbox 1901 2215 2041 2268; x_wconf 91' lang='lat' dir='ltr'>Cum</span> <span class='ocrx_word' id='word_1_364' title='bbox 2069 2219 2260 2268; x_wconf 85' lang='lat' dir='ltr'>autem</span> <span class='ocrx_word' id='word_1_365' title='bbox 2291 2212 2435 2266; x_wconf 89' lang='lat' dir='ltr'>liber</span> <span class='ocrx_word' id='word_1_366' title='bbox 2464 2213 2556 2266; x_wconf 89' lang='lat' dir='ltr'>ille</span> <span class='ocrx_word' id='word_1_367' title='bbox 2602 2213 2905 2267; x_wconf 88' lang='lat' dir='ltr'>Toletanus</span> <span class='ocrx_word' id='word_1_368' title='bbox 2952 2211 3172 2265; x_wconf 88' lang='lat' dir='ltr'>dicatur</span> <span class='ocrx_word' id='word_1_369' title='bbox 3216 2209 3499 2264; x_wconf 89' lang='lat' dir='ltr'>continere</span> 
     </span>
    </p>
   </div>
   <div class='ocr_carea' id='block_1_52' title="bbox 1905 2298 3496 2371">
    <p class='ocr_par' dir='ltr' id='par_1_52' title="bbox 1905 2298 3496 2371">
     <span class='ocr_line' id='line_1_52' title="bbox 1905 2298 3496 2371; baseline -0.003 -17"><span class='ocrx_word' id='word_1_370' title='bbox 1905 2321 1931 2354; x_wconf 82' lang='lat'><strong>«</strong></span> <span class='ocrx_word' id='word_1_371' title='bbox 1962 2303 2170 2357; x_wconf 90' lang='lat' dir='ltr'>multas</span> <span class='ocrx_word' id='word_1_372' title='bbox 2199 2302 2357 2356; x_wconf 88' lang='lat' dir='ltr'>Vitas</span> <span class='ocrx_word' id='word_1_373' title='bbox 2384 2302 2617 2356; x_wconf 88' lang='lat' dir='ltr'>Patrum</span> <span class='ocrx_word' id='word_1_374' title='bbox 2646 2300 2812 2371; x_wconf 89' lang='lat' dir='ltr'>longe</span> <span class='ocrx_word' id='word_1_375' title='bbox 2845 2299 3194 2355; x_wconf 87' lang='lat' dir='ltr'>diversorum</span> <span class='ocrx_word' id='word_1_376' title='bbox 3226 2298 3297 2353; x_wconf 91' lang='lat' dir='ltr'>ab</span> <span class='ocrx_word' id='word_1_377' title='bbox 3324 2299 3432 2363; x_wconf 88' lang='lat' dir='ltr'>his,</span> <span class='ocrx_word' id='word_1_378' title='bbox 3473 2317 3496 2349; x_wconf 69' lang='grc' dir='ltr'><strong><em>ι</em></strong></span> 
     </span>
    </p>
   </div>
   <div class='ocr_carea' id='block_1_53' title="bbox 1902 2389 3501 2463">
    <p class='ocr_par' dir='ltr' id='par_1_53' title="bbox 1902 2389 3501 2463">
     <span class='ocr_line' id='line_1_53' title="bbox 1902 2389 3501 2463; baseline -0.004 -16"><span class='ocrx_word' id='word_1_379' title='bbox 1902 2393 2086 2463; x_wconf 90' lang='lat' dir='ltr'>potuit</span> <span class='ocrx_word' id='word_1_380' title='bbox 2104 2391 2359 2445; x_wconf 90' lang='lat' dir='ltr'>Valerius</span> <span class='ocrx_word' id='word_1_381' title='bbox 2380 2391 2474 2444; x_wconf 91' lang='lat' dir='ltr'>ille</span> <span class='ocrx_word' id='word_1_382' title='bbox 2493 2406 2698 2445; x_wconf 89' lang='lat' dir='ltr'>novam</span> <span class='ocrx_word' id='word_1_383' title='bbox 2718 2389 3103 2444; x_wconf 87' lang='lat' dir='ltr'>collectionem</span> <span class='ocrx_word' id='word_1_384' title='bbox 3117 2390 3376 2443; x_wconf 89' lang='lat' dir='ltr'>Vitarum</span> <span class='ocrx_word' id='word_1_385' title='bbox 3397 2389 3501 2442; x_wconf 88' lang='lat' dir='ltr'>Pa-</span> 
     </span>
    </p>
   </div>
   <div class='ocr_carea' id='block_1_54' title="bbox 1895 2481 2410 2537">
    <p class='ocr_par' dir='ltr' id='par_1_54' title="bbox 1895 2481 2410 2537">
     <span class='ocr_line' id='line_1_54' title="bbox 1895 2481 2410 2537; baseline -0.006 0"><span class='ocrx_word' id='word_1_386' title='bbox 1895 2486 2050 2537; x_wconf 86' lang='lat' dir='ltr'>trum</span> <span class='ocrx_word' id='word_1_387' title='bbox 2080 2481 2410 2536; x_wconf 88' lang='lat' dir='ltr'>instituisse.</span> 
     </span>
    </p>
   </div>
   <div class='ocr_carea' id='block_1_55' title="bbox 2254 2577 3143 2634">
    <p class='ocr_par' dir='ltr' id='par_1_55' title="bbox 2254 2577 3143 2634">
     <span class='ocr_line' id='line_1_55' title="bbox 2254 2577 3143 2634; baseline 0.001 -1"><span class='ocrx_word' id='word_1_388' title='bbox 2254 2578 3031 2634; x_wconf 87' lang='lat' dir='ltr'>PROLEGOMENON</span> <span class='ocrx_word' id='word_1_389' title='bbox 3072 2577 3143 2634; x_wconf 91' lang='lat' dir='ltr'>V.</span> 
     </span>
    </p>
   </div>
   <div class='ocr_carea' id='block_1_56' title="bbox 2318 2661 3086 2728">
    <p class='ocr_par' dir='ltr' id='par_1_56' title="bbox 2318 2661 3086 2728">
     <span class='ocr_line' id='line_1_56' title="bbox 2318 2661 3086 2728; baseline -0.003 -14"><span class='ocrx_word' id='word_1_390' title='bbox 2318 2662 2450 2728; x_wconf 78' lang='lat' dir='ltr'>Quis</span> <span class='ocrx_word' id='word_1_391' title='bbox 2491 2662 2643 2713; x_wconf 81' lang='lat' dir='ltr'>tertii</span> <span class='ocrx_word' id='word_1_392' title='bbox 2680 2661 2816 2713; x_wconf 79' lang='lat' dir='ltr'>libri</span> <span class='ocrx_word' id='word_1_393' title='bbox 2851 2664 3086 2713; x_wconf 84' lang='lat' dir='ltr'>auctor?</span> 
     </span>
    </p>
   </div>
   <div class='ocr_carea' id='block_1_57' title="bbox 1974 2748 3504 2820">
    <p class='ocr_par' dir='ltr' id='par_1_57' title="bbox 1974 2748 3504 2820">
     <span class='ocr_line' id='line_1_57' title="bbox 1974 2748 3504 2820; baseline -0.002 -15"><span class='ocrx_word' id='word_1_394' title='bbox 1974 2751 2122 2805; x_wconf 89' lang='lat' dir='ltr'>Editi</span> <span class='ocrx_word' id='word_1_395' title='bbox 2147 2750 2238 2803; x_wconf 92' lang='lat' dir='ltr'>hic</span> <span class='ocrx_word' id='word_1_396' title='bbox 2266 2749 2391 2803; x_wconf 88' lang='lat' dir='ltr'>libri</span> <span class='ocrx_word' id='word_1_397' title='bbox 2422 2754 2667 2820; x_wconf 82' lang='lat' dir='ltr'>pergunt</span> <span class='ocrx_word' id='word_1_398' title='bbox 2690 2748 2895 2802; x_wconf 91' lang='lat' dir='ltr'>erroris</span> <span class='ocrx_word' id='word_1_399' title='bbox 2924 2748 3116 2801; x_wconf 85' lang='lat' dir='ltr'>funem</span> <span class='ocrx_word' id='word_1_400' title='bbox 3161 2753 3403 2814; x_wconf 89' lang='lat' dir='ltr'>nectere,</span> <span class='ocrx_word' id='word_1_401' title='bbox 3448 2753 3504 2802; x_wconf 90' lang='lat' dir='ltr'>et</span> 
     </span>
    </p>
   </div>
   <div class='ocr_carea' id='block_1_58' title="bbox 1902 2837 3505 2911">
    <p class='ocr_par' dir='ltr' id='par_1_58' title="bbox 1902 2837 3505 2911">
     <span class='ocr_line' id='line_1_58' title="bbox 1902 2837 3505 2911; baseline -0.002 -16"><span class='ocrx_word' id='word_1_402' title='bbox 1902 2841 2103 2895; x_wconf 83' lang='lat' dir='ltr'>Divum</span> <span class='ocrx_word' id='word_1_403' title='bbox 2114 2840 2523 2911; x_wconf 88' lang='lat' dir='ltr'>Hieronymum</span> <span class='ocrx_word' id='word_1_404' title='bbox 2541 2842 2827 2892; x_wconf 87' lang='lat' dir='ltr'>auctorem</span> <span class='ocrx_word' id='word_1_405' title='bbox 2844 2837 3085 2903; x_wconf 87' lang='lat' dir='ltr'>faciunt;</span> <span class='ocrx_word' id='word_1_406' title='bbox 3114 2838 3211 2891; x_wconf 90' lang='lat' dir='ltr'>sed</span> <span class='ocrx_word' id='word_1_407' title='bbox 3222 2838 3401 2909; x_wconf 90' lang='lat' dir='ltr'>stylus</span> <span class='ocrx_word' id='word_1_408' title='bbox 3419 2854 3505 2891; x_wconf 79' lang='lat' dir='ltr'>sa-</span> 
     </span>
    </p>
   </div>
   <div class='ocr_carea' id='block_1_59' title="bbox 1902 2926 3508 2999">
    <p class='ocr_par' dir='ltr' id='par_1_59' title="bbox 1902 2926 3508 2999">
     <span class='ocr_line' id='line_1_59' title="bbox 1902 2926 3508 2999; baseline -0.002 -16"><span class='ocrx_word' id='word_1_409' title='bbox 1902 2929 1977 2983; x_wconf 88' lang='lat' dir='ltr'>tis</span> <span class='ocrx_word' id='word_1_410' title='bbox 2007 2928 2194 2999; x_wconf 83' lang='lat' dir='ltr'>arguit</span> <span class='ocrx_word' id='word_1_411' title='bbox 2225 2930 2347 2998; x_wconf 87' lang='lat' dir='ltr'>ejus</span> <span class='ocrx_word' id='word_1_412' title='bbox 2371 2944 2485 2982; x_wconf 91' lang='lat' dir='ltr'>non</span> <span class='ocrx_word' id='word_1_413' title='bbox 2511 2944 2652 2993; x_wconf 91' lang='lat' dir='ltr'>esse,</span> <span class='ocrx_word' id='word_1_414' title='bbox 2676 2927 2807 2981; x_wconf 91' lang='lat' dir='ltr'>licet</span> <span class='ocrx_word' id='word_1_415' title='bbox 2832 2926 2945 2980; x_wconf 89' lang='lat' dir='ltr'>tria</span> <span class='ocrx_word' id='word_1_416' title='bbox 2972 2926 3175 2980; x_wconf 90' lang='lat' dir='ltr'>ultima</span> <span class='ocrx_word' id='word_1_417' title='bbox 3211 2926 3398 2998; x_wconf 89' lang='lat' dir='ltr'>capita</span> <span class='ocrx_word' id='word_1_418' title='bbox 3439 2943 3508 2980; x_wconf 85' lang='lat' dir='ltr'>ex</span> 
     </span>
    </p>
   </div>
   <div class='ocr_carea' id='block_1_60' title="bbox 1905 3017 3506 3090">
    <p class='ocr_par' dir='ltr' id='par_1_60' title="bbox 1905 3017 3506 3090">
     <span class='ocr_line' id='line_1_60' title="bbox 1905 3017 3506 3090; baseline -0.001 -18"><span class='ocrx_word' id='word_1_419' title='bbox 1905 3020 2027 3089; x_wconf 91' lang='lat' dir='ltr'>ejus</span> <span class='ocrx_word' id='word_1_420' title='bbox 2058 3018 2309 3090; x_wconf 88' lang='lat' dir='ltr'>epistolis</span> <span class='ocrx_word' id='word_1_421' title='bbox 2339 3018 2639 3088; x_wconf 87' lang='lat' dir='ltr'>desumpta</span> <span class='ocrx_word' id='word_1_422' title='bbox 2666 3017 2798 3083; x_wconf 89' lang='lat' dir='ltr'>sint,</span> <span class='ocrx_word' id='word_1_423' title='bbox 2850 3033 2973 3088; x_wconf 75' lang='lat' dir='ltr'>quae</span> <span class='ocrx_word' id='word_1_424' title='bbox 3011 3021 3299 3071; x_wconf 89' lang='lat' dir='ltr'>auctorem</span> <span class='ocrx_word' id='word_1_425' title='bbox 3338 3032 3506 3071; x_wconf 89' lang='lat' dir='ltr'>suum</span> 
     </span>
    </p>
   </div>
   <div class='ocr_carea' id='block_1_61' title="bbox 1908 3105 2782 3177">
    <p class='ocr_par' dir='ltr' id='par_1_61' title="bbox 1908 3105 2782 3177">
     <span class='ocr_line' id='line_1_61' title="bbox 1908 3105 2782 3177; baseline -0.001 -17"><span class='ocrx_word' id='word_1_426' title='bbox 1908 3112 2196 3163; x_wconf 89' lang='lat' dir='ltr'>venustate</span> <span class='ocrx_word' id='word_1_427' title='bbox 2226 3107 2486 3162; x_wconf 89' lang='lat' dir='ltr'>dictionis</span> <span class='ocrx_word' id='word_1_428' title='bbox 2517 3105 2782 3177; x_wconf 89' lang='lat' dir='ltr'>produnt.</span> 
     </span>
    </p>
   </div>
   <div class='ocr_carea' id='block_1_62' title="bbox 234 3194 3503 3274">
    <p class='ocr_par' dir='ltr' id='par_1_62' title="bbox 234 3194 3503 3274">
     <span class='ocr_line' id='line_1_62' title="bbox 234 3194 3503 3274; baseline -0.002 -20"><span class='ocrx_word' id='word_1_429' title='bbox 234 3201 287 3254; x_wconf 89' lang='lat' dir='ltr'>in</span> <span class='ocrx_word' id='word_1_430' title='bbox 314 3201 458 3257; x_wconf 88' lang='lat' dir='ltr'>viam</span> <span class='ocrx_word' id='word_1_431' title='bbox 491 3204 779 3258; x_wconf 89' lang='lat' dir='ltr'>reducere.</span> <span class='ocrx_word' id='word_1_432' title='bbox 799 3203 1100 3258; x_wconf 89' lang='lat' dir='ltr'>Contendit</span> <span class='ocrx_word' id='word_1_433' title='bbox 1128 3203 1389 3268; x_wconf 86' lang='lat' dir='ltr'>maxime,</span> <span class='ocrx_word' id='word_1_434' title='bbox 1416 3202 1820 3274; x_wconf 84' lang='lat' dir='ltr'>Hieronymum</span> <span class='ocrx_word' id='word_1_435' title='bbox 1847 3204 1891 3265; x_wconf 74' lang='grc' dir='ltr'>Ο</span> <span class='ocrx_word' id='word_1_436' title='bbox 1974 3197 2129 3253; x_wconf 85' lang='lat' dir='ltr'>Nihil</span> <span class='ocrx_word' id='word_1_437' title='bbox 2160 3196 2396 3251; x_wconf 89' lang='lat' dir='ltr'>subsidii</span> <span class='ocrx_word' id='word_1_438' title='bbox 2424 3196 2497 3250; x_wconf 90' lang='lat' dir='ltr'>ad</span> <span class='ocrx_word' id='word_1_439' title='bbox 2535 3200 2823 3249; x_wconf 88' lang='lat' dir='ltr'>auctorem</span> <span class='ocrx_word' id='word_1_440' title='bbox 2871 3194 3256 3265; x_wconf 88' lang='lat' dir='ltr'>indagandum</span> <span class='ocrx_word' id='word_1_441' title='bbox 3292 3212 3328 3249; x_wconf 92' lang='lat' dir='ltr'>a</span> <span class='ocrx_word' id='word_1_442' title='bbox 3369 3195 3503 3249; x_wconf 88' lang='lat' dir='ltr'>Mss.</span> 
     </span>
    </p>
   </div>
   <div class='ocr_carea' id='block_1_63' title="bbox 232 3290 1824 3365">
    <p class='ocr_par' dir='ltr' id='par_1_63' title="bbox 232 3290 1824 3365">
     <span class='ocr_line' id='line_1_63' title="bbox 232 3290 1824 3365; baseline 0 -20"><span class='ocrx_word' id='word_1_443' title='bbox 232 3290 287 3345; x_wconf 90' lang='lat' dir='ltr'>in</span> <span class='ocrx_word' id='word_1_444' title='bbox 313 3293 553 3364; x_wconf 88' lang='lat' dir='ltr'>epistola</span> <span class='ocrx_word' id='word_1_445' title='bbox 579 3294 651 3348; x_wconf 90' lang='lat' dir='ltr'>ad</span> <span class='ocrx_word' id='word_1_446' title='bbox 681 3294 1118 3365; x_wconf 87' lang='lat' dir='ltr'>Ctesiphontem,</span> <span class='ocrx_word' id='word_1_447' title='bbox 1144 3310 1273 3348; x_wconf 89' lang='lat' dir='ltr'>cum</span> <span class='ocrx_word' id='word_1_448' title='bbox 1302 3293 1399 3360; x_wconf 90' lang='lat' dir='ltr'>ait,</span> <span class='ocrx_word' id='word_1_449' title='bbox 1440 3313 1462 3344; x_wconf 75' lang='grc' dir='ltr'><strong><em>ι</em></strong></span> <span class='ocrx_word' id='word_1_450' title='bbox 1495 3293 1590 3363; x_wconf 92' lang='lat' dir='ltr'>qui</span> <span class='ocrx_word' id='word_1_451' title='bbox 1617 3292 1824 3346; x_wconf 89' lang='lat' dir='ltr'>librum</span> 
     </span>
    </p>
   </div>
   <div class='ocr_carea' id='block_1_64' title="bbox 236 3382 1825 3456">
    <p class='ocr_par' dir='ltr' id='par_1_64' title="bbox 236 3382 1825 3456">
     <span class='ocr_line' id='line_1_64' title="bbox 236 3382 1825 3456; baseline -0.001 -20"><span class='ocrx_word' id='word_1_452' title='bbox 236 3398 447 3454; x_wconf 88' lang='lat' dir='ltr'>quoque</span> <span class='ocrx_word' id='word_1_453' title='bbox 476 3383 703 3455; x_wconf 88' lang='lat' dir='ltr'>scripsit</span> <span class='ocrx_word' id='word_1_454' title='bbox 721 3384 881 3456; x_wconf 89' lang='lat' dir='ltr'>quasi</span> <span class='ocrx_word' id='word_1_455' title='bbox 900 3385 969 3440; x_wconf 91' lang='lat' dir='ltr'>de</span> <span class='ocrx_word' id='word_1_456' title='bbox 997 3383 1305 3448; x_wconf 88' lang='lat' dir='ltr'>Monachis,</span> <span class='ocrx_word' id='word_1_457' title='bbox 1347 3402 1367 3433; x_wconf 74' lang='grc' dir='ltr'><strong>ι</strong></span> <span class='ocrx_word' id='word_1_458' title='bbox 1394 3382 1825 3451; x_wconf 85' lang='lat' dir='ltr'>intelligendum</span> 
     </span>
    </p>
   </div>
   <div class='ocr_carea' id='block_1_65' title="bbox 236 3468 1823 3544">
    <p class='ocr_par' dir='ltr' id='par_1_65' title="bbox 236 3468 1823 3544">
     <span class='ocr_line' id='line_1_65' title="bbox 236 3468 1823 3544; baseline -0.001 -20"><span class='ocrx_word' id='word_1_459' title='bbox 236 3468 299 3524; x_wconf 89' lang='lat' dir='ltr'>de</span> <span class='ocrx_word' id='word_1_460' title='bbox 329 3472 590 3544; x_wconf 80' lang='lat' dir='ltr'>Evagrio,</span> <span class='ocrx_word' id='word_1_461' title='bbox 614 3490 726 3527; x_wconf 92' lang='lat' dir='ltr'>non</span> <span class='ocrx_word' id='word_1_462' title='bbox 738 3475 807 3528; x_wconf 92' lang='lat' dir='ltr'>de</span> <span class='ocrx_word' id='word_1_463' title='bbox 823 3473 1064 3528; x_wconf 84' lang='lat' dir='ltr'>Rufﬁno.</span> <span class='ocrx_word' id='word_1_464' title='bbox 1088 3474 1241 3528; x_wconf 88' lang='lat' dir='ltr'>Nihil</span> <span class='ocrx_word' id='word_1_465' title='bbox 1260 3472 1349 3527; x_wconf 90' lang='lat' dir='ltr'>hic</span> <span class='ocrx_word' id='word_1_466' title='bbox 1370 3472 1532 3526; x_wconf 88' lang='lat' dir='ltr'>addo.</span> <span class='ocrx_word' id='word_1_467' title='bbox 1574 3470 1823 3525; x_wconf 92' lang='lat' dir='ltr'>Judicio-</span> 
     </span>
    </p>
   </div>
   <div class='ocr_carea' id='block_1_66' title="bbox 237 3561 1824 3634">
    <p class='ocr_par' dir='ltr' id='par_1_66' title="bbox 237 3561 1824 3634">
     <span class='ocr_line' id='line_1_66' title="bbox 237 3561 1824 3634; baseline 0 -21"><span class='ocrx_word' id='word_1_468' title='bbox 237 3576 323 3615; x_wconf 88' lang='lat' dir='ltr'>sus</span> <span class='ocrx_word' id='word_1_469' title='bbox 346 3562 525 3617; x_wconf 90' lang='lat' dir='ltr'>lector</span> <span class='ocrx_word' id='word_1_470' title='bbox 553 3568 769 3617; x_wconf 86' lang='lat' dir='ltr'>textum</span> <span class='ocrx_word' id='word_1_471' title='bbox 790 3568 1012 3618; x_wconf 90' lang='lat' dir='ltr'>tantum</span> <span class='ocrx_word' id='word_1_472' title='bbox 1031 3563 1312 3634; x_wconf 88' lang='lat' dir='ltr'>inspiciat,</span> <span class='ocrx_word' id='word_1_473' title='bbox 1360 3578 1528 3632; x_wconf 90' lang='lat' dir='ltr'>quem</span> <span class='ocrx_word' id='word_1_474' title='bbox 1562 3561 1652 3614; x_wconf 91' lang='lat' dir='ltr'>hic</span> <span class='ocrx_word' id='word_1_475' title='bbox 1694 3565 1824 3613; x_wconf 89' lang='lat' dir='ltr'>ante</span> 
     </span>
    </p>
   </div>
   <div class='ocr_carea' id='block_1_67' title="bbox 238 3648 1829 3724">
    <p class='ocr_par' dir='ltr' id='par_1_67' title="bbox 238 3648 1829 3724">
     <span class='ocr_line' id='line_1_67' title="bbox 238 3648 1829 3724; baseline -0.001 -20"><span class='ocrx_word' id='word_1_476' title='bbox 238 3648 373 3718; x_wconf 89' lang='lat' dir='ltr'>dedi,</span> <span class='ocrx_word' id='word_1_477' title='bbox 408 3657 466 3706; x_wconf 92' lang='lat' dir='ltr'>et</span> <span class='ocrx_word' id='word_1_478' title='bbox 488 3652 742 3723; x_wconf 88' lang='lat' dir='ltr'>judicet:</span> <span class='ocrx_word' id='word_1_479' title='bbox 775 3653 1019 3723; x_wconf 86' lang='lat' dir='ltr'>cujusvis</span> <span class='ocrx_word' id='word_1_480' title='bbox 1041 3652 1250 3724; x_wconf 88' lang='lat' dir='ltr'>judicio</span> <span class='ocrx_word' id='word_1_481' title='bbox 1289 3669 1520 3707; x_wconf 91' lang='lat' dir='ltr'>securus</span> <span class='ocrx_word' id='word_1_482' title='bbox 1548 3649 1725 3704; x_wconf 88' lang='lat' dir='ltr'>stabo.</span> <span class='ocrx_word' id='word_1_483' title='bbox 1758 3650 1829 3704; x_wconf 89' lang='lat' dir='ltr'>Et</span> 
     </span>
    </p>
   </div>
   <div class='ocr_carea' id='block_1_68' title="bbox 239 3741 1826 3814">
    <p class='ocr_par' dir='ltr' id='par_1_68' title="bbox 239 3741 1826 3814">
     <span class='ocr_line' id='line_1_68' title="bbox 239 3741 1826 3814; baseline -0.001 -20"><span class='ocrx_word' id='word_1_484' title='bbox 239 3741 327 3810; x_wconf 90' lang='lat' dir='ltr'>qui</span> <span class='ocrx_word' id='word_1_485' title='bbox 353 3741 677 3796; x_wconf 88' lang='lat' dir='ltr'>meminerit</span> <span class='ocrx_word' id='word_1_486' title='bbox 685 3759 797 3797; x_wconf 90' lang='lat' dir='ltr'>non</span> <span class='ocrx_word' id='word_1_487' title='bbox 825 3743 998 3797; x_wconf 90' lang='lat' dir='ltr'>semel</span> <span class='ocrx_word' id='word_1_488' title='bbox 1019 3760 1107 3797; x_wconf 92' lang='lat' dir='ltr'>me</span> <span class='ocrx_word' id='word_1_489' title='bbox 1123 3742 1411 3814; x_wconf 87' lang='lat' dir='ltr'>scripsisse</span> <span class='ocrx_word' id='word_1_490' title='bbox 1422 3741 1713 3796; x_wconf 82' lang='lat' dir='ltr'>Rufﬁnum</span> <span class='ocrx_word' id='word_1_491' title='bbox 1725 3756 1826 3810; x_wconf 88' lang='lat' dir='ltr'>po-</span> 
     </span>
    </p>
   </div>
   <div class='ocr_carea' id='block_1_69' title="bbox 236 3827 1828 3904">
    <p class='ocr_par' dir='ltr' id='par_1_69' title="bbox 236 3827 1828 3904">
     <span class='ocr_line' id='line_1_69' title="bbox 236 3827 1828 3904; baseline -0.001 -21"><span class='ocrx_word' id='word_1_492' title='bbox 236 3829 343 3884; x_wconf 89' lang='lat' dir='ltr'>tius</span> <span class='ocrx_word' id='word_1_493' title='bbox 370 3830 741 3904; x_wconf 89' lang='lat' dir='ltr'>interpretem</span> <span class='ocrx_word' id='word_1_494' title='bbox 771 3848 940 3902; x_wconf 89' lang='lat' dir='ltr'>quam</span> <span class='ocrx_word' id='word_1_495' title='bbox 969 3838 1254 3887; x_wconf 89' lang='lat' dir='ltr'>auctorem</span> <span class='ocrx_word' id='word_1_496' title='bbox 1300 3848 1440 3898; x_wconf 89' lang='lat' dir='ltr'>esse,</span> <span class='ocrx_word' id='word_1_497' title='bbox 1472 3834 1731 3885; x_wconf 85' lang='lat' dir='ltr'>contorta</span> <span class='ocrx_word' id='word_1_498' title='bbox 1758 3827 1828 3882; x_wconf 92' lang='lat' dir='ltr'>ab</span> 
     </span>
    </p>
   </div>
   <div class='ocr_carea' id='block_1_70' title="bbox 238 3918 1829 3975">
    <p class='ocr_par' dir='ltr' id='par_1_70' title="bbox 238 3918 1829 3975">
     <span class='ocr_line' id='line_1_70' title="bbox 238 3918 1829 3975; baseline -0.001 -2"><span class='ocrx_word' id='word_1_499' title='bbox 238 3920 411 3974; x_wconf 86' lang='lat' dir='ltr'>amica</span> <span class='ocrx_word' id='word_1_500' title='bbox 438 3936 615 3975; x_wconf 89' lang='lat' dir='ltr'>manu</span> <span class='ocrx_word' id='word_1_501' title='bbox 643 3921 759 3975; x_wconf 88' lang='lat' dir='ltr'>tela</span> <span class='ocrx_word' id='word_1_502' title='bbox 786 3920 983 3975; x_wconf 88' lang='lat' dir='ltr'>evadet</span> <span class='ocrx_word' id='word_1_503' title='bbox 1007 3920 1215 3975; x_wconf 89' lang='lat' dir='ltr'>omnia.</span> <span class='ocrx_word' id='word_1_504' title='bbox 1248 3920 1391 3975; x_wconf 88' lang='lat' dir='ltr'>Nolo</span> <span class='ocrx_word' id='word_1_505' title='bbox 1411 3919 1501 3974; x_wconf 88' lang='lat' dir='ltr'>hic</span> <span class='ocrx_word' id='word_1_506' title='bbox 1526 3918 1829 3973; x_wconf 88' lang='lat' dir='ltr'>umbonem</span> 
     </span>
    </p>
   </div>
   <div class='ocr_carea' id='block_1_71' title="bbox 241 4008 1831 4081">
    <p class='ocr_par' dir='ltr' id='par_1_71' title="bbox 241 4008 1831 4081">
     <span class='ocr_line' id='line_1_71' title="bbox 241 4008 1831 4081; baseline 0.001 -21"><span class='ocrx_word' id='word_1_507' title='bbox 241 4023 512 4081; x_wconf 84' lang='lat' dir='ltr'>Opponere</span> <span class='ocrx_word' id='word_1_508' title='bbox 542 4009 722 4065; x_wconf 89' lang='lat' dir='ltr'>amico</span> <span class='ocrx_word' id='word_1_509' title='bbox 744 4009 1031 4077; x_wconf 88' lang='lat' dir='ltr'>benevolo,</span> <span class='ocrx_word' id='word_1_510' title='bbox 1051 4010 1138 4063; x_wconf 82' lang='lat' dir='ltr'>vel</span> <span class='ocrx_word' id='word_1_511' title='bbox 1165 4010 1280 4063; x_wconf 88' lang='lat' dir='ltr'>tela</span> <span class='ocrx_word' id='word_1_512' title='bbox 1294 4009 1353 4063; x_wconf 91' lang='lat' dir='ltr'>in</span> <span class='ocrx_word' id='word_1_513' title='bbox 1374 4008 1614 4063; x_wconf 89' lang='lat' dir='ltr'>amicum</span> <span class='ocrx_word' id='word_1_514' title='bbox 1638 4012 1831 4079; x_wconf 88' lang='lat' dir='ltr'>pectus</span> 
     </span>
    </p>
   </div>
   <div class='ocr_carea' id='block_1_72' title="bbox 239 4099 1833 4172">
    <p class='ocr_par' dir='ltr' id='par_1_72' title="bbox 239 4099 1833 4172">
     <span class='ocr_line' id='line_1_72' title="bbox 239 4099 1833 4172; baseline 0 -20"><span class='ocrx_word' id='word_1_515' title='bbox 239 4106 581 4171; x_wconf 88' lang='lat' dir='ltr'>retorquere.</span> <span class='ocrx_word' id='word_1_516' title='bbox 613 4101 759 4155; x_wconf 85' lang='lat' dir='ltr'>Nam</span> <span class='ocrx_word' id='word_1_517' title='bbox 789 4105 847 4154; x_wconf 88' lang='lat' dir='ltr'>et</span> <span class='ocrx_word' id='word_1_518' title='bbox 872 4100 993 4172; x_wconf 91' lang='lat' dir='ltr'>ipse</span> <span class='ocrx_word' id='word_1_519' title='bbox 1012 4099 1239 4154; x_wconf 87' lang='lat' dir='ltr'>tandem</span> <span class='ocrx_word' id='word_1_520' title='bbox 1271 4116 1400 4154; x_wconf 91' lang='lat' dir='ltr'>cum</span> <span class='ocrx_word' id='word_1_521' title='bbox 1427 4099 1618 4154; x_wconf 91' lang='lat' dir='ltr'>omnia</span> <span class='ocrx_word' id='word_1_522' title='bbox 1639 4114 1833 4152; x_wconf 82' lang='lat' dir='ltr'>excus-</span> 
     </span>
    </p>
   </div>
   <div class='ocr_carea' id='block_1_73' title="bbox 241 4188 1835 4262">
    <p class='ocr_par' dir='ltr' id='par_1_73' title="bbox 241 4188 1835 4262">
     <span class='ocr_line' id='line_1_73' title="bbox 241 4188 1835 4262; baseline 0 -22"><span class='ocrx_word' id='word_1_523' title='bbox 241 4188 327 4255; x_wconf 88' lang='lat' dir='ltr'>sit,</span> <span class='ocrx_word' id='word_1_524' title='bbox 352 4190 589 4262; x_wconf 85' lang='lat' dir='ltr'>Evagrio</span> <span class='ocrx_word' id='word_1_525' title='bbox 619 4207 749 4245; x_wconf 89' lang='lat' dir='ltr'>eum</span> <span class='ocrx_word' id='word_1_526' title='bbox 778 4189 985 4244; x_wconf 90' lang='lat' dir='ltr'>librum</span> <span class='ocrx_word' id='word_1_527' title='bbox 1015 4188 1266 4260; x_wconf 81' lang='lat' dir='ltr'>abrogat,</span> <span class='ocrx_word' id='word_1_528' title='bbox 1312 4194 1369 4243; x_wconf 92' lang='lat' dir='ltr'>et</span> <span class='ocrx_word' id='word_1_529' title='bbox 1394 4189 1671 4243; x_wconf 89' lang='lat' dir='ltr'>incertum</span> <span class='ocrx_word' id='word_1_530' title='bbox 1713 4188 1835 4257; x_wconf 90' lang='lat' dir='ltr'>ejus</span> 
     </span>
    </p>
   </div>
   <div class='ocr_carea' id='block_1_74' title="bbox 241 4276 1832 4344">
    <p class='ocr_par' dir='ltr' id='par_1_74' title="bbox 241 4276 1832 4344">
     <span class='ocr_line' id='line_1_74' title="bbox 241 4276 1832 4344; baseline -0.001 -12"><span class='ocrx_word' id='word_1_531' title='bbox 241 4285 525 4335; x_wconf 86' lang='lat' dir='ltr'>auctorem</span> <span class='ocrx_word' id='word_1_532' title='bbox 551 4280 767 4335; x_wconf 85' lang='lat' dir='ltr'>statuit.</span> <span class='ocrx_word' id='word_1_533' title='bbox 801 4279 961 4344; x_wconf 88' lang='lat' dir='ltr'>Quod</span> <span class='ocrx_word' id='word_1_534' title='bbox 981 4295 1014 4333; x_wconf 89' lang='lat' dir='ltr'>a</span> <span class='ocrx_word' id='word_1_535' title='bbox 1040 4284 1229 4334; x_wconf 89' lang='lat' dir='ltr'>mente</span> <span class='ocrx_word' id='word_1_536' title='bbox 1259 4295 1386 4333; x_wconf 90' lang='lat' dir='ltr'>mea</span> <span class='ocrx_word' id='word_1_537' title='bbox 1410 4294 1525 4332; x_wconf 92' lang='lat' dir='ltr'>non</span> <span class='ocrx_word' id='word_1_538' title='bbox 1547 4276 1832 4343; x_wconf 87' lang='lat' dir='ltr'>abhorret,</span> 
     </span>
    </p>
   </div>
   <div class='ocr_carea' id='block_1_75' title="bbox 1905 3284 3509 3341">
    <p class='ocr_par' dir='ltr' id='par_1_75' title="bbox 1905 3284 3509 3341">
     <span class='ocr_line' id='line_1_75' title="bbox 1905 3284 3509 3341; baseline -0.002 -1"><span class='ocrx_word' id='word_1_539' title='bbox 1905 3286 2061 3341; x_wconf 89' lang='lat' dir='ltr'>libris</span> <span class='ocrx_word' id='word_1_540' title='bbox 2086 3287 2176 3340; x_wconf 90' lang='lat' dir='ltr'>hic</span> <span class='ocrx_word' id='word_1_541' title='bbox 2204 3286 2404 3340; x_wconf 88' lang='lat' dir='ltr'>habeo.</span> <span class='ocrx_word' id='word_1_542' title='bbox 2430 3284 2651 3339; x_wconf 89' lang='lat' dir='ltr'>Nullius</span> <span class='ocrx_word' id='word_1_543' title='bbox 2666 3285 2816 3338; x_wconf 92' lang='lat' dir='ltr'>enim</span> <span class='ocrx_word' id='word_1_544' title='bbox 2838 3284 2930 3338; x_wconf 91' lang='lat' dir='ltr'>hic</span> <span class='ocrx_word' id='word_1_545' title='bbox 2951 3300 3158 3338; x_wconf 91' lang='lat' dir='ltr'>nomen</span> <span class='ocrx_word' id='word_1_546' title='bbox 3183 3289 3509 3338; x_wconf 86' lang='lat' dir='ltr'>constanter</span> 
     </span>
    </p>
   </div>
   <div class='ocr_carea' id='block_1_76' title="bbox 1906 3372 3509 3448">
    <p class='ocr_par' dir='ltr' id='par_1_76' title="bbox 1906 3372 3509 3448">
     <span class='ocr_line' id='line_1_76' title="bbox 1906 3372 3509 3448; baseline -0.003 -17"><span class='ocrx_word' id='word_1_547' title='bbox 1906 3377 2234 3448; x_wconf 65' lang='lat' dir='ltr'>praeﬁgitur.</span> <span class='ocrx_word' id='word_1_548' title='bbox 2257 3376 2356 3429; x_wconf 85' lang='lat' dir='ltr'>Vel</span> <span class='ocrx_word' id='word_1_549' title='bbox 2378 3375 2525 3429; x_wconf 91' lang='lat' dir='ltr'>enim</span> <span class='ocrx_word' id='word_1_550' title='bbox 2546 3374 2639 3444; x_wconf 90' lang='lat' dir='ltr'>qui</span> <span class='ocrx_word' id='word_1_551' title='bbox 2664 3373 2997 3445; x_wconf 63' lang='lat' dir='ltr'>praecedenti</span> <span class='ocrx_word' id='word_1_552' title='bbox 3018 3372 3161 3428; x_wconf 91' lang='lat' dir='ltr'>libro</span> <span class='ocrx_word' id='word_1_553' title='bbox 3179 3378 3237 3428; x_wconf 88' lang='lat' dir='ltr'>et</span> <span class='ocrx_word' id='word_1_554' title='bbox 3250 3373 3509 3445; x_wconf 90' lang='lat' dir='ltr'>sequenti</span> 
     </span>
    </p>
   </div>
   <div class='ocr_carea' id='block_1_77' title="bbox 1909 3462 3511 3537">
    <p class='ocr_par' dir='ltr' id='par_1_77' title="bbox 1909 3462 3511 3537">
     <span class='ocr_line' id='line_1_77' title="bbox 1909 3462 3511 3537; baseline -0.003 -16"><span class='ocrx_word' id='word_1_555' title='bbox 1909 3467 2210 3537; x_wconf 79' lang='lat' dir='ltr'>Evagrium</span> <span class='ocrx_word' id='word_1_556' title='bbox 2238 3470 2337 3520; x_wconf 90' lang='lat' dir='ltr'>aut</span> <span class='ocrx_word' id='word_1_557' title='bbox 2367 3464 2793 3519; x_wconf 89' lang='lat' dir='ltr'>Postumianum</span> <span class='ocrx_word' id='word_1_558' title='bbox 2824 3462 3154 3530; x_wconf 90' lang='lat' dir='ltr'>inscribunt,</span> <span class='ocrx_word' id='word_1_559' title='bbox 3198 3463 3347 3518; x_wconf 91' lang='lat' dir='ltr'>hunc</span> <span class='ocrx_word' id='word_1_560' title='bbox 3388 3463 3511 3518; x_wconf 90' lang='lat' dir='ltr'>sine</span> 
     </span>
    </p>
   </div>
   <div class='ocr_carea' id='block_1_78' title="bbox 1908 3552 3514 3627">
    <p class='ocr_par' dir='ltr' id='par_1_78' title="bbox 1908 3552 3514 3627">
     <span class='ocr_line' id='line_1_78' title="bbox 1908 3552 3514 3627; baseline -0.002 -17"><span class='ocrx_word' id='word_1_561' title='bbox 1908 3556 2271 3627; x_wconf 90' lang='lat' dir='ltr'>inscriptione</span> <span class='ocrx_word' id='word_1_562' title='bbox 2299 3554 2548 3609; x_wconf 89' lang='lat' dir='ltr'>medium</span> <span class='ocrx_word' id='word_1_563' title='bbox 2575 3554 2817 3608; x_wconf 88' lang='lat' dir='ltr'>transire</span> <span class='ocrx_word' id='word_1_564' title='bbox 2839 3552 3209 3624; x_wconf 86' lang='lat' dir='ltr'>permittunt;</span> <span class='ocrx_word' id='word_1_565' title='bbox 3230 3553 3374 3607; x_wconf 91' lang='lat' dir='ltr'>velsi</span> <span class='ocrx_word' id='word_1_566' title='bbox 3395 3569 3514 3607; x_wconf 90' lang='lat' dir='ltr'>eos-</span> 
     </span>
    </p>
   </div>
   <div class='ocr_carea' id='block_1_79' title="bbox 1908 3641 3507 3709">
    <p class='ocr_par' dir='ltr' id='par_1_79' title="bbox 1908 3641 3507 3709">
     <span class='ocr_line' id='line_1_79' title="bbox 1908 3641 3507 3709; baseline -0.003 -9"><span class='ocrx_word' id='word_1_567' title='bbox 1908 3645 2037 3700; x_wconf 90' lang='lat' dir='ltr'>dem</span> <span class='ocrx_word' id='word_1_568' title='bbox 2058 3650 2314 3699; x_wconf 89' lang='lat' dir='ltr'>auctores</span> <span class='ocrx_word' id='word_1_569' title='bbox 2333 3644 2503 3698; x_wconf 88' lang='lat' dir='ltr'>etiam</span> <span class='ocrx_word' id='word_1_570' title='bbox 2523 3643 2654 3698; x_wconf 91' lang='lat' dir='ltr'>huic</span> <span class='ocrx_word' id='word_1_571' title='bbox 2675 3642 3003 3709; x_wconf 90' lang='lat' dir='ltr'>inscribunt,</span> <span class='ocrx_word' id='word_1_572' title='bbox 3028 3658 3261 3697; x_wconf 90' lang='lat' dir='ltr'>erronee</span> <span class='ocrx_word' id='word_1_573' title='bbox 3277 3641 3507 3707; x_wconf 90' lang='lat' dir='ltr'>faciunt,</span> 
     </span>
    </p>
   </div>
   <div class='ocr_carea' id='block_1_80' title="bbox 1908 3730 3513 3805">
    <p class='ocr_par' dir='ltr' id='par_1_80' title="bbox 1908 3730 3513 3805">
     <span class='ocr_line' id='line_1_80' title="bbox 1908 3730 3513 3805; baseline -0.002 -17"><span class='ocrx_word' id='word_1_574' title='bbox 1908 3740 1974 3789; x_wconf 93' lang='lat' dir='ltr'>ut</span> <span class='ocrx_word' id='word_1_575' title='bbox 2002 3734 2071 3789; x_wconf 91' lang='lat' dir='ltr'>de</span> <span class='ocrx_word' id='word_1_576' title='bbox 2100 3734 2447 3805; x_wconf 70' lang='lat' dir='ltr'>praecedente</span> <span class='ocrx_word' id='word_1_577' title='bbox 2478 3732 2620 3786; x_wconf 88' lang='lat' dir='ltr'>libro</span> <span class='ocrx_word' id='word_1_578' title='bbox 2644 3733 2765 3802; x_wconf 90' lang='lat' dir='ltr'>jam</span> <span class='ocrx_word' id='word_1_579' title='bbox 2795 3732 2979 3786; x_wconf 93' lang='lat' dir='ltr'>docui.</span> <span class='ocrx_word' id='word_1_580' title='bbox 3006 3731 3166 3795; x_wconf 91' lang='lat' dir='ltr'>Quod</span> <span class='ocrx_word' id='word_1_581' title='bbox 3186 3732 3234 3785; x_wconf 91' lang='lat' dir='ltr'>si</span> <span class='ocrx_word' id='word_1_582' title='bbox 3264 3747 3395 3785; x_wconf 93' lang='lat' dir='ltr'>eum</span> <span class='ocrx_word' id='word_1_583' title='bbox 3415 3730 3513 3801; x_wconf 90' lang='lat' dir='ltr'>qui</span> 
     </span>
    </p>
   </div>
   <div class='ocr_carea' id='block_1_81' title="bbox 1910 3819 3513 3895">
    <p class='ocr_par' dir='ltr' id='par_1_81' title="bbox 1910 3819 3513 3895">
     <span class='ocr_line' id='line_1_81' title="bbox 1910 3819 3513 3895; baseline -0.004 -17"><span class='ocrx_word' id='word_1_584' title='bbox 1910 3823 2246 3895; x_wconf 74' lang='lat' dir='ltr'>praecedenti</span> <span class='ocrx_word' id='word_1_585' title='bbox 2262 3821 2404 3876; x_wconf 91' lang='lat' dir='ltr'>libro</span> <span class='ocrx_word' id='word_1_586' title='bbox 2420 3820 2762 3887; x_wconf 86' lang='lat' dir='ltr'>inscribitur,</span> <span class='ocrx_word' id='word_1_587' title='bbox 2777 3821 2949 3875; x_wconf 90' lang='lat' dir='ltr'>etiam</span> <span class='ocrx_word' id='word_1_588' title='bbox 2969 3820 3137 3889; x_wconf 90' lang='lat' dir='ltr'>hujus</span> <span class='ocrx_word' id='word_1_589' title='bbox 3151 3825 3208 3873; x_wconf 92' lang='lat' dir='ltr'>et</span> <span class='ocrx_word' id='word_1_590' title='bbox 3226 3819 3513 3890; x_wconf 88' lang='lat' dir='ltr'>sequentis</span> 
     </span>
    </p>
   </div>
   <div class='ocr_carea' id='block_1_82' title="bbox 1910 3907 3515 3979">
    <p class='ocr_par' dir='ltr' id='par_1_82' title="bbox 1910 3907 3515 3979">
     <span class='ocr_line' id='line_1_82' title="bbox 1910 3907 3515 3979; baseline -0.004 -12"><span class='ocrx_word' id='word_1_591' title='bbox 1910 3912 2039 3967; x_wconf 91' lang='lat' dir='ltr'>libri</span> <span class='ocrx_word' id='word_1_592' title='bbox 2066 3917 2351 3967; x_wconf 88' lang='lat' dir='ltr'>auctorem</span> <span class='ocrx_word' id='word_1_593' title='bbox 2383 3927 2505 3965; x_wconf 90' lang='lat' dir='ltr'>esse</span> <span class='ocrx_word' id='word_1_594' title='bbox 2532 3910 2743 3973; x_wconf 88' lang='lat' dir='ltr'>volunt,</span> <span class='ocrx_word' id='word_1_595' title='bbox 2778 3909 2999 3963; x_wconf 89' lang='lat' dir='ltr'>nullum</span> <span class='ocrx_word' id='word_1_596' title='bbox 3032 3909 3127 3979; x_wconf 90' lang='lat' dir='ltr'>jus</span> <span class='ocrx_word' id='word_1_597' title='bbox 3155 3907 3342 3979; x_wconf 69' lang='lat' dir='ltr'>potius</span> <span class='ocrx_word' id='word_1_598' title='bbox 3372 3908 3515 3961; x_wconf 88' lang='lat' dir='ltr'>Eva-</span> 
     </span>
    </p>
   </div>
   <div class='ocr_carea' id='block_1_83' title="bbox 1912 3997 3517 4073">
    <p class='ocr_par' dir='ltr' id='par_1_83' title="bbox 1912 3997 3517 4073">
     <span class='ocr_line' id='line_1_83' title="bbox 1912 3997 3517 4073; baseline -0.004 -16"><span class='ocrx_word' id='word_1_599' title='bbox 1912 4003 2035 4073; x_wconf 91' lang='lat' dir='ltr'>grio</span> <span class='ocrx_word' id='word_1_600' title='bbox 2065 4008 2122 4057; x_wconf 91' lang='lat' dir='ltr'>et</span> <span class='ocrx_word' id='word_1_601' title='bbox 2148 4000 2531 4066; x_wconf 86' lang='lat' dir='ltr'>Postumanio,</span> <span class='ocrx_word' id='word_1_602' title='bbox 2552 4016 2720 4071; x_wconf 89' lang='lat' dir='ltr'>quam</span> <span class='ocrx_word' id='word_1_603' title='bbox 2745 3998 2989 4063; x_wconf 83' lang='lat' dir='ltr'>Rufﬁno,</span> <span class='ocrx_word' id='word_1_604' title='bbox 3008 4015 3135 4052; x_wconf 92' lang='lat' dir='ltr'>cum</span> <span class='ocrx_word' id='word_1_605' title='bbox 3158 4005 3216 4052; x_wconf 92' lang='lat' dir='ltr'>et</span> <span class='ocrx_word' id='word_1_606' title='bbox 3232 3997 3403 4068; x_wconf 86' lang='lat' dir='ltr'>hujus</span> <span class='ocrx_word' id='word_1_607' title='bbox 3421 4013 3517 4051; x_wconf 83' lang='lat' dir='ltr'>no-</span> 
     </span>
    </p>
   </div>
   <div class='ocr_carea' id='block_1_84' title="bbox 1916 4086 3517 4162">
    <p class='ocr_par' dir='ltr' id='par_1_84' title="bbox 1916 4086 3517 4162">
     <span class='ocr_line' id='line_1_84' title="bbox 1916 4086 3517 4162; baseline -0.005 -15"><span class='ocrx_word' id='word_1_608' title='bbox 1916 4108 2047 4146; x_wconf 89' lang='lat' dir='ltr'>men</span> <span class='ocrx_word' id='word_1_609' title='bbox 2089 4091 2149 4146; x_wconf 91' lang='lat' dir='ltr'>in</span> <span class='ocrx_word' id='word_1_610' title='bbox 2177 4092 2308 4146; x_wconf 91' lang='lat' dir='ltr'>Mss.</span> <span class='ocrx_word' id='word_1_611' title='bbox 2341 4089 2676 4162; x_wconf 90' lang='lat' dir='ltr'>quibusdam</span> <span class='ocrx_word' id='word_1_612' title='bbox 2706 4088 3044 4160; x_wconf 62' lang='lat' dir='ltr'>praecedenti</span> <span class='ocrx_word' id='word_1_613' title='bbox 3076 4086 3221 4142; x_wconf 87' lang='lat' dir='ltr'>libro</span> <span class='ocrx_word' id='word_1_614' title='bbox 3267 4086 3517 4158; x_wconf 60' lang='lat' dir='ltr'>praescri-</span> 
     </span>
    </p>
   </div>
   <div class='ocr_carea' id='block_1_85' title="bbox 1917 4181 3183 4236">
    <p class='ocr_par' dir='ltr' id='par_1_85' title="bbox 1917 4181 3183 4236">
     <span class='ocr_line' id='line_1_85' title="bbox 1917 4181 3183 4236; baseline -0.002 0"><span class='ocrx_word' id='word_1_615' title='bbox 1917 4181 2105 4236; x_wconf 85' lang='lat' dir='ltr'>batur.</span> <span class='ocrx_word' id='word_1_616' title='bbox 3178 4230 3183 4233; x_wconf 21' lang='grc' dir='ltr'>χ</span> 
     </span>
    </p>
   </div>
   <div class='ocr_carea' id='block_1_86' title="bbox 1991 4265 3519 4342">
    <p class='ocr_par' dir='ltr' id='par_1_86' title="bbox 1991 4265 3519 4342">
     <span class='ocr_line' id='line_1_86' title="bbox 1991 4265 3519 4342; baseline -0.005 -16"><span class='ocrx_word' id='word_1_617' title='bbox 1991 4271 2138 4336; x_wconf 91' lang='lat' dir='ltr'>Quid</span> <span class='ocrx_word' id='word_1_618' title='bbox 2161 4271 2379 4342; x_wconf 81' lang='lat' dir='ltr'>igitur?</span> <span class='ocrx_word' id='word_1_619' title='bbox 2408 4270 2599 4324; x_wconf 90' lang='lat' dir='ltr'>nullus</span> <span class='ocrx_word' id='word_1_620' title='bbox 2620 4286 2690 4323; x_wconf 93' lang='lat' dir='ltr'>ne</span> <span class='ocrx_word' id='word_1_621' title='bbox 2710 4268 2801 4322; x_wconf 89' lang='lat' dir='ltr'>hic</span> <span class='ocrx_word' id='word_1_622' title='bbox 2830 4273 3018 4322; x_wconf 90' lang='lat' dir='ltr'>certus</span> <span class='ocrx_word' id='word_1_623' title='bbox 3042 4271 3240 4321; x_wconf 87' lang='lat' dir='ltr'>auctor</span> <span class='ocrx_word' id='word_1_624' title='bbox 3261 4265 3519 4336; x_wconf 81' lang='lat' dir='ltr'>indagari</span> 
     </span>
    </p>
   </div>
   <div class='ocr_carea' id='block_1_87' title="bbox 243 4355 3520 4440">
    <p class='ocr_par' dir='ltr' id='par_1_87' title="bbox 243 4355 3520 4440">
     <span class='ocr_line' id='line_1_87' title="bbox 243 4355 3520 4440; baseline -0.004 -18"><span class='ocrx_word' id='word_1_625' title='bbox 243 4384 365 4423; x_wconf 92' lang='lat' dir='ltr'>cum</span> <span class='ocrx_word' id='word_1_626' title='bbox 395 4370 688 4425; x_wconf 80' lang='lat' dir='ltr'>Rufﬁnum</span> <span class='ocrx_word' id='word_1_627' title='bbox 708 4369 907 4425; x_wconf 89' lang='lat' dir='ltr'>saltem</span> <span class='ocrx_word' id='word_1_628' title='bbox 937 4369 1059 4439; x_wconf 91' lang='lat' dir='ltr'>ejus</span> <span class='ocrx_word' id='word_1_629' title='bbox 1077 4367 1446 4440; x_wconf 88' lang='lat' dir='ltr'>interpretem</span> <span class='ocrx_word' id='word_1_630' title='bbox 1474 4366 1830 4422; x_wconf 79' lang='lat' dir='ltr'>asseruerim.</span> <span class='ocrx_word' id='word_1_631' title='bbox 1919 4361 2165 4432; x_wconf 80' lang='lat' dir='ltr'>poterit?</span> <span class='ocrx_word' id='word_1_632' title='bbox 2194 4360 2467 4432; x_wconf 89' lang='lat' dir='ltr'>Equidem</span> <span class='ocrx_word' id='word_1_633' title='bbox 2499 4359 2651 4430; x_wconf 78' lang='lat' dir='ltr'>[xxx]</span> <span class='ocrx_word' id='word_1_634' title='bbox 2670 4358 2856 4413; x_wconf 85' lang='lat' dir='ltr'>evenit</span> <span class='ocrx_word' id='word_1_635' title='bbox 2884 4357 3042 4423; x_wconf 86' lang='lat' dir='ltr'>mihi.</span> <span class='ocrx_word' id='word_1_636' title='bbox 3067 4356 3215 4427; x_wconf 88' lang='lat' dir='ltr'>quod</span> <span class='ocrx_word' id='word_1_637' title='bbox 3236 4355 3372 4409; x_wconf 90' lang='lat' dir='ltr'>olim</span> <span class='ocrx_word' id='word_1_638' title='bbox 3393 4355 3520 4408; x_wconf 91' lang='lat' dir='ltr'>divo</span> 
     </span>
    </p>
   </div>
   <div class='ocr_carea' id='block_1_88' title="bbox 244 4444 3521 4529">
    <p class='ocr_par' dir='ltr' id='par_1_88' title="bbox 244 4444 3521 4529">
     <span class='ocr_line' id='line_1_88' title="bbox 244 4444 3521 4529; baseline -0.005 -16"><span class='ocrx_word' id='word_1_639' title='bbox 244 4458 399 4513; x_wconf 87' lang='lat' dir='ltr'>Certe</span> <span class='ocrx_word' id='word_1_640' title='bbox 428 4459 642 4514; x_wconf 84' lang='lat' dir='ltr'>Rufﬁni</span> <span class='ocrx_word' id='word_1_641' title='bbox 668 4460 760 4515; x_wconf 90' lang='lat' dir='ltr'>hic</span> <span class='ocrx_word' id='word_1_642' title='bbox 785 4474 1015 4513; x_wconf 90' lang='lat' dir='ltr'>manum</span> <span class='ocrx_word' id='word_1_643' title='bbox 1045 4458 1364 4521; x_wconf 88' lang='lat' dir='ltr'>accessisse,</span> <span class='ocrx_word' id='word_1_644' title='bbox 1413 4457 1510 4529; x_wconf 92' lang='lat' dir='ltr'>qui</span> <span class='ocrx_word' id='word_1_645' title='bbox 1563 4471 1838 4528; x_wconf 89' lang='lat' dir='ltr'>perpense</span> <span class='ocrx_word' id='word_1_646' title='bbox 1858 4522 1899 4529; x_wconf 87' lang='lat'><em>_</em></span> <span class='ocrx_word' id='word_1_647' title='bbox 1921 4451 2266 4523; x_wconf 87' lang='lat' dir='ltr'>Hieronymo</span> <span class='ocrx_word' id='word_1_648' title='bbox 2303 4450 2362 4504; x_wconf 92' lang='lat' dir='ltr'>in</span> <span class='ocrx_word' id='word_1_649' title='bbox 2392 4467 2452 4504; x_wconf 93' lang='lat' dir='ltr'>re</span> <span class='ocrx_word' id='word_1_650' title='bbox 2501 4464 2613 4503; x_wconf 92' lang='lat' dir='ltr'>non</span> <span class='ocrx_word' id='word_1_651' title='bbox 2651 4446 2895 4502; x_wconf 85' lang='lat' dir='ltr'>absimili</span> <span class='ocrx_word' id='word_1_652' title='bbox 2923 4465 2935 4514; x_wconf 91' lang='lat'><strong>;</strong></span> <span class='ocrx_word' id='word_1_653' title='bbox 2980 4446 3070 4500; x_wconf 91' lang='lat' dir='ltr'>cui</span> <span class='ocrx_word' id='word_1_654' title='bbox 3107 4462 3235 4500; x_wconf 91' lang='lat' dir='ltr'>cum</span> <span class='ocrx_word' id='word_1_655' title='bbox 3269 4444 3521 4515; x_wconf 81' lang='lat' dir='ltr'>praefatio</span> 
     </span>
    </p>
   </div>
   <div class='ocr_carea' id='block_1_89' title="bbox 246 4522 3524 4621">
    <p class='ocr_par' dir='ltr' id='par_1_89' title="bbox 246 4522 3524 4621">
     <span class='ocr_line' id='line_1_89' title="bbox 246 4522 3524 4621; baseline -0.005 -21"><span class='ocrx_word' id='word_1_656' title='bbox 246 4546 572 4621; x_wconf 85' lang='lat' dir='ltr'>Hieronymi</span> <span class='ocrx_word' id='word_1_657' title='bbox 598 4549 751 4604; x_wconf 86' lang='lat' dir='ltr'>illam</span> <span class='ocrx_word' id='word_1_658' title='bbox 768 4549 839 4603; x_wconf 90' lang='lat' dir='ltr'>ad</span> <span class='ocrx_word' id='word_1_659' title='bbox 854 4547 1277 4619; x_wconf 89' lang='lat' dir='ltr'>Ctesiphontem</span> <span class='ocrx_word' id='word_1_660' title='bbox 1301 4522 1595 4619; x_wconf 73' lang='lat' dir='ltr'>epistolam</span> <span class='ocrx_word' id='word_1_661' title='bbox 1616 4522 1836 4616; x_wconf 65' lang='lat' dir='ltr'>legerit,</span> <span class='ocrx_word' id='word_1_662' title='bbox 1858 4522 2191 4596; x_wconf 87' lang='lat' dir='ltr'>Dlibrorum</span> <span class='ocrx_word' id='word_1_663' title='bbox 2225 4540 2336 4611; x_wconf 82' lang='grc' dir='ltr'>περὶ</span> <span class='ocrx_word' id='word_1_664' title='bbox 2366 4534 2539 4611; x_wconf 76' lang='grc' dir='ltr'>ἀρχῶν</span> <span class='ocrx_word' id='word_1_665' title='bbox 2580 4536 2841 4607; x_wconf 88' lang='lat' dir='ltr'>Origenis</span> <span class='ocrx_word' id='word_1_666' title='bbox 2870 4536 3169 4590; x_wconf 76' lang='lat' dir='ltr'>oli‘erretur</span> <span class='ocrx_word' id='word_1_667' title='bbox 3196 4533 3351 4587; x_wconf 92' lang='lat' dir='ltr'>nullo</span> <span class='ocrx_word' id='word_1_668' title='bbox 3377 4548 3524 4602; x_wconf 67' lang='lat' dir='ltr'>prae-</span> 
     </span>
    </p>
   </div>
   <div class='ocr_carea' id='block_1_90' title="bbox 246 4621 3526 4710">
    <p class='ocr_par' dir='ltr' id='par_1_90' title="bbox 246 4621 3526 4710">
     <span class='ocr_line' id='line_1_90' title="bbox 246 4621 3526 4710; baseline -0.005 -20"><span class='ocrx_word' id='word_1_669' title='bbox 246 4635 501 4693; x_wconf 88' lang='lat' dir='ltr'>dubitare</span> <span class='ocrx_word' id='word_1_670' title='bbox 530 4655 643 4692; x_wconf 92' lang='lat' dir='ltr'>non</span> <span class='ocrx_word' id='word_1_671' title='bbox 670 4638 895 4710; x_wconf 88' lang='lat' dir='ltr'>poterit.</span> <span class='ocrx_word' id='word_1_672' title='bbox 1925 4633 2033 4686; x_wconf 82' lang='lat' dir='ltr'>ﬁxo</span> <span class='ocrx_word' id='word_1_673' title='bbox 2062 4630 2246 4693; x_wconf 89' lang='lat' dir='ltr'>titulo,</span> <span class='ocrx_word' id='word_1_674' title='bbox 2291 4645 2357 4681; x_wconf 84' lang='lat' dir='ltr'>ex</span> <span class='ocrx_word' id='word_1_675' title='bbox 2400 4627 2545 4698; x_wconf 87' lang='lat' dir='ltr'>stylo</span> <span class='ocrx_word' id='word_1_676' title='bbox 2592 4624 2964 4696; x_wconf 79' lang='lat' dir='ltr'>deprehendit</span> <span class='ocrx_word' id='word_1_677' title='bbox 3011 4621 3222 4678; x_wconf 78' lang='lat' dir='ltr'>Rufﬁni</span> <span class='ocrx_word' id='word_1_678' title='bbox 3261 4636 3402 4687; x_wconf 91' lang='lat' dir='ltr'>esse,</span> <span class='ocrx_word' id='word_1_679' title='bbox 3462 4624 3526 4710; x_wconf 88' lang='lat' dir='ltr'>ut</span> 
     </span>
    </p>
   </div>
   <div class='ocr_carea' id='block_1_91' title="bbox 248 4709 3525 4804">
    <p class='ocr_par' dir='ltr' id='par_1_91' title="bbox 248 4709 3525 4804">
     <span class='ocr_line' id='line_1_91' title="bbox 248 4709 3525 4804; baseline -0.002 -15"><span class='ocrx_word' id='word_1_680' title='bbox 248 4731 386 4804; x_wconf 80' lang='lat' dir='ltr'>§XL</span> <span class='ocrx_word' id='word_1_681' title='bbox 412 4709 707 4792; x_wconf 72' lang='lat' dir='ltr'>Auctorem</span> <span class='ocrx_word' id='word_1_682' title='bbox 728 4738 906 4791; x_wconf 83' lang='lat' dir='ltr'>videri</span> <span class='ocrx_word' id='word_1_683' title='bbox 944 4735 1639 4790; x_wconf 81' lang='lat' dir='ltr'>ValeriumAsturiccnsem</span> <span class='ocrx_word' id='word_1_684' title='bbox 1661 4732 1845 4786; x_wconf 81' lang='lat' dir='ltr'>archi-</span> <span class='ocrx_word' id='word_1_685' title='bbox 1925 4721 2045 4791; x_wconf 74' lang='lat' dir='ltr'>ipse</span> <span class='ocrx_word' id='word_1_686' title='bbox 2072 4724 2315 4774; x_wconf 61' lang='lat' dir='ltr'>testatur</span> <span class='ocrx_word' id='word_1_687' title='bbox 2346 4715 2506 4787; x_wconf 65' lang='lat' dir='ltr'>ePiSt-</span> <span class='ocrx_word' id='word_1_688' title='bbox 2550 4714 2637 4781; x_wconf 71' lang='grc' dir='ltr'>δδτ</span> <span class='ocrx_word' id='word_1_689' title='bbox 2691 4715 2763 4804; x_wconf 58' lang='grc' dir='ltr'>δά</span> <span class='ocrx_word' id='word_1_690' title='bbox 2806 4712 3069 4804; x_wconf 58' lang='grc' dir='ltr'>εμιηάθηι</span> <span class='ocrx_word' id='word_1_691' title='bbox 3112 4711 3432 4804; x_wconf 40' lang='lat' dir='ltr'>Ruﬁnum:</span> <span class='ocrx_word' id='word_1_692' title='bbox 3467 4709 3525 4764; x_wconf 67' lang='lat' dir='ltr'>Si</span> 
     </span>
    </p>
   </div>
   <div class='ocr_carea' id='block_1_92' title="bbox 840 4800 3529 4877">
    <p class='ocr_par' dir='ltr' id='par_1_92' title="bbox 840 4800 3529 4877">
     <span class='ocr_line' id='line_1_92' title="bbox 840 4800 3529 4877; baseline -0.006 -9"><span class='ocrx_word' id='word_1_693' title='bbox 840 4809 1243 4877; x_wconf 72' lang='lat' dir='ltr'>presbyterum.</span> <span class='ocrx_word' id='word_1_694' title='bbox 1929 4810 2079 4864; x_wconf 91' lang='lat' dir='ltr'>idem</span> <span class='ocrx_word' id='word_1_695' title='bbox 2110 4808 2277 4863; x_wconf 91' lang='lat' dir='ltr'>hodie</span> <span class='ocrx_word' id='word_1_696' title='bbox 2304 4805 2464 4871; x_wconf 89' lang='lat' dir='ltr'>mihi,</span> <span class='ocrx_word' id='word_1_697' title='bbox 2498 4803 2799 4858; x_wconf 90' lang='lat' dir='ltr'>obtusioris</span> <span class='ocrx_word' id='word_1_698' title='bbox 2838 4803 2969 4856; x_wconf 77' lang='lat' dir='ltr'>licet</span> <span class='ocrx_word' id='word_1_699' title='bbox 3004 4801 3176 4866; x_wconf 90' lang='lat' dir='ltr'>naris,</span> <span class='ocrx_word' id='word_1_700' title='bbox 3227 4800 3529 4870; x_wconf 88' lang='lat' dir='ltr'>contigisse</span> 
     </span>
    </p>
   </div>
   <div class='ocr_carea' id='block_1_93' title="bbox 1930 4889 3533 4965">
    <p class='ocr_par' dir='ltr' id='par_1_93' title="bbox 1930 4889 3533 4965">
     <span class='ocr_line' id='line_1_93' title="bbox 1930 4889 3533 4965; baseline -0.007 -11"><span class='ocrx_word' id='word_1_701' title='bbox 1930 4900 2146 4965; x_wconf 84' lang='lat' dir='ltr'>dixero,</span> <span class='ocrx_word' id='word_1_702' title='bbox 2182 4899 2417 4952; x_wconf 81' lang='lat' dir='ltr'>fortasse</span> <span class='ocrx_word' id='word_1_703' title='bbox 2443 4911 2555 4950; x_wconf 90' lang='lat' dir='ltr'>non</span> <span class='ocrx_word' id='word_1_704' title='bbox 2584 4892 2813 4953; x_wconf 89' lang='lat' dir='ltr'>omnino</span> <span class='ocrx_word' id='word_1_705' title='bbox 2844 4909 3123 4946; x_wconf 85' lang='lat' dir='ltr'>erravero.</span> <span class='ocrx_word' id='word_1_706' title='bbox 3159 4891 3269 4945; x_wconf 89' lang='lat' dir='ltr'>Sed</span> <span class='ocrx_word' id='word_1_707' title='bbox 3300 4889 3533 4959; x_wconf 84' lang='lat' dir='ltr'>vestigia</span> 
     </span>
    </p>
   </div>
   <div class='ocr_carea' id='block_1_94' title="bbox 1931 4978 3532 5059">
    <p class='ocr_par' dir='ltr' id='par_1_94' title="bbox 1931 4978 3532 5059">
     <span class='ocr_line' id='line_1_94' title="bbox 1931 4978 3532 5059; baseline -0.007 -16"><span class='ocrx_word' id='word_1_708' title='bbox 1931 4989 2099 5059; x_wconf 87' lang='lat' dir='ltr'>hujus</span> <span class='ocrx_word' id='word_1_709' title='bbox 2120 4986 2420 5057; x_wconf 81' lang='lat' dir='ltr'>indaginis,</span> <span class='ocrx_word' id='word_1_710' title='bbox 2448 4988 2601 5039; x_wconf 86' lang='lat' dir='ltr'>certa</span> <span class='ocrx_word' id='word_1_711' title='bbox 2620 4983 2776 5050; x_wconf 89' lang='lat' dir='ltr'>satis,</span> <span class='ocrx_word' id='word_1_712' title='bbox 2804 4982 2911 5037; x_wconf 91' lang='lat' dir='ltr'>nisi</span> <span class='ocrx_word' id='word_1_713' title='bbox 2932 4998 3023 5036; x_wconf 90' lang='lat' dir='ltr'>me</span> <span class='ocrx_word' id='word_1_714' title='bbox 3044 4981 3193 5045; x_wconf 85' lang='lat' dir='ltr'>fallo,</span> <span class='ocrx_word' id='word_1_715' title='bbox 3220 4996 3369 5034; x_wconf 90' lang='lat' dir='ltr'>nunc</span> <span class='ocrx_word' id='word_1_716' title='bbox 3388 4978 3532 5033; x_wconf 90' lang='lat' dir='ltr'>assi-</span> 
     </span>
    </p>
   </div>
   <div class='ocr_carea' id='block_1_95' title="bbox 316 4901 1841 4978">
    <p class='ocr_par' dir='ltr' id='par_1_95' title="bbox 316 4901 1841 4978">
     <span class='ocr_line' id='line_1_95' title="bbox 316 4901 1841 4978; baseline -0.005 -16"><span class='ocrx_word' id='word_1_717' title='bbox 316 4907 503 4978; x_wconf 87' lang='lat' dir='ltr'>Atque</span> <span class='ocrx_word' id='word_1_718' title='bbox 534 4907 603 4961; x_wconf 90' lang='lat' dir='ltr'>de</span> <span class='ocrx_word' id='word_1_719' title='bbox 633 4904 954 4961; x_wconf 89' lang='lat' dir='ltr'>auctoribus</span> <span class='ocrx_word' id='word_1_720' title='bbox 978 4905 1129 4960; x_wconf 91' lang='lat' dir='ltr'>hisce</span> <span class='ocrx_word' id='word_1_721' title='bbox 1154 4905 1274 4975; x_wconf 90' lang='lat' dir='ltr'>jam</span> <span class='ocrx_word' id='word_1_722' title='bbox 1299 4904 1382 4958; x_wconf 89' lang='lat' dir='ltr'>ita</span> <span class='ocrx_word' id='word_1_723' title='bbox 1395 4901 1841 4973; x_wconf 88' lang='lat' dir='ltr'>disquisiveram,</span> 
     </span>
    </p>
   </div>
   <div class='ocr_carea' id='block_1_96' title="bbox 253 4992 1846 5068">
    <p class='ocr_par' dir='ltr' id='par_1_96' title="bbox 253 4992 1846 5068">
     <span class='ocr_line' id='line_1_96' title="bbox 253 4992 1846 5068; baseline -0.004 -18"><span class='ocrx_word' id='word_1_724' title='bbox 253 5012 373 5051; x_wconf 90' lang='lat' dir='ltr'>cum</span> <span class='ocrx_word' id='word_1_725' title='bbox 387 5015 518 5052; x_wconf 91' lang='lat' dir='ltr'>ecce</span> <span class='ocrx_word' id='word_1_726' title='bbox 538 5014 603 5052; x_wconf 87' lang='lat' dir='ltr'>ex</span> <span class='ocrx_word' id='word_1_727' title='bbox 624 4996 895 5068; x_wconf 88' lang='lat' dir='ltr'>Hispania</span> <span class='ocrx_word' id='word_1_728' title='bbox 908 4995 1083 5049; x_wconf 88' lang='lat' dir='ltr'>mittit</span> <span class='ocrx_word' id='word_1_729' title='bbox 1101 4994 1172 5048; x_wconf 88' lang='lat' dir='ltr'>ad</span> <span class='ocrx_word' id='word_1_730' title='bbox 1190 5010 1279 5047; x_wconf 91' lang='lat' dir='ltr'>me</span> <span class='ocrx_word' id='word_1_731' title='bbox 1301 4992 1663 5047; x_wconf 87' lang='lat' dir='ltr'>tractatulum</span> <span class='ocrx_word' id='word_1_732' title='bbox 1682 5006 1846 5045; x_wconf 88' lang='lat' dir='ltr'>suum</span> 
     </span>
    </p>
   </div>
   <div class='ocr_carea' id='block_1_97' title="bbox 254 5076 2134 5156">
    <p class='ocr_par' dir='ltr' id='par_1_97' title="bbox 254 5076 2134 5156">
     <span class='ocr_line' id='line_1_97' title="bbox 254 5076 2134 5156; baseline -0.005 -17"><span class='ocrx_word' id='word_1_733' title='bbox 254 5085 319 5140; x_wconf 87' lang='lat' dir='ltr'>de</span> <span class='ocrx_word' id='word_1_734' title='bbox 342 5087 669 5142; x_wconf 88' lang='lat' dir='ltr'>auctoribus</span> <span class='ocrx_word' id='word_1_735' title='bbox 684 5086 942 5140; x_wconf 83' lang='lat' dir='ltr'>Vitarum</span> <span class='ocrx_word' id='word_1_736' title='bbox 958 5084 1132 5156; x_wconf 75' lang='lat' dir='ltr'>[XXIX]</span> <span class='ocrx_word' id='word_1_737' title='bbox 1160 5085 1392 5138; x_wconf 89' lang='lat' dir='ltr'>Patrum</span> <span class='ocrx_word' id='word_1_738' title='bbox 1414 5083 1486 5138; x_wconf 85' lang='lat' dir='ltr'>R.</span> <span class='ocrx_word' id='word_1_739' title='bbox 1521 5083 1582 5135; x_wconf 85' lang='lat' dir='ltr'>P.</span> <span class='ocrx_word' id='word_1_740' title='bbox 1603 5080 1850 5135; x_wconf 90' lang='lat' dir='ltr'>Christo-</span> <span class='ocrx_word' id='word_1_741' title='bbox 1930 5076 2134 5149; x_wconf 85' lang='lat' dir='ltr'>gnabo.</span> 
     </span>
    </p>
   </div>
   <div class='ocr_carea' id='block_1_98' title="bbox 254 5154 3535 5246">
    <p class='ocr_par' dir='ltr' id='par_1_98' title="bbox 254 5154 3535 5246">
     <span class='ocr_line' id='line_1_98' title="bbox 254 5154 3535 5246; baseline -0.007 -15"><span class='ocrx_word' id='word_1_742' title='bbox 254 5176 461 5246; x_wconf 88' lang='lat' dir='ltr'>phorus</span> <span class='ocrx_word' id='word_1_743' title='bbox 485 5176 557 5231; x_wconf 92' lang='lat' dir='ltr'>de</span> <span class='ocrx_word' id='word_1_744' title='bbox 578 5178 793 5243; x_wconf 86' lang='lat' dir='ltr'>Castro,</span> <span class='ocrx_word' id='word_1_745' title='bbox 818 5154 986 5230; x_wconf 62' lang='lat' dir='ltr'>sacrae</span> <span class='ocrx_word' id='word_1_746' title='bbox 1009 5154 1311 5245; x_wconf 71' lang='lat' dir='ltr'>Scriptura:</span> <span class='ocrx_word' id='word_1_747' title='bbox 1336 5172 1395 5226; x_wconf 88' lang='lat' dir='ltr'>in</span> <span class='ocrx_word' id='word_1_748' title='bbox 1418 5168 1847 5226; x_wconf 86' lang='lat' dir='ltr'>Salmanticensi</span> <span class='ocrx_word' id='word_1_749' title='bbox 2007 5169 2147 5222; x_wconf 91' lang='lat' dir='ltr'>Cum</span> <span class='ocrx_word' id='word_1_750' title='bbox 2182 5170 2439 5221; x_wconf 74' lang='lat' dir='ltr'>accurate</span> <span class='ocrx_word' id='word_1_751' title='bbox 2463 5164 2634 5235; x_wconf 89' lang='lat' dir='ltr'>hujus</span> <span class='ocrx_word' id='word_1_752' title='bbox 2662 5169 2716 5217; x_wconf 87' lang='lat' dir='ltr'>et</span> <span class='ocrx_word' id='word_1_753' title='bbox 2744 5160 3111 5234; x_wconf 64' lang='lat' dir='ltr'>praecedentis</span> <span class='ocrx_word' id='word_1_754' title='bbox 3158 5157 3286 5211; x_wconf 86' lang='lat' dir='ltr'>libri</span> <span class='ocrx_word' id='word_1_755' title='bbox 3333 5154 3535 5246; x_wconf 32' lang='lat' dir='ltr'>praefat-</span> 
     </span>
    </p>
   </div>
   <div class='ocr_carea' id='block_1_99' title="bbox 255 5242 3536 5339">
    <p class='ocr_par' dir='ltr' id='par_1_99' title="bbox 255 5242 3536 5339">
     <span class='ocr_line' id='line_1_99' title="bbox 255 5242 3536 5339; baseline -0.007 -20"><span class='ocrx_word' id='word_1_756' title='bbox 255 5267 558 5321; x_wconf 82' lang='lat' dir='ltr'>Academia</span> <span class='ocrx_word' id='word_1_757' title='bbox 584 5266 879 5339; x_wconf 84' lang='lat' dir='ltr'>professor,</span> <span class='ocrx_word' id='word_1_758' title='bbox 912 5265 971 5319; x_wconf 89' lang='lat' dir='ltr'>in</span> <span class='ocrx_word' id='word_1_759' title='bbox 992 5280 1101 5335; x_wconf 92' lang='lat' dir='ltr'>quo</span> <span class='ocrx_word' id='word_1_760' title='bbox 1130 5264 1278 5318; x_wconf 90' lang='lat' dir='ltr'>inter</span> <span class='ocrx_word' id='word_1_761' title='bbox 1298 5262 1410 5316; x_wconf 81' lang='lat' dir='ltr'>alia</span> <span class='ocrx_word' id='word_1_762' title='bbox 1435 5259 1627 5315; x_wconf 88' lang='lat' dir='ltr'>scribit</span> <span class='ocrx_word' id='word_1_763' title='bbox 1649 5258 1708 5312; x_wconf 91' lang='lat' dir='ltr'>in</span> <span class='ocrx_word' id='word_1_764' title='bbox 1737 5259 1853 5312; x_wconf 75' lang='lat' dir='ltr'>hzec</span> <span class='ocrx_word' id='word_1_765' title='bbox 1934 5258 2148 5311; x_wconf 90' lang='lat' dir='ltr'>tionem</span> <span class='ocrx_word' id='word_1_766' title='bbox 2180 5255 2327 5309; x_wconf 91' lang='lat' dir='ltr'>inter</span> <span class='ocrx_word' id='word_1_767' title='bbox 2359 5271 2417 5308; x_wconf 90' lang='lat' dir='ltr'>se</span> <span class='ocrx_word' id='word_1_768' title='bbox 2461 5253 2795 5317; x_wconf 86' lang='lat' dir='ltr'>conferrem,</span> <span class='ocrx_word' id='word_1_769' title='bbox 2846 5247 3191 5322; x_wconf 80' lang='lat' dir='ltr'>deprehendi</span> <span class='ocrx_word' id='word_1_770' title='bbox 3236 5261 3348 5299; x_wconf 91' lang='lat' dir='ltr'>non</span> <span class='ocrx_word' id='word_1_771' title='bbox 3402 5242 3536 5313; x_wconf 90' lang='lat' dir='ltr'>styli</span> 
     </span>
    </p>
   </div>
   <div class='ocr_carea' id='block_1_100' title="bbox 259 5341 3537 5416">
    <p class='ocr_par' dir='ltr' id='par_1_100' title="bbox 259 5341 3537 5416">
     <span class='ocr_line' id='line_1_100' title="bbox 259 5341 3537 5416; baseline -0.007 -9"><span class='ocrx_word' id='word_1_772' title='bbox 259 5355 456 5410; x_wconf 86' lang='lat' dir='ltr'>verba:</span> <span class='ocrx_word' id='word_1_773' title='bbox 1936 5351 2157 5401; x_wconf 86' lang='lat' dir='ltr'>tantum</span> <span class='ocrx_word' id='word_1_774' title='bbox 2187 5344 2507 5416; x_wconf 87' lang='lat' dir='ltr'>paritatem,</span> <span class='ocrx_word' id='word_1_775' title='bbox 2540 5342 2638 5396; x_wconf 88' lang='lat' dir='ltr'>sed</span> <span class='ocrx_word' id='word_1_776' title='bbox 2663 5341 2773 5395; x_wconf 91' lang='lat' dir='ltr'>duo</span> <span class='ocrx_word' id='word_1_777' title='bbox 2803 5345 3093 5411; x_wconf 68' lang='lat' dir='ltr'>praeterea,</span> <span class='ocrx_word' id='word_1_778' title='bbox 3135 5352 3255 5405; x_wconf 65' lang='lat' dir='ltr'>qua&quot;:</span> <span class='ocrx_word' id='word_1_779' title='bbox 3297 5349 3388 5386; x_wconf 91' lang='lat' dir='ltr'>me</span> <span class='ocrx_word' id='word_1_780' title='bbox 3434 5348 3537 5385; x_wconf 88' lang='lat' dir='ltr'>au-</span> 
     </span>
    </p>
   </div>
   <div class='ocr_carea' id='block_1_101' title="bbox 330 5424 3417 5516">
    <p class='ocr_par' dir='ltr' id='par_1_101' title="bbox 330 5424 3417 5516">
     <span class='ocr_line' id='line_1_101' title="bbox 330 5424 3417 5516; baseline -0.007 -20"><span class='ocrx_word' id='word_1_781' title='bbox 330 5466 351 5496; x_wconf 75' lang='lat' dir='ltr'>c</span> <span class='ocrx_word' id='word_1_782' title='bbox 387 5446 529 5500; x_wconf 83' lang='lat' dir='ltr'>Mihi</span> <span class='ocrx_word' id='word_1_783' title='bbox 560 5444 861 5516; x_wconf 87' lang='lat' dir='ltr'>aliquando</span> <span class='ocrx_word' id='word_1_784' title='bbox 888 5445 945 5498; x_wconf 92' lang='lat' dir='ltr'>in</span> <span class='ocrx_word' id='word_1_785' title='bbox 971 5448 1215 5498; x_wconf 88' lang='lat' dir='ltr'>mentem</span> <span class='ocrx_word' id='word_1_786' title='bbox 1240 5440 1497 5495; x_wconf 86' lang='lat' dir='ltr'>veniebat</span> <span class='ocrx_word' id='word_1_787' title='bbox 1522 5444 1741 5494; x_wconf 88' lang='lat' dir='ltr'>essetne</span> <span class='ocrx_word' id='word_1_788' title='bbox 1761 5455 1857 5492; x_wconf 90' lang='lat' dir='ltr'>au-</span> <span class='ocrx_word' id='word_1_789' title='bbox 1942 5436 2130 5501; x_wconf 87' lang='lat' dir='ltr'>ctoris,</span> <span class='ocrx_word' id='word_1_790' title='bbox 2155 5435 2239 5488; x_wconf 89' lang='lat' dir='ltr'>vel</span> <span class='ocrx_word' id='word_1_791' title='bbox 2269 5439 2419 5488; x_wconf 90' lang='lat' dir='ltr'>certe</span> <span class='ocrx_word' id='word_1_792' title='bbox 2444 5430 2788 5503; x_wconf 84' lang='lat' dir='ltr'>interpretis,</span> <span class='ocrx_word' id='word_1_793' title='bbox 2821 5428 3118 5482; x_wconf 88' lang='lat' dir='ltr'>certiorem</span> <span class='ocrx_word' id='word_1_794' title='bbox 3146 5424 3417 5516; x_wconf 80' lang='lat' dir='ltr'>fecerunt.</span> 
     </span>
    </p>
   </div>
   <div class='ocr_carea' id='block_1_102' title="bbox 261 5511 3542 5601">
    <p class='ocr_par' dir='ltr' id='par_1_102' title="bbox 261 5511 3542 5601">
     <span class='ocr_line' id='line_1_102' title="bbox 261 5511 3542 5601; baseline -0.007 -14"><span class='ocrx_word' id='word_1_795' title='bbox 261 5540 377 5589; x_wconf 88' lang='lat' dir='ltr'>ctor</span> <span class='ocrx_word' id='word_1_796' title='bbox 401 5534 534 5589; x_wconf 87' lang='lat' dir='ltr'>libri</span> <span class='ocrx_word' id='word_1_797' title='bbox 571 5511 827 5589; x_wconf 71' lang='lat' dir='ltr'>Vaierius</span> <span class='ocrx_word' id='word_1_798' title='bbox 855 5532 1231 5588; x_wconf 83' lang='lat' dir='ltr'>Asturicensis</span> <span class='ocrx_word' id='word_1_799' title='bbox 1274 5528 1743 5601; x_wconf 85' lang='lat' dir='ltr'>archipresbyter,</span> <span class='ocrx_word' id='word_1_800' title='bbox 1799 5528 1858 5582; x_wconf 91' lang='lat' dir='ltr'>in</span> <span class='ocrx_word' id='word_1_801' title='bbox 2022 5524 2065 5582; x_wconf 87' lang='grc' dir='ltr'>ι.</span> <span class='ocrx_word' id='word_1_802' title='bbox 2108 5524 2387 5589; x_wconf 81' lang='lat' dir='ltr'>Rufﬁnus,</span> <span class='ocrx_word' id='word_1_803' title='bbox 2438 5520 2762 5594; x_wconf 65' lang='lat' dir='ltr'>praefatione</span> <span class='ocrx_word' id='word_1_804' title='bbox 2814 5516 2944 5571; x_wconf 88' lang='lat' dir='ltr'>libri</span> <span class='ocrx_word' id='word_1_805' title='bbox 2988 5511 3375 5586; x_wconf 71' lang='lat' dir='ltr'>praecedentis,</span> <span class='ocrx_word' id='word_1_806' title='bbox 3408 5511 3542 5601; x_wconf 47' lang='lat' dir='ltr'>haec</span> 
     </span>
    </p>
   </div>
   <div class='ocr_carea' id='block_1_103' title="bbox 263 5599 3544 5696">
    <p class='ocr_par' dir='ltr' id='par_1_103' title="bbox 263 5599 3544 5696">
     <span class='ocr_line' id='line_1_103' title="bbox 263 5599 3544 5696; baseline -0.007 -20"><span class='ocrx_word' id='word_1_807' title='bbox 263 5625 418 5695; x_wconf 87' lang='lat' dir='ltr'>cujus</span> <span class='ocrx_word' id='word_1_808' title='bbox 447 5624 660 5696; x_wconf 88' lang='lat' dir='ltr'>scripta</span> <span class='ocrx_word' id='word_1_809' title='bbox 688 5640 821 5679; x_wconf 89' lang='lat' dir='ltr'>casu</span> <span class='ocrx_word' id='word_1_810' title='bbox 848 5623 1040 5688; x_wconf 88' lang='lat' dir='ltr'>incidi,</span> <span class='ocrx_word' id='word_1_811' title='bbox 1072 5638 1197 5676; x_wconf 90' lang='lat' dir='ltr'>cum</span> <span class='ocrx_word' id='word_1_812' title='bbox 1229 5621 1289 5675; x_wconf 92' lang='lat' dir='ltr'>in</span> <span class='ocrx_word' id='word_1_813' title='bbox 1316 5599 1653 5674; x_wconf 83' lang='lat' dir='ltr'>bibliotheca</span> <span class='ocrx_word' id='word_1_814' title='bbox 1682 5617 1858 5673; x_wconf 86' lang='lat' dir='ltr'>eccle-</span> <span class='ocrx_word' id='word_1_815' title='bbox 1944 5614 2113 5670; x_wconf 87' lang='lat' dir='ltr'>habet</span> <span class='ocrx_word' id='word_1_816' title='bbox 2134 5614 2190 5668; x_wconf 90' lang='lat' dir='ltr'>in</span> <span class='ocrx_word' id='word_1_817' title='bbox 2211 5609 2753 5696; x_wconf 87' lang='lat' dir='ltr'>commendationem</span> <span class='ocrx_word' id='word_1_818' title='bbox 2775 5603 3178 5696; x_wconf 80' lang='lat' dir='ltr'>monachorum</span> <span class='ocrx_word' id='word_1_819' title='bbox 3201 5624 3214 5656; x_wconf 84' lang='lat'><strong>:</strong></span> <span class='ocrx_word' id='word_1_820' title='bbox 3244 5622 3266 5652; x_wconf 75' lang='grc' dir='ltr'>ι</span> <span class='ocrx_word' id='word_1_821' title='bbox 3293 5601 3369 5696; x_wconf 78' lang='lat' dir='ltr'>Ut</span> <span class='ocrx_word' id='word_1_822' title='bbox 3386 5599 3544 5655; x_wconf 86' lang='lat' dir='ltr'>dubi-</span> 
     </span>
    </p>
   </div>
   <div class='ocr_carea' id='block_1_104' title="bbox 264 5689 3538 5785">
    <p class='ocr_par' dir='ltr' id='par_1_104' title="bbox 264 5689 3538 5785">
     <span class='ocr_line' id='line_1_104' title="bbox 264 5689 3538 5785; baseline -0.006 -17"><span class='ocrx_word' id='word_1_823' title='bbox 264 5689 354 5769; x_wconf 67' lang='lat' dir='ltr'>size</span> <span class='ocrx_word' id='word_1_824' title='bbox 380 5689 665 5770; x_wconf 68' lang='lat' dir='ltr'>Toletanae</span> <span class='ocrx_word' id='word_1_825' title='bbox 694 5713 886 5785; x_wconf 88' lang='lat' dir='ltr'>aliqua</span> <span class='ocrx_word' id='word_1_826' title='bbox 904 5711 1212 5768; x_wconf 87' lang='lat' dir='ltr'>evolverem</span> <span class='ocrx_word' id='word_1_827' title='bbox 1230 5709 1364 5765; x_wconf 84' lang='lat' dir='ltr'>Mss.</span> <span class='ocrx_word' id='word_1_828' title='bbox 1396 5707 1493 5764; x_wconf 88' lang='lat' dir='ltr'>ubi</span> <span class='ocrx_word' id='word_1_829' title='bbox 1514 5706 1624 5764; x_wconf 89' lang='lat' dir='ltr'>vidi</span> <span class='ocrx_word' id='word_1_830' title='bbox 1644 5708 1862 5780; x_wconf 88' lang='lat' dir='ltr'>justum</span> <span class='ocrx_word' id='word_1_831' title='bbox 1945 5703 2055 5761; x_wconf 86' lang='lat' dir='ltr'>tari</span> <span class='ocrx_word' id='word_1_832' title='bbox 2065 5719 2177 5760; x_wconf 90' lang='lat' dir='ltr'>non</span> <span class='ocrx_word' id='word_1_833' title='bbox 2187 5700 2594 5758; x_wconf 85' lang='lat' dir='ltr'>debeateorum</span> <span class='ocrx_word' id='word_1_834' title='bbox 2605 5694 2822 5752; x_wconf 85' lang='lat' dir='ltr'>meritis</span> <span class='ocrx_word' id='word_1_835' title='bbox 2834 5693 3017 5749; x_wconf 86' lang='lat' dir='ltr'>adhuc</span> <span class='ocrx_word' id='word_1_836' title='bbox 3032 5695 3182 5747; x_wconf 84' lang='lat' dir='ltr'>stare</span> <span class='ocrx_word' id='word_1_837' title='bbox 3196 5689 3489 5745; x_wconf 89' lang='lat' dir='ltr'>mundum.</span> <span class='ocrx_word' id='word_1_838' title='bbox 3510 5710 3538 5747; x_wconf 70' lang='grc' dir='ltr'><strong><em>ι</em></strong></span> 
     </span>
    </p>
   </div>
  </div>
