  <div class='ocr_page' id='page_1' title='image "/cluster/home/n/w/nwhite01/storage/ocr_20150623/73/umn.31951002477366m/027.png"; bbox 0 0 3958 6396; ppageno 0'>
   <div class='ocr_carea' id='block_1_1' title="bbox 99 5 1520 33">
    <p class='ocr_par' dir='ltr' id='par_1_1' title="bbox 99 5 1520 33">
     <span class='ocr_line' id='line_1_1' title="bbox 99 5 1520 33; baseline -0.005 0"><span class='ocrx_word' id='word_1_1' title='bbox 99 5 1520 33; x_wconf 60' lang='lat' dir='ltr'><strong>1-m—</strong></span> 
     </span>
    </p>
   </div>
   <div class='ocr_carea' id='block_1_2' title="bbox 447 395 2833 460">
    <p class='ocr_par' dir='ltr' id='par_1_2' title="bbox 447 395 2833 460">
     <span class='ocr_line' id='line_1_2' title="bbox 447 395 2833 460; baseline -0.003 0"><span class='ocrx_word' id='word_1_2' title='bbox 447 403 517 460; x_wconf 85' lang='lat'><strong>39</strong></span> <span class='ocrx_word' id='word_1_3' title='bbox 1357 401 1436 456; x_wconf 85' lang='lat' dir='ltr'><strong>IN</strong></span> <span class='ocrx_word' id='word_1_4' title='bbox 1472 399 1684 457; x_wconf 85' lang='lat' dir='ltr'><strong>VITAS</strong></span> <span class='ocrx_word' id='word_1_5' title='bbox 1721 395 2020 454; x_wconf 77' lang='lat' dir='ltr'><strong>PATRUM</strong></span> <span class='ocrx_word' id='word_1_6' title='bbox 2053 395 2599 456; x_wconf 79' lang='lat' dir='ltr'><strong>PROLEGOMENA</strong></span> <span class='ocrx_word' id='word_1_7' title='bbox 2633 398 2833 454; x_wconf 85' lang='lat' dir='ltr'><strong>XXVI.</strong></span> 
     </span>
    </p>
   </div>
   <div class='ocr_carea' id='block_1_3' title="bbox 3655 395 3734 456">
    <p class='ocr_par' dir='ltr' id='par_1_3' title="bbox 3655 395 3734 456">
     <span class='ocr_line' id='line_1_3' title="bbox 3655 395 3734 456; baseline 0 -4"><span class='ocrx_word' id='word_1_8' title='bbox 3655 395 3734 456; x_wconf 71' lang='lat'><strong>40</strong></span> 
     </span>
    </p>
   </div>
   <div class='ocr_carea' id='block_1_4' title="bbox 461 522 3730 598">
    <p class='ocr_par' dir='ltr' id='par_1_4' title="bbox 461 522 3730 598">
     <span class='ocr_line' id='line_1_4' title="bbox 461 522 3730 598; baseline -0.002 -15"><span class='ocrx_word' id='word_1_9' title='bbox 461 527 550 583; x_wconf 82' lang='lat' dir='ltr'><strong>Ad</strong></span> <span class='ocrx_word' id='word_1_10' title='bbox 574 543 742 598; x_wconf 88' lang='lat' dir='ltr'><strong>quem</strong></span> <span class='ocrx_word' id='word_1_11' title='bbox 769 523 1028 581; x_wconf 89' lang='lat' dir='ltr'><strong>eumdem</strong></span> <span class='ocrx_word' id='word_1_12' title='bbox 1055 523 1240 578; x_wconf 88' lang='lat' dir='ltr'><strong>locum</strong></span> <span class='ocrx_word' id='word_1_13' title='bbox 1270 529 1469 579; x_wconf 83' lang='lat' dir='ltr'><strong>auctor</strong></span> <span class='ocrx_word' id='word_1_14' title='bbox 1497 525 1829 597; x_wconf 89' lang='lat' dir='ltr'><strong>respiciens,</strong></span> <span class='ocrx_word' id='word_1_15' title='bbox 1861 530 1919 579; x_wconf 92' lang='lat' dir='ltr'><strong>et</strong></span> <span class='ocrx_word' id='word_1_16' title='bbox 1947 523 2054 579; x_wconf 89' lang='lat' dir='ltr'><strong>sibi</strong></span> <span class='ocrx_word' id='word_1_17' title='bbox 2071 522 2298 586; x_wconf 77' lang='lat' dir='ltr'><strong>Avideo</strong></span> <span class='ocrx_word' id='word_1_18' title='bbox 2311 542 2411 580; x_wconf 91' lang='lat' dir='ltr'><strong>cur</strong></span> <span class='ocrx_word' id='word_1_19' title='bbox 2428 542 2541 580; x_wconf 91' lang='lat' dir='ltr'><strong>non</strong></span> <span class='ocrx_word' id='word_1_20' title='bbox 2560 523 2740 597; x_wconf 80' lang='lat' dir='ltr'><strong>possit</strong></span> <span class='ocrx_word' id='word_1_21' title='bbox 2757 522 2928 578; x_wconf 82' lang='lat' dir='ltr'><strong>tribui</strong></span> <span class='ocrx_word' id='word_1_22' title='bbox 2953 522 3224 579; x_wconf 85' lang='lat' dir='ltr'><strong>Eucherio</strong></span> <span class='ocrx_word' id='word_1_23' title='bbox 3247 523 3361 578; x_wconf 79' lang='lat' dir='ltr'><strong>haec</strong></span> <span class='ocrx_word' id='word_1_24' title='bbox 3370 538 3436 577; x_wconf 84' lang='lat' dir='ltr'><strong>ex</strong></span> <span class='ocrx_word' id='word_1_25' title='bbox 3457 523 3730 578; x_wconf 82' lang='lat' dir='ltr'><strong>Cassiano</strong></span> 
     </span>
    </p>
   </div>
   <div class='ocr_carea' id='block_1_5' title="bbox 453 613 2047 688">
    <p class='ocr_par' dir='ltr' id='par_1_5' title="bbox 453 613 2047 688">
     <span class='ocr_line' id='line_1_5' title="bbox 453 613 2047 688; baseline -0.003 -17"><span class='ocrx_word' id='word_1_26' title='bbox 453 617 614 687; x_wconf 88' lang='lat' dir='ltr'><strong>quasi</strong></span> <span class='ocrx_word' id='word_1_27' title='bbox 642 613 1124 688; x_wconf 87' lang='lat' dir='ltr'><strong>epiphonematice</strong></span> <span class='ocrx_word' id='word_1_28' title='bbox 1153 615 1514 686; x_wconf 88' lang='lat' dir='ltr'><strong>respondens,</strong></span> <span class='ocrx_word' id='word_1_29' title='bbox 1557 616 1851 686; x_wconf 82' lang='lat' dir='ltr'><strong>prologum</strong></span> <span class='ocrx_word' id='word_1_30' title='bbox 1878 615 2047 684; x_wconf 89' lang='lat' dir='ltr'>hujus</span> 
     </span>
    </p>
   </div>
   <div class='ocr_carea' id='block_1_6' title="bbox 451 703 2048 774">
    <p class='ocr_par' dir='ltr' id='par_1_6' title="bbox 451 703 2048 774">
     <span class='ocr_line' id='line_1_6' title="bbox 451 703 2048 774; baseline -0.001 -15"><span class='ocrx_word' id='word_1_31' title='bbox 451 705 681 760; x_wconf 90' lang='lat' dir='ltr'><strong>secundi</strong></span> <span class='ocrx_word' id='word_1_32' title='bbox 705 703 832 758; x_wconf 83' lang='lat' dir='ltr'><strong>libri</strong></span> <span class='ocrx_word' id='word_1_33' title='bbox 861 703 942 757; x_wconf 90' lang='lat' dir='ltr'><strong>ita</strong></span> <span class='ocrx_word' id='word_1_34' title='bbox 967 703 1292 774; x_wconf 83' lang='lat' dir='ltr'><strong>auspicatur</strong></span> <span class='ocrx_word' id='word_1_35' title='bbox 1319 722 1331 758; x_wconf 91' lang='lat'><strong>:</strong></span> <span class='ocrx_word' id='word_1_36' title='bbox 1371 724 1394 755; x_wconf 71' lang='grc' dir='ltr'>ι</span> <span class='ocrx_word' id='word_1_37' title='bbox 1423 704 1567 758; x_wconf 89' lang='lat' dir='ltr'><strong>Vere</strong></span> <span class='ocrx_word' id='word_1_38' title='bbox 1604 705 1879 759; x_wconf 90' lang='lat' dir='ltr'><strong>mundum</strong></span> <span class='ocrx_word' id='word_1_39' title='bbox 1923 703 2048 774; x_wconf 89' lang='lat' dir='ltr'><strong>quis</strong></span> 
     </span>
    </p>
   </div>
   <div class='ocr_carea' id='block_1_7' title="bbox 451 792 1534 848">
    <p class='ocr_par' dir='ltr' id='par_1_7' title="bbox 451 792 1534 848">
     <span class='ocr_line' id='line_1_7' title="bbox 451 792 1534 848; baseline -0.003 1"><span class='ocrx_word' id='word_1_40' title='bbox 451 793 670 848; x_wconf 75' lang='lat' dir='ltr'><strong>dubitet</strong></span> <span class='ocrx_word' id='word_1_41' title='bbox 697 792 915 847; x_wconf 85' lang='lat' dir='ltr'><strong>meritis</strong></span> <span class='ocrx_word' id='word_1_42' title='bbox 944 797 1096 846; x_wconf 79' lang='lat' dir='ltr'><strong>stare</strong></span> <span class='ocrx_word' id='word_1_43' title='bbox 1121 793 1479 847; x_wconf 82' lang='lat' dir='ltr'><strong>sanctorum?</strong></span> <span class='ocrx_word' id='word_1_44' title='bbox 1506 811 1534 846; x_wconf 87' lang='grc'><strong>››</strong></span> 
     </span>
    </p>
   </div>
   <div class='ocr_carea' id='block_1_8' title="bbox 519 881 2046 954">
    <p class='ocr_par' dir='ltr' id='par_1_8' title="bbox 519 881 2046 954">
     <span class='ocr_line' id='line_1_8' title="bbox 519 881 2046 954; baseline -0.002 -15"><span class='ocrx_word' id='word_1_45' title='bbox 519 881 573 939; x_wconf 80' lang='lat'><strong>2.</strong></span> <span class='ocrx_word' id='word_1_46' title='bbox 603 883 878 949; x_wconf 74' lang='lat' dir='ltr'><strong>Ruﬁlnus,</strong></span> <span class='ocrx_word' id='word_1_47' title='bbox 912 882 1238 954; x_wconf 81' lang='lat' dir='ltr'><strong>praefatione</strong></span> <span class='ocrx_word' id='word_1_48' title='bbox 1267 883 1463 937; x_wconf 90' lang='lat' dir='ltr'><strong>eadem</strong></span> <span class='ocrx_word' id='word_1_49' title='bbox 1494 883 1857 954; x_wconf 69' lang='lat' dir='ltr'><strong>praecedentis</strong></span> <span class='ocrx_word' id='word_1_50' title='bbox 1895 881 2046 947; x_wconf 85' lang='lat' dir='ltr'><strong>libri,</strong></span> 
     </span>
    </p>
   </div>
   <div class='ocr_carea' id='block_1_9' title="bbox 452 969 2052 1042">
    <p class='ocr_par' dir='ltr' id='par_1_9' title="bbox 452 969 2052 1042">
     <span class='ocr_line' id='line_1_9' title="bbox 452 969 2052 1042; baseline 0 -18"><span class='ocrx_word' id='word_1_51' title='bbox 452 970 711 1042; x_wconf 80' lang='lat' dir='ltr'><strong>quaedam</strong></span> <span class='ocrx_word' id='word_1_52' title='bbox 731 969 1087 1025; x_wconf 88' lang='lat' dir='ltr'><strong>adumbravit</strong></span> <span class='ocrx_word' id='word_1_53' title='bbox 1105 986 1170 1024; x_wconf 84' lang='lat' dir='ltr'><strong>ex</strong></span> <span class='ocrx_word' id='word_1_54' title='bbox 1197 970 1469 1041; x_wconf 71' lang='lat' dir='ltr'><strong>prooemio</strong></span> <span class='ocrx_word' id='word_1_55' title='bbox 1483 971 1719 1025; x_wconf 83' lang='lat' dir='ltr'><strong>Palladii</strong></span> <span class='ocrx_word' id='word_1_56' title='bbox 1745 971 1804 1025; x_wconf 94' lang='lat' dir='ltr'><strong>in</strong></span> <span class='ocrx_word' id='word_1_57' title='bbox 1824 970 2052 1024; x_wconf 90' lang='lat' dir='ltr'><strong>Lausia-</strong></span> 
     </span>
    </p>
   </div>
   <div class='ocr_carea' id='block_1_10' title="bbox 451 1058 2054 1130">
    <p class='ocr_par' dir='ltr' id='par_1_10' title="bbox 451 1058 2054 1130">
     <span class='ocr_line' id='line_1_10' title="bbox 451 1058 2054 1130; baseline -0.001 -16"><span class='ocrx_word' id='word_1_58' title='bbox 451 1075 574 1114; x_wconf 91' lang='lat' dir='ltr'><strong>cam</strong></span> <span class='ocrx_word' id='word_1_59' title='bbox 605 1059 910 1115; x_wconf 81' lang='lat' dir='ltr'><strong>Historiam</strong></span> <span class='ocrx_word' id='word_1_60' title='bbox 943 1077 956 1112; x_wconf 89' lang='lat'><strong>:</strong></span> <span class='ocrx_word' id='word_1_61' title='bbox 990 1059 1050 1116; x_wconf 90' lang='lat' dir='ltr'><strong>in</strong></span> <span class='ocrx_word' id='word_1_62' title='bbox 1079 1059 1250 1129; x_wconf 85' lang='lat' dir='ltr'><strong>hujus</strong></span> <span class='ocrx_word' id='word_1_63' title='bbox 1277 1075 1407 1113; x_wconf 90' lang='lat' dir='ltr'><strong>vero</strong></span> <span class='ocrx_word' id='word_1_64' title='bbox 1435 1058 1563 1113; x_wconf 87' lang='lat' dir='ltr'><strong>libri</strong></span> <span class='ocrx_word' id='word_1_65' title='bbox 1584 1059 1814 1130; x_wconf 88' lang='lat' dir='ltr'><strong>prologo</strong></span> <span class='ocrx_word' id='word_1_66' title='bbox 1844 1076 1911 1114; x_wconf 80' lang='lat' dir='ltr'><strong>ex</strong></span> <span class='ocrx_word' id='word_1_67' title='bbox 1931 1058 2054 1112; x_wconf 84' lang='lat' dir='ltr'><strong>Pal-</strong></span> 
     </span>
    </p>
   </div>
   <div class='ocr_carea' id='block_1_11' title="bbox 450 1147 2053 1220">
    <p class='ocr_par' dir='ltr' id='par_1_11' title="bbox 450 1147 2053 1220">
     <span class='ocr_line' id='line_1_11' title="bbox 450 1147 2053 1220; baseline 0 -18"><span class='ocrx_word' id='word_1_68' title='bbox 450 1148 588 1205; x_wconf 91' lang='lat' dir='ltr'><strong>ladii</strong></span> <span class='ocrx_word' id='word_1_69' title='bbox 617 1149 855 1220; x_wconf 88' lang='lat' dir='ltr'><strong>epistola</strong></span> <span class='ocrx_word' id='word_1_70' title='bbox 883 1149 955 1203; x_wconf 89' lang='lat' dir='ltr'><strong>ad</strong></span> <span class='ocrx_word' id='word_1_71' title='bbox 981 1150 1249 1216; x_wconf 89' lang='lat' dir='ltr'><strong>Lausum,</strong></span> <span class='ocrx_word' id='word_1_72' title='bbox 1294 1166 1416 1220; x_wconf 63' lang='lat' dir='ltr'><strong>quae</strong></span> <span class='ocrx_word' id='word_1_73' title='bbox 1458 1149 1732 1220; x_wconf 70' lang='lat' dir='ltr'><strong>prommio</strong></span> <span class='ocrx_word' id='word_1_74' title='bbox 1770 1147 2053 1204; x_wconf 90' lang='lat' dir='ltr'><strong>subnecti-</strong></span> 
     </span>
    </p>
   </div>
   <div class='ocr_carea' id='block_1_12' title="bbox 449 1237 2053 1310">
    <p class='ocr_par' dir='ltr' id='par_1_12' title="bbox 449 1237 2053 1310">
     <span class='ocr_line' id='line_1_12' title="bbox 449 1237 2053 1310; baseline -0.002 -16"><span class='ocrx_word' id='word_1_75' title='bbox 449 1243 566 1305; x_wconf 89' lang='lat' dir='ltr'><strong>tur,</strong></span> <span class='ocrx_word' id='word_1_76' title='bbox 589 1238 934 1305; x_wconf 83' lang='lat' dir='ltr'><strong>transcribit,</strong></span> <span class='ocrx_word' id='word_1_77' title='bbox 969 1254 1092 1310; x_wconf 62' lang='lat' dir='ltr'><strong>qua:</strong></span> <span class='ocrx_word' id='word_1_78' title='bbox 1117 1239 1251 1293; x_wconf 91' lang='lat' dir='ltr'><strong>locis</strong></span> <span class='ocrx_word' id='word_1_79' title='bbox 1281 1239 1400 1293; x_wconf 86' lang='lat' dir='ltr'><strong>suis</strong></span> <span class='ocrx_word' id='word_1_80' title='bbox 1428 1239 1632 1294; x_wconf 90' lang='lat' dir='ltr'><strong>collata</strong></span> <span class='ocrx_word' id='word_1_81' title='bbox 1659 1243 1717 1293; x_wconf 90' lang='lat' dir='ltr'><strong>et</strong></span> <span class='ocrx_word' id='word_1_82' title='bbox 1743 1243 1939 1294; x_wconf 87' lang='lat' dir='ltr'><strong>notata</strong></span> <span class='ocrx_word' id='word_1_83' title='bbox 1963 1237 2053 1292; x_wconf 90' lang='lat' dir='ltr'><strong>in-</strong></span> 
     </span>
    </p>
   </div>
   <div class='ocr_carea' id='block_1_13' title="bbox 451 1328 658 1384">
    <p class='ocr_par' dir='ltr' id='par_1_13' title="bbox 451 1328 658 1384">
     <span class='ocr_line' id='line_1_13' title="bbox 451 1328 658 1384; baseline 0 -2"><span class='ocrx_word' id='word_1_84' title='bbox 451 1328 658 1384; x_wconf 83' lang='lat' dir='ltr'><strong>venies.</strong></span> 
     </span>
    </p>
   </div>
   <div class='ocr_carea' id='block_1_14' title="bbox 527 1416 2052 1490">
    <p class='ocr_par' dir='ltr' id='par_1_14' title="bbox 527 1416 2052 1490">
     <span class='ocr_line' id='line_1_14' title="bbox 527 1416 2052 1490; baseline -0.001 -18"><span class='ocrx_word' id='word_1_85' title='bbox 527 1419 712 1483; x_wconf 85' lang='lat' dir='ltr'><strong>Quare</strong></span> <span class='ocrx_word' id='word_1_86' title='bbox 752 1435 881 1473; x_wconf 90' lang='lat' dir='ltr'><strong>cum</strong></span> <span class='ocrx_word' id='word_1_87' title='bbox 921 1435 1037 1474; x_wconf 89' lang='lat' dir='ltr'><strong>una</strong></span> <span class='ocrx_word' id='word_1_88' title='bbox 1077 1417 1330 1490; x_wconf 67' lang='lat' dir='ltr'><strong>praefatio</strong></span> <span class='ocrx_word' id='word_1_89' title='bbox 1377 1417 1614 1472; x_wconf 89' lang='lat' dir='ltr'><strong>alteram</strong></span> <span class='ocrx_word' id='word_1_90' title='bbox 1665 1417 1928 1490; x_wconf 87' lang='lat' dir='ltr'><strong>respiciat</strong></span> <span class='ocrx_word' id='word_1_91' title='bbox 1980 1416 2052 1471; x_wconf 89' lang='lat' dir='ltr'><strong>ad</strong></span> 
     </span>
    </p>
   </div>
   <div class='ocr_carea' id='block_1_15' title="bbox 454 1507 2050 1579">
    <p class='ocr_par' dir='ltr' id='par_1_15' title="bbox 454 1507 2050 1579">
     <span class='ocr_line' id='line_1_15' title="bbox 454 1507 2050 1579; baseline -0.001 -17"><span class='ocrx_word' id='word_1_92' title='bbox 454 1524 692 1579; x_wconf 86' lang='lat' dir='ltr'><strong>eamque</strong></span> <span class='ocrx_word' id='word_1_93' title='bbox 713 1508 946 1574; x_wconf 89' lang='lat' dir='ltr'><strong>alludat,</strong></span> <span class='ocrx_word' id='word_1_94' title='bbox 988 1513 1045 1562; x_wconf 90' lang='lat' dir='ltr'><strong>et</strong></span> <span class='ocrx_word' id='word_1_95' title='bbox 1073 1513 1314 1578; x_wconf 88' lang='lat' dir='ltr'><strong>utraque</strong></span> <span class='ocrx_word' id='word_1_96' title='bbox 1343 1523 1409 1561; x_wconf 87' lang='lat' dir='ltr'><strong>ex</strong></span> <span class='ocrx_word' id='word_1_97' title='bbox 1441 1507 1636 1562; x_wconf 91' lang='lat' dir='ltr'><strong>eodem</strong></span> <span class='ocrx_word' id='word_1_98' title='bbox 1666 1507 1818 1562; x_wconf 90' lang='lat' dir='ltr'><strong>fonte</strong></span> <span class='ocrx_word' id='word_1_99' title='bbox 1864 1511 2050 1561; x_wconf 89' lang='lat' dir='ltr'><strong>ortum</strong></span> 
     </span>
    </p>
   </div>
   <div class='ocr_carea' id='block_1_16' title="bbox 455 1595 2052 1670">
    <p class='ocr_par' dir='ltr' id='par_1_16' title="bbox 455 1595 2052 1670">
     <span class='ocr_line' id='line_1_16' title="bbox 455 1595 2052 1670; baseline -0.001 -17"><span class='ocrx_word' id='word_1_100' title='bbox 455 1598 678 1666; x_wconf 86' lang='lat' dir='ltr'><strong>habeat,</strong></span> <span class='ocrx_word' id='word_1_101' title='bbox 704 1599 934 1670; x_wconf 83' lang='lat' dir='ltr'><strong>parique</strong></span> <span class='ocrx_word' id='word_1_102' title='bbox 957 1596 1090 1670; x_wconf 84' lang='lat' dir='ltr'><strong>styli</strong></span> <span class='ocrx_word' id='word_1_103' title='bbox 1114 1599 1375 1653; x_wconf 88' lang='lat' dir='ltr'><strong>decurrat</strong></span> <span class='ocrx_word' id='word_1_104' title='bbox 1403 1599 1578 1664; x_wconf 83' lang='lat' dir='ltr'><strong>alveo,</strong></span> <span class='ocrx_word' id='word_1_105' title='bbox 1612 1597 1869 1652; x_wconf 87' lang='lat' dir='ltr'><strong>existimo</strong></span> <span class='ocrx_word' id='word_1_106' title='bbox 1916 1595 2052 1651; x_wconf 85' lang='lat' dir='ltr'><strong>satis</strong></span> 
     </span>
    </p>
   </div>
   <div class='ocr_carea' id='block_1_17' title="bbox 455 1685 2051 1760">
    <p class='ocr_par' dir='ltr' id='par_1_17' title="bbox 455 1685 2051 1760">
     <span class='ocr_line' id='line_1_17' title="bbox 455 1685 2051 1760; baseline -0.002 -18"><span class='ocrx_word' id='word_1_107' title='bbox 455 1687 820 1759; x_wconf 87' lang='lat' dir='ltr'><strong>probabiliter</strong></span> <span class='ocrx_word' id='word_1_108' title='bbox 840 1689 1132 1760; x_wconf 90' lang='lat' dir='ltr'><strong>utriusque</strong></span> <span class='ocrx_word' id='word_1_109' title='bbox 1157 1687 1496 1760; x_wconf 71' lang='lat' dir='ltr'><strong>praefationis</strong></span> <span class='ocrx_word' id='word_1_110' title='bbox 1523 1692 1580 1742; x_wconf 89' lang='lat' dir='ltr'><strong>et</strong></span> <span class='ocrx_word' id='word_1_111' title='bbox 1613 1686 1742 1741; x_wconf 91' lang='lat' dir='ltr'><strong>libri</strong></span> <span class='ocrx_word' id='word_1_112' title='bbox 1790 1685 2051 1741; x_wconf 90' lang='lat' dir='ltr'><strong>eumdem</strong></span> 
     </span>
    </p>
   </div>
   <div class='ocr_carea' id='block_1_18' title="bbox 2129 615 2498 670">
    <p class='ocr_par' dir='ltr' id='par_1_18' title="bbox 2129 615 2498 670">
     <span class='ocr_line' id='line_1_18' title="bbox 2129 615 2498 670; baseline 0 -2"><span class='ocrx_word' id='word_1_113' title='bbox 2129 615 2498 670; x_wconf 91' lang='lat' dir='ltr'><strong>concinnatio.</strong></span> 
     </span>
    </p>
   </div>
   <div class='ocr_carea' id='block_1_19' title="bbox 2201 702 3732 776">
    <p class='ocr_par' dir='ltr' id='par_1_19' title="bbox 2201 702 3732 776">
     <span class='ocr_line' id='line_1_19' title="bbox 2201 702 3732 776; baseline 0 -18"><span class='ocrx_word' id='word_1_114' title='bbox 2201 703 2322 758; x_wconf 89' lang='lat' dir='ltr'><strong>Nisi</strong></span> <span class='ocrx_word' id='word_1_115' title='bbox 2352 705 2586 758; x_wconf 79' lang='lat' dir='ltr'><strong>fortasse</strong></span> <span class='ocrx_word' id='word_1_116' title='bbox 2616 703 2894 776; x_wconf 88' lang='lat' dir='ltr'><strong>quispiam</strong></span> <span class='ocrx_word' id='word_1_117' title='bbox 2912 702 3132 759; x_wconf 88' lang='lat' dir='ltr'><strong>obstare</strong></span> <span class='ocrx_word' id='word_1_118' title='bbox 3159 702 3293 758; x_wconf 87' lang='lat' dir='ltr'><strong>velit</strong></span> <span class='ocrx_word' id='word_1_119' title='bbox 3320 703 3468 775; x_wconf 91' lang='lat' dir='ltr'><strong>quod</strong></span> <span class='ocrx_word' id='word_1_120' title='bbox 3497 703 3603 758; x_wconf 92' lang='lat' dir='ltr'><strong>hoc</strong></span> <span class='ocrx_word' id='word_1_121' title='bbox 3629 719 3732 758; x_wconf 88' lang='lat' dir='ltr'><strong>eo-</strong></span> 
     </span>
    </p>
   </div>
   <div class='ocr_carea' id='block_1_20' title="bbox 2131 793 3735 866">
    <p class='ocr_par' dir='ltr' id='par_1_20' title="bbox 2131 793 3735 866">
     <span class='ocr_line' id='line_1_20' title="bbox 2131 793 3735 866; baseline -0.001 -19"><span class='ocrx_word' id='word_1_122' title='bbox 2131 793 2260 847; x_wconf 88' lang='lat' dir='ltr'><strong>dem</strong></span> <span class='ocrx_word' id='word_1_123' title='bbox 2287 793 2616 866; x_wconf 83' lang='lat' dir='ltr'><strong>compendio</strong></span> <span class='ocrx_word' id='word_1_124' title='bbox 2646 810 2750 864; x_wconf 90' lang='lat' dir='ltr'><strong>per</strong></span> <span class='ocrx_word' id='word_1_125' title='bbox 2781 793 2969 848; x_wconf 89' lang='lat' dir='ltr'><strong>Severi</strong></span> <span class='ocrx_word' id='word_1_126' title='bbox 2998 793 3187 848; x_wconf 88' lang='lat' dir='ltr'><strong>vineta</strong></span> <span class='ocrx_word' id='word_1_127' title='bbox 3214 793 3349 860; x_wconf 89' lang='lat' dir='ltr'><strong>itur,</strong></span> <span class='ocrx_word' id='word_1_128' title='bbox 3384 809 3507 865; x_wconf 70' lang='lat' dir='ltr'><strong>quae</strong></span> <span class='ocrx_word' id='word_1_129' title='bbox 3530 797 3587 847; x_wconf 91' lang='lat' dir='ltr'><strong>et</strong></span> <span class='ocrx_word' id='word_1_130' title='bbox 3605 793 3735 864; x_wconf 89' lang='lat' dir='ltr'><strong>ipsa</strong></span> 
     </span>
    </p>
   </div>
   <div class='ocr_carea' id='block_1_21' title="bbox 2130 883 3734 955">
    <p class='ocr_par' dir='ltr' id='par_1_21' title="bbox 2130 883 3734 955">
     <span class='ocr_line' id='line_1_21' title="bbox 2130 883 3734 955; baseline 0 -19"><span class='ocrx_word' id='word_1_131' title='bbox 2130 883 2415 953; x_wconf 84' lang='lat' dir='ltr'><strong>putatoria</strong></span> <span class='ocrx_word' id='word_1_132' title='bbox 2441 883 2734 937; x_wconf 80' lang='lat' dir='ltr'><strong>caeduntur</strong></span> <span class='ocrx_word' id='word_1_133' title='bbox 2760 883 2918 938; x_wconf 83' lang='lat' dir='ltr'><strong>falce.</strong></span> <span class='ocrx_word' id='word_1_134' title='bbox 2964 884 3052 938; x_wconf 90' lang='lat' dir='ltr'><strong>Ita</strong></span> <span class='ocrx_word' id='word_1_135' title='bbox 3081 883 3306 955; x_wconf 89' lang='lat' dir='ltr'><strong>quidem</strong></span> <span class='ocrx_word' id='word_1_136' title='bbox 3344 883 3550 937; x_wconf 90' lang='lat' dir='ltr'><strong>librum</strong></span> <span class='ocrx_word' id='word_1_137' title='bbox 3578 883 3734 937; x_wconf 92' lang='lat' dir='ltr'><strong>hunc</strong></span> 
     </span>
    </p>
   </div>
   <div class='ocr_carea' id='block_1_22' title="bbox 2132 971 3732 1041">
    <p class='ocr_par' dir='ltr' id='par_1_22' title="bbox 2132 971 3732 1041">
     <span class='ocr_line' id='line_1_22' title="bbox 2132 971 3732 1041; baseline 0.001 -16"><span class='ocrx_word' id='word_1_138' title='bbox 2132 977 2395 1041; x_wconf 89' lang='lat' dir='ltr'><strong>quartum</strong></span> <span class='ocrx_word' id='word_1_139' title='bbox 2427 977 2486 1026; x_wconf 93' lang='lat' dir='ltr'><strong>et</strong></span> <span class='ocrx_word' id='word_1_140' title='bbox 2515 971 2659 1027; x_wconf 90' lang='lat' dir='ltr'><strong>Editi</strong></span> <span class='ocrx_word' id='word_1_141' title='bbox 2685 979 2743 1027; x_wconf 90' lang='lat' dir='ltr'><strong>et</strong></span> <span class='ocrx_word' id='word_1_142' title='bbox 2763 973 2890 1028; x_wconf 79' lang='lat' dir='ltr'><strong>Mss.</strong></span> <span class='ocrx_word' id='word_1_143' title='bbox 2921 989 2986 1026; x_wconf 88' lang='lat' dir='ltr'><strong>ex</strong></span> <span class='ocrx_word' id='word_1_144' title='bbox 3016 974 3218 1028; x_wconf 79' lang='lat' dir='ltr'><strong>Severo</strong></span> <span class='ocrx_word' id='word_1_145' title='bbox 3239 977 3296 1028; x_wconf 93' lang='lat' dir='ltr'><strong>et</strong></span> <span class='ocrx_word' id='word_1_146' title='bbox 3320 973 3604 1039; x_wconf 86' lang='lat' dir='ltr'><strong>Cassiano,</strong></span> <span class='ocrx_word' id='word_1_147' title='bbox 3636 978 3732 1026; x_wconf 90' lang='lat' dir='ltr'><strong>ta-</strong></span> 
     </span>
    </p>
   </div>
   <div class='ocr_carea' id='block_1_23' title="bbox 2134 1059 3734 1128">
    <p class='ocr_par' dir='ltr' id='par_1_23' title="bbox 2134 1059 3734 1128">
     <span class='ocr_line' id='line_1_23' title="bbox 2134 1059 3734 1128; baseline 0.001 -14"><span class='ocrx_word' id='word_1_148' title='bbox 2134 1059 2258 1114; x_wconf 90' lang='lat' dir='ltr'><strong>citis</strong></span> <span class='ocrx_word' id='word_1_149' title='bbox 2277 1066 2464 1116; x_wconf 89' lang='lat' dir='ltr'><strong>tamen</strong></span> <span class='ocrx_word' id='word_1_150' title='bbox 2485 1061 2822 1128; x_wconf 88' lang='lat' dir='ltr'><strong>nominibus,</strong></span> <span class='ocrx_word' id='word_1_151' title='bbox 2841 1062 3178 1116; x_wconf 90' lang='lat' dir='ltr'><strong>adornatum</strong></span> <span class='ocrx_word' id='word_1_152' title='bbox 3194 1061 3474 1116; x_wconf 83' lang='lat' dir='ltr'><strong>exhibent.</strong></span> <span class='ocrx_word' id='word_1_153' title='bbox 3489 1063 3616 1116; x_wconf 89' lang='lat' dir='ltr'><strong>Non</strong></span> <span class='ocrx_word' id='word_1_154' title='bbox 3636 1061 3734 1115; x_wconf 80' lang='lat' dir='ltr'><strong>de-</strong></span> 
     </span>
    </p>
   </div>
   <div class='ocr_carea' id='block_1_24' title="bbox 2134 1150 3735 1223">
    <p class='ocr_par' dir='ltr' id='par_1_24' title="bbox 2134 1150 3735 1223">
     <span class='ocr_line' id='line_1_24' title="bbox 2134 1150 3735 1223; baseline 0.001 -21"><span class='ocrx_word' id='word_1_155' title='bbox 2134 1155 2266 1204; x_wconf 89' lang='lat' dir='ltr'><strong>sunt</strong></span> <span class='ocrx_word' id='word_1_156' title='bbox 2276 1155 2466 1204; x_wconf 84' lang='lat' dir='ltr'><strong>tamen</strong></span> <span class='ocrx_word' id='word_1_157' title='bbox 2479 1151 2608 1205; x_wconf 90' lang='lat' dir='ltr'><strong>Mss.</strong></span> <span class='ocrx_word' id='word_1_158' title='bbox 2621 1195 2631 1215; x_wconf 89' lang='lat'><strong>,</strong></span> <span class='ocrx_word' id='word_1_159' title='bbox 2649 1151 2733 1206; x_wconf 88' lang='lat' dir='ltr'><strong>uti</strong></span> <span class='ocrx_word' id='word_1_160' title='bbox 2755 1150 3237 1218; x_wconf 91' lang='lat' dir='ltr'><strong>Camberonensis,</strong></span> <span class='ocrx_word' id='word_1_161' title='bbox 3255 1151 3349 1223; x_wconf 93' lang='lat' dir='ltr'><strong>qui</strong></span> <span class='ocrx_word' id='word_1_162' title='bbox 3363 1150 3566 1205; x_wconf 90' lang='lat' dir='ltr'><strong>librum</strong></span> <span class='ocrx_word' id='word_1_163' title='bbox 3579 1151 3735 1205; x_wconf 88' lang='lat' dir='ltr'><strong>hunc</strong></span> 
     </span>
    </p>
   </div>
   <div class='ocr_carea' id='block_1_25' title="bbox 2137 1238 3732 1312">
    <p class='ocr_par' dir='ltr' id='par_1_25' title="bbox 2137 1238 3732 1312">
     <span class='ocr_line' id='line_1_25' title="bbox 2137 1238 3732 1312; baseline 0 -20"><span class='ocrx_word' id='word_1_164' title='bbox 2137 1243 2398 1309; x_wconf 85' lang='lat' dir='ltr'><strong>quartum</strong></span> <span class='ocrx_word' id='word_1_165' title='bbox 2414 1256 2477 1293; x_wconf 84' lang='lat' dir='ltr'><strong>ex</strong></span> <span class='ocrx_word' id='word_1_166' title='bbox 2498 1240 2616 1294; x_wconf 92' lang='lat' dir='ltr'><strong>solo</strong></span> <span class='ocrx_word' id='word_1_167' title='bbox 2631 1238 2900 1296; x_wconf 87' lang='lat' dir='ltr'><strong>Cassiano</strong></span> <span class='ocrx_word' id='word_1_168' title='bbox 2920 1240 3124 1296; x_wconf 90' lang='lat' dir='ltr'><strong>habeat</strong></span> <span class='ocrx_word' id='word_1_169' title='bbox 3143 1257 3484 1312; x_wconf 89' lang='lat' dir='ltr'><strong>expressum,</strong></span> <span class='ocrx_word' id='word_1_170' title='bbox 3508 1239 3732 1294; x_wconf 85' lang='lat' dir='ltr'><strong>omissis</strong></span> 
     </span>
    </p>
   </div>
   <div class='ocr_carea' id='block_1_26' title="bbox 2133 1326 3734 1402">
    <p class='ocr_par' dir='ltr' id='par_1_26' title="bbox 2133 1326 3734 1402">
     <span class='ocr_line' id='line_1_26' title="bbox 2133 1326 3734 1402; baseline 0.001 -22"><span class='ocrx_word' id='word_1_171' title='bbox 2133 1326 2245 1381; x_wconf 88' lang='lat' dir='ltr'><strong>illis</strong></span> <span class='ocrx_word' id='word_1_172' title='bbox 2269 1345 2392 1398; x_wconf 68' lang='lat' dir='ltr'><strong>quae</strong></span> <span class='ocrx_word' id='word_1_173' title='bbox 2422 1345 2487 1382; x_wconf 85' lang='lat' dir='ltr'><strong>ex</strong></span> <span class='ocrx_word' id='word_1_174' title='bbox 2509 1330 2711 1384; x_wconf 87' lang='lat' dir='ltr'><strong>Severo</strong></span> <span class='ocrx_word' id='word_1_175' title='bbox 2731 1329 2940 1401; x_wconf 88' lang='lat' dir='ltr'><strong>passim</strong></span> <span class='ocrx_word' id='word_1_176' title='bbox 2955 1330 3390 1402; x_wconf 60' lang='lat' dir='ltr'><strong>praemittuntur.</strong></span> <span class='ocrx_word' id='word_1_177' title='bbox 3437 1331 3622 1401; x_wconf 81' lang='lat' dir='ltr'><strong>Atque</strong></span> <span class='ocrx_word' id='word_1_178' title='bbox 3649 1327 3734 1382; x_wconf 85' lang='lat' dir='ltr'><strong>ita</strong></span> 
     </span>
    </p>
   </div>
   <div class='ocr_carea' id='block_1_27' title="bbox 2134 1415 3636 1492">
    <p class='ocr_par' dir='ltr' id='par_1_27' title="bbox 2134 1415 3636 1492">
     <span class='ocr_line' id='line_1_27' title="bbox 2134 1415 3636 1492; baseline 0.001 -22"><span class='ocrx_word' id='word_1_179' title='bbox 2134 1416 2408 1471; x_wconf 89' lang='lat' dir='ltr'><strong>Eucherio</strong></span> <span class='ocrx_word' id='word_1_180' title='bbox 2439 1418 2556 1472; x_wconf 63' lang='lat' dir='ltr'><strong>haec</strong></span> <span class='ocrx_word' id='word_1_181' title='bbox 2579 1418 2822 1490; x_wconf 89' lang='lat' dir='ltr'><strong>epitome</strong></span> <span class='ocrx_word' id='word_1_182' title='bbox 2850 1419 3025 1474; x_wconf 88' lang='lat' dir='ltr'><strong>tribui</strong></span> <span class='ocrx_word' id='word_1_183' title='bbox 3049 1437 3210 1492; x_wconf 90' lang='lat' dir='ltr'><strong>posse</strong></span> <span class='ocrx_word' id='word_1_184' title='bbox 3239 1415 3415 1474; x_wconf 84' lang='lat' dir='ltr'><strong>videri</strong></span> <span class='ocrx_word' id='word_1_185' title='bbox 3442 1418 3636 1490; x_wconf 88' lang='lat' dir='ltr'><strong>possit.</strong></span> 
     </span>
    </p>
   </div>
   <div class='ocr_carea' id='block_1_28' title="bbox 2203 1506 3731 1564">
    <p class='ocr_par' dir='ltr' id='par_1_28' title="bbox 2203 1506 3731 1564">
     <span class='ocr_line' id='line_1_28' title="bbox 2203 1506 3731 1564; baseline 0.001 -5"><span class='ocrx_word' id='word_1_186' title='bbox 2203 1506 2434 1560; x_wconf 81' lang='lat' dir='ltr'><strong>Accedit</strong></span> <span class='ocrx_word' id='word_1_187' title='bbox 2460 1507 2612 1562; x_wconf 84' lang='lat' dir='ltr'><strong>Petri</strong></span> <span class='ocrx_word' id='word_1_188' title='bbox 2642 1508 2901 1563; x_wconf 90' lang='lat' dir='ltr'><strong>Damiani</strong></span> <span class='ocrx_word' id='word_1_189' title='bbox 2914 1525 3028 1564; x_wconf 91' lang='lat' dir='ltr'><strong>non</strong></span> <span class='ocrx_word' id='word_1_190' title='bbox 3047 1509 3277 1564; x_wconf 90' lang='lat' dir='ltr'><strong>omnino</strong></span> <span class='ocrx_word' id='word_1_191' title='bbox 3311 1525 3443 1563; x_wconf 89' lang='lat' dir='ltr'><strong>vero</strong></span> <span class='ocrx_word' id='word_1_192' title='bbox 3472 1507 3731 1562; x_wconf 89' lang='lat' dir='ltr'><strong>absimile</strong></span> 
     </span>
    </p>
   </div>
   <div class='ocr_carea' id='block_1_29' title="bbox 2132 1595 3731 1668">
    <p class='ocr_par' dir='ltr' id='par_1_29' title="bbox 2132 1595 3731 1668">
     <span class='ocr_line' id='line_1_29' title="bbox 2132 1595 3731 1668; baseline 0.001 -20"><span class='ocrx_word' id='word_1_193' title='bbox 2132 1595 2517 1650; x_wconf 89' lang='lat' dir='ltr'><strong>testimonium</strong></span> <span class='ocrx_word' id='word_1_194' title='bbox 2533 1595 2630 1652; x_wconf 91' lang='lat' dir='ltr'><strong>lib.</strong></span> <span class='ocrx_word' id='word_1_195' title='bbox 2649 1611 2702 1664; x_wconf 91' lang='lat' dir='ltr'><strong>v,</strong></span> <span class='ocrx_word' id='word_1_196' title='bbox 2728 1597 2890 1668; x_wconf 87' lang='lat' dir='ltr'><strong>epist.</strong></span> <span class='ocrx_word' id='word_1_197' title='bbox 2911 1596 3000 1655; x_wconf 84' lang='lat'><strong>19:</strong></span> <span class='ocrx_word' id='word_1_198' title='bbox 3031 1618 3054 1649; x_wconf 76' lang='grc' dir='ltr'>ι</span> <span class='ocrx_word' id='word_1_199' title='bbox 3073 1598 3232 1662; x_wconf 90' lang='lat' dir='ltr'><strong>Quod</strong></span> <span class='ocrx_word' id='word_1_200' title='bbox 3252 1598 3300 1652; x_wconf 89' lang='lat' dir='ltr'><strong>si</strong></span> <span class='ocrx_word' id='word_1_201' title='bbox 3322 1595 3474 1651; x_wconf 90' lang='lat' dir='ltr'><strong>vobis</strong></span> <span class='ocrx_word' id='word_1_202' title='bbox 3493 1595 3731 1651; x_wconf 89' lang='lat' dir='ltr'><strong>dubium</strong></span> 
     </span>
    </p>
   </div>
   <div class='ocr_carea' id='block_1_30' title="bbox 2131 1683 3732 1758">
    <p class='ocr_par' dir='ltr' id='par_1_30' title="bbox 2131 1683 3732 1758">
     <span class='ocr_line' id='line_1_30' title="bbox 2131 1683 3732 1758; baseline 0.002 -22"><span class='ocrx_word' id='word_1_203' title='bbox 2131 1683 2371 1751; x_wconf 91' lang='lat' dir='ltr'><strong>videtur,</strong></span> <span class='ocrx_word' id='word_1_204' title='bbox 2395 1684 2594 1740; x_wconf 91' lang='lat' dir='ltr'><strong>saltem</strong></span> <span class='ocrx_word' id='word_1_205' title='bbox 2609 1691 2921 1742; x_wconf 84' lang='lat' dir='ltr'><strong>vestrarum</strong></span> <span class='ocrx_word' id='word_1_206' title='bbox 2941 1687 3184 1758; x_wconf 86' lang='lat' dir='ltr'><strong>partium</strong></span> <span class='ocrx_word' id='word_1_207' title='bbox 3197 1687 3522 1741; x_wconf 85' lang='lat' dir='ltr'><strong>testimonio</strong></span> <span class='ocrx_word' id='word_1_208' title='bbox 3532 1702 3732 1740; x_wconf 88' lang='lat' dir='ltr'><strong>aurem</strong></span> 
     </span>
    </p>
   </div>
   <div class='ocr_carea' id='block_1_31' title="bbox 459 1767 3734 1850">
    <p class='ocr_par' dir='ltr' id='par_1_31' title="bbox 459 1767 3734 1850">
     <span class='ocr_line' id='line_1_31' title="bbox 459 1767 3734 1850; baseline -0.001 -18"><span class='ocrx_word' id='word_1_209' title='bbox 459 1782 744 1832; x_wconf 88' lang='lat' dir='ltr'><strong>auctorem</strong></span> <span class='ocrx_word' id='word_1_210' title='bbox 760 1779 844 1832; x_wconf 92' lang='lat' dir='ltr'><strong>vel</strong></span> <span class='ocrx_word' id='word_1_211' title='bbox 859 1778 1226 1850; x_wconf 89' lang='lat' dir='ltr'><strong>interpretem</strong></span> <span class='ocrx_word' id='word_1_212' title='bbox 1240 1794 1402 1850; x_wconf 90' lang='lat' dir='ltr'><strong>posse</strong></span> <span class='ocrx_word' id='word_1_213' title='bbox 1421 1775 1779 1832; x_wconf 89' lang='lat' dir='ltr'><strong>statui.Unde</strong></span> <span class='ocrx_word' id='word_1_214' title='bbox 1791 1774 2063 1832; x_wconf 90' lang='lat' dir='ltr'><strong>etlibrum</strong></span> <span class='ocrx_word' id='word_1_215' title='bbox 2077 1767 2126 1830; x_wconf 88' lang='grc' dir='ltr'>Β</span> <span class='ocrx_word' id='word_1_216' title='bbox 2140 1773 2556 1828; x_wconf 88' lang='lat' dir='ltr'><strong>accommodate</strong></span> <span class='ocrx_word' id='word_1_217' title='bbox 2581 1793 2594 1842; x_wconf 89' lang='lat'><strong>;</strong></span> <span class='ocrx_word' id='word_1_218' title='bbox 2622 1775 2790 1846; x_wconf 80' lang='lat' dir='ltr'><strong>legite</strong></span> <span class='ocrx_word' id='word_1_219' title='bbox 2811 1776 3148 1831; x_wconf 90' lang='lat' dir='ltr'><strong>Collationes</strong></span> <span class='ocrx_word' id='word_1_220' title='bbox 3177 1777 3430 1843; x_wconf 87' lang='lat' dir='ltr'><strong>Patrum,</strong></span> <span class='ocrx_word' id='word_1_221' title='bbox 3455 1791 3593 1847; x_wconf 90' lang='lat' dir='ltr'><strong>quas</strong></span> <span class='ocrx_word' id='word_1_222' title='bbox 3623 1775 3734 1829; x_wconf 83' lang='lat' dir='ltr'><strong>Eu-</strong></span> 
     </span>
    </p>
   </div>
   <div class='ocr_carea' id='block_1_32' title="bbox 456 1865 1161 1939">
    <p class='ocr_par' dir='ltr' id='par_1_32' title="bbox 456 1865 1161 1939">
     <span class='ocr_line' id='line_1_32' title="bbox 456 1865 1161 1939; baseline 0 -19"><span class='ocrx_word' id='word_1_223' title='bbox 456 1865 606 1922; x_wconf 91' lang='lat' dir='ltr'><strong>hunc</strong></span> <span class='ocrx_word' id='word_1_224' title='bbox 634 1867 857 1922; x_wconf 78' lang='lat' dir='ltr'><strong>Ruffino</strong></span> <span class='ocrx_word' id='word_1_225' title='bbox 881 1867 1161 1939; x_wconf 74' lang='lat' dir='ltr'><strong>inscripsi.</strong></span> 
     </span>
    </p>
   </div>
   <div class='ocr_carea' id='block_1_33' title="bbox 836 1991 1668 2048">
    <p class='ocr_par' dir='ltr' id='par_1_33' title="bbox 836 1991 1668 2048">
     <span class='ocr_line' id='line_1_33' title="bbox 836 1991 1668 2048; baseline -0.001 -1"><span class='ocrx_word' id='word_1_226' title='bbox 836 1991 1531 2048; x_wconf 86' lang='lat' dir='ltr'><strong>PROLEGOMENON</strong></span> <span class='ocrx_word' id='word_1_227' title='bbox 1572 1991 1668 2047; x_wconf 87' lang='lat' dir='ltr'><strong>VI.</strong></span> 
     </span>
    </p>
   </div>
   <div class='ocr_carea' id='block_1_34' title="bbox 863 2101 1649 2168">
    <p class='ocr_par' dir='ltr' id='par_1_34' title="bbox 863 2101 1649 2168">
     <span class='ocr_line' id='line_1_34' title="bbox 863 2101 1649 2168; baseline -0.004 -14"><span class='ocrx_word' id='word_1_228' title='bbox 863 2101 996 2168; x_wconf 78' lang='lat' dir='ltr'><strong>Quis</strong></span> <span class='ocrx_word' id='word_1_229' title='bbox 1015 2101 1209 2168; x_wconf 84' lang='lat' dir='ltr'><strong>quarti</strong></span> <span class='ocrx_word' id='word_1_230' title='bbox 1240 2101 1377 2154; x_wconf 80' lang='lat' dir='ltr'><strong>libri</strong></span> <span class='ocrx_word' id='word_1_231' title='bbox 1412 2102 1608 2154; x_wconf 84' lang='lat' dir='ltr'><strong>auctor</strong></span> <span class='ocrx_word' id='word_1_232' title='bbox 1625 2102 1649 2151; x_wconf 86' lang='lat'><em>?</em></span> 
     </span>
    </p>
   </div>
   <div class='ocr_carea' id='block_1_35' title="bbox 525 2220 2054 2293">
    <p class='ocr_par' dir='ltr' id='par_1_35' title="bbox 525 2220 2054 2293">
     <span class='ocr_line' id='line_1_35' title="bbox 525 2220 2054 2293; baseline -0.003 -13"><span class='ocrx_word' id='word_1_233' title='bbox 525 2225 685 2280; x_wconf 88' lang='lat' dir='ltr'><strong>Dico:</strong></span> <span class='ocrx_word' id='word_1_234' title='bbox 718 2225 966 2290; x_wconf 84' lang='lat' dir='ltr'><strong>Quartus</strong></span> <span class='ocrx_word' id='word_1_235' title='bbox 993 2223 1137 2278; x_wconf 90' lang='lat' dir='ltr'><strong>liber</strong></span> <span class='ocrx_word' id='word_1_236' title='bbox 1165 2239 1232 2277; x_wconf 85' lang='lat' dir='ltr'><strong>ex</strong></span> <span class='ocrx_word' id='word_1_237' title='bbox 1258 2223 1460 2278; x_wconf 81' lang='lat' dir='ltr'><strong>Severo</strong></span> <span class='ocrx_word' id='word_1_238' title='bbox 1483 2220 1730 2293; x_wconf 92' lang='lat' dir='ltr'><strong>Sulpicio</strong></span> <span class='ocrx_word' id='word_1_239' title='bbox 1760 2225 1818 2276; x_wconf 91' lang='lat' dir='ltr'><strong>et</strong></span> <span class='ocrx_word' id='word_1_240' title='bbox 1839 2221 2054 2276; x_wconf 85' lang='lat' dir='ltr'><strong>Joanne</strong></span> 
     </span>
    </p>
   </div>
   <div class='ocr_carea' id='block_1_36' title="bbox 455 2313 1256 2370">
    <p class='ocr_par' dir='ltr' id='par_1_36' title="bbox 455 2313 1256 2370">
     <span class='ocr_line' id='line_1_36' title="bbox 455 2313 1256 2370; baseline -0.005 0"><span class='ocrx_word' id='word_1_241' title='bbox 455 2315 724 2370; x_wconf 88' lang='lat' dir='ltr'><strong>Cassiano</strong></span> <span class='ocrx_word' id='word_1_242' title='bbox 754 2319 842 2368; x_wconf 84' lang='lat' dir='ltr'><strong>est</strong></span> <span class='ocrx_word' id='word_1_243' title='bbox 868 2313 1256 2369; x_wconf 81' lang='lat' dir='ltr'><strong>concinnatus.</strong></span> 
     </span>
    </p>
   </div>
   <div class='ocr_carea' id='block_1_37' title="bbox 526 2397 2053 2472">
    <p class='ocr_par' dir='ltr' id='par_1_37' title="bbox 526 2397 2053 2472">
     <span class='ocr_line' id='line_1_37' title="bbox 526 2397 2053 2472; baseline -0.003 -13"><span class='ocrx_word' id='word_1_244' title='bbox 526 2405 670 2459; x_wconf 90' lang='lat' dir='ltr'><strong>Sunt</strong></span> <span class='ocrx_word' id='word_1_245' title='bbox 697 2403 844 2458; x_wconf 87' lang='lat' dir='ltr'><strong>enim</strong></span> <span class='ocrx_word' id='word_1_246' title='bbox 863 2407 1084 2458; x_wconf 89' lang='lat' dir='ltr'><strong>tantum</strong></span> <span class='ocrx_word' id='word_1_247' title='bbox 1107 2405 1368 2472; x_wconf 85' lang='lat' dir='ltr'><strong>excerpta</strong></span> <span class='ocrx_word' id='word_1_248' title='bbox 1383 2397 1642 2472; x_wconf 71' lang='lat' dir='ltr'><strong>quaedam</strong></span> <span class='ocrx_word' id='word_1_249' title='bbox 1671 2414 1738 2454; x_wconf 88' lang='lat' dir='ltr'><strong>ex</strong></span> <span class='ocrx_word' id='word_1_250' title='bbox 1766 2414 1962 2454; x_wconf 92' lang='lat' dir='ltr'><strong>eorum</strong></span> <span class='ocrx_word' id='word_1_251' title='bbox 1983 2397 2053 2454; x_wconf 88' lang='lat' dir='ltr'><strong>li-</strong></span> 
     </span>
    </p>
   </div>
   <div class='ocr_carea' id='block_1_38' title="bbox 451 2487 2055 2564">
    <p class='ocr_par' dir='ltr' id='par_1_38' title="bbox 451 2487 2055 2564">
     <span class='ocr_line' id='line_1_38' title="bbox 451 2487 2055 2564; baseline -0.002 -18"><span class='ocrx_word' id='word_1_252' title='bbox 451 2491 586 2560; x_wconf 89' lang='lat' dir='ltr'><strong>bris,</strong></span> <span class='ocrx_word' id='word_1_253' title='bbox 617 2491 800 2547; x_wconf 86' lang='lat' dir='ltr'><strong>verbis</strong></span> <span class='ocrx_word' id='word_1_254' title='bbox 816 2508 958 2564; x_wconf 91' lang='lat' dir='ltr'><strong>pene</strong></span> <span class='ocrx_word' id='word_1_255' title='bbox 979 2491 1210 2546; x_wconf 89' lang='lat' dir='ltr'><strong>eisdem.</strong></span> <span class='ocrx_word' id='word_1_256' title='bbox 1233 2490 1379 2544; x_wconf 89' lang='lat' dir='ltr'><strong>Loca</strong></span> <span class='ocrx_word' id='word_1_257' title='bbox 1397 2487 1643 2559; x_wconf 88' lang='lat' dir='ltr'><strong>singula,</strong></span> <span class='ocrx_word' id='word_1_258' title='bbox 1662 2487 1813 2543; x_wconf 90' lang='lat' dir='ltr'><strong>unde</strong></span> <span class='ocrx_word' id='word_1_259' title='bbox 1832 2487 2055 2543; x_wconf 85' lang='lat' dir='ltr'><strong>desum-</strong></span> 
     </span>
    </p>
   </div>
   <div class='ocr_carea' id='block_1_39' title="bbox 450 2577 1723 2653">
    <p class='ocr_par' dir='ltr' id='par_1_39' title="bbox 450 2577 1723 2653">
     <span class='ocr_line' id='line_1_39' title="bbox 450 2577 1723 2653; baseline -0.005 -16"><span class='ocrx_word' id='word_1_260' title='bbox 450 2587 549 2653; x_wconf 88' lang='lat' dir='ltr'><strong>pta</strong></span> <span class='ocrx_word' id='word_1_261' title='bbox 571 2587 722 2648; x_wconf 91' lang='lat' dir='ltr'><strong>sunt,</strong></span> <span class='ocrx_word' id='word_1_262' title='bbox 756 2581 827 2634; x_wconf 88' lang='lat' dir='ltr'><strong>ad</strong></span> <span class='ocrx_word' id='word_1_263' title='bbox 857 2580 1082 2650; x_wconf 89' lang='lat' dir='ltr'><strong>singula</strong></span> <span class='ocrx_word' id='word_1_264' title='bbox 1107 2578 1293 2650; x_wconf 88' lang='lat' dir='ltr'><strong>capita</strong></span> <span class='ocrx_word' id='word_1_265' title='bbox 1315 2577 1723 2632; x_wconf 88' lang='lat' dir='ltr'><strong>annotavimus.</strong></span> 
     </span>
    </p>
   </div>
   <div class='ocr_carea' id='block_1_40' title="bbox 523 2664 2051 2734">
    <p class='ocr_par' dir='ltr' id='par_1_40' title="bbox 523 2664 2051 2734">
     <span class='ocr_line' id='line_1_40' title="bbox 523 2664 2051 2734; baseline -0.003 -11"><span class='ocrx_word' id='word_1_266' title='bbox 523 2670 660 2734; x_wconf 89' lang='lat' dir='ltr'><strong>Quis</strong></span> <span class='ocrx_word' id='word_1_267' title='bbox 690 2675 881 2723; x_wconf 86' lang='lat' dir='ltr'><strong>autem</strong></span> <span class='ocrx_word' id='word_1_268' title='bbox 912 2685 980 2722; x_wconf 88' lang='lat' dir='ltr'><strong>ea</strong></span> <span class='ocrx_word' id='word_1_269' title='bbox 1019 2666 1456 2732; x_wconf 86' lang='lat' dir='ltr'><strong>concinnaverit,</strong></span> <span class='ocrx_word' id='word_1_270' title='bbox 1503 2682 1616 2719; x_wconf 91' lang='lat' dir='ltr'><strong>non</strong></span> <span class='ocrx_word' id='word_1_271' title='bbox 1668 2664 1846 2720; x_wconf 89' lang='lat' dir='ltr'><strong>habeo</strong></span> <span class='ocrx_word' id='word_1_272' title='bbox 1898 2669 2051 2720; x_wconf 87' lang='lat' dir='ltr'><strong>certe</strong></span> 
     </span>
    </p>
   </div>
   <div class='ocr_carea' id='block_1_41' title="bbox 454 2748 2052 2824">
    <p class='ocr_par' dir='ltr' id='par_1_41' title="bbox 454 2748 2052 2824">
     <span class='ocr_line' id='line_1_41' title="bbox 454 2748 2052 2824; baseline -0.003 -12"><span class='ocrx_word' id='word_1_273' title='bbox 454 2758 659 2812; x_wconf 89' lang='lat' dir='ltr'><strong>dicere.</strong></span> <span class='ocrx_word' id='word_1_274' title='bbox 683 2757 986 2812; x_wconf 83' lang='lat' dir='ltr'><strong>Videamus</strong></span> <span class='ocrx_word' id='word_1_275' title='bbox 1014 2762 1206 2811; x_wconf 86' lang='lat' dir='ltr'><strong>tamen</strong></span> <span class='ocrx_word' id='word_1_276' title='bbox 1229 2748 1315 2809; x_wconf 77' lang='grc' dir='ltr'><strong>ἐιη</strong></span> <span class='ocrx_word' id='word_1_277' title='bbox 1358 2760 1415 2809; x_wconf 91' lang='lat' dir='ltr'><strong>et</strong></span> <span class='ocrx_word' id='word_1_278' title='bbox 1461 2753 1554 2808; x_wconf 90' lang='lat' dir='ltr'><strong>hic</strong></span> <span class='ocrx_word' id='word_1_279' title='bbox 1592 2753 1736 2808; x_wconf 85' lang='lat' dir='ltr'><strong>felici</strong></span> <span class='ocrx_word' id='word_1_280' title='bbox 1788 2754 2052 2824; x_wconf 83' lang='lat' dir='ltr'><strong>indagine</strong></span> 
     </span>
    </p>
   </div>
   <div class='ocr_carea' id='block_1_42' title="bbox 457 2842 2053 2919">
    <p class='ocr_par' dir='ltr' id='par_1_42' title="bbox 457 2842 2053 2919">
     <span class='ocr_line' id='line_1_42' title="bbox 457 2842 2053 2919; baseline -0.004 -17"><span class='ocrx_word' id='word_1_281' title='bbox 457 2848 736 2919; x_wconf 87' lang='lat' dir='ltr'><strong>possimus</strong></span> <span class='ocrx_word' id='word_1_282' title='bbox 757 2847 829 2901; x_wconf 89' lang='lat' dir='ltr'><strong>ad</strong></span> <span class='ocrx_word' id='word_1_283' title='bbox 849 2845 1260 2901; x_wconf 90' lang='lat' dir='ltr'><strong>concinnatoris</strong></span> <span class='ocrx_word' id='word_1_284' title='bbox 1280 2843 1567 2916; x_wconf 84' lang='lat' dir='ltr'><strong>pervenire</strong></span> <span class='ocrx_word' id='word_1_285' title='bbox 1587 2842 1810 2897; x_wconf 87' lang='lat' dir='ltr'><strong>cubilia.</strong></span> <span class='ocrx_word' id='word_1_286' title='bbox 1825 2843 1980 2908; x_wconf 91' lang='lat' dir='ltr'><strong>Quod</strong></span> <span class='ocrx_word' id='word_1_287' title='bbox 2005 2842 2053 2897; x_wconf 92' lang='lat' dir='ltr'><strong>si</strong></span> 
     </span>
    </p>
   </div>
   <div class='ocr_carea' id='block_1_43' title="bbox 451 2931 2056 3008">
    <p class='ocr_par' dir='ltr' id='par_1_43' title="bbox 451 2931 2056 3008">
     <span class='ocr_line' id='line_1_43' title="bbox 451 2931 2056 3008; baseline -0.005 -15"><span class='ocrx_word' id='word_1_288' title='bbox 451 2954 566 2992; x_wconf 90' lang='lat' dir='ltr'><strong>non</strong></span> <span class='ocrx_word' id='word_1_289' title='bbox 593 2938 822 2992; x_wconf 88' lang='lat' dir='ltr'><strong>omnino</strong></span> <span class='ocrx_word' id='word_1_290' title='bbox 862 2936 1299 3008; x_wconf 90' lang='lat' dir='ltr'><strong>pervenerimus,</strong></span> <span class='ocrx_word' id='word_1_291' title='bbox 1343 2932 1654 3004; x_wconf 86' lang='lat' dir='ltr'><strong>jucundum</strong></span> <span class='ocrx_word' id='word_1_292' title='bbox 1703 2933 1903 2987; x_wconf 85' lang='lat' dir='ltr'><strong>saltem</strong></span> <span class='ocrx_word' id='word_1_293' title='bbox 1947 2931 2056 2986; x_wconf 89' lang='lat' dir='ltr'><strong>erit</strong></span> 
     </span>
    </p>
   </div>
   <div class='ocr_carea' id='block_1_44' title="bbox 454 3024 1161 3098">
    <p class='ocr_par' dir='ltr' id='par_1_44' title="bbox 454 3024 1161 3098">
     <span class='ocr_line' id='line_1_44' title="bbox 454 3024 1161 3098; baseline -0.007 -17"><span class='ocrx_word' id='word_1_294' title='bbox 454 3043 649 3098; x_wconf 88' lang='lat' dir='ltr'><strong>pressa</strong></span> <span class='ocrx_word' id='word_1_295' title='bbox 680 3026 882 3096; x_wconf 81' lang='lat' dir='ltr'><strong>legisse</strong></span> <span class='ocrx_word' id='word_1_296' title='bbox 908 3024 1161 3095; x_wconf 87' lang='lat' dir='ltr'><strong>vestigia.</strong></span> 
     </span>
    </p>
   </div>
   <div class='ocr_carea' id='block_1_45' title="bbox 527 3109 2052 3184">
    <p class='ocr_par' dir='ltr' id='par_1_45' title="bbox 527 3109 2052 3184">
     <span class='ocr_line' id='line_1_45' title="bbox 527 3109 2052 3184; baseline -0.005 -14"><span class='ocrx_word' id='word_1_297' title='bbox 527 3115 651 3170; x_wconf 91' lang='lat' dir='ltr'><strong>Scio</strong></span> <span class='ocrx_word' id='word_1_298' title='bbox 673 3115 1049 3181; x_wconf 82' lang='lat' dir='ltr'><strong>Gennadium,</strong></span> <span class='ocrx_word' id='word_1_299' title='bbox 1073 3114 1142 3168; x_wconf 93' lang='lat' dir='ltr'><strong>de</strong></span> <span class='ocrx_word' id='word_1_300' title='bbox 1159 3113 1348 3184; x_wconf 89' lang='lat' dir='ltr'><strong>Script</strong></span> <span class='ocrx_word' id='word_1_301' title='bbox 1389 3111 1696 3184; x_wconf 89' lang='lat' dir='ltr'><strong>Eccl.,cap.</strong></span> <span class='ocrx_word' id='word_1_302' title='bbox 1717 3109 1803 3178; x_wconf 89' lang='lat'><strong>63,</strong></span> <span class='ocrx_word' id='word_1_303' title='bbox 1827 3109 2052 3164; x_wconf 89' lang='lat' dir='ltr'><strong>tradere</strong></span> 
     </span>
    </p>
   </div>
   <div class='ocr_carea' id='block_1_46' title="bbox 2134 1861 3734 1937">
    <p class='ocr_par' dir='ltr' id='par_1_46' title="bbox 2134 1861 3734 1937">
     <span class='ocr_line' id='line_1_46' title="bbox 2134 1861 3734 1937; baseline 0.001 -21"><span class='ocrx_word' id='word_1_304' title='bbox 2134 1861 2356 1917; x_wconf 87' lang='lat' dir='ltr'><strong>cherius</strong></span> <span class='ocrx_word' id='word_1_305' title='bbox 2377 1863 2767 1934; x_wconf 82' lang='lat' dir='ltr'><strong>Lugdunensis</strong></span> <span class='ocrx_word' id='word_1_306' title='bbox 2805 1865 3094 1937; x_wconf 91' lang='lat' dir='ltr'><strong>episcopus</strong></span> <span class='ocrx_word' id='word_1_307' title='bbox 3109 1865 3336 1920; x_wconf 79' lang='lat' dir='ltr'><strong>climate</strong></span> <span class='ocrx_word' id='word_1_308' title='bbox 3355 1881 3614 1920; x_wconf 88' lang='lat' dir='ltr'><strong>sermone</strong></span> <span class='ocrx_word' id='word_1_309' title='bbox 3635 1863 3734 1918; x_wconf 87' lang='lat' dir='ltr'><strong>ab-</strong></span> 
     </span>
    </p>
   </div>
   <div class='ocr_carea' id='block_1_47' title="bbox 2135 1949 3734 2021">
    <p class='ocr_par' dir='ltr' id='par_1_47' title="bbox 2135 1949 3734 2021">
     <span class='ocr_line' id='line_1_47' title="bbox 2135 1949 3734 2021; baseline 0.002 -16"><span class='ocrx_word' id='word_1_310' title='bbox 2135 1949 2386 2007; x_wconf 89' lang='lat' dir='ltr'><strong>breviare</strong></span> <span class='ocrx_word' id='word_1_311' title='bbox 2404 1953 2656 2021; x_wconf 92' lang='lat' dir='ltr'><strong>studuit;</strong></span> <span class='ocrx_word' id='word_1_312' title='bbox 2689 1960 2748 2009; x_wconf 88' lang='lat' dir='ltr'><strong>et</strong></span> <span class='ocrx_word' id='word_1_313' title='bbox 2774 1955 2822 2008; x_wconf 91' lang='lat' dir='ltr'><strong>si</strong></span> <span class='ocrx_word' id='word_1_314' title='bbox 2845 1955 3006 2010; x_wconf 90' lang='lat' dir='ltr'><strong>nobis</strong></span> <span class='ocrx_word' id='word_1_315' title='bbox 3031 1955 3258 2010; x_wconf 88' lang='lat' dir='ltr'><strong>credere</strong></span> <span class='ocrx_word' id='word_1_316' title='bbox 3278 1971 3390 2010; x_wconf 90' lang='lat' dir='ltr'><strong>non</strong></span> <span class='ocrx_word' id='word_1_317' title='bbox 3411 1955 3598 2020; x_wconf 88' lang='lat' dir='ltr'><strong>vultis,</strong></span> <span class='ocrx_word' id='word_1_318' title='bbox 3623 1954 3734 2008; x_wconf 85' lang='lat' dir='ltr'><strong>sal-</strong></span> 
     </span>
    </p>
   </div>
   <div class='ocr_carea' id='block_1_48' title="bbox 2135 2038 3736 2116">
    <p class='ocr_par' dir='ltr' id='par_1_48' title="bbox 2135 2038 3736 2116">
     <span class='ocr_line' id='line_1_48' title="bbox 2135 2038 3736 2116; baseline 0.002 -22"><span class='ocrx_word' id='word_1_319' title='bbox 2135 2044 2251 2095; x_wconf 91' lang='lat' dir='ltr'><strong>tem</strong></span> <span class='ocrx_word' id='word_1_320' title='bbox 2279 2041 2430 2096; x_wconf 91' lang='lat' dir='ltr'><strong>illius</strong></span> <span class='ocrx_word' id='word_1_321' title='bbox 2450 2038 2650 2097; x_wconf 68' lang='lat' dir='ltr'><strong>litterae</strong></span> <span class='ocrx_word' id='word_1_322' title='bbox 2669 2043 2899 2098; x_wconf 88' lang='lat' dir='ltr'><strong>credite.</strong></span> <span class='ocrx_word' id='word_1_323' title='bbox 2929 2063 2952 2096; x_wconf 73' lang='grc' dir='ltr'><strong>ι</strong></span> <span class='ocrx_word' id='word_1_324' title='bbox 2981 2044 3114 2116; x_wconf 84' lang='lat' dir='ltr'><strong>Agit</strong></span> <span class='ocrx_word' id='word_1_325' title='bbox 3133 2043 3208 2098; x_wconf 91' lang='lat' dir='ltr'><strong>ibi</strong></span> <span class='ocrx_word' id='word_1_326' title='bbox 3229 2045 3298 2099; x_wconf 93' lang='lat' dir='ltr'><strong>de</strong></span> <span class='ocrx_word' id='word_1_327' title='bbox 3318 2044 3520 2099; x_wconf 91' lang='lat' dir='ltr'><strong>vestitu</strong></span> <span class='ocrx_word' id='word_1_328' title='bbox 3541 2059 3736 2099; x_wconf 87' lang='lat' dir='ltr'><strong>mona-</strong></span> 
     </span>
    </p>
   </div>
   <div class='ocr_carea' id='block_1_49' title="bbox 2135 2127 3732 2204">
    <p class='ocr_par' dir='ltr' id='par_1_49' title="bbox 2135 2127 3732 2204">
     <span class='ocr_line' id='line_1_49' title="bbox 2135 2127 3732 2204; baseline 0.003 -22"><span class='ocrx_word' id='word_1_329' title='bbox 2135 2129 2366 2185; x_wconf 85' lang='lat' dir='ltr'><strong>chorum</strong></span> <span class='ocrx_word' id='word_1_330' title='bbox 2393 2131 2720 2198; x_wconf 88' lang='lat' dir='ltr'><strong>Damianus,</strong></span> <span class='ocrx_word' id='word_1_331' title='bbox 2751 2133 2821 2187; x_wconf 90' lang='lat' dir='ltr'><strong>de</strong></span> <span class='ocrx_word' id='word_1_332' title='bbox 2850 2149 2960 2204; x_wconf 91' lang='lat' dir='ltr'><strong>quo</strong></span> <span class='ocrx_word' id='word_1_333' title='bbox 2989 2133 3047 2188; x_wconf 89' lang='lat' dir='ltr'><strong>in</strong></span> <span class='ocrx_word' id='word_1_334' title='bbox 3069 2134 3173 2189; x_wconf 92' lang='lat' dir='ltr'><strong>hoc</strong></span> <span class='ocrx_word' id='word_1_335' title='bbox 3198 2127 3385 2188; x_wconf 89' lang='lat' dir='ltr'><strong>Severi</strong></span> <span class='ocrx_word' id='word_1_336' title='bbox 3405 2138 3462 2188; x_wconf 92' lang='lat' dir='ltr'><strong>et</strong></span> <span class='ocrx_word' id='word_1_337' title='bbox 3475 2132 3732 2188; x_wconf 88' lang='lat' dir='ltr'><strong>Cassiani</strong></span> 
     </span>
    </p>
   </div>
   <div class='ocr_carea' id='block_1_50' title="bbox 2133 2219 2914 2294">
    <p class='ocr_par' dir='ltr' id='par_1_50' title="bbox 2133 2219 2914 2294">
     <span class='ocr_line' id='line_1_50' title="bbox 2133 2219 2914 2294; baseline 0.005 -22"><span class='ocrx_word' id='word_1_338' title='bbox 2133 2219 2463 2290; x_wconf 87' lang='lat' dir='ltr'><strong>compendio</strong></span> <span class='ocrx_word' id='word_1_339' title='bbox 2490 2219 2662 2275; x_wconf 89' lang='lat' dir='ltr'><strong>habes</strong></span> <span class='ocrx_word' id='word_1_340' title='bbox 2685 2237 2806 2294; x_wconf 90' lang='lat' dir='ltr'><strong>cap.</strong></span> <span class='ocrx_word' id='word_1_341' title='bbox 2827 2219 2914 2276; x_wconf 81' lang='grc'><strong>15.</strong></span> 
     </span>
    </p>
   </div>
   <div class='ocr_carea' id='block_1_51' title="bbox 2207 2307 3734 2384">
    <p class='ocr_par' dir='ltr' id='par_1_51' title="bbox 2207 2307 3734 2384">
     <span class='ocr_line' id='line_1_51' title="bbox 2207 2307 3734 2384; baseline 0.003 -22"><span class='ocrx_word' id='word_1_342' title='bbox 2207 2307 2351 2372; x_wconf 89' lang='lat' dir='ltr'><strong>Quia</strong></span> <span class='ocrx_word' id='word_1_343' title='bbox 2377 2313 2567 2363; x_wconf 90' lang='lat' dir='ltr'><strong>tamen</strong></span> <span class='ocrx_word' id='word_1_344' title='bbox 2596 2309 2743 2365; x_wconf 90' lang='lat' dir='ltr'><strong>Editi</strong></span> <span class='ocrx_word' id='word_1_345' title='bbox 2770 2326 2964 2366; x_wconf 89' lang='lat' dir='ltr'><strong>omnes</strong></span> <span class='ocrx_word' id='word_1_346' title='bbox 2994 2317 3051 2366; x_wconf 90' lang='lat' dir='ltr'><strong>et</strong></span> <span class='ocrx_word' id='word_1_347' title='bbox 3078 2311 3330 2384; x_wconf 90' lang='lat' dir='ltr'><strong>plerique</strong></span> <span class='ocrx_word' id='word_1_348' title='bbox 3355 2310 3487 2368; x_wconf 76' lang='lat' dir='ltr'><strong>Mss.</strong></span> <span class='ocrx_word' id='word_1_349' title='bbox 3521 2309 3734 2367; x_wconf 88' lang='lat' dir='ltr'><strong>librum</strong></span> 
     </span>
    </p>
   </div>
   <div class='ocr_carea' id='block_1_52' title="bbox 2135 2395 3734 2472">
    <p class='ocr_par' dir='ltr' id='par_1_52' title="bbox 2135 2395 3734 2472">
     <span class='ocr_line' id='line_1_52' title="bbox 2135 2395 3734 2472; baseline 0.004 -23"><span class='ocrx_word' id='word_1_350' title='bbox 2135 2395 2284 2450; x_wconf 91' lang='lat' dir='ltr'><strong>hunc</strong></span> <span class='ocrx_word' id='word_1_351' title='bbox 2297 2413 2362 2450; x_wconf 89' lang='lat' dir='ltr'><strong>ex</strong></span> <span class='ocrx_word' id='word_1_352' title='bbox 2372 2401 2612 2470; x_wconf 90' lang='lat' dir='ltr'><strong>utroque</strong></span> <span class='ocrx_word' id='word_1_353' title='bbox 2623 2405 2974 2455; x_wconf 90' lang='lat' dir='ltr'><strong>contractum</strong></span> <span class='ocrx_word' id='word_1_354' title='bbox 2985 2407 3410 2472; x_wconf 67' lang='lat' dir='ltr'><strong>repraesentant,</strong></span> <span class='ocrx_word' id='word_1_355' title='bbox 3427 2401 3626 2456; x_wconf 88' lang='lat' dir='ltr'><strong>vidend</strong></span> <span class='ocrx_word' id='word_1_356' title='bbox 3634 2417 3734 2456; x_wconf 90' lang='lat' dir='ltr'><strong>um</strong></span> 
     </span>
    </p>
   </div>
   <div class='ocr_carea' id='block_1_53' title="bbox 2134 2485 3735 2561">
    <p class='ocr_par' dir='ltr' id='par_1_53' title="bbox 2134 2485 3735 2561">
     <span class='ocr_line' id='line_1_53' title="bbox 2134 2485 3735 2561; baseline 0.002 -22"><span class='ocrx_word' id='word_1_357' title='bbox 2134 2500 2208 2539; x_wconf 88' lang='lat' dir='ltr'><strong>an</strong></span> <span class='ocrx_word' id='word_1_358' title='bbox 2224 2485 2373 2556; x_wconf 88' lang='lat' dir='ltr'><strong>quod</strong></span> <span class='ocrx_word' id='word_1_359' title='bbox 2394 2485 2564 2541; x_wconf 88' lang='lat' dir='ltr'><strong>habet</strong></span> <span class='ocrx_word' id='word_1_360' title='bbox 2580 2488 2962 2555; x_wconf 89' lang='lat' dir='ltr'><strong>Cassiodorus,</strong></span> <span class='ocrx_word' id='word_1_361' title='bbox 2989 2489 3169 2544; x_wconf 90' lang='lat' dir='ltr'><strong>Divin.</strong></span> <span class='ocrx_word' id='word_1_362' title='bbox 3192 2490 3395 2558; x_wconf 89' lang='lat' dir='ltr'><strong>instit.,</strong></span> <span class='ocrx_word' id='word_1_363' title='bbox 3418 2488 3643 2561; x_wconf 75' lang='lat' dir='ltr'><strong>cap.29,</strong></span> <span class='ocrx_word' id='word_1_364' title='bbox 3661 2489 3735 2543; x_wconf 87' lang='lat' dir='ltr'><strong>de</strong></span> 
     </span>
    </p>
   </div>
   <div class='ocr_carea' id='block_1_54' title="bbox 2132 2573 3730 2650">
    <p class='ocr_par' dir='ltr' id='par_1_54' title="bbox 2132 2573 3730 2650">
     <span class='ocr_line' id='line_1_54' title="bbox 2132 2573 3730 2650; baseline 0.003 -23"><span class='ocrx_word' id='word_1_365' title='bbox 2132 2573 2356 2629; x_wconf 83' lang='lat' dir='ltr'><strong>Victore</strong></span> <span class='ocrx_word' id='word_1_366' title='bbox 2373 2576 2615 2646; x_wconf 89' lang='lat' dir='ltr'><strong>quodam</strong></span> <span class='ocrx_word' id='word_1_367' title='bbox 2635 2577 2788 2644; x_wconf 85' lang='lat' dir='ltr'><strong>Afro,</strong></span> <span class='ocrx_word' id='word_1_368' title='bbox 2815 2577 2922 2634; x_wconf 90' lang='lat' dir='ltr'><strong>huc</strong></span> <span class='ocrx_word' id='word_1_369' title='bbox 2941 2577 3122 2632; x_wconf 86' lang='lat' dir='ltr'><strong>facere</strong></span> <span class='ocrx_word' id='word_1_370' title='bbox 3142 2579 3321 2650; x_wconf 91' lang='lat' dir='ltr'><strong>possit</strong></span> <span class='ocrx_word' id='word_1_371' title='bbox 3342 2596 3356 2632; x_wconf 96' lang='lat'><strong>:</strong></span> <span class='ocrx_word' id='word_1_372' title='bbox 3391 2599 3414 2631; x_wconf 74' lang='grc' dir='ltr'>ι</span> <span class='ocrx_word' id='word_1_373' title='bbox 3447 2577 3730 2645; x_wconf 88' lang='lat' dir='ltr'><strong>Cassiani,</strong></span> 
     </span>
    </p>
   </div>
   <div class='ocr_carea' id='block_1_55' title="bbox 2133 2661 3728 2739">
    <p class='ocr_par' dir='ltr' id='par_1_55' title="bbox 2133 2661 3728 2739">
     <span class='ocr_line' id='line_1_55' title="bbox 2133 2661 3728 2739; baseline 0.003 -23"><span class='ocrx_word' id='word_1_374' title='bbox 2133 2661 2336 2733; x_wconf 90' lang='lat' dir='ltr'><strong>inquit,</strong></span> <span class='ocrx_word' id='word_1_375' title='bbox 2367 2664 2514 2719; x_wconf 87' lang='lat' dir='ltr'><strong>dicta</strong></span> <span class='ocrx_word' id='word_1_376' title='bbox 2532 2665 2724 2720; x_wconf 89' lang='lat' dir='ltr'><strong>Victor</strong></span> <span class='ocrx_word' id='word_1_377' title='bbox 2743 2667 3144 2738; x_wconf 82' lang='lat' dir='ltr'><strong>Martyritanus</strong></span> <span class='ocrx_word' id='word_1_378' title='bbox 3165 2668 3456 2739; x_wconf 78' lang='lat' dir='ltr'><strong>episcopus</strong></span> <span class='ocrx_word' id='word_1_379' title='bbox 3475 2667 3609 2721; x_wconf 81' lang='lat' dir='ltr'><strong>Afer</strong></span> <span class='ocrx_word' id='word_1_380' title='bbox 3627 2666 3728 2733; x_wconf 90' lang='lat' dir='ltr'><strong>ita,</strong></span> 
     </span>
    </p>
   </div>
   <div class='ocr_carea' id='block_1_56' title="bbox 2134 2751 3737 2827">
    <p class='ocr_par' dir='ltr' id='par_1_56' title="bbox 2134 2751 3737 2827">
     <span class='ocr_line' id='line_1_56' title="bbox 2134 2751 3737 2827; baseline 0.003 -22"><span class='ocrx_word' id='word_1_381' title='bbox 2134 2751 2374 2807; x_wconf 91' lang='lat' dir='ltr'><strong>Domino</strong></span> <span class='ocrx_word' id='word_1_382' title='bbox 2397 2754 2649 2823; x_wconf 88' lang='lat' dir='ltr'><strong>juvante,</strong></span> <span class='ocrx_word' id='word_1_383' title='bbox 2669 2755 2945 2826; x_wconf 73' lang='lat' dir='ltr'><strong>purgavit,</strong></span> <span class='ocrx_word' id='word_1_384' title='bbox 2969 2761 3026 2810; x_wconf 92' lang='lat' dir='ltr'><strong>et</strong></span> <span class='ocrx_word' id='word_1_385' title='bbox 3041 2773 3164 2827; x_wconf 68' lang='lat' dir='ltr'><strong>qua&quot;:</strong></span> <span class='ocrx_word' id='word_1_386' title='bbox 3183 2757 3370 2811; x_wconf 89' lang='lat' dir='ltr'><strong>minus</strong></span> <span class='ocrx_word' id='word_1_387' title='bbox 3397 2761 3561 2810; x_wconf 90' lang='lat' dir='ltr'><strong>erant</strong></span> <span class='ocrx_word' id='word_1_388' title='bbox 3576 2756 3737 2810; x_wconf 89' lang='lat' dir='ltr'><strong>addi-</strong></span> 
     </span>
    </p>
   </div>
   <div class='ocr_carea' id='block_1_57' title="bbox 2135 2840 3728 2916">
    <p class='ocr_par' dir='ltr' id='par_1_57' title="bbox 2135 2840 3728 2916">
     <span class='ocr_line' id='line_1_57' title="bbox 2135 2840 3728 2916; baseline 0.004 -23"><span class='ocrx_word' id='word_1_389' title='bbox 2135 2840 2236 2906; x_wconf 91' lang='lat' dir='ltr'><strong>dit,</strong></span> <span class='ocrx_word' id='word_1_390' title='bbox 2270 2846 2334 2895; x_wconf 92' lang='lat' dir='ltr'><strong>ut</strong></span> <span class='ocrx_word' id='word_1_391' title='bbox 2362 2841 2413 2895; x_wconf 91' lang='lat' dir='ltr'><strong>ei</strong></span> <span class='ocrx_word' id='word_1_392' title='bbox 2439 2859 2628 2897; x_wconf 91' lang='lat' dir='ltr'><strong>rerum</strong></span> <span class='ocrx_word' id='word_1_393' title='bbox 2658 2843 2894 2898; x_wconf 85' lang='lat' dir='ltr'><strong>istarum</strong></span> <span class='ocrx_word' id='word_1_394' title='bbox 2922 2845 3110 2916; x_wconf 90' lang='lat' dir='ltr'><strong>palma</strong></span> <span class='ocrx_word' id='word_1_395' title='bbox 3137 2846 3338 2900; x_wconf 90' lang='lat' dir='ltr'><strong>merito</strong></span> <span class='ocrx_word' id='word_1_396' title='bbox 3368 2846 3693 2900; x_wconf 85' lang='lat' dir='ltr'><strong>conferatur</strong></span> <span class='ocrx_word' id='word_1_397' title='bbox 3716 2864 3728 2899; x_wconf 91' lang='lat'><strong>:</strong></span> 
     </span>
    </p>
   </div>
   <div class='ocr_carea' id='block_1_58' title="bbox 2137 2930 3734 3006">
    <p class='ocr_par' dir='ltr' id='par_1_58' title="bbox 2137 2930 3734 3006">
     <span class='ocr_line' id='line_1_58' title="bbox 2137 2930 3734 3006; baseline 0.003 -22"><span class='ocrx_word' id='word_1_398' title='bbox 2137 2945 2304 3000; x_wconf 89' lang='lat' dir='ltr'><strong>quem</strong></span> <span class='ocrx_word' id='word_1_399' title='bbox 2333 2930 2482 2986; x_wconf 89' lang='lat' dir='ltr'><strong>inter</strong></span> <span class='ocrx_word' id='word_1_400' title='bbox 2499 2932 2611 2986; x_wconf 87' lang='lat' dir='ltr'><strong>alia</strong></span> <span class='ocrx_word' id='word_1_401' title='bbox 2638 2933 2707 2986; x_wconf 91' lang='lat' dir='ltr'><strong>de</strong></span> <span class='ocrx_word' id='word_1_402' title='bbox 2725 2933 2922 2988; x_wconf 81' lang='lat' dir='ltr'><strong>Africae</strong></span> <span class='ocrx_word' id='word_1_403' title='bbox 2947 2933 3200 3005; x_wconf 90' lang='lat' dir='ltr'><strong>partibus</strong></span> <span class='ocrx_word' id='word_1_404' title='bbox 3216 2935 3415 3006; x_wconf 78' lang='lat' dir='ltr'><strong>[xxxn]</strong></span> <span class='ocrx_word' id='word_1_405' title='bbox 3440 2935 3548 2989; x_wconf 89' lang='lat' dir='ltr'><strong>cito</strong></span> <span class='ocrx_word' id='word_1_406' title='bbox 3569 2934 3734 2990; x_wconf 91' lang='lat' dir='ltr'><strong>nobis</strong></span> 
     </span>
    </p>
   </div>
   <div class='ocr_carea' id='block_1_59' title="bbox 2135 3018 3736 3092">
    <p class='ocr_par' dir='ltr' id='par_1_59' title="bbox 2135 3018 3736 3092">
     <span class='ocr_line' id='line_1_59' title="bbox 2135 3018 3736 3092; baseline 0.004 -21"><span class='ocrx_word' id='word_1_407' title='bbox 2135 3018 2414 3073; x_wconf 87' lang='lat' dir='ltr'><strong>credimus</strong></span> <span class='ocrx_word' id='word_1_408' title='bbox 2442 3037 2564 3074; x_wconf 86' lang='lat' dir='ltr'><strong>esse</strong></span> <span class='ocrx_word' id='word_1_409' title='bbox 2585 3021 2959 3092; x_wconf 89' lang='lat' dir='ltr'><strong>dirigendum.</strong></span> <span class='ocrx_word' id='word_1_410' title='bbox 2985 3039 3012 3074; x_wconf 69' lang='grc' dir='ltr'>ι</span> <span class='ocrx_word' id='word_1_411' title='bbox 3035 3023 3200 3076; x_wconf 90' lang='lat' dir='ltr'><strong>Forte</strong></span> <span class='ocrx_word' id='word_1_412' title='bbox 3220 3022 3370 3077; x_wconf 90' lang='lat' dir='ltr'><strong>enim</strong></span> <span class='ocrx_word' id='word_1_413' title='bbox 3391 3023 3602 3077; x_wconf 89' lang='lat' dir='ltr'><strong>additio</strong></span> <span class='ocrx_word' id='word_1_414' title='bbox 3612 3023 3736 3079; x_wconf 68' lang='lat' dir='ltr'><strong>haec</strong></span> 
     </span>
    </p>
   </div>
   <div class='ocr_carea' id='block_1_60' title="bbox 2133 3105 3734 3182">
    <p class='ocr_par' dir='ltr' id='par_1_60' title="bbox 2133 3105 3734 3182">
     <span class='ocr_line' id='line_1_60' title="bbox 2133 3105 3734 3182; baseline 0.004 -22"><span class='ocrx_word' id='word_1_415' title='bbox 2133 3105 2373 3177; x_wconf 88' lang='lat' dir='ltr'><strong>intelligi</strong></span> <span class='ocrx_word' id='word_1_416' title='bbox 2400 3114 2582 3178; x_wconf 90' lang='lat' dir='ltr'><strong>potest</strong></span> <span class='ocrx_word' id='word_1_417' title='bbox 2607 3109 2676 3163; x_wconf 89' lang='lat' dir='ltr'><strong>de</strong></span> <span class='ocrx_word' id='word_1_418' title='bbox 2707 3110 2896 3164; x_wconf 90' lang='lat' dir='ltr'><strong>Severi</strong></span> <span class='ocrx_word' id='word_1_419' title='bbox 2926 3111 3188 3182; x_wconf 89' lang='lat' dir='ltr'><strong>epitome,</strong></span> <span class='ocrx_word' id='word_1_420' title='bbox 3213 3127 3336 3182; x_wconf 66' lang='lat' dir='ltr'><strong>quae</strong></span> <span class='ocrx_word' id='word_1_421' title='bbox 3357 3112 3447 3166; x_wconf 92' lang='lat' dir='ltr'><strong>hic</strong></span> <span class='ocrx_word' id='word_1_422' title='bbox 3475 3112 3734 3166; x_wconf 84' lang='lat' dir='ltr'><strong>Cassiani</strong></span> 
     </span>
    </p>
   </div>
   <div class='ocr_carea' id='block_1_61' title="bbox 454 3195 3732 3274">
    <p class='ocr_par' dir='ltr' id='par_1_61' title="bbox 454 3195 3732 3274">
     <span class='ocr_line' id='line_1_61' title="bbox 454 3195 3732 3274; baseline -0.001 -15"><span class='ocrx_word' id='word_1_423' title='bbox 454 3200 958 3274; x_wconf 90' lang='lat' dir='ltr'><strong>EucheriumLugd</strong></span> <span class='ocrx_word' id='word_1_424' title='bbox 967 3202 1192 3258; x_wconf 89' lang='lat' dir='ltr'><strong>unensis</strong></span> <span class='ocrx_word' id='word_1_425' title='bbox 1213 3201 1470 3257; x_wconf 65' lang='lat' dir='ltr'><strong>Ecclesiae</strong></span> <span class='ocrx_word' id='word_1_426' title='bbox 1482 3200 1892 3272; x_wconf 86' lang='lat' dir='ltr'><strong>presbyterum,</strong></span> <span class='ocrx_word' id='word_1_427' title='bbox 1907 3215 2054 3269; x_wconf 76' lang='lat' dir='ltr'><strong>quae-</strong></span> <span class='ocrx_word' id='word_1_428' title='bbox 2073 3207 2119 3268; x_wconf 75' lang='grc' dir='ltr'>ο</span> <span class='ocrx_word' id='word_1_429' title='bbox 2134 3195 2392 3267; x_wconf 75' lang='lat' dir='ltr'><strong>epitomae</strong></span> <span class='ocrx_word' id='word_1_430' title='bbox 2407 3197 2673 3267; x_wconf 89' lang='lat' dir='ltr'><strong>adjuncta</strong></span> <span class='ocrx_word' id='word_1_431' title='bbox 2691 3204 2794 3252; x_wconf 87' lang='lat' dir='ltr'><strong>est.</strong></span> <span class='ocrx_word' id='word_1_432' title='bbox 2809 3199 2930 3253; x_wconf 87' lang='lat' dir='ltr'><strong>Nisi</strong></span> <span class='ocrx_word' id='word_1_433' title='bbox 2952 3200 3204 3271; x_wconf 70' lang='lat' dir='ltr'><strong>quaedam</strong></span> <span class='ocrx_word' id='word_1_434' title='bbox 3223 3200 3504 3256; x_wconf 87' lang='lat' dir='ltr'><strong>addiderit</strong></span> <span class='ocrx_word' id='word_1_435' title='bbox 3523 3199 3593 3258; x_wconf 86' lang='lat' dir='ltr'><strong>iis</strong></span> <span class='ocrx_word' id='word_1_436' title='bbox 3605 3217 3732 3273; x_wconf 72' lang='lat' dir='ltr'><strong>quae</strong></span> 
     </span>
    </p>
   </div>
   <div class='ocr_carea' id='block_1_62' title="bbox 452 3291 2050 3364">
    <p class='ocr_par' dir='ltr' id='par_1_62' title="bbox 452 3291 2050 3364">
     <span class='ocr_line' id='line_1_62' title="bbox 452 3291 2050 3364; baseline -0.004 -16"><span class='ocrx_word' id='word_1_437' title='bbox 452 3294 582 3348; x_wconf 89' lang='lat' dir='ltr'><strong>dam</strong></span> <span class='ocrx_word' id='word_1_438' title='bbox 608 3293 861 3348; x_wconf 89' lang='lat' dir='ltr'><strong>Cassiani</strong></span> <span class='ocrx_word' id='word_1_439' title='bbox 884 3292 1153 3364; x_wconf 85' lang='lat' dir='ltr'><strong>epuscula</strong></span> <span class='ocrx_word' id='word_1_440' title='bbox 1174 3291 1288 3346; x_wconf 91' lang='lat' dir='ltr'><strong>lato</strong></span> <span class='ocrx_word' id='word_1_441' title='bbox 1310 3297 1472 3346; x_wconf 88' lang='lat' dir='ltr'><strong>tensa</strong></span> <span class='ocrx_word' id='word_1_442' title='bbox 1492 3305 1770 3355; x_wconf 89' lang='lat' dir='ltr'><strong>sermone,</strong></span> <span class='ocrx_word' id='word_1_443' title='bbox 1807 3293 2050 3358; x_wconf 86' lang='lat' dir='ltr'><strong>angusto</strong></span> 
     </span>
    </p>
   </div>
   <div class='ocr_carea' id='block_1_63' title="bbox 452 3376 2046 3447">
    <p class='ocr_par' dir='ltr' id='par_1_63' title="bbox 452 3376 2046 3447">
     <span class='ocr_line' id='line_1_63' title="bbox 452 3376 2046 3447; baseline -0.003 -11"><span class='ocrx_word' id='word_1_444' title='bbox 452 3382 607 3436; x_wconf 85' lang='lat' dir='ltr'><strong>verbi</strong></span> <span class='ocrx_word' id='word_1_445' title='bbox 619 3383 908 3437; x_wconf 90' lang='lat' dir='ltr'><strong>resolvisse</strong></span> <span class='ocrx_word' id='word_1_446' title='bbox 921 3381 1233 3447; x_wconf 90' lang='lat' dir='ltr'><strong>tramite,et</strong></span> <span class='ocrx_word' id='word_1_447' title='bbox 1243 3380 1302 3435; x_wconf 91' lang='lat' dir='ltr'><strong>in</strong></span> <span class='ocrx_word' id='word_1_448' title='bbox 1314 3396 1489 3435; x_wconf 90' lang='lat' dir='ltr'><strong>unum</strong></span> <span class='ocrx_word' id='word_1_449' title='bbox 1503 3379 1764 3434; x_wconf 89' lang='lat' dir='ltr'><strong>volumen</strong></span> <span class='ocrx_word' id='word_1_450' title='bbox 1775 3376 2046 3446; x_wconf 84' lang='lat' dir='ltr'><strong>coegisse.</strong></span> 
     </span>
    </p>
   </div>
   <div class='ocr_carea' id='block_1_64' title="bbox 526 3465 2050 3538">
    <p class='ocr_par' dir='ltr' id='par_1_64' title="bbox 526 3465 2050 3538">
     <span class='ocr_line' id='line_1_64' title="bbox 526 3465 2050 3538; baseline -0.004 -13"><span class='ocrx_word' id='word_1_451' title='bbox 526 3471 651 3526; x_wconf 84' lang='lat' dir='ltr'><strong>Scio</strong></span> <span class='ocrx_word' id='word_1_452' title='bbox 667 3471 1081 3536; x_wconf 85' lang='lat' dir='ltr'><strong>Cassiodorum,</strong></span> <span class='ocrx_word' id='word_1_453' title='bbox 1105 3469 1290 3525; x_wconf 90' lang='lat' dir='ltr'><strong>Instit.</strong></span> <span class='ocrx_word' id='word_1_454' title='bbox 1315 3469 1486 3522; x_wconf 88' lang='lat' dir='ltr'><strong>divin.</strong></span> <span class='ocrx_word' id='word_1_455' title='bbox 1498 3509 1510 3533; x_wconf 93' lang='lat'><strong>,</strong></span> <span class='ocrx_word' id='word_1_456' title='bbox 1526 3484 1647 3538; x_wconf 89' lang='lat' dir='ltr'><strong>cap.</strong></span> <span class='ocrx_word' id='word_1_457' title='bbox 1662 3465 1751 3532; x_wconf 73' lang='lat'><strong>29,</strong></span> <span class='ocrx_word' id='word_1_458' title='bbox 1766 3466 2050 3520; x_wconf 78' lang='lat' dir='ltr'><strong>affirmare</strong></span> 
     </span>
    </p>
   </div>
   <div class='ocr_carea' id='block_1_65' title="bbox 442 3554 2046 3630">
    <p class='ocr_par' dir='ltr' id='par_1_65' title="bbox 442 3554 2046 3630">
     <span class='ocr_line' id='line_1_65' title="bbox 442 3554 2046 3630; baseline -0.006 -15"><span class='ocrx_word' id='word_1_459' title='bbox 442 3560 722 3615; x_wconf 87' lang='lat' dir='ltr'><strong>Victorem</strong></span> <span class='ocrx_word' id='word_1_460' title='bbox 737 3558 1232 3630; x_wconf 78' lang='lat' dir='ltr'><strong>quemdamAfrum</strong></span> <span class='ocrx_word' id='word_1_461' title='bbox 1242 3597 1256 3622; x_wconf 95' lang='lat'><strong>,</strong></span> <span class='ocrx_word' id='word_1_462' title='bbox 1269 3556 1694 3628; x_wconf 66' lang='lat' dir='ltr'><strong>hlartyritanum</strong></span> <span class='ocrx_word' id='word_1_463' title='bbox 1705 3554 2046 3625; x_wconf 89' lang='lat' dir='ltr'><strong>episcopum,</strong></span> 
     </span>
    </p>
   </div>
   <div class='ocr_carea' id='block_1_66' title="bbox 457 3642 2052 3717">
    <p class='ocr_par' dir='ltr' id='par_1_66' title="bbox 457 3642 2052 3717">
     <span class='ocr_line' id='line_1_66' title="bbox 457 3642 2052 3717; baseline -0.005 -13"><span class='ocrx_word' id='word_1_464' title='bbox 457 3649 710 3704; x_wconf 88' lang='lat' dir='ltr'><strong>Cassiani</strong></span> <span class='ocrx_word' id='word_1_465' title='bbox 739 3649 808 3704; x_wconf 91' lang='lat' dir='ltr'><strong>de</strong></span> <span class='ocrx_word' id='word_1_466' title='bbox 832 3647 1182 3703; x_wconf 89' lang='lat' dir='ltr'><strong>institutione</strong></span> <span class='ocrx_word' id='word_1_467' title='bbox 1228 3644 1406 3717; x_wconf 74' lang='lat' dir='ltr'><strong>[xxxi]</strong></span> <span class='ocrx_word' id='word_1_468' title='bbox 1457 3644 1860 3698; x_wconf 90' lang='lat' dir='ltr'><strong>monachorum</strong></span> <span class='ocrx_word' id='word_1_469' title='bbox 1903 3642 2052 3697; x_wconf 88' lang='lat' dir='ltr'><strong>dicta</strong></span> 
     </span>
    </p>
   </div>
   <div class='ocr_carea' id='block_1_67' title="bbox 454 3731 2050 3810">
    <p class='ocr_par' dir='ltr' id='par_1_67' title="bbox 454 3731 2050 3810">
     <span class='ocr_line' id='line_1_67' title="bbox 454 3731 2050 3810; baseline -0.004 -17"><span class='ocrx_word' id='word_1_470' title='bbox 454 3755 744 3810; x_wconf 86' lang='lat' dir='ltr'><strong>purgasse,</strong></span> <span class='ocrx_word' id='word_1_471' title='bbox 776 3744 832 3792; x_wconf 92' lang='lat' dir='ltr'><strong>et</strong></span> <span class='ocrx_word' id='word_1_472' title='bbox 861 3754 986 3808; x_wconf 82' lang='lat' dir='ltr'><strong>quae</strong></span> <span class='ocrx_word' id='word_1_473' title='bbox 1015 3735 1200 3790; x_wconf 91' lang='lat' dir='ltr'><strong>minus</strong></span> <span class='ocrx_word' id='word_1_474' title='bbox 1223 3739 1403 3801; x_wconf 87' lang='lat' dir='ltr'><strong>erant,</strong></span> <span class='ocrx_word' id='word_1_475' title='bbox 1437 3733 1736 3800; x_wconf 89' lang='lat' dir='ltr'><strong>addidisse,</strong></span> <span class='ocrx_word' id='word_1_476' title='bbox 1783 3749 1896 3787; x_wconf 93' lang='lat' dir='ltr'><strong>non</strong></span> <span class='ocrx_word' id='word_1_477' title='bbox 1931 3731 2050 3786; x_wconf 90' lang='lat' dir='ltr'><strong>sine</strong></span> 
     </span>
    </p>
   </div>
   <div class='ocr_carea' id='block_1_68' title="bbox 453 3827 910 3898">
    <p class='ocr_par' dir='ltr' id='par_1_68' title="bbox 453 3827 910 3898">
     <span class='ocr_line' id='line_1_68' title="bbox 453 3827 910 3898; baseline -0.004 -16"><span class='ocrx_word' id='word_1_478' title='bbox 453 3827 690 3898; x_wconf 86' lang='lat' dir='ltr'><strong>palmari</strong></span> <span class='ocrx_word' id='word_1_479' title='bbox 725 3827 910 3882; x_wconf 91' lang='lat' dir='ltr'><strong>laude.</strong></span> 
     </span>
    </p>
   </div>
   <div class='ocr_carea' id='block_1_69' title="bbox 527 3908 2046 3986">
    <p class='ocr_par' dir='ltr' id='par_1_69' title="bbox 527 3908 2046 3986">
     <span class='ocr_line' id='line_1_69' title="bbox 527 3908 2046 3986; baseline -0.005 -14"><span class='ocrx_word' id='word_1_480' title='bbox 527 3917 636 3972; x_wconf 90' lang='lat' dir='ltr'><strong>Sed</strong></span> <span class='ocrx_word' id='word_1_481' title='bbox 663 3933 734 3970; x_wconf 90' lang='lat' dir='ltr'><strong>an</strong></span> <span class='ocrx_word' id='word_1_482' title='bbox 764 3915 854 3970; x_wconf 90' lang='lat' dir='ltr'><strong>hic</strong></span> <span class='ocrx_word' id='word_1_483' title='bbox 879 3915 1039 3981; x_wconf 89' lang='lat' dir='ltr'><strong>liber,</strong></span> <span class='ocrx_word' id='word_1_484' title='bbox 1073 3929 1240 3986; x_wconf 91' lang='lat' dir='ltr'><strong>quem</strong></span> <span class='ocrx_word' id='word_1_485' title='bbox 1287 3911 1564 3967; x_wconf 88' lang='lat' dir='ltr'><strong>habemus</strong></span> <span class='ocrx_word' id='word_1_486' title='bbox 1608 3928 1723 3984; x_wconf 66' lang='lat' dir='ltr'><strong>pra;</strong></span> <span class='ocrx_word' id='word_1_487' title='bbox 1767 3908 2046 3977; x_wconf 88' lang='lat' dir='ltr'><strong>manibus,</strong></span> 
     </span>
    </p>
   </div>
   <div class='ocr_carea' id='block_1_70' title="bbox 454 3998 2052 4077">
    <p class='ocr_par' dir='ltr' id='par_1_70' title="bbox 454 3998 2052 4077">
     <span class='ocr_line' id='line_1_70' title="bbox 454 3998 2052 4077; baseline -0.004 -18"><span class='ocrx_word' id='word_1_488' title='bbox 454 4005 539 4059; x_wconf 89' lang='lat' dir='ltr'><strong>vel</strong></span> <span class='ocrx_word' id='word_1_489' title='bbox 567 4004 696 4059; x_wconf 90' lang='lat' dir='ltr'><strong>libri</strong></span> <span class='ocrx_word' id='word_1_490' title='bbox 725 4004 912 4077; x_wconf 49' lang='lat' dir='ltr'><strong>aliqua</strong></span> <span class='ocrx_word' id='word_1_491' title='bbox 927 4019 1077 4074; x_wconf 87' lang='lat' dir='ltr'><strong>pars,</strong></span> <span class='ocrx_word' id='word_1_492' title='bbox 1105 4002 1267 4056; x_wconf 87' lang='lat' dir='ltr'><strong>alteri</strong></span> <span class='ocrx_word' id='word_1_493' title='bbox 1289 4017 1482 4055; x_wconf 91' lang='lat' dir='ltr'><strong>eorum</strong></span> <span class='ocrx_word' id='word_1_494' title='bbox 1504 3998 1804 4055; x_wconf 90' lang='lat' dir='ltr'><strong>tribuenda</strong></span> <span class='ocrx_word' id='word_1_495' title='bbox 1819 3999 1910 4063; x_wconf 86' lang='lat' dir='ltr'><strong>sit,</strong></span> <span class='ocrx_word' id='word_1_496' title='bbox 1936 4014 2052 4052; x_wconf 91' lang='lat' dir='ltr'><strong>non</strong></span> 
     </span>
    </p>
   </div>
   <div class='ocr_carea' id='block_1_71' title="bbox 453 4085 2052 4162">
    <p class='ocr_par' dir='ltr' id='par_1_71' title="bbox 453 4085 2052 4162">
     <span class='ocr_line' id='line_1_71' title="bbox 453 4085 2052 4162; baseline -0.006 -13"><span class='ocrx_word' id='word_1_497' title='bbox 453 4093 634 4149; x_wconf 84' lang='lat' dir='ltr'><strong>ausim</strong></span> <span class='ocrx_word' id='word_1_498' title='bbox 655 4091 959 4146; x_wconf 75' lang='lat' dir='ltr'><strong>affirmare.</strong></span> <span class='ocrx_word' id='word_1_499' title='bbox 973 4093 1048 4146; x_wconf 82' lang='lat' dir='ltr'><strong>At</strong></span> <span class='ocrx_word' id='word_1_500' title='bbox 1061 4095 1289 4162; x_wconf 59' lang='lat' dir='ltr'><strong>praistat</strong></span> <span class='ocrx_word' id='word_1_501' title='bbox 1307 4089 1395 4143; x_wconf 91' lang='lat' dir='ltr'><strong>hic</strong></span> <span class='ocrx_word' id='word_1_502' title='bbox 1406 4089 1528 4160; x_wconf 90' lang='lat' dir='ltr'><strong>ipsa</strong></span> <span class='ocrx_word' id='word_1_503' title='bbox 1539 4086 1815 4142; x_wconf 89' lang='lat' dir='ltr'><strong>Gennadii</strong></span> <span class='ocrx_word' id='word_1_504' title='bbox 1833 4085 2052 4141; x_wconf 83' lang='lat' dir='ltr'><strong>Cassio-</strong></span> 
     </span>
    </p>
   </div>
   <div class='ocr_carea' id='block_1_72' title="bbox 455 4173 2051 4258">
    <p class='ocr_par' dir='ltr' id='par_1_72' title="bbox 455 4173 2051 4258">
     <span class='ocr_line' id='line_1_72' title="bbox 455 4173 2051 4258; baseline -0.006 -21"><span class='ocrx_word' id='word_1_505' title='bbox 455 4182 690 4252; x_wconf 88' lang='lat' dir='ltr'><strong>dorique</strong></span> <span class='ocrx_word' id='word_1_506' title='bbox 716 4181 885 4234; x_wconf 88' lang='lat' dir='ltr'><strong>verba</strong></span> <span class='ocrx_word' id='word_1_507' title='bbox 911 4179 1270 4258; x_wconf 80' lang='lat' dir='ltr'><strong>subjungere,</strong></span> <span class='ocrx_word' id='word_1_508' title='bbox 1299 4183 1363 4231; x_wconf 92' lang='lat' dir='ltr'><strong>ut</strong></span> <span class='ocrx_word' id='word_1_509' title='bbox 1393 4177 1568 4231; x_wconf 87' lang='lat' dir='ltr'><strong>lector</strong></span> <span class='ocrx_word' id='word_1_510' title='bbox 1602 4175 1789 4230; x_wconf 89' lang='lat' dir='ltr'><strong>videat</strong></span> <span class='ocrx_word' id='word_1_511' title='bbox 1833 4175 1881 4230; x_wconf 89' lang='lat' dir='ltr'><strong>si</strong></span> <span class='ocrx_word' id='word_1_512' title='bbox 1918 4173 2051 4245; x_wconf 89' lang='lat' dir='ltr'><strong>quid</strong></span> 
     </span>
    </p>
   </div>
   <div class='ocr_carea' id='block_1_73' title="bbox 455 4264 1821 4336">
    <p class='ocr_par' dir='ltr' id='par_1_73' title="bbox 455 4264 1821 4336">
     <span class='ocr_line' id='line_1_73' title="bbox 455 4264 1821 4336; baseline -0.006 -10"><span class='ocrx_word' id='word_1_513' title='bbox 455 4271 595 4326; x_wconf 88' lang='lat' dir='ltr'><strong>certi</strong></span> <span class='ocrx_word' id='word_1_514' title='bbox 623 4270 691 4324; x_wconf 91' lang='lat' dir='ltr'><strong>de</strong></span> <span class='ocrx_word' id='word_1_515' title='bbox 721 4269 1114 4324; x_wconf 88' lang='lat' dir='ltr'><strong>concinnatore</strong></span> <span class='ocrx_word' id='word_1_516' title='bbox 1145 4267 1248 4321; x_wconf 90' lang='lat' dir='ltr'><strong>hoc</strong></span> <span class='ocrx_word' id='word_1_517' title='bbox 1277 4265 1592 4320; x_wconf 81' lang='lat' dir='ltr'><strong>discernere</strong></span> <span class='ocrx_word' id='word_1_518' title='bbox 1623 4264 1821 4336; x_wconf 87' lang='lat' dir='ltr'><strong>possit.</strong></span> 
     </span>
    </p>
   </div>
   <div class='ocr_carea' id='block_1_74' title="bbox 529 4353 2051 4427">
    <p class='ocr_par' dir='ltr' id='par_1_74' title="bbox 529 4353 2051 4427">
     <span class='ocr_line' id='line_1_74' title="bbox 529 4353 2051 4427; baseline -0.004 -15"><span class='ocrx_word' id='word_1_519' title='bbox 529 4357 854 4412; x_wconf 90' lang='lat' dir='ltr'><strong>Gennadius</strong></span> <span class='ocrx_word' id='word_1_520' title='bbox 873 4356 1047 4427; x_wconf 88' lang='lat' dir='ltr'><strong>igitur</strong></span> <span class='ocrx_word' id='word_1_521' title='bbox 1069 4355 1184 4411; x_wconf 64' lang='lat' dir='ltr'><strong>haec</strong></span> <span class='ocrx_word' id='word_1_522' title='bbox 1204 4356 1274 4410; x_wconf 90' lang='lat' dir='ltr'><strong>de</strong></span> <span class='ocrx_word' id='word_1_523' title='bbox 1294 4353 1595 4410; x_wconf 89' lang='lat' dir='ltr'><strong>Eucherio:</strong></span> <span class='ocrx_word' id='word_1_524' title='bbox 1621 4372 1648 4408; x_wconf 70' lang='grc' dir='ltr'><strong>α</strong></span> <span class='ocrx_word' id='word_1_525' title='bbox 1674 4353 1784 4408; x_wconf 91' lang='lat' dir='ltr'><strong>Sed</strong></span> <span class='ocrx_word' id='word_1_526' title='bbox 1800 4357 1857 4407; x_wconf 89' lang='lat' dir='ltr'><strong>et</strong></span> <span class='ocrx_word' id='word_1_527' title='bbox 1875 4353 2051 4407; x_wconf 87' lang='lat' dir='ltr'><strong>sancti</strong></span> 
     </span>
    </p>
   </div>
   <div class='ocr_carea' id='block_1_75' title="bbox 458 4439 2052 4517">
    <p class='ocr_par' dir='ltr' id='par_1_75' title="bbox 458 4439 2052 4517">
     <span class='ocr_line' id='line_1_75' title="bbox 458 4439 2052 4517; baseline -0.004 -16"><span class='ocrx_word' id='word_1_528' title='bbox 458 4445 709 4502; x_wconf 89' lang='lat' dir='ltr'><strong>Cassiani</strong></span> <span class='ocrx_word' id='word_1_529' title='bbox 731 4445 984 4517; x_wconf 76' lang='lat' dir='ltr'><strong>quaedam</strong></span> <span class='ocrx_word' id='word_1_530' title='bbox 1005 4443 1289 4515; x_wconf 90' lang='lat' dir='ltr'><strong>opuscula,</strong></span> <span class='ocrx_word' id='word_1_531' title='bbox 1302 4442 1416 4496; x_wconf 88' lang='lat' dir='ltr'><strong>lato</strong></span> <span class='ocrx_word' id='word_1_532' title='bbox 1430 4447 1592 4497; x_wconf 87' lang='lat' dir='ltr'><strong>tensa</strong></span> <span class='ocrx_word' id='word_1_533' title='bbox 1609 4457 1885 4507; x_wconf 88' lang='lat' dir='ltr'><strong>sermone,</strong></span> <span class='ocrx_word' id='word_1_534' title='bbox 1901 4439 2052 4495; x_wconf 90' lang='lat' dir='ltr'><strong>idem</strong></span> 
     </span>
    </p>
   </div>
   <div class='ocr_carea' id='block_1_76' title="bbox 2131 3285 3734 3356">
    <p class='ocr_par' dir='ltr' id='par_1_76' title="bbox 2131 3285 3734 3356">
     <span class='ocr_line' id='line_1_76' title="bbox 2131 3285 3734 3356; baseline 0.003 -16"><span class='ocrx_word' id='word_1_535' title='bbox 2131 3285 2411 3356; x_wconf 83' lang='lat' dir='ltr'><strong>purgavit,</strong></span> <span class='ocrx_word' id='word_1_536' title='bbox 2445 3285 2503 3341; x_wconf 91' lang='lat' dir='ltr'><strong>id</strong></span> <span class='ocrx_word' id='word_1_537' title='bbox 2532 3292 2634 3352; x_wconf 90' lang='lat' dir='ltr'><strong>est,</strong></span> <span class='ocrx_word' id='word_1_538' title='bbox 2667 3288 2986 3342; x_wconf 87' lang='lat' dir='ltr'><strong>antidotum</strong></span> <span class='ocrx_word' id='word_1_539' title='bbox 3027 3294 3224 3344; x_wconf 89' lang='lat' dir='ltr'><strong>contra</strong></span> <span class='ocrx_word' id='word_1_540' title='bbox 3258 3290 3457 3344; x_wconf 90' lang='lat' dir='ltr'><strong>veneni</strong></span> <span class='ocrx_word' id='word_1_541' title='bbox 3494 3291 3734 3345; x_wconf 82' lang='lat' dir='ltr'><strong>intima-</strong></span> 
     </span>
    </p>
   </div>
   <div class='ocr_carea' id='block_1_77' title="bbox 2132 3373 3732 3449">
    <p class='ocr_par' dir='ltr' id='par_1_77' title="bbox 2132 3373 3732 3449">
     <span class='ocr_line' id='line_1_77' title="bbox 2132 3373 3732 3449; baseline 0.004 -22"><span class='ocrx_word' id='word_1_542' title='bbox 2132 3373 2364 3441; x_wconf 89' lang='lat' dir='ltr'><strong>tionem,</strong></span> <span class='ocrx_word' id='word_1_543' title='bbox 2405 3375 2553 3446; x_wconf 90' lang='lat' dir='ltr'><strong>quod</strong></span> <span class='ocrx_word' id='word_1_544' title='bbox 2589 3377 2811 3448; x_wconf 90' lang='lat' dir='ltr'><strong>scriptis</strong></span> <span class='ocrx_word' id='word_1_545' title='bbox 2848 3377 2966 3432; x_wconf 90' lang='lat' dir='ltr'><strong>suis</strong></span> <span class='ocrx_word' id='word_1_546' title='bbox 3005 3379 3243 3449; x_wconf 89' lang='lat' dir='ltr'><strong>sparsim</strong></span> <span class='ocrx_word' id='word_1_547' title='bbox 3281 3378 3566 3434; x_wconf 74' lang='lat' dir='ltr'><strong>inserebat</strong></span> <span class='ocrx_word' id='word_1_548' title='bbox 3597 3381 3732 3434; x_wconf 87' lang='lat' dir='ltr'><strong>Cas-</strong></span> 
     </span>
    </p>
   </div>
   <div class='ocr_carea' id='block_1_78' title="bbox 2132 3461 2720 3534">
    <p class='ocr_par' dir='ltr' id='par_1_78' title="bbox 2132 3461 2720 3534">
     <span class='ocr_line' id='line_1_78' title="bbox 2132 3461 2720 3534; baseline 0.007 -19"><span class='ocrx_word' id='word_1_549' title='bbox 2132 3461 2346 3529; x_wconf 87' lang='lat' dir='ltr'><strong>sianus,</strong></span> <span class='ocrx_word' id='word_1_550' title='bbox 2379 3465 2720 3534; x_wconf 85' lang='lat' dir='ltr'><strong>apposuerit.</strong></span> 
     </span>
    </p>
   </div>
   <div class='ocr_carea' id='block_1_79' title="bbox 2203 3551 3735 3630">
    <p class='ocr_par' dir='ltr' id='par_1_79' title="bbox 2203 3551 3735 3630">
     <span class='ocr_line' id='line_1_79' title="bbox 2203 3551 3735 3630; baseline 0.007 -26"><span class='ocrx_word' id='word_1_551' title='bbox 2203 3551 2477 3606; x_wconf 90' lang='lat' dir='ltr'><strong>Baronius</strong></span> <span class='ocrx_word' id='word_1_552' title='bbox 2506 3570 2675 3625; x_wconf 87' lang='lat' dir='ltr'><strong>supra</strong></span> <span class='ocrx_word' id='word_1_553' title='bbox 2703 3554 2901 3610; x_wconf 84' lang='lat' dir='ltr'><strong>existiu</strong></span> <span class='ocrx_word' id='word_1_554' title='bbox 2927 3561 2993 3610; x_wconf 80' lang='lat' dir='ltr'><strong>at</strong></span> <span class='ocrx_word' id='word_1_555' title='bbox 3021 3557 3417 3612; x_wconf 90' lang='lat' dir='ltr'><strong>Cassiodorum</strong></span> <span class='ocrx_word' id='word_1_556' title='bbox 3462 3575 3559 3630; x_wconf 89' lang='lat' dir='ltr'><strong>spe</strong></span> <span class='ocrx_word' id='word_1_557' title='bbox 3606 3558 3735 3614; x_wconf 84' lang='lat' dir='ltr'><strong>fru-</strong></span> 
     </span>
    </p>
   </div>
   <div class='ocr_carea' id='block_1_80' title="bbox 2131 3643 3726 3718">
    <p class='ocr_par' dir='ltr' id='par_1_80' title="bbox 2131 3643 3726 3718">
     <span class='ocr_line' id='line_1_80' title="bbox 2131 3643 3726 3718; baseline 0.006 -25"><span class='ocrx_word' id='word_1_558' title='bbox 2131 3645 2371 3694; x_wconf 85' lang='lat' dir='ltr'><strong>stratum</strong></span> <span class='ocrx_word' id='word_1_559' title='bbox 2401 3657 2512 3696; x_wconf 91' lang='lat' dir='ltr'><strong>non</strong></span> <span class='ocrx_word' id='word_1_560' title='bbox 2545 3643 2822 3713; x_wconf 90' lang='lat' dir='ltr'><strong>accepisse</strong></span> <span class='ocrx_word' id='word_1_561' title='bbox 2850 3644 2998 3715; x_wconf 89' lang='lat' dir='ltr'><strong>quod</strong></span> <span class='ocrx_word' id='word_1_562' title='bbox 3033 3661 3099 3699; x_wconf 88' lang='lat' dir='ltr'><strong>ex</strong></span> <span class='ocrx_word' id='word_1_563' title='bbox 3133 3645 3322 3700; x_wconf 83' lang='lat' dir='ltr'><strong>Africa</strong></span> <span class='ocrx_word' id='word_1_564' title='bbox 3348 3647 3726 3718; x_wconf 78' lang='lat' dir='ltr'><strong>exspectabat.</strong></span> 
     </span>
    </p>
   </div>
   <div class='ocr_carea' id='block_1_81' title="bbox 2133 3729 3724 3806">
    <p class='ocr_par' dir='ltr' id='par_1_81' title="bbox 2133 3729 3724 3806">
     <span class='ocr_line' id='line_1_81' title="bbox 2133 3729 3724 3806; baseline 0.005 -22"><span class='ocrx_word' id='word_1_565' title='bbox 2133 3729 2420 3800; x_wconf 87' lang='lat' dir='ltr'><strong>Siquidem</strong></span> <span class='ocrx_word' id='word_1_566' title='bbox 2447 3730 2567 3785; x_wconf 69' lang='lat' dir='ltr'><strong>Atlo</strong></span> <span class='ocrx_word' id='word_1_567' title='bbox 2601 3731 2932 3787; x_wconf 85' lang='lat' dir='ltr'><strong>Viennensis</strong></span> <span class='ocrx_word' id='word_1_568' title='bbox 2959 3733 3267 3806; x_wconf 90' lang='lat' dir='ltr'><strong>episcopus,</strong></span> <span class='ocrx_word' id='word_1_569' title='bbox 3319 3735 3377 3790; x_wconf 93' lang='lat' dir='ltr'><strong>in</strong></span> <span class='ocrx_word' id='word_1_570' title='bbox 3426 3737 3724 3805; x_wconf 89' lang='lat' dir='ltr'><strong>Chronico,</strong></span> 
     </span>
    </p>
   </div>
   <div class='ocr_carea' id='block_1_82' title="bbox 2130 3817 3732 3896">
    <p class='ocr_par' dir='ltr' id='par_1_82' title="bbox 2130 3817 3732 3896">
     <span class='ocr_line' id='line_1_82' title="bbox 2130 3817 3732 3896; baseline 0.005 -23"><span class='ocrx_word' id='word_1_571' title='bbox 2130 3835 2280 3874; x_wconf 87' lang='lat' dir='ltr'><strong>anno</strong></span> <span class='ocrx_word' id='word_1_572' title='bbox 2295 3817 2418 3882; x_wconf 73' lang='lat'><strong>425,</strong></span> <span class='ocrx_word' id='word_1_573' title='bbox 2437 3818 2507 3873; x_wconf 86' lang='lat' dir='ltr'><strong>ab</strong></span> <span class='ocrx_word' id='word_1_574' title='bbox 2528 3820 2648 3891; x_wconf 90' lang='lat' dir='ltr'><strong>ipso</strong></span> <span class='ocrx_word' id='word_1_575' title='bbox 2675 3821 3005 3877; x_wconf 85' lang='lat' dir='ltr'><strong>Cassiodoro</strong></span> <span class='ocrx_word' id='word_1_576' title='bbox 3026 3823 3082 3877; x_wconf 90' lang='lat' dir='ltr'><strong>id</strong></span> <span class='ocrx_word' id='word_1_577' title='bbox 3101 3823 3304 3896; x_wconf 91' lang='lat' dir='ltr'><strong>operis,</strong></span> <span class='ocrx_word' id='word_1_578' title='bbox 3321 3831 3385 3880; x_wconf 91' lang='lat' dir='ltr'><strong>ut</strong></span> <span class='ocrx_word' id='word_1_579' title='bbox 3395 3825 3732 3881; x_wconf 89' lang='lat' dir='ltr'><strong>Cassianum</strong></span> 
     </span>
    </p>
   </div>
   <div class='ocr_carea' id='block_1_83' title="bbox 2132 3907 3732 3986">
    <p class='ocr_par' dir='ltr' id='par_1_83' title="bbox 2132 3907 3732 3986">
     <span class='ocr_line' id='line_1_83' title="bbox 2132 3907 3732 3986; baseline 0.005 -25"><span class='ocrx_word' id='word_1_580' title='bbox 2132 3907 2457 3978; x_wconf 81' lang='lat' dir='ltr'><strong>corrigeret,</strong></span> <span class='ocrx_word' id='word_1_581' title='bbox 2488 3907 2836 3964; x_wconf 87' lang='lat' dir='ltr'><strong>elaboratum</strong></span> <span class='ocrx_word' id='word_1_582' title='bbox 2865 3911 3128 3979; x_wconf 78' lang='lat' dir='ltr'><strong>afﬁrmat,</strong></span> <span class='ocrx_word' id='word_1_583' title='bbox 3152 3911 3285 3967; x_wconf 88' lang='lat' dir='ltr'><strong>dum</strong></span> <span class='ocrx_word' id='word_1_584' title='bbox 3323 3913 3440 3968; x_wconf 88' lang='lat' dir='ltr'><strong>ait:</strong></span> <span class='ocrx_word' id='word_1_585' title='bbox 3481 3933 3508 3968; x_wconf 73' lang='grc' dir='ltr'><strong><em>α</em></strong></span> <span class='ocrx_word' id='word_1_586' title='bbox 3540 3915 3732 3986; x_wconf 89' lang='lat' dir='ltr'><strong>Opera</strong></span> 
     </span>
    </p>
   </div>
   <div class='ocr_carea' id='block_1_84' title="bbox 2132 3995 3730 4072">
    <p class='ocr_par' dir='ltr' id='par_1_84' title="bbox 2132 3995 3730 4072">
     <span class='ocr_line' id='line_1_84' title="bbox 2132 3995 3730 4072; baseline 0.005 -22"><span class='ocrx_word' id='word_1_587' title='bbox 2132 3995 2283 4051; x_wconf 90' lang='lat' dir='ltr'><strong>illius</strong></span> <span class='ocrx_word' id='word_1_588' title='bbox 2308 4012 2339 4050; x_wconf 93' lang='lat' dir='ltr'><strong>a</strong></span> <span class='ocrx_word' id='word_1_589' title='bbox 2369 3997 2658 4051; x_wconf 88' lang='lat' dir='ltr'><strong>catholicis</strong></span> <span class='ocrx_word' id='word_1_590' title='bbox 2697 3999 3016 4055; x_wconf 90' lang='lat' dir='ltr'><strong>cautissime</strong></span> <span class='ocrx_word' id='word_1_591' title='bbox 3053 4001 3308 4072; x_wconf 82' lang='lat' dir='ltr'><strong>legenda,</strong></span> <span class='ocrx_word' id='word_1_592' title='bbox 3360 4003 3602 4058; x_wconf 80' lang='lat' dir='ltr'><strong>maxime</strong></span> <span class='ocrx_word' id='word_1_593' title='bbox 3655 4003 3730 4058; x_wconf 91' lang='lat' dir='ltr'><strong>de</strong></span> 
     </span>
    </p>
   </div>
   <div class='ocr_carea' id='block_1_85' title="bbox 2131 4083 3728 4157">
    <p class='ocr_par' dir='ltr' id='par_1_85' title="bbox 2131 4083 3728 4157">
     <span class='ocr_line' id='line_1_85' title="bbox 2131 4083 3728 4157; baseline 0.006 -19"><span class='ocrx_word' id='word_1_594' title='bbox 2131 4084 2308 4140; x_wconf 89' lang='lat' dir='ltr'><strong>libero</strong></span> <span class='ocrx_word' id='word_1_595' title='bbox 2328 4083 2562 4140; x_wconf 88' lang='lat' dir='ltr'><strong>arbitrio</strong></span> <span class='ocrx_word' id='word_1_596' title='bbox 2584 4091 2641 4139; x_wconf 90' lang='lat' dir='ltr'><strong>et</strong></span> <span class='ocrx_word' id='word_1_597' title='bbox 2657 4087 2844 4157; x_wconf 88' lang='lat' dir='ltr'><strong>gratia</strong></span> <span class='ocrx_word' id='word_1_598' title='bbox 2866 4107 2878 4154; x_wconf 92' lang='lat'><strong>;</strong></span> <span class='ocrx_word' id='word_1_599' title='bbox 2897 4090 2994 4144; x_wconf 90' lang='lat' dir='ltr'><strong>sed</strong></span> <span class='ocrx_word' id='word_1_600' title='bbox 3015 4095 3072 4144; x_wconf 90' lang='lat' dir='ltr'><strong>et</strong></span> <span class='ocrx_word' id='word_1_601' title='bbox 3093 4089 3506 4146; x_wconf 85' lang='lat' dir='ltr'><strong>Encratitarum</strong></span> <span class='ocrx_word' id='word_1_602' title='bbox 3525 4093 3728 4148; x_wconf 80' lang='lat' dir='ltr'><strong>haeresi</strong></span> 
     </span>
    </p>
   </div>
   <div class='ocr_carea' id='block_1_86' title="bbox 2131 4172 3731 4236">
    <p class='ocr_par' dir='ltr' id='par_1_86' title="bbox 2131 4172 3731 4236">
     <span class='ocr_line' id='line_1_86' title="bbox 2131 4172 3731 4236; baseline 0.005 -8"><span class='ocrx_word' id='word_1_603' title='bbox 2131 4172 2410 4228; x_wconf 86' lang='lat' dir='ltr'><strong>incautius</strong></span> <span class='ocrx_word' id='word_1_604' title='bbox 2434 4173 2584 4228; x_wconf 85' lang='lat' dir='ltr'><strong>favit.</strong></span> <span class='ocrx_word' id='word_1_605' title='bbox 2618 4176 2847 4232; x_wconf 90' lang='lat' dir='ltr'><strong>Errores</strong></span> <span class='ocrx_word' id='word_1_606' title='bbox 2862 4177 3014 4233; x_wconf 89' lang='lat' dir='ltr'><strong>illius</strong></span> <span class='ocrx_word' id='word_1_607' title='bbox 3047 4179 3409 4235; x_wconf 73' lang='lat' dir='ltr'><strong>Cassiodorus</strong></span> <span class='ocrx_word' id='word_1_608' title='bbox 3439 4181 3731 4236; x_wconf 87' lang='lat' dir='ltr'><strong>Ravenna-</strong></span> 
     </span>
    </p>
   </div>
   <div class='ocr_carea' id='block_1_87' title="bbox 2132 4266 3728 4341">
    <p class='ocr_par' dir='ltr' id='par_1_87' title="bbox 2132 4266 3728 4341">
     <span class='ocr_line' id='line_1_87' title="bbox 2132 4266 3728 4341; baseline 0.006 -26"><span class='ocrx_word' id='word_1_609' title='bbox 2132 4266 2256 4316; x_wconf 90' lang='lat' dir='ltr'><strong>tum</strong></span> <span class='ocrx_word' id='word_1_610' title='bbox 2289 4269 2515 4318; x_wconf 89' lang='lat' dir='ltr'><strong>senator</strong></span> <span class='ocrx_word' id='word_1_611' title='bbox 2544 4280 2785 4336; x_wconf 90' lang='lat' dir='ltr'><strong>purgare</strong></span> <span class='ocrx_word' id='word_1_612' title='bbox 2813 4267 3022 4334; x_wconf 90' lang='lat' dir='ltr'><strong>volens,</strong></span> <span class='ocrx_word' id='word_1_613' title='bbox 3051 4284 3164 4324; x_wconf 92' lang='lat' dir='ltr'><strong>non</strong></span> <span class='ocrx_word' id='word_1_614' title='bbox 3192 4269 3263 4323; x_wconf 88' lang='lat' dir='ltr'><strong>ad</strong></span> <span class='ocrx_word' id='word_1_615' title='bbox 3301 4269 3528 4341; x_wconf 89' lang='lat' dir='ltr'><strong>plenum</strong></span> <span class='ocrx_word' id='word_1_616' title='bbox 3572 4270 3728 4325; x_wconf 90' lang='lat' dir='ltr'><strong>omni</strong></span> 
     </span>
    </p>
   </div>
   <div class='ocr_carea' id='block_1_88' title="bbox 2134 4352 2672 4423">
    <p class='ocr_par' dir='ltr' id='par_1_88' title="bbox 2134 4352 2672 4423">
     <span class='ocr_line' id='line_1_88' title="bbox 2134 4352 2672 4423; baseline 0 -18"><span class='ocrx_word' id='word_1_617' title='bbox 2134 4367 2200 4405; x_wconf 85' lang='lat' dir='ltr'><strong>ex</strong></span> <span class='ocrx_word' id='word_1_618' title='bbox 2229 4357 2388 4422; x_wconf 86' lang='lat' dir='ltr'><strong>parte</strong></span> <span class='ocrx_word' id='word_1_619' title='bbox 2417 4352 2617 4423; x_wconf 90' lang='lat' dir='ltr'><strong>potuit.</strong></span> <span class='ocrx_word' id='word_1_620' title='bbox 2650 4374 2672 4405; x_wconf 76' lang='grc' dir='ltr'><strong><em>ι</em></strong></span> 
     </span>
    </p>
   </div>
   <div class='ocr_carea' id='block_1_89' title="bbox 2206 4439 3722 4520">
    <p class='ocr_par' dir='ltr' id='par_1_89' title="bbox 2206 4439 3722 4520">
     <span class='ocr_line' id='line_1_89' title="bbox 2206 4439 3722 4520; baseline 0.006 -27"><span class='ocrx_word' id='word_1_621' title='bbox 2206 4439 2343 4504; x_wconf 92' lang='lat' dir='ltr'><strong>Quis</strong></span> <span class='ocrx_word' id='word_1_622' title='bbox 2355 4457 2502 4496; x_wconf 92' lang='lat' dir='ltr'><strong>nunc</strong></span> <span class='ocrx_word' id='word_1_623' title='bbox 2524 4441 2722 4498; x_wconf 91' lang='lat' dir='ltr'><strong>horum</strong></span> <span class='ocrx_word' id='word_1_624' title='bbox 2737 4450 3127 4517; x_wconf 82' lang='lat' dir='ltr'><strong>excerptorum</strong></span> <span class='ocrx_word' id='word_1_625' title='bbox 3139 4451 3335 4502; x_wconf 89' lang='lat' dir='ltr'><strong>auctor</strong></span> <span class='ocrx_word' id='word_1_626' title='bbox 3344 4447 3513 4502; x_wconf 89' lang='lat' dir='ltr'><strong>statui</strong></span> <span class='ocrx_word' id='word_1_627' title='bbox 3527 4448 3722 4520; x_wconf 87' lang='lat' dir='ltr'><strong>possit,</strong></span> 
     </span>
    </p>
   </div>
   <div class='ocr_carea' id='block_1_90' title="bbox 456 4521 3728 4608">
    <p class='ocr_par' dir='ltr' id='par_1_90' title="bbox 456 4521 3728 4608">
     <span class='ocr_line' id='line_1_90' title="bbox 456 4521 3728 4608; baseline 0 -17"><span class='ocrx_word' id='word_1_628' title='bbox 456 4535 760 4591; x_wconf 86' lang='lat' dir='ltr'><strong>Eucherius</strong></span> <span class='ocrx_word' id='word_1_629' title='bbox 780 4537 1018 4604; x_wconf 75' lang='lat' dir='ltr'><strong>angusto</strong></span> <span class='ocrx_word' id='word_1_630' title='bbox 1043 4531 1195 4586; x_wconf 88' lang='lat' dir='ltr'><strong>verbi</strong></span> <span class='ocrx_word' id='word_1_631' title='bbox 1218 4531 1499 4586; x_wconf 88' lang='lat' dir='ltr'><strong>resolvens</strong></span> <span class='ocrx_word' id='word_1_632' title='bbox 1523 4529 1768 4592; x_wconf 89' lang='lat' dir='ltr'><strong>tramite,</strong></span> <span class='ocrx_word' id='word_1_633' title='bbox 1791 4529 1850 4583; x_wconf 92' lang='lat' dir='ltr'><strong>in</strong></span> <span class='ocrx_word' id='word_1_634' title='bbox 1873 4544 2051 4584; x_wconf 88' lang='lat' dir='ltr'><strong>unum</strong></span> <span class='ocrx_word' id='word_1_635' title='bbox 2067 4521 2116 4581; x_wconf 88' lang='lat' dir='ltr'><strong>D</strong></span> <span class='ocrx_word' id='word_1_636' title='bbox 2134 4528 2283 4584; x_wconf 87' lang='lat' dir='ltr'><strong>malo</strong></span> <span class='ocrx_word' id='word_1_637' title='bbox 2311 4529 2371 4584; x_wconf 92' lang='lat' dir='ltr'><strong>in</strong></span> <span class='ocrx_word' id='word_1_638' title='bbox 2399 4530 2583 4586; x_wconf 89' lang='lat' dir='ltr'><strong>medio</strong></span> <span class='ocrx_word' id='word_1_639' title='bbox 2607 4531 2944 4604; x_wconf 87' lang='lat' dir='ltr'><strong>relinquere,</strong></span> <span class='ocrx_word' id='word_1_640' title='bbox 2977 4549 3148 4606; x_wconf 89' lang='lat' dir='ltr'><strong>quam</strong></span> <span class='ocrx_word' id='word_1_641' title='bbox 3176 4541 3390 4591; x_wconf 89' lang='lat' dir='ltr'><strong>temere</strong></span> <span class='ocrx_word' id='word_1_642' title='bbox 3417 4537 3550 4608; x_wconf 89' lang='lat' dir='ltr'><strong>quid</strong></span> <span class='ocrx_word' id='word_1_643' title='bbox 3577 4554 3728 4592; x_wconf 90' lang='lat' dir='ltr'><strong>asse-</strong></span> 
     </span>
    </p>
   </div>
   <div class='ocr_carea' id='block_1_91' title="bbox 456 4617 2050 4696">
    <p class='ocr_par' dir='ltr' id='par_1_91' title="bbox 456 4617 2050 4696">
     <span class='ocr_line' id='line_1_91' title="bbox 456 4617 2050 4696; baseline -0.004 -17"><span class='ocrx_word' id='word_1_644' title='bbox 456 4624 642 4696; x_wconf 89' lang='lat' dir='ltr'><strong>coegit</strong></span> <span class='ocrx_word' id='word_1_645' title='bbox 670 4624 949 4678; x_wconf 90' lang='lat' dir='ltr'><strong>volumen.</strong></span> <span class='ocrx_word' id='word_1_646' title='bbox 988 4641 1012 4675; x_wconf 72' lang='grc' dir='ltr'><strong>ι</strong></span> <span class='ocrx_word' id='word_1_647' title='bbox 1038 4622 1168 4676; x_wconf 67' lang='lat' dir='ltr'><strong>Hinc</strong></span> <span class='ocrx_word' id='word_1_648' title='bbox 1183 4619 1526 4684; x_wconf 88' lang='lat' dir='ltr'><strong>Gennadius,</strong></span> <span class='ocrx_word' id='word_1_649' title='bbox 1548 4618 1752 4690; x_wconf 89' lang='lat' dir='ltr'><strong>inquit,</strong></span> <span class='ocrx_word' id='word_1_650' title='bbox 1775 4617 2050 4673; x_wconf 91' lang='lat' dir='ltr'><strong>Baronius</strong></span> 
     </span>
    </p>
   </div>
   <div class='ocr_carea' id='block_1_92' title="bbox 457 4707 2047 4783">
    <p class='ocr_par' dir='ltr' id='par_1_92' title="bbox 457 4707 2047 4783">
     <span class='ocr_line' id='line_1_92' title="bbox 457 4707 2047 4783; baseline -0.003 -16"><span class='ocrx_word' id='word_1_651' title='bbox 457 4712 679 4768; x_wconf 74' lang='lat' dir='ltr'><strong>annal.4</strong></span> <span class='ocrx_word' id='word_1_652' title='bbox 688 4711 830 4783; x_wconf 86' lang='lat' dir='ltr'><strong>33,ej</strong></span> <span class='ocrx_word' id='word_1_653' title='bbox 840 4712 1030 4767; x_wconf 90' lang='lat' dir='ltr'><strong>usdem</strong></span> <span class='ocrx_word' id='word_1_654' title='bbox 1049 4709 1408 4782; x_wconf 75' lang='lat' dir='ltr'><strong>(Pelagianae)</strong></span> <span class='ocrx_word' id='word_1_655' title='bbox 1420 4707 1611 4762; x_wconf 61' lang='lat' dir='ltr'><strong>farina:</strong></span> <span class='ocrx_word' id='word_1_656' title='bbox 1623 4723 1752 4762; x_wconf 90' lang='lat' dir='ltr'><strong>cum</strong></span> <span class='ocrx_word' id='word_1_657' title='bbox 1763 4707 1856 4764; x_wconf 63' lang='lat' dir='ltr'><strong>Cas.</strong></span> <span class='ocrx_word' id='word_1_658' title='bbox 1868 4707 2047 4776; x_wconf 90' lang='lat' dir='ltr'><strong>siano;</strong></span> 
     </span>
    </p>
   </div>
   <div class='ocr_carea' id='block_1_93' title="bbox 457 4795 2050 4872">
    <p class='ocr_par' dir='ltr' id='par_1_93' title="bbox 457 4795 2050 4872">
     <span class='ocr_line' id='line_1_93' title="bbox 457 4795 2050 4872; baseline -0.003 -16"><span class='ocrx_word' id='word_1_659' title='bbox 457 4801 555 4872; x_wconf 92' lang='lat' dir='ltr'><strong>qui</strong></span> <span class='ocrx_word' id='word_1_660' title='bbox 574 4817 644 4856; x_wconf 91' lang='lat' dir='ltr'><strong>ne</strong></span> <span class='ocrx_word' id='word_1_661' title='bbox 657 4801 869 4856; x_wconf 86' lang='lat' dir='ltr'><strong>diceret</strong></span> <span class='ocrx_word' id='word_1_662' title='bbox 887 4799 1170 4855; x_wconf 91' lang='lat' dir='ltr'><strong>erroribus</strong></span> <span class='ocrx_word' id='word_1_663' title='bbox 1188 4797 1488 4854; x_wconf 87' lang='lat' dir='ltr'><strong>confutatis</strong></span> <span class='ocrx_word' id='word_1_664' title='bbox 1508 4795 1842 4852; x_wconf 89' lang='lat' dir='ltr'><strong>Eucherium</strong></span> <span class='ocrx_word' id='word_1_665' title='bbox 1853 4813 2050 4868; x_wconf 84' lang='lat' dir='ltr'><strong>expur-</strong></span> 
     </span>
    </p>
   </div>
   <div class='ocr_carea' id='block_1_94' title="bbox 455 4885 2049 4961">
    <p class='ocr_par' dir='ltr' id='par_1_94' title="bbox 455 4885 2049 4961">
     <span class='ocr_line' id='line_1_94' title="bbox 455 4885 2049 4961; baseline -0.003 -17"><span class='ocrx_word' id='word_1_666' title='bbox 455 4889 640 4961; x_wconf 88' lang='lat' dir='ltr'><strong>gando</strong></span> <span class='ocrx_word' id='word_1_667' title='bbox 669 4889 1011 4944; x_wconf 85' lang='lat' dir='ltr'><strong>contraxisse</strong></span> <span class='ocrx_word' id='word_1_668' title='bbox 1027 4904 1199 4959; x_wconf 88' lang='lat' dir='ltr'><strong>opera</strong></span> <span class='ocrx_word' id='word_1_669' title='bbox 1229 4885 1503 4953; x_wconf 89' lang='lat' dir='ltr'><strong>Cassiani,</strong></span> <span class='ocrx_word' id='word_1_670' title='bbox 1534 4885 1712 4940; x_wconf 88' lang='lat' dir='ltr'><strong>latum</strong></span> <span class='ocrx_word' id='word_1_671' title='bbox 1733 4901 2049 4940; x_wconf 86' lang='lat' dir='ltr'><strong>sermonem</strong></span> 
     </span>
    </p>
   </div>
   <div class='ocr_carea' id='block_1_95' title="bbox 457 4974 1470 5048">
    <p class='ocr_par' dir='ltr' id='par_1_95' title="bbox 457 4974 1470 5048">
     <span class='ocr_line' id='line_1_95' title="bbox 457 4974 1470 5048; baseline -0.006 -16"><span class='ocrx_word' id='word_1_672' title='bbox 457 4977 872 5033; x_wconf 86' lang='lat' dir='ltr'><strong>circumcidisse</strong></span> <span class='ocrx_word' id='word_1_673' title='bbox 903 4975 1214 5048; x_wconf 64' lang='lat' dir='ltr'><strong>praetexuit.</strong></span> <span class='ocrx_word' id='word_1_674' title='bbox 1243 4977 1329 5030; x_wconf 88' lang='lat' dir='ltr'><strong>Ita</strong></span> <span class='ocrx_word' id='word_1_675' title='bbox 1357 4974 1470 5028; x_wconf 90' lang='lat' dir='ltr'><strong>ille.</strong></span> 
     </span>
    </p>
   </div>
   <div class='ocr_carea' id='block_1_96' title="bbox 527 5061 2049 5134">
    <p class='ocr_par' dir='ltr' id='par_1_96' title="bbox 527 5061 2049 5134">
     <span class='ocr_line' id='line_1_96' title="bbox 527 5061 2049 5134; baseline -0.002 -13"><span class='ocrx_word' id='word_1_676' title='bbox 527 5067 687 5132; x_wconf 90' lang='lat' dir='ltr'><strong>Quod</strong></span> <span class='ocrx_word' id='word_1_677' title='bbox 717 5066 764 5121; x_wconf 90' lang='lat' dir='ltr'><strong>si</strong></span> <span class='ocrx_word' id='word_1_678' title='bbox 796 5064 1102 5121; x_wconf 91' lang='lat' dir='ltr'><strong>Eucherius</strong></span> <span class='ocrx_word' id='word_1_679' title='bbox 1132 5063 1323 5133; x_wconf 75' lang='lat' dir='ltr'><strong>hujus,</strong></span> <span class='ocrx_word' id='word_1_680' title='bbox 1356 5062 1503 5134; x_wconf 91' lang='lat' dir='ltr'><strong>quod</strong></span> <span class='ocrx_word' id='word_1_681' title='bbox 1533 5061 1638 5116; x_wconf 87' lang='lat' dir='ltr'><strong>hoc</strong></span> <span class='ocrx_word' id='word_1_682' title='bbox 1661 5061 1802 5117; x_wconf 90' lang='lat' dir='ltr'><strong>libro</strong></span> <span class='ocrx_word' id='word_1_683' title='bbox 1849 5067 2049 5134; x_wconf 88' lang='lat' dir='ltr'><strong>quarto</strong></span> 
     </span>
    </p>
   </div>
   <div class='ocr_carea' id='block_1_97' title="bbox 453 5151 2048 5226">
    <p class='ocr_par' dir='ltr' id='par_1_97' title="bbox 453 5151 2048 5226">
     <span class='ocr_line' id='line_1_97' title="bbox 453 5151 2048 5226; baseline -0.004 -14"><span class='ocrx_word' id='word_1_684' title='bbox 453 5157 671 5223; x_wconf 83' lang='lat' dir='ltr'><strong>damus,</strong></span> <span class='ocrx_word' id='word_1_685' title='bbox 705 5153 1020 5226; x_wconf 83' lang='lat' dir='ltr'><strong>compendii</strong></span> <span class='ocrx_word' id='word_1_686' title='bbox 1041 5158 1127 5207; x_wconf 88' lang='lat' dir='ltr'><strong>est</strong></span> <span class='ocrx_word' id='word_1_687' title='bbox 1141 5157 1354 5219; x_wconf 88' lang='lat' dir='ltr'><strong>auctor,</strong></span> <span class='ocrx_word' id='word_1_688' title='bbox 1380 5168 1508 5206; x_wconf 90' lang='lat' dir='ltr'><strong>eum</strong></span> <span class='ocrx_word' id='word_1_689' title='bbox 1530 5157 1588 5206; x_wconf 90' lang='lat' dir='ltr'><strong>et</strong></span> <span class='ocrx_word' id='word_1_690' title='bbox 1611 5151 1869 5223; x_wconf 87' lang='lat' dir='ltr'><strong>scalpello</strong></span> <span class='ocrx_word' id='word_1_691' title='bbox 1884 5168 2048 5207; x_wconf 88' lang='lat' dir='ltr'><strong>usum</strong></span> 
     </span>
    </p>
   </div>
   <div class='ocr_carea' id='block_1_98' title="bbox 455 5240 2046 5316">
    <p class='ocr_par' dir='ltr' id='par_1_98' title="bbox 455 5240 2046 5316">
     <span class='ocr_line' id='line_1_98' title="bbox 455 5240 2046 5316; baseline -0.003 -16"><span class='ocrx_word' id='word_1_692' title='bbox 455 5252 512 5300; x_wconf 85' lang='lat' dir='ltr'><strong>et</strong></span> <span class='ocrx_word' id='word_1_693' title='bbox 540 5245 766 5316; x_wconf 75' lang='lat' dir='ltr'><strong>forcipe,</strong></span> <span class='ocrx_word' id='word_1_694' title='bbox 797 5259 947 5298; x_wconf 92' lang='lat' dir='ltr'><strong>nunc</strong></span> <span class='ocrx_word' id='word_1_695' title='bbox 974 5258 1173 5296; x_wconf 89' lang='lat' dir='ltr'><strong>venam</strong></span> <span class='ocrx_word' id='word_1_696' title='bbox 1204 5240 1515 5306; x_wconf 80' lang='lat' dir='ltr'><strong>incidenda,</strong></span> <span class='ocrx_word' id='word_1_697' title='bbox 1547 5241 1888 5312; x_wconf 86' lang='lat' dir='ltr'><strong>noxiumque</strong></span> <span class='ocrx_word' id='word_1_698' title='bbox 1915 5257 2046 5296; x_wconf 88' lang='lat' dir='ltr'><strong>san-</strong></span> 
     </span>
    </p>
   </div>
   <div class='ocr_carea' id='block_1_99' title="bbox 451 5329 2049 5405">
    <p class='ocr_par' dir='ltr' id='par_1_99' title="bbox 451 5329 2049 5405">
     <span class='ocr_line' id='line_1_99' title="bbox 451 5329 2049 5405; baseline -0.004 -16"><span class='ocrx_word' id='word_1_699' title='bbox 451 5335 681 5405; x_wconf 87' lang='lat' dir='ltr'><strong>guinem</strong></span> <span class='ocrx_word' id='word_1_700' title='bbox 712 5331 1074 5397; x_wconf 88' lang='lat' dir='ltr'><strong>extrahendo,</strong></span> <span class='ocrx_word' id='word_1_701' title='bbox 1106 5347 1256 5385; x_wconf 90' lang='lat' dir='ltr'><strong>nunc</strong></span> <span class='ocrx_word' id='word_1_702' title='bbox 1285 5329 1572 5384; x_wconf 82' lang='lat' dir='ltr'><strong>luxurians</strong></span> <span class='ocrx_word' id='word_1_703' title='bbox 1593 5329 1924 5402; x_wconf 88' lang='lat' dir='ltr'><strong>capillitium</strong></span> <span class='ocrx_word' id='word_1_704' title='bbox 1945 5329 2049 5384; x_wconf 89' lang='lat' dir='ltr'><strong>cir-</strong></span> 
     </span>
    </p>
   </div>
   <div class='ocr_carea' id='block_1_100' title="bbox 453 5418 2048 5486">
    <p class='ocr_par' dir='ltr' id='par_1_100' title="bbox 453 5418 2048 5486">
     <span class='ocr_line' id='line_1_100' title="bbox 453 5418 2048 5486; baseline -0.003 -9"><span class='ocrx_word' id='word_1_705' title='bbox 453 5422 836 5486; x_wconf 80' lang='lat' dir='ltr'><strong>cumcidenda,</strong></span> <span class='ocrx_word' id='word_1_706' title='bbox 887 5419 1090 5474; x_wconf 87' lang='lat' dir='ltr'><strong>merito</strong></span> <span class='ocrx_word' id='word_1_707' title='bbox 1119 5419 1343 5476; x_wconf 86' lang='lat' dir='ltr'><strong>dixeris.</strong></span> <span class='ocrx_word' id='word_1_708' title='bbox 1391 5420 1534 5473; x_wconf 88' lang='lat' dir='ltr'><strong>Nam</strong></span> <span class='ocrx_word' id='word_1_709' title='bbox 1583 5419 1664 5472; x_wconf 89' lang='lat' dir='ltr'><strong>ita</strong></span> <span class='ocrx_word' id='word_1_710' title='bbox 1709 5434 1900 5484; x_wconf 89' lang='lat' dir='ltr'><strong>sanus,</strong></span> <span class='ocrx_word' id='word_1_711' title='bbox 1965 5418 2048 5472; x_wconf 89' lang='lat' dir='ltr'><strong>ita</strong></span> 
     </span>
    </p>
   </div>
   <div class='ocr_carea' id='block_1_101' title="bbox 451 5507 2047 5577">
    <p class='ocr_par' dir='ltr' id='par_1_101' title="bbox 451 5507 2047 5577">
     <span class='ocr_line' id='line_1_101' title="bbox 451 5507 2047 5577; baseline -0.003 -11"><span class='ocrx_word' id='word_1_712' title='bbox 451 5511 706 5566; x_wconf 87' lang='lat' dir='ltr'><strong>concisus</strong></span> <span class='ocrx_word' id='word_1_713' title='bbox 734 5509 824 5564; x_wconf 93' lang='lat' dir='ltr'><strong>hic</strong></span> <span class='ocrx_word' id='word_1_714' title='bbox 849 5509 1147 5564; x_wconf 89' lang='lat' dir='ltr'><strong>Cassianus</strong></span> <span class='ocrx_word' id='word_1_715' title='bbox 1167 5513 1270 5576; x_wconf 90' lang='lat' dir='ltr'><strong>est,</strong></span> <span class='ocrx_word' id='word_1_716' title='bbox 1302 5513 1368 5563; x_wconf 90' lang='lat' dir='ltr'><strong>ut</strong></span> <span class='ocrx_word' id='word_1_717' title='bbox 1385 5507 1538 5563; x_wconf 92' lang='lat' dir='ltr'><strong>nullo</strong></span> <span class='ocrx_word' id='word_1_718' title='bbox 1569 5507 1885 5576; x_wconf 68' lang='lat' dir='ltr'><strong>Pelagiana:</strong></span> <span class='ocrx_word' id='word_1_719' title='bbox 1909 5522 2047 5577; x_wconf 65' lang='lat' dir='ltr'><strong>prae—</strong></span> 
     </span>
    </p>
   </div>
   <div class='ocr_carea' id='block_1_102' title="bbox 451 5594 2046 5666">
    <p class='ocr_par' dir='ltr' id='par_1_102' title="bbox 451 5594 2046 5666">
     <span class='ocr_line' id='line_1_102' title="bbox 451 5594 2046 5666; baseline -0.004 -12"><span class='ocrx_word' id='word_1_720' title='bbox 451 5598 696 5654; x_wconf 70' lang='lat' dir='ltr'><strong>fldentia:</strong></span> <span class='ocrx_word' id='word_1_721' title='bbox 727 5597 899 5653; x_wconf 89' lang='lat' dir='ltr'><strong>nimio</strong></span> <span class='ocrx_word' id='word_1_722' title='bbox 917 5598 1130 5653; x_wconf 80' lang='lat' dir='ltr'><strong>fervore</strong></span> <span class='ocrx_word' id='word_1_723' title='bbox 1153 5613 1296 5652; x_wconf 86' lang='lat' dir='ltr'><strong>vena</strong></span> <span class='ocrx_word' id='word_1_724' title='bbox 1314 5595 1501 5663; x_wconf 91' lang='lat' dir='ltr'><strong>micet,</strong></span> <span class='ocrx_word' id='word_1_725' title='bbox 1526 5595 1696 5650; x_wconf 90' lang='lat' dir='ltr'><strong>nullis</strong></span> <span class='ocrx_word' id='word_1_726' title='bbox 1710 5594 2046 5666; x_wconf 81' lang='lat' dir='ltr'><strong>prolixitatis</strong></span> 
     </span>
    </p>
   </div>
   <div class='ocr_carea' id='block_1_103' title="bbox 451 5680 2045 5754">
    <p class='ocr_par' dir='ltr' id='par_1_103' title="bbox 451 5680 2045 5754">
     <span class='ocr_line' id='line_1_103' title="bbox 451 5680 2045 5754; baseline -0.003 -11"><span class='ocrx_word' id='word_1_727' title='bbox 451 5684 724 5744; x_wconf 85' lang='lat' dir='ltr'><strong>cincinnis</strong></span> <span class='ocrx_word' id='word_1_728' title='bbox 744 5685 1008 5743; x_wconf 80' lang='lat' dir='ltr'><strong>exuberet</strong></span> <span class='ocrx_word' id='word_1_729' title='bbox 1023 5685 1315 5742; x_wconf 80' lang='lat' dir='ltr'><strong>fastidiosa</strong></span> <span class='ocrx_word' id='word_1_730' title='bbox 1331 5681 1610 5741; x_wconf 82' lang='lat' dir='ltr'><strong>facundia.</strong></span> <span class='ocrx_word' id='word_1_731' title='bbox 1633 5680 1907 5754; x_wconf 86' lang='lat' dir='ltr'><strong>Equidem</strong></span> <span class='ocrx_word' id='word_1_732' title='bbox 1930 5697 2045 5738; x_wconf 89' lang='lat' dir='ltr'><strong>non</strong></span> 
     </span>
    </p>
   </div>
   <div class='ocr_carea' id='block_1_104' title="bbox 2131 4633 2277 4674">
    <p class='ocr_par' dir='ltr' id='par_1_104' title="bbox 2131 4633 2277 4674">
     <span class='ocr_line' id='line_1_104' title="bbox 2131 4633 2277 4674; baseline 0.027 -4"><span class='ocrx_word' id='word_1_733' title='bbox 2131 4633 2256 4672; x_wconf 84' lang='lat' dir='ltr'><strong>rere</strong></span> <span class='ocrx_word' id='word_1_734' title='bbox 2265 4662 2277 4674; x_wconf 91' lang='lat'><strong>.</strong></span> 
     </span>
    </p>
   </div>
   <div class='ocr_carea' id='block_1_105' title="bbox 2185 4706 3720 4782">
    <p class='ocr_par' dir='ltr' id='par_1_105' title="bbox 2185 4706 3720 4782">
     <span class='ocr_line' id='line_1_105' title="bbox 2185 4706 3720 4782; baseline 0.006 -22"><span class='ocrx_word' id='word_1_735' title='bbox 2185 4706 2386 4762; x_wconf 90' lang='lat' dir='ltr'><strong>Petrus</strong></span> <span class='ocrx_word' id='word_1_736' title='bbox 2401 4707 3079 4782; x_wconf 73' lang='lat' dir='ltr'><strong>Ciacconius,praefatione</strong></span> <span class='ocrx_word' id='word_1_737' title='bbox 3090 4712 3160 4767; x_wconf 89' lang='lat' dir='ltr'><strong>ad</strong></span> <span class='ocrx_word' id='word_1_738' title='bbox 3171 4713 3433 4769; x_wconf 91' lang='lat' dir='ltr'><strong>lectorem</strong></span> <span class='ocrx_word' id='word_1_739' title='bbox 3448 4715 3720 4782; x_wconf 89' lang='lat' dir='ltr'><strong>Cassiani,</strong></span> 
     </span>
    </p>
   </div>
   <div class='ocr_carea' id='block_1_106' title="bbox 2130 4794 3727 4874">
    <p class='ocr_par' dir='ltr' id='par_1_106' title="bbox 2130 4794 3727 4874">
     <span class='ocr_line' id='line_1_106' title="bbox 2130 4794 3727 4874; baseline 0.006 -26"><span class='ocrx_word' id='word_1_740' title='bbox 2130 4794 2301 4849; x_wconf 87' lang='lat' dir='ltr'><strong>refert</strong></span> <span class='ocrx_word' id='word_1_741' title='bbox 2319 4795 2378 4850; x_wconf 92' lang='lat' dir='ltr'><strong>in</strong></span> <span class='ocrx_word' id='word_1_742' title='bbox 2406 4796 2674 4853; x_wconf 76' lang='lat' dir='ltr'><strong>Vaticina</strong></span> <span class='ocrx_word' id='word_1_743' title='bbox 2695 4797 3030 4855; x_wconf 89' lang='lat' dir='ltr'><strong>bibliotheca</strong></span> <span class='ocrx_word' id='word_1_744' title='bbox 3044 4802 3396 4858; x_wconf 82' lang='lat' dir='ltr'><strong>collectiones</strong></span> <span class='ocrx_word' id='word_1_745' title='bbox 3409 4803 3640 4874; x_wconf 91' lang='lat' dir='ltr'><strong>aliquot,</strong></span> <span class='ocrx_word' id='word_1_746' title='bbox 3669 4810 3727 4858; x_wconf 89' lang='lat' dir='ltr'><strong>et</strong></span> 
     </span>
    </p>
   </div>
   <div class='ocr_carea' id='block_1_107' title="bbox 2132 4886 3727 4956">
    <p class='ocr_par' dir='ltr' id='par_1_107' title="bbox 2132 4886 3727 4956">
     <span class='ocr_line' id='line_1_107' title="bbox 2132 4886 3727 4956; baseline 0.006 -18"><span class='ocrx_word' id='word_1_747' title='bbox 2132 4889 2255 4939; x_wconf 92' lang='lat' dir='ltr'><strong>octo</strong></span> <span class='ocrx_word' id='word_1_748' title='bbox 2285 4890 2598 4956; x_wconf 89' lang='lat' dir='ltr'><strong>postremos</strong></span> <span class='ocrx_word' id='word_1_749' title='bbox 2613 4886 2785 4942; x_wconf 88' lang='lat' dir='ltr'><strong>libros</strong></span> <span class='ocrx_word' id='word_1_750' title='bbox 2808 4889 3231 4946; x_wconf 88' lang='lat' dir='ltr'><strong>Institutionum</strong></span> <span class='ocrx_word' id='word_1_751' title='bbox 3262 4891 3321 4946; x_wconf 92' lang='lat' dir='ltr'><strong>in</strong></span> <span class='ocrx_word' id='word_1_752' title='bbox 3341 4892 3590 4947; x_wconf 67' lang='lat' dir='ltr'><strong>Graecam</strong></span> <span class='ocrx_word' id='word_1_753' title='bbox 3620 4893 3727 4948; x_wconf 87' lang='lat' dir='ltr'><strong>lin-</strong></span> 
     </span>
    </p>
   </div>
   <div class='ocr_carea' id='block_1_108' title="bbox 2129 4977 3726 5052">
    <p class='ocr_par' dir='ltr' id='par_1_108' title="bbox 2129 4977 3726 5052">
     <span class='ocr_line' id='line_1_108' title="bbox 2129 4977 3726 5052; baseline 0.006 -25"><span class='ocrx_word' id='word_1_754' title='bbox 2129 4989 2300 5044; x_wconf 88' lang='lat' dir='ltr'><strong>guam</strong></span> <span class='ocrx_word' id='word_1_755' title='bbox 2321 4990 2613 5030; x_wconf 90' lang='lat' dir='ltr'><strong>conversos</strong></span> <span class='ocrx_word' id='word_1_756' title='bbox 2633 4991 2774 5042; x_wconf 87' lang='lat' dir='ltr'><strong>esse,</strong></span> <span class='ocrx_word' id='word_1_757' title='bbox 2796 4977 2894 5032; x_wconf 89' lang='lat' dir='ltr'><strong>sed</strong></span> <span class='ocrx_word' id='word_1_758' title='bbox 2913 4977 2972 5032; x_wconf 92' lang='lat' dir='ltr'><strong>in</strong></span> <span class='ocrx_word' id='word_1_759' title='bbox 2992 4979 3381 5050; x_wconf 88' lang='lat' dir='ltr'><strong>compendium</strong></span> <span class='ocrx_word' id='word_1_760' title='bbox 3405 4982 3590 5052; x_wconf 91' lang='lat' dir='ltr'><strong>potius</strong></span> <span class='ocrx_word' id='word_1_761' title='bbox 3631 4999 3692 5037; x_wconf 89' lang='lat' dir='ltr'><strong>re</strong></span> <span class='ocrx_word' id='word_1_762' title='bbox 3709 5012 3726 5024; x_wconf 84' lang='lat'><strong>-</strong></span> 
     </span>
    </p>
   </div>
   <div class='ocr_carea' id='block_1_109' title="bbox 2131 5062 3726 5140">
    <p class='ocr_par' dir='ltr' id='par_1_109' title="bbox 2131 5062 3726 5140">
     <span class='ocr_line' id='line_1_109' title="bbox 2131 5062 3726 5140; baseline 0.007 -24"><span class='ocrx_word' id='word_1_763' title='bbox 2131 5062 2341 5128; x_wconf 91' lang='lat' dir='ltr'><strong>dactos,</strong></span> <span class='ocrx_word' id='word_1_764' title='bbox 2378 5079 2547 5134; x_wconf 88' lang='lat' dir='ltr'><strong>quam</strong></span> <span class='ocrx_word' id='word_1_765' title='bbox 2573 5063 2791 5135; x_wconf 86' lang='lat' dir='ltr'><strong>integre</strong></span> <span class='ocrx_word' id='word_1_766' title='bbox 2809 5081 3120 5135; x_wconf 85' lang='lat' dir='ltr'><strong>conversos,</strong></span> <span class='ocrx_word' id='word_1_767' title='bbox 3145 5085 3310 5140; x_wconf 91' lang='lat' dir='ltr'><strong>quem</strong></span> <span class='ocrx_word' id='word_1_768' title='bbox 3339 5085 3405 5124; x_wconf 90' lang='lat' dir='ltr'><strong>ea</strong></span> <span class='ocrx_word' id='word_1_769' title='bbox 3433 5069 3502 5124; x_wconf 84' lang='lat' dir='ltr'><strong>de</strong></span> <span class='ocrx_word' id='word_1_770' title='bbox 3527 5087 3588 5126; x_wconf 93' lang='lat' dir='ltr'><strong>re</strong></span> <span class='ocrx_word' id='word_1_771' title='bbox 3613 5071 3726 5126; x_wconf 89' lang='lat' dir='ltr'><strong>dis-</strong></span> 
     </span>
    </p>
   </div>
   <div class='ocr_carea' id='block_1_110' title="bbox 2131 5153 3122 5228">
    <p class='ocr_par' dir='ltr' id='par_1_110' title="bbox 2131 5153 3122 5228">
     <span class='ocr_line' id='line_1_110' title="bbox 2131 5153 3122 5228; baseline 0.007 -22"><span class='ocrx_word' id='word_1_772' title='bbox 2131 5157 2410 5207; x_wconf 87' lang='lat' dir='ltr'><strong>serentem</strong></span> <span class='ocrx_word' id='word_1_773' title='bbox 2443 5153 2627 5224; x_wconf 82' lang='lat' dir='ltr'><strong>legere</strong></span> <span class='ocrx_word' id='word_1_774' title='bbox 2658 5155 2896 5228; x_wconf 90' lang='lat' dir='ltr'><strong>quisque</strong></span> <span class='ocrx_word' id='word_1_775' title='bbox 2919 5163 3122 5228; x_wconf 86' lang='lat' dir='ltr'><strong>potest.</strong></span> 
     </span>
    </p>
   </div>
   <div class='ocr_carea' id='block_1_111' title="bbox 2486 5277 3362 5340">
    <p class='ocr_par' dir='ltr' id='par_1_111' title="bbox 2486 5277 3362 5340">
     <span class='ocr_line' id='line_1_111' title="bbox 2486 5277 3362 5340; baseline 0.01 -9"><span class='ocrx_word' id='word_1_776' title='bbox 2486 5277 3170 5340; x_wconf 86' lang='lat' dir='ltr'><strong>PROLEGOMENON</strong></span> <span class='ocrx_word' id='word_1_777' title='bbox 3224 5285 3362 5340; x_wconf 93' lang='lat' dir='ltr'><strong>VII.</strong></span> 
     </span>
    </p>
   </div>
   <div class='ocr_carea' id='block_1_112' title="bbox 2541 5385 3314 5454">
    <p class='ocr_par' dir='ltr' id='par_1_112' title="bbox 2541 5385 3314 5454">
     <span class='ocr_line' id='line_1_112' title="bbox 2541 5385 3314 5454; baseline 0.01 -17"><span class='ocrx_word' id='word_1_778' title='bbox 2541 5385 2672 5452; x_wconf 71' lang='lat' dir='ltr'><strong>Qui:</strong></span> <span class='ocrx_word' id='word_1_779' title='bbox 2699 5389 2888 5454; x_wconf 86' lang='lat' dir='ltr'><strong>quinti</strong></span> <span class='ocrx_word' id='word_1_780' title='bbox 2911 5390 3048 5443; x_wconf 81' lang='lat' dir='ltr'><strong>libri</strong></span> <span class='ocrx_word' id='word_1_781' title='bbox 3073 5396 3268 5445; x_wconf 84' lang='lat' dir='ltr'><strong>auctor</strong></span> <span class='ocrx_word' id='word_1_782' title='bbox 3289 5397 3314 5445; x_wconf 69' lang='grc' dir='ltr'><em>ν</em></span> 
     </span>
    </p>
   </div>
   <div class='ocr_carea' id='block_1_113' title="bbox 2197 5507 3264 5572">
    <p class='ocr_par' dir='ltr' id='par_1_113' title="bbox 2197 5507 3264 5572">
     <span class='ocr_line' id='line_1_113' title="bbox 2197 5507 3264 5572; baseline 0.005 -10"><span class='ocrx_word' id='word_1_783' title='bbox 2197 5507 2333 5562; x_wconf 89' lang='lat' dir='ltr'><strong>Dico</strong></span> <span class='ocrx_word' id='word_1_784' title='bbox 2356 5525 2368 5561; x_wconf 98' lang='lat'><strong>:</strong></span> <span class='ocrx_word' id='word_1_785' title='bbox 2407 5507 2600 5572; x_wconf 89' lang='lat' dir='ltr'><strong>Quinti</strong></span> <span class='ocrx_word' id='word_1_786' title='bbox 2626 5507 2754 5564; x_wconf 89' lang='lat' dir='ltr'><strong>libri</strong></span> <span class='ocrx_word' id='word_1_787' title='bbox 2775 5518 2972 5566; x_wconf 87' lang='lat' dir='ltr'><strong>auctor</strong></span> <span class='ocrx_word' id='word_1_788' title='bbox 2997 5513 3264 5570; x_wconf 90' lang='lat' dir='ltr'><strong>incertus.</strong></span> 
     </span>
    </p>
   </div>
   <div class='ocr_carea' id='block_1_114' title="bbox 2201 5593 3716 5680">
    <p class='ocr_par' dir='ltr' id='par_1_114' title="bbox 2201 5593 3716 5680">
     <span class='ocr_line' id='line_1_114' title="bbox 2201 5593 3716 5680; baseline 0.009 -29"><span class='ocrx_word' id='word_1_789' title='bbox 2201 5593 2250 5652; x_wconf 88' lang='grc'><strong>1.</strong></span> <span class='ocrx_word' id='word_1_790' title='bbox 2283 5595 2428 5659; x_wconf 88' lang='lat' dir='ltr'><strong>Quia</strong></span> <span class='ocrx_word' id='word_1_791' title='bbox 2450 5595 2794 5666; x_wconf 88' lang='lat' dir='ltr'><strong>Sigebertus,</strong></span> <span class='ocrx_word' id='word_1_792' title='bbox 2821 5599 2891 5654; x_wconf 91' lang='lat' dir='ltr'><strong>de</strong></span> <span class='ocrx_word' id='word_1_793' title='bbox 2915 5600 3118 5656; x_wconf 87' lang='lat' dir='ltr'><strong>illustr.</strong></span> <span class='ocrx_word' id='word_1_794' title='bbox 3144 5603 3400 5660; x_wconf 63' lang='lat' dir='ltr'><strong>Ecclesia:</strong></span> <span class='ocrx_word' id='word_1_795' title='bbox 3422 5607 3673 5680; x_wconf 84' lang='lat' dir='ltr'><strong>Scriptor</strong></span> <span class='ocrx_word' id='word_1_796' title='bbox 3701 5651 3716 5676; x_wconf 91' lang='lat'><strong>,</strong></span> 
     </span>
    </p>
   </div>
   <div class='ocr_carea' id='block_1_115' title="bbox 2125 5680 3721 5757">
    <p class='ocr_par' dir='ltr' id='par_1_115' title="bbox 2125 5680 3721 5757">
     <span class='ocr_line' id='line_1_115' title="bbox 2125 5680 3721 5757; baseline 0.01 -20"><span class='ocrx_word' id='word_1_797' title='bbox 2125 5680 2185 5737; x_wconf 90' lang='lat' dir='ltr'><strong>in</strong></span> <span class='ocrx_word' id='word_1_798' title='bbox 2211 5680 2458 5753; x_wconf 84' lang='lat' dir='ltr'><strong>Pelagio,</strong></span> <span class='ocrx_word' id='word_1_799' title='bbox 2491 5699 2614 5757; x_wconf 84' lang='lat' dir='ltr'><strong>cap.</strong></span> <span class='ocrx_word' id='word_1_800' title='bbox 2644 5683 2768 5755; x_wconf 74' lang='grc'><strong>116,</strong></span> <span class='ocrx_word' id='word_1_801' title='bbox 2799 5685 3007 5744; x_wconf 87' lang='lat' dir='ltr'><strong>librum</strong></span> <span class='ocrx_word' id='word_1_802' title='bbox 3035 5702 3165 5746; x_wconf 88' lang='lat' dir='ltr'><strong>eum</strong></span> <span class='ocrx_word' id='word_1_803' title='bbox 3193 5698 3352 5748; x_wconf 90' lang='lat' dir='ltr'><strong>vocat</strong></span> <span class='ocrx_word' id='word_1_804' title='bbox 3394 5696 3466 5750; x_wconf 78' lang='lat' dir='ltr'><strong>De</strong></span> <span class='ocrx_word' id='word_1_805' title='bbox 3513 5700 3628 5752; x_wconf 66' lang='lat' dir='ltr'><strong>vita</strong></span> <span class='ocrx_word' id='word_1_806' title='bbox 3667 5707 3721 5754; x_wconf 80' lang='lat' dir='ltr'><strong>et</strong></span> 
     </span>
    </p>
   </div>
  </div>
