  <div class='ocr_page' id='page_1' title='image "/cluster/home/n/w/nwhite01/storage/ocr_20150623/73/umn.31951002477366m/028.png"; bbox 0 0 3958 6422; ppageno 0'>
   <div class='ocr_carea' id='block_1_1' title="bbox 207 412 2236 475">
    <p class='ocr_par' dir='ltr' id='par_1_1' title="bbox 207 412 2236 475">
     <span class='ocr_line' id='line_1_1' title="bbox 207 412 2236 475; baseline -0.001 -4"><span class='ocrx_word' id='word_1_1' title='bbox 207 416 269 475; x_wconf 70' lang='grc'>41</span> <span class='ocrx_word' id='word_1_2' title='bbox 1455 412 2051 473; x_wconf 87' lang='lat' dir='ltr'>PROLEGOMENON</span> <span class='ocrx_word' id='word_1_3' title='bbox 2086 414 2236 469; x_wconf 84' lang='lat' dir='ltr'>VIII.</span> 
     </span>
    </p>
   </div>
   <div class='ocr_carea' id='block_1_2' title="bbox 3409 421 3482 480">
    <p class='ocr_par' dir='ltr' id='par_1_2' title="bbox 3409 421 3482 480">
     <span class='ocr_line' id='line_1_2' title="bbox 3409 421 3482 480; baseline 0.055 -4"><span class='ocrx_word' id='word_1_4' title='bbox 3409 421 3482 480; x_wconf 72' lang='grc'>42</span> 
     </span>
    </p>
   </div>
   <div class='ocr_carea' id='block_1_3' title="bbox 209 532 3479 614">
    <p class='ocr_par' dir='ltr' id='par_1_3' title="bbox 209 532 3479 614">
     <span class='ocr_line' id='line_1_3' title="bbox 209 532 3479 614; baseline 0.002 -21"><span class='ocrx_word' id='word_1_5' title='bbox 209 540 462 594; x_wconf 75' lang='lat' dir='ltr'>doctrina</span> <span class='ocrx_word' id='word_1_6' title='bbox 489 542 539 592; x_wconf 81' lang='lat' dir='ltr'>et</span> <span class='ocrx_word' id='word_1_7' title='bbox 563 537 896 607; x_wconf 80' lang='lat' dir='ltr'>perfectione</span> <span class='ocrx_word' id='word_1_8' title='bbox 914 532 1011 591; x_wconf 89' lang='lat' dir='ltr'>SS.</span> <span class='ocrx_word' id='word_1_9' title='bbox 1032 536 1287 603; x_wconf 80' lang='lat' dir='ltr'>Patrum,</span> <span class='ocrx_word' id='word_1_10' title='bbox 1307 554 1408 594; x_wconf 90' lang='lat' dir='ltr'>nec</span> <span class='ocrx_word' id='word_1_11' title='bbox 1431 542 1677 598; x_wconf 80' lang='lat' dir='ltr'>auctoris</span> <span class='ocrx_word' id='word_1_12' title='bbox 1697 558 1800 596; x_wconf 93' lang='lat' dir='ltr'>no-</span> <span class='ocrx_word' id='word_1_13' title='bbox 1816 541 2310 607; x_wconf 79' lang='lat' dir='ltr'>Asententiarum,</span> <span class='ocrx_word' id='word_1_14' title='bbox 2333 556 2503 610; x_wconf 87' lang='lat' dir='ltr'>quem</span> <span class='ocrx_word' id='word_1_15' title='bbox 2525 556 2629 611; x_wconf 89' lang='lat' dir='ltr'>ego</span> <span class='ocrx_word' id='word_1_16' title='bbox 2657 541 2920 597; x_wconf 84' lang='lat' dir='ltr'>Latinum</span> <span class='ocrx_word' id='word_1_17' title='bbox 2948 542 3163 614; x_wconf 91' lang='lat' dir='ltr'>primus</span> <span class='ocrx_word' id='word_1_18' title='bbox 3192 542 3314 600; x_wconf 83' lang='lat' dir='ltr'>feci.</span> <span class='ocrx_word' id='word_1_19' title='bbox 3333 546 3479 601; x_wconf 88' lang='lat' dir='ltr'>Nam</span> 
     </span>
    </p>
   </div>
   <div class='ocr_carea' id='block_1_4' title="bbox 213 624 878 698">
    <p class='ocr_par' dir='ltr' id='par_1_4' title="bbox 213 624 878 698">
     <span class='ocr_line' id='line_1_4' title="bbox 213 624 878 698; baseline -0.008 -16"><span class='ocrx_word' id='word_1_20' title='bbox 213 643 337 682; x_wconf 89' lang='lat' dir='ltr'>men</span> <span class='ocrx_word' id='word_1_21' title='bbox 358 624 643 698; x_wconf 82' lang='lat' dir='ltr'>exprimit.</span> <span class='ocrx_word' id='word_1_22' title='bbox 867 674 878 685; x_wconf 80' lang='grc'><em>,</em></span> 
     </span>
    </p>
   </div>
   <div class='ocr_carea' id='block_1_5' title="bbox 276 713 1801 786">
    <p class='ocr_par' dir='ltr' id='par_1_5' title="bbox 276 713 1801 786">
     <span class='ocr_line' id='line_1_5' title="bbox 276 713 1801 786; baseline 0.004 -17"><span class='ocrx_word' id='word_1_23' title='bbox 276 715 330 770; x_wconf 79' lang='lat'>2.</span> <span class='ocrx_word' id='word_1_24' title='bbox 365 716 511 780; x_wconf 88' lang='lat' dir='ltr'>Quia</span> <span class='ocrx_word' id='word_1_25' title='bbox 549 714 723 771; x_wconf 88' lang='lat' dir='ltr'>etiam</span> <span class='ocrx_word' id='word_1_26' title='bbox 762 714 822 769; x_wconf 92' lang='lat' dir='ltr'>in</span> <span class='ocrx_word' id='word_1_27' title='bbox 862 713 1049 769; x_wconf 88' lang='lat' dir='ltr'>Photii</span> <span class='ocrx_word' id='word_1_28' title='bbox 1091 713 1455 786; x_wconf 82' lang='lat' dir='ltr'>Bibliotheca,</span> <span class='ocrx_word' id='word_1_29' title='bbox 1505 720 1641 775; x_wconf 91' lang='lat' dir='ltr'>Cod.</span> <span class='ocrx_word' id='word_1_30' title='bbox 1673 718 1801 785; x_wconf 84' lang='grc'>198,</span> 
     </span>
    </p>
   </div>
   <div class='ocr_carea' id='block_1_6' title="bbox 212 802 1801 880">
    <p class='ocr_par' dir='ltr' id='par_1_6' title="bbox 212 802 1801 880">
     <span class='ocr_line' id='line_1_6' title="bbox 212 802 1801 880; baseline 0.001 -20"><span class='ocrx_word' id='word_1_31' title='bbox 212 806 330 860; x_wconf 86' lang='lat' dir='ltr'>sine</span> <span class='ocrx_word' id='word_1_32' title='bbox 373 804 617 861; x_wconf 83' lang='lat' dir='ltr'>auctoris</span> <span class='ocrx_word' id='word_1_33' title='bbox 663 803 892 859; x_wconf 86' lang='lat' dir='ltr'>nomine</span> <span class='ocrx_word' id='word_1_34' title='bbox 933 802 1138 858; x_wconf 75' lang='lat' dir='ltr'>citetur</span> <span class='ocrx_word' id='word_1_35' title='bbox 1177 822 1188 857; x_wconf 91' lang='lat'><strong>:</strong></span> <span class='ocrx_word' id='word_1_36' title='bbox 1244 803 1557 879; x_wconf 67' lang='grc' dir='ltr'>Ἀνεγνώσοη</span> <span class='ocrx_word' id='word_1_37' title='bbox 1609 804 1801 880; x_wconf 78' lang='grc' dir='ltr'>ἀνδρῶν</span> 
     </span>
    </p>
   </div>
   <div class='ocr_carea' id='block_1_7' title="bbox 212 892 1801 965">
    <p class='ocr_par' dir='ltr' id='par_1_7' title="bbox 212 892 1801 965">
     <span class='ocr_line' id='line_1_7' title="bbox 212 892 1801 965; baseline 0.004 -18"><span class='ocrx_word' id='word_1_38' title='bbox 212 895 362 965; x_wconf 76' lang='grc' dir='ltr'>ἁγίων</span> <span class='ocrx_word' id='word_1_39' title='bbox 392 895 557 964; x_wconf 76' lang='grc' dir='ltr'>βίϐλος</span> <span class='ocrx_word' id='word_1_40' title='bbox 590 911 603 945; x_wconf 92' lang='lat'>:</span> <span class='ocrx_word' id='word_1_41' title='bbox 636 895 820 949; x_wconf 80' lang='lat' dir='ltr'>Lectus</span> <span class='ocrx_word' id='word_1_42' title='bbox 847 898 921 947; x_wconf 80' lang='lat' dir='ltr'>est</span> <span class='ocrx_word' id='word_1_43' title='bbox 944 892 1311 949; x_wconf 79' lang='lat' dir='ltr'>SS.vi-rorum</span> <span class='ocrx_word' id='word_1_44' title='bbox 1341 898 1499 952; x_wconf 83' lang='lat' dir='ltr'>liber.</span> <span class='ocrx_word' id='word_1_45' title='bbox 1531 898 1801 952; x_wconf 90' lang='lat' dir='ltr'>Eumdem</span> 
     </span>
    </p>
   </div>
   <div class='ocr_carea' id='block_1_8' title="bbox 212 983 1796 1055">
    <p class='ocr_par' dir='ltr' id='par_1_8' title="bbox 212 983 1796 1055">
     <span class='ocr_line' id='line_1_8' title="bbox 212 983 1796 1055; baseline 0.003 -17"><span class='ocrx_word' id='word_1_46' title='bbox 212 983 464 1038; x_wconf 67' lang='lat' dir='ltr'>Graecum</span> <span class='ocrx_word' id='word_1_47' title='bbox 496 999 639 1044; x_wconf 88' lang='lat' dir='ltr'>esse,</span> <span class='ocrx_word' id='word_1_48' title='bbox 673 998 802 1036; x_wconf 91' lang='lat' dir='ltr'><strong>cum</strong></span> <span class='ocrx_word' id='word_1_49' title='bbox 846 998 911 1037; x_wconf 90' lang='lat' dir='ltr'>eo</span> <span class='ocrx_word' id='word_1_50' title='bbox 941 998 1110 1053; x_wconf 88' lang='lat' dir='ltr'><strong>quem</strong></span> <span class='ocrx_word' id='word_1_51' title='bbox 1139 998 1242 1037; x_wconf 90' lang='lat' dir='ltr'>nos</span> <span class='ocrx_word' id='word_1_52' title='bbox 1274 983 1474 1040; x_wconf 83' lang='lat' dir='ltr'>Latine</span> <span class='ocrx_word' id='word_1_53' title='bbox 1504 986 1796 1055; x_wconf 88' lang='lat' dir='ltr'>habemus,</span> 
     </span>
    </p>
   </div>
   <div class='ocr_carea' id='block_1_9' title="bbox 212 1070 841 1128">
    <p class='ocr_par' dir='ltr' id='par_1_9' title="bbox 212 1070 841 1128">
     <span class='ocr_line' id='line_1_9' title="bbox 212 1070 841 1128; baseline -0.003 -1"><span class='ocrx_word' id='word_1_54' title='bbox 212 1089 275 1127; x_wconf 92' lang='lat' dir='ltr'>eo</span> <span class='ocrx_word' id='word_1_55' title='bbox 302 1073 424 1128; x_wconf 89' lang='lat' dir='ltr'>loco</span> <span class='ocrx_word' id='word_1_56' title='bbox 451 1070 841 1127; x_wconf 87' lang='lat' dir='ltr'>manifestabo.</span> 
     </span>
    </p>
   </div>
   <div class='ocr_carea' id='block_1_10' title="bbox 277 1160 1804 1232">
    <p class='ocr_par' dir='ltr' id='par_1_10' title="bbox 277 1160 1804 1232">
     <span class='ocr_line' id='line_1_10' title="bbox 277 1160 1804 1232; baseline 0.003 -15"><span class='ocrx_word' id='word_1_57' title='bbox 277 1161 633 1232; x_wconf 85' lang='lat' dir='ltr'>Margarinus</span> <span class='ocrx_word' id='word_1_58' title='bbox 651 1161 720 1216; x_wconf 89' lang='lat' dir='ltr'>de</span> <span class='ocrx_word' id='word_1_59' title='bbox 734 1160 789 1215; x_wconf 90' lang='lat' dir='ltr'>la</span> <span class='ocrx_word' id='word_1_60' title='bbox 816 1160 1010 1231; x_wconf 90' lang='lat' dir='ltr'>Bigne,</span> <span class='ocrx_word' id='word_1_61' title='bbox 1026 1161 1281 1232; x_wconf 84' lang='lat' dir='ltr'>catalogo</span> <span class='ocrx_word' id='word_1_62' title='bbox 1307 1179 1407 1217; x_wconf 93' lang='lat' dir='ltr'>seu</span> <span class='ocrx_word' id='word_1_63' title='bbox 1430 1163 1614 1220; x_wconf 86' lang='lat' dir='ltr'>indice</span> <span class='ocrx_word' id='word_1_64' title='bbox 1644 1167 1804 1220; x_wconf 88' lang='lat' dir='ltr'>chro-</span> 
     </span>
    </p>
   </div>
   <div class='ocr_carea' id='block_1_11' title="bbox 204 1249 1801 1322">
    <p class='ocr_par' dir='ltr' id='par_1_11' title="bbox 204 1249 1801 1322">
     <span class='ocr_line' id='line_1_11' title="bbox 204 1249 1801 1322; baseline 0.003 -17"><span class='ocrx_word' id='word_1_65' title='bbox 204 1251 458 1322; x_wconf 88' lang='lat' dir='ltr'>nologico</span> <span class='ocrx_word' id='word_1_66' title='bbox 479 1250 539 1305; x_wconf 90' lang='lat' dir='ltr'>in</span> <span class='ocrx_word' id='word_1_67' title='bbox 571 1249 974 1305; x_wconf 89' lang='lat' dir='ltr'>Bibliothecam</span> <span class='ocrx_word' id='word_1_68' title='bbox 1010 1249 1265 1317; x_wconf 80' lang='lat' dir='ltr'>Patrum,</span> <span class='ocrx_word' id='word_1_69' title='bbox 1292 1254 1492 1308; x_wconf 69' lang='lat' dir='ltr'>saeculo</span> <span class='ocrx_word' id='word_1_70' title='bbox 1530 1271 1583 1320; x_wconf 86' lang='lat' dir='ltr'>v,</span> <span class='ocrx_word' id='word_1_71' title='bbox 1617 1256 1801 1310; x_wconf 83' lang='lat' dir='ltr'>existi-</span> 
     </span>
    </p>
   </div>
   <div class='ocr_carea' id='block_1_12' title="bbox 207 1338 1800 1414">
    <p class='ocr_par' dir='ltr' id='par_1_12' title="bbox 207 1338 1800 1414">
     <span class='ocr_line' id='line_1_12' title="bbox 207 1338 1800 1414; baseline 0.003 -20"><span class='ocrx_word' id='word_1_72' title='bbox 207 1344 328 1395; x_wconf 87' lang='lat' dir='ltr'>mat</span> <span class='ocrx_word' id='word_1_73' title='bbox 356 1340 652 1410; x_wconf 87' lang='lat' dir='ltr'>Evagrium</span> <span class='ocrx_word' id='word_1_74' title='bbox 683 1344 969 1394; x_wconf 85' lang='lat' dir='ltr'>auctorem</span> <span class='ocrx_word' id='word_1_75' title='bbox 988 1354 1110 1393; x_wconf 89' lang='lat' dir='ltr'>esse</span> <span class='ocrx_word' id='word_1_76' title='bbox 1134 1338 1319 1409; x_wconf 85' lang='lat' dir='ltr'>operis</span> <span class='ocrx_word' id='word_1_77' title='bbox 1339 1342 1488 1411; x_wconf 90' lang='lat' dir='ltr'>quod</span> <span class='ocrx_word' id='word_1_78' title='bbox 1509 1343 1627 1414; x_wconf 91' lang='lat' dir='ltr'>ipse</span> <span class='ocrx_word' id='word_1_79' title='bbox 1647 1349 1800 1399; x_wconf 91' lang='lat' dir='ltr'>tomo</span> 
     </span>
    </p>
   </div>
   <div class='ocr_carea' id='block_1_13' title="bbox 207 1426 1804 1502">
    <p class='ocr_par' dir='ltr' id='par_1_13' title="bbox 207 1426 1804 1502">
     <span class='ocr_line' id='line_1_13' title="bbox 207 1426 1804 1502; baseline 0.003 -18"><span class='ocrx_word' id='word_1_80' title='bbox 207 1429 284 1484; x_wconf 87' lang='lat' dir='ltr'>IX</span> <span class='ocrx_word' id='word_1_81' title='bbox 322 1428 578 1485; x_wconf 70' lang='lat' dir='ltr'>secunda:</span> <span class='ocrx_word' id='word_1_82' title='bbox 613 1427 872 1483; x_wconf 86' lang='lat' dir='ltr'>editionis</span> <span class='ocrx_word' id='word_1_83' title='bbox 910 1427 1088 1482; x_wconf 79' lang='lat' dir='ltr'>edidit</span> <span class='ocrx_word' id='word_1_84' title='bbox 1121 1426 1227 1481; x_wconf 90' lang='lat' dir='ltr'>hoc</span> <span class='ocrx_word' id='word_1_85' title='bbox 1266 1427 1429 1483; x_wconf 85' lang='lat' dir='ltr'>titulo</span> <span class='ocrx_word' id='word_1_86' title='bbox 1464 1449 1475 1484; x_wconf 86' lang='lat'><strong>:</strong></span> <span class='ocrx_word' id='word_1_87' title='bbox 1518 1431 1613 1489; x_wconf 93' lang='lat' dir='ltr'>SS.</span> <span class='ocrx_word' id='word_1_88' title='bbox 1647 1436 1804 1502; x_wconf 64' lang='lat' dir='ltr'>ngy-</span> 
     </span>
    </p>
   </div>
   <div class='ocr_carea' id='block_1_14' title="bbox 198 1516 1802 1591">
    <p class='ocr_par' dir='ltr' id='par_1_14' title="bbox 198 1516 1802 1591">
     <span class='ocr_line' id='line_1_14' title="bbox 198 1516 1802 1591; baseline 0.002 -18"><span class='ocrx_word' id='word_1_89' title='bbox 198 1520 451 1589; x_wconf 82' lang='lat' dir='ltr'>ptiorum</span> <span class='ocrx_word' id='word_1_90' title='bbox 475 1518 937 1574; x_wconf 82' lang='lat' dir='ltr'>anachoretarum</span> <span class='ocrx_word' id='word_1_91' title='bbox 966 1516 1435 1586; x_wconf 79' lang='lat' dir='ltr'>apophthegmata,</span> <span class='ocrx_word' id='word_1_92' title='bbox 1459 1536 1581 1591; x_wconf 84' lang='lat' dir='ltr'>quae</span> <span class='ocrx_word' id='word_1_93' title='bbox 1607 1522 1802 1577; x_wconf 88' lang='lat' dir='ltr'>eadem</span> 
     </span>
    </p>
   </div>
   <div class='ocr_carea' id='block_1_15' title="bbox 205 1606 1799 1681">
    <p class='ocr_par' dir='ltr' id='par_1_15' title="bbox 205 1606 1799 1681">
     <span class='ocr_line' id='line_1_15' title="bbox 205 1606 1799 1681; baseline 0.002 -19"><span class='ocrx_word' id='word_1_94' title='bbox 205 1613 342 1663; x_wconf 91' lang='lat' dir='ltr'>sunt</span> <span class='ocrx_word' id='word_1_95' title='bbox 393 1624 520 1663; x_wconf 90' lang='lat' dir='ltr'>cum</span> <span class='ocrx_word' id='word_1_96' title='bbox 566 1606 709 1662; x_wconf 91' lang='lat' dir='ltr'>libro</span> <span class='ocrx_word' id='word_1_97' title='bbox 745 1607 851 1662; x_wconf 90' lang='lat' dir='ltr'>hoc</span> <span class='ocrx_word' id='word_1_98' title='bbox 896 1624 947 1673; x_wconf 87' lang='lat' dir='ltr'>v,</span> <span class='ocrx_word' id='word_1_99' title='bbox 984 1607 1210 1681; x_wconf 77' lang='lat' dir='ltr'>Pelagio</span> <span class='ocrx_word' id='word_1_100' title='bbox 1251 1608 1577 1681; x_wconf 80' lang='lat' dir='ltr'>interprete,</span> <span class='ocrx_word' id='word_1_101' title='bbox 1620 1617 1677 1666; x_wconf 92' lang='lat' dir='ltr'>et</span> <span class='ocrx_word' id='word_1_102' title='bbox 1721 1626 1799 1679; x_wconf 85' lang='lat' dir='ltr'>vI,</span> 
     </span>
    </p>
   </div>
   <div class='ocr_carea' id='block_1_16' title="bbox 207 1697 1798 1772">
    <p class='ocr_par' dir='ltr' id='par_1_16' title="bbox 207 1697 1798 1772">
     <span class='ocr_line' id='line_1_16' title="bbox 207 1697 1798 1772; baseline 0.002 -20"><span class='ocrx_word' id='word_1_103' title='bbox 207 1698 423 1752; x_wconf 83' lang='lat' dir='ltr'>Joanne</span> <span class='ocrx_word' id='word_1_104' title='bbox 442 1697 767 1768; x_wconf 81' lang='lat' dir='ltr'>interprete.</span> <span class='ocrx_word' id='word_1_105' title='bbox 787 1697 952 1753; x_wconf 83' lang='lat' dir='ltr'>Ratio</span> <span class='ocrx_word' id='word_1_106' title='bbox 981 1699 1103 1770; x_wconf 83' lang='lat' dir='ltr'><strong>ejus</strong></span> <span class='ocrx_word' id='word_1_107' title='bbox 1123 1705 1226 1769; x_wconf 92' lang='lat' dir='ltr'>est,</span> <span class='ocrx_word' id='word_1_108' title='bbox 1253 1699 1402 1772; x_wconf 91' lang='lat' dir='ltr'>quod</span> <span class='ocrx_word' id='word_1_109' title='bbox 1424 1700 1798 1771; x_wconf 87' lang='lat' dir='ltr'>Nicephorus,</span> 
     </span>
    </p>
   </div>
   <div class='ocr_carea' id='block_1_17' title="bbox 1886 630 3483 707">
    <p class='ocr_par' dir='ltr' id='par_1_17' title="bbox 1886 630 3483 707">
     <span class='ocr_line' id='line_1_17' title="bbox 1886 630 3483 707; baseline 0.005 -24"><span class='ocrx_word' id='word_1_110' title='bbox 1886 630 2233 700; x_wconf 88' lang='lat' dir='ltr'>superiorem</span> <span class='ocrx_word' id='word_1_111' title='bbox 2249 630 2383 684; x_wconf 89' lang='lat' dir='ltr'>olim</span> <span class='ocrx_word' id='word_1_112' title='bbox 2408 630 2772 699; x_wconf 88' lang='lat' dir='ltr'>translatum;</span> <span class='ocrx_word' id='word_1_113' title='bbox 2793 632 2925 704; x_wconf 87' lang='lat' dir='ltr'>quia</span> <span class='ocrx_word' id='word_1_114' title='bbox 2943 632 3203 689; x_wconf 89' lang='lat' dir='ltr'>vitiatum</span> <span class='ocrx_word' id='word_1_115' title='bbox 3223 651 3325 707; x_wconf 91' lang='lat' dir='ltr'>per</span> <span class='ocrx_word' id='word_1_116' title='bbox 3341 640 3483 691; x_wconf 89' lang='lat' dir='ltr'>tem-</span> 
     </span>
    </p>
   </div>
   <div class='ocr_carea' id='block_1_18' title="bbox 1886 720 3481 797">
    <p class='ocr_par' dir='ltr' id='par_1_18' title="bbox 1886 720 3481 797">
     <span class='ocr_line' id='line_1_18' title="bbox 1886 720 3481 797; baseline 0.006 -25"><span class='ocrx_word' id='word_1_117' title='bbox 1886 735 1991 789; x_wconf 88' lang='lat' dir='ltr'>pus</span> <span class='ocrx_word' id='word_1_118' title='bbox 2001 724 2059 773; x_wconf 91' lang='lat' dir='ltr'>et</span> <span class='ocrx_word' id='word_1_119' title='bbox 2077 722 2369 775; x_wconf 81' lang='lat' dir='ltr'>contusum</span> <span class='ocrx_word' id='word_1_120' title='bbox 2382 720 2514 783; x_wconf 89' lang='lat' dir='ltr'>vidi,</span> <span class='ocrx_word' id='word_1_121' title='bbox 2534 720 2737 792; x_wconf 89' lang='lat' dir='ltr'>partim</span> <span class='ocrx_word' id='word_1_122' title='bbox 2752 722 3256 795; x_wconf 90' lang='lat' dir='ltr'>reinterpretando,</span> <span class='ocrx_word' id='word_1_123' title='bbox 3271 726 3481 797; x_wconf 86' lang='lat' dir='ltr'>partim</span> 
     </span>
    </p>
   </div>
   <div class='ocr_carea' id='block_1_19' title="bbox 1884 808 3483 871">
    <p class='ocr_par' dir='ltr' id='par_1_19' title="bbox 1884 808 3483 871">
     <span class='ocr_line' id='line_1_19' title="bbox 1884 808 3483 871; baseline 0.006 -10"><span class='ocrx_word' id='word_1_124' title='bbox 1884 808 2234 863; x_wconf 88' lang='lat' dir='ltr'>emendando</span> <span class='ocrx_word' id='word_1_125' title='bbox 2264 809 2507 864; x_wconf 86' lang='lat' dir='ltr'>auctoris</span> <span class='ocrx_word' id='word_1_126' title='bbox 2534 810 2759 865; x_wconf 85' lang='lat' dir='ltr'>veritati</span> <span class='ocrx_word' id='word_1_127' title='bbox 2778 812 3019 867; x_wconf 89' lang='lat' dir='ltr'>restitui.</span> <span class='ocrx_word' id='word_1_128' title='bbox 3053 834 3076 865; x_wconf 71' lang='grc' dir='ltr'><strong><em>ι</em></strong></span> <span class='ocrx_word' id='word_1_129' title='bbox 3101 815 3232 869; x_wconf 83' lang='lat' dir='ltr'>Haec</span> <span class='ocrx_word' id='word_1_130' title='bbox 3260 814 3483 871; x_wconf 87' lang='lat' dir='ltr'>Genna-</span> 
     </span>
    </p>
   </div>
   <div class='ocr_carea' id='block_1_20' title="bbox 1884 896 3482 968">
    <p class='ocr_par' dir='ltr' id='par_1_20' title="bbox 1884 896 3482 968">
     <span class='ocr_line' id='line_1_20' title="bbox 1884 896 3482 968; baseline 0.008 -19"><span class='ocrx_word' id='word_1_131' title='bbox 1884 896 2027 951; x_wconf 89' lang='lat' dir='ltr'>dius.</span> <span class='ocrx_word' id='word_1_132' title='bbox 2053 897 2324 968; x_wconf 79' lang='lat' dir='ltr'>Equidem</span> <span class='ocrx_word' id='word_1_133' title='bbox 2341 897 2447 951; x_wconf 90' lang='lat' dir='ltr'>etsi</span> <span class='ocrx_word' id='word_1_134' title='bbox 2469 898 2703 953; x_wconf 88' lang='lat' dir='ltr'>velimus</span> <span class='ocrx_word' id='word_1_135' title='bbox 2726 901 2934 956; x_wconf 89' lang='lat' dir='ltr'>multas</span> <span class='ocrx_word' id='word_1_136' title='bbox 2954 918 3076 957; x_wconf 90' lang='lat' dir='ltr'>esse</span> <span class='ocrx_word' id='word_1_137' title='bbox 3094 904 3402 961; x_wconf 88' lang='lat' dir='ltr'>sententias</span> <span class='ocrx_word' id='word_1_138' title='bbox 3422 905 3482 961; x_wconf 90' lang='lat' dir='ltr'>in</span> 
     </span>
    </p>
   </div>
   <div class='ocr_carea' id='block_1_21' title="bbox 1883 989 3483 1066">
    <p class='ocr_par' dir='ltr' id='par_1_21' title="bbox 1883 989 3483 1066">
     <span class='ocr_line' id='line_1_21' title="bbox 1883 989 3483 1066; baseline 0.006 -24"><span class='ocrx_word' id='word_1_139' title='bbox 1883 989 1987 1043; x_wconf 91' lang='lat' dir='ltr'>hoc</span> <span class='ocrx_word' id='word_1_140' title='bbox 2014 1004 2183 1060; x_wconf 81' lang='lat' dir='ltr'>Opere</span> <span class='ocrx_word' id='word_1_141' title='bbox 2220 1004 2284 1042; x_wconf 90' lang='lat' dir='ltr'>ex</span> <span class='ocrx_word' id='word_1_142' title='bbox 2313 989 2533 1060; x_wconf 86' lang='lat' dir='ltr'>Evagrii</span> <span class='ocrx_word' id='word_1_143' title='bbox 2562 991 2885 1047; x_wconf 86' lang='lat' dir='ltr'>collectione</span> <span class='ocrx_word' id='word_1_144' title='bbox 2928 1000 3202 1066; x_wconf 90' lang='lat' dir='ltr'>acceptas,</span> <span class='ocrx_word' id='word_1_145' title='bbox 3244 1000 3305 1050; x_wconf 92' lang='lat' dir='ltr'>at</span> <span class='ocrx_word' id='word_1_146' title='bbox 3347 1001 3483 1052; x_wconf 90' lang='lat' dir='ltr'>sunt</span> 
     </span>
    </p>
   </div>
   <div class='ocr_carea' id='block_1_22' title="bbox 1883 1078 3483 1155">
    <p class='ocr_par' dir='ltr' id='par_1_22' title="bbox 1883 1078 3483 1155">
     <span class='ocr_line' id='line_1_22' title="bbox 1883 1078 3483 1155; baseline 0.006 -25"><span class='ocrx_word' id='word_1_147' title='bbox 1883 1078 1972 1131; x_wconf 88' lang='lat' dir='ltr'>hic</span> <span class='ocrx_word' id='word_1_148' title='bbox 2000 1078 2127 1149; x_wconf 90' lang='lat' dir='ltr'>plus</span> <span class='ocrx_word' id='word_1_149' title='bbox 2155 1093 2325 1149; x_wconf 89' lang='lat' dir='ltr'>quam</span> <span class='ocrx_word' id='word_1_150' title='bbox 2354 1095 2438 1132; x_wconf 81' lang='lat' dir='ltr'>nc.</span> <span class='ocrx_word' id='word_1_151' title='bbox 2474 1079 2699 1135; x_wconf 89' lang='lat' dir='ltr'>Etcum</span> <span class='ocrx_word' id='word_1_152' title='bbox 2751 1081 2856 1137; x_wconf 91' lang='lat' dir='ltr'>hoc</span> <span class='ocrx_word' id='word_1_153' title='bbox 2898 1099 3067 1155; x_wconf 84' lang='lat' dir='ltr'>opere</span> <span class='ocrx_word' id='word_1_154' title='bbox 3119 1085 3221 1139; x_wconf 86' lang='lat' dir='ltr'>ﬁat</span> <span class='ocrx_word' id='word_1_155' title='bbox 3269 1085 3483 1140; x_wconf 90' lang='lat' dir='ltr'>mentio</span> 
     </span>
    </p>
   </div>
   <div class='ocr_carea' id='block_1_23' title="bbox 1881 1166 3483 1246">
    <p class='ocr_par' dir='ltr' id='par_1_23' title="bbox 1881 1166 3483 1246">
     <span class='ocr_line' id='line_1_23' title="bbox 1881 1166 3483 1246; baseline 0.005 -25"><span class='ocrx_word' id='word_1_156' title='bbox 1881 1166 2174 1238; x_wconf 83' lang='lat' dir='ltr'>Theophili</span> <span class='ocrx_word' id='word_1_157' title='bbox 2226 1168 2608 1236; x_wconf 83' lang='lat' dir='ltr'>Alexandrini,</span> <span class='ocrx_word' id='word_1_158' title='bbox 2667 1171 2900 1226; x_wconf 86' lang='lat' dir='ltr'>Joannis</span> <span class='ocrx_word' id='word_1_159' title='bbox 2953 1173 3227 1239; x_wconf 84' lang='lat' dir='ltr'>Cassiani,</span> <span class='ocrx_word' id='word_1_160' title='bbox 3287 1174 3483 1246; x_wconf 81' lang='lat' dir='ltr'>Cyrilli</span> 
     </span>
    </p>
   </div>
   <div class='ocr_carea' id='block_1_24' title="bbox 1881 1255 3485 1334">
    <p class='ocr_par' dir='ltr' id='par_1_24' title="bbox 1881 1255 3485 1334">
     <span class='ocr_line' id='line_1_24' title="bbox 1881 1255 3485 1334; baseline 0.006 -24"><span class='ocrx_word' id='word_1_161' title='bbox 1881 1255 2242 1311; x_wconf 83' lang='lat' dir='ltr'>Alexandrini</span> <span class='ocrx_word' id='word_1_162' title='bbox 2255 1258 2376 1327; x_wconf 88' lang='lat' dir='ltr'>jam</span> <span class='ocrx_word' id='word_1_163' title='bbox 2403 1257 2812 1327; x_wconf 90' lang='lat' dir='ltr'>defunctorum,</span> <span class='ocrx_word' id='word_1_164' title='bbox 2832 1266 3048 1317; x_wconf 89' lang='lat' dir='ltr'>certum</span> <span class='ocrx_word' id='word_1_165' title='bbox 3078 1267 3165 1318; x_wconf 88' lang='lat' dir='ltr'>est</span> <span class='ocrx_word' id='word_1_166' title='bbox 3182 1263 3485 1334; x_wconf 85' lang='lat' dir='ltr'>Evagrium</span> 
     </span>
    </p>
   </div>
   <div class='ocr_carea' id='block_1_25' title="bbox 1885 1344 3484 1423">
    <p class='ocr_par' dir='ltr' id='par_1_25' title="bbox 1885 1344 3484 1423">
     <span class='ocr_line' id='line_1_25' title="bbox 1885 1344 3484 1423; baseline 0.007 -24"><span class='ocrx_word' id='word_1_167' title='bbox 1885 1344 2198 1412; x_wconf 89' lang='lat' dir='ltr'>Ponticum,</span> <span class='ocrx_word' id='word_1_168' title='bbox 2257 1345 2501 1413; x_wconf 86' lang='lat' dir='ltr'>tametsi,</span> <span class='ocrx_word' id='word_1_169' title='bbox 2544 1352 2707 1402; x_wconf 86' lang='lat' dir='ltr'>teste-</span> <span class='ocrx_word' id='word_1_170' title='bbox 2744 1348 3056 1418; x_wconf 88' lang='lat' dir='ltr'>Gennadio,</span> <span class='ocrx_word' id='word_1_171' title='bbox 3105 1350 3273 1423; x_wconf 88' lang='lat' dir='ltr'>longa</span> <span class='ocrx_word' id='word_1_172' title='bbox 3318 1357 3484 1411; x_wconf 61' lang='lat' dir='ltr'>aetate</span> 
     </span>
    </p>
   </div>
   <div class='ocr_carea' id='block_1_26' title="bbox 1884 1434 3484 1515">
    <p class='ocr_par' dir='ltr' id='par_1_26' title="bbox 1884 1434 3484 1515">
     <span class='ocr_line' id='line_1_26' title="bbox 1884 1434 3484 1515; baseline 0.008 -28"><span class='ocrx_word' id='word_1_173' title='bbox 1884 1434 2097 1498; x_wconf 87' lang='lat' dir='ltr'>vixerit,</span> <span class='ocrx_word' id='word_1_174' title='bbox 2143 1451 2256 1489; x_wconf 90' lang='lat' dir='ltr'>non</span> <span class='ocrx_word' id='word_1_175' title='bbox 2300 1435 2549 1506; x_wconf 89' lang='lat' dir='ltr'>potuisse</span> <span class='ocrx_word' id='word_1_176' title='bbox 2584 1443 2777 1492; x_wconf 88' lang='lat' dir='ltr'>sancto</span> <span class='ocrx_word' id='word_1_177' title='bbox 2817 1439 3026 1510; x_wconf 87' lang='lat' dir='ltr'>Cyrillo</span> <span class='ocrx_word' id='word_1_178' title='bbox 3057 1456 3181 1495; x_wconf 90' lang='lat' dir='ltr'>esse</span> <span class='ocrx_word' id='word_1_179' title='bbox 3208 1444 3484 1515; x_wconf 85' lang='lat' dir='ltr'>supersti-</span> 
     </span>
    </p>
   </div>
   <div class='ocr_carea' id='block_1_27' title="bbox 1883 1522 3485 1600">
    <p class='ocr_par' dir='ltr' id='par_1_27' title="bbox 1883 1522 3485 1600">
     <span class='ocr_line' id='line_1_27' title="bbox 1883 1522 3485 1600; baseline 0.007 -23"><span class='ocrx_word' id='word_1_180' title='bbox 1883 1528 1999 1577; x_wconf 89' lang='lat' dir='ltr'>tem</span> <span class='ocrx_word' id='word_1_181' title='bbox 2025 1544 2037 1577; x_wconf 88' lang='lat'><strong>:</strong></span> <span class='ocrx_word' id='word_1_182' title='bbox 2072 1522 2142 1578; x_wconf 88' lang='lat' dir='ltr'>ob</span> <span class='ocrx_word' id='word_1_183' title='bbox 2171 1540 2340 1595; x_wconf 91' lang='lat' dir='ltr'>quam</span> <span class='ocrx_word' id='word_1_184' title='bbox 2369 1524 2541 1580; x_wconf 87' lang='lat' dir='ltr'>etiam</span> <span class='ocrx_word' id='word_1_185' title='bbox 2558 1526 2836 1582; x_wconf 78' lang='lat' dir='ltr'>rationem</span> <span class='ocrx_word' id='word_1_186' title='bbox 2866 1529 3215 1600; x_wconf 88' lang='lat' dir='ltr'>exploratum</span> <span class='ocrx_word' id='word_1_187' title='bbox 3244 1537 3332 1588; x_wconf 89' lang='lat' dir='ltr'>est</span> <span class='ocrx_word' id='word_1_188' title='bbox 3358 1549 3485 1589; x_wconf 82' lang='lat' dir='ltr'>san-</span> 
     </span>
    </p>
   </div>
   <div class='ocr_carea' id='block_1_28' title="bbox 1884 1613 3482 1694">
    <p class='ocr_par' dir='ltr' id='par_1_28' title="bbox 1884 1613 3482 1694">
     <span class='ocr_line' id='line_1_28' title="bbox 1884 1613 3482 1694; baseline 0.008 -28"><span class='ocrx_word' id='word_1_189' title='bbox 1884 1618 2037 1667; x_wconf 92' lang='lat' dir='ltr'>ctum</span> <span class='ocrx_word' id='word_1_190' title='bbox 2066 1613 2473 1684; x_wconf 88' lang='lat' dir='ltr'>Hieronymum</span> <span class='ocrx_word' id='word_1_191' title='bbox 2493 1630 2606 1669; x_wconf 92' lang='lat' dir='ltr'>non</span> <span class='ocrx_word' id='word_1_192' title='bbox 2638 1631 2760 1670; x_wconf 88' lang='lat' dir='ltr'>esse</span> <span class='ocrx_word' id='word_1_193' title='bbox 2792 1616 2995 1673; x_wconf 88' lang='lat' dir='ltr'>horum</span> <span class='ocrx_word' id='word_1_194' title='bbox 3033 1620 3482 1694; x_wconf 86' lang='lat' dir='ltr'>apophthegma-</span> 
     </span>
    </p>
   </div>
   <div class='ocr_carea' id='block_1_29' title="bbox 1882 1702 3483 1784">
    <p class='ocr_par' dir='ltr' id='par_1_29' title="bbox 1882 1702 3483 1784">
     <span class='ocr_line' id='line_1_29' title="bbox 1882 1702 3483 1784; baseline 0.007 -28"><span class='ocrx_word' id='word_1_195' title='bbox 1882 1708 2005 1756; x_wconf 91' lang='lat' dir='ltr'>tum</span> <span class='ocrx_word' id='word_1_196' title='bbox 2034 1702 2419 1772; x_wconf 84' lang='lat' dir='ltr'>interpretem.</span> <span class='ocrx_word' id='word_1_197' title='bbox 2437 1703 2817 1760; x_wconf 88' lang='lat' dir='ltr'>Nominantur</span> <span class='ocrx_word' id='word_1_198' title='bbox 2843 1707 3184 1780; x_wconf 88' lang='lat' dir='ltr'>interpretes</span> <span class='ocrx_word' id='word_1_199' title='bbox 3220 1711 3483 1784; x_wconf 80' lang='lat' dir='ltr'>Pelagius</span> 
     </span>
    </p>
   </div>
   <div class='ocr_carea' id='block_1_30' title="bbox 208 1784 3487 1867">
    <p class='ocr_par' dir='ltr' id='par_1_30' title="bbox 208 1784 3487 1867">
     <span class='ocr_line' id='line_1_30' title="bbox 208 1784 3487 1867; baseline 0.005 -27"><span class='ocrx_word' id='word_1_200' title='bbox 208 1786 594 1851; x_wconf 84' lang='lat' dir='ltr'>Eccles.,Hist.</span> <span class='ocrx_word' id='word_1_201' title='bbox 626 1784 768 1840; x_wconf 90' lang='lat' dir='ltr'>libro</span> <span class='ocrx_word' id='word_1_202' title='bbox 798 1800 876 1853; x_wconf 80' lang='lat' dir='ltr'>x1,</span> <span class='ocrx_word' id='word_1_203' title='bbox 909 1804 1030 1860; x_wconf 89' lang='lat' dir='ltr'>cap.</span> <span class='ocrx_word' id='word_1_204' title='bbox 1063 1787 1151 1856; x_wconf 80' lang='grc'>43,</span> <span class='ocrx_word' id='word_1_205' title='bbox 1180 1789 1317 1844; x_wconf 85' lang='lat' dir='ltr'>citet</span> <span class='ocrx_word' id='word_1_206' title='bbox 1343 1806 1408 1843; x_wconf 84' lang='lat' dir='ltr'>ex</span> <span class='ocrx_word' id='word_1_207' title='bbox 1432 1789 1653 1858; x_wconf 82' lang='lat' dir='ltr'>Evagrii</span> <span class='ocrx_word' id='word_1_208' title='bbox 1673 1806 1803 1862; x_wconf 90' lang='lat' dir='ltr'>ope-</span> <span class='ocrx_word' id='word_1_209' title='bbox 1828 1860 1863 1867; x_wconf 90' lang='lat'><strong><em>_</em></strong></span> <span class='ocrx_word' id='word_1_210' title='bbox 1885 1791 2085 1846; x_wconf 89' lang='lat' dir='ltr'>S.R.E.</span> <span class='ocrx_word' id='word_1_211' title='bbox 2117 1791 2404 1856; x_wconf 87' lang='lat' dir='ltr'>diaconus,</span> <span class='ocrx_word' id='word_1_212' title='bbox 2438 1798 2494 1846; x_wconf 88' lang='lat' dir='ltr'>et</span> <span class='ocrx_word' id='word_1_213' title='bbox 2520 1794 2765 1850; x_wconf 87' lang='lat' dir='ltr'>Joannes</span> <span class='ocrx_word' id='word_1_214' title='bbox 2794 1796 3048 1867; x_wconf 89' lang='lat' dir='ltr'>ejusdem</span> <span class='ocrx_word' id='word_1_215' title='bbox 3074 1799 3131 1853; x_wconf 93' lang='lat' dir='ltr'>S.</span> <span class='ocrx_word' id='word_1_216' title='bbox 3164 1800 3231 1855; x_wconf 89' lang='lat' dir='ltr'>R.</span> <span class='ocrx_word' id='word_1_217' title='bbox 3260 1801 3323 1856; x_wconf 92' lang='lat' dir='ltr'>E.</span> <span class='ocrx_word' id='word_1_218' title='bbox 3355 1801 3487 1857; x_wconf 90' lang='lat' dir='ltr'>sub-</span> 
     </span>
    </p>
   </div>
   <div class='ocr_carea' id='block_1_31' title="bbox 206 1860 3479 1958">
    <p class='ocr_par' dir='ltr' id='par_1_31' title="bbox 206 1860 3479 1958">
     <span class='ocr_line' id='line_1_31' title="bbox 206 1860 3479 1958; baseline 0.005 -28"><span class='ocrx_word' id='word_1_219' title='bbox 206 1875 363 1931; x_wconf 89' lang='lat' dir='ltr'>ribus</span> <span class='ocrx_word' id='word_1_220' title='bbox 401 1875 582 1930; x_wconf 89' lang='lat' dir='ltr'>multa</span> <span class='ocrx_word' id='word_1_221' title='bbox 622 1874 691 1929; x_wconf 88' lang='lat' dir='ltr'>de</span> <span class='ocrx_word' id='word_1_222' title='bbox 731 1875 963 1931; x_wconf 88' lang='lat' dir='ltr'>Patrum</span> <span class='ocrx_word' id='word_1_223' title='bbox 1011 1876 1193 1946; x_wconf 87' lang='lat' dir='ltr'>dictis,</span> <span class='ocrx_word' id='word_1_224' title='bbox 1233 1894 1356 1951; x_wconf 87' lang='lat' dir='ltr'>quae</span> <span class='ocrx_word' id='word_1_225' title='bbox 1409 1860 1729 1935; x_wconf 28' lang='lat' dir='ltr'>occurrunt“</span> <span class='ocrx_word' id='word_1_226' title='bbox 1742 1879 1803 1933; x_wconf 91' lang='lat' dir='ltr'>in</span> <span class='ocrx_word' id='word_1_227' title='bbox 1828 1860 2167 1934; x_wconf 86' lang='lat' dir='ltr'>Bdiaconus.</span> <span class='ocrx_word' id='word_1_228' title='bbox 2185 1880 2263 1934; x_wconf 91' lang='lat' dir='ltr'>De</span> <span class='ocrx_word' id='word_1_229' title='bbox 2292 1879 2505 1954; x_wconf 80' lang='lat' dir='ltr'>[xxxw]</span> <span class='ocrx_word' id='word_1_230' title='bbox 2522 1882 2729 1953; x_wconf 83' lang='lat' dir='ltr'><strong>quibus</strong></span> <span class='ocrx_word' id='word_1_231' title='bbox 2748 1860 2867 1955; x_wconf 83' lang='lat' dir='ltr'>agit</span> <span class='ocrx_word' id='word_1_232' title='bbox 2896 1885 3239 1958; x_wconf 89' lang='lat' dir='ltr'>Sigebertus,</span> <span class='ocrx_word' id='word_1_233' title='bbox 3266 1889 3335 1945; x_wconf 90' lang='lat' dir='ltr'>de</span> <span class='ocrx_word' id='word_1_234' title='bbox 3358 1891 3479 1950; x_wconf 86' lang='lat' dir='ltr'>Vir.</span> 
     </span>
    </p>
   </div>
   <div class='ocr_carea' id='block_1_32' title="bbox 210 1963 846 2037">
    <p class='ocr_par' dir='ltr' id='par_1_32' title="bbox 210 1963 846 2037">
     <span class='ocr_line' id='line_1_32' title="bbox 210 1963 846 2037; baseline -0.002 -18"><span class='ocrx_word' id='word_1_235' title='bbox 210 1980 379 2037; x_wconf 80' lang='lat' dir='ltr'>Opere</span> <span class='ocrx_word' id='word_1_236' title='bbox 406 1963 514 2019; x_wconf 88' lang='lat' dir='ltr'>isto</span> <span class='ocrx_word' id='word_1_237' title='bbox 536 1964 657 2035; x_wconf 90' lang='lat' dir='ltr'>jam</span> <span class='ocrx_word' id='word_1_238' title='bbox 678 1963 846 2019; x_wconf 90' lang='lat' dir='ltr'>dicto.</span> 
     </span>
    </p>
   </div>
   <div class='ocr_carea' id='block_1_33' title="bbox 277 2052 1344 2128">
    <p class='ocr_par' dir='ltr' id='par_1_33' title="bbox 277 2052 1344 2128">
     <span class='ocr_line' id='line_1_33' title="bbox 277 2052 1344 2128; baseline 0.006 -19"><span class='ocrx_word' id='word_1_239' title='bbox 277 2053 389 2109; x_wconf 86' lang='lat' dir='ltr'>Sed</span> <span class='ocrx_word' id='word_1_240' title='bbox 416 2069 611 2109; x_wconf 83' lang='lat' dir='ltr'>vereor</span> <span class='ocrx_word' id='word_1_241' title='bbox 635 2058 701 2108; x_wconf 90' lang='lat' dir='ltr'>ut</span> <span class='ocrx_word' id='word_1_242' title='bbox 725 2052 947 2109; x_wconf 88' lang='lat' dir='ltr'>labatur</span> <span class='ocrx_word' id='word_1_243' title='bbox 974 2054 1344 2128; x_wconf 81' lang='lat' dir='ltr'>Margarinus.</span> 
     </span>
    </p>
   </div>
   <div class='ocr_carea' id='block_1_34' title="bbox 280 2140 1802 2219">
    <p class='ocr_par' dir='ltr' id='par_1_34' title="bbox 280 2140 1802 2219">
     <span class='ocr_line' id='line_1_34' title="bbox 280 2140 1802 2219; baseline 0.001 -20"><span class='ocrx_word' id='word_1_244' title='bbox 280 2140 330 2199; x_wconf 84' lang='grc' dir='ltr'>ι.</span> <span class='ocrx_word' id='word_1_245' title='bbox 363 2141 507 2208; x_wconf 87' lang='lat' dir='ltr'>Quia</span> <span class='ocrx_word' id='word_1_246' title='bbox 523 2143 630 2198; x_wconf 88' lang='lat' dir='ltr'>etsi</span> <span class='ocrx_word' id='word_1_247' title='bbox 658 2143 913 2214; x_wconf 70' lang='lat' dir='ltr'>quaedam</span> <span class='ocrx_word' id='word_1_248' title='bbox 933 2144 992 2199; x_wconf 92' lang='lat' dir='ltr'>in</span> <span class='ocrx_word' id='word_1_249' title='bbox 1010 2145 1098 2201; x_wconf 87' lang='lat' dir='ltr'>his</span> <span class='ocrx_word' id='word_1_250' title='bbox 1117 2146 1274 2203; x_wconf 85' lang='lat' dir='ltr'>libris</span> <span class='ocrx_word' id='word_1_251' title='bbox 1301 2145 1658 2219; x_wconf 87' lang='lat' dir='ltr'>reperiantur</span> <span class='ocrx_word' id='word_1_252' title='bbox 1679 2162 1802 2218; x_wconf 72' lang='lat' dir='ltr'>quae</span> 
     </span>
    </p>
   </div>
   <div class='ocr_carea' id='block_1_35' title="bbox 208 2230 1804 2309">
    <p class='ocr_par' dir='ltr' id='par_1_35' title="bbox 208 2230 1804 2309">
     <span class='ocr_line' id='line_1_35' title="bbox 208 2230 1804 2309; baseline 0.001 -22"><span class='ocrx_word' id='word_1_253' title='bbox 208 2230 556 2303; x_wconf 86' lang='lat' dir='ltr'>Nicephorus</span> <span class='ocrx_word' id='word_1_254' title='bbox 590 2248 656 2287; x_wconf 90' lang='lat' dir='ltr'>ex</span> <span class='ocrx_word' id='word_1_255' title='bbox 697 2233 905 2304; x_wconf 60' lang='grc' dir='ltr'>[κλωπ]</span> <span class='ocrx_word' id='word_1_256' title='bbox 944 2234 1165 2306; x_wconf 82' lang='lat' dir='ltr'>Evagrii</span> <span class='ocrx_word' id='word_1_257' title='bbox 1200 2235 1463 2309; x_wconf 89' lang='lat' dir='ltr'>operibus</span> <span class='ocrx_word' id='word_1_258' title='bbox 1503 2235 1656 2300; x_wconf 88' lang='lat' dir='ltr'>citat,</span> <span class='ocrx_word' id='word_1_259' title='bbox 1689 2251 1804 2291; x_wconf 89' lang='lat' dir='ltr'>non</span> 
     </span>
    </p>
   </div>
   <div class='ocr_carea' id='block_1_36' title="bbox 207 2320 1808 2397">
    <p class='ocr_par' dir='ltr' id='par_1_36' title="bbox 207 2320 1808 2397">
     <span class='ocr_line' id='line_1_36' title="bbox 207 2320 1808 2397; baseline 0.002 -22"><span class='ocrx_word' id='word_1_260' title='bbox 207 2320 570 2392; x_wconf 85' lang='lat' dir='ltr'>reperiuntur</span> <span class='ocrx_word' id='word_1_261' title='bbox 595 2338 661 2376; x_wconf 90' lang='lat' dir='ltr'>eo</span> <span class='ocrx_word' id='word_1_262' title='bbox 682 2322 867 2385; x_wconf 85' lang='lat' dir='ltr'>modo,</span> <span class='ocrx_word' id='word_1_263' title='bbox 888 2324 1048 2394; x_wconf 88' lang='lat' dir='ltr'>quasi</span> <span class='ocrx_word' id='word_1_264' title='bbox 1078 2325 1347 2397; x_wconf 89' lang='lat' dir='ltr'>Evagrius</span> <span class='ocrx_word' id='word_1_265' title='bbox 1368 2341 1435 2379; x_wconf 85' lang='lat' dir='ltr'>ea</span> <span class='ocrx_word' id='word_1_266' title='bbox 1454 2325 1572 2396; x_wconf 90' lang='lat' dir='ltr'>ipse</span> <span class='ocrx_word' id='word_1_267' title='bbox 1602 2324 1808 2379; x_wconf 85' lang='lat' dir='ltr'>referat</span> 
     </span>
    </p>
   </div>
   <div class='ocr_carea' id='block_1_37' title="bbox 207 2408 1806 2487">
    <p class='ocr_par' dir='ltr' id='par_1_37' title="bbox 207 2408 1806 2487">
     <span class='ocr_line' id='line_1_37' title="bbox 207 2408 1806 2487; baseline 0.003 -22"><span class='ocrx_word' id='word_1_268' title='bbox 207 2408 416 2465; x_wconf 89' lang='lat' dir='ltr'>librum</span> <span class='ocrx_word' id='word_1_269' title='bbox 463 2410 615 2465; x_wconf 89' lang='lat' dir='ltr'>velut</span> <span class='ocrx_word' id='word_1_270' title='bbox 666 2410 1040 2481; x_wconf 82' lang='lat' dir='ltr'>conscribens,</span> <span class='ocrx_word' id='word_1_271' title='bbox 1080 2414 1178 2469; x_wconf 92' lang='lat' dir='ltr'>sed</span> <span class='ocrx_word' id='word_1_272' title='bbox 1231 2415 1416 2487; x_wconf 89' lang='lat' dir='ltr'>potius</span> <span class='ocrx_word' id='word_1_273' title='bbox 1459 2430 1525 2468; x_wconf 84' lang='lat' dir='ltr'>ex</span> <span class='ocrx_word' id='word_1_274' title='bbox 1572 2414 1806 2485; x_wconf 81' lang='lat' dir='ltr'>Evagrio</span> 
     </span>
    </p>
   </div>
   <div class='ocr_carea' id='block_1_38' title="bbox 213 2498 478 2555">
    <p class='ocr_par' dir='ltr' id='par_1_38' title="bbox 213 2498 478 2555">
     <span class='ocr_line' id='line_1_38' title="bbox 213 2498 478 2555; baseline -0.011 1"><span class='ocrx_word' id='word_1_275' title='bbox 213 2498 478 2555; x_wconf 78' lang='lat' dir='ltr'>citantur.</span> 
     </span>
    </p>
   </div>
   <div class='ocr_carea' id='block_1_39' title="bbox 274 2587 1807 2663">
    <p class='ocr_par' dir='ltr' id='par_1_39' title="bbox 274 2587 1807 2663">
     <span class='ocr_line' id='line_1_39' title="bbox 274 2587 1807 2663; baseline 0.003 -20"><span class='ocrx_word' id='word_1_276' title='bbox 274 2588 348 2644; x_wconf 89' lang='lat' dir='ltr'>Ut</span> <span class='ocrx_word' id='word_1_277' title='bbox 375 2587 525 2660; x_wconf 90' lang='lat' dir='ltr'>quod</span> <span class='ocrx_word' id='word_1_278' title='bbox 546 2588 894 2660; x_wconf 90' lang='lat' dir='ltr'>Nicephorus</span> <span class='ocrx_word' id='word_1_279' title='bbox 912 2591 1049 2645; x_wconf 80' lang='lat' dir='ltr'>citat</span> <span class='ocrx_word' id='word_1_280' title='bbox 1066 2607 1137 2646; x_wconf 85' lang='lat' dir='ltr'>ex</span> <span class='ocrx_word' id='word_1_281' title='bbox 1155 2590 1299 2646; x_wconf 91' lang='lat' dir='ltr'>libro</span> <span class='ocrx_word' id='word_1_282' title='bbox 1318 2591 1570 2646; x_wconf 88' lang='lat' dir='ltr'>Practico</span> <span class='ocrx_word' id='word_1_283' title='bbox 1588 2592 1807 2663; x_wconf 86' lang='lat' dir='ltr'>Evagrii</span> 
     </span>
    </p>
   </div>
   <div class='ocr_carea' id='block_1_40' title="bbox 214 2676 1811 2749">
    <p class='ocr_par' dir='ltr' id='par_1_40' title="bbox 214 2676 1811 2749">
     <span class='ocr_line' id='line_1_40' title="bbox 214 2676 1811 2749; baseline 0.003 -18"><span class='ocrx_word' id='word_1_284' title='bbox 214 2677 364 2732; x_wconf 88' lang='lat' dir='ltr'>senis</span> <span class='ocrx_word' id='word_1_285' title='bbox 391 2676 683 2749; x_wconf 85' lang='lat' dir='ltr'>cujusdam</span> <span class='ocrx_word' id='word_1_286' title='bbox 703 2677 906 2733; x_wconf 89' lang='lat' dir='ltr'>scitum</span> <span class='ocrx_word' id='word_1_287' title='bbox 932 2680 1002 2734; x_wconf 89' lang='lat' dir='ltr'>de</span> <span class='ocrx_word' id='word_1_288' title='bbox 1032 2680 1278 2736; x_wconf 89' lang='lat' dir='ltr'>aridiore</span> <span class='ocrx_word' id='word_1_289' title='bbox 1306 2682 1490 2748; x_wconf 70' lang='lat' dir='ltr'>diaeta,</span> <span class='ocrx_word' id='word_1_290' title='bbox 1523 2681 1695 2736; x_wconf 88' lang='lat' dir='ltr'>habes</span> <span class='ocrx_word' id='word_1_291' title='bbox 1721 2682 1811 2736; x_wconf 88' lang='lat' dir='ltr'>hic</span> 
     </span>
    </p>
   </div>
   <div class='ocr_carea' id='block_1_41' title="bbox 210 2765 1802 2841">
    <p class='ocr_par' dir='ltr' id='par_1_41' title="bbox 210 2765 1802 2841">
     <span class='ocr_line' id='line_1_41' title="bbox 210 2765 1802 2841; baseline 0.004 -21"><span class='ocrx_word' id='word_1_292' title='bbox 210 2765 400 2820; x_wconf 88' lang='lat' dir='ltr'>libello</span> <span class='ocrx_word' id='word_1_293' title='bbox 426 2783 445 2823; x_wconf 84' lang='lat'>1</span> <span class='ocrx_word' id='word_1_294' title='bbox 471 2766 702 2837; x_wconf 86' lang='lat' dir='ltr'>Pelagii,</span> <span class='ocrx_word' id='word_1_295' title='bbox 734 2784 890 2822; x_wconf 90' lang='lat' dir='ltr'>num.</span> <span class='ocrx_word' id='word_1_296' title='bbox 937 2769 990 2823; x_wconf 86' lang='grc'>4.</span> <span class='ocrx_word' id='word_1_297' title='bbox 1028 2787 1054 2821; x_wconf 74' lang='grc' dir='ltr'><strong>α</strong></span> <span class='ocrx_word' id='word_1_298' title='bbox 1099 2769 1253 2824; x_wconf 81' lang='lat' dir='ltr'>Dixit</span> <span class='ocrx_word' id='word_1_299' title='bbox 1279 2768 1451 2824; x_wconf 87' lang='lat' dir='ltr'>abbas</span> <span class='ocrx_word' id='word_1_300' title='bbox 1490 2771 1759 2841; x_wconf 88' lang='lat' dir='ltr'>Evagrius</span> <span class='ocrx_word' id='word_1_301' title='bbox 1791 2792 1802 2826; x_wconf 88' lang='lat'><strong>:</strong></span> 
     </span>
    </p>
   </div>
   <div class='ocr_carea' id='block_1_42' title="bbox 213 2853 1808 2929">
    <p class='ocr_par' dir='ltr' id='par_1_42' title="bbox 213 2853 1808 2929">
     <span class='ocr_line' id='line_1_42' title="bbox 213 2853 1808 2929; baseline 0.003 -21"><span class='ocrx_word' id='word_1_302' title='bbox 213 2855 358 2919; x_wconf 85' lang='lat' dir='ltr'>Quia</span> <span class='ocrx_word' id='word_1_303' title='bbox 383 2853 643 2910; x_wconf 78' lang='lat' dir='ltr'>dicebant</span> <span class='ocrx_word' id='word_1_304' title='bbox 670 2855 901 2927; x_wconf 87' lang='lat' dir='ltr'>quidam</span> <span class='ocrx_word' id='word_1_305' title='bbox 928 2858 1180 2912; x_wconf 84' lang='lat' dir='ltr'>Patrum.</span> <span class='ocrx_word' id='word_1_306' title='bbox 1216 2877 1243 2911; x_wconf 81' lang='grc'>››</span> <span class='ocrx_word' id='word_1_307' title='bbox 1277 2858 1437 2922; x_wconf 87' lang='lat' dir='ltr'>Quod</span> <span class='ocrx_word' id='word_1_308' title='bbox 1463 2858 1510 2913; x_wconf 92' lang='lat' dir='ltr'>si</span> <span class='ocrx_word' id='word_1_309' title='bbox 1540 2858 1808 2929; x_wconf 81' lang='lat' dir='ltr'>Evagrius</span> 
     </span>
    </p>
   </div>
   <div class='ocr_carea' id='block_1_43' title="bbox 211 2943 1810 3015">
    <p class='ocr_par' dir='ltr' id='par_1_43' title="bbox 211 2943 1810 3015">
     <span class='ocr_line' id='line_1_43' title="bbox 211 2943 1810 3015; baseline 0.003 -17"><span class='ocrx_word' id='word_1_310' title='bbox 211 2944 383 3015; x_wconf 86' lang='lat' dir='ltr'><strong>hujus</strong></span> <span class='ocrx_word' id='word_1_311' title='bbox 400 2943 575 2999; x_wconf 88' lang='lat' dir='ltr'>libelli</span> <span class='ocrx_word' id='word_1_312' title='bbox 598 2949 795 3000; x_wconf 84' lang='lat' dir='ltr'>auctor</span> <span class='ocrx_word' id='word_1_313' title='bbox 821 2951 985 3013; x_wconf 88' lang='lat' dir='ltr'>esset,</span> <span class='ocrx_word' id='word_1_314' title='bbox 1016 2963 1131 3003; x_wconf 91' lang='lat' dir='ltr'>non</span> <span class='ocrx_word' id='word_1_315' title='bbox 1157 2947 1398 3002; x_wconf 88' lang='lat' dir='ltr'>diceret:</span> <span class='ocrx_word' id='word_1_316' title='bbox 1424 2966 1447 2999; x_wconf 72' lang='grc' dir='ltr'>ι</span> <span class='ocrx_word' id='word_1_317' title='bbox 1467 2947 1617 3002; x_wconf 84' lang='lat' dir='ltr'>Dixit</span> <span class='ocrx_word' id='word_1_318' title='bbox 1639 2947 1810 3002; x_wconf 81' lang='lat' dir='ltr'>abbas</span> 
     </span>
    </p>
   </div>
   <div class='ocr_carea' id='block_1_44' title="bbox 212 3032 567 3104">
    <p class='ocr_par' dir='ltr' id='par_1_44' title="bbox 212 3032 567 3104">
     <span class='ocr_line' id='line_1_44' title="bbox 212 3032 567 3104; baseline -0.008 -16"><span class='ocrx_word' id='word_1_319' title='bbox 212 3032 505 3104; x_wconf 81' lang='lat' dir='ltr'>Evagrius.</span> <span class='ocrx_word' id='word_1_320' title='bbox 540 3050 567 3085; x_wconf 76' lang='grc' dir='ltr'><strong>ι</strong></span> 
     </span>
    </p>
   </div>
   <div class='ocr_carea' id='block_1_45' title="bbox 284 3120 1809 3196">
    <p class='ocr_par' dir='ltr' id='par_1_45' title="bbox 284 3120 1809 3196">
     <span class='ocr_line' id='line_1_45' title="bbox 284 3120 1809 3196; baseline 0.003 -20"><span class='ocrx_word' id='word_1_321' title='bbox 284 3120 522 3186; x_wconf 88' lang='lat' dir='ltr'>Ibidem,</span> <span class='ocrx_word' id='word_1_322' title='bbox 541 3137 698 3177; x_wconf 90' lang='lat' dir='ltr'>num.</span> <span class='ocrx_word' id='word_1_323' title='bbox 727 3122 778 3177; x_wconf 87' lang='grc'>5.</span> <span class='ocrx_word' id='word_1_324' title='bbox 799 3140 827 3176; x_wconf 72' lang='grc' dir='ltr'>ι</span> <span class='ocrx_word' id='word_1_325' title='bbox 846 3123 1060 3178; x_wconf 89' lang='lat' dir='ltr'>Iterum</span> <span class='ocrx_word' id='word_1_326' title='bbox 1084 3124 1224 3179; x_wconf 88' lang='lat' dir='ltr'>dixit</span> <span class='ocrx_word' id='word_1_327' title='bbox 1237 3125 1469 3189; x_wconf 89' lang='lat' dir='ltr'>(scilicet</span> <span class='ocrx_word' id='word_1_328' title='bbox 1489 3125 1809 3196; x_wconf 81' lang='lat' dir='ltr'>Evagrius):</span> 
     </span>
    </p>
   </div>
   <div class='ocr_carea' id='block_1_46' title="bbox 1883 1967 3483 2049">
    <p class='ocr_par' dir='ltr' id='par_1_46' title="bbox 1883 1967 3483 2049">
     <span class='ocr_line' id='line_1_46' title="bbox 1883 1967 3483 2049; baseline 0.009 -26"><span class='ocrx_word' id='word_1_329' title='bbox 1883 1969 2109 2033; x_wconf 87' lang='lat' dir='ltr'>illustr.,</span> <span class='ocrx_word' id='word_1_330' title='bbox 2147 1985 2267 2040; x_wconf 87' lang='lat' dir='ltr'>cap.</span> <span class='ocrx_word' id='word_1_331' title='bbox 2308 1967 2411 2026; x_wconf 80' lang='grc'>116</span> <span class='ocrx_word' id='word_1_332' title='bbox 2440 1975 2497 2025; x_wconf 89' lang='lat' dir='ltr'>et</span> <span class='ocrx_word' id='word_1_333' title='bbox 2531 1970 2652 2027; x_wconf 82' lang='grc'>117.</span> <span class='ocrx_word' id='word_1_334' title='bbox 2701 1972 2985 2030; x_wconf 87' lang='lat' dir='ltr'>Hactenus</span> <span class='ocrx_word' id='word_1_335' title='bbox 3019 1978 3292 2049; x_wconf 88' lang='lat' dir='ltr'>magister</span> <span class='ocrx_word' id='word_1_336' title='bbox 3338 1982 3483 2037; x_wconf 86' lang='lat' dir='ltr'>sacri</span> 
     </span>
    </p>
   </div>
   <div class='ocr_carea' id='block_1_47' title="bbox 1884 2058 3484 2205">
    <p class='ocr_par' dir='ltr' id='par_1_47' title="bbox 1884 2058 3484 2205">
     <span class='ocr_line' id='line_1_47' title="bbox 1884 2058 3484 2205; baseline 0.008 -20"><span class='ocrx_word' id='word_1_337' title='bbox 1884 2058 2159 2195; x_wconf 38' lang='lat' dir='ltr'>pagt&#39;ililout</span> <span class='ocrx_word' id='word_1_338' title='bbox 2190 2136 2340 2186; x_wconf 86' lang='lat' dir='ltr'>recte</span> <span class='ocrx_word' id='word_1_339' title='bbox 2369 2131 2472 2187; x_wconf 89' lang='lat' dir='ltr'>hos</span> <span class='ocrx_word' id='word_1_340' title='bbox 2495 2131 2667 2187; x_wconf 90' lang='lat' dir='ltr'>libros</span> <span class='ocrx_word' id='word_1_341' title='bbox 2695 2133 2931 2205; x_wconf 89' lang='lat' dir='ltr'>Evagrio</span> <span class='ocrx_word' id='word_1_342' title='bbox 2955 2139 3171 2193; x_wconf 89' lang='lat' dir='ltr'>auctori</span> <span class='ocrx_word' id='word_1_343' title='bbox 3200 2145 3257 2195; x_wconf 89' lang='lat' dir='ltr'>et</span> <span class='ocrx_word' id='word_1_344' title='bbox 3280 2141 3484 2198; x_wconf 84' lang='lat' dir='ltr'>Hiero-</span> 
     </span>
    </p>
   </div>
   <div class='ocr_carea' id='block_1_48' title="bbox 1885 2220 3485 2293">
    <p class='ocr_par' dir='ltr' id='par_1_48' title="bbox 1885 2220 3485 2293">
     <span class='ocr_line' id='line_1_48' title="bbox 1885 2220 3485 2293; baseline 0.009 -20"><span class='ocrx_word' id='word_1_345' title='bbox 1885 2236 2056 2291; x_wconf 87' lang='lat' dir='ltr'>nymo</span> <span class='ocrx_word' id='word_1_346' title='bbox 2085 2220 2380 2293; x_wconf 89' lang='lat' dir='ltr'>interpreti</span> <span class='ocrx_word' id='word_1_347' title='bbox 2411 2222 2717 2292; x_wconf 89' lang='lat' dir='ltr'>adjudicat,</span> <span class='ocrx_word' id='word_1_348' title='bbox 2744 2223 2827 2278; x_wconf 87' lang='lat' dir='ltr'>ita.</span> <span class='ocrx_word' id='word_1_349' title='bbox 2855 2225 3042 2282; x_wconf 89' lang='lat' dir='ltr'>minus</span> <span class='ocrx_word' id='word_1_350' title='bbox 3069 2234 3221 2284; x_wconf 90' lang='lat' dir='ltr'>recte</span> <span class='ocrx_word' id='word_1_351' title='bbox 3266 2237 3485 2288; x_wconf 88' lang='lat' dir='ltr'>certum</span> 
     </span>
    </p>
   </div>
   <div class='ocr_carea' id='block_1_49' title="bbox 1888 2309 3487 2394">
    <p class='ocr_par' dir='ltr' id='par_1_49' title="bbox 1888 2309 3487 2394">
     <span class='ocr_line' id='line_1_49' title="bbox 1888 2309 3487 2394; baseline 0.01 -32"><span class='ocrx_word' id='word_1_352' title='bbox 1888 2325 2009 2364; x_wconf 91' lang='lat' dir='ltr'>esse</span> <span class='ocrx_word' id='word_1_353' title='bbox 2037 2309 2132 2376; x_wconf 87' lang='lat' dir='ltr'>ait,</span> <span class='ocrx_word' id='word_1_354' title='bbox 2157 2309 2362 2365; x_wconf 88' lang='lat' dir='ltr'>librum</span> <span class='ocrx_word' id='word_1_355' title='bbox 2382 2311 2541 2365; x_wconf 82' lang='lat' dir='ltr'>Vitas</span> <span class='ocrx_word' id='word_1_356' title='bbox 2568 2311 2802 2368; x_wconf 88' lang='lat' dir='ltr'>Patrum</span> <span class='ocrx_word' id='word_1_357' title='bbox 2822 2330 2943 2369; x_wconf 92' lang='lat' dir='ltr'>esse</span> <span class='ocrx_word' id='word_1_358' title='bbox 2968 2316 3209 2389; x_wconf 88' lang='lat' dir='ltr'>Evagrii,</span> <span class='ocrx_word' id='word_1_359' title='bbox 3229 2335 3362 2377; x_wconf 90' lang='lat' dir='ltr'><strong>cum</strong></span> <span class='ocrx_word' id='word_1_360' title='bbox 3389 2338 3487 2394; x_wconf 83' lang='lat' dir='ltr'>po-</span> 
     </span>
    </p>
   </div>
   <div class='ocr_carea' id='block_1_50' title="bbox 1887 2398 3487 2482">
    <p class='ocr_par' dir='ltr' id='par_1_50' title="bbox 1887 2398 3487 2482">
     <span class='ocr_line' id='line_1_50' title="bbox 1887 2398 3487 2482; baseline 0.009 -30"><span class='ocrx_word' id='word_1_361' title='bbox 1887 2398 2000 2452; x_wconf 91' lang='lat' dir='ltr'>tius</span> <span class='ocrx_word' id='word_1_362' title='bbox 2019 2404 2171 2453; x_wconf 90' lang='lat' dir='ltr'>certo</span> <span class='ocrx_word' id='word_1_363' title='bbox 2191 2404 2408 2454; x_wconf 90' lang='lat' dir='ltr'>constet</span> <span class='ocrx_word' id='word_1_364' title='bbox 2439 2401 2560 2471; x_wconf 89' lang='lat' dir='ltr'>ejus</span> <span class='ocrx_word' id='word_1_365' title='bbox 2579 2416 2691 2455; x_wconf 90' lang='lat' dir='ltr'>non</span> <span class='ocrx_word' id='word_1_366' title='bbox 2720 2418 2863 2460; x_wconf 92' lang='lat' dir='ltr'>esse.</span> <span class='ocrx_word' id='word_1_367' title='bbox 2889 2403 3030 2459; x_wconf 87' lang='lat' dir='ltr'>Vide</span> <span class='ocrx_word' id='word_1_368' title='bbox 3057 2405 3208 2463; x_wconf 89' lang='lat' dir='ltr'>dicta</span> <span class='ocrx_word' id='word_1_369' title='bbox 3233 2409 3487 2482; x_wconf 80' lang='lat' dir='ltr'>prolego-</span> 
     </span>
    </p>
   </div>
   <div class='ocr_carea' id='block_1_51' title="bbox 1889 2485 2271 2559">
    <p class='ocr_par' dir='ltr' id='par_1_51' title="bbox 1889 2485 2271 2559">
     <span class='ocr_line' id='line_1_51' title="bbox 1889 2485 2271 2559; baseline 0.005 -18"><span class='ocrx_word' id='word_1_370' title='bbox 1889 2503 2056 2542; x_wconf 88' lang='lat' dir='ltr'>mena</span> <span class='ocrx_word' id='word_1_371' title='bbox 2084 2485 2131 2554; x_wconf 83' lang='lat'>’1,</span> <span class='ocrx_word' id='word_1_372' title='bbox 2164 2486 2191 2559; x_wconf 83' lang='lat'>§</span> <span class='ocrx_word' id='word_1_373' title='bbox 2218 2488 2271 2543; x_wconf 87' lang='lat'>5.</span> 
     </span>
    </p>
   </div>
   <div class='ocr_carea' id='block_1_52' title="bbox 2303 2578 3076 2639">
    <p class='ocr_par' dir='ltr' id='par_1_52' title="bbox 2303 2578 3076 2639">
     <span class='ocr_line' id='line_1_52' title="bbox 2303 2578 3076 2639; baseline 0.003 -6"><span class='ocrx_word' id='word_1_374' title='bbox 2303 2578 2899 2637; x_wconf 89' lang='lat' dir='ltr'>PROLEGOMENON</span> <span class='ocrx_word' id='word_1_375' title='bbox 2926 2581 3076 2639; x_wconf 84' lang='lat' dir='ltr'>VIII.</span> 
     </span>
    </p>
   </div>
   <div class='ocr_carea' id='block_1_53' title="bbox 2321 2670 3063 2735">
    <p class='ocr_par' dir='ltr' id='par_1_53' title="bbox 2321 2670 3063 2735">
     <span class='ocr_line' id='line_1_53' title="bbox 2321 2670 3063 2735; baseline 0.008 -14"><span class='ocrx_word' id='word_1_376' title='bbox 2321 2670 2453 2735; x_wconf 79' lang='lat' dir='ltr'>Quis</span> <span class='ocrx_word' id='word_1_377' title='bbox 2482 2673 2620 2724; x_wconf 68' lang='lat' dir='ltr'>sexti</span> <span class='ocrx_word' id='word_1_378' title='bbox 2649 2672 2784 2725; x_wconf 75' lang='lat' dir='ltr'>libri</span> <span class='ocrx_word' id='word_1_379' title='bbox 2811 2678 3007 2727; x_wconf 81' lang='lat' dir='ltr'>auctor</span> <span class='ocrx_word' id='word_1_380' title='bbox 3038 2679 3063 2727; x_wconf 80' lang='lat'><strong><em>?</em></strong></span> 
     </span>
    </p>
   </div>
   <div class='ocr_carea' id='block_1_54' title="bbox 1963 2756 3020 2816">
    <p class='ocr_par' dir='ltr' id='par_1_54' title="bbox 1963 2756 3020 2816">
     <span class='ocr_line' id='line_1_54' title="bbox 1963 2756 3020 2816; baseline 0.007 -7"><span class='ocrx_word' id='word_1_381' title='bbox 1963 2756 2098 2810; x_wconf 91' lang='lat' dir='ltr'>Dico</span> <span class='ocrx_word' id='word_1_382' title='bbox 2131 2774 2143 2809; x_wconf 85' lang='lat'><strong>:</strong></span> <span class='ocrx_word' id='word_1_383' title='bbox 2178 2756 2329 2811; x_wconf 81' lang='lat' dir='ltr'>Sexti</span> <span class='ocrx_word' id='word_1_384' title='bbox 2360 2756 2490 2811; x_wconf 90' lang='lat' dir='ltr'>libri</span> <span class='ocrx_word' id='word_1_385' title='bbox 2520 2761 2717 2813; x_wconf 77' lang='lat' dir='ltr'>auctor</span> <span class='ocrx_word' id='word_1_386' title='bbox 2751 2759 3020 2816; x_wconf 90' lang='lat' dir='ltr'>incertus.</span> 
     </span>
    </p>
   </div>
   <div class='ocr_carea' id='block_1_55' title="bbox 1962 2844 3493 2916">
    <p class='ocr_par' dir='ltr' id='par_1_55' title="bbox 1962 2844 3493 2916">
     <span class='ocr_line' id='line_1_55' title="bbox 1962 2844 3493 2916; baseline 0.008 -18"><span class='ocrx_word' id='word_1_387' title='bbox 1962 2844 2171 2911; x_wconf 91' lang='lat' dir='ltr'>Primo,</span> <span class='ocrx_word' id='word_1_388' title='bbox 2206 2845 2337 2916; x_wconf 87' lang='lat' dir='ltr'>quia</span> <span class='ocrx_word' id='word_1_389' title='bbox 2366 2846 2707 2916; x_wconf 86' lang='lat' dir='ltr'>Sigebertus,</span> <span class='ocrx_word' id='word_1_390' title='bbox 2743 2848 2812 2903; x_wconf 91' lang='lat' dir='ltr'>de</span> <span class='ocrx_word' id='word_1_391' title='bbox 2833 2849 3036 2904; x_wconf 85' lang='lat' dir='ltr'>illustr.</span> <span class='ocrx_word' id='word_1_392' title='bbox 3062 2849 3316 2907; x_wconf 69' lang='lat' dir='ltr'>Ecclesiae</span> <span class='ocrx_word' id='word_1_393' title='bbox 3348 2853 3493 2910; x_wconf 89' lang='lat' dir='ltr'>Scri-</span> 
     </span>
    </p>
   </div>
   <div class='ocr_carea' id='block_1_56' title="bbox 1892 2933 3492 3006">
    <p class='ocr_par' dir='ltr' id='par_1_56' title="bbox 1892 2933 3492 3006">
     <span class='ocr_line' id='line_1_56' title="bbox 1892 2933 3492 3006; baseline 0.008 -21"><span class='ocrx_word' id='word_1_394' title='bbox 1892 2937 2060 3003; x_wconf 89' lang='lat' dir='ltr'>ptor.,</span> <span class='ocrx_word' id='word_1_395' title='bbox 2082 2933 2141 2987; x_wconf 91' lang='lat' dir='ltr'>in</span> <span class='ocrx_word' id='word_1_396' title='bbox 2169 2934 2402 3001; x_wconf 88' lang='lat' dir='ltr'>Joanne,</span> <span class='ocrx_word' id='word_1_397' title='bbox 2419 2951 2536 3006; x_wconf 87' lang='lat' dir='ltr'>cap.</span> <span class='ocrx_word' id='word_1_398' title='bbox 2578 2934 2693 3002; x_wconf 88' lang='lat' dir='ltr'>ll7,</span> <span class='ocrx_word' id='word_1_399' title='bbox 2711 2936 2921 2993; x_wconf 91' lang='lat' dir='ltr'>librum</span> <span class='ocrx_word' id='word_1_400' title='bbox 2949 2955 3081 2994; x_wconf 92' lang='lat' dir='ltr'>eum</span> <span class='ocrx_word' id='word_1_401' title='bbox 3102 2944 3260 2996; x_wconf 90' lang='lat' dir='ltr'>vocat</span> <span class='ocrx_word' id='word_1_402' title='bbox 3276 2944 3348 2996; x_wconf 81' lang='lat' dir='ltr'>De</span> <span class='ocrx_word' id='word_1_403' title='bbox 3373 2944 3492 2998; x_wconf 81' lang='lat' dir='ltr'>Vita</span> 
     </span>
    </p>
   </div>
   <div class='ocr_carea' id='block_1_57' title="bbox 1894 3021 3488 3103">
    <p class='ocr_par' dir='ltr' id='par_1_57' title="bbox 1894 3021 3488 3103">
     <span class='ocr_line' id='line_1_57' title="bbox 1894 3021 3488 3103; baseline 0.008 -28"><span class='ocrx_word' id='word_1_404' title='bbox 1894 3026 1942 3075; x_wconf 83' lang='lat' dir='ltr'>et</span> <span class='ocrx_word' id='word_1_405' title='bbox 1967 3024 2223 3077; x_wconf 75' lang='lat' dir='ltr'>doctrina</span> <span class='ocrx_word' id='word_1_406' title='bbox 2249 3025 2502 3089; x_wconf 82' lang='lat' dir='ltr'>Patrum,</span> <span class='ocrx_word' id='word_1_407' title='bbox 2545 3041 2648 3079; x_wconf 90' lang='lat' dir='ltr'>nec</span> <span class='ocrx_word' id='word_1_408' title='bbox 2689 3027 2936 3082; x_wconf 87' lang='lat' dir='ltr'>auctoris</span> <span class='ocrx_word' id='word_1_409' title='bbox 2966 3044 3171 3084; x_wconf 90' lang='lat' dir='ltr'>nomen</span> <span class='ocrx_word' id='word_1_410' title='bbox 3200 3021 3488 3103; x_wconf 77' lang='lat' dir='ltr'>exprimit.</span> 
     </span>
    </p>
   </div>
   <div class='ocr_carea' id='block_1_58' title="bbox 1966 3111 3489 3190">
    <p class='ocr_par' dir='ltr' id='par_1_58' title="bbox 1966 3111 3489 3190">
     <span class='ocr_line' id='line_1_58' title="bbox 1966 3111 3489 3190; baseline 0.009 -25"><span class='ocrx_word' id='word_1_411' title='bbox 1966 3111 2239 3176; x_wconf 89' lang='lat' dir='ltr'>Secundo,</span> <span class='ocrx_word' id='word_1_412' title='bbox 2274 3112 2405 3182; x_wconf 89' lang='lat' dir='ltr'>quia</span> <span class='ocrx_word' id='word_1_413' title='bbox 2445 3113 2678 3168; x_wconf 89' lang='lat' dir='ltr'>Photius</span> <span class='ocrx_word' id='word_1_414' title='bbox 2706 3114 2767 3169; x_wconf 90' lang='lat' dir='ltr'>in</span> <span class='ocrx_word' id='word_1_415' title='bbox 2795 3115 3157 3185; x_wconf 83' lang='lat' dir='ltr'>Bibliotheca,</span> <span class='ocrx_word' id='word_1_416' title='bbox 3192 3119 3328 3174; x_wconf 89' lang='lat' dir='ltr'>Cod.</span> <span class='ocrx_word' id='word_1_417' title='bbox 3367 3118 3489 3190; x_wconf 84' lang='grc'><strong>198,</strong></span> 
     </span>
    </p>
   </div>
   <div class='ocr_carea' id='block_1_59' title="bbox 212 3178 1809 3287">
    <p class='ocr_par' dir='ltr' id='par_1_59' title="bbox 212 3178 1809 3287">
     <span class='ocr_line' id='line_1_59' title="bbox 212 3178 1809 3287; baseline 0.001 -20"><span class='ocrx_word' id='word_1_418' title='bbox 212 3211 491 3267; x_wconf 85' lang='lat' dir='ltr'>Nuntiata</span> <span class='ocrx_word' id='word_1_419' title='bbox 511 3178 603 3265; x_wconf 78' lang='lat' dir='ltr'>est</span> <span class='ocrx_word' id='word_1_420' title='bbox 628 3210 850 3266; x_wconf 90' lang='lat' dir='ltr'>cuidam</span> <span class='ocrx_word' id='word_1_421' title='bbox 878 3178 1152 3268; x_wconf 90' lang='lat' dir='ltr'>monacho</span> <span class='ocrx_word' id='word_1_422' title='bbox 1182 3178 1559 3285; x_wconf 37' lang='lat' dir='ltr'>morspat—ri‘s,</span> 
     </span>
    </p>
   </div>
   <div class='ocr_carea' id='block_1_60' title="bbox 1897 3178 3493 3287">
    <p class='ocr_par' dir='ltr' id='par_1_60' title="bbox 1897 3200 3493 3273">
     <span class='ocr_line' id='line_1_60' title="bbox 1897 3200 3493 3273; baseline 0.009 -22"><span class='ocrx_word' id='word_1_423' title='bbox 1897 3215 2063 3270; x_wconf 89' lang='lat' dir='ltr'>quem</span> <span class='ocrx_word' id='word_1_424' title='bbox 2119 3200 2371 3270; x_wconf 84' lang='lat' dir='ltr'>proximo</span> <span class='ocrx_word' id='word_1_425' title='bbox 2427 3202 2824 3273; x_wconf 80' lang='lat' dir='ltr'>prolegomene</span> <span class='ocrx_word' id='word_1_426' title='bbox 2860 3205 3043 3273; x_wconf 85' lang='lat' dir='ltr'>citavi,</span> <span class='ocrx_word' id='word_1_427' title='bbox 3087 3207 3237 3262; x_wconf 89' lang='lat' dir='ltr'>hunc</span> <span class='ocrx_word' id='word_1_428' title='bbox 3283 3208 3493 3265; x_wconf 89' lang='lat' dir='ltr'>librum</span> 
     </span>
    </p>
   </div>
   <div class='ocr_carea' id='block_1_61' title="bbox 212 3299 1497 3375">
    <p class='ocr_par' dir='ltr' id='par_1_61' title="bbox 212 3299 1497 3375">
     <span class='ocr_line' id='line_1_61' title="bbox 212 3299 1497 3375; baseline 0.002 -20"><span class='ocrx_word' id='word_1_429' title='bbox 212 3300 385 3355; x_wconf 86' lang='lat' dir='ltr'>etiam</span> <span class='ocrx_word' id='word_1_430' title='bbox 416 3316 483 3355; x_wconf 87' lang='lat' dir='ltr'>ex</span> <span class='ocrx_word' id='word_1_431' title='bbox 512 3299 746 3371; x_wconf 87' lang='lat' dir='ltr'>Evagrio</span> <span class='ocrx_word' id='word_1_432' title='bbox 766 3300 902 3356; x_wconf 91' lang='lat' dir='ltr'>citat</span> <span class='ocrx_word' id='word_1_433' title='bbox 929 3301 1280 3373; x_wconf 88' lang='lat' dir='ltr'>Nicephorus</span> <span class='ocrx_word' id='word_1_434' title='bbox 1308 3320 1497 3375; x_wconf 89' lang='lat' dir='ltr'>supra.</span> 
     </span>
    </p>
   </div>
   <div class='ocr_carea' id='block_1_62' title="bbox 286 3387 1816 3462">
    <p class='ocr_par' dir='ltr' id='par_1_62' title="bbox 286 3387 1816 3462">
     <span class='ocr_line' id='line_1_62' title="bbox 286 3387 1816 3462; baseline 0.001 -18"><span class='ocrx_word' id='word_1_435' title='bbox 286 3390 358 3444; x_wconf 89' lang='lat' dir='ltr'>Et</span> <span class='ocrx_word' id='word_1_436' title='bbox 405 3387 595 3443; x_wconf 90' lang='lat' dir='ltr'>libello</span> <span class='ocrx_word' id='word_1_437' title='bbox 630 3403 704 3455; x_wconf 74' lang='lat' dir='ltr'>v1,</span> <span class='ocrx_word' id='word_1_438' title='bbox 746 3405 896 3445; x_wconf 90' lang='lat' dir='ltr'>num.</span> <span class='ocrx_word' id='word_1_439' title='bbox 946 3388 979 3447; x_wconf 89' lang='grc'><strong>5</strong></span> <span class='ocrx_word' id='word_1_440' title='bbox 1012 3415 1024 3450; x_wconf 88' lang='lat'><strong>:</strong></span> <span class='ocrx_word' id='word_1_441' title='bbox 1071 3408 1098 3442; x_wconf 88' lang='grc'>‹‹</span> <span class='ocrx_word' id='word_1_442' title='bbox 1130 3390 1283 3446; x_wconf 85' lang='lat' dir='ltr'>Dixit</span> <span class='ocrx_word' id='word_1_443' title='bbox 1321 3391 1493 3447; x_wconf 89' lang='lat' dir='ltr'>abbas</span> <span class='ocrx_word' id='word_1_444' title='bbox 1545 3392 1816 3462; x_wconf 87' lang='lat' dir='ltr'>Evagrius</span> 
     </span>
    </p>
   </div>
   <div class='ocr_carea' id='block_1_63' title="bbox 216 3477 1819 3551">
    <p class='ocr_par' dir='ltr' id='par_1_63' title="bbox 216 3477 1819 3551">
     <span class='ocr_line' id='line_1_63' title="bbox 216 3477 1819 3551; baseline 0.001 -18"><span class='ocrx_word' id='word_1_445' title='bbox 216 3479 388 3533; x_wconf 84' lang='lat' dir='ltr'>fuisse</span> <span class='ocrx_word' id='word_1_446' title='bbox 411 3477 711 3550; x_wconf 85' lang='lat' dir='ltr'>quemdam</span> <span class='ocrx_word' id='word_1_447' title='bbox 729 3478 961 3534; x_wconf 88' lang='lat' dir='ltr'>fratrem</span> <span class='ocrx_word' id='word_1_448' title='bbox 983 3479 1077 3551; x_wconf 91' lang='lat' dir='ltr'>qui</span> <span class='ocrx_word' id='word_1_449' title='bbox 1097 3480 1241 3535; x_wconf 89' lang='lat' dir='ltr'>nihil</span> <span class='ocrx_word' id='word_1_450' title='bbox 1263 3480 1460 3536; x_wconf 90' lang='lat' dir='ltr'>habuit</span> <span class='ocrx_word' id='word_1_451' title='bbox 1474 3480 1535 3534; x_wconf 89' lang='lat' dir='ltr'>in</span> <span class='ocrx_word' id='word_1_452' title='bbox 1560 3479 1819 3535; x_wconf 89' lang='lat' dir='ltr'>substan-</span> 
     </span>
    </p>
   </div>
   <div class='ocr_carea' id='block_1_64' title="bbox 213 3566 1819 3640">
    <p class='ocr_par' dir='ltr' id='par_1_64' title="bbox 213 3566 1819 3640">
     <span class='ocr_line' id='line_1_64' title="bbox 213 3566 1819 3640; baseline -0.001 -18"><span class='ocrx_word' id='word_1_453' title='bbox 213 3567 297 3622; x_wconf 83' lang='lat' dir='ltr'>tia</span> <span class='ocrx_word' id='word_1_454' title='bbox 325 3582 450 3633; x_wconf 88' lang='lat' dir='ltr'>sua,</span> <span class='ocrx_word' id='word_1_455' title='bbox 477 3566 586 3620; x_wconf 83' lang='lat' dir='ltr'>nisi</span> <span class='ocrx_word' id='word_1_456' title='bbox 614 3570 837 3621; x_wconf 87' lang='lat' dir='ltr'>tantum</span> <span class='ocrx_word' id='word_1_457' title='bbox 873 3568 1237 3638; x_wconf 89' lang='lat' dir='ltr'>Evangelium</span> <span class='ocrx_word' id='word_1_458' title='bbox 1271 3609 1283 3635; x_wconf 93' lang='lat'>,</span> <span class='ocrx_word' id='word_1_459' title='bbox 1321 3587 1348 3621; x_wconf 87' lang='lat'>»</span> <span class='ocrx_word' id='word_1_460' title='bbox 1381 3584 1504 3640; x_wconf 63' lang='lat' dir='ltr'>quas</span> <span class='ocrx_word' id='word_1_461' title='bbox 1532 3568 1703 3623; x_wconf 88' lang='lat' dir='ltr'>etiam</span> <span class='ocrx_word' id='word_1_462' title='bbox 1750 3585 1819 3621; x_wconf 86' lang='lat' dir='ltr'>ex</span> 
     </span>
    </p>
   </div>
   <div class='ocr_carea' id='block_1_65' title="bbox 216 3654 1479 3728">
    <p class='ocr_par' dir='ltr' id='par_1_65' title="bbox 216 3654 1479 3728">
     <span class='ocr_line' id='line_1_65' title="bbox 216 3654 1479 3728; baseline -0.001 -17"><span class='ocrx_word' id='word_1_463' title='bbox 216 3654 441 3727; x_wconf 80' lang='lat' dir='ltr'>Evagrii</span> <span class='ocrx_word' id='word_1_464' title='bbox 469 3654 720 3710; x_wconf 87' lang='lat' dir='ltr'>Practico</span> <span class='ocrx_word' id='word_1_465' title='bbox 747 3655 886 3710; x_wconf 87' lang='lat' dir='ltr'>citat</span> <span class='ocrx_word' id='word_1_466' title='bbox 914 3656 1261 3728; x_wconf 90' lang='lat' dir='ltr'>Nicephorus</span> <span class='ocrx_word' id='word_1_467' title='bbox 1289 3672 1479 3727; x_wconf 88' lang='lat' dir='ltr'>supra.</span> 
     </span>
    </p>
   </div>
   <div class='ocr_carea' id='block_1_66' title="bbox 285 3743 1814 3821">
    <p class='ocr_par' dir='ltr' id='par_1_66' title="bbox 285 3743 1814 3821">
     <span class='ocr_line' id='line_1_66' title="bbox 285 3743 1814 3821; baseline 0 -23"><span class='ocrx_word' id='word_1_468' title='bbox 285 3743 339 3798; x_wconf 70' lang='grc' dir='ltr'>τὶ.</span> <span class='ocrx_word' id='word_1_469' title='bbox 372 3743 659 3811; x_wconf 63' lang='lat' dir='ltr'>Quaedam,</span> <span class='ocrx_word' id='word_1_470' title='bbox 693 3761 816 3815; x_wconf 73' lang='lat' dir='ltr'>quae</span> <span class='ocrx_word' id='word_1_471' title='bbox 844 3744 982 3799; x_wconf 90' lang='lat' dir='ltr'>citat</span> <span class='ocrx_word' id='word_1_472' title='bbox 1009 3745 1359 3821; x_wconf 77' lang='lat' dir='ltr'>Nicephorus</span> <span class='ocrx_word' id='word_1_473' title='bbox 1388 3763 1455 3799; x_wconf 84' lang='lat' dir='ltr'>ex</span> <span class='ocrx_word' id='word_1_474' title='bbox 1491 3745 1715 3816; x_wconf 86' lang='lat' dir='ltr'>Evagrii</span> <span class='ocrx_word' id='word_1_475' title='bbox 1744 3744 1814 3798; x_wconf 89' lang='lat' dir='ltr'>li-</span> 
     </span>
    </p>
   </div>
   <div class='ocr_carea' id='block_1_67' title="bbox 215 3831 1815 3904">
    <p class='ocr_par' dir='ltr' id='par_1_67' title="bbox 215 3831 1815 3904">
     <span class='ocr_line' id='line_1_67' title="bbox 215 3831 1815 3904; baseline 0.001 -18"><span class='ocrx_word' id='word_1_476' title='bbox 215 3832 354 3899; x_wconf 89' lang='lat' dir='ltr'>bris,</span> <span class='ocrx_word' id='word_1_477' title='bbox 388 3831 482 3886; x_wconf 88' lang='lat' dir='ltr'>hic</span> <span class='ocrx_word' id='word_1_478' title='bbox 509 3848 622 3886; x_wconf 91' lang='lat' dir='ltr'>non</span> <span class='ocrx_word' id='word_1_479' title='bbox 656 3832 1036 3904; x_wconf 87' lang='lat' dir='ltr'>reperiuntur.</span> <span class='ocrx_word' id='word_1_480' title='bbox 1070 3834 1162 3897; x_wconf 90' lang='lat' dir='ltr'>Ut,</span> <span class='ocrx_word' id='word_1_481' title='bbox 1208 3833 1356 3904; x_wconf 88' lang='lat' dir='ltr'>quod</span> <span class='ocrx_word' id='word_1_482' title='bbox 1394 3833 1530 3888; x_wconf 89' lang='lat' dir='ltr'>citat</span> <span class='ocrx_word' id='word_1_483' title='bbox 1566 3850 1632 3888; x_wconf 93' lang='lat' dir='ltr'>ex</span> <span class='ocrx_word' id='word_1_484' title='bbox 1672 3832 1815 3888; x_wconf 91' lang='lat' dir='ltr'>libro</span> 
     </span>
    </p>
   </div>
   <div class='ocr_carea' id='block_1_68' title="bbox 216 3920 1817 3993">
    <p class='ocr_par' dir='ltr' id='par_1_68' title="bbox 216 3920 1817 3993">
     <span class='ocr_line' id='line_1_68' title="bbox 216 3920 1817 3993; baseline 0.001 -18"><span class='ocrx_word' id='word_1_485' title='bbox 216 3921 486 3976; x_wconf 88' lang='lat' dir='ltr'>Gnostico</span> <span class='ocrx_word' id='word_1_486' title='bbox 513 3922 636 3991; x_wconf 91' lang='lat' dir='ltr'>ejus</span> <span class='ocrx_word' id='word_1_487' title='bbox 664 3920 733 3976; x_wconf 91' lang='lat' dir='ltr'>de</span> <span class='ocrx_word' id='word_1_488' title='bbox 762 3922 1032 3991; x_wconf 88' lang='lat' dir='ltr'>Gregorio</span> <span class='ocrx_word' id='word_1_489' title='bbox 1051 3923 1225 3991; x_wconf 88' lang='lat' dir='ltr'>justo,</span> <span class='ocrx_word' id='word_1_490' title='bbox 1248 3922 1318 3976; x_wconf 91' lang='lat' dir='ltr'>de</span> <span class='ocrx_word' id='word_1_491' title='bbox 1340 3928 1582 3993; x_wconf 87' lang='lat' dir='ltr'>quatuor</span> <span class='ocrx_word' id='word_1_492' title='bbox 1598 3921 1817 3977; x_wconf 82' lang='lat' dir='ltr'>virtuti-</span> 
     </span>
    </p>
   </div>
   <div class='ocr_carea' id='block_1_69' title="bbox 217 4008 1816 4082">
    <p class='ocr_par' dir='ltr' id='par_1_69' title="bbox 217 4008 1816 4082">
     <span class='ocr_line' id='line_1_69' title="bbox 217 4008 1816 4082; baseline 0.001 -18"><span class='ocrx_word' id='word_1_493' title='bbox 217 4008 323 4064; x_wconf 88' lang='lat' dir='ltr'>bus</span> <span class='ocrx_word' id='word_1_494' title='bbox 351 4008 752 4077; x_wconf 87' lang='lat' dir='ltr'>cardiualibus,</span> <span class='ocrx_word' id='word_1_495' title='bbox 782 4009 851 4064; x_wconf 86' lang='lat' dir='ltr'>de</span> <span class='ocrx_word' id='word_1_496' title='bbox 891 4010 1215 4081; x_wconf 84' lang='lat' dir='ltr'>Serapione,</span> <span class='ocrx_word' id='word_1_497' title='bbox 1246 4010 1316 4064; x_wconf 90' lang='lat' dir='ltr'>de</span> <span class='ocrx_word' id='word_1_498' title='bbox 1347 4016 1533 4065; x_wconf 90' lang='lat' dir='ltr'>mente</span> <span class='ocrx_word' id='word_1_499' title='bbox 1576 4010 1816 4082; x_wconf 82' lang='lat' dir='ltr'>spiritali</span> 
     </span>
    </p>
   </div>
   <div class='ocr_carea' id='block_1_70' title="bbox 215 4097 1821 4171">
    <p class='ocr_par' dir='ltr' id='par_1_70' title="bbox 215 4097 1821 4171">
     <span class='ocr_line' id='line_1_70' title="bbox 215 4097 1821 4171; baseline 0.001 -17"><span class='ocrx_word' id='word_1_500' title='bbox 215 4098 539 4170; x_wconf 86' lang='lat' dir='ltr'>cognitione</span> <span class='ocrx_word' id='word_1_501' title='bbox 560 4097 795 4164; x_wconf 89' lang='lat' dir='ltr'>imbuta,</span> <span class='ocrx_word' id='word_1_502' title='bbox 819 4098 889 4153; x_wconf 90' lang='lat' dir='ltr'>de</span> <span class='ocrx_word' id='word_1_503' title='bbox 908 4098 1166 4171; x_wconf 85' lang='lat' dir='ltr'>Didymo,</span> <span class='ocrx_word' id='word_1_504' title='bbox 1185 4099 1255 4153; x_wconf 88' lang='lat' dir='ltr'>de</span> <span class='ocrx_word' id='word_1_505' title='bbox 1277 4098 1633 4155; x_wconf 88' lang='lat' dir='ltr'>Providentia</span> <span class='ocrx_word' id='word_1_506' title='bbox 1653 4105 1711 4155; x_wconf 88' lang='lat' dir='ltr'>et</span> <span class='ocrx_word' id='word_1_507' title='bbox 1732 4101 1821 4171; x_wconf 89' lang='lat' dir='ltr'>ju-</span> 
     </span>
    </p>
   </div>
   <div class='ocr_carea' id='block_1_71' title="bbox 214 4185 1816 4260">
    <p class='ocr_par' dir='ltr' id='par_1_71' title="bbox 214 4185 1816 4260">
     <span class='ocr_line' id='line_1_71' title="bbox 214 4185 1816 4260; baseline 0.001 -17"><span class='ocrx_word' id='word_1_508' title='bbox 214 4187 385 4248; x_wconf 86' lang='lat' dir='ltr'>dicio,</span> <span class='ocrx_word' id='word_1_509' title='bbox 405 4186 478 4243; x_wconf 86' lang='lat' dir='ltr'>de</span> <span class='ocrx_word' id='word_1_510' title='bbox 497 4186 722 4253; x_wconf 88' lang='lat' dir='ltr'>Basilio,</span> <span class='ocrx_word' id='word_1_511' title='bbox 742 4187 890 4259; x_wconf 85' lang='lat' dir='ltr'>quod</span> <span class='ocrx_word' id='word_1_512' title='bbox 910 4185 1147 4241; x_wconf 87' lang='lat' dir='ltr'>scientia</span> <span class='ocrx_word' id='word_1_513' title='bbox 1174 4187 1538 4243; x_wconf 86' lang='lat' dir='ltr'>meditatione</span> <span class='ocrx_word' id='word_1_514' title='bbox 1553 4194 1816 4260; x_wconf 87' lang='lat' dir='ltr'>augetur,</span> 
     </span>
    </p>
   </div>
   <div class='ocr_carea' id='block_1_72' title="bbox 219 4274 1225 4347">
    <p class='ocr_par' dir='ltr' id='par_1_72' title="bbox 219 4274 1225 4347">
     <span class='ocr_line' id='line_1_72' title="bbox 219 4274 1225 4347; baseline 0 -18"><span class='ocrx_word' id='word_1_515' title='bbox 219 4276 288 4330; x_wconf 84' lang='lat' dir='ltr'>dc</span> <span class='ocrx_word' id='word_1_516' title='bbox 319 4275 648 4341; x_wconf 71' lang='lat' dir='ltr'>Athanasio,</span> <span class='ocrx_word' id='word_1_517' title='bbox 679 4274 750 4330; x_wconf 90' lang='lat' dir='ltr'>de</span> <span class='ocrx_word' id='word_1_518' title='bbox 778 4292 973 4331; x_wconf 85' lang='lat' dir='ltr'>mensa</span> <span class='ocrx_word' id='word_1_519' title='bbox 1006 4274 1225 4347; x_wconf 77' lang='lat' dir='ltr'>Moysis.</span> 
     </span>
    </p>
   </div>
   <div class='ocr_carea' id='block_1_73' title="bbox 289 4363 1820 4438">
    <p class='ocr_par' dir='ltr' id='par_1_73' title="bbox 289 4363 1820 4438">
     <span class='ocr_line' id='line_1_73' title="bbox 289 4363 1820 4438; baseline 0.001 -18"><span class='ocrx_word' id='word_1_520' title='bbox 289 4365 343 4421; x_wconf 82' lang='lat'>3.</span> <span class='ocrx_word' id='word_1_521' title='bbox 379 4363 525 4428; x_wconf 87' lang='lat' dir='ltr'>Quia</span> <span class='ocrx_word' id='word_1_522' title='bbox 544 4364 683 4418; x_wconf 87' lang='lat' dir='ltr'>varii</span> <span class='ocrx_word' id='word_1_523' title='bbox 708 4364 956 4419; x_wconf 87' lang='lat' dir='ltr'>citantur</span> <span class='ocrx_word' id='word_1_524' title='bbox 986 4372 1242 4420; x_wconf 88' lang='lat' dir='ltr'>auctores</span> <span class='ocrx_word' id='word_1_525' title='bbox 1286 4366 1522 4437; x_wconf 86' lang='lat' dir='ltr'>Evagrio</span> <span class='ocrx_word' id='word_1_526' title='bbox 1550 4364 1820 4438; x_wconf 64' lang='lat' dir='ltr'>posterio«</span> 
     </span>
    </p>
   </div>
   <div class='ocr_carea' id='block_1_74' title="bbox 220 4454 1822 4527">
    <p class='ocr_par' dir='ltr' id='par_1_74' title="bbox 220 4454 1822 4527">
     <span class='ocr_line' id='line_1_74' title="bbox 220 4454 1822 4527; baseline 0.001 -18"><span class='ocrx_word' id='word_1_527' title='bbox 220 4470 333 4519; x_wconf 85' lang='lat' dir='ltr'>res,</span> <span class='ocrx_word' id='word_1_528' title='bbox 349 4458 413 4509; x_wconf 87' lang='lat' dir='ltr'>ut</span> <span class='ocrx_word' id='word_1_529' title='bbox 430 4455 674 4509; x_wconf 88' lang='lat' dir='ltr'>Joannes</span> <span class='ocrx_word' id='word_1_530' title='bbox 699 4454 1018 4521; x_wconf 87' lang='lat' dir='ltr'>Cassianus,</span> <span class='ocrx_word' id='word_1_531' title='bbox 1038 4454 1281 4527; x_wconf 86' lang='lat' dir='ltr'>Cyrillus</span> <span class='ocrx_word' id='word_1_532' title='bbox 1310 4455 1743 4523; x_wconf 83' lang='lat' dir='ltr'>Alexandrinus,</span> <span class='ocrx_word' id='word_1_533' title='bbox 1764 4460 1822 4511; x_wconf 89' lang='lat' dir='ltr'>et</span> 
     </span>
    </p>
   </div>
   <div class='ocr_carea' id='block_1_75' title="bbox 221 4543 1571 4616">
    <p class='ocr_par' dir='ltr' id='par_1_75' title="bbox 221 4543 1571 4616">
     <span class='ocr_line' id='line_1_75' title="bbox 221 4543 1571 4616; baseline 0.001 -19"><span class='ocrx_word' id='word_1_534' title='bbox 221 4543 318 4597; x_wconf 87' lang='lat' dir='ltr'>alii</span> <span class='ocrx_word' id='word_1_535' title='bbox 349 4543 627 4609; x_wconf 90' lang='lat' dir='ltr'>nonnulli,</span> <span class='ocrx_word' id='word_1_536' title='bbox 660 4560 799 4615; x_wconf 92' lang='lat' dir='ltr'>quos</span> <span class='ocrx_word' id='word_1_537' title='bbox 824 4544 999 4598; x_wconf 89' lang='lat' dir='ltr'>lector</span> <span class='ocrx_word' id='word_1_538' title='bbox 1024 4544 1144 4615; x_wconf 84' lang='lat' dir='ltr'>ipse</span> <span class='ocrx_word' id='word_1_539' title='bbox 1171 4544 1571 4616; x_wconf 88' lang='lat' dir='ltr'>deprehendet.</span> 
     </span>
    </p>
   </div>
   <div class='ocr_carea' id='block_1_76' title="bbox 1896 3288 3493 3369">
    <p class='ocr_par' dir='ltr' id='par_1_76' title="bbox 1896 3288 3493 3369">
     <span class='ocr_line' id='line_1_76' title="bbox 1896 3288 3493 3369; baseline 0.008 -27"><span class='ocrx_word' id='word_1_540' title='bbox 1896 3288 2069 3359; x_wconf 89' lang='lat' dir='ltr'>priori</span> <span class='ocrx_word' id='word_1_541' title='bbox 2095 3289 2374 3356; x_wconf 87' lang='lat' dir='ltr'>annectit;</span> <span class='ocrx_word' id='word_1_542' title='bbox 2406 3307 2581 3360; x_wconf 87' lang='lat' dir='ltr'>quare</span> <span class='ocrx_word' id='word_1_543' title='bbox 2608 3291 2758 3347; x_wconf 91' lang='lat' dir='ltr'>idem</span> <span class='ocrx_word' id='word_1_544' title='bbox 2785 3293 2856 3347; x_wconf 91' lang='lat' dir='ltr'>de</span> <span class='ocrx_word' id='word_1_545' title='bbox 2886 3294 2992 3350; x_wconf 89' lang='lat' dir='ltr'>hoc</span> <span class='ocrx_word' id='word_1_546' title='bbox 3020 3294 3314 3352; x_wconf 90' lang='lat' dir='ltr'>ferendum</span> <span class='ocrx_word' id='word_1_547' title='bbox 3335 3298 3493 3369; x_wconf 91' lang='lat' dir='ltr'>judi-</span> 
     </span>
    </p>
   </div>
   <div class='ocr_carea' id='block_1_77' title="bbox 1897 3377 2556 3450">
    <p class='ocr_par' dir='ltr' id='par_1_77' title="bbox 1897 3377 2556 3450">
     <span class='ocr_line' id='line_1_77' title="bbox 1897 3377 2556 3450; baseline 0.003 -19"><span class='ocrx_word' id='word_1_548' title='bbox 1897 3378 2048 3431; x_wconf 91' lang='lat' dir='ltr'>cium</span> <span class='ocrx_word' id='word_1_549' title='bbox 2079 3377 2227 3449; x_wconf 91' lang='lat' dir='ltr'>quod</span> <span class='ocrx_word' id='word_1_550' title='bbox 2258 3378 2326 3432; x_wconf 93' lang='lat' dir='ltr'>de</span> <span class='ocrx_word' id='word_1_551' title='bbox 2350 3378 2556 3450; x_wconf 87' lang='lat' dir='ltr'>priore.</span> 
     </span>
    </p>
   </div>
   <div class='ocr_carea' id='block_1_78' title="bbox 1970 3469 3499 3548">
    <p class='ocr_par' dir='ltr' id='par_1_78' title="bbox 1970 3469 3499 3548">
     <span class='ocr_line' id='line_1_78' title="bbox 1970 3469 3499 3548; baseline 0.009 -27"><span class='ocrx_word' id='word_1_552' title='bbox 1970 3469 2044 3522; x_wconf 87' lang='lat' dir='ltr'>At</span> <span class='ocrx_word' id='word_1_553' title='bbox 2061 3484 2318 3522; x_wconf 90' lang='lat' dir='ltr'>occurres</span> <span class='ocrx_word' id='word_1_554' title='bbox 2346 3486 2356 3521; x_wconf 92' lang='lat'>:</span> <span class='ocrx_word' id='word_1_555' title='bbox 2384 3469 2629 3524; x_wconf 87' lang='lat' dir='ltr'>Joannes</span> <span class='ocrx_word' id='word_1_556' title='bbox 2644 3470 3044 3541; x_wconf 84' lang='lat' dir='ltr'>Damascenus,</span> <span class='ocrx_word' id='word_1_557' title='bbox 3067 3473 3124 3529; x_wconf 90' lang='lat' dir='ltr'>in</span> <span class='ocrx_word' id='word_1_558' title='bbox 3148 3474 3291 3532; x_wconf 90' lang='lat' dir='ltr'>libro</span> <span class='ocrx_word' id='word_1_559' title='bbox 3304 3477 3402 3548; x_wconf 89' lang='lat' dir='ltr'>qui</span> <span class='ocrx_word' id='word_1_560' title='bbox 3414 3477 3499 3534; x_wconf 82' lang='lat' dir='ltr'>in-</span> 
     </span>
    </p>
   </div>
   <div class='ocr_carea' id='block_1_79' title="bbox 1899 3556 3493 3635">
    <p class='ocr_par' dir='ltr' id='par_1_79' title="bbox 1899 3556 3493 3635">
     <span class='ocr_line' id='line_1_79' title="bbox 1899 3556 3493 3635; baseline 0.008 -25"><span class='ocrx_word' id='word_1_561' title='bbox 1899 3556 2179 3622; x_wconf 86' lang='lat' dir='ltr'>scribitur,</span> <span class='ocrx_word' id='word_1_562' title='bbox 2214 3559 2286 3612; x_wconf 83' lang='lat' dir='ltr'>De</span> <span class='ocrx_word' id='word_1_563' title='bbox 2308 3560 2378 3611; x_wconf 84' lang='lat' dir='ltr'>iis</span> <span class='ocrx_word' id='word_1_564' title='bbox 2397 3560 2498 3626; x_wconf 82' lang='lat' dir='ltr'>qui</span> <span class='ocrx_word' id='word_1_565' title='bbox 2517 3575 2643 3612; x_wconf 88' lang='lat' dir='ltr'>cum</span> <span class='ocrx_word' id='word_1_566' title='bbox 2662 3561 2766 3627; x_wconf 83' lang='lat' dir='ltr'>ﬁde</span> <span class='ocrx_word' id='word_1_567' title='bbox 2790 3569 3132 3618; x_wconf 70' lang='lat' dir='ltr'>excesserunt</span> <span class='ocrx_word' id='word_1_568' title='bbox 3150 3581 3219 3619; x_wconf 78' lang='lat' dir='ltr'>ea:</span> <span class='ocrx_word' id='word_1_569' title='bbox 3236 3566 3338 3620; x_wconf 82' lang='lat' dir='ltr'>hac</span> <span class='ocrx_word' id='word_1_570' title='bbox 3358 3570 3493 3635; x_wconf 83' lang='lat' dir='ltr'>vita,</span> 
     </span>
    </p>
   </div>
   <div class='ocr_carea' id='block_1_80' title="bbox 1900 3644 3500 3721">
    <p class='ocr_par' dir='ltr' id='par_1_80' title="bbox 1900 3644 3500 3721">
     <span class='ocr_line' id='line_1_80' title="bbox 1900 3644 3500 3721; baseline 0.009 -23"><span class='ocrx_word' id='word_1_571' title='bbox 1900 3644 2072 3699; x_wconf 85' lang='lat' dir='ltr'>refert</span> <span class='ocrx_word' id='word_1_572' title='bbox 2088 3645 2157 3699; x_wconf 91' lang='lat' dir='ltr'>de</span> <span class='ocrx_word' id='word_1_573' title='bbox 2172 3645 2414 3700; x_wconf 89' lang='lat' dir='ltr'>Macario</span> <span class='ocrx_word' id='word_1_574' title='bbox 2442 3646 2759 3713; x_wconf 90' lang='lat' dir='ltr'>historiam,</span> <span class='ocrx_word' id='word_1_575' title='bbox 2792 3649 2889 3721; x_wconf 91' lang='lat' dir='ltr'>qui</span> <span class='ocrx_word' id='word_1_576' title='bbox 2917 3666 2989 3706; x_wconf 85' lang='lat' dir='ltr'>ex</span> <span class='ocrx_word' id='word_1_577' title='bbox 3017 3654 3227 3709; x_wconf 88' lang='lat' dir='ltr'>mortui</span> <span class='ocrx_word' id='word_1_578' title='bbox 3254 3654 3500 3711; x_wconf 86' lang='lat' dir='ltr'>hominis</span> 
     </span>
    </p>
   </div>
   <div class='ocr_carea' id='block_1_81' title="bbox 1897 3732 3502 3813">
    <p class='ocr_par' dir='ltr' id='par_1_81' title="bbox 1897 3732 3502 3813">
     <span class='ocr_line' id='line_1_81' title="bbox 1897 3732 3502 3813; baseline 0.007 -26"><span class='ocrx_word' id='word_1_579' title='bbox 1897 3732 2087 3789; x_wconf 88' lang='lat' dir='ltr'>cranio</span> <span class='ocrx_word' id='word_1_580' title='bbox 2115 3734 2427 3790; x_wconf 84' lang='lat' dir='ltr'>sciscitatus</span> <span class='ocrx_word' id='word_1_581' title='bbox 2457 3740 2544 3791; x_wconf 90' lang='lat' dir='ltr'>est</span> <span class='ocrx_word' id='word_1_582' title='bbox 2571 3736 2641 3791; x_wconf 89' lang='lat' dir='ltr'>de</span> <span class='ocrx_word' id='word_1_583' title='bbox 2666 3738 2790 3808; x_wconf 89' lang='lat' dir='ltr'>ejus</span> <span class='ocrx_word' id='word_1_584' title='bbox 2813 3743 2986 3805; x_wconf 85' lang='lat' dir='ltr'>statu,</span> <span class='ocrx_word' id='word_1_585' title='bbox 3016 3756 3255 3813; x_wconf 87' lang='lat' dir='ltr'>eamque</span> <span class='ocrx_word' id='word_1_586' title='bbox 3277 3743 3418 3798; x_wconf 86' lang='lat' dir='ltr'>citat</span> <span class='ocrx_word' id='word_1_587' title='bbox 3433 3759 3502 3800; x_wconf 86' lang='lat' dir='ltr'>ex</span> 
     </span>
    </p>
   </div>
   <div class='ocr_carea' id='block_1_82' title="bbox 1896 3823 3502 3898">
    <p class='ocr_par' dir='ltr' id='par_1_82' title="bbox 1896 3823 3502 3898">
     <span class='ocr_line' id='line_1_82' title="bbox 1896 3823 3502 3898; baseline 0.006 -21"><span class='ocrx_word' id='word_1_588' title='bbox 1896 3823 2131 3878; x_wconf 87' lang='lat' dir='ltr'>Palladii</span> <span class='ocrx_word' id='word_1_589' title='bbox 2149 3823 2419 3878; x_wconf 87' lang='lat' dir='ltr'>Lausiaca</span> <span class='ocrx_word' id='word_1_590' title='bbox 2438 3824 2706 3880; x_wconf 86' lang='lat' dir='ltr'>Historia.</span> <span class='ocrx_word' id='word_1_591' title='bbox 2724 3826 2897 3898; x_wconf 82' lang='lat' dir='ltr'>Atqui</span> <span class='ocrx_word' id='word_1_592' title='bbox 2918 3828 3037 3883; x_wconf 63' lang='lat' dir='ltr'>hec</span> <span class='ocrx_word' id='word_1_593' title='bbox 3054 3829 3253 3885; x_wconf 88' lang='lat' dir='ltr'>eadem</span> <span class='ocrx_word' id='word_1_594' title='bbox 3262 3830 3502 3887; x_wconf 87' lang='lat' dir='ltr'>historia</span> 
     </span>
    </p>
   </div>
   <div class='ocr_carea' id='block_1_83' title="bbox 1897 3911 3497 3989">
    <p class='ocr_par' dir='ltr' id='par_1_83' title="bbox 1897 3911 3497 3989">
     <span class='ocr_line' id='line_1_83' title="bbox 1897 3911 3497 3989; baseline 0.007 -23"><span class='ocrx_word' id='word_1_595' title='bbox 1897 3912 2178 3983; x_wconf 89' lang='lat' dir='ltr'>reperitur</span> <span class='ocrx_word' id='word_1_596' title='bbox 2222 3911 2363 3967; x_wconf 89' lang='lat' dir='ltr'>libro</span> <span class='ocrx_word' id='word_1_597' title='bbox 2412 3913 2517 3967; x_wconf 89' lang='lat' dir='ltr'>hoc</span> <span class='ocrx_word' id='word_1_598' title='bbox 2562 3919 2737 3980; x_wconf 86' lang='lat' dir='ltr'>sexto,</span> <span class='ocrx_word' id='word_1_599' title='bbox 2796 3914 2986 3971; x_wconf 92' lang='lat' dir='ltr'>libello</span> <span class='ocrx_word' id='word_1_600' title='bbox 3018 3918 3186 3974; x_wconf 89' lang='lat' dir='ltr'>tertio</span> <span class='ocrx_word' id='word_1_601' title='bbox 3243 3920 3497 3989; x_wconf 80' lang='lat' dir='ltr'>Joannis,</span> 
     </span>
    </p>
   </div>
   <div class='ocr_carea' id='block_1_84' title="bbox 1897 4001 3502 4073">
    <p class='ocr_par' dir='ltr' id='par_1_84' title="bbox 1897 4001 3502 4073">
     <span class='ocr_line' id='line_1_84' title="bbox 1897 4001 3502 4073; baseline 0.007 -18"><span class='ocrx_word' id='word_1_602' title='bbox 1897 4018 2055 4056; x_wconf 91' lang='lat' dir='ltr'>num.</span> <span class='ocrx_word' id='word_1_603' title='bbox 2075 4001 2162 4068; x_wconf 38' lang='lat'>16‘,</span> <span class='ocrx_word' id='word_1_604' title='bbox 2182 4008 2247 4056; x_wconf 92' lang='lat' dir='ltr'>ut</span> <span class='ocrx_word' id='word_1_605' title='bbox 2264 4008 2321 4056; x_wconf 90' lang='lat' dir='ltr'>et</span> <span class='ocrx_word' id='word_1_606' title='bbox 2333 4001 2505 4073; x_wconf 91' lang='lat' dir='ltr'>hujus</span> <span class='ocrx_word' id='word_1_607' title='bbox 2530 4002 2658 4057; x_wconf 90' lang='lat' dir='ltr'>libri</span> <span class='ocrx_word' id='word_1_608' title='bbox 2676 4004 2820 4059; x_wconf 80' lang='lat' dir='ltr'>sexti</span> <span class='ocrx_word' id='word_1_609' title='bbox 2838 4010 3037 4061; x_wconf 89' lang='lat' dir='ltr'>auctor</span> <span class='ocrx_word' id='word_1_610' title='bbox 3053 4007 3311 4064; x_wconf 87' lang='lat' dir='ltr'>videatur</span> <span class='ocrx_word' id='word_1_611' title='bbox 3328 4008 3502 4065; x_wconf 88' lang='lat' dir='ltr'>fuisse</span> 
     </span>
    </p>
   </div>
   <div class='ocr_carea' id='block_1_85' title="bbox 1900 4090 3503 4171">
    <p class='ocr_par' dir='ltr' id='par_1_85' title="bbox 1900 4090 3503 4171">
     <span class='ocr_line' id='line_1_85' title="bbox 1900 4090 3503 4171; baseline 0.005 -25"><span class='ocrx_word' id='word_1_612' title='bbox 1900 4090 2021 4162; x_wconf 91' lang='lat' dir='ltr'>ipse</span> <span class='ocrx_word' id='word_1_613' title='bbox 2050 4091 2351 4145; x_wconf 88' lang='lat' dir='ltr'>Palladius.</span> <span class='ocrx_word' id='word_1_614' title='bbox 2389 4091 2861 4162; x_wconf 70' lang='lat' dir='ltr'>Respondemlta</span> <span class='ocrx_word' id='word_1_615' title='bbox 2901 4094 3149 4166; x_wconf 79' lang='lat' dir='ltr'>quidem,</span> <span class='ocrx_word' id='word_1_616' title='bbox 3188 4097 3296 4153; x_wconf 91' lang='lat' dir='ltr'>hoc</span> <span class='ocrx_word' id='word_1_617' title='bbox 3332 4115 3503 4171; x_wconf 86' lang='lat' dir='ltr'>argu-</span> 
     </span>
    </p>
   </div>
   <div class='ocr_carea' id='block_1_86' title="bbox 1900 4180 3504 4259">
    <p class='ocr_par' dir='ltr' id='par_1_86' title="bbox 1900 4180 3504 4259">
     <span class='ocr_line' id='line_1_86' title="bbox 1900 4180 3504 4259; baseline 0.007 -25"><span class='ocrx_word' id='word_1_618' title='bbox 1900 4185 2091 4235; x_wconf 87' lang='lat' dir='ltr'>mento</span> <span class='ocrx_word' id='word_1_619' title='bbox 2112 4180 2538 4247; x_wconf 88' lang='lat' dir='ltr'>motus,censuit</span> <span class='ocrx_word' id='word_1_620' title='bbox 2552 4181 2904 4238; x_wconf 88' lang='lat' dir='ltr'>Guentianus</span> <span class='ocrx_word' id='word_1_621' title='bbox 2925 4184 3287 4254; x_wconf 80' lang='lat' dir='ltr'>Hervetus,in</span> <span class='ocrx_word' id='word_1_622' title='bbox 3308 4188 3504 4259; x_wconf 73' lang='lat' dir='ltr'>praefa-</span> 
     </span>
    </p>
   </div>
   <div class='ocr_carea' id='block_1_87' title="bbox 1900 4268 3500 4345">
    <p class='ocr_par' dir='ltr' id='par_1_87' title="bbox 1900 4268 3500 4345">
     <span class='ocr_line' id='line_1_87' title="bbox 1900 4268 3500 4345; baseline 0.005 -20"><span class='ocrx_word' id='word_1_623' title='bbox 1900 4270 2053 4325; x_wconf 86' lang='lat' dir='ltr'>tione</span> <span class='ocrx_word' id='word_1_624' title='bbox 2083 4269 2356 4325; x_wconf 90' lang='lat' dir='ltr'>versionis</span> <span class='ocrx_word' id='word_1_625' title='bbox 2383 4286 2501 4325; x_wconf 64' lang='lat' dir='ltr'>suae</span> <span class='ocrx_word' id='word_1_626' title='bbox 2532 4268 2893 4340; x_wconf 69' lang='lat' dir='ltr'>Palladianae,</span> <span class='ocrx_word' id='word_1_627' title='bbox 2923 4273 3021 4345; x_wconf 90' lang='lat' dir='ltr'>qui</span> <span class='ocrx_word' id='word_1_628' title='bbox 3049 4291 3177 4330; x_wconf 90' lang='lat' dir='ltr'>eam</span> <span class='ocrx_word' id='word_1_629' title='bbox 3204 4275 3500 4333; x_wconf 88' lang='lat' dir='ltr'>historiam</span> 
     </span>
    </p>
   </div>
   <div class='ocr_carea' id='block_1_88' title="bbox 1901 4358 3501 4435">
    <p class='ocr_par' dir='ltr' id='par_1_88' title="bbox 1901 4358 3501 4435">
     <span class='ocr_line' id='line_1_88' title="bbox 1901 4358 3501 4435; baseline 0.006 -23"><span class='ocrx_word' id='word_1_630' title='bbox 1901 4358 2096 4413; x_wconf 85' lang='lat' dir='ltr'>haberi</span> <span class='ocrx_word' id='word_1_631' title='bbox 2125 4358 2207 4413; x_wconf 93' lang='lat' dir='ltr'>ait</span> <span class='ocrx_word' id='word_1_632' title='bbox 2230 4358 2371 4414; x_wconf 90' lang='lat' dir='ltr'>libro</span> <span class='ocrx_word' id='word_1_633' title='bbox 2397 4373 2469 4426; x_wconf 86' lang='lat' dir='ltr'>IV,</span> <span class='ocrx_word' id='word_1_634' title='bbox 2490 4359 2587 4431; x_wconf 87' lang='lat' dir='ltr'>qui</span> <span class='ocrx_word' id='word_1_635' title='bbox 2612 4361 2878 4416; x_wconf 74' lang='lat' dir='ltr'>Doctrina</span> <span class='ocrx_word' id='word_1_636' title='bbox 2899 4364 3134 4418; x_wconf 84' lang='lat' dir='ltr'>Patrum</span> <span class='ocrx_word' id='word_1_637' title='bbox 3154 4363 3501 4435; x_wconf 89' lang='lat' dir='ltr'>inscribitur,</span> 
     </span>
    </p>
   </div>
   <div class='ocr_carea' id='block_1_89' title="bbox 1903 4449 3509 4521">
    <p class='ocr_par' dir='ltr' id='par_1_89' title="bbox 1903 4449 3509 4521">
     <span class='ocr_line' id='line_1_89' title="bbox 1903 4449 3509 4521; baseline 0.007 -20"><span class='ocrx_word' id='word_1_638' title='bbox 1903 4464 2024 4519; x_wconf 83' lang='lat' dir='ltr'>cap.</span> <span class='ocrx_word' id='word_1_639' title='bbox 2056 4449 2128 4503; x_wconf 87' lang='lat' dir='ltr'>Dc</span> <span class='ocrx_word' id='word_1_640' title='bbox 2143 4450 2405 4517; x_wconf 67' lang='lat' dir='ltr'>exemplis</span> <span class='ocrx_word' id='word_1_641' title='bbox 2419 4452 2468 4501; x_wconf 84' lang='lat' dir='ltr'>et</span> <span class='ocrx_word' id='word_1_642' title='bbox 2488 4450 2743 4505; x_wconf 80' lang='lat' dir='ltr'>doctrina</span> <span class='ocrx_word' id='word_1_643' title='bbox 2764 4453 2888 4505; x_wconf 64' lang='lat' dir='ltr'>vita</span> <span class='ocrx_word' id='word_1_644' title='bbox 2910 4454 3231 4521; x_wconf 79' lang='lat' dir='ltr'>spiritualis</span> <span class='ocrx_word' id='word_1_645' title='bbox 3250 4455 3353 4521; x_wconf 84' lang='lat' dir='ltr'>(ita</span> <span class='ocrx_word' id='word_1_646' title='bbox 3377 4471 3509 4513; x_wconf 83' lang='lat' dir='ltr'>con-</span> 
     </span>
    </p>
   </div>
   <div class='ocr_carea' id='block_1_90' title="bbox 1841 4534 3505 4611">
    <p class='ocr_par' dir='ltr' id='par_1_90' title="bbox 1841 4534 3505 4611">
     <span class='ocr_line' id='line_1_90' title="bbox 1841 4534 3505 4611; baseline 0.005 -19"><span class='ocrx_word' id='word_1_647' title='bbox 1841 4534 1891 4592; x_wconf 94' lang='lat' dir='ltr'>D</span> <span class='ocrx_word' id='word_1_648' title='bbox 1907 4536 2114 4608; x_wconf 88' lang='lat' dir='ltr'>cipitur</span> <span class='ocrx_word' id='word_1_649' title='bbox 2132 4543 2189 4591; x_wconf 90' lang='lat' dir='ltr'>et</span> <span class='ocrx_word' id='word_1_650' title='bbox 2219 4536 2511 4608; x_wconf 83' lang='lat' dir='ltr'>inscriptio</span> <span class='ocrx_word' id='word_1_651' title='bbox 2538 4541 2595 4592; x_wconf 91' lang='lat' dir='ltr'>et</span> <span class='ocrx_word' id='word_1_652' title='bbox 2612 4543 2783 4610; x_wconf 88' lang='lat' dir='ltr'>caput</span> <span class='ocrx_word' id='word_1_653' title='bbox 2806 4538 2866 4595; x_wconf 91' lang='lat' dir='ltr'>in</span> <span class='ocrx_word' id='word_1_654' title='bbox 2892 4540 3139 4597; x_wconf 85' lang='lat' dir='ltr'>editione</span> <span class='ocrx_word' id='word_1_655' title='bbox 3161 4542 3505 4611; x_wconf 88' lang='lat' dir='ltr'>Coloniensi,</span> 
     </span>
    </p>
   </div>
   <div class='ocr_carea' id='block_1_91' title="bbox 293 4625 3506 4705">
    <p class='ocr_par' dir='ltr' id='par_1_91' title="bbox 293 4625 3506 4705">
     <span class='ocr_line' id='line_1_91' title="bbox 293 4625 3506 4705; baseline 0.001 -19"><span class='ocrx_word' id='word_1_656' title='bbox 293 4633 423 4687; x_wconf 83' lang='lat' dir='ltr'>Non</span> <span class='ocrx_word' id='word_1_657' title='bbox 453 4631 655 4687; x_wconf 89' lang='lat' dir='ltr'>inutile</span> <span class='ocrx_word' id='word_1_658' title='bbox 682 4632 791 4687; x_wconf 87' lang='lat' dir='ltr'>erit</span> <span class='ocrx_word' id='word_1_659' title='bbox 837 4632 927 4687; x_wconf 90' lang='lat' dir='ltr'>hic</span> <span class='ocrx_word' id='word_1_660' title='bbox 964 4632 1169 4687; x_wconf 86' lang='lat' dir='ltr'>addere</span> <span class='ocrx_word' id='word_1_661' title='bbox 1207 4648 1330 4703; x_wconf 81' lang='lat' dir='ltr'>quae</span> <span class='ocrx_word' id='word_1_662' title='bbox 1363 4632 1468 4687; x_wconf 87' lang='lat' dir='ltr'>hac</span> <span class='ocrx_word' id='word_1_663' title='bbox 1496 4632 1618 4704; x_wconf 91' lang='lat' dir='ltr'>ipse</span> <span class='ocrx_word' id='word_1_664' title='bbox 1663 4632 1734 4687; x_wconf 93' lang='lat' dir='ltr'>de</span> <span class='ocrx_word' id='word_1_665' title='bbox 1762 4649 1825 4687; x_wconf 91' lang='lat' dir='ltr'>re</span> <span class='ocrx_word' id='word_1_666' title='bbox 1905 4643 2030 4697; x_wconf 68' lang='lat' dir='ltr'>quae</span> <span class='ocrx_word' id='word_1_667' title='bbox 2063 4625 2275 4681; x_wconf 90' lang='lat' dir='ltr'>librum</span> <span class='ocrx_word' id='word_1_668' title='bbox 2302 4630 2523 4681; x_wconf 87' lang='lat' dir='ltr'>sextum</span> <span class='ocrx_word' id='word_1_669' title='bbox 2549 4632 2607 4681; x_wconf 92' lang='lat' dir='ltr'>et</span> <span class='ocrx_word' id='word_1_670' title='bbox 2644 4627 2906 4698; x_wconf 89' lang='lat' dir='ltr'>quintum</span> <span class='ocrx_word' id='word_1_671' title='bbox 2935 4644 3049 4685; x_wconf 91' lang='lat' dir='ltr'>uno</span> <span class='ocrx_word' id='word_1_672' title='bbox 3077 4628 3221 4686; x_wconf 90' lang='lat' dir='ltr'>libro</span> <span class='ocrx_word' id='word_1_673' title='bbox 3249 4648 3506 4705; x_wconf 87' lang='lat' dir='ltr'>compre-</span> 
     </span>
    </p>
   </div>
   <div class='ocr_carea' id='block_1_92' title="bbox 222 4720 1825 4792">
    <p class='ocr_par' dir='ltr' id='par_1_92' title="bbox 222 4720 1825 4792">
     <span class='ocr_line' id='line_1_92' title="bbox 222 4720 1825 4792; baseline -0.001 -16"><span class='ocrx_word' id='word_1_674' title='bbox 222 4720 441 4776; x_wconf 81' lang='lat' dir='ltr'>notavit</span> <span class='ocrx_word' id='word_1_675' title='bbox 460 4720 552 4776; x_wconf 84' lang='lat' dir='ltr'>Fr.</span> <span class='ocrx_word' id='word_1_676' title='bbox 575 4721 858 4777; x_wconf 89' lang='lat' dir='ltr'>Joannnes</span> <span class='ocrx_word' id='word_1_677' title='bbox 882 4720 1053 4776; x_wconf 83' lang='lat' dir='ltr'>Maria</span> <span class='ocrx_word' id='word_1_678' title='bbox 1072 4720 1547 4789; x_wconf 81' lang='lat' dir='ltr'>Brasichellensis,</span> <span class='ocrx_word' id='word_1_679' title='bbox 1562 4720 1706 4776; x_wconf 89' lang='lat' dir='ltr'>sacri</span> <span class='ocrx_word' id='word_1_680' title='bbox 1729 4736 1825 4792; x_wconf 88' lang='lat' dir='ltr'>pa-</span> 
     </span>
    </p>
   </div>
   <div class='ocr_carea' id='block_1_93' title="bbox 224 4809 1823 4882">
    <p class='ocr_par' dir='ltr' id='par_1_93' title="bbox 224 4809 1823 4882">
     <span class='ocr_line' id='line_1_93' title="bbox 224 4809 1823 4882; baseline 0 -17"><span class='ocrx_word' id='word_1_681' title='bbox 224 4809 346 4865; x_wconf 80' lang='lat' dir='ltr'>latii</span> <span class='ocrx_word' id='word_1_682' title='bbox 377 4810 668 4882; x_wconf 87' lang='lat' dir='ltr'>apostolici</span> <span class='ocrx_word' id='word_1_683' title='bbox 698 4809 985 4882; x_wconf 85' lang='lat' dir='ltr'>magister,</span> <span class='ocrx_word' id='word_1_684' title='bbox 1017 4809 1077 4864; x_wconf 92' lang='lat' dir='ltr'>in</span> <span class='ocrx_word' id='word_1_685' title='bbox 1107 4810 1290 4865; x_wconf 87' lang='lat' dir='ltr'>indice</span> <span class='ocrx_word' id='word_1_686' title='bbox 1318 4809 1591 4865; x_wconf 90' lang='lat' dir='ltr'>librorum</span> <span class='ocrx_word' id='word_1_687' title='bbox 1620 4826 1823 4882; x_wconf 85' lang='lat' dir='ltr'>expur-</span> 
     </span>
    </p>
   </div>
   <div class='ocr_carea' id='block_1_94' title="bbox 222 4897 1825 4969">
    <p class='ocr_par' dir='ltr' id='par_1_94' title="bbox 222 4897 1825 4969">
     <span class='ocr_line' id='line_1_94' title="bbox 222 4897 1825 4969; baseline 0 -16"><span class='ocrx_word' id='word_1_688' title='bbox 222 4899 562 4969; x_wconf 85' lang='lat' dir='ltr'>gandorum,</span> <span class='ocrx_word' id='word_1_689' title='bbox 593 4898 666 4954; x_wconf 88' lang='lat' dir='ltr'>ad</span> <span class='ocrx_word' id='word_1_690' title='bbox 687 4904 905 4955; x_wconf 89' lang='lat' dir='ltr'>tomum</span> <span class='ocrx_word' id='word_1_691' title='bbox 934 4900 1011 4955; x_wconf 87' lang='lat' dir='ltr'>IX</span> <span class='ocrx_word' id='word_1_692' title='bbox 1040 4899 1399 4954; x_wconf 71' lang='lat' dir='ltr'>Bibliotheca:</span> <span class='ocrx_word' id='word_1_693' title='bbox 1438 4899 1691 4966; x_wconf 89' lang='lat' dir='ltr'>Patrum,</span> <span class='ocrx_word' id='word_1_694' title='bbox 1727 4897 1825 4954; x_wconf 93' lang='lat' dir='ltr'>ubi</span> 
     </span>
    </p>
   </div>
   <div class='ocr_carea' id='block_1_95' title="bbox 1904 4713 3409 4787">
    <p class='ocr_par' dir='ltr' id='par_1_95' title="bbox 1904 4713 3409 4787">
     <span class='ocr_line' id='line_1_95' title="bbox 1904 4713 3409 4787; baseline 0.006 -18"><span class='ocrx_word' id='word_1_695' title='bbox 1904 4714 2154 4783; x_wconf 86' lang='lat' dir='ltr'>hendit);</span> <span class='ocrx_word' id='word_1_696' title='bbox 2188 4715 2285 4787; x_wconf 86' lang='lat' dir='ltr'>qui</span> <span class='ocrx_word' id='word_1_697' title='bbox 2314 4713 2456 4770; x_wconf 91' lang='lat' dir='ltr'>liber</span> <span class='ocrx_word' id='word_1_698' title='bbox 2483 4715 2634 4770; x_wconf 91' lang='lat' dir='ltr'>idem</span> <span class='ocrx_word' id='word_1_699' title='bbox 2663 4721 2751 4771; x_wconf 90' lang='lat' dir='ltr'>est</span> <span class='ocrx_word' id='word_1_700' title='bbox 2773 4733 2901 4772; x_wconf 90' lang='lat' dir='ltr'><strong>cum</strong></span> <span class='ocrx_word' id='word_1_701' title='bbox 2931 4716 3038 4773; x_wconf 91' lang='lat' dir='ltr'>hoc</span> <span class='ocrx_word' id='word_1_702' title='bbox 3062 4724 3218 4775; x_wconf 82' lang='lat' dir='ltr'>sexto</span> <span class='ocrx_word' id='word_1_703' title='bbox 3245 4719 3409 4779; x_wconf 91' lang='lat' dir='ltr'>libro.</span> 
     </span>
    </p>
   </div>
   <div class='ocr_carea' id='block_1_96' title="bbox 1925 4804 3511 4876">
    <p class='ocr_par' dir='ltr' id='par_1_96' title="bbox 1925 4804 3511 4876">
     <span class='ocr_line' id='line_1_96' title="bbox 1925 4804 3511 4876; baseline 0.007 -18"><span class='ocrx_word' id='word_1_704' title='bbox 1925 4810 1932 4817; x_wconf 84' lang='lat'><em>‘</em></span> <span class='ocrx_word' id='word_1_705' title='bbox 1978 4804 2138 4869; x_wconf 89' lang='lat' dir='ltr'>Quod</span> <span class='ocrx_word' id='word_1_706' title='bbox 2160 4804 2206 4859; x_wconf 88' lang='lat' dir='ltr'>si</span> <span class='ocrx_word' id='word_1_707' title='bbox 2226 4804 2283 4860; x_wconf 89' lang='lat' dir='ltr'>id</span> <span class='ocrx_word' id='word_1_708' title='bbox 2308 4804 2496 4859; x_wconf 90' lang='lat' dir='ltr'>minus</span> <span class='ocrx_word' id='word_1_709' title='bbox 2524 4804 2787 4876; x_wconf 85' lang='lat' dir='ltr'>placeret,</span> <span class='ocrx_word' id='word_1_710' title='bbox 2810 4805 3171 4865; x_wconf 82' lang='lat' dir='ltr'>existimabat</span> <span class='ocrx_word' id='word_1_711' title='bbox 3190 4826 3317 4866; x_wconf 89' lang='lat' dir='ltr'>eam</span> <span class='ocrx_word' id='word_1_712' title='bbox 3336 4811 3511 4869; x_wconf 87' lang='lat' dir='ltr'>histo-</span> 
     </span>
    </p>
   </div>
   <div class='ocr_carea' id='block_1_97' title="bbox 1905 4892 3508 4971">
    <p class='ocr_par' dir='ltr' id='par_1_97' title="bbox 1905 4892 3508 4971">
     <span class='ocr_line' id='line_1_97' title="bbox 1905 4892 3508 4971; baseline 0.007 -23"><span class='ocrx_word' id='word_1_713' title='bbox 1905 4892 2050 4949; x_wconf 87' lang='lat' dir='ltr'>riam</span> <span class='ocrx_word' id='word_1_714' title='bbox 2068 4893 2238 4949; x_wconf 87' lang='lat' dir='ltr'>fuisse</span> <span class='ocrx_word' id='word_1_715' title='bbox 2258 4893 2317 4949; x_wconf 91' lang='lat' dir='ltr'>in</span> <span class='ocrx_word' id='word_1_716' title='bbox 2330 4893 2603 4949; x_wconf 88' lang='lat' dir='ltr'>Lausiaca</span> <span class='ocrx_word' id='word_1_717' title='bbox 2621 4893 3135 4970; x_wconf 87' lang='lat' dir='ltr'>Historiatempore</span> <span class='ocrx_word' id='word_1_718' title='bbox 3151 4899 3508 4971; x_wconf 87' lang='lat' dir='ltr'>Damasceni,</span> 
     </span>
    </p>
   </div>
   <div class='ocr_carea' id='block_1_98' title="bbox 224 4983 3509 5060">
    <p class='ocr_par' dir='ltr' id='par_1_98' title="bbox 224 4983 3509 5060">
     <span class='ocr_line' id='line_1_98' title="bbox 224 4983 3509 5060; baseline 0.001 -17"><span class='ocrx_word' id='word_1_719' title='bbox 224 4988 417 5058; x_wconf 86' lang='lat' dir='ltr'>agitur</span> <span class='ocrx_word' id='word_1_720' title='bbox 459 4988 530 5043; x_wconf 89' lang='lat' dir='ltr'>de</span> <span class='ocrx_word' id='word_1_721' title='bbox 580 4988 1046 5044; x_wconf 87' lang='lat' dir='ltr'>anachoretarum</span> <span class='ocrx_word' id='word_1_722' title='bbox 1075 4987 1583 5060; x_wconf 82' lang='lat' dir='ltr'>apOphthegmatis,</span> <span class='ocrx_word' id='word_1_723' title='bbox 1617 4985 1714 5043; x_wconf 92' lang='lat' dir='ltr'>ubi</span> <span class='ocrx_word' id='word_1_724' title='bbox 1746 4987 1830 5042; x_wconf 91' lang='lat' dir='ltr'>ita</span> <span class='ocrx_word' id='word_1_725' title='bbox 1911 4987 1969 5037; x_wconf 89' lang='lat' dir='ltr'>et</span> <span class='ocrx_word' id='word_1_726' title='bbox 2003 4989 2199 5055; x_wconf 88' lang='lat' dir='ltr'>postea</span> <span class='ocrx_word' id='word_1_727' title='bbox 2241 4983 2310 5038; x_wconf 88' lang='lat' dir='ltr'>ab</span> <span class='ocrx_word' id='word_1_728' title='bbox 2346 4983 2608 5039; x_wconf 83' lang='lat' dir='ltr'>haeretica</span> <span class='ocrx_word' id='word_1_729' title='bbox 2653 4983 2842 5056; x_wconf 88' lang='lat' dir='ltr'>aliquo</span> <span class='ocrx_word' id='word_1_730' title='bbox 2878 4986 3159 5045; x_wconf 87' lang='lat' dir='ltr'>malitiose</span> <span class='ocrx_word' id='word_1_731' title='bbox 3207 4989 3509 5047; x_wconf 87' lang='lat' dir='ltr'>sublatam.</span> 
     </span>
    </p>
   </div>
   <div class='ocr_carea' id='block_1_99' title="bbox 226 5072 3515 5152">
    <p class='ocr_par' dir='ltr' id='par_1_99' title="bbox 226 5072 3515 5152">
     <span class='ocr_line' id='line_1_99' title="bbox 226 5072 3515 5152; baseline 0.001 -20"><span class='ocrx_word' id='word_1_732' title='bbox 226 5082 675 5133; x_wconf 86' lang='lat' dir='ltr'>commentatur:</span> <span class='ocrx_word' id='word_1_733' title='bbox 699 5096 724 5131; x_wconf 76' lang='grc' dir='ltr'><strong><em>α</em></strong></span> <span class='ocrx_word' id='word_1_734' title='bbox 739 5078 821 5133; x_wconf 90' lang='lat' dir='ltr'>De</span> <span class='ocrx_word' id='word_1_735' title='bbox 843 5082 1073 5133; x_wconf 89' lang='lat' dir='ltr'>auctore</span> <span class='ocrx_word' id='word_1_736' title='bbox 1096 5084 1154 5132; x_wconf 90' lang='lat' dir='ltr'>et</span> <span class='ocrx_word' id='word_1_737' title='bbox 1179 5077 1486 5148; x_wconf 87' lang='lat' dir='ltr'>interprete</span> <span class='ocrx_word' id='word_1_738' title='bbox 1506 5077 1676 5147; x_wconf 87' lang='lat' dir='ltr'>hujus</span> <span class='ocrx_word' id='word_1_739' title='bbox 1700 5092 1828 5147; x_wconf 85' lang='lat' dir='ltr'>cpe-</span> <span class='ocrx_word' id='word_1_740' title='bbox 1910 5072 2072 5137; x_wconf 86' lang='lat' dir='ltr'>Quod</span> <span class='ocrx_word' id='word_1_741' title='bbox 2101 5088 2231 5127; x_wconf 85' lang='lat' dir='ltr'>eum</span> <span class='ocrx_word' id='word_1_742' title='bbox 2252 5072 2456 5128; x_wconf 87' lang='lat' dir='ltr'>dixisse</span> <span class='ocrx_word' id='word_1_743' title='bbox 2484 5072 2668 5140; x_wconf 88' lang='lat' dir='ltr'>credo,</span> <span class='ocrx_word' id='word_1_744' title='bbox 2689 5074 2838 5146; x_wconf 88' lang='lat' dir='ltr'>quod</span> <span class='ocrx_word' id='word_1_745' title='bbox 2858 5075 2989 5132; x_wconf 92' lang='lat' dir='ltr'>huic</span> <span class='ocrx_word' id='word_1_746' title='bbox 3007 5075 3301 5135; x_wconf 90' lang='lat' dir='ltr'>hominum</span> <span class='ocrx_word' id='word_1_747' title='bbox 3317 5079 3515 5152; x_wconf 87' lang='lat' dir='ltr'>generi</span> 
     </span>
    </p>
   </div>
   <div class='ocr_carea' id='block_1_100' title="bbox 228 5161 3510 5237">
    <p class='ocr_par' dir='ltr' id='par_1_100' title="bbox 228 5161 3510 5237">
     <span class='ocr_line' id='line_1_100' title="bbox 228 5161 3510 5237; baseline 0.001 -16"><span class='ocrx_word' id='word_1_748' title='bbox 228 5166 307 5221; x_wconf 87' lang='lat' dir='ltr'>ris</span> <span class='ocrx_word' id='word_1_749' title='bbox 332 5166 490 5221; x_wconf 88' lang='lat' dir='ltr'>varie</span> <span class='ocrx_word' id='word_1_750' title='bbox 509 5165 842 5237; x_wconf 87' lang='lat' dir='ltr'>ambigitur;</span> <span class='ocrx_word' id='word_1_751' title='bbox 866 5172 1154 5222; x_wconf 89' lang='lat' dir='ltr'>auctorem</span> <span class='ocrx_word' id='word_1_752' title='bbox 1182 5165 1432 5237; x_wconf 90' lang='lat' dir='ltr'>quidam,</span> <span class='ocrx_word' id='word_1_753' title='bbox 1461 5170 1519 5220; x_wconf 90' lang='lat' dir='ltr'>et</span> <span class='ocrx_word' id='word_1_754' title='bbox 1556 5165 1707 5220; x_wconf 90' lang='lat' dir='ltr'>inter</span> <span class='ocrx_word' id='word_1_755' title='bbox 1733 5182 1829 5220; x_wconf 87' lang='lat' dir='ltr'>eos</span> <span class='ocrx_word' id='word_1_756' title='bbox 1917 5177 2112 5217; x_wconf 86' lang='lat' dir='ltr'>omnes</span> <span class='ocrx_word' id='word_1_757' title='bbox 2122 5162 2238 5217; x_wconf 80' lang='lat' dir='ltr'>haec</span> <span class='ocrx_word' id='word_1_758' title='bbox 2249 5161 2551 5234; x_wconf 84' lang='lat' dir='ltr'>spirituum</span> <span class='ocrx_word' id='word_1_759' title='bbox 2564 5163 2945 5234; x_wconf 86' lang='lat' dir='ltr'>apparitiones</span> <span class='ocrx_word' id='word_1_760' title='bbox 2961 5182 3131 5223; x_wconf 78' lang='lat' dir='ltr'>merae</span> <span class='ocrx_word' id='word_1_761' title='bbox 3148 5174 3281 5225; x_wconf 92' lang='lat' dir='ltr'>sunt</span> <span class='ocrx_word' id='word_1_762' title='bbox 3291 5167 3510 5237; x_wconf 60' lang='lat' dir='ltr'>fabula,</span> 
     </span>
    </p>
   </div>
   <div class='ocr_carea' id='block_1_101' title="bbox 226 5251 3517 5329">
    <p class='ocr_par' dir='ltr' id='par_1_101' title="bbox 226 5251 3517 5329">
     <span class='ocr_line' id='line_1_101' title="bbox 226 5251 3517 5329; baseline 0.001 -20"><span class='ocrx_word' id='word_1_763' title='bbox 226 5254 584 5327; x_wconf 81' lang='lat' dir='ltr'>Margarinus</span> <span class='ocrx_word' id='word_1_764' title='bbox 610 5255 668 5311; x_wconf 91' lang='lat' dir='ltr'>in</span> <span class='ocrx_word' id='word_1_765' title='bbox 697 5255 1087 5327; x_wconf 88' lang='lat' dir='ltr'>chronologico</span> <span class='ocrx_word' id='word_1_766' title='bbox 1114 5261 1406 5311; x_wconf 86' lang='lat' dir='ltr'>auctorum</span> <span class='ocrx_word' id='word_1_767' title='bbox 1439 5255 1608 5326; x_wconf 89' lang='lat' dir='ltr'>hujus</span> <span class='ocrx_word' id='word_1_768' title='bbox 1633 5254 1837 5310; x_wconf 84' lang='lat' dir='ltr'>Biblio-</span> <span class='ocrx_word' id='word_1_769' title='bbox 1917 5251 2126 5322; x_wconf 90' lang='lat' dir='ltr'>quique</span> <span class='ocrx_word' id='word_1_770' title='bbox 2164 5268 2311 5323; x_wconf 75' lang='lat' dir='ltr'>aegre</span> <span class='ocrx_word' id='word_1_771' title='bbox 2338 5252 2527 5307; x_wconf 86' lang='lat' dir='ltr'>ferunt</span> <span class='ocrx_word' id='word_1_772' title='bbox 2552 5252 2640 5307; x_wconf 89' lang='lat' dir='ltr'>vel</span> <span class='ocrx_word' id='word_1_773' title='bbox 2668 5252 2965 5310; x_wconf 87' lang='lat' dir='ltr'>minimam</span> <span class='ocrx_word' id='word_1_774' title='bbox 2993 5257 3387 5329; x_wconf 72' lang='lat' dir='ltr'>suffragiorum</span> <span class='ocrx_word' id='word_1_775' title='bbox 3413 5272 3517 5329; x_wconf 82' lang='lat' dir='ltr'>pro</span> 
     </span>
    </p>
   </div>
   <div class='ocr_carea' id='block_1_102' title="bbox 228 5339 3261 5415">
    <p class='ocr_par' dir='ltr' id='par_1_102' title="bbox 228 5339 3261 5415">
     <span class='ocr_line' id='line_1_102' title="bbox 228 5339 3261 5415; baseline 0 -18"><span class='ocrx_word' id='word_1_776' title='bbox 228 5344 405 5399; x_wconf 61' lang='lat' dir='ltr'>thecae</span> <span class='ocrx_word' id='word_1_777' title='bbox 419 5343 625 5412; x_wconf 90' lang='lat' dir='ltr'>indice,</span> <span class='ocrx_word' id='word_1_778' title='bbox 646 5345 973 5401; x_wconf 88' lang='lat' dir='ltr'>existimant</span> <span class='ocrx_word' id='word_1_779' title='bbox 990 5344 1160 5400; x_wconf 85' lang='lat' dir='ltr'>fuisse</span> <span class='ocrx_word' id='word_1_780' title='bbox 1186 5344 1492 5415; x_wconf 78' lang='lat' dir='ltr'>Evagrium</span> <span class='ocrx_word' id='word_1_781' title='bbox 1514 5343 1830 5409; x_wconf 87' lang='lat' dir='ltr'>Ponticum,</span> <span class='ocrx_word' id='word_1_782' title='bbox 1914 5339 2211 5395; x_wconf 81' lang='lat' dir='ltr'>animabus</span> <span class='ocrx_word' id='word_1_783' title='bbox 2240 5340 2633 5396; x_wconf 89' lang='lat' dir='ltr'>defunctorum</span> <span class='ocrx_word' id='word_1_784' title='bbox 2662 5343 2996 5399; x_wconf 87' lang='lat' dir='ltr'>memoriam</span> <span class='ocrx_word' id='word_1_785' title='bbox 3025 5351 3261 5400; x_wconf 73' lang='lat' dir='ltr'>exstare.</span> 
     </span>
    </p>
   </div>
   <div class='ocr_carea' id='block_1_103' title="bbox 230 5429 3516 5504">
    <p class='ocr_par' dir='ltr' id='par_1_103' title="bbox 230 5429 3516 5504">
     <span class='ocr_line' id='line_1_103' title="bbox 230 5429 3516 5504; baseline 0.001 -17"><span class='ocrx_word' id='word_1_786' title='bbox 230 5436 390 5503; x_wconf 87' lang='lat' dir='ltr'>cujus</span> <span class='ocrx_word' id='word_1_787' title='bbox 410 5439 630 5489; x_wconf 85' lang='lat' dir='ltr'>certum</span> <span class='ocrx_word' id='word_1_788' title='bbox 660 5440 747 5490; x_wconf 90' lang='lat' dir='ltr'>est</span> <span class='ocrx_word' id='word_1_789' title='bbox 773 5452 894 5489; x_wconf 88' lang='lat' dir='ltr'><strong>esse</strong></span> <span class='ocrx_word' id='word_1_790' title='bbox 923 5434 1130 5490; x_wconf 90' lang='lat' dir='ltr'>librum</span> <span class='ocrx_word' id='word_1_791' title='bbox 1162 5434 1318 5488; x_wconf 83' lang='lat' dir='ltr'>Vitas</span> <span class='ocrx_word' id='word_1_792' title='bbox 1341 5434 1592 5500; x_wconf 84' lang='lat' dir='ltr'>Patrum,</span> <span class='ocrx_word' id='word_1_793' title='bbox 1622 5432 1712 5488; x_wconf 91' lang='lat' dir='ltr'>cui</span> <span class='ocrx_word' id='word_1_794' title='bbox 1744 5432 1835 5487; x_wconf 89' lang='lat' dir='ltr'>hic</span> <span class='ocrx_word' id='word_1_795' title='bbox 1990 5429 2260 5501; x_wconf 90' lang='lat' dir='ltr'>Equidem</span> <span class='ocrx_word' id='word_1_796' title='bbox 2290 5446 2404 5484; x_wconf 90' lang='lat' dir='ltr'>non</span> <span class='ocrx_word' id='word_1_797' title='bbox 2438 5429 2706 5485; x_wconf 87' lang='lat' dir='ltr'>abhorret</span> <span class='ocrx_word' id='word_1_798' title='bbox 2739 5430 2811 5486; x_wconf 88' lang='lat' dir='ltr'>ab</span> <span class='ocrx_word' id='word_1_799' title='bbox 2861 5433 3123 5488; x_wconf 66' lang='lat' dir='ltr'>haeretica</span> <span class='ocrx_word' id='word_1_800' title='bbox 3160 5433 3347 5504; x_wconf 87' lang='lat' dir='ltr'>genio,</span> <span class='ocrx_word' id='word_1_801' title='bbox 3385 5450 3516 5493; x_wconf 89' lang='lat' dir='ltr'>cum</span> 
     </span>
    </p>
   </div>
   <div class='ocr_carea' id='block_1_104' title="bbox 232 5519 3518 5595">
    <p class='ocr_par' dir='ltr' id='par_1_104' title="bbox 232 5519 3518 5595">
     <span class='ocr_line' id='line_1_104' title="bbox 232 5519 3518 5595; baseline 0.002 -22"><span class='ocrx_word' id='word_1_802' title='bbox 232 5523 777 5593; x_wconf 82' lang='lat' dir='ltr'>apopbthegmatum</span> <span class='ocrx_word' id='word_1_803' title='bbox 796 5538 1019 5594; x_wconf 90' lang='lat' dir='ltr'>semper</span> <span class='ocrx_word' id='word_1_804' title='bbox 1037 5522 1374 5577; x_wconf 87' lang='lat' dir='ltr'>annectitur.</span> <span class='ocrx_word' id='word_1_805' title='bbox 1400 5522 1743 5587; x_wconf 83' lang='lat' dir='ltr'>Gennadius,</span> <span class='ocrx_word' id='word_1_806' title='bbox 1775 5521 1835 5575; x_wconf 91' lang='lat' dir='ltr'>in</span> <span class='ocrx_word' id='word_1_807' title='bbox 1916 5519 2254 5575; x_wconf 74' lang='lat' dir='ltr'>Philisthaeis</span> <span class='ocrx_word' id='word_1_808' title='bbox 2282 5524 2478 5591; x_wconf 88' lang='lat' dir='ltr'>puteos</span> <span class='ocrx_word' id='word_1_809' title='bbox 2510 5520 2684 5575; x_wconf 86' lang='lat' dir='ltr'>Israel</span> <span class='ocrx_word' id='word_1_810' title='bbox 2712 5520 3007 5576; x_wconf 88' lang='lat' dir='ltr'>obstruere</span> <span class='ocrx_word' id='word_1_811' title='bbox 3048 5523 3198 5587; x_wconf 75' lang='lat' dir='ltr'>(Gen.</span> <span class='ocrx_word' id='word_1_812' title='bbox 3248 5528 3414 5595; x_wconf 73' lang='lat' dir='ltr'>xxvx),</span> <span class='ocrx_word' id='word_1_813' title='bbox 3446 5542 3518 5581; x_wconf 90' lang='lat' dir='ltr'>ne</span> 
     </span>
    </p>
   </div>
   <div class='ocr_carea' id='block_1_105' title="bbox 232 5607 3523 5682">
    <p class='ocr_par' dir='ltr' id='par_1_105' title="bbox 232 5607 3523 5682">
     <span class='ocr_line' id='line_1_105' title="bbox 232 5607 3523 5682; baseline 0.002 -17"><span class='ocrx_word' id='word_1_814' title='bbox 232 5612 508 5682; x_wconf 84' lang='lat' dir='ltr'>catalogo,</span> <span class='ocrx_word' id='word_1_815' title='bbox 540 5611 659 5667; x_wconf 61' lang='lat' dir='ltr'>haec</span> <span class='ocrx_word' id='word_1_816' title='bbox 700 5611 770 5666; x_wconf 88' lang='lat' dir='ltr'>de</span> <span class='ocrx_word' id='word_1_817' title='bbox 800 5611 1035 5682; x_wconf 89' lang='lat' dir='ltr'>Evagrio</span> <span class='ocrx_word' id='word_1_818' title='bbox 1071 5610 1241 5666; x_wconf 89' lang='lat' dir='ltr'>habet</span> <span class='ocrx_word' id='word_1_819' title='bbox 1273 5628 1284 5664; x_wconf 92' lang='lat'><strong>:</strong></span> <span class='ocrx_word' id='word_1_820' title='bbox 1339 5629 1365 5663; x_wconf 77' lang='grc' dir='ltr'><strong>α</strong></span> <span class='ocrx_word' id='word_1_821' title='bbox 1414 5609 1742 5682; x_wconf 89' lang='lat' dir='ltr'>Composuit</span> <span class='ocrx_word' id='word_1_822' title='bbox 1771 5610 1840 5664; x_wconf 88' lang='lat' dir='ltr'>de</span> <span class='ocrx_word' id='word_1_823' title='bbox 1924 5608 2149 5680; x_wconf 89' lang='lat' dir='ltr'>aliquod</span> <span class='ocrx_word' id='word_1_824' title='bbox 2180 5608 2310 5663; x_wconf 90' lang='lat' dir='ltr'>inde</span> <span class='ocrx_word' id='word_1_825' title='bbox 2340 5607 2671 5664; x_wconf 87' lang='lat' dir='ltr'>mortalibus</span> <span class='ocrx_word' id='word_1_826' title='bbox 2693 5609 2921 5663; x_wconf 85' lang='lat' dir='ltr'>accedat</span> <span class='ocrx_word' id='word_1_827' title='bbox 2955 5609 3330 5680; x_wconf 81' lang='lat' dir='ltr'>refrigerium.</span> <span class='ocrx_word' id='word_1_828' title='bbox 3357 5614 3523 5670; x_wconf 89' lang='lat' dir='ltr'>Certe</span> 
     </span>
    </p>
   </div>
   <div class='ocr_carea' id='block_1_106' title="bbox 235 5694 3526 5772">
    <p class='ocr_par' dir='ltr' id='par_1_106' title="bbox 235 5694 3526 5772">
     <span class='ocr_line' id='line_1_106' title="bbox 235 5694 3526 5772; baseline 0.002 -18"><span class='ocrx_word' id='word_1_829' title='bbox 235 5699 591 5756; x_wconf 77' lang='lat' dir='ltr'>anachoretis</span> <span class='ocrx_word' id='word_1_830' title='bbox 635 5699 966 5772; x_wconf 85' lang='lat' dir='ltr'>simpliciter</span> <span class='ocrx_word' id='word_1_831' title='bbox 1012 5698 1324 5755; x_wconf 86' lang='lat' dir='ltr'>viventibus</span> <span class='ocrx_word' id='word_1_832' title='bbox 1363 5697 1573 5756; x_wconf 88' lang='lat' dir='ltr'>librum</span> <span class='ocrx_word' id='word_1_833' title='bbox 1615 5705 1844 5754; x_wconf 87' lang='lat' dir='ltr'>centum</span> <span class='ocrx_word' id='word_1_834' title='bbox 1926 5714 2054 5753; x_wconf 91' lang='lat' dir='ltr'>cum</span> <span class='ocrx_word' id='word_1_835' title='bbox 2083 5696 2367 5753; x_wconf 85' lang='lat' dir='ltr'>Palladius</span> <span class='ocrx_word' id='word_1_836' title='bbox 2394 5696 2561 5752; x_wconf 88' lang='lat' dir='ltr'>tertio</span> <span class='ocrx_word' id='word_1_837' title='bbox 2588 5694 2878 5768; x_wconf 84' lang='lat' dir='ltr'>prodierit,</span> <span class='ocrx_word' id='word_1_838' title='bbox 2911 5700 2969 5753; x_wconf 86' lang='lat' dir='ltr'>et</span> <span class='ocrx_word' id='word_1_839' title='bbox 2996 5712 3062 5754; x_wconf 82' lang='lat' dir='ltr'>ex</span> <span class='ocrx_word' id='word_1_840' title='bbox 3091 5706 3377 5771; x_wconf 89' lang='lat' dir='ltr'>postrema</span> <span class='ocrx_word' id='word_1_841' title='bbox 3404 5702 3526 5760; x_wconf 85' lang='lat' dir='ltr'>edi-</span> 
     </span>
    </p>
   </div>
   <div class='ocr_carea' id='block_1_107' title="bbox 620 5795 1809 5866">
    <p class='ocr_par' dir='ltr' id='par_1_107' title="bbox 620 5795 1200 5860">
     <span class='ocr_line' id='line_1_107' title="bbox 620 5795 1200 5860; baseline 0.002 -2"><span class='ocrx_word' id='word_1_842' title='bbox 620 5797 889 5859; x_wconf 73' lang='grc' dir='ltr'>Ριηιιοι..</span> <span class='ocrx_word' id='word_1_843' title='bbox 920 5795 1200 5860; x_wconf 82' lang='lat' dir='ltr'>LXXIII.</span> 
     </span>
    </p>
   </div>
   <div class='ocr_carea' id='block_1_108' title="bbox 1897 5795 3204 5866">
    <p class='ocr_par' dir='ltr' id='par_1_108' title="bbox 2501 5800 3204 5866">
     <span class='ocr_line' id='line_1_108' title="bbox 2501 5800 3204 5866; baseline -0.01 0"><span class='ocrx_word' id='word_1_844' title='bbox 2501 5860 2505 5866; x_wconf 92' lang='lat'>.</span> <span class='ocrx_word' id='word_1_845' title='bbox 3164 5800 3204 5859; x_wconf 76' lang='grc'><strong>2</strong></span> 
     </span>
    </p>
   </div>
  </div>
