3958 6398
453 368 527 428 43
1357 360 1436 422 ΙΝ
1472 364 1682 422 VITAS
1720 365 2018 424 PATRUM
2053 362 2597 431 PROLEGOMENA
2630 368 2827 427 XXVI.
3652 372 3727 433 44

454 498 609 551 tione
621 499 853 560 constet,
866 488 1048 565 primo
1067 492 1441 558 decurtatum,
1453 492 1585 546 inde
1601 494 1855 548 nonnihil
1875 494 2109 558 inter-A
2564 496 3055 553 PROLEGOMEN
3059 495 3159 551 ΟΝ
3184 496 3282 551 XI.

456 586 704 655 polatum
726 582 1016 655 prodiisse.
1040 581 1124 635 uti
1145 581 1366 652 plenius
1397 580 1772 673 declarabitur
1797 584 2048 653 prolego-
2556 607 2687 673 om,
2727 606 2864 658 nom-
2893 605 3031 657 ιίὺνί
3061 606 3256 657 auctor
3283 609 3307 656 ν

454 691 619 728 meno
651 673 736 739 14,
768 671 863 726 ubi
886 670 1075 741 agitur
1101 670 1170 724 de
1195 670 1373 724 octavi
1400 668 1548 733 libri,
1578 672 1737 740 cujus
1762 671 2046 726 Palladius

454 769 650 817 auctor
680 767 782 827 est,
828 761 1154 831 interprete,
1184 758 1493 812 existimari
1520 764 1705 829 potest
1746 776 1848 813 nec
1877 761 2044 814 tertio

450 852 673 919 integer
694 847 879 921 [xxxv]
898 848 1190 920 prodiisse,
1216 847 1670 917 quandoquidem
1690 866 1757 902 ea
1772 849 1841 903 de
1863 849 2042 904 Maca-

450 940 533 994 rio
581 939 850 1004 narratio,
884 953 1052 1008 quam
1089 936 1225 991 olim
1265 936 1643 991 Damascenus
1685 937 1744 991 in
1773 938 2044 993 Lausiaca

452 1028 697 1083 Historia
727 1028 958 1097 legerat,
999 1042 1070 1080 ne
1097 1025 1155 1080 in
1185 1025 1291 1079 hac
1332 1024 1559 1095 quidem
1585 1026 1756 1080 tertia
1798 1027 2042 1083 editione

448 1117 612 1171 hodie
642 1116 974 1187 reperiatur.

514 1207 700 1277 Atque
728 1205 859 1258 huic
892 1204 1162 1274 opinioni,
1193 1221 1361 1276 quam
1398 1204 1591 1275 priori.
1630 1205 1831 1260 accedo
1861 1204 2040 1261 liben-

443 1294 577 1360 tius,
612 1311 724 1365 qua
750 1300 868 1348 tam
904 1293 1032 1347 libri
1065 1294 1245 1364 quinti
1283 1310 1452 1365 quam
1483 1294 1640 1359 sexti,
1671 1296 1766 1365 qui
1794 1312 1896 1366 pro
1924 1313 2037 1351 uno

443 1382 586 1437 libro
610 1384 881 1438 hactenus
908 1382 1065 1437 fuere
1084 1382 1413 1448 circumlati,
1433 1384 1581 1453 quod
1604 1384 1663 1437 in
1678 1400 1744 1437 eo
1763 1385 2039 1439 narratio-

442 1488 574 1527 nem
601 1488 727 1527 eam
755 1473 830 1526 sit
853 1472 1119 1542 reperire,
1146 1472 1430 1527 Palladius
1457 1478 1653 1527 auctor
1689 1472 1953 1527 creditur.

513 1561 729 1616 Accedo
760 1568 949 1615 autem
984 1560 1247 1615 libentius
1273 1579 1287 1614 :

512 1650 724 1716 Primo,
752 1651 884 1721 quia
924 1649 1066 1703 liber
1091 1649 1186 1703 ille
1217 1650 1446 1720 quintus
1475 1656 1533 1705 et
1572 1657 1759 1706 sextus
1787 1668 1822 1705 a
1852 1653 2027 1719 nullo,

440 1739 588 1809 quod
610 1739 801 1803 sciam,
830 1739 1102 1794 Lausiaca
1127 1738 1376 1792 Historia
1391 1738 1612 1805 dicitur,
1636 1740 1695 1793 in
1709 1756 1822 1811 qua
1840 1744 2032 1795 tamen

438 1843 563 1881 eam
590 1844 650 1882 se
679 1828 879 1899 legisse
909 1828 1203 1899 profitetur
1228 1828 1627 1882 Damascenus.

509 1916 783 1982 Secundo,
817 1916 950 1986 quia
976 1916 1040 1969 in
1082 1915 1225 1969 libro
1273 1916 1489 1986 quinto,
1522 1915 1710 1970 libello
1743 1933 1797 1983 x,
1848 1934 1906 1971 n.
1939 1916 2027 1983 67,

2197 711 2332 765 Dico
2364 729 2375 765 :
2399 711 2544 766 Νοιιί
2564 710 2692 765 libri
2717 715 2912 765 auctor
2931 714 3018 763 est
3030 708 3415 764 Theodoretus
3444 710 3576 782 Cyri
3605 710 3728 783 epi-

2126 817 2345 871 scopus,
2377 810 2717 871 vocaturque
2746 798 2983 860 Φιλόθεος
3008 814 3106 852 seu
3137 797 3406 869 Θεοφιλής.

2193 891 2455 945 Testatur
2479 890 2583 943 hoc
2613 890 2729 960 ipse
2754 887 2991 959 epistola
3016 885 3108 953 82,
3129 887 3201 941 ad
3220 887 3522 943 Eusebium
3541 890 3727 961 Ancy-

2124 979 2559 1051 razepiscopum:
2589 998 2611 1029 ι
2631 976 2929 1049 Mysticum
2952 976 3123 1030 etiam
3152 975 3717 1047 scripsimuslibrum,

2124 1075 2181 1123 et
2207 1070 2276 1122 de
2305 1068 2659 1123 Providentia
2684 1066 2813 1132 alia,
2838 1071 2896 1121 et
2923 1066 2993 1119 ad
3022 1066 3497 1136 Interrogationes
3528 1084 3719 1139 mago-

2121 1176 2247 1214 rum
2269 1158 2391 1221 alia
2424 1163 2481 1211 et
2504 1158 2573 1211 de
2599 1155 2732 1211 Vitis
2762 1156 3113 1218 Sanctorum,
3145 1161 3203 1209 et
3232 1160 3435 1227 praeter
3460 1156 3579 1211 haec
3603 1156 3719 1212 alia

2121 1248 2317 1303 multa.
2341 1267 2369 1299 ιι
2394 1247 2568 1317 Cujus
2593 1245 2718 1299 libri
2739 1244 2963 1299 nomine
2984 1244 3261 1299 Philothei
3282 1244 3491 1316 passim
3512 1246 3718 1301 memi-

2118 1336 2202 1391 nit
2228 1338 2346 1408 ipse
2370 1336 2429 1390 in
2460 1335 2603 1389 Hist.
2634 1334 2842 1389 Eccles.
3536 1368 3545 1373 ~

2187 1426 2553 1496 Nicephorus,
2586 1424 2682 1477 lib.
2714 1438 2821 1489 xiv,
2855 1440 2978 1495 cap.
3012 1422 3101 1487 54,
3150 1421 3247 1477 ubi
3298 1422 3447 1478 inter
3485 1423 3598 1478 alia
3638 1426 3713 1479 de

2115 1514 2450 1570 Theodoreti
2478 1513 2700 1583 scriptis
2726 1512 2844 1582 agit
2873 1531 2884 1565 :
2914 1530 2939 1563 «
2968 1512 3037 1566 Et
3056 1527 3299 1577 rursum,
3324 1513 3524 1583 inquit,
3552 1514 3717 1568 Φιλο-

2114 1604 2350 1666 θεος,1ιοο
2360 1602 2572 1669 est,Dei
2586 1602 2896 1656 amantium
2913 1600 3245 1667 Historia,in
3263 1618 3371 1672 qua
3392 1602 3718 1658 institutum

2113 1698 2233 1747 tum
2264 1709 2458 1747 eorum
2485 1692 2580 1764 qui
2596 1697 2759 1747 aetate
2780 1706 2885 1746 sua
2908 1690 3080 1745 vitam
3108 1696 3299 1746 sancte
3325 1695 3719 1763 transegerent

2044 1813 2093 1875 Β
2116 1783 2494 1855 persequitur.
2528 1799 2557 1836 ι

2530 1887 3127 1945 PROLEGOMENON
3162 1889 3289 1945 XII.

432 2003 582 2057 inter
609 2005 827 2075 reliqua
842 2004 1127 2059 seniorum
1141 2004 1290 2058 dicta
1313 2003 1552 2058 habetur
1566 2004 1777 2059 dictum
1804 2021 2028 2077 quoque
2520 1999 2650 2064 0ωέ
2677 1998 2878 2050 ἀεσίνηί
2905 1998 3041 2051 libri
3065 2002 3257 2051 auctor
3280 2002 3305 2050 ν

431 2093 688 2147 Palladii.
721 2094 880 2148 Unde
909 2093 1169 2163 colligere
1192 2098 1279 2147 est
1303 2092 1508 2147 librum
1531 2094 1689 2147 illum
1717 2110 1829 2148 non
1848 2111 1884 2148 a
1905 2095 2027 2150 Pal-
2181 2103 2321 2158 Dico
2354 2119 2367 2153 :
2398 2104 2611 2158 Decimi
2640 2103 2768 2157 libri
2808 2108 3004 2157 auctor
3022 2109 3110 2157 est
3143 2104 3387 2159 Joannes
3423 2104 3708 2170 Moschus,

429 2181 600 2249 Ῑθοάίοι
630 2182 728 2236 sed
755 2181 827 2235 ab
852 2182 962 2238 alio
993 2182 1181 2252 aliquo
1199 2181 1370 2236 misse
1396 2181 1808 2237 CODCinnatum-
2108 2198 2165 2248 et
2200 2193 2523 2247 inscribitur
2560 2194 2858 2261 Sophronii
2886 2194 3296 2260 Limonarium,
3327 2210 3426 2249 seu
3469 2195 3709 2248 Pratum

856 2305 1459 2362 PROLEGOMENON
1497 2306 1593 2363 Ιχ.
2105 2286 2417 2352 spiritualc,
2450 2298 2550 2335 seu
2587 2282 2768 2336 Novus
2798 2284 3118 2336 Paradisus.

914 2435 924 2445 ,
1074 2435 1111 2446 ,,
1185 2435 1195 2446 ,
1352 2434 1362 2445 ,
1505 2438 1514 2446 _
1610 2438 1631 2446 _
2179 2372 2228 2429 i.
2261 2372 2385 2441 Ipse
2426 2370 2630 2425 nomen
2682 2387 2847 2425 suum
2887 2370 3151 2442 exprimit
3178 2386 3298 2441 cap.
3339 2369 3409 2425 77
3443 2389 3454 2425 :
3493 2389 3519 2423 α
3550 2371 3705 2427 Dixit

819 2430 948 2498 Quis
974 2435 1195 2501 septimi
1224 2434 1362 2486 libri
1388 2438 1583 2486 auctor
1608 2438 1631 2485 ν

2140 2458 2242 2512 mihi
2274 2430 2618 2529 éophronius
2651 2477 2662 2512 :
2696 2459 2857 2526 Vere,
2900 2430 3044 2513 abba
3074 2430 3336 2526 Joannes,
3369 2459 3536 2514 hodie
3559 2453 3710 2514 nihil

496 2538 629 2593 Dico
663 2556 677 2592 ε
711 2538 946 2609 Septimi
974 2537 1103 2592 libri
1136 2544 1332 2593 auctor
1356 2539 1627 2593 incertus.
2103 2547 2254 2602 ultra
2280 2548 2625 2603 studeamus.
2663 2567 2686 2598 ι

494 2627 667 2682 Vocat
694 2643 825 2681 eum
852 2626 1060 2681 librum
1090 2627 1412 2697 Sigebertus
1431 2628 1500 2682 de
1527 2627 1733 2681 illustr.
1760 2628 2017 2682 Ecclesia:
2170 2636 2224 2691 2,
2267 2637 2521 2703 Photius,
2567 2637 2924 2691 Bibliotheca;
2976 2654 3094 2692 suae
3128 2637 3264 2692 Cod.
3316 2635 3438 2704 199,
3481 2639 3708 2710 plenius

426 2716 717 2786 Scriptor.,
750 2732 870 2786 cap.
902 2712 1008 2771 118
1036 2733 1050 2769 :
1075 2717 1139 2770 In
1152 2720 1539 2783 terrogationcs
1571 2721 1617 2769 et
1646 2719 2018 2784 responsiones

2140 2741 2302 2780 omen
2323 2732 2380 2780 et
2398 2726 2679 2780 diversum
2698 2726 2825 2780 libri
2844 2727 3075 2781 titulum
3096 2726 3321 2781 exhibet
3343 2746 3355 2781 :
3385 2725 3706 2799 Ἀνεγνώσθη

423 2805 521 2861 SS.
553 2807 934 2872 {Egyptiorum
962 2806 1214 2869 Patrum,
1244 2820 1345 2857 nec
1366 2804 1609 2858 auctoris
1639 2804 1917 2876 meminit.
1948 2802 2019 2859 Et

2140 2815 2305 2875 ιϐλίον,
2327 2816 2558 2885 τέσσαρσι
2583 2817 2663 2867 καὶ
2693 2816 2986 2885 τριακοσίοις
3014 2818 3285 2885 διηγήμασι
3310 2817 3704 2886 περιειλημένον.

422 2895 542 2965 ipse
570 2892 904 2947 Paschasius
933 2892 1230 2962 interpres,
1266 2893 1445 2963 capite
1472 2892 1560 2957 44,
1590 2892 1650 2947 in
1678 2894 1807 2959 fine,
1852 2893 2016 2947 abso-

2140 2900 2244 2971 [ρός
2282 2902 2370 2969 τὴν
2402 2898 2660 2970 ἀσκητικὴν
2696 2902 2749 2955 δὲ
2787 2904 2867 2955 καὶ
2905 2909 3048 2957 τοῦτο
3087 2903 3149 2956 τὰ
3190 2903 3405 2974 μάλιστα
3443 2905 3705 2958 συντελῶν

421 2982 541 3036 lute
565 2982 893 3053 pronuntiat
924 2998 935 3034 :
973 2999 999 3033 α
1028 2981 1158 3035 Hazc
1185 2980 1523 3051 sapientium
1551 2987 1608 3035 et
1636 2981 2015 3052 spiritualium

2140 3010 2200 3043 ττι
2230 2992 2498 3054 πολιτείαν,
2530 2992 2591 3045 τα
2621 2989 2744 3044 αὐτά
2773 3011 2879 3054 πως
2915 2993 3381 3062 πραγματεύομενον
3409 2998 3483 3063 τῷ
3526 3011 3706 3063 προει-

424 3087 693 3141 responsa
718 3071 970 3136 Patrum,
1003 3087 1030 3123 ιι
1061 3070 1216 3125 nulla
1245 3070 1490 3124 auctoris
1519 3070 1764 3125 notione.

2140 3081 2317 3149 ημένῳ,
2349 3079 2475 3145 πλὴν
2506 3076 2579 3132 ὅτι
2606 3085 2706 3132 τῶν
2733 3082 3153 3150 μεταγενεστέρων
3178 3074 3371 3149 ἀνδρῶν
3397 3080 3517 3151 ἔργα
3538 3099 3591 3133 τε
3613 3083 3702 3135 καὶ

875 3193 1363 3251 PROLEGOMEN
1367 3195 1465 3251 ON
1492 3196 1563 3250 X.

2140 3166 2296 3237 ράξεις
2349 3161 2709 3233 ἀξιοζηλώτους
2756 3162 3022 3251 ἀναγράφει
3057 3188 3069 3199 ·
3102 3168 3183 3220 καὶ
3228 3166 3323 3238 γὰρ
3372 3164 3547 3220 ἐκεῖθεν
3592 3172 3699 3221 τῶν

988 3250 999 3251 7
1059 3326 1068 3334 ,
1331 3323 1341 3334 ,
1386 3250 1389 3251 ν
1491 3325 1501 3334 ⁸
1599 3327 1619 3334 Δ
2101 3258 2249 3326 μέχρι
2286 3261 2372 3321 τῆς
2412 3255 2710 3326 Ἥρακλειου
2750 3250 2908 3327 ἀρχῆς
2941 3256 3022 3308 καὶ
3060 3252 3290 3308 ἐπιπλέον
3325 3254 3695 3325 διατρεψάντων

828 3322 959 3389 oms
990 3323 1165 3376 οθίαυί
1204 3322 1341 3375 libri
1375 3325 1570 3375 αυειον
1597 3327 1619 3374 Ῠ
2099 3322 2320 3412 ἀρεταῖς,
2374 3322 2636 3416 ἐπέρχεται
2685 3322 2997 3413 τοὺς-βίους,
3051 3343 3296 3415 Λειμῶνα
3340 3344 3394 3396 δὲ
3439 3322 3695 3397 καλεῖσθαι

491 3429 626 3484 Dico
659 3447 670 3482 :
705 3428 897 3483 Octavi
925 3428 1054 3482 libri
1082 3432 1279 3481 auctor
1294 3432 1380 3481 est
1399 3426 1682 3481 Palladius
1704 3425 2015 3497 Helenopo-

2140 3432 2297 3483 Γδωσιν
2328 3430 2355 3483 ὁ
2382 3431 2735 3501 συνταξάμενος
2770 3431 2927 3503 ὄνομα
2964 3430 3021 3485 τό
3058 3433 3242 3501 βιϐλίον
3278 3453 3289 3465 ·
3321 3431 3445 3494 τινὲς
3479 3431 3532 3484 δὲ
3572 3429 3697 3485 αὖτό

418 3519 535 3573 leos
557 3518 865 3590 episcopus,
892 3517 1208 3586 diciturque
1237 3517 1506 3570 Lausiaca
1535 3517 1807 3572 Historia.

2140 3519 2174 3569 ιὶ
2204 3518 2338 3572 Νέον
2364 3512 2658 3590 ὀνομάζουσι
2688 3520 3021 3591 Παραδείσιον
3050 3520 3437 3591 (manuscripti
3458 3520 3693 3591 quidam

493 3608 720 3663 Clarum
749 3607 851 3660 hoc
877 3605 1012 3660 satis
1047 3622 1112 3659 ex
1142 3606 1388 3659 Socrate.
1422 3602 1517 3657 lib.
1546 3620 1616 3671 Iv,
1648 3620 1770 3675 cap.
1799 3601 1886 3669 23,
1911 3620 2010 3658 cu-
2095 3604 2420 3676 Παραδείσιν,
2451 3607 2548 3679 qui
2574 3608 2643 3662 ad
2674 3609 2987 3678 marginem
3014 3609 3381 3680 manuscripti
3408 3609 3695 3679 Margunii

414 3700 510 3769 jus
529 3696 695 3751 verba
719 3696 1047 3767 exprimam.
1069 3694 1196 3749 Alia
1210 3694 1465 3765 quaedam
1483 3692 1605 3747 vide
1625 3692 1685 3747 in
1715 3692 1921 3763 Elogiis
1940 3692 2011 3747 ad

2140 3701 2323 3750 )catur
2337 3695 2629 3767 Πατερικόν)
2657 3697 2721 3751 Ὁ
2742 3697 2795 3750 δὲ
2817 3699 3146 3769 συντεταχώς,
3163 3696 3399 3765 Ἰωάννης
3421 3695 3506 3769 μέν
3528 3696 3695 3768 ὄνομα

420 3803 548 3841 eum
586 3786 814 3841 librum.
854 3785 953 3839 Ait
977 3784 1193 3855 igitur:
1231 3783 1296 3837 Εὶ
1335 3784 1391 3835 δέ
1427 3802 1498 3845 τις
1540 3783 1766 3852 βούλοιτο
1801 3780 1864 3836 τὰ
1902 3783 2012 3853 περὶ

2140 3781 2247 3856 ὗτῷ,
2264 3782 2311 3847 ἐξ
2332 3782 2630 3851 ἐπικλήσεως
2648 3784 2703 3837 δὲ
2724 3783 2916 3856 ἐλέγετο
2939 3786 2966 3839 ὁ
2985 3792 3072 3839 τοῦ
3093 3785 3388 3858 Μοσχοῦ,ὃς
3410 3782 3691 3848 ἀπετάξατο

420 3873 581 3929 αὐτῶν
622 3874 878 3946 μανθάνειν
913 3867 983 3926 ὧν
1011 3893 1064 3927 τε
1094 3870 1346 3940 ἐποίησαν,
1385 3866 1456 3925 ὧν
1484 3891 1536 3925 τε
1568 3872 1800 3942 ἔπραξαν,
1831 3872 1911 3924 καὶ
1941 3866 2011 3925 ὧν
2096 3870 2181 3944 μέν
2225 3870 2273 3925 ἐν
2315 3878 2375 3945 τῇ
2414 3878 2502 3926 τοῦ
2546 3872 2685 3945 ἁγίου
2726 3872 3001 3929 Θεοδοσίου
3044 3880 3189 3947 μονῇ,
3235 3864 3340 3928 εἶτα
3381 3875 3691 3945 συνδιέτρεψε

420 3962 543 4035 πρὸς
582 3962 822 4035 ὠφέλειαν
855 3969 955 4015 τῶν
985 3957 1297 4015 ἀκουσάντῶν
1329 3958 1636 4031 ἐφθέγξαντο,
1670 3957 1806 4022 ὅπως
1833 3980 1886 4013 τε
1920 3957 2011 4012 αὖ·
2097 3962 2336 4032 [xxxvii]
2366 3971 2468 4024 τοῖς
2492 3980 2544 4015 τε
2571 3961 2695 4015 κατὰ
2720 3960 2804 4015 τὸν
2848 3961 3102 4034 Ἰορδάνην
3135 3959 3228 4016 άνά
3255 3963 3343 4031 τὴν
3380 3964 3561 4034 ἔρημον
3596 3958 3696 4015 ἀσ-

420 4061 521 4114 τοῖς
550 4052 612 4105 τὰ
640 4052 784 4121 θηρία
819 4051 1050 4118 ὖπήκουν,
1082 4048 1351 4117 πεπόνηται
1381 4048 1665 4119 Παλλαδίῳ
1692 4055 1767 4119 τῷ
1799 4054 2012 4120 μοναχῷ
2095 4052 2366 4121 κουμένοις,
2395 4050 2477 4104 καὶ
2503 4060 2604 4113 τοῖς
2634 4049 2682 4104 ἐν
2712 4056 2772 4122 τῇ
2802 4053 2887 4122 νέα
2912 4051 3096 4123 Λαύρᾳ
3130 4057 3218 4106 τοῦ⁹
3255 4052 3471 4123 μεγάλου
3511 4050 3695 4105 Σάϐϐα

418 4141 544 4193 ἴδιον
574 4139 885 4211 μονόϐιϐλον,
918 4138 971 4201 ὃς
1003 4136 1253 4209 Εὖαγρίου
1283 4138 1371 4208 μέν
1404 4156 1475 4198 τις
1502 4136 1739 4207 μαθητὴς,
1771 4136 1933 4189 πάντα
1959 4136 2014 4189 δὲ
2096 4140 2391 4192 διαθλοῦσιν.
2432 4138 2684 4194 Ἐντεῦθεν
2722 4140 2775 4192 δὲ
2812 4139 2874 4193 τά
2901 4160 2953 4193 τε
2980 4147 3067 4208 τῆς
3103 4138 3413 4213 Ἀντιοχείας
3449 4140 3690 4210 κλίματα,

421 4224 630 4301 ἀκριϐῶς
658 4229 771 4300 περῖ
802 4226 962 4281 αὐτῶν
991 4227 1233 4295 διεξῆλθεν
1270 4223 1317 4278 ἐν
1422 4226 1502 4277 καὶ
1527 4231 1767 4296 γυναικῶν
1805 4222 2015 4296 ἔφάμιλ-
2097 4228 2175 4280 καὶ
2222 4228 2310 4295 τὴν
2351 4226 2701 4300 Ἀλεξάνδρου,
2752 4230 2833 4282 καὶ
2878 4229 2965 4297 τὴν
3008 4230 3118 4300 περὶ
3167 4227 3314 4297 αὐτὴν
3359 4230 3563 4301 ἔρημον,
3608 4230 3695 4281 καὶ

420 4320 509 4372 λον
568 4327 670 4380 τοῖς
724 4318 1094 4389 προειρημένοις
1151 4311 1382 4385 ἀνδράσιν
1441 4310 1813 4383 ἑπανελομένων
1873 4314 1977 4383 βίον
1996 4354 2011 4379 ,
2098 4317 2278 4388 μέχρισ
2308 4315 2533 4380 Ὀάσεως
2554 4315 2790 4383 ἐπελθὼν,
2817 4319 2897 4371 καὶ
2921 4319 3124 4371 πολλῶν
3141 4319 3222 4372 καὶ
3243 4319 3473 4390 μεγάλων
3496 4312 3694 4387 ἀνδρῶν

423 4412 618 4478 μνήμην
644 4410 906 4476 πεποίηται
940 4423 952 4459 :
979 4423 1005 4458 α
1038 4406 1393 4474 Quapropter
1419 4402 1466 4456 si
1494 4401 1619 4473 quis
1648 4401 1833 4455 studio
1862 4400 2017 4457 duci-

2140 4406 2338 4468 οιστείας
2386 4410 2728 4479 συναγηοχώς,
2781 4412 2926 4460 τοῦτο
2979 4407 3065 4477 μὲν
3115 4406 3242 4477 ὄψει,
3299 4412 3444 4460 τοῦτο
3499 4404 3554 4458 δὲ
3607 4406 3694 4458 καὶ

421 4477 803 4553 ξυνίαοουνοῐθ
842 4493 1212 4565 cognoscendi
1255 4508 1395 4563 quas
1436 4508 1526 4545 res
1572 4490 1870 4562 gesserint,
1902 4480 2031 4562 quo

2140 4496 2329 4567 ιαζούσῃ
2376 4477 2552 4568 ἀκοῇέ
2594 4477 2676 4548 διὰ
2720 4495 2808 4563 τὴν
2863 4492 3014 4568 αὐτὴν
3065 4495 3120 4548 δὲ
3174 4493 3329 4549 αἰτίαν
3382 4495 3464 4547 καὶ
3522 4495 3693 4561 νήσοις

419 4592 583 4656 pacto
606 4604 667 4641 se
696 4586 756 4641 in
775 4586 888 4639 vita
909 4563 1276 4647 exercuerim,
1297 4597 1419 4652 quia
1440 4580 1512 4634 ad
1537 4580 1889 4635 audientium
1908 4580 2016 4635 uti-

2140 4563 2497 4654 ιτορησάμενος,
2529 4580 2577 4637 ἐν
2614 4590 2688 4655 τῷ
2720 4582 2842 4655 πρὸς
2868 4584 2956 4651 τὴν
2988 4563 3176 4655 ῥώμην
3204 4584 3421 4654 διάπλῳ,
3456 4579 3609 4635 ἐκεῖσέ
3634 4600 3693 4635 τε

421 4674 639 4730 litatem
667 4674 838 4729 locuti
865 4673 1093 4738 fuerint,
1126 4670 1404 4743 quomodo
1437 4669 1626 4724 bestia
1653 4669 1763 4723 illis
1794 4668 2012 4725 obtem-

2140 4673 2157 4723 ἱ
2201 4673 2523 4743 παραπλήσια
2572 4674 3020 4744 διερευνησάμενος,
3070 4674 3150 4726 καὶ
3199 4673 3387 4744 μαθὼν,
3427 4669 3485 4725 τό
3526 4667 3691 4741 παρὸν

419 4762 689 4832 perarint,
717 4762 869 4832 legat
892 4760 1099 4815 librum
1118 4776 1153 4813 a
1177 4758 1420 4813 Palladio
1444 4757 1740 4826 monacho,
1759 4758 1856 4829 qui
1879 4760 2015 4814 Eva-

2140 4762 2345 4833 ἱνταγμα
2366 4760 2558 4833 γράφει,
2582 4762 2662 4816 καὶ
2686 4772 2968 4834 προσφωνεῖ
2994 4763 3272 4834 Σωφρονίῳ
3292 4762 3320 4829 ἢ
3344 4761 3595 4831 Σωφρονᾷι⁹
3613 4765 3693 4830 τῷ

417 4850 527 4921 grii
558 4850 668 4905 fuit
692 4849 1015 4921 discipulus,
1037 4848 1339 4919 separatim
1370 4846 1441 4901 de
1466 4846 1577 4901 illis
1604 4846 1834 4901 editum.
1866 4847 2013 4903 Nam

2140 4851 2257 4921 κείῳ
2300 4853 2513 4923 μαθητῇ,
2550 4852 2631 4905 καὶ
2674 4849 2929 4924 ἐγχειρίζει
2972 4848 3105 4923 αὐτῷ
3134 4857 3298 4915 τοῦτο,
3335 4848 3423 4917 τὴν
3452 4854 3540 4902 τοῦ
3579 4848 3690 4917 βίου

421 4939 612 4994 omnia
635 4956 758 5011 quae
786 4938 857 5017 ad
886 4954 981 4993 eos
1010 4941 1286 5008 spectant,
1307 4936 1366 4991 in
1391 4952 1457 4991 eo
1485 4941 1619 4990 sunt
1640 4940 1898 4991 accurate
1924 4953 2014 4991 ex-

2140 4940 2369 4993 ίλλουσαν
2415 4937 2695 5010 ἐφίστασθαι
2741 4938 2864 5012 πρὸς
2909 4940 2971 4995 τὰ
3019 4936 3250 5013 ἀμείνονα
3302 4938 3689 5011 προτεθεαμένος

418 5028 643 5100 plicata.
677 5030 743 5084 In
785 5044 894 5099 quo
934 5026 1131 5097 [xxxvi]
1160 5025 1331 5080 etiam
1379 5026 1448 5080 de
1497 5025 1844 5091 mulieribus,
1888 5042 2011 5098 quae

2140 5028 2388 5096 εταϐολήν.
2422 5027 2571 5095 Πλὴν
2611 5026 2661 5091 ἐξ
2690 5028 2920 5082 ἁπάντων
2947 5026 3005 5082 τὸ
3033 5032 3280 5102 χρήσιμον
3310 5028 3338 5081 ὁ
3376 5023 3570 5087 συνετός
3602 5025 3689 5078 καὶ

416 5134 614 5189 parem
640 5117 859 5172 vivendi
878 5116 1156 5171 rationem
1172 5131 1299 5170 cum
1326 5114 1460 5169 viris
1485 5132 1659 5187 supra
1671 5115 1833 5170 dictis
1849 5131 2010 5170 exco-

2140 5116 2316 5188 ιοφιλὴς
2366 5112 2489 5187 ἀνὴρ
2540 5116 2838 5189 δρεπόμενος
2888 5116 2975 5172 οὐκ
3026 5116 3084 5170 ἃν
3133 5124 3233 5171 τῶν
3285 5114 3686 5185 συντεταγμένων

416 5206 624 5274 lebant,
673 5220 860 5261 sermo
905 5209 1195 5276 susceptus
1235 5208 1337 5259 est.
1375 5222 1399 5256 ι
1433 5204 1512 5259 Ex
1548 5220 1659 5276 quo
1704 5204 2011 5275 Tripartita

2140 5203 2235 5276 ἷρον
2262 5207 2525 5277 καταγνοίη
2560 5223 2574 5259 :
2610 5225 2637 5258 α
2666 5207 2869 5262 Lectus
2906 5212 2992 5262 est
3029 5206 3171 5262 liber
3210 5211 3454 5278 quatuor
3479 5208 3539 5258 et
3563 5207 3686 5256 tre-

419 5295 668 5351 Historia
721 5295 819 5349 lib.
881 5311 989 5358 vni,
1039 5309 1161 5365 cap.
1213 5294 1264 5361 1,
1297 5298 1357 5348 et
1406 5293 1756 5365 Nicephorus
1801 5292 1899 5349 lib.
1931 5309 2005 5364 xi,
2091 5294 2267 5350 centis
2286 5300 2546 5350 constans
2559 5295 3106 5352 narrationibusﬂic
3118 5311 3341 5367 quoque
3359 5290 3684 5350 monastice

415 5400 537 5456 cap.
569 5384 660 5441 44.
2089 5382 2445 5454 potissimum
2480 5384 2608 5440 vitae
2653 5385 2931 5454 conducit,
2979 5386 3347 5456 eamdemque
3392 5383 3510 5438 fere
3549 5396 3681 5437 cum

488 5474 630 5528 Cum
658 5478 849 5528 autem
892 5479 1009 5527 tres
1051 5472 1165 5528 sint
1208 5472 1440 5528 diverse
1468 5472 1705 5528 Palladii
1734 5472 2008 5528 editiones
2088 5472 2375 5544 superiore
2405 5474 2759 5541 (Sanctorum
2785 5475 3034 5531 virorum
3052 5473 3215 5543 libro,
3238 5479 3305 5530 ut
3332 5472 3566 5528 Photius
3588 5469 3679 5525 in-

412 5559 645 5617 diversis
673 5562 1091 5634 intrepretibus,
1126 5579 1249 5634 quae
1273 5578 1471 5617 earum
1507 5561 1762 5619 videatur
1786 5578 2006 5633 germa-
2085 5561 2305 5633 digitat,
2325 5578 2490 5633 quem
2512 5562 2603 5618 hic
2619 5580 2791 5637 supra
2808 5564 3006 5637 quinto
3026 5570 3085 5622 et
3102 5569 3258 5620 sexto
3271 5562 3413 5620 libro
3436 5559 3680 5617 divisum

410 5648 554 5719 nior,
588 5650 713 5707 vide
742 5652 1140 5723 prolegomeno
1171 5653 1260 5722 14,
1292 5651 1390 5710 ubi
1413 5652 1482 5709 de
1509 5650 1928 5725 interpretibu.
2084 5649 2279 5721 habes)
2304 5654 2629 5723 pertractat,
2656 5652 2767 5711 nisi
2796 5652 2947 5726 quod
2994 5669 3189 5712 eorum
3239 5654 3490 5709 virorum
3526 5648 3682 5705 dicta
