3958 6390
147 442 217 499 45
1411 446 1758 502 PROLEGO]

1850 448 2009 504 NON
2044 444 2167 503 ΧΠ.
3353 446 3423 508 46

144 570 399 644 factaque
420 569 740 626 imitatione
758 569 931 641 digna
966 570 1197 642 colligit,
1227 572 1325 643 qui
1352 579 1482 644 post
1507 572 1741 627 insecuti
1756 576 1806 633 Α
1826 590 2053 644 prorsus
2072 574 2316 628 Joannes
2332 572 2672 626 anachoreta
2694 572 2817 627 fuit.
2850 574 2915 629 Id
2941 574 3044 630 tibi
3065 592 3132 630 ex
3153 576 3336 650 capite
3353 578 3421 633 77

148 667 297 717 sunt.
314 661 474 717 Vitas
493 660 706 717 etenim
723 665 919 715 narrat
937 676 1132 716 eorum
1150 662 1247 733 qui
1263 663 1384 733 jam
1412 663 1541 717 inde
1569 678 1745 733 usque
1826 663 2124 716 voluminis
2162 662 2341 733 ipsius
2373 661 2585 732 liquido
2624 668 2880 717 constare
2919 665 3145 735 poterit.
3190 666 3426 722 Photius

148 750 219 806 ad
240 751 483 806 Heraclii
511 750 814 821 imperium
833 755 892 804 et
918 749 1179 823 deinceps
1196 751 1401 807 virtute
1429 752 1613 822 magis
1640 751 1748 805 cla-

150 846 405 895 ruerunt.
419 842 655 895 Pratum
674 844 867 894 autem
889 839 1115 895 titulum
1136 840 1280 895 libro
1299 840 1504 895 indidit
1529 846 1744 907 auctor,

154 946 319 1001 quem
341 934 399 984 et
422 930 755 984 Paradisum
782 945 990 984 nouum
1012 929 1242 1000 quidam
1271 930 1574 1001 appellant.
1604 930 1750 984 Scri-

152 1025 279 1090 ptor
299 1019 350 1089 ej
358 1035 423 1073 us
440 1018 685 1072 Joannes
701 1017 929 1089 quidam
954 1007 1162 1073 Moschi
1174 1025 1564 1089 cognomento,
1580 1018 1675 1089 qui
1687 1018 1746 1072 in

150 1107 301 1162 beati
319 1107 618 1162 Theodosii
638 1106 883 1179 primum
912 1108 1255 1163 monasterio
1276 1109 1541 1163 saeculum
1562 1107 1747 1161 valere

146 1196 373 1269 jubens,
405 1213 533 1252 cum
569 1196 639 1251 iis
666 1196 870 1252 deinde
907 1196 1198 1251 monachis
1244 1195 1501 1262 convixit,
1549 1195 1646 1267 qui
1688 1198 1748 1248 in

152 1286 374 1341 deserto
400 1286 472 1340 ad
499 1285 803 1341 Jordanem
844 1285 1260 1351 exercebantur,
1290 1286 1499 1357 quique
1530 1301 1673 1339 nova
1692 1284 1752 1338 in

154 1376 340 1431 Laura
357 1376 546 1447 magni
568 1374 729 1431 Saba:
739 1374 1213 1430 certabantUnde
1229 1391 1454 1429 rursum
1476 1374 1545 1428 ad
1561 1373 1754 1428 Antio-

154 1465 292 1520 chiae
328 1465 585 1536 regiones
627 1469 685 1518 et
733 1464 1036 1519 Alexandri
1077 1463 1295 1529 urbem,
1325 1464 1753 1535 proximamque

156 1570 431 1620 eremum,
452 1554 524 1608 ad
543 1552 733 1608 Oasim
753 1570 932 1625 usque
943 1553 1185 1620 delatus,
1198 1553 1504 1607 multorum
1528 1567 1756 1622 magno-

155 1660 396 1715 rumque
439 1642 688 1698 virorum
725 1658 816 1698 res
867 1643 1133 1714 pmclare
1178 1648 1367 1714 gestas
1410 1640 1751 1712 aggregavit,

157 1750 300 1805 quas
319 1732 523 1805 partim
542 1732 719 1787 oculis
734 1732 1151 1803 ipsespectavit,
1168 1732 1376 1803 partim
1389 1730 1598 1785 recenti
1626 1736 1758 1783 tunc

156 1821 447 1877 auditione
466 1821 681 1876 didicit.
705 1820 914 1875 Eadem
938 1837 1104 1893 porro
1132 1821 1203 1875 de
1231 1837 1400 1875 causa
1428 1837 1555 1874 cum
1586 1819 1756 1873 etiam

1829 751 2212 821 quoquehunc
2223 751 2405 822 ipsum
2418 757 2705 807 auctorem
2718 751 2844 806 libri
2856 753 3127 809 Joannem
3139 755 3432 812 Moschum

1830 841 2073 908 (natione
2093 841 2347 904 fortasse)
2370 841 2541 895 fuisse
2568 842 2787 908 asserit,
2818 844 2979 913 cujus
3007 860 3320 915 cognomen
3344 846 3431 902 in-

1830 936 2045 1000 terpres
2075 931 2308 984 Latinus
2338 931 2526 985 forsan
2554 931 2839 986 Eviratum
2868 933 3128 991 reddidit.
3166 953 3192 987 »

1899 1019 2107 1073 Verum
2153 1019 2464 1090 SOphronio
2492 1020 2579 1074 his
2614 1020 2684 1074 de
2713 1021 2895 1076 causis
2920 1022 3249 1078 attribuitur
3278 1042 3291 1078 :
3344 1025 3432 1079 vel

1830 1107 1964 1177 quia
1990 1109 2060 1162 ad
2091 1108 2275 1179 ipsum
2305 1125 2406 1179 per
2431 1110 2824 1165 charissimum
2841 1112 3054 1166 socium
3084 1113 3429 1181 inscribitur,

1834 1197 2308 1267 quemadmodum
2352 1203 2409 1252 et
2454 1199 2756 1253 Rhetorica
2784 1200 3071 1255 Ciceronis
3113 1202 3186 1256 ad
3215 1203 3435 1258 Heren-

1833 1286 2011 1351 nium,
2029 1292 2087 1341 et
2099 1286 2351 1356 ejusdem
2367 1287 2438 1340 ad
2455 1287 2701 1341 Atticum
2716 1288 2982 1359 epistolae,
2998 1290 3071 1344 ad
3085 1290 3436 1346 Herennium

1835 1380 1892 1428 et
1920 1375 1991 1429 ad
2012 1375 2256 1429 Atticum
2286 1375 2413 1428 libri
2442 1376 2832 1447 appellantur;
2859 1377 2939 1432 sic
2971 1378 3272 1450 Sophronii
3294 1380 3438 1435 liber

1839 1464 1926 1517 hic
1956 1464 2192 1530 dicatur,
2218 1464 2351 1535 quia
2373 1464 2445 1518 ad
2468 1465 2843 1536 Sophronium
2864 1466 3147 1538 dirigitur.
3166 1471 3351 1541 Atque
3371 1486 3441 1524 ex

1838 1569 1903 1607 eo
1932 1553 2193 1618 maxime,
2229 1553 2378 1624 quod
2407 1553 2479 1607 ad
2506 1570 2671 1608 usum
2700 1555 2851 1609 illius
2874 1554 2931 1610 in
2958 1556 3157 1627 primis
3190 1558 3440 1613 conscri-

1838 1647 1969 1712 ptus
1987 1647 2089 1696 est.
2114 1642 2369 1712 Namque
2393 1647 2590 1697 auctor
2618 1643 2738 1714 ipse
2758 1644 2817 1698 in
2849 1644 3086 1715 epistola
3106 1662 3277 1717 quam
3296 1646 3440 1701 libro

1840 1730 2149 1801 praemittit,
2174 1729 2383 1784 fatetur
2409 1747 2469 1784 se
2500 1748 2564 1785 ex
2592 1730 2698 1785 hoc
2721 1737 2883 1803 prato
2904 1750 3168 1789 coronam
3198 1736 3443 1807 Sophro-

1841 1819 1933 1873 nio
1953 1818 2321 1885 contexuisse,
2345 1835 2411 1872 ac
2436 1835 2534 1890 per
2554 1836 2684 1875 eum
2713 1820 2839 1875 aliis
2859 1822 3123 1894 deinceps
3147 1823 3441 1882 obtulisse.

157 1911 376 1965 insulas
414 1910 651 1964 Romam
691 1925 884 1964 versus
928 1909 1202 1979 navigans
1237 1909 1553 1972 lustrasset,
1606 1906 1758 1960 hisce
1777 1932 1823 1991 Β
1913 1910 2023 1963 Seu
2044 1908 2244 1979 quiain
2276 1908 2381 1962 hoc
2398 1908 2540 1962 libro
2560 1908 2712 1964 dicta
2734 1916 2793 1964 et
2818 1916 2980 1981 gesta
3004 1912 3179 1983 ipsius
3200 1914 3445 1985 Sophro-

159 1998 436 2053 similibus
454 1998 531 2053 ibi
552 2014 773 2070 quoque
796 1998 1127 2069 conquisitis
1147 2002 1205 2052 et
1221 1997 1479 2068 cognitis,
1494 1997 1598 2050 hoc
1618 2012 1758 2066 opus

158 2088 506 2160 conscripsit,
540 2088 689 2159 quod
724 2088 946 2142 dedicat
974 2086 1287 2158 Sophronio
1317 2103 1416 2141 seu
1455 2086 1759 2156 Sophrona:

160 2177 434 2249 discipulo
461 2193 583 2244 suo,
607 2176 903 2248 eidemque
933 2176 1037 2231 hoc
1062 2176 1246 2247 ipsum
1273 2176 1453 2241 offert,
1489 2192 1615 2229 cum
1638 2175 1759 2244 jam

161 2268 353 2321 animo
398 2265 723 2337 pmciperet
759 2265 971 2320 instare
1002 2265 1127 2319 vitae
1169 2265 1338 2335 hujus
1382 2265 1439 2318 in
1470 2264 1760 2329 meliorem

164 2355 679 2410 commutationem.
696 2356 974 2409 Caeterum
995 2370 1061 2408 ex
1075 2354 1161 2407 his
1176 2352 1435 2407 omnibus
1448 2353 1759 2407 industrius

162 2446 401 2516 quisque
427 2450 484 2498 et
513 2445 615 2499 Dei
644 2460 860 2510 amans,
894 2443 1140 2498 fructum
1175 2442 1419 2514 capiens,
1468 2458 1760 2512 nunquam

160 2535 334 2605 hujus
365 2533 556 2606 scripti
581 2534 816 2587 nimiam
842 2533 1221 2604 prolixitatem
1252 2532 1547 2585 accusarit.
1576 2551 1601 2583 »
1627 2531 1761 2594 Quae

162 2622 399 2678 Photius
452 2621 783 2693 compendio
828 2620 1103 2691 excerpsit
1150 2637 1216 2674 ex
1261 2620 1442 2690 elogio
1491 2618 1758 2679 auctoris,

162 2728 313 2767 nunc
332 2711 437 2765 hac
467 2711 714 2766 secunda
746 2710 1058 2765 Moretiana
1078 2708 1342 2774 editione,
1373 2710 1495 2779 ejus
1520 2707 1666 2761 libro
1695 2724 1761 2759 ex

162 2800 298 2855 Mss.
340 2799 549 2853 Graecis
587 2798 835 2869 praeﬁxo.

231 2888 288 2943 3.
320 2888 577 2943 Secunda
612 2888 840 2942 Nicena
874 2886 1142 2958 synodus,
1181 2902 1303 2957 quae
1333 2903 1403 2939 vn
1442 2890 1529 2939 est
1567 2884 1763 2939 ordine

163 2978 316 3032 inter
349 2976 663 3048 generales,
707 2975 926 3032 actione
955 2975 987 3029 4
1022 2975 1104 3029 ita
1132 2974 1302 3029 habet
1332 2991 1343 3026 :
1377 2974 1483 3027 Τοῦ
1520 2970 1567 3025 ἐν
1610 2972 1763 3043 ἁγίοις

162 3063 350 3135 πατρὸς
387 3067 530 3135 ἡμῶν
570 3065 863 3136 Σωφρονίσυ
894 3062 945 3117 ἐκ
971 3069 1059 3117 τοῦ
1085 3063 1455 3134 Λειμωναρίου.
1491 3062 1705 3132 ’Έλεγεν
1737 3059 1764 3112 ὁ

161 3150 318 3216 ἆεεᾶς
346 3152 623 3224 Θεόδωροσ
656 3151 683 3205 ὁ
712 3149 985 3219 Αἷλιώτης,
1018 3148 1092 3205 ὅτι
1120 3143 1179 3219 ἦν
1209 3170 1280 3213 τις
1312 3152 1584 3221 ἔγκλειστος
1616 3146 1679 3211 εἰς
1707 3145 1765 3201 τὸ

1840 1997 1918 2051 nii
1937 2015 2037 2069 pro
2058 1997 2259 2068 majori
2278 2002 2437 2068 parte
2458 1998 2834 2053 continentur.
2858 2001 3004 2055 Nam
3025 2001 3073 2055 is
3092 2002 3266 2057 totius
3281 2002 3446 2057 itine—
3540 2024 3544 2029 '

1840 2087 1919 2141 ris
1954 2086 2082 2140 libri
2114 2086 2283 2156 hujus
2330 2087 2577 2140 auctoris
2605 2087 2713 2141 fuit
2750 2088 3071 2144 individuus
3120 2107 3347 2160 comes;
3388 2096 3447 2146 et

1843 2192 2191 2247 quaecunque
2210 2174 2483 2229 ambobus
2512 2174 2930 2232 ambulantibus
2950 2184 3333 2249 occurrerunt,
3360 2180 3449 2235 vel

1842 2264 2223 2336 quaerentibus
2251 2265 2577 2335 responderi
2605 2265 2857 2336 contigit,
2892 2266 3322 2337 diligentissime
3348 2268 3451 2325 de-

1843 2355 2055 2425 scripta
2067 2354 2410 2417 sunt.Quare
2422 2353 2595 2407 etiam
2610 2353 2726 2408 haec
2744 2354 2913 2410 verba
2927 2356 3233 2427 saepissime
3243 2358 3451 2422 iterata

1842 2441 2055 2497 videbis
2086 2458 2098 2493 :
2146 2443 2398 2494 Venimus
2427 2457 2519 2507 ego
2559 2446 2610 2495 et
2634 2442 2896 2496 dominus
2926 2460 3076 2498 meus
3104 2443 3450 2513 Sophronias

1843 2533 2079 2601 sophista
2097 2532 2170 2583 ad
2191 2530 2439 2583 abbatem
2465 2529 2659 2595 talem,
2684 2535 2789 2584 etc.
2810 2531 3012 2585 Etideo
3034 2549 3258 2604 semper
3275 2534 3450 2589 etiam

1843 2619 2046 2690 plurali
2062 2618 2340 2673 locutione
2368 2618 2567 2680 utitur,
2587 2618 2777 2673 dicens
2797 2636 2808 2671 :
2834 2621 3205 2689 Pcrrea‘z'mus,
3221 2626 3451 2678 accessi-

1847 2725 1987 2774 mus,
2022 2710 2283 2773 vidimus,
2310 2710 2569 2760 narravit
2600 2709 2754 2761 nobis
2774 2725 2935 2762 senes:
2954 2715 3283 2766 monasterii
3309 2712 3447 2768 dum.

1845 2798 1953 2850 Per
1982 2813 2104 2867 quae
2129 2795 2319 2849 omnia
2336 2795 2579 2865 conspici
2597 2796 2781 2862 datur,
2807 2797 3139 2868 scriptorem
3160 2815 3453 2871 nunquam

1846 2885 2027 2939 solum
2057 2884 2227 2937 fuisse
2258 2884 2315 2937 in
2344 2884 2431 2937 his
2471 2901 2593 2954 quae
2621 2890 2817 2939 narrat
2844 2887 3253 2957 perquirendis.
3290 2888 3447 2944 Sicut

1846 2986 1979 3039 ergo
2004 2968 2251 3022 Platonis
2280 2970 2559 3033 Plardrus,
2601 2971 2852 3037 Tinweus,
2877 2971 3124 3039 Gorgias,
3144 2979 3194 3027 et
3222 2976 3451 3028 Parme-

1847 3062 2004 3123 m‘tcs,
2025 3064 2083 3111 et
2108 3057 2278 3111 Tullii
2308 3056 2451 3110 liber
2473 3057 2543 3110 de
2574 3059 2871 3114 Senectute
2900 3060 3028 3114 Cato
3050 3062 3233 3129 Major
3258 3061 3455 3118 inscri-

1844 3146 2057 3202 buntur
2084 3163 2119 3199 a
2148 3146 2423 3217 personis.
2458 3146 2661 3217 [XXXIX]
2703 3163 2825 3218 quae
2871 3147 2949 3202 ibi
2986 3149 3428 3220 colloquentesat

160 3242 279 3314 ὅρος
309 3249 409 3295 τῶν
446 3240 687 3305 Ἐλαιῶν,
719 3236 991 3311 ἀγωνιστὴς
1021 3240 1166 3303 πάνυ,
1194 3246 1298 3294 etc.
1328 3260 1349 3291 ι
1376 3240 1639 3309 Ejusdem
1665 3239 1758 3292 Pa-

1850 3236 2197 3307 disputantes
2226 3235 2601 3301 inducuntur;
2646 3235 2781 3306 quid
2836 3235 3081 3291 obstabit
3118 3238 3247 3293 huic
3283 3238 3447 3308 libro,

156 3333 266 3388 tris
298 3330 477 3385 nostri
506 3329 805 3401 Sophronii
838 3346 905 3383 ex
934 3329 1076 3383 libro
1102 3330 1289 3383 Prato.
1322 3328 1555 3383 Dicebat
1592 3326 1763 3382 abbas

154 3420 497 3477 Theodorus
541 3418 746 3474 Eliota
792 3419 925 3490 quia
970 3418 1202 3489 quidam
1244 3417 1495 3471 inclusus
1541 3423 1663 3471 erat
1704 3416 1763 3469 in

156 3516 357 3564 monte
390 3507 699 3574 Olivarum,
734 3506 889 3560 valde
926 3513 1191 3572 certator,
1240 3526 1262 3558 ι
1296 3512 1401 3560 etc.
1445 3505 1552 3560 Ubi
1582 3511 1765 3560 totum

157 3604 337 3670 caput
354 3596 448 3663 45,
478 3596 627 3668 quod
669 3595 727 3650 in
764 3596 867 3650 hoc
896 3596 1041 3653 libro,
1073 3596 1331 3660 habetur,
1366 3595 1557 3650 Graece
1589 3595 1769 3666 expri-

159 3690 360 3743 mitur.
399 3685 560 3750 Quod
590 3685 737 3739 idem
783 3685 1057 3755 repetitur
1085 3684 1303 3738 actione
1344 3684 1394 3750 5,
1430 3683 1525 3737 ubi
1555 3688 1613 3738 et
1656 3683 1768 3737 alia

158 3778 272 3831 duo
298 3774 558 3846 exempla
587 3791 651 3849 ex
689 3773 885 3827 eodem
924 3773 1245 3828 Limonario
1285 3772 1549 3827 citantur.

231 3864 483 3937 [xxxviii]
514 3863 565 3917 4.
597 3864 839 3917 Joannes
859 3862 1154 3928 Diaconus,
1176 3861 1271 3915 lib.
1298 3876 1336 3927 ι,
1362 3878 1481 3933 cap.
1512 3862 1598 3928 Δῖ),
1626 3861 1767 3915 Vitae

160 3954 343 4009 sancti
372 3950 630 4022 Gregorii
655 3950 831 4021 Magni
866 3968 878 4003 :
919 3971 942 4002 α
975 3950 1353 4005 Nihilominus
1382 3967 1448 4004 ex
1478 3949 1640 4015 libro,
1670 3950 1766 4021 qui

159 4060 193 4097 a
222 4041 437 4098 Graecis
468 4040 675 4110 Λειμων
708 4038 931 4105 dicitur,
965 4055 998 4093 a
1026 4039 1241 4095 Latinis
1271 4055 1402 4093 vero
1431 4038 1768 4108 intelligitur

158 4133 404 4202 Campus
420 4128 507 4182 vel
532 4130 789 4196 Pratum,
819 4134 1128 4199 praeceptor
1156 4145 1316 4184 meus
1346 4128 1493 4182 inter
1516 4128 1628 4181 alia
1649 4132 1765 4181 toto

158 4220 294 4275 orbe
318 4220 447 4290 jam
477 4217 764 4271 diiiamata
794 4217 1066 4271 miracula
1093 4217 1496 4289 interpretatus
1526 4222 1629 4270 est.
1665 4236 1690 4269 »

233 4310 284 4361 5.
310 4308 561 4360 Joannes
589 4305 987 4372 Damascenus,
1011 4305 1070 4360 in
1091 4307 1202 4360 ﬁne
1231 4306 1400 4378 primi
1426 4305 1571 4372 libri,
1599 4322 1765 4377 quem

158 4414 261 4468 pro
298 4394 647 4466 imaginibus
691 4394 929 4466 scripsit,
967 4394 1351 4450 testimonium
1386 4412 1453 4449 ex
1490 4394 1595 4449 hoc
1624 4394 1767 4449 libro

161 4485 420 4552 adducit,
453 4484 561 4538 hoc
601 4482 767 4538 titulo
800 4501 812 4535 :
860 4481 954 4538 Ἐκ
990 4489 1078 4537 τοῦ
1114 4483 1465 4555 Λειμωναρίου
1502 4489 1590 4537 τοῦ
1629 4483 1767 4554 ἁγίου

1847 3324 1980 3396 quin
2005 3323 2302 3395 Sophronii
2319 3323 2551 3387 dicatur,
2575 3339 2703 3377 cum
2719 3324 2778 3377 in
2804 3340 2870 3378 eo
2902 3324 2950 3379 is
2975 3324 3292 3392 ambulans,
3318 3328 3453 3383 visi-

1848 3420 1993 3479 tans,
2037 3429 2294 3485 Operans,
2348 3411 2709 3481 interrogans
2757 3418 2815 3466 et
2860 3414 3207 3485 respondens
3246 3414 3455 3489 ubique

1847 3503 1962 3557 fere
1990 3508 2278 3557 asseratur
2290 3502 2315 3551 ?

1920 3593 2035 3647 Aut
2070 3591 2301 3645 demum
2331 3608 2396 3644 ex
2425 3590 2523 3645 illa
2561 3607 2733 3645 causa
2774 3592 3089 3664 SOphronio
3131 3593 3451 3665 ascribitur,

1850 3681 2115 3753 quoniam
2145 3696 2260 3734 una
2296 3696 2425 3733 cum
2453 3680 2669 3734 Joanne
2698 3680 2963 3751 praedicto
2992 3683 3339 3755 conscriptor
3363 3684 3459 3756 (ut

1850 3770 1931 3824 ita
1957 3769 2161 3838 dicam)
2192 3768 2334 3822 forte
2365 3767 2621 3838 ejusdem
2642 3767 2770 3821 libri
2795 3768 2919 3823 fuit.
2942 3769 3091 3840 Lege
3113 3768 3285 3840 hujus
3303 3772 3457 3827 volu-

1850 3858 2017 3913 minis
2046 3862 2215 3929 caput
2240 3857 2326 3922 77,
2360 3863 2416 3909 et
2437 3856 2494 3909 in
2519 3857 2642 3926 ejus
2671 3856 2947 3928 principio
2969 3857 3052 3911 ita
3069 3858 3340 3929 scriptum
3361 3876 3454 3915 re-

1850 3948 2033 4021 peries
2061 3965 2073 4000 :
2114 3965 2139 3997 «
2173 3947 2287 4016 Ego
2316 3950 2374 3999 et
2400 3944 2661 3999 dominus
2693 3962 2851 4000 meus
2880 3944 3228 4017 Sophronius
3264 3965 3453 4020 perre-

1848 4038 2031 4092 ximus
2050 4036 2120 4091 ad
2146 4034 2459 4107 philosophi
2477 4034 2750 4105 Stephani
2772 4035 3002 4090 domum
3027 4035 3296 4092 doctrina:
3316 4054 3452 4108 gra-

1847 4126 1949 4193 tia,
1975 4150 1997 4175 ι
2032 4131 2139 4180 etc.
2172 4124 2385 4179 Deinde
2419 4122 2476 4178 in
2498 4125 2610 4177 line
2642 4124 2895 4194 ejusdem
2923 4124 3121 4196 capitis
3150 4125 3256 4181 hoc
3283 4127 3451 4183 modo

1849 4217 2121 4288 scriptum
2137 4214 2343 4285 legitur
2366 4232 2376 4267 :
2408 4232 2433 4264 «
2458 4213 2573 4268 Ista
2597 4229 2726 4267 cum
2748 4213 3083 4279 audivimus,
3102 4214 3290 4270 innuit
3309 4216 3450 4272 mihi

1850 4304 2111 4358 dominus
2140 4320 2298 4357 meus
2339 4302 2707 4375 Sophronius,
2742 4308 2800 4357 et
2836 4302 3191 4371 recessimus,
3225 4310 3283 4360 et
3310 4305 3450 4362 dixit

1851 4392 2018 4446 mihi:
2056 4394 2213 4460 \‘ere,
2245 4391 2390 4446 abba
2416 4392 2679 4458 Joannes,
2702 4391 2869 4446 hodie
2890 4391 3030 4447 nihil
3054 4392 3206 4448 ultra
3227 4394 3453 4450 studea-

1852 4498 2001 4550 mus;
2030 4481 2166 4536 satis
2196 4481 2346 4535 enim
2374 4480 2633 4535 aediﬁcati
2662 4496 2877 4535 sumus.
2914 4481 3046 4535 Haec
3068 4497 3202 4553 ergo
3227 4482 3425 4555 scripsi

161 4572 351 4646 πατρὸς
400 4575 545 4643 ἡμῶν
594 4571 886 4642 Σωφρονίου
938 4567 1326 4644 ἀρχιεπισκόπου
1380 4572 1758 4643 Ἱεροσολύμων.

1851 4588 1993 4635 mus,
2028 4575 2093 4625 ut
2128 4576 2185 4625 et
2211 4587 2308 4625 vos
2336 4570 2550 4641 pariter
2572 4569 2946 4625 aediﬁcemini.
2992 4589 3016 4622 ι

167 4682 192 4716 ι
224 4664 306 4719 Ex
330 4665 511 4718 Parvo
537 4662 702 4716 Prata
730 4660 907 4714 sancti
940 4660 1123 4715 Patris
1151 4660 1328 4715 nostri
1357 4659 1657 4732 Sophronii
1676 4676 1769 4714 ar-

163 4748 514 4824 chiepiscopi
544 4749 1037 4821 Jerosolymorum.
1078 4769 1102 4803 ι)

231 4840 289 4896 6.
313 4837 687 4911 Nicephorus,
711 4836 808 4892 lib.
851 4852 961 4904 vin,
994 4855 1113 4910 cap.
1148 4837 1211 4894 41
1252 4857 1263 4893 :
1305 4858 1327 4890 α
1353 4838 1590 4894 Multam
1629 4856 1769 4911 quo-

165 4948 272 5003 que
293 4936 355 4985 et
370 4927 573 4983 utilem
594 4927 663 4981 de
677 4927 746 4982 iis
771 4928 1096 4995 (monachis)
1112 4927 1406 4982 historiam
1420 4927 1767 4998 Sophronius

1922 4661 2045 4716 Una
2089 4677 2223 4731 ergo
2252 4676 2319 4714 ex
2347 4659 2436 4713 his
2465 4657 2795 4724 rationibus,
2844 4675 2943 4713 seu
2970 4657 3157 4730 potius
3187 4659 3449 4717 omnibus

1853 4750 2021 4805 simul
2066 4747 2474 4814 accedentibus,
2511 4748 2641 4819 jure
2672 4746 2987 4819 meritoque
3018 4746 3161 4803 liber
3197 4747 3306 4805 iste
3350 4750 3443 4808 So~

1853 4837 2076 4912 phronii
2095 4837 2320 4893 nomine
2344 4836 2645 4908 inscriptus
2662 4835 2903 4891 videtur.

1920 4928 2115 4983 Dices:
2142 4929 2208 4983 In
2237 4927 2341 4981 hoc
2361 4925 2502 4981 libro
2518 4925 2865 4997 Sophronias
2883 4925 2974 4981 hic
2996 4942 3110 4983 non
3136 4928 3455 5000 appellatur

164 5017 672 5090 Jerosolymitanus
706 5015 867 5071 nobis
899 5016 1146 5087 reliquit,
1179 5019 1337 5071 Prati
1364 5022 1423 5070 et
1451 5018 1580 5071 novi
1596 5018 1769 5071 Para-
1849 5019 2327 5089 Jerosolymorum
2358 5016 2696 5086 patriarcha,
2718 5014 2817 5070 sed
2836 5015 3108 5088 sophista.
3131 5017 3457 5090 Respondet

166 5112 275 5163 disi
304 5107 497 5175 titulo,
529 5107 737 5178 scripto
766 5111 823 5160 et
848 5105 1043 5160 indito.
1075 5125 1101 5159 »
1850 5106 1999 5161 idem
2029 5105 2289 5178 Aloysius
2320 5123 2332 5157 :
2363 5104 2704 5160 Vocabulum
2732 5103 2838 5159 hoc
2866 5120 2980 5160 non
2998 5104 3061 5162 in
3078 5105 3290 5162 malam
3318 5106 3454 5162 olim

234 5199 489 5263 Quaeres.
512 5194 622 5259 Qui
649 5193 741 5248 hic
758 5192 899 5248 liber
925 5210 1073 5249 nunc
1100 5194 1414 5267 Sophronio
1435 5194 1770 5267 patriarchae
1851 5201 2089 5268 partem,
2124 5195 2271 5257 sicut
2303 5194 2369 5249 ﬁt
2387 5194 2554 5250 modo
2591 5193 2822 5266 passim,
2854 5193 2955 5249 sed
2983 5193 3043 5249 in
3073 5193 3278 5250 bonam
3306 5193 3455 5249 acci-

167 5287 649 5359 Jerosolymorum
688 5283 1044 5351 inscribatur,
1077 5284 1161 5339 uti
1192 5301 1226 5339 a
1271 5284 1515 5342 secunda
1544 5284 1771 5339 Nicaena
1853 5284 2139 5357 piebatur;
2174 5300 2276 5339 nec
2299 5284 2452 5339 aliud
2481 5281 2833 5354 designabat,
2857 5298 3028 5355 quam
3056 5283 3369 5355 sapientem
3396 5285 3457 5337 et

168 5377 402 5448 synodo,
428 5380 486 5430 et
514 5373 731 5429 Joanne
757 5372 1120 5439 Damasceno,
1140 5390 1289 5428 nunc
1314 5373 1515 5428 Joanni
1546 5373 1770 5427 Moscho
1856 5375 2189 5447 prudentem
2206 5374 2513 5439 hominem,
2534 5371 2716 5445 qualis
2735 5371 2844 5427 fuit
2875 5379 2932 5426 et
2948 5371 3215 5427 Libanius
3235 5370 3348 5439 ille,
3381 5370 3455 5427 ad

171 5484 265 5521 seu
290 5465 521 5521 Evirato
550 5462 622 5518 ad
653 5462 1033 5534 Sophronium
1071 5464 1417 5535 sophistam?
1453 5465 1773 5536 Respondet
1798 5483 1804 5490 ·
1857 5481 2023 5535 quem
2055 5464 2243 5519 multae
2266 5464 2452 5534 Magni
2466 5462 2659 5518 Basilii
2686 5461 2934 5533 epistolae
2953 5460 3177 5515 directa":
3202 5460 3451 5530 fuerunt,

176 5555 435 5628 Aloysius
454 5553 821 5625 Lipomanus,
846 5551 1137 5624 episcopus
1162 5553 1518 5619 Veronensis,
1540 5553 1635 5625 qui
1664 5553 1776 5625 pri-
1858 5554 2044 5625 ipsum
2063 5552 2320 5607 maximis
2345 5550 2634 5624 praeconiis
2658 5551 2971 5606 efferentes.
2997 5549 3191 5602 Potuit
3220 5566 3354 5621 ergo
3373 5550 3460 5606 vir

176 5660 295 5697 mus
322 5644 476 5697 hunc
504 5641 713 5697 librum
746 5640 835 5695 edi
865 5641 1099 5709 curavit,
1131 5658 1298 5713 quem
1334 5641 1653 5713 Apostolica
1682 5642 1778 5696 Bi-
1862 5642 1969 5697 iste
1996 5643 2152 5715 prius
2181 5650 2239 5696 et
2267 5643 2574 5697 monachus
2591 5658 2730 5702 esse,
2756 5644 2812 5691 et
2840 5637 3092 5708 sophista
3112 5639 3460 5712 nuncupari;

214 5731 455 5788 liotheca
490 5730 876 5803 suppeditavit
914 5745 1062 5785 anno
1101 5730 1266 5787 1558:
1314 5750 1336 5783 ι
1372 5730 1622 5803 Scriptor
1651 5729 1781 5785 libri
1864 5730 1993 5785 inde
2012 5747 2142 5786 vero
2162 5730 2231 5785 ad
2248 5735 2500 5785 sanctam
2517 5726 2996 5799 Jerosolymorum
3018 5726 3210 5781 sedem
3238 5728 3475 5798 assumi,
