3958 6422
505 454 574 509 47

1390 445 1469 501 ΙΝ
1510 443 1721 499 VITAS
1759 442 2056 500 PATRUM
2092 444 2639 505 PROLEGOMENA
2675 445 2872 502 XXVI.

3698 442 3772 501 48

508 598 573 635 ex
603 596 732 652 qua,
747 584 1014 648 tanquam
1041 572 1283 647 digniori
1300 574 1441 640 loco,
1464 578 1661 645 postea
1680 570 2092 628 denominatio-
2107 574 2165 634 A
2179 580 2360 633 ctores
2378 582 2529 636 solus
2558 584 2644 635 est
2667 581 2828 635 divus
2849 578 3246 649 Hieronymus,
3269 576 3365 649 qui
3382 577 3600 642 Latine.
3618 578 3772 650 quod

502 687 631 725 nem
672 667 963 738 acceperit.

574 761 738 813 Petes
763 774 774 809 :
799 757 920 821 Quo
941 761 1194 826 tempore
1214 752 1315 807 viri
1330 751 1389 807 hi
1409 750 1505 823 qui
1532 750 1736 805 librum
1757 749 2095 821 conscripse-

503 853 637 902 runt
662 846 1003 905 claruerint?
1031 843 1352 915 Respondet
1364 842 1513 895 idem
1535 840 1629 912 qui
1656 855 1827 911 supra
1854 856 1866 891 :
1897 839 1959 894 Id
1990 856 2092 911 pro

499 942 649 991 certo
678 953 791 991 non
819 936 1076 990 habetur.
1094 934 1304 988 Verum
1334 947 1461 986 cum
1491 930 1672 999 Magni
1701 928 1958 999 Gregorii
1986 929 2093 983 Ro-

498 1026 651 1081 mani
680 1026 979 1097 pontificis,
1010 1025 1180 1095 hujus
1209 1021 1453 1077 nominis
1490 1019 1676 1091 primi,
1707 1018 1917 1073 factum
1953 1034 2089 1072 nar-

494 1120 642 1180 rent,
660 1120 716 1170 et
731 1116 1173 1187 synchronorum
1185 1114 1489 1175 Casarum,
1510 1108 1766 1163 videlicet
1783 1107 2081 1190 Anastasii,

495 1204 720 1269 Tiberii,
751 1204 1012 1267 Mauritii,
1042 1208 1099 1257 et
1124 1201 1358 1257 Zenonis
1388 1198 1730 1255 mentionem
1770 1197 1995 1262 faciant,
2031 1202 2088 1251 et

494 1292 550 1347 in
577 1299 734 1347 sexta
749 1294 963 1365 synodo
981 1292 1069 1346 hic
1084 1292 1225 1347 liber
1244 1292 1571 1355 adducatur,
1595 1290 1918 1359 conjectura
1938 1303 2086 1341 assa

492 1383 587 1454 qui
618 1400 932 1455 possumus,
966 1382 1111 1437 circa
1141 1398 1353 1436 annum
1372 1380 1595 1435 Domini
1618 1378 2083 1433 sexcentesimum

488 1472 647 1527 illum
678 1472 849 1526 fuisse
879 1472 1261 1543 conscriptum

569 1564 764 1628 Porro,
802 1562 869 1616 ad
912 1561 1455 1617 commendationem
1485 1559 1654 1630 hujus
1693 1556 1820 1614 libri
1856 1556 2084 1611 tandem

495 1652 757 1725 Aloysius
768 1652 1109 1723 Lipomanus
1129 1651 1421 1722 praefatur:
1450 1670 1472 1700 ε
1498 1647 1663 1702 Liber
1682 1647 1788 1712 hic,
1817 1646 1993 1699 amice
2013 1646 2088 1699 le-

493 1748 631 1807 ctor,
666 1758 833 1812 quem
862 1741 962 1796 tibi
992 1740 1287 1810 legendum
1306 1738 1647 1801 exhibemus,
1676 1738 1906 1790 Pratum
1929 1734 2089 1806 spiri-

490 1831 642 1885 tuale
669 1831 1010 1893 nominatur,
1046 1846 1112 1883 ex
1141 1830 1331 1883 Graeco
1361 1828 1592 1882 Latinus
1622 1842 1723 1897 per
1750 1826 1975 1879 doctum
1998 1824 2082 1878 vi-

2181 666 2408 735 quidem
2438 674 2672 736 constet,
2704 667 3009 757 scripserit.

2249 756 2565 813 Secundum
2582 763 2639 813 et
2657 754 2889 812 tertium
2906 756 3176 827 scriptum
3196 771 3362 810 essen
3381 754 3625 819 Rumno,
3642 773 3774 827 par-

2174 843 2277 898 tim
2308 862 2372 899 ex
2396 847 2521 901 divo
2551 847 2912 918 Hieronymo,
2944 845 3151 917 partim
3180 860 3247 899 ex
3276 845 3431 911 Msa,
3463 845 3671 916 partim
3702 861 3772 900 ex

2172 933 2445 1004 probabili
2470 937 2794 1006 conjectura
2811 935 3169 989 asseruimus.

2239 1024 2328 1077 An
2355 1041 2484 1078 vero
2501 1026 2549 1079 is
2569 1042 2633 1079 ex
2654 1024 2849 1079 Graeco
2878 1024 3250 1090 transtulerit,
3274 1023 3570 1078 incertum.
3592 1023 3770 1079 Divus

2169 1111 2544 1185 Hieronymus
2573 1114 2792 1169 videtur
2819 1113 3053 1168 innuere
3081 1129 3116 1167 a
3144 1112 3367 1167 Rufﬁno
3392 1113 3514 1184 ipso
3533 1129 3768 1185 compo-

2167 1200 2356 1266 situm,
2390 1204 2627 1274 epistola
2643 1220 2811 1274 supra
2832 1202 3022 1257 citata.
3040 1202 3136 1256 Ait
3163 1202 3313 1256 enim
3338 1219 3349 1255 :
3382 1219 3405 1254 α
3427 1201 3533 1266 Qui
3554 1202 3768 1257 librum

2166 1307 2386 1361 quoque
2417 1292 2638 1363 scripsit
2665 1292 2823 1364 quasi
2875 1292 2944 1346 de
2974 1291 3281 1357 monachis,
3322 1309 3346 1342 ι
3389 1291 3538 1362 quod
3569 1296 3766 1346 tamen

2164 1378 2234 1432 de
2262 1379 2403 1434 libro
2444 1382 2687 1435 secundo
2717 1386 2938 1435 tantum
2968 1380 3321 1452 capiendum,
3355 1385 3420 1435 ut
3447 1385 3668 1435 constat
3697 1397 3768 1435 ex

2166 1468 2395 1523 Patrum
2425 1470 2763 1530 nominibus.
2803 1487 2928 1541 qua
2964 1470 3125 1524 divus
3157 1469 3532 1542 Hieronymus
3572 1487 3636 1524 ex
3665 1470 3768 1524 illo

2168 1557 2375 1612 Rufﬂni
2406 1559 2546 1614 libro
2567 1560 2846 1631 exprimit,
2881 1558 2976 1630 qui
3007 1575 3109 1613 suo
3137 1564 3390 1630 tempore
3410 1559 3768 1613 circumfere‘

2167 1644 2352 1714 batur,
2384 1664 2622 1719 quorum
2649 1649 2791 1703 Vita
2817 1648 2876 1702 in
2904 1648 3148 1704 secundo
3175 1652 3399 1703 tantum
3426 1648 3569 1703 libro
3597 1664 3768 1719 repe-

2167 1734 2411 1791 riuntur.

2235 1825 2480 1889 Quartus
2514 1826 2655 1881 liber
2682 1844 2809 1883 cum
2845 1844 2910 1882 ex
2951 1826 3157 1882 Severo
3186 1826 3426 1898 Sulpitio
3462 1832 3520 1881 et
3545 1827 3768 1883 Joanne

487 1936 615 1974 rum
642 1920 1001 1974 Ambrosium
1032 1918 1515 1973 Camaldulensem
1547 1916 1883 1970 monachum
1901 1913 2083 1968 reddi-
2101 1901 2147 1961 Β
2167 1913 2433 1970 Cassiano
2471 1917 2545 1970 sit
2571 1917 2953 1983 concinnatus,
2986 1933 3100 1971 non
3129 1931 3469 1988 magnopere
3494 1915 3733 1971 dubitan
3750 1947 3768 1959 -

484 2012 595 2075 tus,
621 2025 786 2080 quem
807 2009 990 2063 adhuc
1015 2008 1164 2079 typis
1190 2024 1479 2072 excusum,
1503 2022 1616 2060 non
1635 2005 1745 2059 nisi
1765 2004 2079 2070 vernacula,

485 2102 655 2167 atque
685 2113 753 2151 ea
780 2097 974 2152 Italica
1000 2097 1194 2167 lingua
1225 2095 1546 2150 habuimus.

558 2202 586 2239 α
596 2186 775 2241 Tanta
788 2192 980 2241 autem
995 2185 1370 2257 spiritualium
1384 2185 1743 2239 ﬂosculorum
1754 2183 2078 2237 amanitate

480 2268 720 2326 refertus
742 2277 844 2337 est,
868 2277 931 2326 ut
958 2270 1016 2324 in
1048 2270 1292 2342 paradisi
1320 2270 1533 2324 deliciis
1557 2275 1714 2323 ortus
1739 2286 1859 2323 osse
1887 2269 2077 2323 videa-

478 2364 590 2414 tur.
628 2361 691 2415 In
720 2377 786 2415 eo
829 2360 1107 2431 siquidem
1152 2361 1512 2431 antiquorum
1551 2359 1986 2420 'monachorum,
2019 2362 2078 2411 et

477 2450 718 2505 aliorum
750 2451 981 2506 Patrum
1007 2451 1121 2505 Deo
1142 2467 1207 2505 ex
1230 2450 1443 2505 intimis
1476 2449 1798 2520 pracordiis
1827 2448 2075 2502 servien-

477 2539 623 2594 tium
653 2539 867 2594 redolet
892 2541 1019 2595 vita
1048 2540 1329 2611 splendor,
1352 2538 1625 2610 regularis
1647 2538 1953 2608 disciplina
1983 2535 2077 2591 ob-

476 2628 777 2692 servantia,
791 2628 1068 2699 pudicitia
1084 2630 1158 2699 [xl
1178 2629 1197 2699 ]
1218 2634 1275 2682 et
1287 2629 1645 2683 continentiae
1666 2644 1882 2692 norma,
1898 2627 2074 2681 victus

474 2723 532 2771 et
577 2718 807 2771 vestitus
858 2718 1222 2789 parcimonia,
1272 2724 1465 2772 contra
1518 2717 1811 2772 hareticos
1870 2715 2074 2770 invicta

474 2807 808 2873 constantia,
831 2806 888 2861 in
905 2808 982 2877 jej
992 2808 1157 2871 uniis,
1180 2807 1385 2878 vigiliis
1402 2813 1458 2862 et
1477 2807 1824 2861 orationibus
1847 2806 2071 2860 assidua

473 2895 967 2966 perseverantia,et
990 2913 1123 2967 erga
1142 2898 1441 2951 Dominum
1454 2898 1481 2951 ,Ι
1488 2913 1644 2951 esum
1659 2896 1942 2951 Christum
1962 2895 2072 2949 exi-

474 2984 623 3039 mius
649 2990 706 3038 et
728 2985 1131 3039 inaestimabilis
1152 3003 1337 3054 amor;
1363 2986 1499 3057 quin
1528 2986 1697 3040 etiam
1719 2984 2069 3039 admirabilia

473 3074 747 3145 quadam,
780 3091 844 3129 ac
873 3075 1082 3146 Spiritu
1112 3081 1303 3131 sancto
1333 3077 1498 3147 plena
1528 3092 1813 3147 responsa,
1843 3092 1964 3146 quae
1995 3075 2069 3128 le-

470 3163 725 3234 gentium
744 3170 960 3219 mentes
982 3164 1258 3236 spirituali
1274 3166 1515 3237 quadam
1532 3165 1825 3220 dulcedine
1845 3163 2069 3236 perfun-

2165 2004 2318 2070 dum,
2351 2007 2488 2076 quin
2537 2021 2573 2059 a
2610 2006 2809 2060 Latino
2841 2006 2972 2077 [xu]
3012 2012 3243 2060 auctore
3296 2021 3363 2060 ea
3405 2006 3767 2061 concinnatio

2161 2092 2309 2147 facta
2332 2094 2423 2160 sit,
2452 2095 2693 2149 maxime
2713 2112 2840 2151 cum
2868 2094 3051 2150 verbis
3072 2100 3366 2150 auctorum
3393 2095 3769 2151 concinnator

2161 2182 2492 2255 plerumque
2522 2189 2734 2239 utatur.

2231 2271 2423 2336 Quinti
2452 2278 2509 2327 et
2534 2274 2675 2327 sexti
2705 2273 2835 2327 libri
2862 2273 3117 2329 Graecum
3150 2277 3435 2329 auctorem
3466 2289 3607 2341 esse,
3630 2289 3766 2329 con-

2157 2365 2270 2415 stat
2299 2377 2365 2415 ex
2393 2361 2578 2416 Photii
2608 2361 2969 2427 Bibliotheca,
2996 2362 3132 2418 Cod.
3162 2362 3287 2424 198.
3314 2363 3411 2434 qui
3441 2379 3535 2418 eos
3565 2363 3764 2420 Grace

2159 2449 2313 2519 legit,
2346 2456 2403 2504 et
2430 2452 2560 2523 styli
2585 2452 3040 2523 perspicuitatem
3069 2452 3368 2507 collaudat.

2231 2539 2465 2610 Septimi
2488 2539 2612 2593 libri
2630 2541 2887 2595 Gracum
2914 2546 3201 2596 auctorem
3229 2558 3368 2609 esse,
3392 2540 3603 2597 indicat
3633 2543 3761 2614 ipse

2157 2628 2433 2699 interpres
2459 2630 2808 2685 Paschasius.

2226 2717 2419 2772 Octavi
2444 2718 2571 2772 libri
2610 2719 2836 2774 Graecus
2864 2724 3060 2775 auctor
3087 2724 3173 2775 est
3209 2720 3511 2788 Palladius,
3543 2726 3609 2777 ut
3636 2721 3761 2776 cla-

2154 2823 2279 2861 rum
2300 2813 2385 2861 est
2414 2824 2479 2861 ex
2510 2809 2757 2874 Socrate,
2788 2809 3186 2880 prolegomeno
3220 2807 3303 2867 10.

2223 2895 2369 2949 Noni
2400 2895 2528 2949 libri
2556 2903 2751 2951 auctor
2782 2903 2867 2951 est
2892 2898 3295 2964 Theodoretus,
3314 2904 3379 2954 ut
3406 2915 3581 2972 supra
3606 2900 3760 2956 vidi-

2151 3000 2297 3049 mus,
2332 3002 2499 3056 quem
2529 2985 2783 3041 Gracum
2806 2986 2973 3041 fuisse
3001 2988 3170 3041 nimis
3190 3005 3357 3058 quam
3384 2996 3603 3043 notum.

2221 3073 2431 3128 Decimi
2472 3074 2597 3128 libri
2633 3082 2831 3130 auctor
2858 3082 2944 3130 est
2986 3077 3229 3131 Joannes
3266 3078 3545 3145 moschus,
3582 3095 3760 3151 quem

2150 3162 2338 3217 Graece
2366 3162 2653 3235 scripsisse
2682 3170 2924 3220 testatur
2948 3166 3201 3232 Photius,
3226 3166 3582 3223 Bibliotheca
3602 3167 3749 3223 Cod.
3810 3152 3824 3163 ’

471 3254 637 3321 dunt;
670 3260 993 3309 sanctarum
1031 3254 1272 3327 denique
1315 3255 1613 3309 mulierum
1654 3254 1859 3309 invicta
1907 3254 2059 3318 fides,
2086 3249 2274 3320 0199,
2308 3251 2536 3324 hacque
2574 3253 2643 3308 de
2676 3255 2799 3324 ejus
2837 3255 2982 3326 stylo
3019 3254 3189 3310 habet
3219 3273 3230 3309 :
3275 3255 3344 3310 Ἦ
3383 3256 3437 3309 δὲ
3473 3261 3562 3310 τοῦ
3596 3256 3760 3328 λόγου

469 3343 697 3397 castitas
724 3343 1195 3416 incomparabilis,
1228 3349 1285 3399 et
1311 3345 1441 3399 felix
1473 3360 1669 3399 earum
1698 3343 1758 3398 in
1786 3345 1901 3399 Deo
1930 3359 2064 3398 con-

470 3434 793 3488 summatio.

542 3521 629 3576 «Ο
646 3522 691 3575 si
714 3522 855 3577 tales
885 3523 1052 3577 modo
1072 3522 1450 3579 inveniremus
1475 3523 1680 3579 milites
1703 3523 1924 3578 Christo
1950 3539 2063 3578 ser-

468 3609 701 3676 vientes,
736 3626 905 3681 quam
933 3612 1187 3679 illustris,
1220 3628 1387 3684 quam
1417 3612 1728 3684 splendida,
1765 3627 1933 3684 quam
1964 3611 2063 3665 de-

468 3716 599 3754 cora
631 3705 779 3754 esset
808 3699 1068 3756 Ecclesia
1092 3706 1296 3758 nostrae
1324 3702 1523 3758 facies!
1548 3718 1717 3774 quam
1746 3702 1885 3757 adeo
1915 3701 2061 3773 deje-

464 3794 615 3844 ctam
644 3794 702 3844 et
727 3788 1053 3859 obsoletam,
1076 3807 1141 3846 ac
1162 3809 1332 3864 supra
1347 3794 1520 3865 pelles
1542 3792 1874 3858 Salomonis,
1893 3796 2062 3863 atque

465 3879 641 3952 Moysi
667 3878 1063 3953 EthiOpissam
1078 3881 1204 3954 (pro
1236 3882 1396 3938 dolor
1409 3883 1445 3954 l)
1464 3883 1819 3956 denigratam
1846 3880 2063 3954 conspi-

466 3983 644 4023 eimus
653 4008 667 4022 ο

539 4076 566 4108 ‹‹
598 4057 744 4129 Lege
790 4075 922 4130 ergo
975 4059 1192 4117 lubenti
1243 4060 1451 4129 animo,
1485 4068 1542 4118 et
1588 4062 1698 4117 fide
1736 4066 1887 4117 certa
1922 4075 2062 4132 Opus

465 4145 637 4214 istud,
670 4148 905 4203 candide
930 4149 1123 4219 lector,
1148 4152 1307 4223 cujus
1326 4151 1641 4224 exemplum
1670 4167 1735 4206 ex
1759 4150 2063 4222 apostolica

464 4235 810 4292 Bibliotheca
837 4240 1152 4311 accepimus
1176 4260 1190 4310 ;
1224 4246 1282 4295 et
1309 4241 1389 4296 ita
1415 4258 1598 4296 mores
1619 4246 1676 4295 et
1702 4240 1873 4294 vitam
1901 4246 2060 4295 tuam

463 4325 535 4380 ad
564 4326 686 4397 ejus
714 4328 1011 4384 lectionem
1041 4346 1330 4403 compone,
1361 4337 1426 4385 ut
1444 4330 1639 4385 talium
1662 4335 2062 4401 tantorumque

459 4414 728 4481 virorum,
749 4433 891 4489 quos
920 4418 1010 4473 hic
1036 4419 1346 4491 descriptos
1370 4418 1637 4486 invenies,
1658 4418 1864 4489 dignus
1892 4435 2060 4473 amu-

461 4504 609 4559 lator
634 4506 858 4574 existas,
892 4508 1251 4579 postmodum
1289 4525 1421 4563 vero
1449 4525 1644 4563 eorum
1681 4509 1958 4563 consortio
2000 4508 2060 4562 in

2148 3341 2377 3411 ἑρμηνεία
2418 3339 2482 3403 εἷς
2520 3339 2577 3395 τὸ
2620 3341 2960 3413 ταπεινότερον
3001 3348 3087 3396 τοῦ
3130 3345 3391 3415 προτέρου,
3435 3346 3516 3398 καὶ
3556 3339 3755 3416 ἀμαθέ-

2146 3447 2315 3499 στερον
2343 3424 2590 3483 ἀποκλίνει
2622 3448 2635 3483 :
2673 3450 2696 3482 ι
2720 3430 2919 3501 Operis
2939 3436 3129 3487 autem
3147 3432 3317 3503 hujus
3336 3432 3526 3495 dictio.
3553 3434 3743 3504 magis

2145 3534 2313 3589 quam
2341 3519 2706 3590 praecedentis
2726 3519 2998 3589 (videlicet
3017 3520 3199 3591 quinti
3231 3527 3288 3575 et
3316 3522 3456 3577 sexti
3476 3520 3606 3577 libri
3632 3521 3747 3594 hic)

2144 3607 2217 3662 ad
2244 3607 2603 3664 humiliorem
2630 3625 2695 3663 ac
2724 3608 3007 3664 rudiorem
3035 3610 3217 3680 vergit
3236 3610 3467 3683 stylum.
3496 3631 3519 3664 ι

2560 3768 3155 3825 PROLEGOMENON
3177 3770 3322 3825 XIV.

2428 3877 2537 3943 Qui
2565 3876 2767 3931 horum
2791 3878 3069 3931 librorum
3093 3880 3417 3947 interpretes
3433 3883 3458 3931 ν

2211 3981 2349 4036 Dico
2381 3997 2394 4032 :
2431 3980 2586 4036 Varii
2613 3986 2747 4037 sunt
2774 3981 2975 4038 horum
3006 3981 3279 4038 librorum
3307 3983 3667 4056 interpretes.

2213 4070 2279 4125 In
2307 4070 2491 4142 primo
2518 4069 2660 4125 libro
2699 4070 2759 4127 hi
2786 4072 2907 4127 noti
2936 4078 3239 4128 occurrunt
3270 4072 3629 4145 interpretes.

2217 4157 2267 4216 1.
2336 4158 2603 4231 Evagrius
2657 4160 2950 4233 episcopus
3001 4162 3407 4230 Antiochenus,
3458 4163 3748 4234 interpres

2141 4246 2284 4303 Vita
2320 4248 2500 4303 sancti
2527 4249 2757 4305 Antonii
2785 4250 3059 4306 monachi.
3092 4251 3232 4307 Vide
3278 4251 3350 4307 ad
3392 4267 3518 4306 eam
3547 4250 3748 4307 Vitam

2143 4336 2432 4409 praludia.

2212 4426 2266 4484 2.
2295 4426 2596 4501 Dionysius
2640 4428 2887 4499 Exiguus
2915 4427 3193 4500 interpres
3221 4428 3365 4484 Vitae
3411 4429 3589 4485 sancti
3636 4430 3756 4487 Pa-

2142 4516 2370 4572 chomii.
2404 4517 2644 4572 Consule
2673 4518 2944 4589 praludia
2966 4518 3106 4574 Vita
3131 4518 3214 4573 illi
3242 4519 3551 4591 praemissa.

378 4590 381 4595 ’
463 4600 675 4649 aeterna
701 4593 1048 4651 beatitudine
1075 4597 1311 4653 feliciter
1338 4597 1845 4670 adjungare.Quod
1872 4596 1975 4651 tibi
2004 4582 2129 4651 etD
2216 4607 2275 4665 3,
2321 4608 2497 4662 Ursus
2540 4608 2597 4662 s.
2746 4607 2809 4662 E.
2843 4582 3546 4680 subdiaconus,-interpres
3602 4609 3752 4666 Vitae

461 4682 604 4736 mihi
650 4683 922 4741 Dominus
950 4693 1216 4759 praestare
1244 4688 1526 4759 dignetur,
1560 4694 1617 4743 et
1658 4687 1915 4743 omnibus
1963 4688 2060 4760 qui

458 4770 764 4828 Dominum
791 4775 983 4831 Jesum
1024 4777 1267 4847 diligunt
1294 4777 1353 4832 in
1392 4777 1732 4834 sinceritate.
1763 4777 1919 4833 Vale.
1954 4796 1984 4833 ι

870 4919 1469 4979 PROLEGOMENON
1495 4923 1647 4983 XIII.

504 5096 513 5101 θ
829 5026 947 5093 Qua
974 5031 1173 5098 lingua
1203 5032 1339 5086 libri
1365 5030 1430 5086 hi
1456 5033 1688 5102 scripti?

528 5127 665 5188 Dico
699 5149 710 5186 :
745 5132 1007 5208 Plerique
1044 5135 1172 5192 libri
1214 5154 1408 5194 omnes
1441 5139 1630 5197 Graece
1669 5140 1861 5213 scripti
1897 5144 2048 5197 sunt.

526 5220 751 5277 Patebit
803 5240 950 5294 mox,
1007 5227 1308 5300 assignatis
1363 5246 1558 5287 eorum
1627 5230 2047 5303 interpretibus.

458 5310 731 5384 Equidem
746 5330 874 5369 cum
902 5320 1092 5388 patres
1120 5316 1201 5373 illi
1221 5334 1364 5390 pene
1388 5336 1580 5377 omnes
1601 5321 1661 5376 in
1683 5320 1910 5378 Oriente
1932 5322 2051 5378 nati

454 5401 587 5469 sint,
623 5401 980 5476 celebresque
1016 5405 1272 5476 vixerint,
1310 5426 1423 5465 non
1460 5410 1671 5465 mirum
1699 5409 1770 5465 ab
1805 5410 2050 5467 Orientis

450 5486 793 5559 hominibus,
831 5493 1039 5550 Grauis
1069 5497 1311 5554 maxime
1339 5498 1436 5572 qui
1477 5499 1755 5556 scribendi
1784 5499 2049 5556 facultate

451 5578 755 5650 pollebant,
805 5585 1208 5643 monachorum
1257 5588 1459 5660 quibus
1515 5588 1872 5646 convixerant
1923 5595 2048 5646 acta

451 5669 690 5738 posteris
720 5687 840 5727 esse
868 5675 1215 5733 transmissa.

520 5758 585 5813 In
611 5759 791 5831 primo
812 5762 970 5834 libro,
991 5766 1087 5838 qui
1114 5768 1394 5827 miscellus
1426 5775 1529 5840 est,
1556 5769 1705 5827 inter
1729 5769 1912 5828 varios
1941 5786 2042 5829 aud

2141 4696 2318 4751 sancti
2336 4696 2529 4751 Basilii
2552 4695 2909 4751 Casariensis
2933 4696 3196 4770 episcopi.
3221 4698 3302 4753 De
3327 4698 3469 4755 Urso
3490 4697 3615 4753 vide
3642 4714 3754 4755 no-

2139 4786 2383 4841 tationes
2411 4786 2483 4842 ad
2512 4803 2637 4841 eam
2679 4785 2882 4841 Vitam.

2211 4877 2265 4931 4.
2340 4875 2623 4934 Gerardus
2705 4874 2929 4932 Vossius
3001 4875 3279 4949 interpres
3351 4875 3493 4933 Vita
3557 4880 3751 4936 sancti

2139 4965 2417 5039 Ephram.

2207 5054 2263 5109 5.
2292 5054 2623 5111 Anastasius
2654 5054 2710 5111 S.
2743 5054 2809 5111 R.
2847 5055 2908 5111 E.
2940 5054 3420 5123 Bibliothecarius,
3451 5055 3745 5129 interpres

2135 5142 2274 5200 Vita
2301 5145 2480 5200 sancti
2505 5144 2737 5201 Joannis
2765 5144 3224 5218 Eleemosynarii,
3247 5144 3582 5217 patriarcha
3607 5146 3751 5203 Ale-

2133 5234 2412 5291 xandrini.
2444 5234 2585 5291 Vide
2604 5233 2679 5291 ad
2708 5250 2835 5291 eam
2866 5233 3049 5292 Vitam
3078 5234 3372 5308 praludia.

2202 5321 2257 5377 6.
2279 5322 2518 5381 Iacobus
2544 5323 2742 5381 Billius
2768 5323 3046 5397 interpres
3072 5324 3217 5380 Vita
3244 5328 3570 5381 sanctorum
3598 5326 3748 5383 Bar-

2131 5410 2281 5467 laam
2311 5416 2369 5467 et
2394 5413 2686 5487 Josaphat.

2204 5501 2255 5556 7.
2287 5501 2618 5558 Eustochius
2645 5502 2924 5576 interpres
2945 5502 3088 5560 Vita
3117 5507 3324 5560 sancta
3354 5501 3615 5576 Pelagia.

2198 5587 2253 5644 8.
2282 5589 2488 5647 Paulus
2514 5592 2779 5665 Neapolis
2827 5592 3083 5649 Ecclesia
3127 5592 3415 5662 diaconus,
3445 5592 3741 5667 interpres

2127 5676 2272 5733 Vita
2300 5677 2476 5735 beata
2500 5680 2687 5737 Maria
2710 5680 3072 5753 Egyptiaca.

2195 5768 2461 5827 Melchior
2502 5770 2822 5841 Goldastus,
2855 5776 2992 5827 tom.
3025 5771 3050 5827 Ι
3086 5771 3297 5828 Rerum
3323 5769 3735 5829 Alemannica-
