3958 6406
231 357 307 419 49

1487 353 2087 416 PROLEGOMENON
2122 352 2269 411 XIV.

3445 350 3514 406 50

229 501 382 549 rum,
411 488 576 558 parte
598 481 654 551 2,
683 481 832 545 notis
860 481 932 543 ad
962 481 1339 557 Hepidanum,
1371 484 1441 540 de
1467 485 1598 540 Vita
1626 486 1901 545 sanctaA
1918 481 2213 538 attulerint
2269 478 2758 555 probaverintque,
2819 476 3019 535 lubens
3060 476 3433 551 acquiescam.
3488 498 3510 537 ι

231 574 554 632 Wiboradae
577 572 864 629 existimat
883 572 1072 628 Vitam
1096 578 1303 631 sanctae
1327 572 1590 645 Eugeniae
1615 591 1834 628 versam

232 681 267 720 a
294 664 542 720 Ruﬂino.
585 662 696 717 Sed
742 661 889 717 unde
935 661 1040 717 hoc
1085 662 1512 735 deprompserit,
1573 653 1834 735 equidem

233 755 442 819 nescio.
473 750 828 817 Possevinus,
865 751 923 805 in
958 751 1250 823 Apparatu
1286 769 1464 820 sacro,
1518 753 1600 807 ait
1641 753 1831 806 Vitam

234 849 442 899 sancta
455 842 719 914 Eugenia
735 840 1000 914 scriptam
1018 840 1088 896 ab
1104 841 1401 898 Ambrosio
1418 841 1833 897 Camaldulensi

234 931 456 988 abbate.
491 932 577 986 An
604 946 826 985 versam
852 929 974 984 vult
991 929 1017 983 Ἰ
1046 929 1210 985 Certe
1237 931 1402 1001 plura
1425 931 1537 984 alia
1554 930 1712 985 Vitas
1733 931 1834 985 Pa-

233 1024 385 1077 trum
410 1020 725 1093 spectantia
740 1018 888 1075 idem
916 1023 1130 1086 auctor,
1163 1020 1360 1075 eodem
1385 1024 1548 1085 teste,
1572 1020 1759 1077 vertit.

306 1109 808 1182 [XL11]Secundus,
848 1108 1049 1164 tertius
1089 1114 1148 1165 et
1185 1113 1417 1181 quartus
1466 1109 1595 1164 libri
1639 1109 1833 1182 scripti

233 1205 367 1256 sunt
393 1199 611 1266 Latine,
638 1199 727 1254 vel
753 1203 904 1254 certe
933 1199 1002 1253 de
1027 1198 1279 1253 versione
1318 1215 1431 1254 non
1462 1203 1698 1254 constat.
1730 1199 1832 1253 Vel

234 1290 456 1363 potius:
490 1294 727 1363 quartus
755 1292 908 1344 certo
937 1287 1181 1361 scriptus
1209 1288 1427 1354 Latine,
1462 1289 1531 1343 de
1552 1286 1833 1360 prioribus

204 1380 211 1389 '
238 1378 458 1433 duobus
493 1376 748 1432 dubium.
781 1375 921 1431 Vide
955 1376 1104 1432 dicta
1132 1378 1439 1449 prolegom.
1472 1378 1522 1442 4,
1559 1379 1591 1432 ὅ
1620 1382 1677 1432 et
1705 1375 1758 1430 6.

304 1468 501 1537 Quinti
520 1467 650 1523 libri
673 1466 952 1538 interpres
976 1473 1065 1525 est
1082 1467 1344 1538 Pelagius
1375 1468 1431 1522 S.
1464 1468 1532 1521 R.
1566 1468 1628 1521 E.
1652 1467 1835 1522 diaco-

230 1572 359 1611 nus.

305 1646 396 1701 Ita
430 1649 753 1701 constanter
779 1646 914 1702 Mss.
944 1645 1289 1717 Sigebertus,
1322 1646 1391 1700 de
1415 1644 1616 1701 illustr.
1651 1645 1837 1701 Eccle-

1917 574 2202 629 Hactenus
2222 572 2334 627 ille.

1990 661 2226 734 Septimi
2256 660 2385 715 libri
2415 660 2693 731 interpres
2720 663 2806 713 est
2832 658 3183 721 Paschasius,
3219 658 3282 715 S.
3332 659 3399 713 R.
3448 660 3511 734 E.

1917 730 2203 817 diaconus,
2241 750 2336 822 qui
2366 749 2552 823 [XLIII]
2568 730 2811 804 Martini
2829 748 3150 804 Dumiensis
3180 747 3399 804 abbatis
3428 730 3517 804 ro-

1912 847 2050 914 gatu
2072 858 2201 896 eum
2224 839 2527 894 Latinitate
2554 838 2800 893 donavit.

1984 932 2071 986 Ita
2097 931 2305 985 diserte
2332 928 2582 1001 prafatio
2606 928 2749 983 libro
2777 927 2860 982 illi
2887 929 3113 1000 praefixa
3139 929 3382 1000 praefert.
3415 928 3517 983 Te-

1917 1024 2101 1075 statur
2130 1036 2352 1092 quoque
2379 1018 2702 1090 Sigebertus
2731 1034 2919 1091 supra,
2938 1034 3059 1090 cap.
3088 1016 3189 1074 118
3217 1036 3228 1072 :
3265 1035 3292 1071 α
3323 1017 3515 1072 Marti-

1915 1126 2022 1164 nus
2051 1109 2343 1182 episcopus
2364 1108 2672 1175 transtulit,
2704 1124 2805 1179 per
2832 1123 3065 1162 manum
3086 1105 3370 1162 Paschasii
3398 1101 3515 1162 dia-

1915 1199 2059 1263 coni,
2082 1197 2551 1269 interrogationes
2581 1204 2638 1250 et
2669 1197 3064 1269 responsiones
3086 1197 3359 1268 plurimas
3390 1214 3515 1253 san-

1915 1292 2134 1343 ctorum
2151 1287 2545 1359 ZEgyptiorum
2560 1287 2791 1340 Patrum
2812 1286 2869 1339 in
2884 1286 3174 1340 Dumiensi
3186 1286 3459 1340 coenobio.
3487 1305 3511 1338 ι

1987 1377 2229 1432 Adverte
2261 1377 2370 1440 hic,
2395 1376 2598 1449 primo,
2619 1376 2759 1430 duos
2786 1375 2959 1430 fuisse
2980 1375 3309 1431 Paschasios
3335 1375 3516 1431 diaco-

1915 1483 2017 1521 nos
2046 1466 2135 1521 his
2164 1465 2512 1538 temporibus
2536 1482 2680 1537 pene
2707 1482 2976 1537 suppares
3010 1468 3162 1533 (nam
3182 1465 3515 1521 Paschasius

1916 1555 2221 1611 Ratbertus
2253 1555 2470 1610 duobus
2496 1554 2714 1610 saeculis
2733 1554 3012 1626 posterior
3029 1554 3087 1609 in
3107 1554 3257 1609 hunc
3283 1572 3515 1611 censum

1913 1645 2105 1700 venire
2116 1662 2227 1700 non
2246 1647 2470 1717 potest),
2493 1644 3028 1716 utrumquescriptis
3044 1645 3277 1700 clarum.
3292 1645 3516 1700 Primus

236 1735 332 1790 sia
379 1734 773 1807 Scriptoribus,
822 1751 944 1807 cap.
991 1734 1137 1792 116:
1199 1753 1225 1788 ι
1257 1735 1520 1806 Pelagius
1568 1734 1834 1790 diaconus
1916 1741 2002 1790 est
2028 1734 2361 1789 Paschasius
2378 1735 2524 1789 S.R.
2559 1735 2619 1788 E.
2645 1734 2930 1799 diaconus,
2969 1752 2995 1785 «
3027 1735 3187 1805 cujus
3216 1734 3515 1791 rectissimi

234 1825 502 1879 Romana
528 1824 786 1879 Ecclesia
816 1825 1108 1880 transtth
1135 1824 1205 1879 de
1236 1825 1427 1879 Graeco
1457 1824 1516 1878 in
1543 1824 1828 1892 Latinum,
1854 1811 2017 1892 B(ait
2040 1830 2268 1880 sanctus
2285 1823 2592 1894 Gregorius
2617 1823 2709 1877 lib.
2744 1838 2798 1878 1v
2818 1823 3058 1894 Dialog.,
3076 1840 3201 1896 cap.
3224 1823 3294 1881 40
3351 1830 3408 1879 et
3424 1825 3512 1880 lu-

233 1912 305 1968 de
341 1913 474 1968 Vita
519 1918 579 1969 et
614 1913 890 1980 doctrina,
937 1918 995 1967 et
1029 1913 1100 1968 de
1141 1914 1479 1985 perfectione
1508 1918 1833 1968 sanctorum

233 2005 469 2059 Patrum
497 2003 669 2059 libros
687 2018 796 2070 va,
821 2003 1060 2059 scilicet:
1077 2005 1141 2059 de
1157 2006 1409 2072 Pro/ecta
1432 2004 1832 2058 monachorum

231 2094 328 2147 tib.
350 2107 405 2159 1;
435 2095 500 2148 de
521 2094 749 2162 Quiete,1
770 2111 783 2161 ;
804 2095 868 2149 de
897 2095 1339 2163 Compunctione,
1366 2109 1416 2157 1;
1447 2095 1511 2147 de
1534 2093 1830 2148 Continen-

234 2185 334 2249 tia,
353 2200 369 2237 1
388 2202 405 2247 ;
424 2184 628 2239 Contra
644 2184 1095 2252 fornicationem,
1116 2198 1163 2251 1;
1190 2185 1341 2251 Quod
1363 2183 1663 2238 monachus
1680 2183 1829 2236 nihil

230 2273 417 2327 debeat
430 2274 721 2342 possidere.
746 2287 766 2327 1
791 2291 803 2341 ;
826 2274 977 2341 Quod
997 2274 1144 2328 nihil
1157 2289 1257 2342 per
1277 2275 1693 2327 ostentationem
1707 2272 1832 2338 ﬁeri

228 2361 432 2429 debeat,
466 2377 524 2429 1;
553 2364 627 2418 De
644 2365 922 2433 patientia
952 2367 1002 2417 et
1029 2364 1389 2431 fortitudine,
1423 2376 1441 2415 1
1466 2379 1480 2428 ;
1521 2362 1674 2429 Quod
1715 2376 1830 2415 non

230 2455 476 2520 oporteat
495 2453 755 2520 judicare
770 2468 1122 2522 quamquam,
1154 2466 1174 2506 1
1199 2470 1212 2520 ;
1248 2453 1399 2520 Quod
1419 2437 1624 2519 oportet
1655 2451 1831 2504 sobrie

230 2543 428 2605 vivere,
464 2554 519 2608 1;
562 2542 715 2609 Quod
740 2543 861 2595 sine
895 2544 1307 2596 intermissione
1336 2546 1384 2595 ct
1412 2542 1587 2594 sobrie
1624 2543 1829 2608 oportet

229 2646 410 2697 orare,
444 2645 498 2697 1;
530 2632 957 2699 deﬂumititate,
979 2646 1028 2699 1;
1056 2632 1121 2686 de
1149 2633 1496 2696 Paenitentia,
1523 2644 1574 2696 1;
1605 2631 1667 2683 de
1685 2629 1830 2684 Cha-

227 2722 415 2785 ritate,
446 2733 507 2786 1;
536 2721 600 2774 de
626 2720 1000 2787 Providentia,
1032 2736 1127 2774 seu
1158 2720 1647 2788 Contemplatione,
1680 2732 1719 2771 1.
1750 2736 1778 2768 ι

298 2807 452 2863 Sexti
480 2807 609 2862 libri
636 2807 916 2879 interpres
944 2813 1031 2864 est
1055 2809 1300 2864 Joannes
1325 2808 1380 2862 S.
1413 2807 1478 2861 R.
1512 2807 1574 2861 E.
1608 2805 1829 2860 subdia-

226 2912 425 2953 οοηιιε.

295 2986 385 3040 Ita
401 3002 598 3041 omnes
617 2986 750 3041 Mss.
769 2984 1093 3056 Sigebertus
1112 3001 1301 3057 supra,
1320 3001 1442 3055 cap.
1465 2981 1565 3040 117
1583 3002 1595 3037 :
1617 3002 1639 3035 ε
1661 2984 1829 3038 Joan-

1915 1913 2125 1969 culenti
2154 1913 2224 1967 de
2253 1918 2446 1968 sancto
2478 1912 2693 1984 Spiritu
2738 1912 2867 1967 libri
2914 1918 3165 1981 exstant;
3206 1932 3229 1965 ι
3282 1913 3509 1985 quique,

1914 2002 2112 2056 eodem
2141 2006 2303 2067 teste,
2354 2019 2379 2052 «
2428 2001 2776 2074 temporibus
2824 2002 3147 2074 Symmachi
3192 2003 3513 2074 apostolica

1912 2091 2061 2145 sedis
2092 2090 2343 2163 prasulis
2367 2090 2662 2145 defunctus
2682 2095 2832 2145 est.»
2858 2091 3013 2147 Sedit
3038 2096 3228 2147 autem
3258 2093 3514 2163 Symma-

1912 2180 2049 2234 chus
2075 2179 2145 2234 ab
2174 2196 2322 2234 anno
2348 2178 2453 2236 499
2472 2180 2543 2234 ad
2563 2196 2774 2236 annum
2788 2181 3102 2251 515.Hujus
3123 2181 3296 2236 etiam
3316 2182 3514 2236 memi-

1912 2269 1999 2325 nit
2027 2268 2371 2339 Sigebertus,
2406 2269 2475 2323 de
2503 2269 2708 2324 illustr.
2743 2270 2885 2324 Eccl.
2920 2271 3213 2342 Scriptor.,
3247 2288 3368 2343 cap.
3422 2270 3505 2338 17,

1913 2363 1971 2413 et
1994 2359 2092 2413 alii
2121 2359 2480 2430 posteriores.
2501 2359 2603 2414 Hic
2622 2359 2773 2414 idem
2803 2365 2889 2414 est
2905 2360 2976 2415 ad
3003 2376 3172 2432 quem
3202 2360 3511 2433 Eugippius

1911 2447 2207 2520 presbyter
2234 2448 2424 2503 Vitam
2446 2449 2625 2503 sancti
2642 2448 2893 2504 Severini
2917 2448 3253 2504 Noricorum
3270 2450 3511 2522 apostoli

1911 2553 1945 2590 a
1973 2553 2032 2591 se
2049 2536 2423 2608 conscriptam
2438 2536 2772 2603 transmisit,
2804 2538 3038 2609 ejusque
3054 2554 3303 2593 censura
3324 2539 3446 2609 subj
3455 2556 3509 2593 e-

1911 2626 2004 2680 cit.
2034 2626 2180 2679 Nam
2211 2642 2437 2692 nomen,
2470 2630 2713 2697 tempus,
2750 2627 2905 2681 locus
2932 2632 2990 2680 et
3015 2643 3177 2681 sacra
3209 2627 3420 2683 functio
3452 2627 3509 2683 id

1911 2715 2131 2780 docent,
2162 2714 2245 2769 ait
2264 2714 2538 2769 Baronius
2575 2721 2729 2770 torno
2758 2715 2833 2771 VI
2862 2716 3169 2771 Annalium
3197 2717 3267 2771 ad
3297 2734 3508 2789 annum

1910 2802 2034 2860 496.
2057 2804 2159 2858 Cui
2176 2803 2467 2875 respondit
2481 2804 2630 2859 idem
2652 2805 3004 2873 Paschasius,
3022 2823 3192 2877 quam
3213 2807 3510 2877 epistolam

1909 2893 2185 2948 Baronius
2214 2893 2424 2948 ibidem
2453 2893 2692 2948 exhibet.
2729 2895 2865 2948 Eam
2892 2895 2983 2949 hic
3013 2896 3409 2967 prolegomene
3439 2896 3511 2952 ‘25

1908 2981 2177 3039 invenies.
2212 2983 2501 3038 Secundus
2535 2990 2621 3039 est
2648 2984 2981 3039 Paschasius
3011 2984 3278 3040 diaconus
3316 3003 3509 3043 mona-

221 3089 324 3129 nes
346 3073 723 3137 subdiaconus
753 3074 1041 3130 transtulit
1067 3074 1137 3128 de
1167 3073 1358 3128 Graec
1386 3072 1446 3126 in
1473 3072 1736 3127 Latinum
1758 3070 1826 3126 de
1853 3136 1886 3145 _
1909 3073 2064 3127 sterii
2090 3072 2409 3127 Dumiensis
2430 3072 2487 3127 in
2509 3072 2761 3139 Gallicia,
2787 3074 2880 3145 qui
2902 3091 3067 3129 suum
3089 3074 3296 3131 librum
3317 3077 3386 3131 de
3416 3076 3509 3130 Vi-

228 3162 360 3218 Vita
388 3167 450 3216 et
474 3136 734 3217 doctrina
762 3162 992 3218 Patrum
1021 3160 1228 3216 librum
1256 3175 1292 3215 1.
1331 3178 1358 3214 ι»
1845 3136 1888 3197 C
1907 3162 1980 3216 tis
2008 3163 2264 3225 Patrum,
2290 3161 2386 3233 qui
2404 3162 2465 3217 in
2492 3162 2593 3216 hac
2615 3136 2860 3217 editione
2875 3164 3150 3235 septimus
3163 3170 3266 3229 est.
3287 3166 3508 3221 dedica-

293 3250 458 3316 Quod
489 3267 619 3306 vero
643 3251 725 3306 ait
754 3250 1077 3323 Sigebertus
1107 3267 1142 3305 a
1172 3251 1389 3306 Joanne
1418 3249 1756 3304 translatum
1792 3265 1823 3303 e
1903 3250 1984 3304 vit
2013 3251 2252 3305 Martino
2282 3250 2610 3322 presbytero
2643 3256 2700 3306 et
2726 3250 2918 3307 abbati
2970 3253 3263 3308 Dumiensi
3288 3273 3301 3323 ;
3343 3257 3505 3325 cujus

222 3340 491 3403 Gracoin
508 3340 769 3396 Latinum
786 3343 995 3396 librum
1009 3356 1355 3407 unum,cum
1378 3344 1569 3394 tamen
1582 3343 1824 3411 quatuor
1906 3340 2133 3395 Martini
2164 3339 2378 3395 obitum
2409 3340 2714 3411 Gregorius
2744 3341 3105 3409 Turonensis,
3143 3342 3247 3400 lib.
3288 3360 3323 3397 v
3353 3344 3499 3399 Hist.

219 3430 441 3486 libellos
468 3429 841 3495 transtulerit,
874 3430 1059 3502 potuit
1085 3429 1192 3484 hoc
1219 3428 1520 3499 contigisse
1535 3428 1683 3501 quod
1699 3428 1822 3500 ipse
1904 3430 2138 3497 Franc.,
2171 3446 2293 3502 cap.
2329 3427 2396 3487 37
2426 3446 2575 3484 anno
2608 3428 2999 3487 thildeberti
3020 3432 3263 3503 junioris
3283 3435 3501 3500 statuit,

214 3518 278 3574 in
305 3520 420 3577 Ms.
456 3519 733 3585 inciderit,
765 3519 861 3590 qui
889 3518 1107 3575 libellos
1134 3518 1260 3574 illos
1310 3518 1432 3575 sine
1476 3517 1640 3573 titulo
1679 3516 1822 3571 indi-
1904 3519 1993 3574 cui
2022 3518 2298 3575 Baronius
2332 3524 2485 3575 tomo
2515 3520 2620 3576 VII
2647 3520 2957 3576 Annalium
2985 3537 3199 3578 annum
3239 3522 3340 3580 583
3371 3524 3506 3580 assi-

216 3609 455 3664 stinctos
481 3607 860 3665 connectebat.
902 3609 1006 3663 Vel
1034 3609 1247 3665 librum
1275 3623 1458 3662 unum
1504 3607 1671 3678 capit,
1726 3604 1821 3677 qui

218 3705 467 3772 quatuor
491 3698 709 3755 libellos
730 3681 999 3765 continet.

285 3788 536 3844 Adverte
578 3788 706 3859 quis
742 3792 934 3843 autem
962 3785 1224 3858 Pelagius
1263 3785 1372 3850 hic,
1407 3784 1532 3858 quis
1577 3785 1821 3840 Joannes

214 3878 411 3946 fuerit,
443 3876 647 3934 merito
677 3876 852 3949 quaeri
874 3881 1079 3949 potest.
1112 3876 1185 3935 R.
1224 3876 1287 3931 P.
1306 3875 1581 3946 Georgius
1602 3875 1821 3930 Garne-

216 3968 339 4034 felt,
370 3966 514 4023 libro
542 3983 715 4040 supra
741 3967 930 4033 citato,
958 3970 1151 4022 censet
1166 3964 1458 4036 Pelagium
1498 3965 1648 4020 hunc
1692 3970 1823 4021 ante

219 4058 277 4114 S.
309 4058 380 4113 R.
410 4058 473 4119 E.
504 4057 822 4124 diaconum,
850 4064 979 4112 cum
1008 4056 1158 4111 hunc
1177 4054 1383 4110 librum
1406 4061 1665 4123 verteret,
1694 4060 1824 4129 post

217 4148 398 4204 fuisse
425 4147 744 4205 Romanum
773 4146 1097 4219 pontiﬁcem
1123 4145 1195 4201 ab
1223 4161 1371 4200 anno
1418 4146 1643 4201 Domini
1694 4145 1817 4215 555,

220 4253 409 4310 usque
434 4237 508 4292 ad
536 4253 749 4292 annum
776 4234 899 4294 559.
930 4253 958 4288 α
987 4235 1076 4290 Ad
1120 4234 1271 4307 quod
1311 4234 1687 4303 sentiendum,
1730 4235 1819 4290 in-

219 4328 369 4401 quit,
385 4327 498 4382 duo
517 4343 608 4382 me
623 4326 940 4398 impellunt,
965 4325 1188 4397 1°quod
1205 4324 1379 4379 fuerit
1400 4325 1605 4396 hngua
1618 4326 1822 4381 Gracae

216 4414 640 4488 peritissimus;
680 4414 735 4470 2°
762 4414 912 4486 quod
950 4412 1134 4468 varias
1160 4412 1469 4484 legationes
1510 4413 1713 4470 obierit
1751 4414 1822 4469 ad

1900 3615 2057 3680 gnat.

1973 3699 2215 3754 Adverte
2244 3700 2508 3767 secundo,
2528 3699 2727 3756 iisdem
2749 3718 2970 3775 quoque
2989 3702 3337 3775 temporibus
3360 3704 3503 3761 duos

1902 3787 2073 3843 fuisse
2116 3788 2449 3860 Eugippios:
2501 3789 2657 3844 Unus
2708 3789 2897 3856 abbas,
2947 3792 3043 3864 qui
3085 3792 3310 3864 scripsit
3372 3813 3395 3846 ι
3430 3793 3504 3849 ad

1905 3878 2204 3948 quemdam
2232 3876 2597 3933 Paschasium
2627 3878 2925 3935 diaconum
2953 3881 3023 3935 de
3045 3881 3171 3937 Vita
3193 3882 3372 3945 sancti
3385 3899 3504 3939 mo-

1905 3967 2069 4022 nachi
2101 3967 2370 4034 Severini,
2406 3972 2463 4022 et
2489 3968 2693 4023 claruit
2720 3974 2847 4041 post
2888 3972 3242 4027 consulatum
3281 3974 3501 4048 Impor-

1904 4057 2025 4112 tuni
2052 4054 2315 4128 junioris,
2346 4057 2643 4113 Anastasio
2674 4056 3016 4131 imperatore
3051 4068 3345 4133 regnante,
3382 4082 3410 4118 ι
3439 4070 3504 4119 ut

1904 4146 1986 4202 ait
2012 4146 2261 4203 Isidorus
2291 4148 2359 4203 de
2387 4146 2595 4203 illustr.
2626 4148 2884 4204 Ecclesia
2926 4150 3217 4223 Scriptor.,
3250 4169 3374 4226 cap.
3412 4153 3497 4213 i3.

1906 4236 2123 4292 Claruit
2148 4236 2324 4308 igitur
2350 4237 2442 4293 hic
2470 4238 2641 4293 etiam
2670 4244 2796 4311 post
2823 4255 3036 4295 annum
3064 4241 3185 4309 509,
3231 4242 3291 4297 in
3331 4260 3501 4315 quem

1905 4326 2227 4381 consulatus
2250 4328 2566 4400 Importuni
2583 4344 2683 4384 seu
2712 4328 3028 4401 Opportuni
3048 4330 3260 4388 incidit.
3275 4333 3421 4389 Nam
3441 4335 3501 4389 in

1904 4416 2140 4487 epistola
2168 4432 2273 4471 sua
2307 4417 2486 4472 sancti
2518 4417 2766 4473 Severini
2795 4418 2935 4474 Vita
2986 4421 3278 4491 praemissa
3319 4423 3398 4479 ait
3442 4441 3502 4480 se

216 4503 530 4562 Ecclesiam
557 4502 923 4581 Orientalem,
955 4502 1026 4558 de
1056 4501 1257 4574 quibus
1305 4518 1471 4558 nemo
1516 4502 1817 4570 dubitabit,
1842 4504 2147 4565 Dscribere
2176 4505 2401 4561 biennio
2428 4512 2557 4579 post
2582 4508 2936 4563 consulatum
2965 4509 3301 4581 Importuni.
3339 4512 3500 4569 Alius

218 4594 317 4665 qui
357 4593 653 4649 consulere
678 4591 917 4649 voluerit
943 4590 1270 4658 Baronium,
1303 4589 1373 4645 ab
1406 4607 1556 4646 anno
1605 4590 1707 4649 538
1752 4593 1824 4649 ad

216 4699 439 4740 annum
473 4681 595 4738 555.
625 4683 689 4739 Id
716 4682 893 4755 igitur
914 4697 1247 4754 persuasum
1275 4680 1415 4736 mihi
1442 4679 1641 4749 habeo,
1674 4682 1825 4738 hunc

216 4772 518 4844 Pelagium
543 4771 604 4829 in
631 4772 786 4828 hisce
813 4770 1190 4844 legationibus
1216 4770 1478 4826 incidisse
1506 4771 1563 4826 in
1593 4788 1723 4828 eum
1751 4772 1821 4827 li-

218 4862 391 4918 brum
412 4862 669 4917 Graecum
693 4862 764 4917 de
792 4877 903 4934 quo
943 4861 1180 4917 Photius
1225 4859 1488 4916 meminit
1527 4859 1587 4916 in
1620 4861 1823 4918 Biblio-

215 4954 407 5018 theca,
439 4951 576 5007 Cod.
614 4950 738 5018 198,
774 4955 833 5016 et
871 4950 1021 5007 hunc
1060 4967 1251 5008 secum
1288 4951 1527 5006 Romam
1571 4968 1823 5025 compor-

216 5047 393 5109 ωδε,
429 5039 752 5112 ibidemque
790 5039 1169 5097 transtulisse.
1209 5040 1285 5095 At
1326 5055 1457 5095 vero
1496 5056 1625 5096 cum
1677 5041 1824 5098 hanc

216 5131 541 5188 versionem
570 5129 925 5203 perduxisset
957 5145 1138 5201 usque
1184 5129 1258 5184 ad
1291 5127 1465 5184 libelli
1510 5146 1611 5186 seu
1645 5131 1823 5203 partis

219 5235 364 5276 xv111
393 5235 518 5292 cap.
546 5217 618 5276 16
644 5220 730 5287 (ut
767 5223 855 5274 est
893 5218 953 5274 in
998 5217 1183 5292 prima
1210 5218 1500 5289 editione),
1532 5235 1661 5275 mox
1696 5219 1821 5275 aliis

221 5308 469 5381 negotiis
480 5307 839 5382 prapeditus,
863 5324 964 5365 seu
985 5308 1175 5383 potius
1201 5308 1456 5365 Romana
1473 5308 1606 5365 sede
1621 5309 1826 5381 guber-

222 5399 416 5463 nanda
455 5402 747 5466 oneratus,
791 5390 1073 5472 reliquum
1113 5398 1385 5454 versionis
1427 5415 1568 5472 opus
1603 5398 1825 5455 videtur

222 5488 560 5562 imposuisse
587 5487 793 5556 Joanni
818 5488 1179 5559 subdiacono,
1201 5504 1369 5562 quem
1397 5488 1642 5545 arbitror
1669 5505 1825 5546 eum-

222 5578 353 5636 dem
383 5595 509 5636 esse
536 5579 637 5652 qui
663 5578 893 5651 Pelagio
910 5578 972 5636 in
998 5579 1264 5635 Romana
1292 5578 1547 5634 Ecclesia
1575 5579 1825 5652 primatu

226 5669 512 5739 successit,
537 5670 628 5739 ita
654 5668 890 5743 coniicit)
913 5674 973 5737 et
1006 5668 1287 5745 Opinortsi
1318 5669 1454 5743 quid
1480 5668 1578 5727 alii
1613 5670 1822 5728 certius

1906 4593 2077 4649 etiam
2097 4593 2291 4662 abbas,
2313 4613 2339 4648 ς(
2372 4595 2467 4666 qui
2488 4595 2784 4651 deﬂoravit
2802 4595 2973 4651 libros
2993 4598 3172 4653 sancti
3199 4601 3500 4670 Augustini

1905 4683 2146 4757 episc0pi
2173 4684 2569 4756 Hipponensis,
2600 4684 2818 4758 fuitque
2852 4691 3105 4758 tempore
3134 4688 3363 4744 secundi
3393 4691 3499 4746 Pe-

1904 4773 2056 4843 lagii,
2076 4779 2129 4827 et
2155 4773 2513 4846 imperatoris
2540 4772 2748 4830 Tiberii
2775 4773 3148 4843 Constantini,
3170 4795 3197 4830 »
3229 4784 3295 4834 ut
3308 4779 3504 4837 scribit

1905 4862 2229 4934 Sigebertus
2255 4863 2325 4918 de
2352 4863 2555 4918 illustr.
2590 4863 2849 4922 Ecclesia
2890 4865 3183 4939 Scriptor.,
3232 4885 3355 4942 cap.
3408 4869 3496 4928 39.

1903 4952 2120 5008 Floruit
2138 4952 2313 5024 igitur
2339 4953 2434 5008 ille
2462 4953 2608 5009 circa
2637 4970 2851 5019 annum
2883 4954 3001 5012 580.

1974 5042 2053 5097 Ex
2079 5041 2168 5097 his
2195 5058 2345 5098 nunc
2362 5042 2525 5098 facile
2543 5043 2729 5131 colligi
2745 5050 2931 5117 potest
2966 5047 3132 5119 (quod
3163 5049 3336 5111 etiam
3365 5050 3502 5106 ami-

1903 5130 2125 5187 cissimo
2141 5132 2484 5189 Garnefeltio
2499 5133 2560 5189 in
2588 5130 2834 5205 mum
2864 5140 3118 5205 venerat)
3131 5140 3499 5211 posteriorem

1904 5220 2267 5277 Paschasium
2295 5222 2663 5295 interpretem
2688 5240 2809 5279 esse
2830 5223 2961 5280 libri
2991 5227 3247 5299 septimi;
3278 5228 3336 5283 in
3366 5245 3498 5284 eum

1904 5310 2056 5366 enim
2085 5311 2350 5367 saculum
2377 5312 2607 5368 Martini
2635 5313 2974 5384 Dumiensis,
2995 5316 3086 5372 cui
3113 5333 3277 5373 suam
3295 5317 3501 5373 versio-

1903 5416 2035 5456 nem
2063 5400 2337 5468 inscribit,
2372 5402 2630 5474 quadrat.
2664 5402 2856 5477 Stylus
2874 5421 3095 5477 quoque
3123 5406 3246 5475 ejus
3273 5421 3385 5462 non
3414 5422 3500 5463 as-

1905 5491 2089 5562 surgit
2106 5491 2176 5547 ad
2196 5491 2399 5564 prioris
2415 5492 2700 5549 Paschasii
2719 5494 2948 5567 stylum.
2964 5494 3107 5550 Huic
3116 5494 3294 5566 priori
3312 5496 3499 5568 potius

1904 5580 2510 5638 tribuendatranslatio
2522 5582 2777 5639 Paradisi
2799 5582 3128 5638 Heraclidis.
3143 5583 3226 5640 De
3246 5602 3356 5658 quo
3376 5604 3503 5660 pro-

1902 5670 2196 5745 legomene
2230 5671 2320 5733 25.
2353 5672 2461 5741 Qui
2488 5677 2546 5729 et
2573 5671 2635 5730 S.
2667 5672 2734 5729 R.
2774 5672 2837 5733 E.
2870 5669 3136 5741 diaconus
3165 5674 3337 5748 [ων]
3373 5677 3500 5746 fuit,
