3958 6396
459 355 520 414 51
1355 361 1432 416 ΙΝ
1471 362 1680 417 VITAS
1717 363 2013 419 PATRUM
2049 363 2589 425 PROLEGOMENA
2623 370 2819 426 XXVI.
3643 365 3717 424 52

455 483 538 538 uti
559 483 831 538 habemus
852 483 1170 539 testimonio
1190 487 2478 563 sanctiGrcgoriisupra.Poste-Apraestiterit;
2512 501 2570 550 et
2598 512 2736 567 opus
2767 496 2888 567 ejus
2911 497 3064 548 certa
3093 495 3229 548 nota
3256 490 3534 564 designat,
3565 490 3716 563 quod

452 570 572 627 rior
599 573 768 628 etiam
797 572 1064 629 diaconus
1088 574 1194 630 fuit
1237 574 1295 643 in
1323 576 1573 631 coenobio
1603 577 1911 643 Dumiensi,
1944 579 2040 632 sed

453 659 648 716 dubito
677 678 749 716 an
778 662 948 716 etiam
979 663 1034 717 S.
1053 663 1116 717 R.
1136 641 1425 718 E.Vereor
1451 665 1601 718 enim
1620 682 1691 720 ne
1721 683 1785 719 ex
1813 667 2040 721 conclu-

449 748 606 804 sione
631 750 869 805 duorum
893 752 1340 816 Paschasiorum,
1371 755 1664 824 posteriori
1684 755 1883 808 titulus
1898 771 2037 826 quo-

451 854 559 911 que
587 838 790 909 prioris
819 840 1138 896 adhaeserit.
1168 843 1352 915 Atque
1381 843 1462 897 ita
1489 843 1841 918 impressum,
1889 844 2038 916 quod

447 932 668 982 mutare
687 929 935 983 nondum
967 947 1092 984 sum
1121 947 1310 986 ausus.

520 1016 713 1071 Octavi
739 1017 889 1085 libri,
923 1018 1017 1090 qui
1047 1036 1082 1073 a
1109 1020 1360 1076 Palladio
1376 1022 1564 1076 Graece
1593 1022 2038 1093 scriptus,inter—

447 1119 578 1174 pres
607 1110 693 1160 est
711 1105 1023 1164 Gentianus
1043 1109 1335 1175 Hervetus,
1368 1111 1666 1165 canonicus
1687 1113 2036 1178 Rhemensis,

449 1193 546 1264 qui
578 1194 906 1264 praeclaram
919 1212 1146 1267 operam
1159 1199 1420 1270 praestitit
1433 1199 1490 1254 in
1503 1201 1608 1254 hoc
1630 1201 2038 1274 interpretandi

444 1298 672 1352 genere.

519 1373 762 1428 Adverte
791 1373 883 1428 hic
909 1379 1026 1429 tres
1053 1374 1301 1431 diversas
1329 1395 1450 1432 esse
1492 1379 1727 1434 Palladii
1771 1380 2041 1436 editiones

449 1459 684 1515 diversis
709 1461 1130 1534 interpretibus.

521 1549 714 1604 Prima
739 1556 826 1606 est
852 1568 974 1622 quae
1003 1553 1210 1624 prodiit
1229 1553 1349 1625 ipso
1376 1558 1758 1629 typographiae
1787 1559 2040 1613 tirocinio

449 1636 510 1692 in
539 1638 722 1710 prima
751 1639 995 1695 editione
1016 1641 1272 1698 Vitarum
1299 1644 1550 1710 Patrum,
1585 1646 1681 1700 ubi
1711 1648 1898 1702 nullus
1929 1665 2042 1702 cer-

449 1731 546 1781 tus
583 1727 860 1801 interpres
889 1730 1226 1801 assignatur.
1260 1733 1361 1787 Hic
1401 1734 1544 1788 liber
1578 1735 1635 1790 in
1678 1737 2042 1806 sequentibus

449 1815 788 1872 editionibus
819 1818 1075 1873 Vitarum
1099 1820 1329 1875 Patrum
1362 1823 1600 1877 omissus
1629 1830 1732 1890 est,
1765 1825 1862 1878 sed
1893 1842 2040 1879 anno

453 1904 586 1960 1547
615 1922 808 1961 rursus
827 1923 952 1960 eam
967 1906 1025 1961 in
1045 1924 1148 1962 sua
1159 1909 1422 1977 editione,
1454 1928 1575 1982 qua:
1595 1913 1840 1968 Colonia:
1861 1914 2041 1968 lucem

445 1992 586 2048 vidit
605 1995 754 2064 apud
768 1995 1058 2067 Jasparem
1071 1997 1468 2070 Gennepaeum,
1485 2001 1764 2055 revocavit
1784 2002 1840 2056 F.
1867 2003 2044 2056 Theo-

446 2081 670 2137 doricus
698 2083 882 2138 Loher
901 2100 935 2138 a
966 2085 1168 2140 Stratis
1198 2087 1621 2145 Carthusianus.

518 2170 776 2226 Secunda
803 2178 890 2227 est
919 2189 1041 2244 quae
1069 2175 1280 2246 prodiit
1307 2177 1537 2231 Parisiis
1566 2179 1714 2248 apud
1767 2180 2040 2234 Joannem

449 2260 716 2325 Parvum,
731 2276 824 2316 an.
837 2260 999 2327 1504,
1013 2269 1271 2318 curatore
1282 2265 1489 2320 Jacobo
1505 2266 1684 2320 Fabro
1699 2268 2037 2338 Stapulensi.

449 2348 555 2404 Sed
587 2349 705 2403 haec
732 2349 906 2404 alium
934 2349 1161 2405 titulum
1193 2353 1540 2419 (inscribitur
1563 2355 1713 2409 enim
1743 2357 2043 2411 Paradisus

446 2437 778 2504 Heraclidis)
799 2439 1052 2510 praefert;
1077 2445 1136 2494 et
1149 2427 1348 2508 alium,
1362 2443 1639 2499 incertum
1663 2447 1874 2516 pariter
1893 2446 2044 2500 exhi-

446 2525 542 2582 bet
569 2526 954 2598 interpretem,
986 2545 1109 2599 quze
1131 2530 1327 2585 eadem
1357 2532 1593 2588 Palladii
1623 2536 1846 2605 praefixo
1876 2535 2042 2590 titulo

446 2617 642 2683 postea
668 2611 876 2682 prodiit
900 2612 1152 2668 Venetiis
1181 2630 1328 2669 anno
1354 2616 1577 2671 Domini
1613 2617 1768 2685 1554,
1800 2625 1935 2672 tom.
1960 2619 2043 2674 III

447 2699 518 2754 de
538 2699 685 2753 Vitis
712 2698 1045 2754 Sanctorum
1065 2717 1166 2771 per
1181 2701 1475 2773 Aloysinm
1492 2704 1864 2776 Lipomanum
1883 2707 2044 2760 colle-

449 2787 574 2842 ctis.
607 2787 836 2842 Curavit
858 2792 1049 2843 autem
1077 2789 1221 2843 hanc
1234 2790 1538 2846 editionem
1565 2809 1738 2865 Opera
1763 2795 2042 2850 Francisci

447 2875 650 2930 Torres
678 2875 918 2930 conferri
955 2893 1082 2932 cum
1111 2879 1212 2932 Ms.
1247 2881 1550 2952 exemplari
1607 2883 1860 2950 Palladii,
1897 2885 2045 2955 quod

447 2963 698 3020 Venetiis
718 2965 871 3020 estin
886 2964 1230 3022 Bibliotheca
1246 2969 1542 3024 cardinalis
1552 2969 2042 3044 Bessarionis,qui,

450 3058 520 3109 ut
549 3053 632 3108 ait
653 3053 1012 3126 Lipomanus,
1047 3076 1073 3108 α
1105 3073 1139 3110 a
1166 3057 1348 3128 capite
1371 3058 1442 3112 ad
1463 3059 1671 3115 calcem
1699 3077 1877 3132 usque
1897 3069 2047 3117 utro-

2124 581 2180 636 in
2211 600 2276 637 ea
2309 590 2512 653 agatur
2537 590 2654 638 tam
2684 586 2754 639 de
2783 583 3110 640 mulieribus
3150 599 3319 655 quam
3345 581 3496 636 viris.
3531 580 3714 635 Πάντα

2123 671 2176 722 δὲ
2204 667 2412 742 ἀκριϐῶς
2442 675 2549 745 περὶ
2581 672 2740 728 αὐτῶν
2769 674 3011 741 διεξῆλθεν
3041 693 3053 706 ο
3081 669 3128 724 ἐν
3226 672 3306 724 καὶ
3335 676 3574 742 γυναικῶν
3601 666 3717 739 ἐφά-

2123 761 2296 830 μιλλον
2327 771 2426 824 τοῖς
2465 765 2832 834 προειρημένοις
2864 759 3231 832 ἔπανελομένων
3262 761 3365 829 βίον
3397 761 3591 830 μνήμην
3621 775 3717 808 πε-

2120 851 2318 916 ποίηται
2351 868 2364 904 :
2405 871 2427 903 α
2461 852 2683 918 Omnia,
2717 868 2838 922 quae
2868 851 2939 906 ad
2970 866 3064 904 eos
3094 853 3366 921 spectant,
3400 847 3459 902 in
3487 863 3552 901 eo
3581 849 3718 900 sunt

2119 945 2377 994 accurate
2406 941 2698 1011 explicata.
2731 941 2795 995 In
2815 956 2924 1011 quo
2946 939 3116 994 etiam
3145 938 3214 992 de
3227 935 3714 1005 mulieribusque

2122 1044 2316 1098 parem
2350 1029 2566 1084 vivendi
2598 1029 2872 1083 rationem
2901 1045 3029 1082 cum
3056 1027 3189 1082 viris
3217 1041 3389 1097 supra
3425 1023 3587 1078 dictis
3617 1039 3716 1076 ex-

2122 1116 2399 1178 colebant,
2434 1135 2618 1171 sermo
2648 1123 2938 1189 susceptus
2959 1123 3062 1170 est.
3095 1135 3118 1166 ι
3147 1115 3319 1186 Atqui
3345 1120 3464 1168 tam
3494 1112 3564 1166 de
3593 1127 3718 1165 mu-

2122 1205 2354 1260 lieribus
2380 1224 2546 1278 quam
2569 1207 2701 1260 viris
2731 1205 2901 1260 habes
2930 1205 2990 1260 in
3020 1203 3321 1259 Hervetina
3338 1202 3582 1257 editione
3602 1199 3720 1271 ple-

2124 1294 2268 1360 nius,
2285 1312 2411 1349 cum
2425 1297 2481 1350 in
2498 1296 2623 1349 aliis
2635 1294 2970 1349 editionibus
2982 1309 3282 1366 perparum
3298 1293 3367 1346 de
3386 1287 3720 1345 mulieribus

2122 1389 2414 1438 tractetur.
2449 1384 2586 1438 Vide
2607 1400 2778 1456 supra
2801 1383 3245 1453 Prolegomenon
3265 1379 3317 1447 4,
3351 1379 3380 1452 §
3402 1378 3450 1434 3.

2197 1491 2341 1546 Noni
2369 1491 2493 1545 libri
2517 1491 2793 1562 interpres
2813 1497 2898 1545 est
2915 1490 3062 1544 idem
3083 1489 3396 1544 Gentianus
3415 1487 3715 1549 Hervetus,

2125 1598 2245 1653 qua:
2277 1598 2401 1636 cum
2422 1580 2724 1652 superioris
2739 1579 2866 1634 libri
2891 1577 3355 1650 interpretatione
3374 1592 3488 1632 una
3503 1575 3716 1648 prodit.

2193 1689 2453 1761 Aloysius
2473 1689 2834 1760 Lipomanus,
2858 1693 3012 1742 tomo
3034 1687 3084 1742 II
3106 1686 3176 1740 de
3194 1685 3338 1740 Vitis
3356 1685 3715 1745 Sanctorum,

2125 1795 2272 1833 anno
2302 1777 2440 1833 1553
2471 1778 2720 1832 Vcnetiis
2750 1776 3107 1842 edito,inseri
3127 1775 3342 1830 curavit
3367 1774 3516 1828 hunc
3538 1772 3720 1828 Theo-

2124 1867 2303 1921 doreti
2333 1866 2556 1931 librum,
2589 1865 2894 1937 interprete
2914 1864 3170 1919 Alberico
3199 1863 3389 1933 Longo
3404 1860 3719 1926 Salentino,

2126 1971 2290 2025 quem
2331 1972 2364 2008 a
2391 1955 2507 2009 viro
2531 1955 2692 2008 docto
2713 1953 2963 2009 Tridenti
2987 1957 3184 2008 nactus
3198 1951 3400 2006 fuerat.

2054 2081 2101 2140 Β
2187 2061 2398 2115 Decimi
2408 2061 2533 2115 libri
2545 2061 2820 2132 interpres
2834 2066 2919 2115 est
2927 2059 3258 2114 Ambrosius
3268 2055 3722 2112 Camaldulensis

2123 2149 2314 2204 abbas.
2331 2151 2416 2205 Ita
2432 2150 2581 2204 enim
2605 2151 2661 2204 in
2682 2149 2987 2221 apostolica
2999 2148 3344 2203 Bibliotheca
3363 2163 3424 2200 se
3435 2145 3722 2200 invenisse

2122 2245 2366 2293 testatur
2391 2239 2650 2310 Aloysius
2677 2238 3001 2310 praefatione
3013 2237 3084 2291 ad
3096 2237 3380 2300 lectorem,
3396 2233 3726 2306 quiprimus

2127 2345 2255 2381 eum
2281 2328 2370 2381 edi
2399 2328 2614 2382 curavit
2640 2335 2794 2382 tomo
2819 2327 2919 2382 VII
2949 2327 3020 2380 de
3043 2325 3186 2380 Vitis
3219 2326 3572 2380 Sanctorum.

2197 2434 2383 2488 Dices:
2419 2436 2661 2489 Joannes
2682 2435 2975 2498 Diaconus,
3009 2438 3204 2504 postea
3232 2432 3518 2486 Romanus
3539 2429 3728 2502 ponti-

2127 2523 2232 2589 fex,
2269 2523 2327 2577 in
2358 2530 2556 2594 quarto
2587 2523 2744 2587 libro,
2775 2539 2941 2593 quem
2986 2522 3056 2576 de
3099 2521 3248 2575 beati
3293 2518 3549 2589 Gregorii
3589 2517 3730 2572 Vita

2128 2613 2366 2683 scripsit,
2397 2613 2530 2666 dum
2569 2629 2689 2682 cap.
2723 2610 2792 2667 63
2821 2609 3117 2665 voluminis
3161 2609 3330 2678 hujus
3375 2607 3726 2662 mentionem

2126 2701 2280 2767 facit,
2307 2701 2644 2755 recensendo
2662 2699 2915 2754 mirabile
2931 2699 3183 2770 ejusdem
3207 2696 3554 2751 sanctissimi
3585 2712 3729 2767 pon-

2125 2791 2291 2845 tificis
2322 2790 2548 2854 factum,
2581 2806 2640 2844 se
2671 2789 3038 2860 interpretem
3065 2788 3380 2859 proﬁtetur.
3412 2785 3508 2840 Ait
3533 2784 3726 2852 enim;

2130 2898 2155 2930 ‹‹
2201 2879 2310 2934 Sed
2337 2895 2406 2933 ne
2435 2879 2567 2933 solis
2588 2877 2771 2932 verbis
2800 2876 2945 2932 tanti
2963 2876 3219 2949 praesulis
3237 2874 3526 2930 humilitas
3547 2874 3731 2928 incul-

2127 2967 2241 3022 cari
2271 2967 2549 3032 credatur,
2572 2970 2830 3037 superest
2839 2969 2903 3020 ut
2920 2981 2986 3019 ex
3006 2964 3330 3019 Graecorum
3355 2961 3731 3018 relationibus

2129 3073 2164 3111 a
2191 3073 2280 3110 me
2309 3072 2488 3127 nuper
2515 3055 2898 3126 interpretatis
2928 3053 3125 3109 eadem
3143 3051 3327 3106 Patris
3346 3050 3638 3106 humilitas
3649 3051 3732 3106 vi-

452 3159 560 3214 que
589 3143 792 3198 collato
821 3143 1124 3212 volumine,
1147 3145 1297 3201 hunc
1343 3149 1602 3203 eumdem
1646 3167 1874 3221 prorsus
1917 3153 2103 3212 cumc
2127 3145 2209 3200 vis
2237 3144 2499 3217 operibus
2527 3144 2961 3209 demonstretur,
2993 3142 3053 3196 in
3100 3139 3304 3212 quibus
3341 3139 3599 3194 videlicet
3645 3139 3733 3194 ita

449 3231 547 3286 illo
574 3233 803 3304 reperit,
827 3233 1020 3304 paucis
1041 3233 1398 3306 quibusdam,
1423 3237 1604 3310 iisque
1624 3240 1909 3311 perexigui
1931 3258 2046 3296 mo-

451 3321 649 3386 menti,
671 3321 1002 3378 immutatis.
1017 3323 1238 3380 Titulus
1257 3325 1429 3380 etiam
1444 3327 1816 3400 discrepabat,
1832 3335 1889 3384 et
1907 3347 2046 3385 nun-

453 3410 744 3482 cupatoria
771 3410 1028 3482 epistol'a,
1049 3429 1172 3484 quae
1189 3429 1302 3468 non
1323 3413 1393 3469 ab
1416 3416 1712 3472 Heraclide
1724 3418 2047 3473 Alexandri-

453 3514 548 3565 no,
567 3498 665 3554 sed
685 3515 720 3553 a
743 3499 992 3554 Palladio
1013 3500 1379 3572 Cappadocia;
1391 3504 1667 3576 episcopo,
1689 3505 1886 3562 licetin
1896 3513 2047 3562 utro-

455 3603 565 3660 que
608 3587 892 3644 volumine
935 3589 1007 3643 ad
1037 3589 1282 3644 Lausum
1329 3592 1537 3664 scripta
1585 3593 1885 3650 videretur.
1947 3596 2046 3652 His

453 3675 634 3748 igitur
643 3676 837 3748 paucis
848 3677 1059 3733 locellis
1077 3680 1360 3746 correctis,
1373 3686 1431 3735 et
1443 3682 1514 3736 ad
1525 3683 2046 3740 emendatissimum

453 3765 722 3833 codicem,
757 3785 781 3818 ›
812 3771 878 3823 ut
906 3766 1263 3824 existimabat
1283 3769 1640 3842 Lipomanus,
1672 3791 1700 3825 α
1722 3773 1981 3842 redactis,
2016 3794 2043 3828 υ

451 3853 660 3911 librum
683 3855 845 3911 illum
859 3861 1012 3912 tomo
1042 3858 1122 3914 III
1151 3858 1222 3914 de
1250 3859 1396 3916 Vitis
1424 3861 1756 3917 Sanctorum
1786 3863 2043 3919 inseruit.

521 3944 716 4000 Tertia
732 3949 836 4012 est,
868 3961 1037 4017 quam
1060 3947 1152 4001 hic
1173 3947 1392 4014 damus,
1427 3966 1708 4022 quamque
1733 3968 1834 4006 suo
1853 3953 2000 4024 stylo
2014 3969 2045 4007 e

454 4032 650 4088 Graeco
668 4037 829 4088 textu
847 4033 1141 4089 adornavit
1151 4035 1410 4092 Historiae
1421 4037 1706 4094 Lausiacse
1723 4040 1888 4095 titulo
1902 4042 2046 4096 Gen-

454 4120 646 4176 tianus
665 4119 958 4187 Hervetus,
992 4126 1051 4176 et
1060 4120 1294 4177 Parisiis
1307 4124 1554 4196 vulgavit
1569 4127 1817 4182 Bernard
1823 4144 1889 4183 us
1899 4129 2045 4184 Tur-

451 4209 677 4266 risanus
705 4225 852 4264 anno
885 4208 1039 4276 1555,
1063 4226 1186 4282 quae
1213 4227 1409 4268 rursus
1429 4214 1638 4286 prodiit
1663 4214 1870 4272 ibidem
1898 4217 2047 4288 apud

455 4297 820 4354 Guilielmum
831 4297 1250 4366 Chaudierium,
1267 4317 1414 4357 anno
1430 4301 2048 4370 1570,annotationibus

456 4386 792 4460 quibusdam
802 4387 1206 4458 marginalibus
1219 4406 1320 4461 per
1329 4391 1698 4448 Fr.Thomam
1713 4393 2049 4450 Beauxamis

2125 3235 2400 3289 refertur:
2430 3233 2725 3288 Enarravit
2739 3231 2900 3287 nobis
2927 3230 3101 3286 abbas
3119 3232 3363 3286 Joannes
3383 3231 3572 3296 Persa,
3596 3245 3732 3284 san-

2127 3329 2249 3378 ctus
2277 3329 2334 3378 et
2354 3323 2704 3378 venerandus
2722 3321 2808 3376 vir
2834 3321 3097 3386 existens,
3125 3319 3196 3374 de
3219 3320 3422 3390 Magno
3450 3317 3731 3389 Gregorio

2127 3413 2449 3467 beatissimo
2469 3428 2616 3483 papa
2643 3411 2915 3475 Romano,
2947 3409 3172 3464 dicens:
3207 3407 3485 3472 Quoniam
3517 3406 3592 3460 ivi
3618 3407 3734 3462 Ro-

2129 3519 2280 3556 mam
2309 3501 2380 3555 ad
2407 3500 2724 3556 adorandos
2751 3499 2962 3554 loculos
2991 3502 3313 3553 sanctorum
3342 3495 3733 3567 apostolorum

2128 3590 2279 3645 Petri
2294 3596 2350 3645 et
2363 3589 2521 3644 Pauli
2537 3607 2548 3641 :
2568 3595 2748 3643 etuna
2762 3587 3004 3652 dierum,
3015 3603 3147 3651 cum
3159 3591 3368 3641 starem
3383 3584 3443 3639 in
3454 3583 3639 3638 medio
3657 3584 3738 3638 ci-

2125 3679 2500 3744 vitatis,video
2518 3695 2718 3750 papam
2736 3676 3071 3747 Gregorium
3090 3691 3193 3748 per
3213 3691 3303 3730 me
3323 3673 3732 3742 transiturum,

2129 3774 2186 3824 et
2221 3769 2458 3840 cogitavi
2489 3784 2578 3822 me
2609 3767 2832 3821 mittere
2860 3771 2990 3820 ante
3005 3781 3156 3821 eum.
3190 3764 3333 3818 Cum
3362 3775 3502 3833 ergo
3525 3777 3733 3834 appro-

2127 3860 2456 3932 pinquasset
2475 3856 2612 3910 mihi
2640 3872 2806 3928 papa,
2829 3854 3021 3910 videns
3044 3853 3177 3926 quia
3194 3855 3577 3925 pergerem,ut
3592 3851 3728 3906 mit-

2127 3954 2304 4003 terem
2333 3963 2424 4001 me
2449 3951 2581 4000 ante
2600 3961 2758 4012 eum;
2792 3943 2937 4000 sicut
2963 3958 3151 3998 coram
3172 3941 3290 3998 Deo
3319 3941 3461 4008 dico,
3492 3938 3722 4007 fratres,

2127 4036 2342 4108 primus
2370 4034 2524 4089 misit
2552 4050 2612 4087 se
2636 4038 2766 4088 ante
2795 4049 2884 4087 me
2911 4047 3081 4104 super
3102 4037 3332 4098 terram,
3365 4035 3424 4084 et
3446 4044 3559 4084 non
3582 4035 3724 4084 ante

2127 4124 2386 4191 surrexit,
2419 4139 2587 4195 quam
2617 4138 2718 4192 ego
2743 4121 2897 4194 prior
2935 4136 3244 4192 surgerem,
3277 4124 3335 4174 et
3359 4118 3725 4191 amplexatus

2127 4231 2219 4268 mc
2247 4229 2374 4268 cum
2396 4227 2602 4283 magna
2620 4210 2957 4277 humilitate,
2973 4209 3176 4265 tribuit
3201 4208 3341 4264 mihi
3364 4224 3467 4280 per
3483 4222 3726 4263 manum

2128 4303 2473 4358 numismata
2497 4300 2627 4367 tria,
2657 4305 2713 4355 et
2736 4299 2908 4371 jussit
2931 4299 3070 4354 mihi
3097 4297 3220 4354 dari
3257 4297 3505 4353 casulam
3533 4301 3590 4352 et
3615 4311 3726 4352 ne-

2129 4392 2416 4446 cessitates
2439 4406 2593 4445 meas
2621 4405 2834 4445 omnes.
2869 4387 3184 4444 Gloriﬁcavi
3211 4403 3344 4458 ergo
3369 4387 3572 4452 Deum,
3621 4385 3725 4456 qui

455 4475 821 4532 Carmelitam
855 4475 1144 4532 doctorem
1182 4477 1512 4548 theologum
1558 4481 1837 4538 illustrata
1861 4502 1874 4551 ;
1925 4500 2046 4554 quae
2065 4463 2358 4535 Ddonavit
2375 4479 2426 4533 ei
2454 4479 2625 4533 talem
2655 4477 3033 4533 humilitatem
3063 4475 3232 4548 [XLVI]
3262 4475 3410 4530 circa
3429 4489 3646 4540 omnes,
3662 4479 3730 4530 et

451 4565 686 4638 insuper
713 4565 1002 4621 Laurentii
1030 4566 1324 4622 Barrensis
1351 4569 1574 4624 scholiis
1588 4576 1772 4638 aucta,
1788 4571 2048 4626 Historiae

453 4654 790 4712 Christianae
808 4661 1062 4711 veterum
1075 4655 1309 4713 Patrum
1323 4656 1537 4714 inserta
1555 4664 1642 4714 est
1650 4659 1880 4715 Parisiis
1899 4660 2048 4732 apud

451 4741 783 4799 Michaelem
825 4745 1116 4813 Sonnium,
1145 4762 1294 4802 anno
1312 4744 1475 4815 1583,
1495 4747 1634 4803 item
1653 4752 1806 4803 tomo
1835 4749 1937 4804 VII
1960 4749 2050 4803 Bi-

448 4829 740 4888 bliotheca
768 4832 848 4888 SS
861 4877 874 4891 .
914 4833 1148 4889 Patrum
1160 4877 1174 4893 .

527 4920 688 4987 Quod
707 4920 756 4976 si
775 4920 900 4994 quis
925 4926 983 4977 et
992 4926 1254 4994 quartam
1266 4923 1503 4980 Palladii
1527 4924 1831 4981 editionem
1851 4927 2045 4982 venari

455 5009 606 5078 velit,
637 5024 753 5064 non
767 5025 1123 5082 magnopere
1152 5011 1302 5084 {XLV}
1329 5012 1383 5068 ei
1406 5012 1774 5070 laborandum
1799 5015 1923 5070 erit.
1958 5016 2049 5071 In-

453 5098 642 5156 veniet
663 5097 815 5160 enim
828 5097 1136 5168 Ruﬂinum,
1156 5101 1601 5158 vetustissimum
1621 5103 1857 5158 Palladii
1877 5104 2049 5160 inter-

451 5192 691 5262 pretem,
723 5188 772 5244 si
799 5203 933 5242 vera
965 5194 1053 5244 est
1077 5189 1402 5261 conjectura
1443 5207 1616 5263 quam
1648 5194 2045 5265 prolegomeno

447 5276 537 5353 4§
565 5277 602 5336 2
629 5282 688 5334 et
719 5276 785 5336 10
813 5277 1206 5350 expressimus.

523 5367 751 5432 Quaeres
767 5383 891 5441 quae
914 5383 982 5422 ex
1007 5367 1100 5423 his
1124 5367 1200 5424 sit
1210 5383 1484 5440 germana
1505 5369 1741 5428 Palladii
1761 5372 1998 5430 historia
2019 5374 2044 5428 7

449 5456 779 5528 Respondeo
805 5475 816 5512 :
847 5456 1192 5514 Videturilla
1209 5474 1379 5530 quam
1405 5460 1677 5518 Hervetus
1688 5461 1882 5518 edidit.
1896 5463 2045 5518 Nam

2130 4569 2562 4636 eleemosynam,
2587 4572 2645 4622 et
2658 4566 3012 4624 charitatem.
3030 4586 3053 4617 ι
3075 4565 3254 4630 Quam
3274 4563 3530 4619 eamdem
3551 4561 3730 4617 histo—

2129 4658 2274 4713 riam
2318 4657 2566 4712 invenies
2611 4656 2702 4711 hic
2748 4672 2872 4728 cap.
2921 4653 3047 4712 151.
3098 4653 3430 4726 Respondeo
3479 4651 3728 4707 inveniri

2131 4747 2357 4819 quidem
2385 4763 2511 4802 eam
2541 4763 2607 4800 eo
2639 4746 2778 4811 loco,
2813 4743 2911 4799 sed
2938 4742 3123 4798 verbis
3159 4742 3304 4808 aliis,
3343 4746 3410 4797 ut
3441 4739 3728 4814 duplicem

2128 4837 2494 4908 interpretem
2523 4836 2691 4890 liceat
2707 4848 3027 4905 agnoscere.

2199 4927 2408 4981 Verum
2438 4925 2718 4996 interpres
2743 4923 2850 4978 iste
2869 4937 2983 4978 non
3008 4920 3117 4977 fuit
3137 4921 3382 4977 Joannes
3418 4919 3722 4988 Diaconus,

2131 5017 2228 5070 sed
2257 5018 2378 5086 ejus
2407 5019 2734 5088 praeceptor,
2767 5017 2834 5068 ut
2859 5012 2978 5084 ipse
3009 5010 3158 5066 clare
3202 5007 3470 5082 exprimit
3505 5007 3604 5063 lib.
3655 5022 3721 5077 n,

2129 5121 2250 5178 cap.
2278 5103 2366 5171 45,
2395 5103 2536 5158 Vita:
2563 5101 2743 5158 sancti
2762 5099 3052 5172 Gregorii;
3081 5100 3164 5154 ait
3189 5097 3340 5154 enim
3367 5117 3380 5153 :
3414 5117 3442 5152 ι
3475 5099 3552 5154 Ex
3579 5097 3727 5153 libro

2129 5195 2223 5266 qui
2241 5210 2275 5248 a
2289 5194 2496 5248 Graecis
2513 5192 2722 5262 Λειμων
2738 5189 3002 5256 dicitur,a
3015 5188 3231 5244 Latinis
3242 5204 3373 5242 vero
3388 5187 3730 5259 intelligitur

2127 5283 2372 5356 Campus
2401 5281 2486 5336 vel
2513 5281 2765 5346 Pratum,
2783 5283 3094 5351 praeceptor
3116 5293 3276 5351 meus
3294 5276 3445 5333 inter
3469 5275 3585 5333 alia
3602 5281 3726 5335 toto

2126 5373 2260 5428 orbe
2275 5373 2394 5443 jam
2415 5369 2705 5426 diffamata
2722 5367 2996 5424 miracula
3021 5367 3426 5440 interpretatus
3452 5371 3558 5433 est,
3584 5367 3727 5424 mihi

2127 5460 2394 5528 scribens,
2430 5478 2457 5514 »
2484 5464 2596 5516 etc.
2623 5459 2809 5524 Quare
2837 5463 2988 5514 recte
3007 5457 3068 5514 in
3086 5456 3370 5530 plerisque
3381 5454 3725 5512 editionibus

453 5544 727 5612 Socrates,
750 5544 848 5601 lib.
875 5559 952 5613 Iv,
985 5562 1107 5620 cap.
1137 5544 1222 5614 18,
1255 5547 1335 5604 ait
1351 5565 1411 5605 se
1435 5551 1799 5623 supersedere
1819 5552 1916 5609 SS.
1940 5551 2045 5607 Pa-
2119 5554 2302 5618 est,e:r
2313 5550 2624 5606 Grecorum
2638 5549 3003 5604 relationibus
3021 5548 3190 5603 adma
3201 5547 3726 5617 nuper-interpreta-

445 5637 603 5690 trum
629 5633 788 5692 Vitas
813 5634 1149 5707 describere,
1185 5637 1332 5711 quod
1380 5638 1437 5696 id
1491 5640 1775 5698 Palladius
1819 5639 2043 5697 abunde
2117 5643 2188 5695 tis
2207 5659 2226 5708 ;
2255 5655 2368 5696 non
2392 5655 2429 5694 a
2457 5655 2560 5706 me,
2583 5641 2648 5695 ut
2673 5653 2788 5695 non
2807 5641 2961 5696 recte
2983 5637 3190 5696 citetur
3201 5641 3337 5696 ante
3358 5636 3594 5696 Pratum
3610 5636 3728 5710 spi-
