3958 6432
245 419 307 482 53

1474 416 2073 479 PROLEGOMENON
2108 411 2226 474 XV.

3422 418 3496 476 54

241 547 421 608 rituale
454 544 718 605 editionis
745 544 1093 605 Coloniensis
1108 547 1258 623 quod
1288 563 1355 606 ex
1369 544 1593 604 officina
1617 548 1815 605 Birck-
1835 548 1880 609 A
1900 547 2135 603 Patrum
2176 542 2517 600 testimoniis
2557 544 2646 601 usi
2691 549 2841 614 sunt,
2872 550 3077 619 praeter
3107 565 3173 605 ea
3216 566 3339 625 quae
3375 550 3493 608 suis

242 638 479 696 mannica
504 637 732 710 prodiit.

299 730 525 785 Adverte
551 727 762 783 librum
790 728 941 784 hunc
959 728 1128 784 hodie
1146 729 1206 784 in
1225 745 1383 785 ccx1x
1408 729 1594 802 capita
1613 730 1814 786 dunta-

240 823 323 874 xat
332 816 648 872 distinctum
666 817 798 888 legi,
821 833 950 871 cum
974 816 1108 872 olim
1130 817 1386 890 pluribus
1408 805 1814 884 constiterit,ut

238 912 458 963 testatur
492 906 730 962 Photius
767 906 1123 962 Bibliotheca:
1159 924 1274 962 suae
1313 907 1448 962 Cod.
1482 923 1581 963 CIC.
1617 907 1721 962 Καὶ
1751 907 1812 961 τὰ

240 1000 495 1068 διηγήματα
537 994 592 1048 δὲ
632 992 748 1067 οὐχὶ
790 993 875 1048 τὸν
913 995 1021 1050 ἴσον
1067 991 1271 1068 ἀριθμὸν
1316 993 1363 1048 ἐν
1401 999 1547 1049 πᾶσιν
1594 998 1811 1068 εὑρήσεις

236 1095 323 1148 τοῖς
357 1085 551 1156 βιϐλίοις
590 1085 933 1155 διασεσώμενα
964 1105 977 1117 ·
1008 1079 1119 1138 ἀλλ’
1166 1086 1214 1139 ἔν
1251 1105 1347 1139 τισι
1383 1086 1464 1138 καὶ
1502 1083 1567 1148 εἷς
1604 1086 1691 1139 δύο
1729 1086 1809 1139 καὶ

237 1172 595 1245 τεσσαράκοντα,
625 1174 709 1227 καὶ
739 1174 1033 1246 τριακοσίοις
1062 1175 1385 1245 διηπλωμένα
1413 1191 1426 1227 :
1460 1192 1486 1225 ς(
1514 1175 1809 1229 Narratio-

232 1279 352 1318 num
370 1262 546 1317 adhuc
566 1277 681 1317 non
697 1263 959 1318 eumdem
985 1268 1268 1318 servatum
1292 1279 1591 1319 numerum
1608 1263 1667 1319 in
1696 1281 1812 1319 om-

232 1352 377 1407 nibus
401 1350 558 1406 libris
586 1351 991 1423 deprehendas,
1015 1368 1144 1407 cum
1164 1352 1224 1406 in
1252 1351 1586 1424 quibusdam
1609 1354 1678 1408 ad
1697 1354 1809 1409 duo

232 1446 281 1496 et
318 1441 682 1512 quadraginta
732 1456 903 1513 supra
939 1445 1220 1496 trecentas
1262 1458 1383 1496 sese
1421 1443 1743 1500 extendant.
1780 1464 1803 1495 ι

230 1528 437 1582 Dixerat
462 1534 655 1583 autem
682 1528 863 1595 initio,
895 1533 1136 1599 quatuor
1162 1534 1212 1584 et
1263 1531 1516 1586 trecentis
1562 1536 1809 1586 constare

228 1620 658 1673 narrationibus.

291 1706 454 1776 Cujus
492 1707 786 1763 varietatis
823 1708 1103 1780 duplicem
1141 1707 1416 1763 rationem
1454 1708 1746 1782 subjungit
1788 1727 1800 1763 :

226 1792 374 1850 Τοῦτό
402 1815 488 1867 μεν
521 1793 661 1850 ἐνίων
684 1799 962 1868 κεφαλαίων
988 1794 1066 1851 ἐπὶ
1089 1800 1320 1869 διαιρέσει
1344 1804 1433 1851 τοῦ
1458 1794 1665 1870 ἀριθμοῦ
1688 1819 1805 1852 συν-

1899 636 2135 692 subinde
2164 634 2301 691 locis
2328 639 2619 701 notantur,
2661 636 2777 691 haec
2803 653 2952 691 nunc
2989 647 3309 697 occurrunt.

1965 727 2020 781 1.
2055 725 2361 782 Gratianus
2406 724 2464 779 in
2494 725 2703 780 decreti
2733 731 2896 797 parte
2925 725 2975 792 3,
3000 729 3128 784 dist.
3161 730 3215 796 3,
3249 732 3318 786 de
3343 732 3492 786 Con-

1896 833 2058 881 secr.,
2082 831 2202 886 cap.
2226 812 2317 879 16,
2341 812 2477 868 citat
2501 815 2755 885 quaedam
2785 831 2855 870 ex
2882 816 3045 871 dictis
3073 819 3251 873 sancti
3270 820 3494 892 Apollo-

1893 905 1995 968 nii,
2024 904 2093 959 de
2115 904 2334 975 jejunio
2368 909 2580 975 quartae
2619 910 2676 959 et
2720 909 2888 960 sextae
2915 906 3086 973 feriae,
3120 923 3243 979 quae
3271 909 3346 963 ad
3373 926 3493 967 ver-

1892 992 2027 1048 bum
2053 992 2304 1047 invenies
2332 992 2442 1059 hic,
2474 992 2571 1046 lib.
2603 1008 2665 1059 Il,
2698 994 2843 1065 apud
2880 995 3108 1061 Ruflin.,
3141 1013 3263 1067 cap.
3294 997 3347 1050 7.

1961 1079 2014 1139 2.
2048 1081 2423 1148 Burchardus,
2456 1081 2552 1135 lib.
2599 1097 2695 1136 XIX
2736 1083 3120 1152 Decretorum,
3154 1085 3250 1156 qui
3300 1090 3387 1141 est
3423 1087 3493 1142 de

1892 1170 2250 1238 Poenitentia,
2292 1170 2431 1225 citat
2459 1176 2701 1243 quatuor
2737 1172 3216 1244 apophthegmata
3260 1191 3326 1230 ex
3357 1175 3493 1231 Vitis

1895 1260 2126 1315 Patrum
2154 1275 2254 1314 seu
2282 1259 2467 1317 verbis
2503 1260 2808 1315 seniorum.
2842 1262 2988 1316 Nam
3025 1263 3175 1333 quod
3215 1264 3396 1335 capite
3426 1264 3494 1323 52

1890 1350 2079 1413 habet,
2112 1352 2476 1423 desumptum
2506 1356 2591 1405 est
2628 1366 2695 1405 ex
2734 1350 2981 1415 Ruﬂ‘mo,
3012 1350 3109 1405 lib.
3142 1367 3222 1419 111,
3255 1369 3312 1406 n.
3346 1351 3489 1418 903;

1892 1441 2040 1512 quod
2070 1441 2251 1512 capite
2284 1439 2350 1498 53
2378 1441 2740 1511 desumptum
2767 1444 2870 1506 est,
2912 1456 2978 1496 ex
3000 1441 3197 1496 eodem
3229 1441 3390 1510 libro,
3432 1458 3490 1498 n.

1891 1528 1989 1586 131
2012 1548 2025 1597 ;
2054 1531 2202 1601 quod
2228 1530 2411 1603 capite
2428 1528 2493 1585 51
2511 1534 2596 1584 est
2615 1529 2995 1600 desumptum,
3016 1546 3081 1586 ex
3102 1529 3244 1585 libro
3272 1530 3489 1599 eodem,

1890 1617 2111 1687 n.137;
2149 1620 2296 1690 quod
2326 1618 2510 1692 capite
2540 1617 2608 1674 55
2638 1618 2997 1694 desumptum
3036 1623 3138 1687 est,
3188 1635 3254 1679 ex
3295 1620 3495 1681 eodem

1888 1706 2055 1773 libro,
2087 1723 2243 1763 num.
2275 1706 2402 1763 141.

1955 1795 2010 1850 3.
2043 1796 2360 1851 Dorotheus
2402 1795 2574 1852 abbas
2608 1797 2668 1851 in
2705 1797 2975 1854 doctrinis
3016 1814 3156 1870 quas
3186 1799 3257 1854 ad
3289 1798 3494 1855 fratres

226 1883 490 1955 αυξομένου,
522 1890 668 1939 τοῦτο
697 1885 752 1939 δὲ
777 1886 857 1938 καὶ
886 1886 1206 1958 διηγημάτων
1235 1883 1360 1940 ἐστιν
1387 1889 1455 1949 ὡς
1481 1890 1755 1959 παρενθήκη
1786 1906 1792 1941 :

1886 1883 2102 1951 habuit,
2127 1885 2309 1940 multa
2339 1902 2405 1940 ex
2433 1885 2521 1940 his
2547 1884 2706 1941 libris
2735 1886 2893 1941 citat.
2924 1887 2999 1941 Ut
3027 1888 3284 1943 doctrina
3310 1890 3496 1961 prima

227 1990 251 2025 ι
273 1972 552 2044 Contingit
570 1973 627 2028 id
644 1975 731 2029 vel
758 1991 824 2029 ex
840 1975 1088 2046 capitum
1110 1976 1482 2046 quorumdam
1508 1976 1798 2044 divisione,

224 2061 297 2117 vel
323 2062 739 2119 certe‘aliorum
776 2064 1168 2135 interjectione
1211 2065 1449 2119 adaucto
1480 2081 1735 2121 numero.
1774 2085 1798 2118 »

623 2152 1118 2208 PROLEGOMEN
1121 2152 1222 2207 ON
1264 2153 1382 2207 XV.

484 2243 612 2310 Quas
636 2243 838 2296 horum
882 2243 1156 2296 librorum
1184 2245 1535 2297 auctoritas?‘

279 2329 355 2384 De
373 2331 708 2386 auctoritate
720 2332 925 2386 horum
937 2330 1209 2386 ﬁbrarum
1230 2332 1488 2386 existimo
1508 2348 1622 2386 non
1643 2333 1804 2387 facile

215 2416 573 2485 dubitaturos,
590 2420 687 2492 qui
707 2420 1102 2492 prolegomena
1120 2421 1310 2491 priora
1326 2421 1583 2491 legerint,
1602 2421 1661 2475 in
1683 2422 1802 2493 qui-

214 2505 306 2561 bus
330 2508 433 2563 viri
461 2509 683 2580 aliquot
710 2509 983 2579 religione
1012 2510 1266 2580 spectati,
1294 2510 1504 2580 pietate
1531 2510 1794 2577 illustres,

212 2595 452 2651 doctrina
466 2599 776 2670 conspicui,
799 2602 1017 2669 partem
1037 2598 1239 2652 harum
1263 2599 1517 2653 Vitarum
1548 2600 1630 2655 vel
1652 2615 1798 2654 com-

211 2701 433 2755 posuere
450 2687 584 2759 ipsi,
610 2687 696 2742 vel
718 2704 748 2742 e
776 2687 968 2743 Graeco
988 2688 1048 2742 in
1071 2688 1330 2743 Latinam
1351 2688 1600 2759 linguam
1616 2694 1798 2744 trans-

207 2772 328 2828 ferri
379 2792 669 2843 curavere,
727 2776 810 2831 uti
869 2782 1094 2831 sanctus
1148 2777 1423 2832 Martinus
1477 2778 1796 2833 Dumiensis

209 2861 393 2931 abbas;
415 2866 503 2920 vel
534 2881 733 2920 earum
752 2866 1048 2921 lectionem
1076 2866 1352 2937 religiosis
1379 2867 1495 2921 suis
1515 2884 1795 2922 commen-

206 2951 417 3017 derunt,
432 2955 518 3009 uti
550 2960 779 3009 sanctus
809 2955 1162 3021 Benedictus,
1195 2956 1559 3011 Cassiodorus
1581 2963 1637 3011 et
1656 2957 1791 3012 Gre-

202 3041 381 3110 gorius
391 3043 741 3098 Turonensis
757 3062 770 3109 ;
787 3044 872 3098 vel
884 3060 1078 3099 earum
1104 3049 1320 3115 partem
1338 3061 1439 3115 pro
1454 3046 1792 3101 authenticis

202 3130 483 3202 scripturis
491 3134 617 3203 jam
629 3151 664 3188 a
676 3133 866 3188 multis
882 3139 1031 3187 retro
1050 3132 1264 3187 saeculis
1284 3133 1489 3188 diserte
1507 3150 1787 3207 recepere,

201 3221 277 3274 uti
300 3222 553 3292 pontifex
581 3222 856 3278 Gelasius.

263 3311 488 3366 Accedit
515 3312 669 3383 quod
699 3311 951 3383 plerique
977 3328 1170 3367 omnes
1199 3316 1455 3367 auctores
1481 3316 1616 3367 nota
1642 3313 1788 3368 refe-

198 3404 339 3466 runt,
370 3417 497 3471 quae
534 3401 646 3472 ipsi
673 3400 791 3456 suis
821 3406 1213 3473 spectaverunt
1257 3402 1451 3469 oculis,
1484 3403 1569 3456 vel
1608 3419 1642 3456 a
1678 3403 1788 3458 fide

199 3486 371 3558 dignis
396 3488 644 3546 testibus
663 3490 991 3545 hauserunt.
1022 3489 1398 3562 Hieronymus
1418 3490 1587 3557 enim,
1618 3492 1788 3546 Rufﬂ-

195 3591 308 3642 nus,
339 3579 670 3647 Cassianus,
696 3578 996 3645 Palladius,
1020 3579 1420 3634 Postumianus
1444 3580 1593 3651 apud
1618 3580 1786 3636 Seve-

194 3680 331 3733 rum,
354 3667 766 3734 Theodoretus,
785 3668 1061 3734 Moschus,
1085 3667 1347 3722 l’atribus
1368 3668 1481 3722 illis
1508 3669 1594 3723 vel
1621 3669 1785 3724 annis

192 3753 393 3826 aliquot
421 3757 741 3824 convixere,
771 3757 858 3812 vel
885 3773 1083 3813 eorum
1111 3757 1234 3812 loca
1250 3757 1513 3827 religiosa
1540 3758 1786 3829 peregri-

192 3844 408 3900 natione
425 3845 714 3902 obicrunt.
1568 3896 1572 3899 -

252 3932 445 4007 [xnvn]
464 3937 495 3991 Ι
499 3952 597 3991 am
618 3951 747 3990 vero
772 3935 1137 3992 Cassiodorus
1154 3934 1324 3990 divin.
1338 3935 1523 3991 Instit.
1543 3952 1664 4008 cap.
1690 3934 1777 4003 3‘2,

193 4023 328 4092 quod
357 4025 865 4081 commonitionem
894 4026 1146 4080 continet
1175 4024 1393 4080 abbatis
1422 4025 1782 4080 Chalcedonii

187 4114 239 4164 et
255 4111 535 4181 Gerontii,
551 4114 1115 4186 congregationisque
1138 4115 1561 4180 monachorum,
1579 4115 1784 4169 excitat

186 4201 351 4256 eosad
370 4202 709 4274 diligentem
723 4204 1020 4259 lectionem
1032 4203 1289 4258 Vitarum
1310 4204 1541 4259 Patrum
1562 4226 1573 4261 :
1596 4224 1618 4255 ι
1637 4204 1784 4268 Qua-

183 4295 422 4362 propter,
457 4293 671 4364 inquit,
702 4292 1088 4349 desideranter
1114 4292 1343 4347 introite
1369 4291 1638 4364 mysteria
1668 4293 1781 4349 Do-

183 4378 331 4444 mini,
370 4387 440 4437 ut
486 4381 857 4453 sequentibus
901 4382 1012 4436 iter
1052 4381 1302 4437 indicare
1346 4383 1591 4454 possitis,
1649 4383 1809 4453 quia-

181 4482 390 4540 magnae
434 4472 794 4527 verecundiae
822 4471 1042 4543 pondus
1067 4477 1157 4526 est
1182 4470 1389 4527 habere
1423 4472 1568 4542 quod
1601 4472 1773 4542 legas,

1885 1974 2023 2028 citat
2058 1974 2313 2046 quaedam
2344 1991 2467 2046 quae
2494 1974 2778 2032 habentur
2805 1974 2902 2029 lib.
2924 1990 2988 2030 III
3014 1976 3245 2041 Rufﬁni,
3280 1993 3337 2032 n.
3367 1976 3487 2044 144,

1885 2067 1943 2117 et
1971 2063 2183 2133 Pelagii
2210 2063 2399 2119 libello
2429 2078 2538 2128 XIV,
2575 2081 2631 2120 n.
2670 2064 2754 2119 16.
2788 2064 3055 2119 Doctrina
3081 2065 3328 2120 secunda
3355 2067 3491 2124 citat

1887 2153 2036 2223 quod
2063 2152 2305 2207 habetur
2322 2154 2472 2224 apud
2501 2154 2761 2208 eumdem
2778 2153 3086 2218 Rufﬁnum,
3105 2153 3247 2209 libro
3269 2155 3489 2223 eodem,

1885 2257 1943 2298 n.
1970 2239 2086 2308 129,
2110 2247 2168 2296 et
2186 2242 2494 2313 Pelagium,
2516 2242 2704 2298 libello
2728 2260 2812 2309 xv,
2836 2259 2893 2298 n.
2922 2241 2973 2299 3.
3006 2244 3272 2298 Doctrina
3293 2244 3492 2315 quinta

1885 2327 2023 2383 citat
2054 2330 2202 2401 quod
2231 2330 2488 2396 habetur,
2523 2332 2673 2403 apud
2702 2332 2962 2387 eumdem
2993 2331 3304 2397 Ruffinum,
3346 2333 3488 2391 libro

1886 2417 2103 2484 eodem,
2136 2435 2175 2473 n
2234 2414 2321 2485 61,
2356 2425 2413 2473 et
2433 2420 2742 2491 Pelagium,
2767 2420 2955 2475 libello
2983 2435 3131 2481 xvm,
3154 2438 3310 2476 num.
3344 2422 3396 2489 9,
3431 2427 3490 2478 et

1884 2504 2264 2573 Paschasium,
2291 2524 2413 2579 cap.
2446 2506 2494 2574 1,
2528 2524 2583 2564 n.
2611 2507 2664 2564 8.
2698 2509 2914 2563 Ibidem
2934 2509 3071 2564 citat
3098 2511 3167 2564 de
3190 2511 3486 2581 Agathone

1882 2595 2230 2665 quod‘habet
2257 2597 2517 2652 Bullinus
2546 2597 2640 2652 lib.
2674 2612 2833 2664 111,11.
2864 2597 2979 2664 161,
3015 2604 3073 2654 et
3102 2600 3379 2671 Pelagius,
3412 2600 3483 2653 li-

1880 2682 2023 2738 bello
2053 2699 2115 2746 II,
2145 2702 2301 2740 num.
2333 2685 2387 2743 2.
2424 2687 2689 2742 Doctrina
2717 2693 2874 2741 sexta
2901 2688 3039 2742 citat
3066 2689 3214 2760 quod
3244 2688 3486 2744 habetur

1877 2774 2026 2843 apud
2041 2774 2303 2829 eumdem
2319 2775 2628 2840 Rufﬁnum,
2652 2775 2751 2829 lib.
2775 2791 2858 2843 III,
2875 2792 2931 2831 n.
2961 2775 3073 2841 137,
3093 2783 3150 2831 et
3171 2777 3479 2849 Pelagium,

1880 2863 2064 2918 libello
2097 2879 2170 2929 Ix,
2222 2880 2279 2918 n.
2322 2863 2373 2918 3.
2408 2864 2677 2920 Doctrina
2707 2866 2950 2937 septima
2978 2865 3206 2921 adducit
3242 2868 3298 2921 id
3331 2871 3481 2939 quod

1875 2952 2047 3008 habet
2076 2952 2331 3007 Rufﬂnus
2361 2954 2503 3009 libro
2542 2968 2625 3021 III,
2660 2971 2717 3008 n.
2761 2955 2847 3023 51,
2885 2956 3141 3027 Pelagius
3184 2956 3373 3011 libello
3403 2972 3475 3027 Iv,

1873 3061 2030 3099 num.
2063 3042 2150 3100 59.
2174 3030 2283 3100 Sed
2305 3049 2362 3099 et
2389 3046 2538 3117 apud
2560 3045 2824 3101 eumdem
2850 3045 3197 3101 Dorotheum
3224 3048 3478 3121 aliosque

1872 3134 2036 3204 plura
2053 3134 2176 3189 loca
2195 3150 2262 3188 ex
2289 3133 2376 3188 his
2404 3133 2562 3189 libris
2586 3134 2883 3205 desumpta
2921 3152 3043 3189 esse
3072 3140 3269 3191 notare
3297 3143 3401 3192 est.

1811 3232 1855 3293 ο
1945 3223 2107 3277 Dices
2121 3222 2302 3294 primo
2323 3240 2335 3275 :
2358 3222 2610 3279 Gelasius
2630 3239 2794 3295 papa,
2819 3241 2992 3294 supra
3006 3225 3401 3296 prolegomeno
3419 3227 3471 3292 1,

1871 3328 1966 3366 eas
1984 3316 2207 3366 tantum
2223 3312 2381 3366 Vitas
2392 3311 2759 3366 eremitarum
2770 3328 2896 3366 cum
2914 3313 3290 3369 omnihonore
3300 3315 3475 3368 susci-

1869 3399 2116 3472 pit,quas
2128 3399 2555 3471 scripsitbeatus
2569 3399 2944 3472 Hieronymus
2957 3401 3266 3473 [xnvm[;at
3279 3404 3469 3458 multae

1869 3489 1991 3543 alia;
2020 3489 2106 3544 his
2128 3489 2395 3544 immixtae
2415 3493 2566 3556 sunt,
2593 3506 2833 3562 quarum
2851 3495 3071 3544 constat
3089 3489 3321 3545 beatum
3342 3492 3470 3547 Hie-

1867 3595 2168 3650 ronymum
2186 3595 2299 3634 non
2327 3595 2448 3634 esse
2477 3584 2781 3634 auctorem.
2805 3579 3156 3650 Respondeo,
3187 3597 3317 3635 eum
3347 3581 3471 3653 qui-

1866 3667 1994 3722 dem
2021 3668 2228 3724 diserte
2256 3669 2507 3740 recipere
2536 3668 2690 3723 Vitas
2712 3685 2748 3723 a
2770 3668 2935 3723 beato
2964 3669 3307 3740 Hieronymo
3328 3687 3463 3724 con-

1865 3757 2120 3828 scriptas,
2162 3757 2261 3811 sed
2302 3773 2417 3811 non
2468 3757 2595 3813 ideo
2640 3758 2873 3829 rejicere
2920 3757 3077 3811 alias.
3123 3759 3242 3813 Imo
3289 3758 3467 3813 videri

1862 3845 2040 3916 possit
2052 3846 2306 3901 Gelasius
2322 3845 2669 3901 existimasse
2686 3847 3091 3919 Hieronymum
3108 3847 3297 3918 plures
3308 3846 3465 3901 Vitas

1862 3935 2170 4006 scripsisse,
2201 3940 2577 4007 praeterquam
2616 3935 2796 4001 Pauli,
2841 3935 3090 4002 Antonii,
3137 3936 3457 4002 Hilarionis,

1864 4040 2105 4094 quarum
2126 4024 2332 4079 diserte
2362 4024 2635 4089 meminit,
2659 4041 2909 4096 quasque
2930 4025 3164 4097 suscipit
3191 4031 3463 4097 tanquam

1864 4114 2215 4169 authenticas
2243 4114 2479 4187 scriptas
2499 4131 2534 4168 ιι
2557 4114 2720 4169 beato
2751 4113 3113 4186 Hieronymo.
3145 4116 3291 4170 Nam
3332 4132 3463 4171 cum

1863 4202 2048 4257 addit:
2069 4204 2399 4258 Etomnium
2413 4207 2798 4270 eremitarum,
2818 4204 2967 4259 hunc
2980 4204 3187 4260 librum
3205 4205 3463 4260 Vitarum

1862 4292 2095 4346 Patrum
2122 4293 2399 4364 respicere
2422 4292 2644 4348 videtur
2672 4293 2768 4365 qui
2818 4293 3139 4366 Hieronymi
3179 4310 3300 4348 esse
3339 4294 3463 4364 jam

1860 4386 1995 4436 tunc
2018 4382 2182 4452 vulgo
2210 4381 2512 4437 ferebatur.
2547 4382 2707 4447 Quod
2725 4381 2979 4452 intelligo
3009 4382 3251 4437 maxime
3274 4383 3344 4437 de
3373 4400 3462 4437 se-

1861 4470 2041 4525 cundo
2060 4471 2224 4534 libro.
2240 4488 2405 4543 quem
2428 4471 2600 4526 etiam
2625 4472 2774 4543 apud
2784 4471 3005 4526 Graecos
3025 4472 3463 4543 Hieronymino-

182 4560 232 4608 et
253 4556 525 4627 ignorare
550 4561 702 4632 quod
722 4561 942 4616 doceas.
959 4561 1030 4616 Et
1051 4561 1178 4616 ideo
1188 4561 1389 4616 futurae
1412 4560 1779 4616 beatitudinis
1797 4554 2008 4615 Dmine
2022 4560 2388 4626 circumferri,
2391 4562 2511 4632 jam
2523 4577 2693 4632 supra
2704 4561 2895 4615 monui
2909 4561 3304 4631 prolegomeno
3318 4559 3458 4632 i,§8.

180 4660 471 4715 memores,
502 4650 656 4705 Vitas
683 4649 935 4717 Patrum,
958 4650 1335 4706 confessiones
1364 4650 1634 4716 ﬁdelium,
1656 4667 1779 4722 pas-

179 4735 353 4793 siones
382 4744 711 4813 martyrum
739 4740 909 4811 legite
937 4745 1276 4795 constanter.
1304 4758 1330 4793 »

241 4825 549 4885 Enimvero
581 4845 711 4885 cum
739 4846 805 4884 ex
842 4829 1050 4886 Graecis
1079 4829 1325 4885 fontibus
1368 4829 1637 4902 pleraque
1665 4829 1779 4884 sint

178 4912 390 4981 hausta,
404 4918 521 4973 etsi
543 4933 661 4973 non
681 4919 911 4974 omnino
936 4924 1157 4974 constet
1174 4920 1244 4974 de
1264 4919 1639 4990 quorumdam
1661 4918 1779 4973 fon-

178 5000 308 5060 tium
336 5006 590 5079 origine,
622 5007 718 5079 qui
756 5023 851 5063 eos
877 5013 1069 5063 tamen
1096 5007 1155 5062 in
1186 5007 1413 5062 Latinos
1448 5008 1638 5062 alveos
1678 5006 1779 5062 de-

179 5091 395 5161 duxere,
424 5096 596 5151 fuere
622 5095 727 5150 viri
761 5112 977 5167 graves,
1012 5101 1070 5151 et
1096 5096 1466 5152 ecclesiastica
1501 5095 1780 5167 fulgentes

182 5180 468 5254 dignitate,
495 5201 530 5240 e
547 5184 812 5240 cardineo
827 5186 1061 5241 Patrum
1082 5186 1279 5241 ordine
1298 5186 1518 5241 diaconi
1538 5186 1669 5251 duo,
1682 5187 1782 5241 Pe-

182 5270 350 5342 lagius
370 5278 433 5329 et
451 5274 816 5341 Paschasius,
833 5291 980 5331 unus
1000 5276 1243 5331 Joannes
1264 5274 1655 5330 subdiaconus.
1674 5275 1782 5340 Qui

184 5374 299 5416 cum
326 5364 548 5420 versati
577 5362 790 5420 fuerint
812 5364 871 5419 in
899 5365 1072 5421 oculis
1100 5364 1398 5438 pontificis,
1429 5365 1586 5436 cujus
1615 5364 1784 5419 unius

186 5456 262 5505 est
286 5453 357 5509 de
380 5453 645 5509 fontibus
671 5439 832 5526 aquae
851 5454 1004 5519 vivae,
1036 5459 1093 5510 et
1118 5454 1188 5511 de
1216 5454 1472 5511 cisternis
1500 5470 1624 5527 quae
1650 5470 1784 5510 con-

185 5539 354 5598 tinere
381 5559 504 5599 non
541 5544 733 5599 valent
758 5559 935 5617 aquas
965 5546 1183 5613 (larem.
1213 5544 1293 5616 ιι),
1316 5544 1463 5599 ferre
1482 5543 1779 5616 judicium,

188 5643 285 5686 non
300 5633 463 5690 video
473 5632 620 5705 quid
631 5634 701 5688 de
713 5649 910 5689 eorum
920 5633 1294 5706 germanitate
1304 5635 1379 5689 sit
1387 5633 1760 5689 dubitandum
1770 5674 1783 5689 .

248 5720 406 5786 Quod
431 5723 483 5780 si
514 5722 661 5781 alios
685 5723 837 5792 viros
853 5739 1054 5797 graves
1081 5723 1383 5791 desideres,
1406 5723 1502 5795 qui
1529 5722 1788 5780 Vitarum

1932 4650 2047 4703 Nec
2075 4650 2284 4704 mirum
2310 4650 2457 4721 quod
2489 4648 2746 4703 Gelasius
2774 4648 3152 4703 secundilibri
3172 4654 3461 4705 auctorem

1860 4738 2258 4794 existimaverit
2280 4744 2536 4794 sanctum
2557 4737 2962 4810 Hieronymum
2984 4737 3132 4807 (licet
3145 4737 3290 4793 alius
3312 4755 3462 4794 nunc

1859 4828 1981 4898 ejus
2010 4832 2205 4882 auctor
2226 4829 2315 4882 vel
2339 4828 2461 4900 ipso
2490 4832 2795 4882 attestante
2830 4827 3166 4900 Hieronymo
3196 4844 3463 4899 agnosca-

1858 4917 1977 4988 tur)
2004 4934 2131 4972 cum
2162 4916 2334 4972 etiam
2362 4917 2503 4973 Vita:
2525 4918 2705 4972 sancti
2721 4917 2953 4972 Antonii
2979 4922 3269 4974 auctorem
3293 4918 3464 4974 faciat

1859 5012 2114 5061 sanctum
2145 5007 2570 5079 Hieronymum,
2604 5023 2773 5079 quam
2803 5012 2992 5063 tamen
3033 5006 3104 5063 ab
3150 5008 3462 5063 Athanasio

1862 5097 2051 5151 Graece
2080 5097 2473 5168 conscriptam,
2505 5095 2575 5151 ab
2606 5097 2843 5167 Evagrio
2864 5097 3217 5152 Antiocheno
3246 5096 3464 5152 Latini-

1862 5185 1968 5240 tati
2004 5185 2270 5240 donatam
2299 5187 2463 5241 certo’
2494 5203 2643 5242 nunc
2672 5191 2911 5242 constat.
2947 5186 3090 5242 Vide
3127 5184 3463 5241 dicenda'ad

1863 5274 2052 5329 Vitam
2080 5274 2259 5330 sancti
2281 5275 2512 5331 Antonii
2538 5276 2597 5331 in
2612 5275 2918 5349 praeludiis,
2948 5280 3065 5331 not.

1935 5364 2097 5420 Dices
2127 5366 2370 5421 secundo
2400 5371 2597 5421 contra
2632 5366 3026 5421 auctoritatem
3055 5363 3185 5418 libri
3231 5362 3461 5419 secundi

1865 5458 2095 5510 auctore
2124 5454 2348 5510 Rufﬁno
2379 5474 2393 5510 :
2426 5455 2633 5511 Beatus
2674 5454 3067 5527 Hieronymus,
3114 5452 3353 5524 epistola
3393 5452 3465 5506 ad

1869 5543 2292 5616 Ctesiphontem
2320 5549 2517 5600 contra
2544 5544 2893 5615 Pelagianos,
2924 5542 3171 5614 graviter
3199 5542 3257 5597 in
3288 5541 3467 5597 Rufﬁ-

1869 5649 2005 5688 num
2024 5633 2331 5701 invehitur,
2354 5634 2503 5707 quod
2522 5633 2871 5705 Origenistas
2889 5631 3163 5704 quosdam
3182 5630 3327 5685 Vitis
3348 5630 3470 5685 istis

1868 5722 2190 5791 inseruerit,
2210 5724 2584 5796 quem=locum
2604 5738 2931 5795 expressum
2950 5720 3124 5781 habes
3140 5736 3331 5794 supra,
3346 5735 3473 5792 pro-
