3958 6402
451 344 522 402 55

1349 347 1428 402 ΙΝ
1465 349 1676 405 VITAS
1713 350 2011 407 PATRUM
2049 352 2590 409 PROLEGOMENA
2626 351 2822 408 XXVI.

3637 340 3713 398 56

450 469 744 542 legomeno
785 467 839 536 4,
884 467 912 541 §
953 469 1035 526 10.
1069 469 1411 540 Theophilus
1439 485 1660 540 quoque
1690 471 1938 527 scribens
1975 473 2045 528 ad

2131 470 2373 546 ἐπωνύμῳ
2400 473 2627 544 ἐκκλησίᾳ
2661 494 2673 507 ο
2719 472 3006 544 Ἀμμώνιος
3043 470 3098 524 δὲ
3135 470 3346 546 ἔναγχος
3380 472 3468 534 τῆς
3505 465 3713 521 συνόδου

451 556 849 629 Epiphanium,
883 557 1018 610 dum
1060 557 1315 611 Ecclesiae
1344 558 1605 628 praesidet
1627 560 2036 628 Alexandrinae,

445 643 508 702 in
538 645 771 718 epistola
799 643 866 700 67
885 646 1032 717 apud
1066 646 1468 718 Hieronymum
1505 647 1796 716 gloriatur,
1834 671 1856 701 ε
1893 651 2040 720 quod

447 735 694 790 Ecclesia
711 733 919 788 Christi
945 735 1295 805 egredientes
1321 737 1389 790 de
1418 739 1666 790 cavernis
1686 738 1803 792 suis
1841 739 2038 808 Orige-

447 824 536 879 nis
566 821 821 878 colubros
841 823 1166 894 Evangelico
1187 841 1318 878 ense
1339 825 1636 892 truncavit,
1659 832 1716 881 et
1734 829 2040 882 secundum

445 911 642 968 Nitriae
666 913 1073 967 monachorum
1107 930 1310 983 agmen
1329 915 1659 984 contagione
1682 917 1946 987 pestifera
1981 918 2044 970 li-

446 1000 683 1056 beravit.
710 1018 734 1051 ι
768 1001 838 1054 Et
857 1000 1004 1055 infra
1039 1019 1051 1054 :
1083 1021 1105 1052 ε
1139 1002 1337 1069 Didici,
1372 1004 1470 1069 ait,
1506 1003 1652 1074 quod
1680 1006 2043 1060 calumniato-

443 1105 536 1144 res
564 1105 709 1144 verte
742 1089 872 1144 ﬁdei
900 1089 1253 1154 Ammonius,
1295 1092 1583 1155 Eusebius,
1617 1099 1673 1146 et
1704 1094 2037 1165 Euthymius

442 1193 588 1232 novo
608 1194 710 1249 pro
728 1177 927 1232 haeresi
947 1179 1133 1233 furore
1149 1178 1481 1234 bacchantes
1497 1181 2038 1254 Constantinopolim

444 1265 782 1336 navigarint.
817 1283 844 1319 ι
875 1267 956 1321 De
985 1284 1097 1339 qua
1123 1284 1186 1324 re
1225 1275 1440 1324 certum
1477 1270 1608 1324 facit
1633 1270 2036 1336 Hieronymum

446 1354 792 1427 Epiphanius
819 1355 1056 1428 epistola
1083 1355 1171 1421 73,
1203 1363 1260 1412 et
1285 1357 1626 1430 Theophilus
1653 1359 1772 1430 ipse
1799 1360 2036 1414 Alexan-

445 1444 646 1499 drinus
669 1444 906 1516 epistola
926 1444 992 1501 69
1023 1449 1080 1500 et
1115 1443 1186 1500 72
1209 1463 1222 1514 ;
1254 1445 1482 1518 ipseque
1510 1464 1610 1519 pro
1641 1465 1700 1502 re
1721 1453 1839 1502 tam
1861 1449 2037 1502 fclici-

445 1537 538 1588 ter
559 1533 811 1588 confecta
835 1534 1144 1605 TheOphilo
1157 1535 1475 1605 gratulatur
1489 1533 1736 1606 epistolis
1765 1536 1850 1601 70,
1869 1538 1896 1590 7
1913 1535 1952 1592 l.
1971 1538 2040 1591 Et

445 1621 684 1694 epistola
695 1621 756 1677 61
771 1662 785 1688 ,
805 1622 877 1676 ad
898 1623 1320 1678 Pammachium
1351 1625 1612 1678 adversus
1633 1641 1850 1678 errores
1865 1627 2038 1679 Joan-

444 1710 534 1766 nis
563 1711 1038 1779 Jerosolymitani,
1078 1728 1250 1784 prope
1284 1713 1473 1779 ﬁnem,
1507 1729 1682 1783 agens
1713 1713 1782 1767 de
1806 1714 2038 1767 Joannis

2125 566 2633 634 παρασκευαζομένης,
2678 559 2974 633 ἐμαλακίσθη
3015 557 3072 612 τὸ
3108 565 3258 630 σῶμα
3289 578 3302 591 ·
3333 557 3619 629 περαιωθείς
3659 554 3716 608 δὲ

2127 647 2190 712 εἰς
2222 652 2371 721 Δρῦν,
2404 653 2756 723 χαλεπώτερον
2796 647 2890 704 ὖπό
2937 655 3022 716 τῆς
3059 647 3203 701 νόσου
3242 648 3448 713 διετέθη,
3487 645 3568 697 καὶ
3607 643 3714 715 μετ’

2125 736 2180 790 οὐ
2210 739 2334 792 πολὺ
2374 741 2574 809 τελευτᾷ
2603 737 2685 792 τὸν
2717 741 2841 809 βίον,
2879 739 2960 790 καὶ
3002 734 3123 808 πρὸς
3157 742 3256 789 τῶν
3294 735 3516 802 πλησίων
3557 753 3717 805 μονα-

2124 834 2253 899 χῶν,
2285 829 2396 881 ἔνθα
2422 829 2479 894 δὴ
2503 838 2672 891 κεῖται,
2699 829 2931 899 λαμπρᾶς
2956 825 3138 894 ἠξιώθη
3162 830 3334 896 ταφῆς.
3351 823 3418 878 ⁸0
3445 822 3499 876 δὲ
3524 821 3716 892 Θεόφι-

2123 916 2209 978 λος
2248 918 2315 978 ὡς
2355 914 2572 976 ἐπύθετο,
2614 918 2805 987 λέγεται
2841 917 3076 986 δακρύσαι
3113 914 3193 967 καὶ
3233 910 3298 974 εἷς
3328 912 3512 974 πάντας
3541 908 3713 974 εἰπεῖν,

2124 1007 2191 1066 ὡς
2218 1002 2371 1067 οὐδεὶς
2402 1005 2472 1072 εἴη
2500 1012 2599 1058 τῶν
2627 1005 2734 1057 κατ’
2766 1001 2910 1057 αὐτὸν
2940 999 3163 1076 μοναχός
3188 991 3290 1064 οἷος
3329 999 3639 1070 Ἀμμώνιος,
3675 995 3716 1051 εἰ

2121 1093 2199 1144 καὶ
2232 1090 2363 1164 αὐτῷ
2386 1100 2608 1165 ταραχῆς
2640 1093 2790 1154 αἴτιος
2822 1090 3008 1162 ἐγένετο
3042 1108 3055 1144 τ
3092 1111 3114 1142 ε
3146 1091 3264 1145 Hoc
3285 1090 3405 1144 loco
3432 1086 3717 1159 Theophi-

2119 1180 2206 1234 lus
2236 1197 2350 1236 una
2380 1198 2505 1234 cum
2533 1180 2748 1235 caeteris
2777 1179 3048 1251 episc0pis
3069 1177 3426 1242 conveniens,
3459 1177 3528 1230 de
3556 1174 3716 1229 libris

2121 1269 2379 1339 Origenis
2409 1270 2620 1324 nullam
2642 1269 2869 1340 quidem
2899 1269 3239 1324 mentionem
3268 1266 3425 1334 fecit;
3452 1265 3550 1320 sed
3581 1265 3717 1320 Sce-

2118 1365 2306 1413 tenses
2363 1360 2500 1414 istos
2551 1360 2852 1414 monachos
2893 1358 2965 1412 ad
3007 1356 3398 1429 pmnitentiam
3435 1354 3712 1421 invitavit,

2118 1448 2396 1519 pollicitus
2426 1466 2484 1502 se
2515 1466 2696 1520 neque
2725 1447 2945 1519 injuriae
2973 1451 3212 1517 acceptae
3239 1445 3358 1500 fore
3381 1459 3713 1510 memorem,

2119 1553 2302 1607 neque
2321 1537 2454 1590 mali
2478 1537 2607 1608 quid
2617 1553 2782 1608 quam
2797 1553 2918 1590 esse
2937 1535 3234 1590 facturum.
3251 1535 3390 1589 Cum
3414 1531 3719 1604 igitursuis

2119 1625 2454 1680 clamoribus
2484 1626 2607 1679 illos
2633 1630 2900 1696 urgerent
2916 1624 3162 1680 fautores
3195 1622 3508 1694 Theophili,
3537 1626 3602 1675 ut
3628 1637 3722 1674 ve-

2119 1714 2272 1768 niam
2296 1719 2568 1786 peterent,
2603 1719 2659 1768 et
2688 1714 2916 1768 interim
2937 1712 3272 1768 simularent
3307 1710 3585 1783 synodum
3616 1725 3720 1781 pro

449 1799 708 1872 epistola:
743 1819 766 1851 (
793 1800 924 1867 Iste,
949 1801 1048 1866 ait,
1071 1801 1338 1866 Isidorus,
1367 1801 1461 1872 qui
1482 1802 1539 1855 in
1570 1802 1768 1856 coelum
1793 1802 1904 1856 tuis
1925 1803 2038 1856 lau—
2054 1790 2102 1850 Β
2118 1801 2256 1872 ipsis
2273 1802 2605 1874 supplicare,
2631 1802 2889 1856 monachi
2907 1799 3238 1874 perturbati,
3253 1808 3422 1870 atque
3435 1798 3541 1852 hoc
3553 1797 3723 1868 plane

445 1888 610 1944 dibus
629 1888 864 1954 tollitur,
879 1887 1122 1960 idipsum
1152 1889 1456 1945 infamatur
1484 1891 1853 1957 Alexandria,
1889 1893 2038 1962 quod
2121 1889 2245 1944 ﬁeri
2279 1897 2536 1961 oportere
2564 1890 2692 1956 rati,
2726 1890 2920 1945 multis
2957 1888 3229 1961 episcopis
3271 1885 3718 1958 praesidentibus,

443 1982 508 2033 tu
528 1977 908 2048 Jerosolymis.
940 1977 1114 2050 Atqui
1140 1983 1383 2049 quatuor
1409 1979 1467 2034 hi
1497 1979 1847 2045 Ammonius,
1874 1981 2041 2034 Euse-
2121 1978 2260 2032 illud
2281 1979 2507 2044 scilicet,
2532 1980 2679 2050 quod
2699 1979 2834 2050 ipsis
2855 1979 3041 2034 dicere
3068 1979 3316 2032 solemne
3335 1982 3458 2031 est:
3486 1975 3725 2030 Etiamsi

442 2064 587 2130 bius,
608 2066 961 2138 Euthymius,
993 2071 1050 2121 et
1078 2066 1326 2122 Isidorus
1359 2067 1464 2122 hoc
1490 2067 1630 2121 libro
1658 2076 1974 2122 occurrunt.
2014 2089 2036 2120 ι
2125 2065 2391 2136 injuriam
2427 2067 2739 2132 fecerimus,
2775 2069 3021 2138 ignosce,
3067 2067 3388 2138 inquiunt'.
3411 2063 3726 2134 Theophilo

511 2153 844 2226 Respondeo
873 2171 999 2210 eam
1028 2155 1370 2226 partem,ubi
1387 2155 1732 2224 Origenistas
1749 2157 1873 2210 illos
1899 2157 2046 2211 indi-

445 2243 530 2300 cio
563 2243 712 2297 beati
752 2243 1072 2315 Hieronymi
1107 2243 1452 2314 detegemus,
1508 2244 1800 2299 minimam
1843 2246 2044 2300 harum

445 2332 703 2386 Vitarum
730 2348 870 2386 esse.
885 2331 954 2387 Et
975 2333 1264 2404 potuerint
1287 2333 1456 2387 iidem
1477 2339 1629 2388 certo
1647 2339 1901 2405 tempore
1919 2334 2040 2389 Oris

443 2420 604 2494 genis
633 2437 822 2476 errore
849 2421 1020 2476 fuisse
1054 2421 1260 2485 infecti,
1295 2429 1422 2493 post
1450 2427 1638 2476 tamen
1687 2423 1991 2494 resipuisse
2023 2441 2034 2476 :

443 2509 688 2565 maxime
713 2525 842 2564 cum
877 2526 1074 2564 eorum
1119 2510 1350 2582 quidam
1377 2511 1436 2564 in
1461 2509 1782 2566 Graecorum
1812 2512 2040 2566 Menaeis

445 2602 829 2670 compareant,
858 2602 916 2653 et
943 2596 1013 2652 ab
1043 2597 1170 2652 aliis
1194 2598 1327 2652 viris
1349 2599 1557 2654 sanctis
1573 2599 1786 2654 fuerint
1810 2600 2042 2654 laudati.

518 2685 792 2757 Equidem
815 2685 875 2741 in
893 2685 1084 2741 libello
1103 2685 1310 2752 Acacii,
1326 2687 1476 2759 apud
1488 2687 1752 2743 Photium
1767 2689 1904 2743 Cod.
1929 2688 2042 2753 150,

448 2775 716 2832 adversus
743 2775 913 2846 [xLIx]
939 2775 1403 2847 Chrysostomum
1432 2776 1646 2848 synodo
1666 2776 1737 2831 ad
1767 2777 2046 2842 Quercum

447 2863 654 2920 habitae
682 2863 890 2929 oblato,
921 2864 1230 2919 secundum
1259 2863 1409 2920 hunc
1437 2864 1738 2921 articulum
1779 2865 2000 2920 invenio
2028 2884 2040 2919 :

452 2971 483 3008 α
513 2953 674 3020 Quod
702 2952 902 3008 beatus
927 2952 1270 3024 Epiphanius
1285 2959 1516 3025 propter
1546 2954 1897 3025 Origenistas
1913 2956 2046 3009 Am-

450 3042 726 3106 monium,
745 3041 1110 3114 Euthymium
1135 3043 1262 3111 (non
1287 3042 1395 3096 rite
1417 3042 1566 3114 apud
1585 3043 1908 3109 Baronium,
1931 3059 2050 3097 ver-

2127 2155 2302 2224 igitur
2325 2155 2449 2209 illos
2470 2162 2725 2227 prompte
2748 2157 2806 2212 in
2825 2157 3066 2227 gratiam
3095 2155 3264 2210 simul
3291 2159 3348 2209 et
3375 2154 3434 2208 in
3460 2169 3729 2207 commu-

2127 2243 2354 2297 nionem
2376 2245 2897 2316 recipiente,soluta
2922 2251 3008 2299 est
3026 2243 3292 2315 cognitio,
3313 2259 3438 2314 quae
3457 2241 3729 2296 adversus

2128 2331 2418 2386 Scetenscs
2438 2333 2574 2387 istos
2594 2333 2856 2388 instituta
2881 2333 3096 2398 fuerat;
3115 2332 3264 2404 quod
3284 2331 3486 2402 opinor
3503 2346 3620 2384 non
3645 2329 3731 2384 ita

2120 2421 2497 2486 successisset,
2529 2422 2577 2475 si
2621 2438 2735 2475 una
2761 2438 2887 2476 cum
2915 2421 3146 2492 reliquis
3172 2419 3459 2474 monachis
3494 2419 3729 2474 Diosco-

2121 2525 2221 2563 rus
2266 2515 2323 2562 et
2349 2510 2680 2564 Ammonius
2717 2509 3046 2564 adfuissent.
3093 2510 3239 2564 Nam
3270 2509 3579 2563 Dioscorus
3601 2508 3729 2578 jam

2127 2603 2291 2651 antea
2323 2604 2598 2663 mortuus,
2625 2599 2682 2652 in
2705 2599 2913 2670 templo
2944 2598 3106 2653 Mocii
3139 2597 3405 2669 martyris
3434 2602 3521 2651 est
3543 2595 3733 2668 sepul-

2127 2690 2238 2740 tus.
2273 2687 2601 2740 Ammonius
2633 2692 2821 2741 autem
2847 2687 3014 2741 modo
3033 2703 3160 2740 cum
3178 2686 3426 2757 synodus
3455 2701 3730 2740 convoca-

2128 2779 2306 2842 retur,
2339 2791 2568 2846 corpore
2598 2776 2865 2846 languere
2894 2775 3063 2846 coepit
3087 2793 3098 2828 :
3133 2775 3210 2847 [ι]
3241 2779 3298 2828 et
3326 2779 3625 2846 postquam
3655 2774 3732 2829 ad

2129 2863 2410 2926 Quercum
2437 2864 2768 2934 trajecisset,
2801 2863 2995 2919 morbo
3021 2863 3248 2934 gravius
3276 2868 3570 2933 correptus
3595 2862 3728 2928 fuit,

2129 2967 2193 3006 ac
2236 2968 2348 3006 non
2378 2952 2554 3006 multo
2599 2958 2726 3023 post
2766 2952 2946 3008 ﬁnivit
2986 2951 3178 3017 vitam,
3213 2956 3272 3006 et
3316 2951 3466 3023 apud
3509 2950 3726 3006 vicinos

2129 3041 2454 3109 monachos,
2479 3041 2573 3095 ubi
2602 3041 2773 3096 etiam
2789 3042 2961 3113 jacet,
2989 3039 3341 3112 splendidam
3369 3039 3725 3111 sepulturam

449 3135 606 3187 tante
635 3131 900 3186 Federico
939 3130 1128 3197 Matio,
1162 3147 1229 3185 ex
1256 3136 1542 3203 corrupto,
1572 3137 1638 3187 ut
1663 3138 1916 3204 apparet,
1948 3148 2040 3186 co-
2065 3139 2111 3201 ο
2131 3129 2362 3184 sortitus
2383 3129 2507 3184 fuit.
2529 3129 2870 3202 Theophilus
2889 3129 3118 3185 tandem
3140 3127 3236 3184 ubi
3257 3129 3314 3183 id
3336 3128 3726 3194 intellexisset,

449 3215 590 3282 dice,
621 3215 997 3288 Eutychium),
1016 3214 1340 3284 Eusebium,
1365 3222 1422 3271 et
1443 3215 1812 3283 Heraclidem,
1839 3222 1896 3272 et
1915 3217 2043 3271 Pal-

448 3305 662 3361 ladium
720 3304 904 3360 noluit
946 3320 1075 3360 cum
1113 3305 1514 3378 Chrysostomo
1546 3306 1978 3361 communicare.
2017 3328 2039 3353 ιι

449 3393 710 3451 Meminit
735 3399 926 3449 autem
964 3393 1340 3466 Hieronymus
1370 3395 1609 3466 epistola
1637 3395 1735 3450 illa
1771 3394 1841 3448 ad
1865 3393 2045 3450 Ctesi-

450 3484 721 3556 phontem
775 3482 1062 3538 Ammonii
1106 3487 1164 3538 et
1211 3483 1455 3547 Eusebii,
1506 3499 1646 3555 quos
1699 3483 2046 3554 Origenistas

451 3573 625 3630 fuisse
650 3572 871 3628 asserit.
903 3572 980 3628 Ut
1002 3571 1178 3643 igitur
1199 3588 1266 3626 ex
1295 3571 1506 3644 synodo
1520 3571 1618 3626 illa
1642 3571 1928 3636 discimus,
1953 3587 2048 3624 eas

453 3677 568 3720 non
586 3661 833 3718 caruisse
861 3661 1178 3733 suspicione
1199 3660 1525 3732 Origeniani
1547 3659 1773 3726 erroris,
1799 3661 1882 3714 ita
1904 3657 2050 3732 pari-

452 3759 544 3809 ter
570 3751 856 3819 docemur,
905 3766 1020 3806 non
1063 3749 1292 3805 omnino
1344 3749 1614 3821 liquidam
1644 3750 1816 3805 fuisse
1861 3753 2048 3824 suspi-

455 3841 694 3906 cionem,
745 3841 794 3896 si
826 3841 1258 3912 Chrysostomus
1311 3838 1400 3893 vir
1444 3838 1641 3910 utique
1690 3839 2047 3895 doctissimus

455 3931 626 3999 atque
643 3924 1025 3981 sanctissimus
1053 3940 1182 3980 cum
1211 3923 1282 3978 iis
1301 3923 1812 3979 communicaverit.

526 4015 644 4072 Nec
661 4013 890 4069 omnino
919 4013 1041 4068 sine
1065 4017 1293 4068 auctore
1307 4012 1438 4080 dixi,
1459 4013 1707 4084 potuisse
1726 4013 2045 4079 monachos,

457 4107 591 4160 ante
607 4102 972 4174 Origenistas,
991 4107 1118 4174 post
1144 4101 1464 4174 resipuisse.
1487 4101 1636 4158 Audi
1656 4103 2046 4168 Sozomenum,

458 4192 556 4249 lib.
595 4207 718 4260 vm,
751 4208 874 4264 cap.
918 4190 983 4249 17
1014 4210 1026 4246 :

539 4279 786 4338 Ἐνταῦθα
814 4279 868 4335 δὲ
903 4281 1146 4335 συνελθὼν
1176 4279 1422 4352 Θεόφιλος
1461 4278 1566 4352 ἅμα
1592 4287 1693 4342 τοῖς
1723 4275 1910 4343 ἄλλοις,
1944 4280 2052 4350 περὶ

460 4371 548 4444 μὲν
570 4377 670 4426 τῶν
705 4369 990 4442 Ὠριγένους
1015 4370 1215 4440 βιϐλίων
1245 4367 1384 4424 οὐδὲν
1415 4367 1803 4441 ἑπεμνημόνευσε
1829 4388 1840 4400 ·
1864 4367 1975 4431 τοὺς
1999 4367 2052 4420 δὲ

459 4455 560 4516 ἆπό
582 4461 817 4530 Σκήτεως
838 4457 1089 4532 μοναχοὺς
1109 4456 1174 4522 εἷς
1197 4457 1453 4530 μετάνοιαν
1476 4454 1654 4522 ἐκάλει,
1679 4459 1801 4528 μήτε
1821 4477 2050 4529 μνησικα-

456 4558 576 4617 κεῖν,
601 4553 724 4622 μήτε
742 4553 905 4610 κακῶς
924 4555 1078 4602 ποιεῖν
1098 4546 1459 4619 ὑποσχόμενος.
1495 4544 1749 4601 Ἐπιϐοών
1771 4565 1870 4599 των
1892 4546 1945 4598 δὲ
1971 4543 2052 4597 αὐ-

459 4648 562 4703 τοῖς
581 4641 874 4711 συγγνώμην
891 4633 1038 4690 αἰτεῖν
1056 4641 1156 4690 τῶν
1174 4634 1424 4708 Θεοφίλου
1444 4636 1786 4700 σπουδαστῶν,
1802 4635 1882 4687 καὶ
1905 4655 2052 4706 προσ-

461 4729 768 4799 ποιουμένων
791 4726 880 4794 τὴν
904 4725 1108 4779 σύνοδον
1133 4725 1354 4779 ἱκετεύειν
1379 4723 1499 4796 ὑπὲρ
1525 4720 1706 4787 αὐτῶν,
1730 4725 2053 4796 ταραχθέντες

461 4817 511 4872 οἱ
547 4817 762 4890 μοναχοὶ
799 4814 880 4868 καὶ
919 4818 1065 4868 τοῦτο
1101 4821 1284 4887 χρῆναι
1321 4820 1476 4866 ποιεῖν
1515 4813 1818 4883 νομίσαντες,
1851 4813 2052 4865 πολλῶν

464 4903 744 4962 ἐπισκόπων
790 4903 1196 4974 προκαθημένων,
1243 4906 1386 4955 τοῦτο
1434 4900 1494 4969 δὴ
1541 4897 1600 4954 τό
1645 4901 1843 4968 σύνηθες
1893 4897 2054 4963 αὐτοῖς

462 4997 644 5066 λέγειν,
673 4990 763 5047 κᾶν
793 4987 1075 5058 ἀδικῶνται,
1105 4989 1454 5065 Συγχώρησον
1488 4989 1689 5061 ἔφασαν.
1723 4987 1974 5061 Θεοφίλου
2002 4989 2056 5044 δὲ

465 5085 674 5156 ἑτοίμως
719 5082 1065 5154 σπεισαμένου,
1107 5079 1190 5134 καὶ
1221 5076 1312 5148 τὴν
1345 5078 1602 5133 κοινωνὶαν
1640 5074 1800 5141 αὐτοῖς
1838 5073 2056 5132 ἀποδόν-

459 5193 564 5240 τος,
611 5173 804 5239 διελύθη
842 5175 944 5225 τῶν
989 5167 1126 5242 παρὰ
1171 5167 1354 5238 Σκῆτιν
1393 5162 1709 5239 ἀδικημάτων
1749 5168 1779 5236 ἡ
1825 5164 2052 5233 ἐξέτασις,

462 5259 586 5336 ὅπερ
633 5249 774 5334 οἶμαι
817 5256 904 5314 οὐκ
952 5256 1011 5312 ἂν
1059 5258 1254 5326 συνέϐη,
1301 5253 1340 5310 εἶ
1381 5263 1705 5328 συμπαρῆσαν
1745 5265 1848 5320 τοῖς
1889 5254 2056 5320 ἄλλοις

467 5359 708 5426 μοναχοῒς
739 5347 1009 5420 Διόσκορός
1036 5367 1089 5402 τε
1115 5348 1196 5401 καὶ
1231 5344 1520 5418 Ἀμμώνιος
1554 5366 1566 5379 ·
1609 5345 1675 5401 Ὁ
1706 5343 1792 5418 μὲν
1827 5345 1924 5418 γὰρ
1959 5347 2055 5416 ἤδη

463 5440 704 5513 πρότερον
727 5439 1040 5508 τελευτήσας,
1072 5432 1222 5508 ἐτάφη
1262 5431 1310 5489 ἐν
1343 5439 1404 5509 τῇ
1448 5435 1656 5491 Μωκίου
1692 5440 1780 5490 τοῦ
1816 5434 2061 5508 μάρτυρος

537 5584 560 5608 θ
579 5581 798 5640 Vitiosa
823 5579 1304 5655 interpretatio,ut
1321 5578 1697 5655 patet.Graeca
1718 5577 1870 5636 enim
1891 5582 2060 5650 phra-

462 5671 560 5743 sis,
591 5671 932 5750 τοῦτο-δὲ.....
963 5670 1168 5745 ῐφασαν,
1211 5670 1294 5730 sic
1319 5670 1529 5746 optime
1556 5668 1726 5726 vertit
1752 5667 2008 5726 Valesius
2038 5686 2051 5722 :

2129 3217 2512 3289 illacrymasse
2549 3218 2744 3284 fertur,
2776 3234 2840 3272 ac
2860 3217 3064 3273 dixisse
3084 3217 3232 3289 quod
3261 3217 3410 3272 inter
3438 3217 3733 3273 universos

2127 3305 2431 3360 monachos
2455 3323 2584 3362 suos
2605 3307 2733 3362 talis
2754 3323 2867 3362 non
2894 3312 3060 3373 esset,
3091 3305 3272 3379 qualis
3299 3305 3738 3362 fuissetAmmo-

2129 3394 2276 3460 nius,
2294 3395 2513 3450 etiamsi
2530 3395 2635 3468 ipsi
2651 3394 2947 3451 turbarum
2968 3395 3272 3450 exstitisset
3288 3399 3503 3450 auctor.
3525 3414 3551 3448 ιν
3576 3393 3736 3450 Unde

2129 3482 2394 3539 discimus
2434 3500 2523 3538 res
2560 3484 2760 3539 horum
2807 3484 3212 3539 monachorum
3240 3483 3406 3555 plane
3435 3483 3735 3555 perplexas

2127 3571 2320 3626 fuisse.
2353 3572 2499 3627 Sane
2520 3573 2794 3643 Georgius
2820 3573 3230 3627 Alexandrinus
3249 3572 3309 3626 in
3328 3573 3459 3626 Vita
3473 3571 3725 3644 Chryso-

2128 3659 2298 3714 stomi
2334 3659 2415 3714 ait
2461 3661 2825 3716 Ammonium
2867 3667 2923 3716 et
2953 3661 3283 3716 Dioscorum
3337 3659 3455 3716 vita
3509 3659 3738 3716 functos

2129 3748 2418 3820 splendide
2447 3749 2716 3820 sepultos,
2745 3755 2802 3804 et
2829 3749 3115 3804 miraculis
3153 3748 3440 3804 claruisse.

2199 3837 2482 3908 Quidquid
2505 3838 2596 3906 sit,
2613 3843 2841 3893 maneat
2858 3838 3252 3894 inconcussum
3275 3837 3387 3893 divi
3405 3837 3742 3910 Hieronymi

2127 3926 2532 3993 testimonium,
2559 3933 2616 3981 et
2635 3928 2758 3997 ejus
2788 3927 3093 3982 monitione
3122 3926 3344 3982 cautius
3372 3927 3575 3982 horum
3593 3943 3742 4000 pau-

2131 4029 2324 4068 corum
2353 4015 2504 4070 dicta
2525 4015 2886 4086 excipiamus.
2917 4015 3252 4086 Quanquam
3279 4014 3422 4070 nihil
3450 4015 3510 4070 in
3530 4016 3619 4070 his
3640 4033 3741 4071 oc-

2131 4101 2307 4156 currit
2331 4104 2480 4173 quod
2508 4103 2733 4158 sinistre
2759 4109 2938 4171 sonet,
2964 4109 3196 4176 excepta
3214 4119 3330 4160 una
3347 4103 3492 4158 forte
3511 4104 3742 4176 Evagrii

2133 4191 2414 4245 sententia
2426 4191 2494 4245 de
2513 4191 2980 4264 impassibihtate,
2999 4193 3088 4248 cui
3101 4208 3203 4248 suo
3217 4193 3339 4249 loco
3351 4199 3738 4266 opportunum

2135 4279 2451 4335 antidotum
2479 4281 2865 4353 apposuimus.

2205 4373 2638 4446 Christophorus
2667 4375 2919 4432 Castrius
2955 4379 3148 4432 noster
3177 4374 3260 4430 ita
3284 4374 3418 4430 huic
3447 4391 3513 4431 ex
3539 4374 3744 4432 Hiero-

2065 4478 2304 4550 Dnymo
2351 4463 2674 4519 testimonio
2725 4463 2992 4519 satisfieri
3029 4480 3194 4536 posse
3237 4463 3522 4527 censebat,
3559 4469 3626 4520 ut
3669 4481 3741 4521 ex

2135 4551 2407 4622 Hispania
2435 4553 2506 4607 ad
2533 4570 2621 4608 me
2641 4553 2882 4624 scripsit.
2913 4571 2938 4604 α
2965 4552 3240 4617 Primum,
3257 4552 3741 4625 .inquit,premit-

2132 4631 2368 4686 tendum
2419 4639 2521 4699 est,
2569 4633 2864 4706 Theophili
2899 4631 3281 4700 Alexandrini,
3329 4639 3387 4688 et
3435 4633 3741 4704 Epiphanii

2137 4719 2328 4792 Cyprii
2373 4725 2628 4794 tempore
2669 4725 2883 4776 motam
2911 4719 3086 4776 fuisse
3129 4720 3497 4793 quaestionem
3535 4721 3606 4777 de
3630 4722 3740 4778 Dei

2135 4813 2359 4876 natura,
2377 4815 2566 4866 utrum
2582 4815 2731 4866 esset
2738 4809 3068 4882 spiritualis,
3083 4825 3156 4864 an
3169 4809 3437 4866 membris
3452 4810 3742 4883 corporeis

2135 4904 2416 4954 constans.
2472 4901 2619 4954 Nam
2655 4899 3024 4970 simpliciores
3063 4902 3122 4953 et
3160 4898 3439 4972 praecipue
3474 4899 3743 4956 monachi

2137 5002 2470 5058 corporeum
2489 5004 2609 5042 esse
2624 4985 2947 5042 censebant.
2972 4986 3133 5042 Unde
3146 4992 3204 5042 et
3220 4987 3470 5044 haeretici
3487 4988 3742 5045 Anthro-

2137 5075 2504 5148 pomorphitae
2528 5076 2662 5130 dicti
2703 5080 2854 5144 sunt,
2887 5081 2944 5132 et
2973 5075 3033 5132 hi
3065 5076 3294 5148 quidem
3328 5075 3744 5134 aversabantur

2140 5163 2461 5235 Origenem,
2494 5164 2643 5237 quod
2671 5165 2852 5220 Deum
2899 5164 3161 5237 spiritum
3190 5181 3312 5222 esse
3349 5165 3606 5234 doceret;
3643 5183 3741 5222 sa-

2138 5253 2444 5324 pientiores
2471 5259 2680 5322 autem,
2696 5258 2762 5309 ut
2787 5269 2982 5310 omnes
3004 5253 3295 5321 Catholici,
3327 5253 3594 5326 spiritum
3614 5271 3742 5314 esse

2137 5341 2532 5414 praedicabant.
2583 5343 2767 5409 Quare
2805 5343 2954 5415 quod
2989 5341 3096 5398 hac
3135 5341 3195 5398 in
3223 5359 3286 5398 re
3333 5358 3462 5400 cum
3491 5343 3740 5417 Origene

2143 5431 2438 5501 sentirent,
2466 5432 2748 5505 simplices
2774 5431 2858 5489 illi
2887 5437 3160 5506 tanquam
3185 5431 3554 5508 Origenistas,
3590 5433 3742 5494 hanc

2139 5573 2202 5628 id
2212 5577 2356 5648 quod
2368 5579 2607 5632 solemne
2627 5579 2700 5631 est
2724 5576 2857 5647 ipsis
2869 5575 3066 5644 dicere,
3079 5577 3302 5632 etiamsi
3318 5578 3542 5649 iniuria
3553 5579 3740 5648 οπεοιί

2137 5668 2374 5738 fuerint,
2398 5667 2567 5722 Parce
2603 5665 2824 5737 scilicet,
2857 5666 3146 5725 dixerunt.
3176 5665 3330 5724 Enrr.
