3958 6404
208 396 272 452 57
1449 384 1798 445 ΡΒΟῙιΕαΟ]

1885 383 2050 441 {NON
2084 383 2204 441 XV.
3402 376 3468 436 58

208 521 372 577 solam
399 516 468 572 ob
495 530 723 571 causam
751 529 944 570 exesos
976 511 1276 568 habebant.
1312 512 1456 569 Hinc
1483 514 1692 569 factum
1721 514 2059 574 utArorum
2085 510 2334 566 virorum
2374 509 2728 577 auctoritate,
2762 509 2917 565 mirae
2964 526 3092 564 cum
3133 505 3466 563 eruditionis

209 616 452 665 sanctum
479 605 856 678 Epiphanium
877 603 936 658 in
966 601 1226 658 omnibus
1245 603 1517 658 catholice
1547 603 1788 658 sentien-

209 707 313 754 tem
330 695 669 767 TheOphilus
683 692 1028 749 Alexandriae
1040 692 1332 764 episcopus
1342 694 1786 765 Anthropomor-

209 789 479 861 phitarum
509 784 737 839 haeresis
768 782 1126 848 insimularit,
1151 788 1216 836 ut
1253 782 1502 837 referunt
1531 783 1788 838 Socrates

209 877 298 932 lib.
321 891 393 942 v1,
427 891 548 946 cap.
582 873 636 935 9,
668 874 1008 928 Sozomenus
1037 871 1132 925 lib.
1167 886 1288 936 vm,
1313 889 1433 943 cap.
1488 873 1572 937 14,
1606 877 1664 926 et
1688 871 1788 926 Ni-

211 966 471 1038 cephorus
500 962 596 1017 lib.
621 976 741 1027 xm,
762 979 883 1033 cap.
913 959 978 1018 12
1000 979 1014 1027 ;
1041 966 1107 1015 ut
1124 959 1296 1015 etiam
1316 962 1558 1015 Joannes
1576 962 1792 1016 Jeroso-

209 1055 500 1128 lymitanus
515 1051 844 1123 Epiphanio,
866 1055 933 1106 ut
957 1049 1036 1104 ait
1052 1050 1429 1122 Hieronymus
1441 1051 1676 1121 epistola
1699 1048 1731 1104 6
1745 1049 1759 1105 l
1773 1089 1787 1116 ,

211 1145 274 1200 ad
301 1141 738 1207 Pammachium,
773 1139 1040 1195 adversus
1069 1155 1286 1195 errores
1316 1140 1547 1194 Joannis
1575 1141 1793 1194 Jeroso-

209 1231 454 1306 lymitani
480 1251 493 1299 ;
524 1222 936 1285 imo'Ruffinus
982 1229 1239 1284 eamdem
1283 1229 1540 1285 haeresim
1587 1228 1794 1300 objecit

211 1323 558 1393 Hieronymo,
582 1320 842 1376 Invectiv.
875 1319 971 1373 lib.
1004 1333 1044 1373 ι.

278 1429 304 1463 ι
335 1412 542 1466 Contra
567 1426 716 1475 vero,
752 1408 848 1480 qui
884 1407 1113 1478 Origeni
1135 1407 1466 1462 infensiores
1493 1410 1673 1473 erant,
1697 1423 1791 1461 eos

211 1500 299 1571 qui
326 1501 444 1570 ejus
465 1497 692 1554 lectioni
715 1497 1007 1562 vacabant,
1038 1497 1352 1551 Catholicos
1401 1495 1670 1567 alioquin,
1723 1495 1792 1548 de

208 1588 504 1644 hzeresibus
525 1587 782 1658 Origenis
799 1585 1154 1652 accusabant,
1172 1592 1238 1641 ut
1251 1585 1595 1657 Epiphanius
1614 1585 1794 1638 Theo-

207 1678 430 1750 philum,
449 1683 508 1731 et
520 1677 782 1747 deinceps
802 1675 1284 1746 Chrysostomum,
1310 1681 1366 1728 et
1384 1674 1684 1728 monachos
1696 1673 1791 1744 qui

204 1783 324 1821 cum
348 1766 456 1821 illis
487 1764 996 1820 communicabant.
1022 1766 1205 1835 Atque
1230 1765 1299 1818 de
1321 1765 1426 1818 hac
1445 1780 1507 1817 re
1537 1761 1793 1818 nonnihil

1867 607 1988 656 tum
2005 601 2336 665 sanctitatis,
2361 601 2457 672 qui
2483 601 2735 655 Cassiani
2752 618 2921 671 opera
2942 605 2998 654 et
3018 600 3276 670 legerunt
3297 597 3469 650 intre-

1869 691 2016 762 pide,
2045 697 2102 745 et
2129 691 2198 749 ad
2220 707 2449 746 suorum
2479 691 2814 762 scriptorum
2837 691 3002 744 fidem
3023 687 3465 742 confirmandam

1871 781 2226 835 adduxerunt
2252 780 2310 834 in
2337 779 2603 846 medium,
2638 786 2806 850 atque
2837 779 2954 833 suis
2979 779 3150 832 etiam
3181 775 3466 847 discipulis

1873 870 2112 940 legenda
2143 869 2570 924 mandaverunt.
2603 870 2682 924 Ex
2713 870 2800 923 his
2847 869 3002 922 fuere
3039 868 3198 922 divus
3230 865 3467 920 Benedi-

1873 964 2014 1024 ctus,
2061 959 2447 1024 Cassiodorus,
2494 959 2833 1020 Climachus,
2884 957 3222 1019 Bernardus,
3268 955 3466 1008 beatus

1872 1047 2214 1114 Dominicus,
2235 1049 2394 1103 divus
2413 1049 2656 1104 Thomas
2676 1048 2945 1119 Aquinas,
2971 1047 3179 1118 aliique
3201 1061 3338 1116 quos
3358 1043 3468 1097 elo-

1871 1137 1979 1208 giis
2007 1137 2281 1193 dedimus.

1949 1245 1974 1278 α
1999 1227 2156 1281 Adde
2187 1227 2335 1298 quod
2366 1227 2422 1282 in
2452 1228 2539 1281 his
2569 1229 2902 1282 Sanctorum
2920 1227 3047 1280 vitis
3070 1241 3181 1279 non
3202 1224 3270 1277 de
3289 1223 3470 1276 "eccle-

1874 1315 2114 1370 siasticis
2157 1317 2513 1386 dogmatibus
2561 1319 2660 1371 fiat
2702 1316 3026 1387 disputatio,
3065 1315 3162 1368 sed
3192 1313 3260 1367 de
3282 1314 3467 1382 justo-

1873 1422 2000 1460 rum
2021 1405 2290 1472 moribus,
2312 1407 2733 1461 conversatione
2745 1412 2802 1460 et
2821 1405 3090 1475 exemplis
3100 1409 3320 1458 tantum
3342 1417 3472 1472 aga-

1873 1498 1986 1548 tur.
2011 1495 2209 1564 Igitur,
2235 1512 2345 1566 qua
2367 1495 2424 1549 in
2446 1502 2605 1567 parte
2630 1495 2808 1550 bonus
2829 1501 2932 1560 est,
2951 1494 3229 1548 admissus
3249 1491 3386 1556 fuit;
3411 1489 3470 1543 in

1876 1600 1989 1654 qua
2003 1585 2186 1639 malus
2199 1587 2286 1650 (ea
2307 1591 2497 1639 autem
2516 1591 2601 1639 est
2633 1586 2954 1656 supradicta
2969 1584 3190 1637 collatio
3205 1583 3274 1637 de
3290 1585 3472 1651 prote-

1875 1673 2057 1727 ctione
2069 1674 2185 1742 Dei)
2201 1675 2441 1744 rejectus
2461 1680 2564 1729 est.
2582 1675 2671 1729 Sic
2683 1681 2739 1729 et
2750 1675 2817 1728 de
2835 1673 3092 1744 Origenis
3109 1672 3264 1726 libris
3278 1669 3470 1724 fecisse

1874 1766 2094 1820 videtur
2134 1769 2326 1818 sancta
2368 1769 2550 1818 mater
2589 1765 2852 1819 Ecclesia.
2886 1765 3028 1818 Nam
3070 1760 3309 1832 explosis
3341 1757 3469 1827 Περὶ

203 1856 440 1910 insinuat
457 1854 620 1909 divus
649 1853 1026 1924 Hieronymus
1053 1833 1366 1924 in_epistola
1391 1851 1476 1918 62,
1512 1853 1580 1906 ad
1611 1853 1789 1906 Theo—
1811 1833 1856 1892 Β
1883 1853 2094 1927 Ἀρχῶν
2125 1859 2180 1908 et
2204 1853 2328 1908 aliis
2355 1853 2638 1908 nonnullis
2662 1854 2913 1923 ejusdem
2940 1850 3240 1922 opusculis,
3269 1852 3471 1902 caetera

204 1945 408 2018 philum
451 1944 749 1999 adversum
795 1944 1068 1998 Joannem
1114 1942 1683 2014 Jerosolymitanum;
1734 1941 1792 1995 in

205 2035 428 2105 epistola
458 2049 684 2104 quoque
717 2030 786 2087 68
814 2038 871 2087 et
901 2030 988 2096 70,
1021 2031 1088 2085 ad
1120 2031 1510 2102 Theophilum,
1546 2031 1681 2086 dum
1711 2030 1791 2084 illi

205 2122 344 2175 dicit:
367 2141 393 2173 α
417 2122 726 2177 Ostendisti
741 2121 888 2192 quod
901 2121 1191 2190 hucusque
1204 2119 1560 2173 taciturnitas
1572 2118 1792 2189 dispen-

205 2213 336 2266 satio
372 2211 498 2276 fuit,
533 2228 645 2266 non
676 2227 1012 2275 consensus;
1052 2209 1224 2264 libere
1269 2208 1420 2263 enim
1467 2208 1792 2262 reverentiae

207 2307 306 2354 tuae
335 2301 554 2372 loquor.
586 2299 924 2354 Dolebamus
953 2305 1008 2354 te
1039 2298 1276 2353 nimium
1307 2315 1429 2352 esse
1459 2298 1788 2369 patientem,

209 2396 259 2445 et
285 2391 608 2461 ignorantes
639 2389 893 2459 magistri
913 2387 1312 2460 gubernacula,
1334 2386 1717 2458 gestiebamus
1736 2386 1794 2440 in

209 2477 489 2532 interitum
521 2478 890 2550 perditorum.
919 2497 945 2529 ι)
971 2477 1116 2532 Sane
1131 2476 1433 2547 suspicioni
1457 2475 1692 2530 dederat
1710 2491 1797 2528 oc-

209 2567 500 2631 casionem,
532 2567 680 2638 quod
719 2567 948 2638 Origeni
977 2566 1337 2630 consentiret,
1389 2569 1446 2618 et
1482 2565 1602 2635 ipse
1649 2569 1798 2618 esset

211 2655 540 2726 Origenista.
567 2656 684 2710 Hoc
704 2661 973 2727 praetextu
996 2655 1464 2726 Origenistarum,
1486 2653 1586 2724 [LI]
1601 2653 1797 2707 eadem

210 2761 312 2815 qua
340 2745 806 2816 Chrysostomum
837 2744 1214 2806 simulatione,
1233 2748 1474 2814 quatuor
1494 2742 1797 2796 monachos

210 2832 418 2903 Longos
438 2833 651 2886 montis
669 2832 881 2896 Nitriae,
912 2833 1060 2902 quod
1078 2833 1147 2886 ab
1169 2849 1234 2886 eo
1259 2833 1635 2894 recessissent,
1650 2831 1797 2902 quod

211 2922 324 2992 ejus
338 2938 524 2977 mores
537 2938 649 2975 non
663 2922 983 2992 probarent.
999 2921 1304 2976 insectatus
1316 2928 1418 2984 est,
1428 2922 1596 2975 etiam
1609 2925 1798 2974 coacto

210 3011 444 3066 exercitu
478 3010 1208 3081 Anthropomorphitarum,
1240 3011 1297 3064 in
1321 3010 1520 3081 quibus
1537 3016 1659 3064 erat
1677 3025 1798 3063 mo-

210 3099 511 3154 nachorum
544 3099 786 3170 phalanx
807 3116 918 3153 non
948 3116 1119 3170 parva
1147 3100 1262 3154 zelo
1284 3099 1512 3171 percita.
1545 3100 1696 3163 Quos
1722 3104 1803 3153 ta-

1873 1945 1995 1999 sine
2025 1943 2328 1997 offensione
2371 1943 2483 2011 legi
2514 1943 2764 1996 videmus
2794 1948 2851 1995 et
2897 1940 3174 2004 audimus,
3209 1943 3266 1992 et
3296 1934 3469 2007 (quod

1874 2033 2054 2103 magis
2082 2032 2306 2100 mirere)
2351 2036 2546 2086 contra
2589 2032 2982 2085 haereticorum
3010 2027 3260 2083 insanias
3299 2025 3471 2080 addu-

1875 2139 1999 2178 cere
2028 2139 2136 2175 non
2169 2137 2446 2175 veremur.
2475 2142 2500 2173 »
2534 2123 2620 2175 Ita
2644 2122 3006 2192 Lipomanus.

1949 2212 2142 2266 Simile
2175 2227 2286 2264 non
2315 2210 2557 2264 absimili
2585 2211 2643 2263 in
2671 2227 2732 2264 re
2757 2210 3030 2282 judicium
3053 2209 3171 2278 jam
3203 2206 3336 2261 olim
3364 2203 3473 2258 fuit

1874 2301 2168 2373 Theophili
2197 2299 2560 2355 Alexandrini
2592 2300 2852 2370 episcopi,
2876 2300 2946 2352 de
2976 2315 3085 2370 quo
3108 2297 3256 2368 apud
3280 2296 3474 2350 Socra-

1874 2397 2011 2457 tem,
2043 2391 2138 2446 lib.
2159 2405 2235 2456 VI,
2268 2406 2389 2460 cap.
2413 2391 2478 2444 15
2510 2409 2520 2442 :
2560 2391 2760 2456 Ηῦξησε
2786 2389 2838 2440 δὲ
2866 2386 2922 2440 τὸ
2944 2388 3058 2458 [LII]
3087 2388 3194 2439 κατ’
3220 2383 3367 2437 αὐτοῦ
3397 2393 3472 2454 μῖ-

1878 2500 1981 2544 σος,
2015 2478 2070 2533 τὸ
2100 2471 2230 2542 αὖθις
2261 2477 2404 2532 αὐτὸν
2437 2479 2586 2549 μηδὲν
2616 2476 3047 2547 ὑποστειλάμενον,
3085 2474 3146 2528 τὰ
3187 2474 3470 2544 Ὠριγένους

1881 2564 2127 2622 ἀσκεῖσθαι
2157 2570 2337 2638 βιϐλία.
2385 2567 2685 2638 Ἐρωτηθεὶς
2712 2559 2794 2637 οξν
2819 2565 2912 2618 ὑπό
2941 2585 3070 2627 τινος
3095 2570 3199 2624 πῶς
3228 2563 3258 2614 ἂ
3286 2558 3472 2628 ἀπεκή-

1880 2657 2008 2728 ρυξε,
2049 2664 2202 2710 ταῦτα
2247 2653 2514 2719 ἀσπάζεται
2558 2655 2724 2718 πάλιν,
2766 2661 2918 2707 ταῦτα
2959 2649 3249 2723 ἀπεκρίνατο
3285 2672 3296 2684 ·
3337 2672 3359 2701 α
3393 2649 3474 2703 Τὰ

1891 2747 2173 2817 Ὠριγένους
2204 2747 2326 2799 ἔοικε
2357 2747 2520 2814 βιϐλία
2547 2747 2751 2815 λειμῶνι
2775 2743 2972 2796 πάντων
2995 2738 3178 2794 ἀνθέων
3208 2761 3218 2773 ·
3253 2739 3298 2792 εἴ
3317 2759 3364 2792 τι
3393 2730 3474 2791 οὖν

1882 2833 1928 2888 ἐν
1972 2832 2134 2898 αὐτοῖς
2177 2833 2363 2906 ἐφεύρω
2401 2831 2572 2897 καλὸν,
2618 2839 2762 2886 τοῦτο
2805 2835 3050 2902 δρέπομαι
3087 2852 3097 2863 ·
3144 2827 3181 2882 εἰ
3219 2831 3274 2881 δέ
3307 2830 3354 2881 τί
3393 2846 3476 2898 μοι

1883 2918 2158 2985 ἀκανθῶδες
2178 2925 2367 2993 φανείη,
2392 2929 2536 2976 τοῦτο
2557 2925 2624 2984 ὡς
2643 2927 2837 2974 κεντοῦν
2859 2921 3152 2990 ὑπερϐαίνω.
3183 2936 3244 2970 »α
3270 2917 3476 2972 Odium

1883 3019 2078 3067 contra
2099 3012 2259 3067 illum
2280 3012 2410 3066 inde
2440 3012 2612 3066 etiam
2637 3011 2826 3072 crevit,
2854 3009 3001 3081 quod
3023 3008 3193 3062 libros
3219 3007 3479 3077 Origenis

1883 3102 2133 3156 studiose
2157 3102 2342 3172 legere
2362 3117 2474 3155 non
2485 3106 2790 3154 vereretur.
2814 3101 3065 3169 Rogatus
3087 3097 3260 3168 igitur
3285 3113 3319 3150 a
3338 3111 3479 3166 quo-

211 3204 330 3242 men
358 3163 641 3260 fugientes
661 3187 874 3259 excepit
902 3163 1144 3243 Jdannes
1165 3163 1598 3259 Chrysostomus
1621 3194 1678 3242 et
1701 3163 1860 3242 de-C
1884 3191 2015 3245 dam
2044 3207 2144 3245 cur
2174 3163 2345 3244 libros
2368 3207 2505 3261 quos
2535 3163 3008 3243 condemnaverat
3035 3163 3481 3256 devintegro—am-

209 3275 393 3342 fendit,
421 3276 640 3330 monito
671 3276 840 3330 etiam
871 3277 1196 3331 Innocentio
1227 3277 1248 3330 Ι
1281 3277 1561 3348 pontifice,
1597 3277 1690 3347 qui
1721 3276 1801 3330 in-

210 3366 445 3437 crepavit
473 3365 891 3436 Theophilum;
929 3371 985 3420 et
1028 3366 1138 3429 ille,
1195 3365 1421 3420 tandem
1474 3365 1802 3436 pcem'tentia

211 3453 416 3520 ductus,
446 3454 754 3508 monachos
779 3453 904 3508 illos
934 3454 1269 3524 Longossibi
1291 3455 1667 3509 reconciliavit
1680 3461 1803 3509 tan-

211 3559 367 3613 quam
395 3543 594 3597 fideles
621 3548 678 3597 et
691 3543 911 3614 probos.
943 3543 1205 3598 Scribant
1233 3543 1377 3597 hanc
1407 3543 1699 3598 historiam
1721 3547 1803 3598 tu-

211 3631 416 3686 sissime
428 3648 629 3686 omnes
638 3631 888 3686 historici
903 3632 947 3686 G
956 3632 1099 3698 rauci,
1108 3633 1382 3704 Georgius
1393 3633 1802 3687 Alexandrinus

211 3721 654 3793 archiepiscopus
673 3721 731 3774 in
750 3721 882 3790 Vita
905 3722 1080 3776 sancti
1100 3722 1503 3794 Chrysostomi,
1521 3722 1803 3776 Palladius

211 3808 261 3861 in
290 3809 532 3880 dialogo,
571 3810 844 3874 Socrates,
866 3809 1223 3875 Sozomenus,
1245 3810 1471 3864 Simeon
1488 3810 1804 3881 Metaphra-

211 3903 334 3964 stes,
365 3899 476 3952 Leo
507 3898 817 3970 imperator
840 3899 900 3952 in
916 3899 1189 3963 oratione,
1213 3899 1596 3962 Cassiodorus,
1621 3899 1805 3970 Sulpi-

212 3986 338 4052 cius,
364 3987 618 4042 Isidorus
646 3987 947 4054 Pelusiota,
981 3988 1346 4058 Nicephorus,
1376 4005 1615 4059 quorum
1643 3989 1804 4043 testi-

211 4075 390 4130 monia
416 4076 631 4131 referre
660 4091 772 4130 non
801 4082 978 4130 vacat.
1012 4077 1083 4130 Hi
1109 4093 1304 4131 omnes
1332 4077 1806 4132 commendabant

212 4165 504 4219 monachos
535 4164 664 4219 illos
693 4181 831 4236 quos
863 4165 1152 4220 haereticos
1181 4166 1398 4238 putavit
1425 4166 1804 4239 Hieronymus

211 4267 241 4305 a
257 4253 565 4325 Theophila
581 4253 867 4325 deceptus.
886 4272 912 4306 ι)
936 4255 1219 4309 Hactenus
1236 4254 1488 4309 Castrius
1500 4262 1710 4320 noster;
1734 4255 1803 4310 de

213 4356 314 4411 qua
333 4348 453 4398 tota
468 4342 711 4398 historia
728 4342 853 4398 vide
873 4343 1198 4409 Baronium,
1225 4348 1378 4399 tomo
1399 4344 1465 4411 V,
1489 4361 1636 4399 anno
1649 4344 1806 4400 Chri-

211 4429 276 4484 sti
301 4427 424 4487 400.

1883 3279 2244 3351 plexaretur?
2270 3279 2579 3350 Respondit
2621 3277 2792 3332 libros
2824 3276 3082 3346 Origenis
3109 3275 3321 3328 similes
3359 3289 3480 3326 esse

1882 3374 2045 3440 prato
2075 3368 2338 3423 omnibus
2385 3369 2586 3422 ﬂorum
2626 3366 2927 3438 generibus
2975 3365 3200 3419 referto.
3242 3363 3477 3428 Idcirco,

1884 3457 2085 3529 inquit,
2116 3458 2162 3511 si
2191 3457 2324 3529 quid
2353 3456 2570 3528 reperio
2609 3456 2668 3510 in
2698 3456 2808 3510 illis
2839 3455 2989 3520 boni,
3031 3453 3168 3508 illud
3199 3453 3435 3522 decerpo
3465 3468 3475 3502 :

1883 3547 1971 3602 sin
1997 3546 2208 3619 spinosi
2241 3547 2568 3618 quidquam,
2605 3546 2709 3599 hoc
2746 3551 2937 3616 utpote
2965 3543 3172 3599 aculeis
3202 3557 3475 3614 pungens,

1884 3636 2119 3690 missum
2150 3636 2311 3690 facio.
2343 3654 2363 3686 ι

1955 3725 2070 3779 Nec
2090 3725 2255 3778 aliter
2269 3723 2538 3794 judicavit
2555 3724 2715 3778 divus
2732 3723 3106 3794 Hieronymus
3126 3719 3363 3791 epistola
3386 3717 3480 3783 76,

1885 3814 1955 3868 ad
2001 3813 2391 3884 Tranquillum
2432 3812 2677 3866 scribens
2710 3831 2721 3865 :
2771 3832 2792 3862 ι
2836 3811 2977 3876 Quia
3015 3827 3152 3864 mea:
3191 3807 3484 3880 parvitatis

1887 3902 2095 3973 quaeris
2114 3901 2473 3967 sententiam,
2491 3906 2682 3956 utrum
2697 3901 3000 3954 secundum
3020 3899 3251 3952 fratrem
3269 3895 3484 3951 Fausti-

1887 4008 2023 4046 num
2044 3991 2264 4063 penitus
2285 3991 2632 4062 respuendus
2651 3990 2723 4045 sit
2747 3990 3056 4060 IOrigenes)
3090 4003 3161 4042 an
3176 3986 3482 4041 secundum

1888 4082 2159 4152 quosdam
2191 4080 2460 4150 legendus
2490 4097 2556 4133 ex
2585 4085 2764 4151 parte,
2798 4097 2899 4150 ego
2926 4079 3226 4148 Origenem
3256 4081 3486 4148 propter

1889 4170 2261 4225 eruditionem
2292 4169 2371 4224 sic
2395 4169 2677 4223 interdum
2720 4168 3020 4239 legendum
3051 4166 3312 4229 arbitror,
3343 4182 3484 4236 quo-

1885 4260 2052 4314 modo
2071 4259 2500 4324 Tertullianum,
2521 4259 2818 4322 Novatum,
2849 4256 3181 4321 Arnobium,
3204 4254 3487 4327 Apollina-

1884 4348 2054 4412 rium,
2081 4353 2137 4402 et
2164 4347 2464 4401 nonnullos
2483 4346 2888 4401 ecclesiasticos
2911 4345 3244 4417 Scriptores,
3263 4345 3486 4398 Graecos

1885 4435 2099 4506 pariter
2122 4441 2179 4489 et
2203 4436 2431 4490 Latinos
2457 4454 2469 4502 ;
2502 4441 2567 4490 ut
2598 4435 2746 4490 bona
2778 4451 2972 4491 eorum
3001 4434 3323 4504 diligamus,
3353 4432 3486 4486 vite-

275 4518 431 4574 Dices
469 4518 641 4574 tertio
672 4523 867 4574 contra
891 4519 1283 4576 auctoritatem
1313 4521 1442 4576 libri
1471 4521 1678 4594 quarti,
1710 4517 2428 4596 au-Dmusquecontraria,
2449 4526 2950 4596 juxtaApostolum
2962 4525 3258 4578 dicentem:
3283 4523 3484 4577 Omnia

212 4610 353 4664 ctore
383 4609 656 4664 Cassiano
684 4626 696 4661 :
725 4609 790 4664 In
820 4609 1063 4676 decreto,
1117 4609 1365 4666 distinct.
1419 4609 1504 4678 15,
1550 4611 1804 4667 Cassiani

213 4696 473 4768 opuscula
500 4701 803 4750 censentur
831 4696 982 4751 inter
1007 4698 1346 4770 apocrypha.

278 4783 608 4858 Respondeo
638 4801 766 4839 cum
792 4785 1018 4857 Aloysio
1049 4786 1379 4858 Lipomano,
1419 4791 1558 4842 tom.
1592 4789 1721 4844 VIII
1736 4789 1806 4844 de

212 4871 346 4928 Vitis
375 4875 733 4942 Sanctorum,
758 4875 947 4929 Romae
969 4875 1118 4931 edito
1137 4893 1286 4931 anno
1306 4877 1463 4943 1560,
1483 4877 1805 4949 praefatione

214 4968 334 5018 ante
357 4969 624 5036 excerpta
651 4980 718 5017 ex
748 4964 1036 5031 Cassiano,
1072 4986 1094 5018 ι
1126 4970 1349 5022 tantum
1381 4967 1665 5039 prohibita
1684 4985 1806 5024 esse

212 5049 276 5105 ob
300 5067 472 5106 unum
506 5052 861 5124 potissimum
904 5053 1262 5110 collationem
1310 5056 1537 5110 tertiam
1586 5056 1806 5112 abbatis

213 5137 570 5196 Cheremonis
595 5141 665 5196 de
694 5142 1042 5213 protectione
1071 5143 1173 5198 Dei
1196 5163 1208 5211 ;
1229 5145 1378 5215 quod
1406 5161 1472 5200 ex
1500 5145 1664 5201 beato
1675 5146 1808 5201 Pro-

213 5243 364 5299 spero
393 5231 662 5302 colligere
695 5236 782 5286 est
797 5231 984 5287 libello
1013 5239 1209 5287 contra
1223 5233 1580 5302 Collatorem,
1606 5235 1665 5290 in
1695 5253 1805 5308 quo

216 5315 493 5375 hominem
507 5321 657 5376 hunc
677 5327 838 5376 notat
864 5321 933 5377 de
959 5321 1146 5394 gratia
1174 5322 1276 5394 Dei
1305 5328 1364 5378 et
1386 5323 1560 5379 libero
1574 5324 1806 5382 arbitrio

218 5409 460 5478 quedam
484 5409 790 5466 temerarie
810 5427 875 5466 ac
890 5417 1088 5467 contra
1115 5416 1319 5485 sanctae
1337 5413 1594 5470 Ecclesia:
1614 5414 1809 5470 deﬁni-

219 5493 388 5553 tiones
401 5499 764 5566 sentientem,
787 5499 1100 5572 locumjam
1125 5501 1360 5557 citatum
1383 5502 1688 5560 adducens.
1703 5504 1810 5560 Cu-

216 5583 300 5654 jus
337 5588 509 5644 etiam
554 5589 843 5646 sententiae
882 5589 1104 5646 videtur
1146 5591 1390 5647 Joannes
1442 5592 1807 5650 Trithemius.

222 5671 368 5740 Quod
385 5682 452 5736 ut
472 5678 600 5754 quis
619 5680 812 5740 credat
822 5679 1062 5750 facilius,
1086 5680 1288 5740 adduci
1306 5681 1356 5739 is
1375 5686 1563 5755 potest
1584 5683 1811 5757 praecla-

1880 4615 2124 4684 probate,
2158 4615 2302 4683 quod
2332 4617 2536 4668 bonum
2563 4619 2640 4667 est
2670 4619 2838 4667 tenete
2879 4616 2955 4680 (ΙΙ
2997 4614 3169 4666 Thess.
3203 4613 3277 4679 v).
3308 4610 3487 4665 Caete-

1885 4719 2014 4756 rum
2043 4701 2140 4774 qui
2169 4703 2254 4756 vel
2282 4701 2339 4756 in
2365 4719 2615 4756 amorem
2646 4703 2768 4772 ejus
2798 4701 3056 4766 nimium,
3094 4701 3176 4754 vel
3205 4700 3265 4754 in
3295 4699 3488 4755 odium

1887 4791 2161 4845 stomachi
2189 4791 2278 4845 sui
2306 4791 2578 4862 pravitate
2617 4791 2917 4857 ducuntur,
2946 4790 3208 4845 videntur
3236 4789 3377 4845 mihi
3406 4789 3488 4844 illi

1888 4880 2187 4935 maledicto
2212 4879 2536 4952 prophetico
2565 4879 2855 4951 subjacere
2884 4903 2896 4935 :
2941 4881 3016 4934 Va:
3043 4881 3127 4933 his
3168 4883 3267 4949 qui
3293 4881 3489 4934 dicunt

1890 4971 2093 5024 bonum
2105 4973 2340 5035 malum,
2361 4975 2407 5024 et
2422 4973 2635 5024 malum
2651 4971 3210 5039 bonum;qui/’aciunt
3223 4985 3488 5024 amarum

1888 5059 2064 5124 dulce,
2087 5065 2136 5114 et
2155 5061 2310 5113 dulce
2329 5075 2594 5113 amarum
2626 5060 2806 5126 (Isaiae
2827 5062 2902 5127 v).
2935 5059 3052 5114 Nec
3080 5059 3230 5114 enim
3260 5064 3491 5131 propter

1888 5146 2200 5202 doctrinam
2221 5149 2344 5219 ejus
2362 5165 2538 5220 prava
2554 5147 2910 5219 suscipienda
2929 5154 3062 5203 sunt
3077 5149 3362 5219 dogmata;
3387 5163 3489 5202 nec

1888 5241 2118 5308 propter
2129 5237 2456 5308 dogmatum
2473 5238 2826 5309 pravitatem,
2846 5238 2893 5293 si
2905 5255 3044 5309 quos
3058 5236 3490 5292 commentarios

1887 5325 1947 5380 in
1971 5326 2288 5397 Scripturas
2309 5333 2532 5381 sanctas
2551 5327 2719 5382 utiles
2735 5327 2927 5391 edidit,
2952 5327 3176 5398 penitus
3187 5325 3489 5396 respuendi

1890 5421 2044 5471 sunt.
2071 5435 2096 5468 »
2121 5415 2228 5481 Qui
2248 5415 2306 5471 in
2329 5418 2439 5470 fine
2463 5417 2582 5472 haec
2605 5415 2897 5488 subjungit
2920 5434 2931 5469 :
2961 5434 2988 5469 ι
3016 5414 3176 5481 Quod
3195 5413 3243 5469 si
3263 5419 3490 5470 conten-

1890 5505 2100 5562 tiosum
2119 5505 2268 5561 inter
2283 5523 2343 5562 se
2355 5512 2634 5563 amatores
2659 5507 2780 5577 ejus
2803 5511 2859 5560 et
2877 5504 3277 5560 obtrectatores
3295 5503 3488 5561 funem

1891 5594 2171 5664 duxerint,
2213 5601 2277 5652 ut
2317 5596 2458 5670 nihil
2507 5596 2754 5652 medium
2803 5598 3094 5667 appetant,
3126 5609 3227 5650 nec
3266 5601 3491 5650 servent

1891 5685 2142 5756 modum,
2168 5685 2267 5744 sed
2287 5691 2469 5744 totum
2497 5691 2597 5744 aut
2622 5683 2880 5759 probent,
2914 5689 3014 5743 aut
3057 5683 3396 5760 improbent,
3427 5684 3490 5742 li-
