3958 6414
453 407 520 470 59
1356 412 1436 468 ΙΝ
1473 409 1686 469 VITAS
1723 407 2024 466 PATRUM
2061 405 2598 468 PROLEGOHENA
2631 406 2829 463 XXVI.

3647 401 3722 460 60

451 537 680 597 bentius
725 541 876 613 piam
924 537 1298 595 rusticitatem
1327 555 1496 612 quam
1526 539 1750 596 doctam
1795 539 2058 614 blasphe-
2075 543 2118 602 Α
2137 539 2186 594 si
2215 537 2500 594 miraculis
2530 535 2687 604 clari,
2718 541 2776 592 et
2801 535 3010 609 optimo
3054 537 3165 591 ﬁne
3193 533 3586 600 consummati,
3631 533 3723 590 vix

452 629 623 684 miam
650 630 874 700 eligam.
903 648 932 682 ν

525 719 688 772 Dices
711 723 910 789 quarto
932 722 1129 772 contra
1153 718 1543 773 auctoritatem
1567 717 1697 772 libri
1716 718 1912 784 octavi,
1943 734 2046 772 au-

448 812 602 862 ctore
631 807 882 861 Palladio
922 825 934 860 :
971 807 1256 862 Palladius
1294 807 1384 861 hic
1416 807 1736 878 Origenista
1765 806 1892 862 fuit.
1933 807 2048 860 Βεσ-

451 895 693 966 spondet
717 895 980 967 Aloysius
1008 895 1348 966 Lipomanus
1371 901 1525 950 tomo
1543 897 1623 951 III
1645 897 1714 950 de
1742 895 1888 949 Vitis
1911 895 2048 950 San-

449 987 667 1038 ctorum
698 1001 711 1036 :
741 1002 767 1035 «
801 984 960 1048 Quod
983 984 1032 1038 is
1069 983 1238 1038 fuerit
1254 984 1573 1054 Origenista
1599 1001 1794 1050 necne,
1817 985 1887 1038 ad
1915 1001 2046 1056 pro-

448 1072 697 1143 positum
727 1089 835 1144 quo
854 1073 944 1126 hic
971 1071 1114 1127 liber
1131 1073 1370 1144 scriptus
1391 1078 1476 1127 est
1498 1089 1697 1144 parum
1727 1073 1878 1130 facit.
1901 1073 2047 1128 Nam

449 1177 565 1216 non
596 1161 860 1232 dogmata
877 1161 1006 1216 ﬁdei
1025 1161 1082 1215 in
1114 1178 1198 1227 eo,
1222 1161 1318 1216 sed
1338 1167 1660 1216 sanctorum
1685 1162 1827 1217 Vitae
1846 1161 2048 1226 descri‘g

450 1247 684 1315 buntur,
722 1255 780 1304 et
808 1255 893 1314 (ut
921 1250 991 1304 de
1021 1249 1258 1304 Eusebio
1288 1250 1616 1305 Caesariensi
1646 1250 1922 1322 episc0po,
1952 1251 2047 1322 qui

451 1343 510 1392 et
537 1338 658 1410 ipse
694 1338 953 1408 Origenis
995 1338 1185 1392 fautor
1207 1338 1333 1405 fuit,
1363 1339 1445 1394 ait
1479 1338 1676 1394 beatus
1713 1356 1857 1410 papa
1889 1339 2049 1394 Gela-

452 1426 589 1496 sius)
625 1446 652 1478 α
682 1427 918 1498 Propter
939 1444 1127 1482 rerum
1155 1428 1497 1498 singularem
1523 1427 1801 1494 notitiam,
1829 1445 1951 1500 quae
1977 1429 2048 1482 ad

452 1514 882 1570 instructionem
931 1515 1196 1586 pertinet,
1244 1533 1356 1570 non
1395 1517 1616 1571 videtur
1643 1517 1983 1582 renuendus,
2015 1535 2044 1568 »

452 1605 766 1675 praesertim
795 1621 922 1659 cum
940 1606 1031 1676 (ut
1057 1603 1266 1674 ingenii
1296 1605 1474 1659 nostri
1493 1604 1844 1660 imbecillitas
1863 1605 2048 1659 videre

451 1693 658 1764 potuit)
687 1693 827 1747 nihil
856 1692 948 1746 hic
971 1709 1084 1747 non
1113 1692 1288 1764 pium,
1333 1709 1446 1747 non
1470 1693 1843 1748 Christianam
1880 1693 2046 1748 redo-

455 1782 576 1837 lens
621 1781 925 1852 puritatem
967 1783 1206 1852 legatur.
1255 1781 1646 1853 Approbamus
1674 1782 1848 1852 igitur
1883 1799 2042 1854 opus,

2128 627 2331 683 adduci
2363 642 2678 699 possumus,
2712 630 2779 680 ut
2806 624 3102 680 credamus
3125 625 3229 679 hos
3260 623 3385 679 illos
3413 638 3555 689 esse,
3579 639 3721 696 quos

2127 717 2290 772 divus
2319 716 2696 786 Hieronymus
2725 715 3000 770 haereseos
3043 729 3080 768 a
3117 712 3380 770 Patribus
3422 712 3721 768 damnatos

2127 805 2344 873 asserit,
2369 810 2426 859 et
2453 821 2566 859 non
2592 821 2820 876 prorsus
2848 803 3004 858 alios.
3595 842 3603 846 -

2201 893 2316 963 Ego
2345 897 2411 947 ut
2433 891 2579 963 quod
2601 891 2780 948 sentio
2795 891 2968 946 libere
2982 890 3178 954 fatear,
3203 894 3497 962 postquam
3510 889 3721 944 librum

2127 981 2278 1036 hunc
2305 979 2542 1035 Palladii
2564 980 2635 1034 ad
2664 980 2911 1035 Lausum
2957 997 2991 1034 a
3017 978 3370 1034 sanctissimo
3397 979 3722 1050 pariterque

2129 1069 2451 1124 doctissimo
2471 1069 2607 1134 viro,
2624 1068 2879 1123 Ecclesiae
2899 1068 3176 1133 columna,
3194 1067 3408 1122 Joanne
3427 1067 3724 1122 Damasce-

2130 1175 2221 1224 no,
2246 1159 2304 1212 in
2335 1173 2594 1212 sermone
2613 1157 2708 1211 illo
2725 1173 2916 1221 aureo,
2946 1156 3500 1224 Defunctosvivorum
3523 1157 3722 1224 beneﬁ-

2129 1250 2230 1301 ciis
2245 1249 2466 1316 juvari,
2497 1245 2782 1317 inscripto,
2809 1250 3102 1317 tantopere
3121 1245 3573 1300 commendatum
3585 1243 3717 1312 vidi,

2129 1334 2339 1406 absque
2365 1335 2480 1390 ullo
2526 1335 2879 1390 conscientiae
2923 1334 3183 1406 scrupulo
3226 1339 3409 1388 totum
3453 1349 3594 1406 opus
3635 1331 3723 1388 bis

2129 1429 2327 1494 terque
2356 1423 2584 1495 perlegi,
2617 1440 2794 1496 eaque
2823 1423 3057 1478 lectione
3077 1439 3204 1476 cum
3224 1422 3458 1477 miriﬁce
3477 1439 3604 1477 sum
3619 1423 3721 1477 de-

2130 1513 2384 1578 lectatus,
2399 1517 2524 1568 tum
2536 1529 2664 1567 vero
2676 1513 2939 1583 ﬂagranti
2955 1511 3192 1584 quodam
3205 1511 3512 1566 cmlestium
3528 1527 3723 1566 rerum

2130 1601 2410 1656 desiderio
2438 1607 2590 1656 totus
2621 1602 2821 1656 exarsi.
2852 1601 2938 1656 Tu
2966 1607 3176 1668 tamen,
3198 1599 3344 1672 quod
3374 1599 3722 1672 probabilius

2130 1695 2187 1744 et
2211 1689 2313 1743 tibi
2341 1691 2520 1745 tutius
2549 1691 2786 1756 videtur,
2806 1706 3059 1762 sequere.

2200 1779 2481 1834 Hactenus
2501 1779 2852 1834 doctissimus
2873 1784 2931 1834 et
2949 1777 3312 1849 gravissimus
3331 1776 3417 1832 vir
3434 1777 3720 1850 Aloysius,

451 1869 782 1940 scriptorem
814 1876 1002 1924 autem
1031 1869 1133 1924 Dei
1173 1870 1403 1939 judicio,
1435 1887 1626 1924 coram
1655 1887 1765 1942 quo
1794 1870 1888 1926 ille
1912 1876 2042 1938 stat,
2067 1866 2225 1952 Bqui
2253 1869 2484 1922 concilio
2522 1867 2850 1923 Tridentino
2895 1883 3020 1922 cum
3067 1867 3194 1920 aliis
3235 1865 3452 1921 duobus
3491 1865 3724 1936 collegis

451 1973 822 2012 reservamus.
867 1959 1012 2012 Nam
1051 1957 1222 2012 dubia
1249 1975 1350 2030 pro
1371 1959 1540 2013 certis
1571 1975 1842 2025 asserere,
1875 1959 2043 2015 nimis

449 2047 815 2101 temerarium
845 2045 1006 2100 nobis
1034 2046 1272 2100 videtur.
1309 2065 1334 2100 ν
1365 2048 1452 2102 Ita
1478 2047 1758 2119 Aloysius.

521 2135 685 2189 Dices
729 2135 926 2206 quinto
971 2151 1102 2189 cum
1147 2135 1343 2189 eodem
1373 2135 1600 2207 Aloysio
1642 2153 1813 2208 supra
1849 2143 2046 2192 contra

451 2223 715 2278 eumdem
728 2223 934 2278 librum
959 2224 1192 2278 :Verum
1215 2223 1366 2278 aliud
1379 2224 1657 2294 quoddam
1681 2225 1739 2278 in
1760 2226 1862 2280 hoc
1877 2243 2044 2298 opere

453 2329 575 2366 sese
608 2312 788 2378 offert,
833 2312 980 2382 quod
1019 2328 1121 2366 nos
1148 2313 1328 2382 magis
1371 2311 1635 2366 sollicitos
1661 2312 1804 2384 [LIII]
1838 2313 2040 2368 reddit.

450 2401 622 2456 Divus
635 2402 1032 2472 Hieronymus,
1057 2402 1216 2471 cujus
1234 2401 1294 2454 in
1312 2399 1554 2456 Ecclesia
1575 2405 1733 2455 tanta
1754 2407 1840 2456 est
1859 2408 2047 2457 aucto-

449 2490 606 2556 ritas,
641 2495 910 2560 quantam
940 2505 1135 2544 omnes
1163 2489 1389 2552 scimus,
1421 2490 1481 2544 in
1511 2490 1748 2560 epistola
1775 2507 1943 2562 quam
1974 2491 2045 2546 ad

452 2578 874 2649 Ctesiphontem
890 2577 1100 2643 scribit,
1120 2578 1428 2648 suggillans
1442 2578 1740 2649 Evagrium
1752 2579 2044 2634 Ponticum

449 2666 609 2732 (imo,
628 2665 935 2730 Ruﬂinum,
959 2670 1026 2720 ut
1053 2665 1364 2736 prolegom.
1395 2667 1448 2731 4,
1472 2665 1500 2738 §
1527 2667 1592 2721 lO
1623 2666 1802 2732 docui)
1826 2669 2044 2738 Hyper-

451 2753 713 2818 boritam,
755 2753 850 2825 qui
879 2752 1085 2808 librum
1105 2753 1326 2824 scripsit
1343 2754 1502 2825 quasi
1524 2755 1593 2809 de
1622 2756 1929 2821 monachis,
1953 2756 2046 2811 ob-

444 2842 574 2913 jicit
601 2843 652 2896 ei
677 2843 884 2896 multos
911 2841 970 2895 in
992 2859 1058 2896 eo
1083 2841 1225 2896 libro
1254 2849 1611 2898 enumeratos
1640 2845 1735 2915 qui
1755 2861 2043 2916 nunquam

450 2929 679 2998 fuerint,
708 2935 765 2984 et
785 2946 922 3000 quos
953 2928 1122 2984 fuisse
1151 2929 1344 2984 scribit
1359 2930 1725 3001 Origenistas,
1759 2938 1816 2986 et
1843 2932 1914 2986 ab
1933 2932 2045 3004 epi-

453 3019 634 3090 scopis
663 3019 960 3072 damnatos
990 3019 1220 3085 asserit;
1255 3019 1552 3091 volensque
1580 3019 1828 3091 apertius
1857 3022 1953 3092 qui
1983 3021 2040 3074 hi

453 3113 643 3163 essent
673 3107 938 3172 indicare,
983 3107 1308 3178 subjungit:
1340 3095 1361 3159 ἆ
1395 3109 1756 3163 Ammonium
1787 3109 2042 3164 videlicet

2129 1957 2214 2023 (ut
2233 1957 2352 2028 ipse
2383 1957 2643 2028 exprimit
2671 1957 2907 2028 epistola
2935 1955 3278 2010 dedicatoria
3305 1954 3442 2026 [LIV]
3489 1954 3724 2009 secundi

2125 2045 2284 2111 tomi,
2300 2045 2547 2100 Venetiis
2568 2045 2823 2118 impressi
2857 2043 3008 2111 1553,
3027 2044 3097 2098 de
3112 2043 3255 2099 Vitis
3275 2043 3628 2111 Sanctorum,
3647 2043 3725 2100 ad

2125 2132 2335 2188 Julium
2362 2150 2567 2205 papam
2595 2134 2694 2202 III)
2725 2133 2964 2206 praefuit.

2196 2221 2358 2276 Dices
2385 2227 2558 2288 sexto,
2583 2227 2779 2276 contra
2799 2223 2956 2276 Vitas
2978 2237 3172 2276 omnes
3199 2221 3258 2276 in
3297 2236 3504 2292 genere
3528 2238 3540 2274 :
3585 2221 3725 2293 Epi-

2126 2311 2270 2365 stola
2288 2311 2520 2366 Adriani
2550 2312 2573 2366 Ι
2604 2328 2761 2384 papae
2791 2311 2862 2366 ad
2885 2311 3145 2366 Carolum
3176 2326 3387 2381 regem,
3409 2325 3516 2381 qua
3531 2310 3728 2366 confu-

2126 2403 2212 2454 tat
2229 2407 2616 2472 oppugnantes
2637 2401 2942 2456 secundum
2967 2400 3245 2473 synodum
3264 2400 3568 2466 Nicenam,
3592 2417 3721 2472 cap.

2127 2488 2214 2552 17,
2247 2488 2305 2543 in
2329 2489 2548 2544 actione
2579 2487 2630 2555 5,
2677 2490 2781 2544 hoc
2820 2489 3266 2560 oppugnantium
3318 2494 3726 2560 argumentum

2127 2575 2296 2631 citat:
2325 2597 2346 2628 ι
2383 2577 2542 2641 Quod
2571 2577 2651 2632 illi
2677 2577 2822 2643 libri,
2840 2577 2982 2632 Vitae
3002 2579 3252 2643 Patrum,
3272 2586 3511 2648 quarum
3531 2584 3727 2634 aucto-

2105 2681 2216 2718 -res
2246 2664 2598 2734 ignorantur,
2633 2681 2747 2720 non
2774 2681 3002 2737 prorsus
3029 2665 3218 2720 idonei
3246 2665 3358 2720 sint
3382 2665 3452 2720 ad
3468 2665 3727 2721 testimo-

2126 2752 2222 2807 nia
2244 2753 2444 2817 danda,
2481 2759 2540 2808 et
2567 2754 2639 2808 ad
2668 2755 2784 2808 hzec
2815 2770 2936 2826 quae
2953 2753 3012 2808 in
3040 2754 3456 2808 contentionem
3487 2755 3727 2810 veniunt

2125 2841 2526 2896 confirmanda.
2559 2861 2587 2896 ι
2629 2843 2948 2913 Respondet
2973 2842 3252 2896 Adrianus
3283 2859 3462 2914 papa:
3516 2859 3544 2895 α
3575 2843 3723 2898 Vitas

2125 2929 2360 2984 Patrum
2385 2930 2504 2984 sine
2526 2929 2908 3001 probabilibus
2922 2930 3242 2986 auctoribus
3271 2930 3503 2985 minime
3531 2931 3591 2986 in
3620 2931 3724 2986 Ec-

2125 3017 2290 3071 clesia
2316 3019 2599 3088 leguntur.
2614 3020 2754 3074 Nam
2787 3018 2856 3073 ab
2877 3019 3198 3074 orthodoxis
3218 3019 3456 3074 titulatae
3467 3025 3524 3074 et
3543 3021 3722 3075 susci-

2122 3105 2372 3176 piuntur,
2389 3112 2444 3160 et
2455 3107 2736 3176 leguntur.
2750 3107 2932 3182 Magis
2937 3107 3085 3162 enim
3097 3107 3380 3178 passiones
3392 3113 3722 3164 sanctorum

450 3201 509 3250 et
533 3194 852 3261 Eusebium,
883 3201 940 3248 et
978 3193 1361 3266 Euthymium,
1396 3199 1454 3249 et
1490 3195 1676 3266 ipsum
1723 3195 2038 3266 Evagrium,
2059 3199 2437 3266 Cmartyrum
2467 3196 2610 3250 sacri
2639 3213 2880 3251 canones
2913 3201 3272 3262 censuerunt,
3304 3202 3369 3252 ut
3416 3196 3584 3250 liceat
3619 3214 3720 3253 eas

450 3284 529 3340 Or
565 3300 786 3355 quoque
817 3287 874 3338 et
901 3283 1197 3350 Isidorum,
1232 3290 1288 3338 et
1315 3284 1521 3338 multos
1551 3283 1708 3351 alios,
1743 3301 1882 3356 quos
1909 3301 2042 3340 enu-

447 3388 668 3427 merare
693 3371 923 3427 taedium
955 3377 1058 3426 est.
1093 3389 1121 3425 ι
1152 3373 1228 3426 At
1255 3371 1312 3426 hi
1343 3388 1460 3438 sex,
1510 3387 1748 3443 quorum
1789 3373 1846 3427 in
1881 3391 2042 3429 men-

448 3460 663 3515 tionem
691 3460 1010 3526 incidimus,
1039 3460 1288 3516 etiamin
1308 3460 1412 3514 hoc
1439 3460 1674 3514 Palladii
1692 3478 1859 3533 opere
1873 3461 2044 3517 inter-

449 3554 736 3617 seruntur,
769 3565 1076 3621 eorumque
1103 3548 1244 3603 Vitae
1274 3553 1532 3603 accurate
1565 3549 1858 3622 descripta:
1886 3567 2042 3622 repe-

449 3637 693 3694 riuntur.
745 3637 891 3702 Quid
940 3637 1114 3708 igitur
1158 3637 1230 3691 ad
1285 3637 1402 3693 haec
1447 3637 1734 3694 dicemus?
1770 3639 2041 3712 suscipie-

446 3743 644 3782 musne
675 3727 824 3782 viros
857 3727 954 3798 qui
985 3743 1020 3781 a
1047 3731 1205 3781 tanto
1255 3727 1422 3782 Patre
1451 3727 1519 3782 de
1562 3727 1758 3783 haeresi
1788 3729 2040 3784 damnati

447 3815 846 3870 affirmantur?
874 3814 1196 3887 Respondet
1221 3815 1373 3870 idem
1413 3817 1675 3889 Aloysius
1703 3835 1716 3871 :
1751 3817 2040 3874 Haeremus

447 3910 598 3960 certe
625 3906 731 3960 hoc
754 3904 814 3958 in
843 3905 982 3971 loco,
1017 3905 1192 3958 lector
1217 3905 1631 3960 candidissime.
1657 3906 1775 3960 Etsi
1795 3907 1930 3961 illud
1953 3923 2040 3962 re-

446 3994 722 4065 spondere
762 4008 1076 4064 possumus,
1105 3993 1310 4048 librum
1355 3994 1627 4049 duntaxat
1657 3995 1876 4064 Evagrii
1908 3995 2038 4064 (imo

447 4080 677 4146 Rufﬁni,
709 4085 774 4134 ut
797 4080 916 4150 jam
941 4079 1102 4151 dixi),
1124 4097 1236 4135 non
1264 4087 1451 4136 autem
1484 4082 1698 4136 Paladii
1721 4099 1821 4153 per
1849 4082 2039 4137 divum

449 4170 859 4240 Hieronymum
897 4167 1067 4223 fuisse
1105 4169 1452 4224 damnatum.
1482 4172 1596 4225 Aut
1639 4171 1764 4225 illos
1793 4171 2038 4242 profecto

449 4259 675 4314 eosdem
704 4274 817 4312 non
864 4273 986 4312 esse
1031 4257 1128 4329 qui
1170 4264 1228 4313 et
1256 4259 1326 4313 ab
1358 4259 1594 4330 Evagrio
1624 4265 1681 4313 et
1721 4276 1756 4314 a
1790 4260 2039 4314 Palladio

448 4351 982 4411 commemorantur,
1017 4347 1116 4402 sed
1153 4347 1380 4402 omnino
1409 4348 1567 4402 alios.
1615 4347 1864 4418 Contigit
1890 4347 2039 4403 enim

357 4429 362 4433 “
451 4439 618 4504 (teste
661 4435 783 4507 ipso
831 4435 1000 4490 etiam
1031 4436 1156 4491 divo
1203 4437 1546 4508 Hieronymo
1571 4442 1628 4491 et
1651 4437 1942 4492 Gennadio
1971 4436 2042 4492 de

2123 3283 2294 3338 etiam
2323 3281 2382 3338 in
2411 3285 2641 3340 ecclesia
2671 3285 2798 3356 legi,
2822 3301 2948 3340 cum
2977 3285 3342 3339 anniversarii
3370 3285 3490 3340 dies
3517 3301 3720 3341 eorum

2123 3372 2495 3428 celebrantur.
2524 3393 2550 3425 »
2578 3373 2743 3428 Aliud
2764 3373 2939 3444 igitur
2964 3374 3142 3428 estita
3171 3373 3558 3429 authenticum
3570 3391 3716 3442 esse,

2124 3467 2188 3516 ut
2213 3461 2272 3516 in
2301 3462 2546 3516 Ecclesia
2569 3463 2810 3532 legatur,
2833 3462 2986 3517 aliud
3005 3468 3070 3517 ut
3092 3479 3126 3516 a
3153 3462 3455 3517 Catholicis
3483 3463 3722 3535 recipia-

2122 3555 2217 3605 tur
2244 3556 2302 3605 et
2321 3551 2560 3621 legatur.
2585 3551 2920 3622 Quanquam
2941 3567 3053 3606 non
3073 3556 3192 3606 tam
3211 3550 3291 3606 ibi
3311 3551 3562 3624 pontifex
3583 3557 3722 3623 agat

2121 3637 2192 3692 de
2219 3638 2306 3692 his
2325 3639 2470 3694 Vitis
2496 3639 2726 3694 Patrum
2756 3638 3138 3706 eremitarum,
3163 3656 3330 3711 quam
3360 3639 3430 3695 de
3459 3640 3718 3696 omnium

2120 3726 2360 3782 aliorum
2384 3728 2616 3782 Patrum
2644 3728 2806 3794 Vitis,
2833 3743 2954 3798 quae
2978 3727 3097 3783 sine
3118 3727 3339 3800 probati
3353 3728 3596 3784 auctoris
3616 3745 3720 3784 no-

2119 3816 2272 3870 mine
2300 3832 2414 3870 non
2442 3816 2600 3871 facile
2628 3814 3040 3887 recipiebantur
3065 3816 3125 3871 in
3147 3817 3400 3873 Ecclesia
3421 3817 3712 3873 lectiones.

2190 3904 2354 3959 Dices
2379 3905 2636 3976 septimo,
2659 3905 2927 3960 Melchior
2945 3905 3130 3960 Canus
3159 3905 3301 3960 libro
3329 3919 3390 3972 ιι,
3419 3922 3543 3977 cap.
3571 3905 3715 3974 6,de

2122 3993 2256 4048 locis
2283 3993 2651 4064 Theologicis,
2683 4009 2812 4048 acer
2839 3993 3165 4066 cumprimis
3187 3993 3457 4049 librorum
3488 4011 3709 4062 censor,

2121 4082 2329 4137 Gelasii
2349 4082 2672 4137 testimonio
2693 4099 2886 4138 eorum
2907 4082 3318 4155 impudentiam
3329 4083 3597 4150 retundit,
3613 4084 3713 4156 qui

2120 4171 2322 4225 harum
2341 4187 2529 4226 rerum
2539 4177 2825 4226 auctorem
2837 4171 3063 4227 beatum
3080 4172 3484 4244 Hieronymum
3493 4173 3714 4244 pervul-

2119 4264 2344 4330 garunt,
2375 4277 2514 4331 quas
2551 4276 2714 4314 nemo
2753 4260 2860 4314 nisi
2907 4259 3063 4314 rudis
3104 4266 3162 4315 et
3206 4260 3450 4330 elinguis
3495 4261 3709 4318 ederet.

2121 4349 2477 4420 Respondeo:
2507 4349 2622 4404 Nec
2644 4365 2746 4403 nos
2775 4347 2938 4403 beato
2953 4348 3294 4420 Hieronymo
3315 4348 3472 4404 Vitas
3483 4365 3578 4404 eas
3588 4366 3714 4404 om-

2122 4455 2222 4493 nes
2253 4454 2581 4509 arrogamus
2605 4457 2617 4505 ;
2647 4444 2704 4492 et
2735 4437 3029 4510 plerasque
3057 4439 3283 4492 rudiore
3311 4438 3406 4493 filo
3434 4442 3634 4504 textas,
3662 4439 3713 4494 si

448 4525 598 4581 Viris
626 4524 956 4594 illustribus)
983 4525 1296 4596 complures
1317 4530 1538 4580 sanctos
1567 4527 1783 4592 Patres,
1824 4542 2040 4582 necnon
2057 4513 2104 4572 D
2123 4527 2512 4582 Stridonensia
2539 4513 2784 4582 multitia
2811 4525 3200 4597 inspiciantur,
3241 4542 3354 4581 non
3380 4525 3710 4583 difﬁtemur.

449 4615 752 4670 monachos
781 4619 840 4669 et.
861 4615 1244 4681 anachoretas,
1278 4615 1531 4686 ejusdem
1577 4614 1749 4669 fuisse
1776 4615 2038 4684 nominis,
2125 4617 2184 4672 Si
2215 4617 2401 4672 Canus
2425 4616 2588 4688 plura
2612 4615 2804 4682 voluit,
2858 4613 3020 4670 nobis
3063 4615 3176 4669 divi
3220 4615 3525 4684 Benedicti,
3575 4617 3713 4701 Cas:

449 4709 515 4760 ut
543 4703 601 4758 in
627 4703 884 4775 plurimis
907 4704 1186 4771 Macariis,
1216 4703 1424 4769 Paulis,
1443 4703 1770 4772 Joannibus,
1791 4703 2038 4772 Isidoris,
2123 4705 2351 4774 siodori,
2371 4704 2628 4776 Gregorii
2653 4704 3015 4771 Turonensis,
3037 4703 3389 4776 aliorumque
3408 4705 3715 4762 auctoritas

449 4791 718 4862 Evagriis,
751 4793 939 4848 videre
962 4793 1109 4848 licet.

519 4883 596 4936 At
627 4881 676 4935 si
704 4881 822 4935 haec
861 4881 1149 4954 responsio
1175 4880 1280 4936 tibi
1307 4897 1421 4936 non
1450 4880 1739 4949 satisfacit,
1770 4881 1910 4936 nihil
1938 4898 2042 4938 no-

448 4969 536 5025 bis
563 4969 863 5024 dicendum
891 4974 1166 5040 superest,
1195 4969 1301 5024 nisi
1324 4974 1388 5023 ut
1414 4969 1502 5024 his
1517 4987 1612 5025 sex
1641 4970 1886 5026 dimissis
1905 4971 2043 5026 alios

449 5060 638 5131 legere
681 5075 752 5113 ne
789 5057 1057 5130 graveris.
1089 5059 1280 5129 Longe
1320 5059 1469 5112 enim
1499 5058 1646 5114 absit
1681 5066 1746 5114 ut
1783 5075 1904 5127 nos,
1947 5060 2043 5132 qui

448 5153 570 5205 toto
591 5148 716 5202 vita:
748 5153 954 5202 nostrae
982 5151 1235 5218 tempore
1263 5155 1460 5202 contra
1485 5147 1774 5204 haereticos
1811 5149 2045 5204 desuda-

451 5237 651 5304 vimus,
684 5236 922 5290 velimus
960 5251 1111 5291 nunc
1157 5219 1446 5292 haereticos
1488 5237 1743 5292 homines
1773 5237 1832 5292 in
1862 5239 2046 5294 Eccle-

375 5342 381 5345 ·
452 5325 596 5382 siam
621 5324 994 5381 introducere.

524 5415 861 5486 Quanquam
898 5413 947 5468 si
975 5429 1042 5470 ex
1069 5413 1346 5487 praedictis
1374 5431 1470 5470 sex
1488 5415 1622 5471 viris
1641 5415 1896 5472 nonnulli
1932 5415 2043 5472 divi

448 5503 682 5558 Antonii
710 5503 967 5574 discipuli
1011 5502 1258 5572 fuerunt,
1296 5505 1343 5560 si
1385 5505 1560 5578 aliqui
1603 5505 1716 5562 divi
1746 5505 1956 5574 Basilii,
1985 5511 2044 5562 et

451 5591 705 5663 Gregorii
735 5592 1071 5650 Nazianzeni
1099 5594 1332 5663 alumni,
1361 5595 1410 5650 si
1437 5611 1660 5651 summa
1689 5611 1884 5650 omnes
1915 5595 2039 5652 vitae

449 5682 746 5740 honestate
761 5683 1001 5756 praediti,
1021 5690 1082 5742 et
1096 5685 1300 5744 divinis
1314 5683 1747 5744 charismatibus
1764 5682 2033 5758 insigniti,

2121 4794 2323 4866 potior.

2195 4883 2357 4938 Dices
2372 4886 2586 4950 octavo,
2602 4882 2848 4938 Galenus
2877 4881 3327 4954 Westcapellius,
3343 4882 3570 4938 Tcatech.
3585 4883 3646 4941 2|
3658 4883 3711 4953 5,

2122 4972 2330 5028 librum
2360 4971 2618 5028 ﬂctitium
2649 4975 2827 5039 vocat,
2860 4971 2956 5043 qui
2991 4970 3332 5036 inscribitur,
3381 4973 3560 5028 nescit
3604 4990 3718 5045 qua

2123 5060 2509 5132 grammatica,
2535 5060 2694 5116 Vitas
2714 5061 2966 5116 Patrum.
3013 5060 3378 5132 Respondeo:
3424 5061 3550 5116 Non
3596 5062 3718 5117 vult

2126 5149 2371 5204 Galenus
2400 5148 2606 5204 librum
2643 5147 2793 5203 hunc
2821 5147 2902 5202 ita
2949 5147 3230 5214 ﬁctitium,
3279 5148 3440 5220 quasi
3485 5148 3716 5204 omnino

2125 5239 2288 5293 ﬁctus
2317 5238 2417 5306 sit;
2451 5237 2548 5292 sed
2577 5241 2798 5292 tantum
2828 5237 2908 5291 ita
2932 5241 3093 5292 vocat
3127 5237 3346 5292 ratione
3373 5236 3484 5292 divi
3511 5237 3716 5294 Hiero-

2124 5327 2301 5400 nymi,
2333 5327 2493 5398 cujus
2521 5326 2748 5382 titulum
2779 5325 3020 5399 praefert,
3053 5343 3181 5382 cum
3207 5328 3330 5398 ejus
3357 5342 3470 5382 non
3492 5325 3583 5394 sit,
3616 5327 3718 5383 sed

2123 5416 2320 5472 ﬁctitio
2340 5421 2398 5470 et
2423 5414 2702 5470 adscititio
2722 5416 2844 5486 ejus
2871 5415 3098 5471 nomine
3120 5415 3454 5471 vcnditatur.
3467 5414 3629 5482 Quod
3644 5415 3718 5471 ad

2120 5505 2548 5577 grammaticam
2569 5504 2787 5573 attinet,
2814 5522 2925 5579 qua
2943 5505 3154 5561 dictum
3171 5505 3246 5561 sit
3270 5505 3430 5561 Vitas
3457 5505 3712 5574 Patrum,

2119 5595 2244 5652 vide
2279 5596 2714 5669 prolegomenon
2741 5593 2788 5653 1.
