3958 6390
209 373 261 430 6t
1427 364 2025 425 PROLEGOMENON
2064 364 2212 423 XXI.
3387 371 3455 427 62

565 492 1159 550 PROLEGOMENON
1195 491 1350 546 XVI.
1790 491 2014 558 Adior;
2047 493 2104 544 te
2134 490 2180 545 si
2209 490 2366 562 piget
2392 490 2624 559 imitari,
2662 493 2778 548 noli
2809 493 3113 548 adversari.
3147 494 3457 566 Respondit

1426 585 1459 655 ἠ
1852 579 1964 646 ille,
1998 581 2285 638 adhaerere
2330 598 2390 636 se
2437 582 2588 636 socio
2627 588 2798 638 tantae
2843 583 3133 650 mercedis,
3172 590 3454 655 tantaeque

1851 669 2084 725 militiae.
2129 671 2198 725 Et
2224 670 2388 724 ambo
2414 673 2534 742 jam
2577 673 2658 726 tui
2682 672 3032 728 aedificabant
3061 675 3263 728 turrim
3297 691 3452 728 sum-

267 768 336 822 Ex
355 766 435 820 his
488 763 736 818 fontibus
790 779 922 817 suos
974 761 1327 828 Benedictus,
1379 759 1763 826 Cassiodorus,
1851 764 1950 831 ptu
1982 759 2183 814 idoneo
2211 761 2563 832 relinquendi
2597 763 2787 817 omnia
2814 780 2933 830 sua,
2964 769 3020 817 et
3047 763 3317 835 sequendi
3346 770 3418 817 te.

206 856 449 913 Martinus
477 852 816 919 Dumiensis,
864 851 1208 916 Dominicus,
1248 851 1456 922 aliique
1491 849 1768 920 religiosae
1926 867 1949 899 (ι
1983 848 2126 902 Tum
2171 850 2484 905 Potitianus
2524 856 2581 905 et
2611 852 2704 923 qui
2747 869 2874 906 cum
2907 870 2972 908 eo
3008 871 3108 924 per
3135 853 3274 907 alias
3303 853 3452 907 horti

207 945 403 1000 familiae
430 943 689 998 ductores
719 942 1023 1012 irrigavere
1056 940 1330 995 hortulos.
1374 939 1481 994 Sed
1525 928 1763 1003 illustre,
1850 941 2040 1009 partes
2068 939 2522 1006 deambulabant,
2558 949 2870 1012 quaerentes
2901 959 3015 1009 eos,
3037 941 3454 996 deveneruntin

208 1033 333 1106 quod
349 1033 412 1087 de
436 1031 665 1087 Antonii
685 1032 817 1086 Vita
842 1031 902 1086 in
925 1029 1266 1087 occidentem
1289 1029 1446 1084 illata
1467 1034 1663 1083 narrat
1690 1029 1770 1082 di-
1855 1027 2113 1081 eumdem
2146 1029 2348 1094 locum,
2375 1035 2430 1083 et
2460 1030 2804 1086 invenientes
2834 1033 3251 1086 admonuerunt
3279 1037 3342 1084 ut
3370 1047 3455 1084 re-

206 1140 297 1178 vus
320 1122 677 1193 Augustinus,
703 1137 828 1176 cum
858 1119 968 1175 duo
999 1127 1228 1190 agentes
1251 1119 1310 1174 in
1345 1118 1531 1180 rebus,
1560 1118 1770 1172 relictis
1854 1115 2058 1178 dirent,
2083 1117 2348 1188 quoniam
2369 1119 2700 1174 declinasset
2722 1121 2859 1175 dies.
2886 1122 2960 1176 At
2980 1121 3060 1174 illi
3080 1126 3309 1174 narrato
3339 1120 3455 1191 pla-

205 1211 416 1285 sponsis,
438 1211 610 1265 vitam
661 1211 954 1281 elegerunt
1001 1209 1310 1263 solitariam
1347 1228 1370 1279 ;-
1411 1207 1558 1280 quod
1596 1212 1653 1261 et
1683 1206 1771 1260 hic
1854 1204 1964 1259 cito
2003 1211 2060 1260 et
2086 1207 2373 1278 proposito
2411 1225 2532 1276 suo,
2568 1226 2791 1280 quoque
2829 1211 2994 1263 modo
3024 1210 3082 1263 in
3105 1209 3184 1263 eis
3215 1209 3344 1262 talis
3362 1225 3454 1262 vo-

205 1301 381 1372 legisse
424 1317 536 1355 non
566 1300 676 1355 erit
718 1299 954 1354 inutile:
1003 1316 1029 1352 (
1064 1299 1236 1353 Ortus
1276 1302 1362 1352 est
1397 1313 1601 1359 sermo,
1648 1296 1769 1367 ipso
1853 1294 2040 1349 luntas
2069 1301 2193 1350 orta
2222 1303 2369 1351 esset
2390 1303 2558 1370 atque
2585 1300 2828 1364 firmata,
2853 1299 3188 1370 petiverunt,
3223 1298 3356 1368 [Lvi]
3383 1314 3453 1352 ne

209 1390 502 1458 (Potitiano)
535 1394 801 1443 narrante
833 1388 901 1442 de
930 1388 1174 1442 Antonio
1222 1387 1336 1458 [Lv]
1365 1386 1625 1457 Egyptio
1648 1401 1768 1438 mo-
1851 1382 1955 1436 sibi
1980 1385 2201 1438 molesti
2233 1391 2421 1440 essent
2435 1387 2482 1440 si
2513 1388 2746 1458 adjungi
2763 1393 3111 1442 recusarent.
3146 1387 3245 1441 Isti
3263 1392 3454 1440 autem

489 640 614 706 Qua:
643 639 846 692 harum
878 639 1155 692 librorum
1185 638 1406 690 utilitas
1435 641 1459 689 Ρ

206 1480 380 1544 nacho,
411 1479 571 1550 cujus
600 1494 805 1532 nomen
837 1477 1169 1532 excellenter
1198 1475 1447 1530 clarebat
1472 1475 1621 1546 apud
1653 1490 1773 1528 ser—

206 1585 289 1623 vos
306 1574 438 1632 tuos,
475 1585 577 1622 nos
602 1574 791 1622 autem
821 1583 998 1638 usque
1030 1566 1087 1621 in
1118 1566 1273 1620 illam
1308 1565 1507 1619 horam
1539 1563 1768 1618 latebat.

205 1657 345 1722 Quod
362 1658 449 1712 ille
466 1656 560 1711 ubi
573 1656 1202 1728 comperit,immoratus
1222 1654 1384 1709 estin
1405 1670 1470 1709 eo
1486 1670 1764 1720 sermone,

1860 1472 2037 1527 nihilo
2067 1474 2269 1528 mutati
2292 1492 2327 1529 a
2356 1476 2627 1546 pristinis,
2652 1477 2929 1532 fleverunt
2956 1495 3014 1531 se
3043 1483 3255 1541 tamen,
3284 1482 3348 1529 ut
3377 1475 3458 1530 di-

1861 1561 2038 1627 cebat,
2072 1568 2242 1634 atque
2272 1564 2384 1618 illis
2398 1565 2488 1636 pie
2508 1567 2880 1636 congratulati
2911 1573 3060 1630 sunt,
3097 1573 3153 1621 et
3181 1582 3460 1619 commen-

1855 1651 2129 1706 daverunt
2159 1669 2217 1706 se
2255 1654 2603 1709 orationibus
2633 1673 2850 1723 eorum,
2883 1660 2940 1710 et
2968 1656 3256 1709 trahentes
3277 1671 3372 1708 cor
3397 1653 3454 1708 in

203 1747 474 1803 insinuans
502 1752 725 1802 tantum
754 1747 931 1800 virum
964 1745 1372 1816 ignorantibus,
1398 1748 1454 1798 et
1484 1743 1770 1797 admirans
1853 1745 2026 1807 terra,
2050 1741 2310 1797 abierunt
2331 1743 2385 1796 in
2409 1744 2699 1815 palatium.
2735 1746 3026 1800 Illiautem
3048 1744 3339 1814 afﬁgentes
3361 1760 3458 1798 cor

202 1837 437 1890 eamdem
459 1841 711 1891 nostram
737 1835 1138 1906 ignorantiam.
1174 1833 1548 1905 Stupebamus
1578 1837 1768 1886 autem
1787 1859 1835 1920 Β
1855 1831 2011 1895 coelo,
2043 1837 2371 1886 manserunt
2393 1833 2449 1886 in
2470 1849 2615 1886 casa.
2635 1835 2702 1888 Et
2722 1834 2887 1888 ambo
2904 1834 3185 1889 habebant
3200 1850 3450 1905 sponsas.

203 1925 470 1981 audientes
509 1931 626 1980 tam
664 1924 875 1980 recenti
915 1924 1204 1989 memoria,
1253 1928 1309 1977 et
1337 1939 1510 1994 prope
1564 1917 1829 1975 nostris_
1856 1917 1990 1981 Quae
2020 1924 2386 1989 posteaquam
2415 1919 2519 1973 hoc
2566 1921 2884 1987 audierunt,
2920 1922 3248 1976 dicaverunt
3286 1921 3458 1974 etiam

200 2015 524 2086 temporibus
553 2014 919 2069 testatissima
946 2013 1226 2068 mirabilia
1255 2018 1356 2066 tua
1383 2011 1441 2065 in
1471 2011 1578 2065 fide
1619 2014 1774 2064 recta
1855 2007 1990 2077 ipsae
2051 2007 2426 2078 virginitatem
2473 2009 2595 2062 tibi.
2639 2010 2919 2064 Narrabat
2970 2012 3086 2065 hzec
3136 2009 3452 2065 Potitianus

202 2108 250 2156 et
265 2103 526 2158 catholica
544 2105 793 2158 ecclesia.
816 2104 1025 2159 Omnes
1048 2102 1496 2168 mirabamur;et
1511 2117 1612 2154 nos
1639 2099 1772 2171 quia
1853 2095 1937 2173 (S.
1971 2096 2224 2163 August,
2260 2099 2354 2151 lib.
2389 2113 2484 2151 vui
2505 2098 2744 2166 Confess.
2767 2116 2888 2170 cap.
2922 2099 3029 2168 6)..

199 2196 303 2247 tam
326 2209 529 2264 magna
558 2198 736 2258 erant,
766 2198 822 2247 et
844 2193 935 2246 ille
971 2192 1104 2263 quia
1129 2191 1384 2246 inaudita
1403 2189 1566 2244 nobis
1588 2194 1768 2243 erant.
1927 2184 2061 2248 QUEB
2084 2186 2307 2256 quidem
2330 2187 2493 2240 lectio
2512 2188 2594 2241 uti
2615 2188 2924 2258 Agentibus
2948 2189 3006 2243 in
3030 2188 3195 2242 rebus
3221 2187 3449 2260 profuit,

263 2300 288 2334 α
315 2283 444 2337 Inde
476 2299 664 2337 sermo
696 2284 816 2353 ejus
847 2281 1137 2336 devolutus
1172 2286 1258 2335 est
1285 2280 1355 2334 ad
1400 2278 1771 2334 monasterio-
1854 2273 2060 2329 itahzec
2081 2276 2321 2346 repetita
2340 2277 2588 2330 narratio
2621 2278 2924 2347 Augustini
2947 2279 3201 2332 animum
3238 2278 3308 2331 ad
3333 2294 3453 2331 me-

198 2387 308 2424 rum
332 2388 530 2443 greges
562 2378 618 2426 et
632 2388 814 2425 mores
833 2370 1226 2425 suaveolentiae
1246 2375 1376 2434 tuae,
1400 2374 1456 2423 et
1475 2368 1651 2423 ubera
1680 2367 1773 2420 de-
1853 2362 1996 2417 liora
2024 2365 2351 2431 stimulavit,
2385 2365 2577 2420 subdit
2606 2367 2788 2420 enim:
2821 2388 2839 2418 ι
2861 2369 2943 2422 Tu
2966 2374 3176 2434 autem,
3193 2367 3448 2433 Domine,

197 2465 331 2513 serta
361 2461 555 2526 eremi,
589 2477 828 2532 quorum
867 2477 968 2514 nos
1001 2459 1139 2513 nihil
1177 2458 1507 2513 sciebamus.
1541 2459 1611 2511 Et
1653 2461 1774 2510 erat
1855 2452 2003 2507 inter
2026 2454 2194 2509 verba
2227 2456 2348 2525 ejus
2378 2456 2742 2527 retorquebas
2773 2474 2861 2510 me
2891 2459 2960 2510 ad
2981 2459 3276 2528 meipsum,
3305 2455 3454 2510 aufe-

197 2550 585 2604 monasterium
618 2549 916 2604 Mediolani
928 2551 1152 2620 plenum
1170 2548 1329 2603 bonis
1342 2547 1774 2602 fratribusextra
1857 2558 1986 2596 rens
2008 2559 2097 2597 me
2129 2561 2162 2598 a
2192 2544 2359 2598 dorso
2390 2562 2515 2599 meo
2529 2545 2623 2599 ubi
2638 2563 2726 2599 me
2748 2563 3063 2617 posueram,
3090 2547 3223 2601 dum
3247 2546 3452 2600 nollem

195 2637 334 2692 urbis
359 2639 564 2693 muenia
586 2638 690 2693 sub
717 2638 1012 2692 Ambrosio
1041 2639 1337 2704 nutritore,
1372 2643 1427 2692 et
1469 2653 1581 2691 non
1602 2651 1773 2690 nove-
1857 2648 1947 2685 me
1961 2633 2344 2699 attendere,et
2363 2634 2742 2689 constituebas
2761 2653 2850 2690 me
2869 2641 2998 2690 ante
3017 2636 3217 2690 faciem
3243 2652 3449 2698 meam,

196 2744 386 2782 ramus.
409 2727 789 2783 Pertendebat
807 2729 918 2794 ille,
940 2732 997 2781 et
1016 2725 1350 2797 loquebatur
1370 2725 1569 2791 adhuc,
1596 2729 1652 2778 et
1671 2739 1772 2778 nos
1857 2725 1920 2774 ut
1954 2722 2200 2776 viderem
2231 2740 2398 2794 quam
2429 2725 2612 2795 turpis
2649 2741 2849 2791 essem,
2884 2743 3053 2796 quam
3085 2726 3356 2779 distortus
3398 2729 3452 2778 et

196 2816 378 2871 intenti
395 2817 740 2872 tacebamus.
1856 2810 2134 2878 sordidus,
2176 2813 2493 2867 maculosus
2533 2820 2589 2867 et
2627 2815 2916 2868 ulcerosus
2951 2834 2962 2882 ;
3007 2820 3063 2868 et
3100 2814 3357 2868 videbam
3398 2818 3455 2868 et

259 2925 281 2956 σ
311 2907 466 2961 Unde
496 2906 698 2961 incidit
717 2910 781 2960 ut
800 2905 1028 2971 diceret,
1049 2904 1234 2959 nescio
1256 2904 1478 2976 quando
1501 2921 1560 2957 se
1583 2908 1640 2956 et
1656 2906 1772 2956 tres
1854 2898 2174 2967 horrebam,
2209 2905 2266 2953 et
2295 2917 2404 2971 quo
2435 2918 2469 2955 a
2498 2918 2587 2954 mc
2609 2901 2858 2972 fugerem
2890 2919 3002 2956 non
3033 2907 3172 2956 erat.
3210 2903 3275 2956 Et
3299 2901 3344 2955 si
3367 2918 3454 2954 co-

193 2994 316 3049 alios
343 2995 772 3050 contubernales
811 3011 958 3060 suos,
1009 2994 1278 3048 nimirum
1324 2993 1472 3064 apud
1516 2991 1772 3047 Treviros
1856 2986 2033 3042 nabar
2061 3005 2096 3042 a
2125 3007 2216 3043 me
2246 2995 2497 3044 avertere
2536 2997 2844 3062 aspectum,
2879 2991 3147 3045 narrabat
3176 2992 3268 3045 ille
3300 2990 3450 3061 quod

192 3100 304 3138 cum
327 3083 637 3158 imperator
678 3083 1060 3155 pomeridiano
1093 3083 1425 3137 circensium
1456 3082 1771 3153 spectaculo
1855 3076 2142 3145 narrabat,
2168 3084 2225 3132 et
2251 3085 2313 3132 tu
2331 3096 2420 3133 me
2437 3096 2633 3134 rursus
2659 3080 2979 3151 opponebas
2997 3081 3224 3143 mihi,et
3244 3080 3450 3151 impin-

189 3178 478 3241 teneretur,
507 3173 712 3227 exiisse
761 3171 1182 3227 deambulatum
1241 3172 1300 3225 in
1347 3172 1539 3226 hortos
1596 3170 1773 3225 muris
1795 3165 2029 3246 agebas
2053 3183 2141 3220 me
2171 3167 2227 3220 in
2246 3169 2437 3222 oculos
2467 3185 2639 3234 meos,
2673 3175 2735 3222 ut
2756 3169 3064 3224 invenirem
3094 3169 3452 3241 iniquitatem

189 3262 481 3332 contiguos,
501 3267 673 3333 atque
684 3261 795 3314 illic
812 3267 874 3315 ut
885 3261 1027 3316 forte
1049 3260 1345 3315 combinati
1361 3259 1769 3332 spatiabantur,
1858 3273 2042 3310 meam
2067 3263 2120 3311 et
2142 3258 2402 3312 odissem.
2428 3259 2707 3313 Noveram
2731 3277 2874 3325 eam,
2891 3261 2988 3313 sed
3005 3257 3448 3326 dissimulabam,

187 3364 346 3404 unum
361 3368 553 3406 secum
571 3367 847 3416 seorsum,
868 3355 925 3404 et
944 3350 1085 3404 alios
1111 3351 1252 3404 duos
1273 3349 1468 3403 itidem
1493 3365 1768 3413 seorsum,

187 3439 494 3511 pariterque
524 3439 835 3510 digressos;
859 3439 955 3494 sed
981 3439 1104 3492 illos
1135 3438 1494 3510 vagabundos
1513 3437 1767 3502 irruisse,

187 3526 236 3581 in
258 3530 558 3599 quamdam
583 3545 788 3595 casam,
811 3527 907 3583 ubi
928 3527 1255 3582 habitabant
1275 3528 1500 3600 quidem
1526 3527 1669 3582 servi
1691 3527 1775 3581 tui

189 3617 374 3688 spiritu
418 3634 718 3690 pauperes,
774 3618 1024 3689 qualium
1083 3623 1170 3672 est
1218 3635 1452 3688 regnum
1506 3618 1772 3672 calorum

186 3707 392 3775 (Matth.
427 3711 502 3774 v),
539 3712 596 3761 et
618 3706 895 3761 invenisse
924 3707 1001 3760 ibi
1041 3706 1299 3761 Codicem
1332 3706 1387 3759 in
1430 3722 1539 3777 quo
1565 3705 1771 3776 scripta

190 3803 299 3848 erat
326 3796 456 3850 Vita
479 3796 663 3850 sancti
703 3795 950 3850 Antonii.
993 3795 1175 3860 Quam
1205 3796 1390 3866 legere
1430 3795 1598 3866 coepit
1626 3810 1772 3848 unus

190 3899 390 3952 eorum,
415 3891 473 3940 et
501 3884 718 3952 mirari,
752 3890 808 3940 et
823 3885 1049 3939 accendi
1067 3890 1124 3939 et
1143 3884 1293 3939 inter
1323 3885 1622 3955 legendum
1653 3899 1771 3937 me-

192 3972 345 4028 ditari
367 3976 621 4047 arripere
650 3975 820 4028 talem
851 3974 1042 4039 vitam,
1069 3979 1126 4028 et
1142 3974 1335 4028 relicta
1367 3973 1569 4027 militia
1600 3989 1773 4027 saecu-

191 4061 285 4117 lari
313 4064 524 4120 servire
535 4061 658 4118 tibi.
683 4063 816 4118 Erat
831 4068 1019 4118 autem
1050 4079 1116 4117 ex
1135 4063 1216 4118 eis
1240 4080 1378 4135 quos
1394 4061 1584 4117 dicunt
1601 4078 1775 4132 agen-

191 4155 266 4206 tes
297 4152 354 4207 in
384 4153 556 4226 rebus
572 4197 584 4209 .

255 4259 280 4295 α
297 4241 451 4298 Tunc
466 4241 655 4297 subito
683 4242 929 4314 repletus
943 4258 1135 4297 amore
1155 4247 1365 4307 sancto,
1393 4246 1450 4296 et
1464 4241 1648 4296 sobrio
1669 4257 1777 4312 pu-

191 4330 313 4386 dore
342 4331 522 4388 iratus
555 4331 771 4393 itasibi,
789 4331 1027 4402 conjecit
1039 4333 1227 4386 oculos
1243 4331 1301 4386 in
1330 4331 1592 4398 amicum,
1619 4335 1676 4385 et
1697 4330 1778 4384 ait

191 4416 290 4474 illi:
318 4419 437 4486 Dic,
473 4436 664 4492 quaeso
692 4426 767 4487 te,
801 4419 1062 4474 omnibus
1099 4419 1221 4474 istis
1257 4419 1540 4474 laboribus
1566 4419 1773 4474 nostris

1858 3351 1915 3400 et
1943 3346 2324 3402 connivebam,
2357 3351 2413 3400 et
2443 3346 2826 3401 obliviscebar.
2859 3349 3016 3402 Tunc
3067 3365 3193 3402 vero
3241 3354 3452 3419 quanto

1856 3435 2146 3489 ardentius
2169 3435 2426 3490 amabam
2441 3436 2566 3491 illos
2581 3437 2649 3490 de
2666 3436 2867 3507 quibus
2880 3436 3177 3491 audiebam
3199 3437 3454 3491 salubres

1861 3524 2111 3586 affectus,
2133 3525 2280 3596 quod
2310 3541 2370 3578 se
2382 3530 2530 3579 totos
2542 3524 2645 3578 tibi
2671 3526 2952 3579 sanandos
2980 3526 3270 3591 dederant,
3293 3531 3454 3581 tanto

1858 3617 2252 3672 exsecrabilius
2298 3635 2386 3672 me
2417 3625 2802 3690 comparatum
2835 3619 2914 3674 eis
2945 3620 3176 3675 oderam
3222 3619 3303 3692 (S.
3332 3619 3454 3676 Au-

1855 3713 2024 3775 gust,
2055 3710 2149 3761 lib.
2187 3722 2284 3760 vm
2315 3709 2573 3775 Confusa,
2606 3726 2649 3762 c.
2684 3706 2795 3777 27).
2829 3729 2850 3758 ι

1928 3797 2034 3851 Sed
2052 3797 2172 3866 jam
2203 3802 2333 3850 ante
2360 3796 2485 3850 urbi
2516 3797 2840 3852 innotuerat
2864 3797 3093 3852 Antonii
3125 3797 3271 3863 Vita,
3305 3797 3454 3853 felici

1856 3885 2153 3940 Athanasii
2167 3886 2400 3939 Romam
2419 3887 2677 3956 appulsu,
2699 3886 2793 3957 qui
2816 3887 3066 3956 ejusdem
3081 3887 3262 3941 adhuc
3273 3887 3454 3942 viven-

1857 3975 1931 4028 tis
1961 3975 2219 4029 notitiam
2247 3981 2303 4029 et
2323 3975 2588 4046 praeclara
2611 3975 2760 4029 dicta
2785 3975 3044 4047 factaque
3062 3977 3328 4030 Romanis
3360 3993 3454 4030 ex-

1859 4065 2062 4136 posuit.
2089 4065 2247 4128 Quod
2277 4064 2402 4118 vitze
2419 4081 2598 4135 genus
2628 4065 2698 4118 ad
2730 4081 2924 4120 omnes
2954 4066 3293 4136 evangelicae
3331 4083 3456 4138 per-

1859 4154 2114 4208 fectionis
2135 4171 2398 4209 numeros
2424 4159 2880 4225 attemperatum,
2905 4155 3073 4210 etiam
3097 4154 3456 4210 nobilissimae

1860 4243 2126 4298 Romamn
2155 4243 2376 4298 feminae
2413 4243 2722 4298 consectari
2753 4251 3059 4316 ceperunt.
3084 4245 3279 4300 Tradit
3308 4245 3457 4300 enim

1859 4332 1975 4387 haec
2003 4332 2072 4386 de
2113 4332 2199 4386 his
2243 4339 2469 4387 sanctus
2498 4333 2876 4405 Hieronymus
2906 4356 2915 4388 :
2957 4351 2985 4386 (ι
3009 4334 3179 4388 Nulla
3216 4351 3282 4389 co
3311 4340 3457 4388 tem-

1859 4439 1992 4493 pore
2007 4421 2280 4476 nobilium
2305 4421 2640 4476 feminarum
2663 4428 2891 4477 noverat
2903 4423 3092 4478 Roma;
3110 4424 3457 4494 propositum

192 4523 290 4578 quo
313 4508 596 4564 ambimus
620 4508 949 4581 pervenire?
979 4509 1111 4581 quid
1135 4509 1436 4580 quaerimus
1464 4509 1488 4562 ?
1516 4511 1677 4580 cujus
1695 4510 1775 4563 rei
1797 4507 1845 4566 D
1863 4511 2266 4565 monachorum
2297 4529 2308 4577 ;
2343 4528 2444 4566 nec
2469 4511 2712 4566 audebat
2757 4517 2985 4583 propter
3017 4511 3097 4566 rei
3130 4512 3453 4580 novitatem,

192 4612 348 4654 causa
380 4599 729 4653 militamus?
757 4598 1010 4669 Majorne
1039 4615 1160 4653 esse
1190 4598 1395 4670 poterit
1422 4615 1549 4670 spes
1587 4603 1782 4652 nostra

192 4686 244 4741 in
270 4687 499 4759 palatio,
529 4704 698 4760 quam
721 4694 786 4742 ut
809 4687 972 4741 amici
994 4687 1351 4759 imperatoris
1371 4687 1585 4743 simus?
1614 4689 1682 4742 Et
1702 4687 1779 4742 ibi

194 4777 317 4848 quid
353 4794 465 4833 non
494 4777 694 4847 fragile
723 4777 1063 4850 plenumque
1093 4777 1391 4850 periculis?
1419 4778 1488 4832 Et
1515 4793 1617 4849 per
1644 4782 1781 4849 quot

194 4867 430 4936 pericula
448 4867 778 4940 pervenitur
792 4868 861 4922 ad
878 4867 1148 4938 grandius
1163 4868 1512 4939 periculum?
1533 4872 1589 4922 et
1606 4883 1780 4939 quan-

194 4952 280 5010 diu
305 4954 458 5012 istud
488 4955 638 5012 erit?
659 4956 887 5012 Amicus
925 4962 1114 5011 autem
1141 4957 1263 5020 Dei,
1296 4957 1344 5012 si
1375 4958 1620 5024 voluero,
1654 4974 1778 5012 ecce

193 5059 328 5100 nunc
355 5045 449 5100 ﬁo.
474 5045 630 5100 Dixit
669 5045 794 5114 hoc,
826 5050 885 5101 et
918 5045 1178 5116 turgidus
1207 5047 1578 5118 parturitione
1622 5063 1777 5102 novae

195 5132 322 5201 vitae,
356 5133 606 5191 reddidit
651 5135 841 5191 oculos
887 5135 1124 5209 paginis,
1162 5141 1220 5190 et
1239 5136 1478 5207 legebat,
1514 5143 1571 5191 et
1597 5141 1779 5191 muta-

191 5219 344 5279 batur
383 5225 562 5292 intus,
605 5223 702 5281 ubi
745 5230 808 5280 tu
855 5225 1099 5290 videbas,
1142 5231 1199 5279 et
1229 5224 1537 5281 exuebatur
1565 5226 1777 5282 mundo

193 5324 337 5368 mens
364 5314 510 5386 ejus,
545 5317 610 5369 ut
636 5329 763 5368 mox
799 5314 1077 5386 apparuit.
1110 5315 1367 5387 Namque
1397 5316 1533 5371 dum
1555 5316 1695 5388 legit
1723 5321 1782 5372 et

191 5400 352 5458 voluit
380 5403 592 5459 ﬂuctus
608 5402 793 5459 cordis
820 5403 927 5471 sui,
952 5403 1242 5460 infremuit
1261 5404 1563 5477 aliquando
1585 5410 1641 5461 et
1660 5405 1776 5461 dis-

195 5490 371 5561 crevit,
404 5493 766 5565 decrevitque
796 5493 1050 5563 meliora;
1071 5495 1304 5566 jamque
1332 5500 1465 5551 tuus
1492 5496 1574 5551 ait
1599 5496 1778 5551 amico

195 5593 285 5634 suo
309 5600 320 5635 :
364 5581 484 5654 Ego
505 5583 630 5655 jam
649 5580 849 5657 abrupi
875 5598 965 5639 me
994 5582 1064 5638 ab
1080 5583 1180 5638 illa
1213 5600 1310 5658 spe
1335 5590 1548 5654 nostra,
1581 5589 1639 5642 et
1664 5586 1781 5642 Deo

196 5670 390 5732 lervire
409 5671 607 5743 statui,
629 5676 688 5732 et
712 5672 819 5731 hoc
839 5687 908 5731 ex
931 5673 1071 5733 hora
1087 5673 1196 5732 hac
1221 5673 1282 5733 in
1310 5674 1417 5732 hoc
1439 5674 1562 5734 loco
1587 5692 1784 5749 aggre-

1861 4600 2300 4669 ignominiosum
2334 4605 2414 4664 (ut
2441 4606 2576 4655 tunc
2598 4600 2922 4672 putabatur)
2945 4608 3002 4654 et
3033 4601 3136 4655 vile
3156 4601 3212 4654 in
3236 4601 3457 4672 populis

1861 4705 2065 4744 nomen
2115 4706 2422 4747 assumere.
2467 4691 2595 4744 Haec
2627 4691 2928 4759 (Marcella)
2971 4689 3040 4744 ab
3067 4691 3460 4746 Alexandrinis

1861 4781 2020 4852 prius
2059 4779 2462 4844 sacerdotibus,
2494 4795 2750 4851 papaque
2788 4780 3117 4845 Athanasio,
3171 4786 3228 4836 et
3263 4786 3461 4853 postea

1862 4871 2049 4930 Petro.
2077 4869 2171 4941 qui
2185 4869 2630 4941 persecutionem
2649 4869 2872 4924 Ariana:
2889 4871 3165 4926 haereseos
3179 4871 3461 4926 declinan-

1859 4964 1964 5026 tes,
1991 4959 2151 5031 quasi
2171 4959 2239 5014 ad
2262 4959 2610 5014 tutissimum
2632 4961 3040 5015 communionis
3061 4979 3174 5017 suae
3205 4967 3451 5033 portum,

1860 5049 2094 5104 Romam
2115 5048 2500 5119 confugerant,
2518 5048 2689 5102 vitam
2709 5047 2859 5104 beati
2873 5050 3102 5104 Antonii
3124 5051 3306 5105 adhuc
3326 5055 3461 5105 tunc

1859 5137 2112 5205 viventis,
2146 5137 2732 5209 monasteriorumque
2760 5138 2818 5192 in
2845 5139 3128 5194 Thebaide
3151 5138 3454 5204 Pachomii,

1863 5233 1918 5282 et
1947 5227 2228 5298 virginum
2259 5243 2323 5281 ac
2367 5227 2663 5282 viduarum
2714 5227 2909 5282 didicit
2946 5227 3319 5299 disciplinam,
3355 5243 3458 5282 nec

1862 5316 2088 5372 erubuit
2125 5315 2377 5388 profiteri
2410 5316 2558 5388 quod
2600 5316 2824 5371 Christo
2866 5317 3086 5389 placere
3124 5321 3462 5387 cognoverat

1863 5406 2058 5479 (Hicin,
2097 5408 2170 5460 ad
2190 5408 2462 5476 Princz‘p.,
2496 5408 2647 5475 epist.
2686 5404 2790 5475 16).
2817 5425 2843 5457 ι)

1937 5497 2068 5551 Haec
2097 5495 2193 5550 illa
2221 5495 2538 5551 Occidentis
2567 5495 2752 5550 felicia
2767 5495 3027 5566 germina
3051 5494 3136 5548 vel
3166 5493 3236 5549 ab
3265 5511 3379 5550 uno
3395 5513 3462 5551 ex

1867 5585 2096 5644 Oriente
2119 5585 2303 5642 delato
2316 5585 2528 5642 semine
2538 5590 2866 5658 propagata.
2890 5584 3216 5657 Fulgentius
3237 5602 3461 5660 quoque

1867 5676 1927 5733 in
1937 5675 2171 5735 Meridie
2189 5675 2526 5735 constitutus
2535 5675 2695 5732 Vitas
2709 5675 2943 5733 Patrum
2953 5675 3244 5749 legens,“
3263 5692 3460 5734 eorum
