  <div class='ocr_page' id='page_1' title='image "/cluster/home/n/w/nwhite01/storage/ocr_20150623/73/umn.31951002477366m/039.png"; bbox 0 0 3958 6412; ppageno 0'>
   <div class='ocr_carea' id='block_1_1' title="bbox 502 312 574 376">
    <p class='ocr_par' dir='ltr' id='par_1_1' title="bbox 502 312 574 376">
     <span class='ocr_line' id='line_1_1' title="bbox 502 312 574 376; baseline -0.028 0"><span class='ocrx_word' id='word_1_1' title='bbox 502 312 574 376; x_wconf 83' lang='lat'><strong>63</strong></span> 
     </span>
    </p>
   </div>
   <div class='ocr_carea' id='block_1_2' title="bbox 1398 315 2873 384">
    <p class='ocr_par' dir='ltr' id='par_1_2' title="bbox 1398 315 2873 384">
     <span class='ocr_line' id='line_1_2' title="bbox 1398 315 2873 384; baseline -0.003 -6"><span class='ocrx_word' id='word_1_2' title='bbox 1398 320 1480 378; x_wconf 89' lang='lat' dir='ltr'><strong>IN</strong></span> <span class='ocrx_word' id='word_1_3' title='bbox 1515 320 1726 379; x_wconf 84' lang='lat' dir='ltr'><strong>VITAS</strong></span> <span class='ocrx_word' id='word_1_4' title='bbox 1763 322 2062 384; x_wconf 76' lang='lat' dir='ltr'><strong>PATRUM</strong></span> <span class='ocrx_word' id='word_1_5' title='bbox 2097 318 2643 382; x_wconf 78' lang='lat' dir='ltr'><strong>PROLEGOMENA</strong></span> <span class='ocrx_word' id='word_1_6' title='bbox 2679 315 2873 374; x_wconf 84' lang='lat' dir='ltr'><strong>XXVI.</strong></span> 
     </span>
    </p>
   </div>
   <div class='ocr_carea' id='block_1_3' title="bbox 3701 310 3779 374">
    <p class='ocr_par' dir='ltr' id='par_1_3' title="bbox 3701 310 3779 374">
     <span class='ocr_line' id='line_1_3' title="bbox 3701 310 3779 374; baseline 0.026 -2"><span class='ocrx_word' id='word_1_7' title='bbox 3701 310 3779 374; x_wconf 79' lang='grc'><strong>64</strong></span> 
     </span>
    </p>
   </div>
   <div class='ocr_carea' id='block_1_4' title="bbox 509 438 3777 523">
    <p class='ocr_par' dir='ltr' id='par_1_4' title="bbox 509 438 3777 523">
     <span class='ocr_line' id='line_1_4' title="bbox 509 438 3777 523; baseline -0.001 -25"><span class='ocrx_word' id='word_1_8' title='bbox 509 443 884 500; x_wconf 83' lang='lat' dir='ltr'><strong>imitationem</strong></span> <span class='ocrx_word' id='word_1_9' title='bbox 907 445 1134 509; x_wconf 83' lang='lat' dir='ltr'><strong>exarsit.</strong></span> <span class='ocrx_word' id='word_1_10' title='bbox 1163 451 1229 502; x_wconf 95' lang='lat' dir='ltr'><strong>ut</strong></span> <span class='ocrx_word' id='word_1_11' title='bbox 1245 446 1486 504; x_wconf 89' lang='lat' dir='ltr'><strong>habetur</strong></span> <span class='ocrx_word' id='word_1_12' title='bbox 1511 449 1654 505; x_wconf 70' lang='lat' dir='ltr'><strong>Vitae</strong></span> <span class='ocrx_word' id='word_1_13' title='bbox 1683 451 1806 522; x_wconf 85' lang='lat' dir='ltr'><strong>ejus</strong></span> <span class='ocrx_word' id='word_1_14' title='bbox 1835 467 1955 523; x_wconf 88' lang='lat' dir='ltr'><strong>cap.</strong></span> <span class='ocrx_word' id='word_1_15' title='bbox 1986 449 2054 506; x_wconf 80' lang='lat' dir='ltr'><strong>l2</strong></span> <span class='ocrx_word' id='word_1_16' title='bbox 2081 468 2094 504; x_wconf 93' lang='lat'><strong>:</strong></span> <span class='ocrx_word' id='word_1_17' title='bbox 2119 451 2168 510; x_wconf 78' lang='grc' dir='ltr'><strong>Α</strong></span> <span class='ocrx_word' id='word_1_18' title='bbox 2253 447 2524 520; x_wconf 86' lang='lat' dir='ltr'><strong>Septima,</strong></span> <span class='ocrx_word' id='word_1_19' title='bbox 2543 444 3098 516; x_wconf 86' lang='lat' dir='ltr'><strong>Veneta,in-quarto,</strong></span> <span class='ocrx_word' id='word_1_20' title='bbox 3114 457 3214 514; x_wconf 91' lang='lat' dir='ltr'><strong>per</strong></span> <span class='ocrx_word' id='word_1_21' title='bbox 3240 439 3608 500; x_wconf 79' lang='lat' dir='ltr'><strong>Octavianum</strong></span> <span class='ocrx_word' id='word_1_22' title='bbox 3639 438 3777 496; x_wconf 78' lang='lat' dir='ltr'><strong>Sco-</strong></span> 
     </span>
    </p>
   </div>
   <div class='ocr_carea' id='block_1_5' title="bbox 513 533 2101 610">
    <p class='ocr_par' dir='ltr' id='par_1_5' title="bbox 513 533 2101 610">
     <span class='ocr_line' id='line_1_5' title="bbox 513 533 2101 610; baseline 0.004 -23"><span class='ocrx_word' id='word_1_23' title='bbox 513 551 535 584; x_wconf 75' lang='grc' dir='ltr'>ι</span> <span class='ocrx_word' id='word_1_24' title='bbox 561 533 769 589; x_wconf 83' lang='lat' dir='ltr'><strong>Beatus</strong></span> <span class='ocrx_word' id='word_1_25' title='bbox 785 535 1112 606; x_wconf 83' lang='lat' dir='ltr'><strong>Fulgentius</strong></span> <span class='ocrx_word' id='word_1_26' title='bbox 1125 537 1516 610; x_wconf 60' lang='lat' dir='ltr'><strong>{Egyptiorum</strong></span> <span class='ocrx_word' id='word_1_27' title='bbox 1530 540 1932 596; x_wconf 84' lang='lat' dir='ltr'><strong>monachorum</strong></span> <span class='ocrx_word' id='word_1_28' title='bbox 1942 540 2101 596; x_wconf 85' lang='lat' dir='ltr'><strong>Vitas</strong></span> 
     </span>
    </p>
   </div>
   <div class='ocr_carea' id='block_1_6' title="bbox 513 623 2102 701">
    <p class='ocr_par' dir='ltr' id='par_1_6' title="bbox 513 623 2102 701">
     <span class='ocr_line' id='line_1_6' title="bbox 513 623 2102 701; baseline 0.005 -23"><span class='ocrx_word' id='word_1_29' title='bbox 513 623 1094 696; x_wconf 88' lang='lat' dir='ltr'><strong>admirabileslegens,</strong></span> <span class='ocrx_word' id='word_1_30' title='bbox 1114 626 1539 684; x_wconf 86' lang='lat' dir='ltr'><strong>institutionum</strong></span> <span class='ocrx_word' id='word_1_31' title='bbox 1568 629 1736 684; x_wconf 86' lang='lat' dir='ltr'><strong>simul</strong></span> <span class='ocrx_word' id='word_1_32' title='bbox 1759 635 1928 701; x_wconf 89' lang='lat' dir='ltr'><strong>atque</strong></span> <span class='ocrx_word' id='word_1_33' title='bbox 1939 630 2102 688; x_wconf 86' lang='lat' dir='ltr'><strong>colla-</strong></span> 
     </span>
    </p>
   </div>
   <div class='ocr_carea' id='block_1_7' title="bbox 509 712 2102 785">
    <p class='ocr_par' dir='ltr' id='par_1_7' title="bbox 509 712 2102 785">
     <span class='ocr_line' id='line_1_7' title="bbox 509 712 2102 785; baseline 0.005 -19"><span class='ocrx_word' id='word_1_34' title='bbox 509 712 728 767; x_wconf 87' lang='lat' dir='ltr'><strong>tionum</strong></span> <span class='ocrx_word' id='word_1_35' title='bbox 753 713 991 784; x_wconf 72' lang='lat' dir='ltr'><strong>spiritali</strong></span> <span class='ocrx_word' id='word_1_36' title='bbox 1022 717 1385 772; x_wconf 78' lang='lat' dir='ltr'><strong>meditatione</strong></span> <span class='ocrx_word' id='word_1_37' title='bbox 1409 735 1728 785; x_wconf 89' lang='lat' dir='ltr'><strong>succensus,</strong></span> <span class='ocrx_word' id='word_1_38' title='bbox 1763 726 2102 774; x_wconf 88' lang='lat' dir='ltr'><strong>memoratas</strong></span> 
     </span>
    </p>
   </div>
   <div class='ocr_carea' id='block_1_8' title="bbox 511 803 2101 876">
    <p class='ocr_par' dir='ltr' id='par_1_8' title="bbox 511 803 2101 876">
     <span class='ocr_line' id='line_1_8' title="bbox 511 803 2101 876; baseline 0.006 -21"><span class='ocrx_word' id='word_1_39' title='bbox 511 807 692 856; x_wconf 89' lang='lat' dir='ltr'><strong>terras</strong></span> <span class='ocrx_word' id='word_1_40' title='bbox 741 803 962 874; x_wconf 84' lang='lat' dir='ltr'><strong>navigio</strong></span> <span class='ocrx_word' id='word_1_41' title='bbox 1010 811 1202 876; x_wconf 84' lang='lat' dir='ltr'><strong>petere</strong></span> <span class='ocrx_word' id='word_1_42' title='bbox 1233 807 1452 873; x_wconf 86' lang='lat' dir='ltr'><strong>statuit,</strong></span> <span class='ocrx_word' id='word_1_43' title='bbox 1491 808 1709 864; x_wconf 89' lang='lat' dir='ltr'><strong>duabus</strong></span> <span class='ocrx_word' id='word_1_44' title='bbox 1747 809 2002 864; x_wconf 84' lang='lat' dir='ltr'><strong>videlicet</strong></span> <span class='ocrx_word' id='word_1_45' title='bbox 2035 826 2101 864; x_wconf 87' lang='lat' dir='ltr'><strong>cx</strong></span> 
     </span>
    </p>
   </div>
   <div class='ocr_carea' id='block_1_9' title="bbox 511 891 2101 966">
    <p class='ocr_par' dir='ltr' id='par_1_9' title="bbox 511 891 2101 966">
     <span class='ocr_line' id='line_1_9' title="bbox 511 891 2101 966; baseline 0.005 -22"><span class='ocrx_word' id='word_1_46' title='bbox 511 891 712 958; x_wconf 84' lang='lat' dir='ltr'><strong>causis,</strong></span> <span class='ocrx_word' id='word_1_47' title='bbox 754 897 818 946; x_wconf 93' lang='lat' dir='ltr'><strong>ut</strong></span> <span class='ocrx_word' id='word_1_48' title='bbox 845 893 934 948; x_wconf 88' lang='lat' dir='ltr'><strong>vel</strong></span> <span class='ocrx_word' id='word_1_49' title='bbox 975 893 1053 947; x_wconf 88' lang='lat' dir='ltr'><strong>ibi</strong></span> <span class='ocrx_word' id='word_1_50' title='bbox 1101 895 1353 966; x_wconf 88' lang='lat' dir='ltr'><strong>deposito</strong></span> <span class='ocrx_word' id='word_1_51' title='bbox 1373 897 1600 952; x_wconf 87' lang='lat' dir='ltr'><strong>nomine</strong></span> <span class='ocrx_word' id='word_1_52' title='bbox 1621 897 1855 964; x_wconf 85' lang='lat' dir='ltr'><strong>abbatis,</strong></span> <span class='ocrx_word' id='word_1_53' title='bbox 1887 897 1990 953; x_wconf 91' lang='lat' dir='ltr'><strong>sub</strong></span> <span class='ocrx_word' id='word_1_54' title='bbox 2017 915 2101 952; x_wconf 91' lang='lat' dir='ltr'><strong>rc-</strong></span> 
     </span>
    </p>
   </div>
   <div class='ocr_carea' id='block_1_10' title="bbox 509 979 2101 1049">
    <p class='ocr_par' dir='ltr' id='par_1_10' title="bbox 509 979 2101 1049">
     <span class='ocr_line' id='line_1_10' title="bbox 509 979 2101 1049; baseline 0.006 -16"><span class='ocrx_word' id='word_1_55' title='bbox 509 979 644 1049; x_wconf 89' lang='lat' dir='ltr'><strong>gula</strong></span> <span class='ocrx_word' id='word_1_56' title='bbox 668 979 876 1035; x_wconf 86' lang='lat' dir='ltr'><strong>viveret</strong></span> <span class='ocrx_word' id='word_1_57' title='bbox 895 981 953 1036; x_wconf 93' lang='lat' dir='ltr'><strong>in</strong></span> <span class='ocrx_word' id='word_1_58' title='bbox 973 982 1309 1049; x_wconf 81' lang='lat' dir='ltr'><strong>humilitate,</strong></span> <span class='ocrx_word' id='word_1_59' title='bbox 1333 986 1414 1038; x_wconf 91' lang='lat' dir='ltr'><strong>vel</strong></span> <span class='ocrx_word' id='word_1_60' title='bbox 1440 985 1797 1041; x_wconf 89' lang='lat' dir='ltr'><strong>districtioris</strong></span> <span class='ocrx_word' id='word_1_61' title='bbox 1823 986 2101 1042; x_wconf 89' lang='lat' dir='ltr'><strong>abstinen-</strong></span> 
     </span>
    </p>
   </div>
   <div class='ocr_carea' id='block_1_11' title="bbox 509 1067 2100 1140">
    <p class='ocr_par' dir='ltr' id='par_1_11' title="bbox 509 1067 2100 1140">
     <span class='ocr_line' id='line_1_11' title="bbox 509 1067 2100 1140; baseline 0.006 -18"><span class='ocrx_word' id='word_1_62' title='bbox 509 1067 603 1123; x_wconf 71' lang='lat' dir='ltr'><strong>tiae</strong></span> <span class='ocrx_word' id='word_1_63' title='bbox 627 1068 844 1140; x_wconf 83' lang='lat' dir='ltr'><strong>legibus</strong></span> <span class='ocrx_word' id='word_1_64' title='bbox 873 1069 1224 1126; x_wconf 83' lang='lat' dir='ltr'><strong>subderetur.</strong></span> <span class='ocrx_word' id='word_1_65' title='bbox 1251 1093 1274 1124; x_wconf 69' lang='grc' dir='ltr'><strong><em>ι</em></strong></span> <span class='ocrx_word' id='word_1_66' title='bbox 1309 1073 1417 1128; x_wconf 90' lang='lat' dir='ltr'><strong>Sed</strong></span> <span class='ocrx_word' id='word_1_67' title='bbox 1439 1079 1498 1128; x_wconf 91' lang='lat' dir='ltr'><strong>et</strong></span> <span class='ocrx_word' id='word_1_68' title='bbox 1523 1075 1852 1131; x_wconf 87' lang='lat' dir='ltr'><strong>Moschusin</strong></span> <span class='ocrx_word' id='word_1_69' title='bbox 1873 1076 2100 1131; x_wconf 84' lang='lat' dir='ltr'><strong>Oriente</strong></span> 
     </span>
    </p>
   </div>
   <div class='ocr_carea' id='block_1_12' title="bbox 509 1157 2100 1236">
    <p class='ocr_par' dir='ltr' id='par_1_12' title="bbox 509 1157 2100 1236">
     <span class='ocr_line' id='line_1_12' title="bbox 509 1157 2100 1236; baseline 0.004 -25"><span class='ocrx_word' id='word_1_70' title='bbox 509 1157 848 1212; x_wconf 89' lang='lat' dir='ltr'><strong>constitutus</strong></span> <span class='ocrx_word' id='word_1_71' title='bbox 875 1159 1068 1225; x_wconf 86' lang='lat' dir='ltr'><strong>refert,</strong></span> <span class='ocrx_word' id='word_1_72' title='bbox 1100 1178 1290 1216; x_wconf 91' lang='lat' dir='ltr'><strong>senem</strong></span> <span class='ocrx_word' id='word_1_73' title='bbox 1311 1163 1632 1234; x_wconf 86' lang='lat' dir='ltr'><strong>quemdam,</strong></span> <span class='ocrx_word' id='word_1_74' title='bbox 1656 1164 1752 1236; x_wconf 91' lang='lat' dir='ltr'><strong>qui</strong></span> <span class='ocrx_word' id='word_1_75' title='bbox 1781 1181 1953 1236; x_wconf 86' lang='lat' dir='ltr'><strong>prope</strong></span> <span class='ocrx_word' id='word_1_76' title='bbox 1982 1166 2100 1219; x_wconf 89' lang='lat' dir='ltr'><strong>loca</strong></span> 
     </span>
    </p>
   </div>
   <div class='ocr_carea' id='block_1_13' title="bbox 513 1245 2102 1328">
    <p class='ocr_par' dir='ltr' id='par_1_13' title="bbox 513 1245 2102 1328">
     <span class='ocr_line' id='line_1_13' title="bbox 513 1245 2102 1328; baseline 0.006 -28"><span class='ocrx_word' id='word_1_77' title='bbox 513 1247 776 1301; x_wconf 88' lang='lat' dir='ltr'><strong>Jordanis</strong></span> <span class='ocrx_word' id='word_1_78' title='bbox 805 1245 968 1321; x_wconf 82' lang='lat' dir='ltr'><strong>[Lvn]</strong></span> <span class='ocrx_word' id='word_1_79' title='bbox 995 1255 1245 1305; x_wconf 87' lang='lat' dir='ltr'><strong>moratus</strong></span> <span class='ocrx_word' id='word_1_80' title='bbox 1257 1250 1459 1320; x_wconf 87' lang='lat' dir='ltr'><strong>fuerat,</strong></span> <span class='ocrx_word' id='word_1_81' title='bbox 1490 1252 1633 1308; x_wconf 88' lang='lat' dir='ltr'><strong>lecto</strong></span> <span class='ocrx_word' id='word_1_82' title='bbox 1651 1255 1902 1325; x_wconf 84' lang='lat' dir='ltr'><strong>exemplo</strong></span> <span class='ocrx_word' id='word_1_83' title='bbox 1915 1255 1982 1308; x_wconf 93' lang='lat' dir='ltr'><strong>de</strong></span> <span class='ocrx_word' id='word_1_84' title='bbox 2002 1271 2102 1328; x_wconf 79' lang='lat' dir='ltr'><strong>pa-</strong></span> 
     </span>
    </p>
   </div>
   <div class='ocr_carea' id='block_1_14' title="bbox 509 1333 2099 1413">
    <p class='ocr_par' dir='ltr' id='par_1_14' title="bbox 509 1333 2099 1413">
     <span class='ocr_line' id='line_1_14' title="bbox 509 1333 2099 1413; baseline 0.006 -25"><span class='ocrx_word' id='word_1_85' title='bbox 509 1333 711 1388; x_wconf 86' lang='lat' dir='ltr'><strong>tientia</strong></span> <span class='ocrx_word' id='word_1_86' title='bbox 737 1337 888 1391; x_wconf 91' lang='lat' dir='ltr'><strong>senis</strong></span> <span class='ocrx_word' id='word_1_87' title='bbox 921 1339 1085 1408; x_wconf 90' lang='lat' dir='ltr'><strong>(quod</strong></span> <span class='ocrx_word' id='word_1_88' title='bbox 1117 1339 1356 1394; x_wconf 89' lang='lat' dir='ltr'><strong>habetur</strong></span> <span class='ocrx_word' id='word_1_89' title='bbox 1383 1341 1441 1396; x_wconf 89' lang='lat' dir='ltr'><strong>in</strong></span> <span class='ocrx_word' id='word_1_90' title='bbox 1487 1341 1733 1413; x_wconf 89' lang='lat' dir='ltr'><strong>Pelagio,</strong></span> <span class='ocrx_word' id='word_1_91' title='bbox 1768 1342 1952 1397; x_wconf 86' lang='lat' dir='ltr'><strong>libello</strong></span> <span class='ocrx_word' id='word_1_92' title='bbox 1988 1358 2099 1410; x_wconf 76' lang='lat' dir='ltr'><strong>XVI,</strong></span> 
     </span>
    </p>
   </div>
   <div class='ocr_carea' id='block_1_15' title="bbox 511 1423 2102 1504">
    <p class='ocr_par' dir='ltr' id='par_1_15' title="bbox 511 1423 2102 1504">
     <span class='ocr_line' id='line_1_15' title="bbox 511 1423 2102 1504; baseline 0.005 -26"><span class='ocrx_word' id='word_1_93' title='bbox 511 1439 668 1478; x_wconf 88' lang='lat' dir='ltr'><strong>num.</strong></span> <span class='ocrx_word' id='word_1_94' title='bbox 706 1423 788 1492; x_wconf 87' lang='grc'><strong>13)</strong></span> <span class='ocrx_word' id='word_1_95' title='bbox 820 1425 915 1498; x_wconf 88' lang='lat' dir='ltr'><strong>qui</strong></span> <span class='ocrx_word' id='word_1_96' title='bbox 945 1427 1191 1482; x_wconf 85' lang='lat' dir='ltr'><strong>latrones</strong></span> <span class='ocrx_word' id='word_1_97' title='bbox 1231 1429 1518 1486; x_wconf 86' lang='lat' dir='ltr'><strong>insecutus</strong></span> <span class='ocrx_word' id='word_1_98' title='bbox 1547 1431 1718 1486; x_wconf 88' lang='lat' dir='ltr'><strong>etiam</strong></span> <span class='ocrx_word' id='word_1_99' title='bbox 1753 1432 2102 1504; x_wconf 87' lang='lat' dir='ltr'><strong>marsupium</strong></span> 
     </span>
    </p>
   </div>
   <div class='ocr_carea' id='block_1_16' title="bbox 511 1511 2102 1592">
    <p class='ocr_par' dir='ltr' id='par_1_16' title="bbox 511 1511 2102 1592">
     <span class='ocr_line' id='line_1_16' title="bbox 511 1511 2102 1592; baseline 0.007 -27"><span class='ocrx_word' id='word_1_100' title='bbox 511 1511 796 1579; x_wconf 71' lang='lat' dir='ltr'><strong>oﬁerebat,</strong></span> <span class='ocrx_word' id='word_1_101' title='bbox 849 1515 998 1586; x_wconf 91' lang='lat' dir='ltr'><strong>quod</strong></span> <span class='ocrx_word' id='word_1_102' title='bbox 1037 1517 1257 1572; x_wconf 85' lang='lat' dir='ltr'><strong>auferre</strong></span> <span class='ocrx_word' id='word_1_103' title='bbox 1313 1520 1690 1590; x_wconf 84' lang='lat' dir='ltr'><strong>neglexerant,</strong></span> <span class='ocrx_word' id='word_1_104' title='bbox 1739 1521 1809 1574; x_wconf 90' lang='lat' dir='ltr'><strong>ad</strong></span> <span class='ocrx_word' id='word_1_105' title='bbox 1850 1522 2102 1592; x_wconf 89' lang='lat' dir='ltr'><strong>ejusdem</strong></span> 
     </span>
    </p>
   </div>
   <div class='ocr_carea' id='block_1_17' title="bbox 510 1599 2103 1680">
    <p class='ocr_par' dir='ltr' id='par_1_17' title="bbox 510 1599 2103 1680">
     <span class='ocr_line' id='line_1_17' title="bbox 510 1599 2103 1680; baseline 0.007 -26"><span class='ocrx_word' id='word_1_106' title='bbox 510 1599 1069 1660; x_wconf 68' lang='lat' dir='ltr'><strong>factizemulationem</strong></span> <span class='ocrx_word' id='word_1_107' title='bbox 1096 1606 1268 1662; x_wconf 86' lang='lat' dir='ltr'><strong>fuisse</strong></span> <span class='ocrx_word' id='word_1_108' title='bbox 1288 1607 1604 1677; x_wconf 84' lang='lat' dir='ltr'><strong>incitatum;</strong></span> <span class='ocrx_word' id='word_1_109' title='bbox 1629 1609 1916 1680; x_wconf 87' lang='lat' dir='ltr'><strong>additque:</strong></span> <span class='ocrx_word' id='word_1_110' title='bbox 1944 1629 1966 1662; x_wconf 77' lang='grc' dir='ltr'>ι</span> <span class='ocrx_word' id='word_1_111' title='bbox 2000 1611 2103 1664; x_wconf 89' lang='lat' dir='ltr'><strong>De-</strong></span> 
     </span>
    </p>
   </div>
   <div class='ocr_carea' id='block_1_18' title="bbox 2182 530 3167 601">
    <p class='ocr_par' dir='ltr' id='par_1_18' title="bbox 2182 530 3167 601">
     <span class='ocr_line' id='line_1_18' title="bbox 2182 530 3167 601; baseline -0.004 -7"><span class='ocrx_word' id='word_1_112' title='bbox 2182 544 2304 594; x_wconf 90' lang='lat' dir='ltr'><strong>tum</strong></span> <span class='ocrx_word' id='word_1_113' title='bbox 2335 536 2790 601; x_wconf 90' lang='lat' dir='ltr'><strong>Modoetiensem,</strong></span> <span class='ocrx_word' id='word_1_114' title='bbox 2823 549 2971 589; x_wconf 89' lang='lat' dir='ltr'><strong>anno</strong></span> <span class='ocrx_word' id='word_1_115' title='bbox 3004 530 3167 590; x_wconf 76' lang='grc'>1483.</span> 
     </span>
    </p>
   </div>
   <div class='ocr_carea' id='block_1_19' title="bbox 2255 619 3778 691">
    <p class='ocr_par' dir='ltr' id='par_1_19' title="bbox 2255 619 3778 691">
     <span class='ocr_line' id='line_1_19' title="bbox 2255 619 3778 691; baseline -0.005 -10"><span class='ocrx_word' id='word_1_116' title='bbox 2255 628 2482 689; x_wconf 88' lang='lat' dir='ltr'><strong>Octava,</strong></span> <span class='ocrx_word' id='word_1_117' title='bbox 2507 624 2859 684; x_wconf 86' lang='lat' dir='ltr'><strong>Germanica,</strong></span> <span class='ocrx_word' id='word_1_118' title='bbox 2891 627 2956 678; x_wconf 91' lang='lat' dir='ltr'><strong>ut</strong></span> <span class='ocrx_word' id='word_1_119' title='bbox 2972 621 3196 676; x_wconf 89' lang='lat' dir='ltr'><strong>videtur</strong></span> <span class='ocrx_word' id='word_1_120' title='bbox 3215 620 3431 676; x_wconf 86' lang='lat' dir='ltr'><strong>incerto</strong></span> <span class='ocrx_word' id='word_1_121' title='bbox 3453 619 3574 675; x_wconf 92' lang='lat' dir='ltr'><strong>loco</strong></span> <span class='ocrx_word' id='word_1_122' title='bbox 3596 623 3655 675; x_wconf 91' lang='lat' dir='ltr'><strong>et</strong></span> <span class='ocrx_word' id='word_1_123' title='bbox 3681 623 3778 691; x_wconf 84' lang='lat' dir='ltr'><strong>ty-</strong></span> 
     </span>
    </p>
   </div>
   <div class='ocr_carea' id='block_1_20' title="bbox 2184 709 3115 790">
    <p class='ocr_par' dir='ltr' id='par_1_20' title="bbox 2184 709 3115 790">
     <span class='ocr_line' id='line_1_20' title="bbox 2184 709 3115 790; baseline -0.006 -19"><span class='ocrx_word' id='word_1_124' title='bbox 2184 716 2490 790; x_wconf 87' lang='lat' dir='ltr'><strong>pographo,</strong></span> <span class='ocrx_word' id='word_1_125' title='bbox 2514 713 2746 780; x_wconf 85' lang='lat' dir='ltr'><strong>in-folio,</strong></span> <span class='ocrx_word' id='word_1_126' title='bbox 2778 728 2926 768; x_wconf 88' lang='lat' dir='ltr'><strong>anno</strong></span> <span class='ocrx_word' id='word_1_127' title='bbox 2963 709 3115 768; x_wconf 78' lang='grc'>1485.</span> 
     </span>
    </p>
   </div>
   <div class='ocr_carea' id='block_1_21' title="bbox 2254 785 3776 874">
    <p class='ocr_par' dir='ltr' id='par_1_21' title="bbox 2254 785 3776 874">
     <span class='ocr_line' id='line_1_21' title="bbox 2254 785 3776 874; baseline -0.007 -13"><span class='ocrx_word' id='word_1_128' title='bbox 2254 785 2434 870; x_wconf 64' lang='lat' dir='ltr'><strong>Nona,</strong></span> <span class='ocrx_word' id='word_1_129' title='bbox 2507 801 2916 874; x_wconf 84' lang='lat' dir='ltr'><strong>Lugdunensis,</strong></span> <span class='ocrx_word' id='word_1_130' title='bbox 2965 799 3268 872; x_wconf 83' lang='lat' dir='ltr'><strong>in-quarto,</strong></span> <span class='ocrx_word' id='word_1_131' title='bbox 3330 815 3432 870; x_wconf 90' lang='lat' dir='ltr'><strong>per</strong></span> <span class='ocrx_word' id='word_1_132' title='bbox 3475 785 3776 853; x_wconf 89' lang='lat' dir='ltr'><strong>Nicolaum</strong></span> 
     </span>
    </p>
   </div>
   <div class='ocr_carea' id='block_1_22' title="bbox 2181 887 3778 959">
    <p class='ocr_par' dir='ltr' id='par_1_22' title="bbox 2181 887 3778 959">
     <span class='ocr_line' id='line_1_22' title="bbox 2181 887 3778 959; baseline -0.005 -11"><span class='ocrx_word' id='word_1_133' title='bbox 2181 895 2352 950; x_wconf 85' lang='lat' dir='ltr'><strong>WoltI</strong></span> <span class='ocrx_word' id='word_1_134' title='bbox 2381 894 2451 948; x_wconf 89' lang='lat' dir='ltr'><strong>de</strong></span> <span class='ocrx_word' id='word_1_135' title='bbox 2475 895 2700 959; x_wconf 89' lang='lat' dir='ltr'><strong>Lutrea,</strong></span> <span class='ocrx_word' id='word_1_136' title='bbox 2733 897 2790 946; x_wconf 91' lang='lat' dir='ltr'><strong>et</strong></span> <span class='ocrx_word' id='word_1_137' title='bbox 2812 890 3164 946; x_wconf 88' lang='lat' dir='ltr'><strong>venundatur</strong></span> <span class='ocrx_word' id='word_1_138' title='bbox 3199 906 3235 944; x_wconf 87' lang='lat' dir='ltr'><strong>a</strong></span> <span class='ocrx_word' id='word_1_139' title='bbox 3258 887 3461 943; x_wconf 85' lang='lat' dir='ltr'><strong>Jacobo</strong></span> <span class='ocrx_word' id='word_1_140' title='bbox 3480 887 3778 957; x_wconf 85' lang='lat' dir='ltr'><strong>Hugueta-</strong></span> 
     </span>
    </p>
   </div>
   <div class='ocr_carea' id='block_1_23' title="bbox 2181 981 2637 1050">
    <p class='ocr_par' dir='ltr' id='par_1_23' title="bbox 2181 981 2637 1050">
     <span class='ocr_line' id='line_1_23' title="bbox 2181 981 2637 1050; baseline -0.007 -12"><span class='ocrx_word' id='word_1_141' title='bbox 2181 1001 2273 1050; x_wconf 88' lang='lat' dir='ltr'><strong>no,</strong></span> <span class='ocrx_word' id='word_1_142' title='bbox 2316 999 2464 1038; x_wconf 88' lang='lat' dir='ltr'><strong>anno</strong></span> <span class='ocrx_word' id='word_1_143' title='bbox 2484 981 2637 1040; x_wconf 72' lang='grc'>1502.</span> 
     </span>
    </p>
   </div>
   <div class='ocr_carea' id='block_1_24' title="bbox 2255 1064 3780 1142">
    <p class='ocr_par' dir='ltr' id='par_1_24' title="bbox 2255 1064 3780 1142">
     <span class='ocr_line' id='line_1_24' title="bbox 2255 1064 3780 1142; baseline -0.005 -13"><span class='ocrx_word' id='word_1_144' title='bbox 2255 1073 2500 1138; x_wconf 86' lang='lat' dir='ltr'><strong>Decima,</strong></span> <span class='ocrx_word' id='word_1_145' title='bbox 2549 1068 2956 1142; x_wconf 83' lang='lat' dir='ltr'><strong>Lugdunensis,</strong></span> <span class='ocrx_word' id='word_1_146' title='bbox 2989 1067 3302 1138; x_wconf 84' lang='lat' dir='ltr'><strong>in-quarto,</strong></span> <span class='ocrx_word' id='word_1_147' title='bbox 3346 1082 3446 1137; x_wconf 89' lang='lat' dir='ltr'><strong>per</strong></span> <span class='ocrx_word' id='word_1_148' title='bbox 3471 1065 3680 1120; x_wconf 91' lang='lat' dir='ltr'><strong>Jannot</strong></span> <span class='ocrx_word' id='word_1_149' title='bbox 3707 1064 3780 1121; x_wconf 86' lang='lat' dir='ltr'><strong>de</strong></span> 
     </span>
    </p>
   </div>
   <div class='ocr_carea' id='block_1_25' title="bbox 2183 1156 2780 1234">
    <p class='ocr_par' dir='ltr' id='par_1_25' title="bbox 2183 1156 2780 1234">
     <span class='ocr_line' id='line_1_25' title="bbox 2183 1156 2780 1234; baseline -0.008 -17"><span class='ocrx_word' id='word_1_150' title='bbox 2183 1163 2426 1234; x_wconf 81' lang='lat' dir='ltr'><strong>Campis,</strong></span> <span class='ocrx_word' id='word_1_151' title='bbox 2461 1177 2609 1216; x_wconf 91' lang='lat' dir='ltr'><strong>anno</strong></span> <span class='ocrx_word' id='word_1_152' title='bbox 2625 1156 2780 1216; x_wconf 85' lang='grc'>1507.</span> 
     </span>
    </p>
   </div>
   <div class='ocr_carea' id='block_1_26' title="bbox 2256 1243 3783 1319">
    <p class='ocr_par' dir='ltr' id='par_1_26' title="bbox 2256 1243 3783 1319">
     <span class='ocr_line' id='line_1_26' title="bbox 2256 1243 3783 1319; baseline -0.007 -11"><span class='ocrx_word' id='word_1_153' title='bbox 2256 1251 2580 1319; x_wconf 87' lang='lat' dir='ltr'><strong>Undecima,</strong></span> <span class='ocrx_word' id='word_1_154' title='bbox 2603 1250 2838 1316; x_wconf 86' lang='lat' dir='ltr'><strong>Veneta,</strong></span> <span class='ocrx_word' id='word_1_155' title='bbox 2870 1247 3290 1319; x_wconf 86' lang='lat' dir='ltr'><strong>in-quarto,per</strong></span> <span class='ocrx_word' id='word_1_156' title='bbox 3311 1244 3589 1299; x_wconf 91' lang='lat' dir='ltr'><strong>Bonetum</strong></span> <span class='ocrx_word' id='word_1_157' title='bbox 3609 1243 3783 1299; x_wconf 88' lang='lat' dir='ltr'><strong>Loca-</strong></span> 
     </span>
    </p>
   </div>
   <div class='ocr_carea' id='block_1_27' title="bbox 2187 1337 2766 1407">
    <p class='ocr_par' dir='ltr' id='par_1_27' title="bbox 2187 1337 2766 1407">
     <span class='ocr_line' id='line_1_27' title="bbox 2187 1337 2766 1407; baseline -0.01 -11"><span class='ocrx_word' id='word_1_158' title='bbox 2187 1342 2404 1407; x_wconf 89' lang='lat' dir='ltr'><strong>tellum,</strong></span> <span class='ocrx_word' id='word_1_159' title='bbox 2437 1356 2584 1395; x_wconf 90' lang='lat' dir='ltr'><strong>anno</strong></span> <span class='ocrx_word' id='word_1_160' title='bbox 2610 1337 2766 1396; x_wconf 85' lang='grc'>1508.</span> 
     </span>
    </p>
   </div>
   <div class='ocr_carea' id='block_1_28' title="bbox 2255 1422 3784 1498">
    <p class='ocr_par' dir='ltr' id='par_1_28' title="bbox 2255 1422 3784 1498">
     <span class='ocr_line' id='line_1_28' title="bbox 2255 1422 3784 1498; baseline -0.006 -13"><span class='ocrx_word' id='word_1_161' title='bbox 2255 1429 2615 1494; x_wconf 88' lang='lat' dir='ltr'><strong>Duodecima,</strong></span> <span class='ocrx_word' id='word_1_162' title='bbox 2649 1424 3058 1498; x_wconf 85' lang='lat' dir='ltr'><strong>Lugdunensis,</strong></span> <span class='ocrx_word' id='word_1_163' title='bbox 3089 1423 3392 1494; x_wconf 87' lang='lat' dir='ltr'><strong>in-quarto,</strong></span> <span class='ocrx_word' id='word_1_164' title='bbox 3415 1438 3518 1494; x_wconf 91' lang='lat' dir='ltr'><strong>per</strong></span> <span class='ocrx_word' id='word_1_165' title='bbox 3545 1422 3784 1496; x_wconf 87' lang='lat' dir='ltr'><strong>Stepha-</strong></span> 
     </span>
    </p>
   </div>
   <div class='ocr_carea' id='block_1_29' title="bbox 2185 1515 2922 1582">
    <p class='ocr_par' dir='ltr' id='par_1_29' title="bbox 2185 1515 2922 1582">
     <span class='ocr_line' id='line_1_29' title="bbox 2185 1515 2922 1582; baseline -0.009 -7"><span class='ocrx_word' id='word_1_166' title='bbox 2185 1536 2319 1575; x_wconf 90' lang='lat' dir='ltr'><strong>num</strong></span> <span class='ocrx_word' id='word_1_167' title='bbox 2345 1519 2558 1582; x_wconf 87' lang='lat' dir='ltr'><strong>Balam,</strong></span> <span class='ocrx_word' id='word_1_168' title='bbox 2587 1533 2735 1572; x_wconf 88' lang='lat' dir='ltr'><strong>anno</strong></span> <span class='ocrx_word' id='word_1_169' title='bbox 2773 1515 2922 1574; x_wconf 85' lang='grc'>1509.</span> 
     </span>
    </p>
   </div>
   <div class='ocr_carea' id='block_1_30' title="bbox 2254 1601 3780 1676">
    <p class='ocr_par' dir='ltr' id='par_1_30' title="bbox 2254 1601 3780 1676">
     <span class='ocr_line' id='line_1_30' title="bbox 2254 1601 3780 1676; baseline -0.005 -13"><span class='ocrx_word' id='word_1_170' title='bbox 2254 1609 2482 1663; x_wconf 87' lang='lat' dir='ltr'><strong>Decima</strong></span> <span class='ocrx_word' id='word_1_171' title='bbox 2511 1606 2696 1673; x_wconf 84' lang='lat' dir='ltr'><strong>tertia,</strong></span> <span class='ocrx_word' id='word_1_172' title='bbox 2728 1601 3138 1676; x_wconf 85' lang='lat' dir='ltr'><strong>Lugdunensis,</strong></span> <span class='ocrx_word' id='word_1_173' title='bbox 3151 1601 3469 1672; x_wconf 86' lang='lat' dir='ltr'><strong>in-quarto,</strong></span> <span class='ocrx_word' id='word_1_174' title='bbox 3499 1616 3601 1673; x_wconf 88' lang='lat' dir='ltr'><strong>per</strong></span> <span class='ocrx_word' id='word_1_175' title='bbox 3620 1601 3780 1656; x_wconf 84' lang='lat' dir='ltr'><strong>Jaco-</strong></span> 
     </span>
    </p>
   </div>
   <div class='ocr_carea' id='block_1_31' title="bbox 509 1689 2951 1771">
    <p class='ocr_par' dir='ltr' id='par_1_31' title="bbox 509 1689 2951 1771">
     <span class='ocr_line' id='line_1_31' title="bbox 509 1689 2951 1771; baseline 0.002 -28"><span class='ocrx_word' id='word_1_176' title='bbox 509 1689 825 1746; x_wconf 86' lang='lat' dir='ltr'><strong>lectabatur</strong></span> <span class='ocrx_word' id='word_1_177' title='bbox 876 1710 1044 1748; x_wconf 87' lang='lat' dir='ltr'><strong>senex</strong></span> <span class='ocrx_word' id='word_1_178' title='bbox 1085 1695 1180 1750; x_wconf 88' lang='lat' dir='ltr'><strong>ille</strong></span> <span class='ocrx_word' id='word_1_179' title='bbox 1206 1713 1272 1750; x_wconf 89' lang='lat' dir='ltr'><strong>ea</strong></span> <span class='ocrx_word' id='word_1_180' title='bbox 1299 1697 1574 1760; x_wconf 87' lang='lat' dir='ltr'><strong>(Vitarum</strong></span> <span class='ocrx_word' id='word_1_181' title='bbox 1601 1699 1858 1768; x_wconf 89' lang='lat' dir='ltr'><strong>Patrum)</strong></span> <span class='ocrx_word' id='word_1_182' title='bbox 1883 1699 2136 1771; x_wconf 15' lang='lat' dir='ltr'><strong>potissi—g</strong></span> <span class='ocrx_word' id='word_1_183' title='bbox 2182 1699 2315 1754; x_wconf 89' lang='lat' dir='ltr'><strong>bum</strong></span> <span class='ocrx_word' id='word_1_184' title='bbox 2348 1698 2584 1763; x_wconf 84' lang='lat' dir='ltr'><strong>Sachon,</strong></span> <span class='ocrx_word' id='word_1_185' title='bbox 2616 1711 2762 1750; x_wconf 90' lang='lat' dir='ltr'><strong>anno</strong></span> <span class='ocrx_word' id='word_1_186' title='bbox 2796 1692 2951 1750; x_wconf 79' lang='lat'><strong>151‘2.</strong></span> 
     </span>
    </p>
   </div>
   <div class='ocr_carea' id='block_1_32' title="bbox 509 1769 3772 1859">
    <p class='ocr_par' dir='ltr' id='par_1_32' title="bbox 509 1769 3772 1859">
     <span class='ocr_line' id='line_1_32' title="bbox 509 1769 3772 1859; baseline 0 -27"><span class='ocrx_word' id='word_1_187' title='bbox 509 1795 668 1834; x_wconf 91' lang='lat' dir='ltr'><strong>mum</strong></span> <span class='ocrx_word' id='word_1_188' title='bbox 697 1781 952 1849; x_wconf 88' lang='lat' dir='ltr'><strong>lectione,</strong></span> <span class='ocrx_word' id='word_1_189' title='bbox 979 1783 1061 1840; x_wconf 89' lang='lat' dir='ltr'><strong>ita</strong></span> <span class='ocrx_word' id='word_1_190' title='bbox 1089 1790 1152 1839; x_wconf 92' lang='lat' dir='ltr'><strong>ut</strong></span> <span class='ocrx_word' id='word_1_191' title='bbox 1185 1791 1332 1840; x_wconf 90' lang='lat' dir='ltr'><strong>esset</strong></span> <span class='ocrx_word' id='word_1_192' title='bbox 1357 1786 1437 1840; x_wconf 90' lang='lat' dir='ltr'><strong>illi</strong></span> <span class='ocrx_word' id='word_1_193' title='bbox 1467 1803 1690 1859; x_wconf 86' lang='lat' dir='ltr'><strong>semper</strong></span> <span class='ocrx_word' id='word_1_194' title='bbox 1716 1787 1776 1842; x_wconf 92' lang='lat' dir='ltr'><strong>in</strong></span> <span class='ocrx_word' id='word_1_195' title='bbox 1805 1769 1920 1856; x_wconf 81' lang='lat' dir='ltr'><strong>ore,</strong></span> <span class='ocrx_word' id='word_1_196' title='bbox 1953 1794 2012 1843; x_wconf 91' lang='lat' dir='ltr'><strong>et</strong></span> <span class='ocrx_word' id='word_1_197' title='bbox 2038 1789 2098 1844; x_wconf 93' lang='lat' dir='ltr'><strong>in</strong></span> <span class='ocrx_word' id='word_1_198' title='bbox 2117 1769 2165 1830; x_wconf 82' lang='lat' dir='ltr'><strong>B</strong></span> <span class='ocrx_word' id='word_1_199' title='bbox 2254 1787 2482 1844; x_wconf 90' lang='lat' dir='ltr'><strong>Decima</strong></span> <span class='ocrx_word' id='word_1_200' title='bbox 2501 1791 2720 1857; x_wconf 88' lang='lat' dir='ltr'><strong>quarta,</strong></span> <span class='ocrx_word' id='word_1_201' title='bbox 2741 1782 3282 1853; x_wconf 74' lang='lat' dir='ltr'><strong>Veneta,in-quarto,</strong></span> <span class='ocrx_word' id='word_1_202' title='bbox 3307 1778 3457 1852; x_wconf 88' lang='lat' dir='ltr'><strong>apud</strong></span> <span class='ocrx_word' id='word_1_203' title='bbox 3477 1777 3772 1834; x_wconf 83' lang='lat' dir='ltr'><strong>Nicolaum</strong></span> 
     </span>
    </p>
   </div>
   <div class='ocr_carea' id='block_1_33' title="bbox 510 1869 2104 1935">
    <p class='ocr_par' dir='ltr' id='par_1_33' title="bbox 510 1869 2104 1935">
     <span class='ocr_line' id='line_1_33' title="bbox 510 1869 2104 1935; baseline 0.006 -13"><span class='ocrx_word' id='word_1_204' title='bbox 510 1869 692 1935; x_wconf 90' lang='lat' dir='ltr'><strong>corde,</strong></span> <span class='ocrx_word' id='word_1_205' title='bbox 726 1870 876 1925; x_wconf 90' lang='lat' dir='ltr'><strong>unde</strong></span> <span class='ocrx_word' id='word_1_206' title='bbox 905 1875 962 1925; x_wconf 89' lang='lat' dir='ltr'><strong>et</strong></span> <span class='ocrx_word' id='word_1_207' title='bbox 981 1889 1047 1926; x_wconf 83' lang='lat' dir='ltr'><strong>ex</strong></span> <span class='ocrx_word' id='word_1_208' title='bbox 1075 1888 1142 1926; x_wconf 89' lang='lat' dir='ltr'><strong>ea</strong></span> <span class='ocrx_word' id='word_1_209' title='bbox 1167 1873 1472 1928; x_wconf 84' lang='lat' dir='ltr'><strong>maximum</strong></span> <span class='ocrx_word' id='word_1_210' title='bbox 1493 1875 1716 1934; x_wconf 85' lang='lat' dir='ltr'><strong>virtutis</strong></span> <span class='ocrx_word' id='word_1_211' title='bbox 1744 1875 1990 1931; x_wconf 84' lang='lat' dir='ltr'><strong>fructum</strong></span> <span class='ocrx_word' id='word_1_212' title='bbox 2013 1893 2104 1931; x_wconf 85' lang='lat' dir='ltr'><strong>ac-</strong></span> 
     </span>
    </p>
   </div>
   <div class='ocr_carea' id='block_1_34' title="bbox 511 1957 1391 2033">
    <p class='ocr_par' dir='ltr' id='par_1_34' title="bbox 511 1957 1391 2033">
     <span class='ocr_line' id='line_1_34' title="bbox 511 1957 1391 2033; baseline 0.003 -22"><span class='ocrx_word' id='word_1_213' title='bbox 511 1957 736 2028; x_wconf 88' lang='lat' dir='ltr'><strong>quisivit</strong></span> <span class='ocrx_word' id='word_1_214' title='bbox 757 1959 1000 2026; x_wconf 82' lang='lat' dir='ltr'><strong>(.llosch.,</strong></span> <span class='ocrx_word' id='word_1_215' title='bbox 1034 1977 1156 2033; x_wconf 85' lang='lat' dir='ltr'><strong>cap.</strong></span> <span class='ocrx_word' id='word_1_216' title='bbox 1188 1960 1336 2032; x_wconf 75' lang='lat'><strong>212).</strong></span> <span class='ocrx_word' id='word_1_217' title='bbox 1369 1982 1391 2014; x_wconf 69' lang='grc' dir='ltr'>ι</span> 
     </span>
    </p>
   </div>
   <div class='ocr_carea' id='block_1_35' title="bbox 579 2046 2101 2122">
    <p class='ocr_par' dir='ltr' id='par_1_35' title="bbox 579 2046 2101 2122">
     <span class='ocr_line' id='line_1_35' title="bbox 579 2046 2101 2122; baseline 0.006 -22"><span class='ocrx_word' id='word_1_218' title='bbox 579 2046 726 2110; x_wconf 86' lang='lat' dir='ltr'><strong>Quin</strong></span> <span class='ocrx_word' id='word_1_219' title='bbox 754 2065 886 2102; x_wconf 86' lang='lat' dir='ltr'><strong>vero</strong></span> <span class='ocrx_word' id='word_1_220' title='bbox 910 2054 1030 2104; x_wconf 90' lang='lat' dir='ltr'><strong>tota</strong></span> <span class='ocrx_word' id='word_1_221' title='bbox 1067 2050 1336 2122; x_wconf 87' lang='lat' dir='ltr'><strong>Hispania</strong></span> <span class='ocrx_word' id='word_1_222' title='bbox 1375 2053 1495 2122; x_wconf 87' lang='lat' dir='ltr'><strong>jam</strong></span> <span class='ocrx_word' id='word_1_223' title='bbox 1523 2053 1656 2108; x_wconf 90' lang='lat' dir='ltr'><strong>olim</strong></span> <span class='ocrx_word' id='word_1_224' title='bbox 1685 2053 1830 2108; x_wconf 86' lang='lat' dir='ltr'><strong>tanti</strong></span> <span class='ocrx_word' id='word_1_225' title='bbox 1860 2055 2009 2108; x_wconf 89' lang='lat' dir='ltr'><strong>hunc</strong></span> <span class='ocrx_word' id='word_1_226' title='bbox 2037 2053 2101 2108; x_wconf 87' lang='lat' dir='ltr'><strong>li-</strong></span> 
     </span>
    </p>
   </div>
   <div class='ocr_carea' id='block_1_36' title="bbox 512 2133 2101 2213">
    <p class='ocr_par' dir='ltr' id='par_1_36' title="bbox 512 2133 2101 2213">
     <span class='ocr_line' id='line_1_36' title="bbox 512 2133 2101 2213; baseline 0.006 -25"><span class='ocrx_word' id='word_1_227' title='bbox 512 2133 674 2190; x_wconf 91' lang='lat' dir='ltr'><strong>brum</strong></span> <span class='ocrx_word' id='word_1_228' title='bbox 703 2136 852 2202; x_wconf 88' lang='lat' dir='ltr'><strong>fecit,</strong></span> <span class='ocrx_word' id='word_1_229' title='bbox 868 2143 933 2192; x_wconf 90' lang='lat' dir='ltr'><strong>ut</strong></span> <span class='ocrx_word' id='word_1_230' title='bbox 961 2139 1017 2192; x_wconf 93' lang='lat' dir='ltr'><strong>in</strong></span> <span class='ocrx_word' id='word_1_231' title='bbox 1029 2156 1195 2194; x_wconf 90' lang='lat' dir='ltr'><strong>usum</strong></span> <span class='ocrx_word' id='word_1_232' title='bbox 1217 2157 1732 2206; x_wconf 89' lang='lat' dir='ltr'><strong>communem,cum</strong></span> <span class='ocrx_word' id='word_1_233' title='bbox 1758 2143 1878 2213; x_wconf 87' lang='lat' dir='ltr'><strong>jam</strong></span> <span class='ocrx_word' id='word_1_234' title='bbox 1907 2143 2101 2213; x_wconf 83' lang='lat' dir='ltr'><strong>lingua</strong></span> 
     </span>
    </p>
   </div>
   <div class='ocr_carea' id='block_1_37' title="bbox 510 2223 2102 2297">
    <p class='ocr_par' dir='ltr' id='par_1_37' title="bbox 510 2223 2102 2297">
     <span class='ocr_line' id='line_1_37' title="bbox 510 2223 2102 2297; baseline 0.006 -20"><span class='ocrx_word' id='word_1_235' title='bbox 510 2223 713 2279; x_wconf 84' lang='lat' dir='ltr'><strong>Latina</strong></span> <span class='ocrx_word' id='word_1_236' title='bbox 741 2225 810 2279; x_wconf 92' lang='lat' dir='ltr'><strong>iis</strong></span> <span class='ocrx_word' id='word_1_237' title='bbox 837 2226 896 2280; x_wconf 92' lang='lat' dir='ltr'><strong>in</strong></span> <span class='ocrx_word' id='word_1_238' title='bbox 933 2227 1255 2297; x_wconf 86' lang='lat' dir='ltr'><strong>regionibus</strong></span> <span class='ocrx_word' id='word_1_239' title='bbox 1285 2229 1641 2296; x_wconf 79' lang='lat' dir='ltr'><strong>exolesceret,</strong></span> <span class='ocrx_word' id='word_1_240' title='bbox 1675 2247 1801 2285; x_wconf 88' lang='lat' dir='ltr'><strong>eum</strong></span> <span class='ocrx_word' id='word_1_241' title='bbox 1832 2231 1889 2286; x_wconf 88' lang='lat' dir='ltr'><strong>in</strong></span> <span class='ocrx_word' id='word_1_242' title='bbox 1907 2231 2102 2288; x_wconf 85' lang='lat' dir='ltr'><strong>Arabi-</strong></span> 
     </span>
    </p>
   </div>
   <div class='ocr_carea' id='block_1_38' title="bbox 511 2315 2101 2392">
    <p class='ocr_par' dir='ltr' id='par_1_38' title="bbox 511 2315 2101 2392">
     <span class='ocr_line' id='line_1_38' title="bbox 511 2315 2101 2392; baseline 0.006 -26"><span class='ocrx_word' id='word_1_243' title='bbox 511 2328 634 2366; x_wconf 87' lang='lat' dir='ltr'><strong>cam</strong></span> <span class='ocrx_word' id='word_1_244' title='bbox 671 2315 963 2369; x_wconf 78' lang='lat' dir='ltr'><strong>transferri</strong></span> <span class='ocrx_word' id='word_1_245' title='bbox 991 2317 1203 2372; x_wconf 90' lang='lat' dir='ltr'><strong>curarit</strong></span> <span class='ocrx_word' id='word_1_246' title='bbox 1224 2334 1336 2372; x_wconf 91' lang='lat' dir='ltr'><strong>una</strong></span> <span class='ocrx_word' id='word_1_247' title='bbox 1347 2335 1472 2372; x_wconf 90' lang='lat' dir='ltr'><strong>cum</strong></span> <span class='ocrx_word' id='word_1_248' title='bbox 1485 2319 1657 2373; x_wconf 90' lang='lat' dir='ltr'><strong>sacris</strong></span> <span class='ocrx_word' id='word_1_249' title='bbox 1677 2319 1920 2374; x_wconf 88' lang='lat' dir='ltr'><strong>Litteris:</strong></span> <span class='ocrx_word' id='word_1_250' title='bbox 1928 2320 2101 2392; x_wconf 85' lang='lat' dir='ltr'><strong>probe</strong></span> 
     </span>
    </p>
   </div>
   <div class='ocr_carea' id='block_1_39' title="bbox 508 2399 2100 2474">
    <p class='ocr_par' dir='ltr' id='par_1_39' title="bbox 508 2399 2100 2474">
     <span class='ocr_line' id='line_1_39' title="bbox 508 2399 2100 2474; baseline 0.007 -21"><span class='ocrx_word' id='word_1_251' title='bbox 508 2399 830 2472; x_wconf 82' lang='lat' dir='ltr'><strong>intelligens</strong></span> <span class='ocrx_word' id='word_1_252' title='bbox 845 2410 1088 2474; x_wconf 88' lang='lat' dir='ltr'><strong>quantus</strong></span> <span class='ocrx_word' id='word_1_253' title='bbox 1101 2405 1229 2460; x_wconf 90' lang='lat' dir='ltr'><strong>hinc</strong></span> <span class='ocrx_word' id='word_1_254' title='bbox 1249 2406 1462 2462; x_wconf 89' lang='lat' dir='ltr'><strong>fructus</strong></span> <span class='ocrx_word' id='word_1_255' title='bbox 1473 2408 1543 2462; x_wconf 91' lang='lat' dir='ltr'><strong>ad</strong></span> <span class='ocrx_word' id='word_1_256' title='bbox 1565 2409 1783 2463; x_wconf 88' lang='lat' dir='ltr'><strong>animos</strong></span> <span class='ocrx_word' id='word_1_257' title='bbox 1795 2408 1852 2464; x_wconf 91' lang='lat' dir='ltr'><strong>in</strong></span> <span class='ocrx_word' id='word_1_258' title='bbox 1875 2426 2100 2465; x_wconf 90' lang='lat' dir='ltr'><strong>omnem</strong></span> 
     </span>
    </p>
   </div>
   <div class='ocr_carea' id='block_1_40' title="bbox 507 2489 2102 2561">
    <p class='ocr_par' dir='ltr' id='par_1_40' title="bbox 507 2489 2102 2561">
     <span class='ocr_line' id='line_1_40' title="bbox 507 2489 2102 2561; baseline 0.006 -18"><span class='ocrx_word' id='word_1_259' title='bbox 507 2489 775 2561; x_wconf 86' lang='lat' dir='ltr'><strong>pietatem</strong></span> <span class='ocrx_word' id='word_1_260' title='bbox 807 2493 1120 2549; x_wconf 89' lang='lat' dir='ltr'><strong>incitandos</strong></span> <span class='ocrx_word' id='word_1_261' title='bbox 1149 2496 1474 2551; x_wconf 85' lang='lat' dir='ltr'><strong>exundaret.</strong></span> <span class='ocrx_word' id='word_1_262' title='bbox 1521 2498 1782 2553; x_wconf 86' lang='lat' dir='ltr'><strong>Testatur</strong></span> <span class='ocrx_word' id='word_1_263' title='bbox 1807 2498 1865 2553; x_wconf 92' lang='lat' dir='ltr'><strong>id</strong></span> <span class='ocrx_word' id='word_1_264' title='bbox 1897 2499 2102 2553; x_wconf 86' lang='lat' dir='ltr'><strong>Heleca</strong></span> 
     </span>
    </p>
   </div>
   <div class='ocr_carea' id='block_1_41' title="bbox 508 2579 2100 2655">
    <p class='ocr_par' dir='ltr' id='par_1_41' title="bbox 508 2579 2100 2655">
     <span class='ocr_line' id='line_1_41' title="bbox 508 2579 2100 2655; baseline 0.007 -24"><span class='ocrx_word' id='word_1_265' title='bbox 508 2579 958 2652; x_wconf 86' lang='lat' dir='ltr'><strong>archiepiscopus</strong></span> <span class='ocrx_word' id='word_1_266' title='bbox 968 2583 1502 2655; x_wconf 85' lang='lat' dir='ltr'><strong>Caesaraugustanus</strong></span> <span class='ocrx_word' id='word_1_267' title='bbox 1521 2587 1668 2641; x_wconf 90' lang='lat' dir='ltr'><strong>circa</strong></span> <span class='ocrx_word' id='word_1_268' title='bbox 1684 2603 1894 2642; x_wconf 89' lang='lat' dir='ltr'><strong>annum</strong></span> <span class='ocrx_word' id='word_1_269' title='bbox 1911 2586 2100 2654; x_wconf 86' lang='lat' dir='ltr'><strong>860,in</strong></span> 
     </span>
    </p>
   </div>
   <div class='ocr_carea' id='block_1_42' title="bbox 509 2667 2098 2744">
    <p class='ocr_par' dir='ltr' id='par_1_42' title="bbox 509 2667 2098 2744">
     <span class='ocr_line' id='line_1_42' title="bbox 509 2667 2098 2744; baseline 0.008 -24"><span class='ocrx_word' id='word_1_270' title='bbox 509 2667 886 2724; x_wconf 87' lang='lat' dir='ltr'><strong>additionibus</strong></span> <span class='ocrx_word' id='word_1_271' title='bbox 905 2672 975 2724; x_wconf 92' lang='lat' dir='ltr'><strong>ad</strong></span> <span class='ocrx_word' id='word_1_272' title='bbox 996 2672 1270 2728; x_wconf 84' lang='lat' dir='ltr'><strong>Chronica</strong></span> <span class='ocrx_word' id='word_1_273' title='bbox 1290 2674 1484 2728; x_wconf 82' lang='lat' dir='ltr'><strong>Dextri</strong></span> <span class='ocrx_word' id='word_1_274' title='bbox 1515 2681 1572 2730; x_wconf 91' lang='lat' dir='ltr'><strong>et</strong></span> <span class='ocrx_word' id='word_1_275' title='bbox 1586 2676 1830 2730; x_wconf 82' lang='lat' dir='ltr'><strong>Maximi.</strong></span> <span class='ocrx_word' id='word_1_276' title='bbox 1864 2677 2098 2744; x_wconf 63' lang='lat' dir='ltr'><strong>«Sacrae,</strong></span> 
     </span>
    </p>
   </div>
   <div class='ocr_carea' id='block_1_43' title="bbox 2183 1870 3058 1942">
    <p class='ocr_par' dir='ltr' id='par_1_43' title="bbox 2183 1870 3058 1942">
     <span class='ocr_line' id='line_1_43' title="bbox 2183 1870 3058 1942; baseline -0.01 -10"><span class='ocrx_word' id='word_1_277' title='bbox 2183 1877 2253 1932; x_wconf 91' lang='lat' dir='ltr'><strong>de</strong></span> <span class='ocrx_word' id='word_1_278' title='bbox 2275 1875 2694 1942; x_wconf 84' lang='lat' dir='ltr'><strong>Francofurdia,</strong></span> <span class='ocrx_word' id='word_1_279' title='bbox 2725 1890 2872 1929; x_wconf 88' lang='lat' dir='ltr'><strong>anno</strong></span> <span class='ocrx_word' id='word_1_280' title='bbox 2900 1870 3058 1926; x_wconf 73' lang='grc'>1512.</span> 
     </span>
    </p>
   </div>
   <div class='ocr_carea' id='block_1_44' title="bbox 2253 1957 3777 2040">
    <p class='ocr_par' dir='ltr' id='par_1_44' title="bbox 2253 1957 3777 2040">
     <span class='ocr_line' id='line_1_44' title="bbox 2253 1957 3777 2040; baseline -0.007 -19"><span class='ocrx_word' id='word_1_281' title='bbox 2253 1966 2479 2021; x_wconf 92' lang='lat' dir='ltr'><strong>Decima</strong></span> <span class='ocrx_word' id='word_1_282' title='bbox 2493 1961 3124 2040; x_wconf 86' lang='lat' dir='ltr'><strong>quinta,Lugdunensis,</strong></span> <span class='ocrx_word' id='word_1_283' title='bbox 3141 1957 3447 2030; x_wconf 88' lang='lat' dir='ltr'><strong>in-quarto,</strong></span> <span class='ocrx_word' id='word_1_284' title='bbox 3480 1974 3582 2030; x_wconf 85' lang='lat' dir='ltr'><strong>per</strong></span> <span class='ocrx_word' id='word_1_285' title='bbox 3609 1957 3777 2012; x_wconf 88' lang='lat' dir='ltr'><strong>Jaco-</strong></span> 
     </span>
    </p>
   </div>
   <div class='ocr_carea' id='block_1_45' title="bbox 2182 2054 2844 2122">
    <p class='ocr_par' dir='ltr' id='par_1_45' title="bbox 2182 2054 2844 2122">
     <span class='ocr_line' id='line_1_45' title="bbox 2182 2054 2844 2122; baseline 0 -12"><span class='ocrx_word' id='word_1_286' title='bbox 2182 2054 2316 2110; x_wconf 90' lang='lat' dir='ltr'><strong>bum</strong></span> <span class='ocrx_word' id='word_1_287' title='bbox 2339 2055 2479 2122; x_wconf 81' lang='lat' dir='ltr'><strong>Miit,</strong></span> <span class='ocrx_word' id='word_1_288' title='bbox 2511 2071 2658 2110; x_wconf 90' lang='lat' dir='ltr'><strong>anno</strong></span> <span class='ocrx_word' id='word_1_289' title='bbox 2685 2055 2844 2111; x_wconf 88' lang='grc'>1515.</span> 
     </span>
    </p>
   </div>
   <div class='ocr_carea' id='block_1_46' title="bbox 2253 2136 3781 2215">
    <p class='ocr_par' dir='ltr' id='par_1_46' title="bbox 2253 2136 3781 2215">
     <span class='ocr_line' id='line_1_46' title="bbox 2253 2136 3781 2215; baseline -0.005 -16"><span class='ocrx_word' id='word_1_290' title='bbox 2253 2145 2482 2199; x_wconf 89' lang='lat' dir='ltr'><strong>Decima</strong></span> <span class='ocrx_word' id='word_1_291' title='bbox 2525 2150 2696 2211; x_wconf 76' lang='lat' dir='ltr'><strong>sexta,</strong></span> <span class='ocrx_word' id='word_1_292' title='bbox 2751 2143 3159 2215; x_wconf 87' lang='lat' dir='ltr'><strong>Lugdunensis,</strong></span> <span class='ocrx_word' id='word_1_293' title='bbox 3200 2139 3398 2196; x_wconf 88' lang='lat' dir='ltr'><strong>eadem</strong></span> <span class='ocrx_word' id='word_1_294' title='bbox 3443 2136 3643 2203; x_wconf 79' lang='lat' dir='ltr'><strong>forma,</strong></span> <span class='ocrx_word' id='word_1_295' title='bbox 3673 2151 3781 2208; x_wconf 86' lang='lat' dir='ltr'><strong>per</strong></span> 
     </span>
    </p>
   </div>
   <div class='ocr_carea' id='block_1_47' title="bbox 2182 2229 3170 2300">
    <p class='ocr_par' dir='ltr' id='par_1_47' title="bbox 2182 2229 3170 2300">
     <span class='ocr_line' id='line_1_47' title="bbox 2182 2229 3170 2300; baseline -0.005 -12"><span class='ocrx_word' id='word_1_296' title='bbox 2182 2233 2451 2288; x_wconf 82' lang='lat' dir='ltr'><strong>Iacobum</strong></span> <span class='ocrx_word' id='word_1_297' title='bbox 2473 2233 2800 2300; x_wconf 83' lang='lat' dir='ltr'><strong>Mareschal,</strong></span> <span class='ocrx_word' id='word_1_298' title='bbox 2833 2249 2980 2288; x_wconf 90' lang='lat' dir='ltr'><strong>anno</strong></span> <span class='ocrx_word' id='word_1_299' title='bbox 3014 2229 3170 2289; x_wconf 73' lang='lat'><strong>1520.</strong></span> 
     </span>
    </p>
   </div>
   <div class='ocr_carea' id='block_1_48' title="bbox 2252 2314 3783 2394">
    <p class='ocr_par' dir='ltr' id='par_1_48' title="bbox 2252 2314 3783 2394">
     <span class='ocr_line' id='line_1_48' title="bbox 2252 2314 3783 2394; baseline -0.007 -16"><span class='ocrx_word' id='word_1_300' title='bbox 2252 2323 2480 2378; x_wconf 84' lang='lat' dir='ltr'><strong>Decima</strong></span> <span class='ocrx_word' id='word_1_301' title='bbox 2506 2323 2764 2394; x_wconf 88' lang='lat' dir='ltr'><strong>septima,</strong></span> <span class='ocrx_word' id='word_1_302' title='bbox 2797 2320 3206 2394; x_wconf 85' lang='lat' dir='ltr'><strong>Lugdunensis,</strong></span> <span class='ocrx_word' id='word_1_303' title='bbox 3221 2317 3418 2374; x_wconf 86' lang='lat' dir='ltr'><strong>eadem</strong></span> <span class='ocrx_word' id='word_1_304' title='bbox 3437 2314 3640 2380; x_wconf 86' lang='lat' dir='ltr'><strong>forma,</strong></span> <span class='ocrx_word' id='word_1_305' title='bbox 3673 2329 3783 2386; x_wconf 88' lang='lat' dir='ltr'><strong>per</strong></span> 
     </span>
    </p>
   </div>
   <div class='ocr_carea' id='block_1_49' title="bbox 2179 2405 3254 2475">
    <p class='ocr_par' dir='ltr' id='par_1_49' title="bbox 2179 2405 3254 2475">
     <span class='ocr_line' id='line_1_49' title="bbox 2179 2405 3254 2475; baseline 0 -9"><span class='ocrx_word' id='word_1_306' title='bbox 2179 2411 2484 2466; x_wconf 83' lang='lat' dir='ltr'><strong>Antonium</strong></span> <span class='ocrx_word' id='word_1_307' title='bbox 2513 2411 2887 2475; x_wconf 86' lang='lat' dir='ltr'><strong>Vincentium,</strong></span> <span class='ocrx_word' id='word_1_308' title='bbox 2917 2425 3066 2465; x_wconf 88' lang='lat' dir='ltr'><strong>anno</strong></span> <span class='ocrx_word' id='word_1_309' title='bbox 3092 2405 3254 2466; x_wconf 86' lang='grc'>1537.</span> 
     </span>
    </p>
   </div>
   <div class='ocr_carea' id='block_1_50' title="bbox 2253 2491 3785 2566">
    <p class='ocr_par' dir='ltr' id='par_1_50' title="bbox 2253 2491 3785 2566">
     <span class='ocr_line' id='line_1_50' title="bbox 2253 2491 3785 2566; baseline -0.007 -11"><span class='ocrx_word' id='word_1_310' title='bbox 2253 2501 2482 2555; x_wconf 89' lang='lat' dir='ltr'><strong>Decima</strong></span> <span class='ocrx_word' id='word_1_311' title='bbox 2509 2506 2723 2565; x_wconf 88' lang='lat' dir='ltr'><strong>octava,</strong></span> <span class='ocrx_word' id='word_1_312' title='bbox 2757 2499 3124 2565; x_wconf 88' lang='lat' dir='ltr'><strong>Coloniensis,</strong></span> <span class='ocrx_word' id='word_1_313' title='bbox 3150 2494 3392 2562; x_wconf 90' lang='lat' dir='ltr'><strong>in-folio,</strong></span> <span class='ocrx_word' id='word_1_314' title='bbox 3425 2509 3530 2566; x_wconf 88' lang='lat' dir='ltr'><strong>per</strong></span> <span class='ocrx_word' id='word_1_315' title='bbox 3556 2491 3785 2564; x_wconf 85' lang='lat' dir='ltr'><strong>Gaspa-</strong></span> 
     </span>
    </p>
   </div>
   <div class='ocr_carea' id='block_1_51' title="bbox 2183 2585 3084 2660">
    <p class='ocr_par' dir='ltr' id='par_1_51' title="bbox 2183 2585 3084 2660">
     <span class='ocr_line' id='line_1_51' title="bbox 2183 2585 3084 2660; baseline -0.002 -17"><span class='ocrx_word' id='word_1_316' title='bbox 2183 2605 2301 2644; x_wconf 89' lang='lat' dir='ltr'><strong>rem</strong></span> <span class='ocrx_word' id='word_1_317' title='bbox 2330 2589 2727 2660; x_wconf 67' lang='lat' dir='ltr'><strong>Gennepaeum,</strong></span> <span class='ocrx_word' id='word_1_318' title='bbox 2759 2605 2906 2644; x_wconf 92' lang='lat' dir='ltr'><strong>anno</strong></span> <span class='ocrx_word' id='word_1_319' title='bbox 2930 2585 3084 2642; x_wconf 73' lang='grc'>1517.</span> 
     </span>
    </p>
   </div>
   <div class='ocr_carea' id='block_1_52' title="bbox 2255 2669 3776 2745">
    <p class='ocr_par' dir='ltr' id='par_1_52' title="bbox 2255 2669 3776 2745">
     <span class='ocr_line' id='line_1_52' title="bbox 2255 2669 3776 2745; baseline -0.007 -12"><span class='ocrx_word' id='word_1_320' title='bbox 2255 2678 2482 2745; x_wconf 81' lang='lat' dir='ltr'><strong>Decima</strong></span> <span class='ocrx_word' id='word_1_321' title='bbox 2508 2695 2676 2744; x_wconf 86' lang='lat' dir='ltr'><strong>nona,</strong></span> <span class='ocrx_word' id='word_1_322' title='bbox 2705 2677 3070 2741; x_wconf 85' lang='lat' dir='ltr'><strong>Coloniensis,</strong></span> <span class='ocrx_word' id='word_1_323' title='bbox 3099 2676 3159 2730; x_wconf 93' lang='lat' dir='ltr'><strong>in</strong></span> <span class='ocrx_word' id='word_1_324' title='bbox 3180 2674 3330 2733; x_wconf 86' lang='lat' dir='ltr'><strong>folio.</strong></span> <span class='ocrx_word' id='word_1_325' title='bbox 3356 2687 3456 2744; x_wconf 88' lang='lat' dir='ltr'><strong>per</strong></span> <span class='ocrx_word' id='word_1_326' title='bbox 3483 2669 3776 2735; x_wconf 88' lang='lat' dir='ltr'><strong>eumdem,</strong></span> 
     </span>
    </p>
   </div>
   <div class='ocr_carea' id='block_1_53' title="bbox 515 2760 3780 2841">
    <p class='ocr_par' dir='ltr' id='par_1_53' title="bbox 515 2760 3780 2841">
     <span class='ocr_line' id='line_1_53' title="bbox 515 2760 3780 2841; baseline -0.001 -25"><span class='ocrx_word' id='word_1_327' title='bbox 515 2760 717 2832; x_wconf 85' lang='lat' dir='ltr'><strong>inquit,</strong></span> <span class='ocrx_word' id='word_1_328' title='bbox 736 2763 1037 2834; x_wconf 61' lang='lat' dir='ltr'><strong>Scriptura</strong></span> <span class='ocrx_word' id='word_1_329' title='bbox 1059 2765 1293 2821; x_wconf 81' lang='lat' dir='ltr'><strong>Arabica</strong></span> <span class='ocrx_word' id='word_1_330' title='bbox 1307 2769 1592 2824; x_wconf 75' lang='lat' dir='ltr'><strong>translata:</strong></span> <span class='ocrx_word' id='word_1_331' title='bbox 1618 2769 2099 2841; x_wconf 81' lang='lat' dir='ltr'><strong>apresbyterisca-</strong></span> <span class='ocrx_word' id='word_1_332' title='bbox 2182 2783 2274 2821; x_wconf 89' lang='lat' dir='ltr'><strong>an.</strong></span> <span class='ocrx_word' id='word_1_333' title='bbox 2312 2765 2466 2833; x_wconf 76' lang='lat'><strong>1548,</strong></span> <span class='ocrx_word' id='word_1_334' title='bbox 2500 2767 2608 2821; x_wconf 89' lang='lat' dir='ltr'><strong>nisi</strong></span> <span class='ocrx_word' id='word_1_335' title='bbox 2637 2765 2752 2820; x_wconf 64' lang='lat' dir='ltr'><strong>haec</strong></span> <span class='ocrx_word' id='word_1_336' title='bbox 2789 2766 2983 2820; x_wconf 90' lang='lat' dir='ltr'><strong>eadem</strong></span> <span class='ocrx_word' id='word_1_337' title='bbox 3027 2765 3100 2818; x_wconf 91' lang='lat' dir='ltr'><strong>sit</strong></span> <span class='ocrx_word' id='word_1_338' title='bbox 3133 2779 3258 2818; x_wconf 90' lang='lat' dir='ltr'><strong>cum</strong></span> <span class='ocrx_word' id='word_1_339' title='bbox 3308 2761 3517 2834; x_wconf 88' lang='lat' dir='ltr'><strong>priore,</strong></span> <span class='ocrx_word' id='word_1_340' title='bbox 3553 2763 3780 2814; x_wconf 86' lang='lat' dir='ltr'><strong>mutato</strong></span> 
     </span>
    </p>
   </div>
   <div class='ocr_carea' id='block_1_54' title="bbox 511 2845 3776 2925">
    <p class='ocr_par' dir='ltr' id='par_1_54' title="bbox 511 2845 3776 2925">
     <span class='ocr_line' id='line_1_54' title="bbox 511 2845 3776 2925; baseline -0.001 -22"><span class='ocrx_word' id='word_1_341' title='bbox 511 2850 735 2906; x_wconf 89' lang='lat' dir='ltr'><strong>tholicis</strong></span> <span class='ocrx_word' id='word_1_342' title='bbox 763 2852 1058 2920; x_wconf 86' lang='lat' dir='ltr'><strong>habentur,</strong></span> <span class='ocrx_word' id='word_1_343' title='bbox 1104 2859 1163 2908; x_wconf 90' lang='lat' dir='ltr'><strong>et</strong></span> <span class='ocrx_word' id='word_1_344' title='bbox 1205 2871 1332 2909; x_wconf 90' lang='lat' dir='ltr'><strong>cum</strong></span> <span class='ocrx_word' id='word_1_345' title='bbox 1357 2857 1581 2910; x_wconf 89' lang='lat' dir='ltr'><strong>scholiis</strong></span> <span class='ocrx_word' id='word_1_346' title='bbox 1607 2858 2092 2925; x_wconf 80' lang='lat' dir='ltr'><strong>circumferuntur;</strong></span> <span class='ocrx_word' id='word_1_347' title='bbox 2179 2860 2399 2909; x_wconf 87' lang='lat' dir='ltr'><strong>tantum</strong></span> <span class='ocrx_word' id='word_1_348' title='bbox 2430 2854 2594 2909; x_wconf 88' lang='lat' dir='ltr'><strong>titulo</strong></span> <span class='ocrx_word' id='word_1_349' title='bbox 2624 2859 2682 2908; x_wconf 88' lang='lat' dir='ltr'><strong>et</strong></span> <span class='ocrx_word' id='word_1_350' title='bbox 2703 2870 2869 2916; x_wconf 87' lang='lat' dir='ltr'><strong>anno,</strong></span> <span class='ocrx_word' id='word_1_351' title='bbox 2895 2857 2959 2906; x_wconf 91' lang='lat' dir='ltr'><strong>ut</strong></span> <span class='ocrx_word' id='word_1_352' title='bbox 2983 2851 3240 2907; x_wconf 89' lang='lat' dir='ltr'><strong>indicabo</strong></span> <span class='ocrx_word' id='word_1_353' title='bbox 3260 2850 3658 2922; x_wconf 83' lang='lat' dir='ltr'><strong>prolegomeno</strong></span> <span class='ocrx_word' id='word_1_354' title='bbox 3677 2845 3776 2902; x_wconf 75' lang='lat'><strong>‘20.</strong></span> 
     </span>
    </p>
   </div>
   <div class='ocr_carea' id='block_1_55' title="bbox 511 2937 3783 3017">
    <p class='ocr_par' dir='ltr' id='par_1_55' title="bbox 511 2937 3783 3017">
     <span class='ocr_line' id='line_1_55' title="bbox 511 2937 3783 3017; baseline -0.001 -22"><span class='ocrx_word' id='word_1_355' title='bbox 511 2940 787 3011; x_wconf 81' lang='lat' dir='ltr'><strong>praecipue</strong></span> <span class='ocrx_word' id='word_1_356' title='bbox 801 2941 1016 2996; x_wconf 88' lang='lat' dir='ltr'><strong>Novum</strong></span> <span class='ocrx_word' id='word_1_357' title='bbox 1030 2943 1470 3008; x_wconf 86' lang='lat' dir='ltr'><strong>Testamentum,</strong></span> <span class='ocrx_word' id='word_1_358' title='bbox 1489 2945 1745 3016; x_wconf 66' lang='lat' dir='ltr'><strong>Epistolis</strong></span> <span class='ocrx_word' id='word_1_359' title='bbox 1759 2946 1939 3010; x_wconf 79' lang='lat' dir='ltr'><strong>Pauli,</strong></span> <span class='ocrx_word' id='word_1_360' title='bbox 1951 2947 2098 3017; x_wconf 87' lang='lat' dir='ltr'><strong>Apo-</strong></span> <span class='ocrx_word' id='word_1_361' title='bbox 2245 2941 2991 3014; x_wconf 86' lang='lat' dir='ltr'><strong>Vigesima,Complutensis,</strong></span> <span class='ocrx_word' id='word_1_362' title='bbox 3006 2937 3469 3012; x_wconf 84' lang='lat' dir='ltr'><strong>in-quarto,apud</strong></span> <span class='ocrx_word' id='word_1_363' title='bbox 3498 2937 3783 2994; x_wconf 80' lang='lat' dir='ltr'><strong>Joannem</strong></span> 
     </span>
    </p>
   </div>
   <div class='ocr_carea' id='block_1_56' title="bbox 511 3029 2898 3101">
    <p class='ocr_par' dir='ltr' id='par_1_56' title="bbox 511 3029 2898 3101">
     <span class='ocr_line' id='line_1_56' title="bbox 511 3029 2898 3101; baseline 0.001 -19"><span class='ocrx_word' id='word_1_364' title='bbox 511 3029 752 3100; x_wconf 87' lang='lat' dir='ltr'><strong>calypsis</strong></span> <span class='ocrx_word' id='word_1_365' title='bbox 789 3031 965 3085; x_wconf 87' lang='lat' dir='ltr'><strong>sancti</strong></span> <span class='ocrx_word' id='word_1_366' title='bbox 994 3033 1244 3098; x_wconf 86' lang='lat' dir='ltr'><strong>Joannis,</strong></span> <span class='ocrx_word' id='word_1_367' title='bbox 1261 3039 1318 3088; x_wconf 90' lang='lat' dir='ltr'><strong>et</strong></span> <span class='ocrx_word' id='word_1_368' title='bbox 1345 3033 1486 3088; x_wconf 89' lang='lat' dir='ltr'><strong>liber</strong></span> <span class='ocrx_word' id='word_1_369' title='bbox 1511 3035 1580 3088; x_wconf 90' lang='lat' dir='ltr'><strong>de</strong></span> <span class='ocrx_word' id='word_1_370' title='bbox 1600 3035 1742 3089; x_wconf 82' lang='lat' dir='ltr'><strong>Vitis</strong></span> <span class='ocrx_word' id='word_1_371' title='bbox 1762 3035 2016 3101; x_wconf 86' lang='lat' dir='ltr'><strong>Patrum,</strong></span> <span class='ocrx_word' id='word_1_372' title='bbox 2041 3042 2098 3091; x_wconf 89' lang='lat' dir='ltr'><strong>et</strong></span> <span class='ocrx_word' id='word_1_373' title='bbox 2181 3031 2532 3097; x_wconf 85' lang='lat' dir='ltr'><strong>Gratianum,</strong></span> <span class='ocrx_word' id='word_1_374' title='bbox 2563 3049 2710 3086; x_wconf 87' lang='lat' dir='ltr'><strong>anno</strong></span> <span class='ocrx_word' id='word_1_375' title='bbox 2744 3031 2898 3087; x_wconf 88' lang='grc'>1596.</span> 
     </span>
    </p>
   </div>
   <div class='ocr_carea' id='block_1_57' title="bbox 510 3113 3779 3192">
    <p class='ocr_par' dir='ltr' id='par_1_57' title="bbox 510 3113 3779 3192">
     <span class='ocr_line' id='line_1_57' title="bbox 510 3113 3779 3192; baseline -0.001 -20"><span class='ocrx_word' id='word_1_376' title='bbox 510 3118 2163 3192; x_wconf 83' lang='lat' dir='ltr'><strong>historiaLatinaFl.LuciiDextri,M.Maximi,etaliorum,C</strong></span> <span class='ocrx_word' id='word_1_377' title='bbox 2253 3120 2550 3191; x_wconf 90' lang='lat' dir='ltr'><strong>Triplicem</strong></span> <span class='ocrx_word' id='word_1_378' title='bbox 2574 3127 2762 3176; x_wconf 88' lang='lat' dir='ltr'><strong>autem</strong></span> <span class='ocrx_word' id='word_1_379' title='bbox 2793 3120 2942 3176; x_wconf 91' lang='lat' dir='ltr'><strong>inter</strong></span> <span class='ocrx_word' id='word_1_380' title='bbox 2987 3119 3089 3174; x_wconf 88' lang='lat' dir='ltr'><strong>has</strong></span> <span class='ocrx_word' id='word_1_381' title='bbox 3132 3116 3408 3172; x_wconf 87' lang='lat' dir='ltr'><strong>editiones</strong></span> <span class='ocrx_word' id='word_1_382' title='bbox 3437 3113 3779 3170; x_wconf 86' lang='lat' dir='ltr'><strong>varietatem</strong></span> 
     </span>
    </p>
   </div>
   <div class='ocr_carea' id='block_1_58' title="bbox 511 3200 3782 3284">
    <p class='ocr_par' dir='ltr' id='par_1_58' title="bbox 511 3200 3782 3284">
     <span class='ocr_line' id='line_1_58' title="bbox 511 3200 3782 3284; baseline -0.001 -24"><span class='ocrx_word' id='word_1_383' title='bbox 511 3208 882 3262; x_wconf 89' lang='lat' dir='ltr'><strong>etChronicon</strong></span> <span class='ocrx_word' id='word_1_384' title='bbox 903 3209 1352 3276; x_wconf 86' lang='lat' dir='ltr'><strong>Eusebii,etlibri</strong></span> <span class='ocrx_word' id='word_1_385' title='bbox 1374 3212 1443 3266; x_wconf 92' lang='lat' dir='ltr'><strong>de</strong></span> <span class='ocrx_word' id='word_1_386' title='bbox 1460 3212 1808 3268; x_wconf 88' lang='lat' dir='ltr'><strong>CivitateDei</strong></span> <span class='ocrx_word' id='word_1_387' title='bbox 1831 3213 1886 3267; x_wconf 91' lang='lat' dir='ltr'><strong>S.</strong></span> <span class='ocrx_word' id='word_1_388' title='bbox 1911 3215 2094 3284; x_wconf 85' lang='lat' dir='ltr'><strong>Augu-</strong></span> <span class='ocrx_word' id='word_1_389' title='bbox 2187 3209 2430 3277; x_wconf 76' lang='lat' dir='ltr'><strong>invenio,</strong></span> <span class='ocrx_word' id='word_1_390' title='bbox 2479 3225 2649 3282; x_wconf 88' lang='lat' dir='ltr'><strong>quam</strong></span> <span class='ocrx_word' id='word_1_391' title='bbox 2680 3208 2957 3264; x_wconf 87' lang='lat' dir='ltr'><strong>distinctis</strong></span> <span class='ocrx_word' id='word_1_392' title='bbox 3003 3203 3413 3280; x_wconf 86' lang='lat' dir='ltr'><strong>prolegomenis</strong></span> <span class='ocrx_word' id='word_1_393' title='bbox 3461 3201 3531 3257; x_wconf 89' lang='lat' dir='ltr'><strong>ob</strong></span> <span class='ocrx_word' id='word_1_394' title='bbox 3584 3200 3782 3256; x_wconf 86' lang='lat' dir='ltr'><strong>oculos</strong></span> 
     </span>
    </p>
   </div>
   <div class='ocr_carea' id='block_1_59' title="bbox 509 3289 3779 3371">
    <p class='ocr_par' dir='ltr' id='par_1_59' title="bbox 509 3289 3779 3371">
     <span class='ocr_line' id='line_1_59' title="bbox 509 3289 3779 3371; baseline -0.001 -21"><span class='ocrx_word' id='word_1_395' title='bbox 509 3295 965 3370; x_wconf 87' lang='lat' dir='ltr'><strong>stini,propterea</strong></span> <span class='ocrx_word' id='word_1_396' title='bbox 977 3299 2093 3371; x_wconf 82' lang='lat' dir='ltr'><strong>quodjamlinguaLatinaevanescebat.»</strong></span> <span class='ocrx_word' id='word_1_397' title='bbox 2181 3305 2515 3364; x_wconf 86' lang='lat' dir='ltr'><strong>statuam,ut</strong></span> <span class='ocrx_word' id='word_1_398' title='bbox 2540 3303 2810 3370; x_wconf 87' lang='lat' dir='ltr'><strong>appareat</strong></span> <span class='ocrx_word' id='word_1_399' title='bbox 2837 3296 2972 3369; x_wconf 90' lang='lat' dir='ltr'><strong>quid</strong></span> <span class='ocrx_word' id='word_1_400' title='bbox 2993 3295 3230 3367; x_wconf 90' lang='lat' dir='ltr'><strong>quisque</strong></span> <span class='ocrx_word' id='word_1_401' title='bbox 3258 3292 3479 3348; x_wconf 86' lang='lat' dir='ltr'><strong>varians</strong></span> <span class='ocrx_word' id='word_1_402' title='bbox 3499 3290 3684 3346; x_wconf 88' lang='lat' dir='ltr'><strong>editor</strong></span> <span class='ocrx_word' id='word_1_403' title='bbox 3712 3289 3779 3346; x_wconf 90' lang='lat' dir='ltr'><strong>in</strong></span> 
     </span>
    </p>
   </div>
   <div class='ocr_carea' id='block_1_60' title="bbox 581 3385 2096 3459">
    <p class='ocr_par' dir='ltr' id='par_1_60' title="bbox 581 3385 2096 3459">
     <span class='ocr_line' id='line_1_60' title="bbox 581 3385 2096 3459; baseline 0.005 -21"><span class='ocrx_word' id='word_1_404' title='bbox 581 3385 754 3440; x_wconf 88' lang='lat' dir='ltr'><strong>Plura</strong></span> <span class='ocrx_word' id='word_1_405' title='bbox 765 3386 968 3442; x_wconf 88' lang='lat' dir='ltr'><strong>adduci</strong></span> <span class='ocrx_word' id='word_1_406' title='bbox 989 3393 1216 3459; x_wconf 90' lang='lat' dir='ltr'><strong>possent</strong></span> <span class='ocrx_word' id='word_1_407' title='bbox 1236 3388 1306 3442; x_wconf 91' lang='lat' dir='ltr'><strong>ad</strong></span> <span class='ocrx_word' id='word_1_408' title='bbox 1322 3389 1522 3444; x_wconf 88' lang='lat' dir='ltr'><strong>horum</strong></span> <span class='ocrx_word' id='word_1_409' title='bbox 1545 3389 1816 3446; x_wconf 88' lang='lat' dir='ltr'><strong>librorum</strong></span> <span class='ocrx_word' id='word_1_410' title='bbox 1830 3389 2096 3446; x_wconf 86' lang='lat' dir='ltr'><strong>meritum</strong></span> 
     </span>
    </p>
   </div>
   <div class='ocr_carea' id='block_1_61' title="bbox 510 3473 2098 3549">
    <p class='ocr_par' dir='ltr' id='par_1_61' title="bbox 510 3473 2098 3549">
     <span class='ocr_line' id='line_1_61' title="bbox 510 3473 2098 3549; baseline 0.004 -23"><span class='ocrx_word' id='word_1_411' title='bbox 510 3477 568 3527; x_wconf 90' lang='lat' dir='ltr'><strong>et</strong></span> <span class='ocrx_word' id='word_1_412' title='bbox 578 3473 880 3530; x_wconf 83' lang='lat' dir='ltr'><strong>utilitatem</strong></span> <span class='ocrx_word' id='word_1_413' title='bbox 899 3475 1312 3544; x_wconf 73' lang='lat' dir='ltr'><strong>affirmandam;</strong></span> <span class='ocrx_word' id='word_1_414' title='bbox 1327 3477 1425 3532; x_wconf 90' lang='lat' dir='ltr'><strong>sed</strong></span> <span class='ocrx_word' id='word_1_415' title='bbox 1437 3477 1638 3549; x_wconf 85' lang='lat' dir='ltr'><strong>quibus</strong></span> <span class='ocrx_word' id='word_1_416' title='bbox 1652 3478 1770 3533; x_wconf 68' lang='lat' dir='ltr'><strong>haec</strong></span> <span class='ocrx_word' id='word_1_417' title='bbox 1789 3493 1902 3533; x_wconf 90' lang='lat' dir='ltr'><strong>non</strong></span> <span class='ocrx_word' id='word_1_418' title='bbox 1929 3478 2098 3534; x_wconf 86' lang='lat' dir='ltr'><strong>satis-</strong></span> 
     </span>
    </p>
   </div>
   <div class='ocr_carea' id='block_1_62' title="bbox 509 3559 1225 3636">
    <p class='ocr_par' dir='ltr' id='par_1_62' title="bbox 509 3559 1225 3636">
     <span class='ocr_line' id='line_1_62' title="bbox 509 3559 1225 3636; baseline 0.007 -21"><span class='ocrx_word' id='word_1_419' title='bbox 509 3559 742 3630; x_wconf 83' lang='lat' dir='ltr'><strong>faciunt,</strong></span> <span class='ocrx_word' id='word_1_420' title='bbox 776 3565 908 3636; x_wconf 91' lang='lat' dir='ltr'><strong>quid</strong></span> <span class='ocrx_word' id='word_1_421' title='bbox 937 3565 1166 3620; x_wconf 89' lang='lat' dir='ltr'><strong>tandem</strong></span> <span class='ocrx_word' id='word_1_422' title='bbox 1201 3567 1225 3620; x_wconf 82' lang='lat'><strong>?</strong></span> 
     </span>
    </p>
   </div>
   <div class='ocr_carea' id='block_1_63' title="bbox 898 3652 1698 3712">
    <p class='ocr_par' dir='ltr' id='par_1_63' title="bbox 898 3652 1698 3712">
     <span class='ocr_line' id='line_1_63' title="bbox 898 3652 1698 3712; baseline 0.004 -3"><span class='ocrx_word' id='word_1_423' title='bbox 898 3652 1498 3712; x_wconf 86' lang='lat' dir='ltr'><strong>PROLEGOMENON</strong></span> <span class='ocrx_word' id='word_1_424' title='bbox 1528 3657 1698 3712; x_wconf 87' lang='lat' dir='ltr'><strong>XVII.</strong></span> 
     </span>
    </p>
   </div>
   <div class='ocr_carea' id='block_1_64' title="bbox 587 3741 2007 3802">
    <p class='ocr_par' dir='ltr' id='par_1_64' title="bbox 587 3741 2007 3802">
     <span class='ocr_line' id='line_1_64' title="bbox 587 3741 2007 3802; baseline 0.001 -6"><span class='ocrx_word' id='word_1_425' title='bbox 587 3741 662 3796; x_wconf 83' lang='lat' dir='ltr'><strong>De</strong></span> <span class='ocrx_word' id='word_1_426' title='bbox 683 3745 860 3796; x_wconf 84' lang='lat' dir='ltr'><strong>variis</strong></span> <span class='ocrx_word' id='word_1_427' title='bbox 888 3743 1088 3798; x_wconf 83' lang='lat' dir='ltr'><strong>horum</strong></span> <span class='ocrx_word' id='word_1_428' title='bbox 1119 3747 1394 3800; x_wconf 85' lang='lat' dir='ltr'><strong>librorum</strong></span> <span class='ocrx_word' id='word_1_429' title='bbox 1419 3747 1748 3800; x_wconf 81' lang='lat' dir='ltr'><strong>editionibus</strong></span> <span class='ocrx_word' id='word_1_430' title='bbox 1778 3747 2007 3802; x_wconf 85' lang='lat' dir='ltr'><strong>Latinis.</strong></span> 
     </span>
    </p>
   </div>
   <div class='ocr_carea' id='block_1_65' title="bbox 575 3829 2090 3902">
    <p class='ocr_par' dir='ltr' id='par_1_65' title="bbox 575 3829 2090 3902">
     <span class='ocr_line' id='line_1_65' title="bbox 575 3829 2090 3902; baseline 0.003 -18"><span class='ocrx_word' id='word_1_431' title='bbox 575 3829 702 3884; x_wconf 91' lang='lat' dir='ltr'><strong>Non</strong></span> <span class='ocrx_word' id='word_1_432' title='bbox 728 3829 819 3885; x_wconf 91' lang='lat' dir='ltr'><strong>hic</strong></span> <span class='ocrx_word' id='word_1_433' title='bbox 845 3831 1065 3902; x_wconf 83' lang='lat' dir='ltr'><strong>agimus</strong></span> <span class='ocrx_word' id='word_1_434' title='bbox 1095 3832 1164 3887; x_wconf 89' lang='lat' dir='ltr'><strong>de</strong></span> <span class='ocrx_word' id='word_1_435' title='bbox 1193 3837 1404 3899; x_wconf 84' lang='lat' dir='ltr'><strong>octavo,</strong></span> <span class='ocrx_word' id='word_1_436' title='bbox 1437 3850 1585 3889; x_wconf 91' lang='lat' dir='ltr'><strong>nono</strong></span> <span class='ocrx_word' id='word_1_437' title='bbox 1613 3839 1672 3888; x_wconf 91' lang='lat' dir='ltr'><strong>et</strong></span> <span class='ocrx_word' id='word_1_438' title='bbox 1691 3833 1906 3889; x_wconf 91' lang='lat' dir='ltr'><strong>decimo</strong></span> <span class='ocrx_word' id='word_1_439' title='bbox 1928 3833 2090 3899; x_wconf 87' lang='lat' dir='ltr'><strong>libro,</strong></span> 
     </span>
    </p>
   </div>
   <div class='ocr_carea' id='block_1_66' title="bbox 507 3917 2098 3990">
    <p class='ocr_par' dir='ltr' id='par_1_66' title="bbox 507 3917 2098 3990">
     <span class='ocr_line' id='line_1_66' title="bbox 507 3917 2098 3990; baseline 0.003 -18"><span class='ocrx_word' id='word_1_440' title='bbox 507 3917 604 3990; x_wconf 92' lang='lat' dir='ltr'><strong>qui</strong></span> <span class='ocrx_word' id='word_1_441' title='bbox 625 3919 731 3974; x_wconf 90' lang='lat' dir='ltr'><strong>hac</strong></span> <span class='ocrx_word' id='word_1_442' title='bbox 757 3924 979 3976; x_wconf 88' lang='lat' dir='ltr'><strong>tantum</strong></span> <span class='ocrx_word' id='word_1_443' title='bbox 1023 3922 1266 3978; x_wconf 89' lang='lat' dir='ltr'><strong>editione</strong></span> <span class='ocrx_word' id='word_1_444' title='bbox 1294 3940 1444 3978; x_wconf 91' lang='lat' dir='ltr'><strong>nunc</strong></span> <span class='ocrx_word' id='word_1_445' title='bbox 1489 3924 1632 3979; x_wconf 88' lang='lat' dir='ltr'><strong>Vitis</strong></span> <span class='ocrx_word' id='word_1_446' title='bbox 1677 3924 1908 3978; x_wconf 85' lang='lat' dir='ltr'><strong>Patrum</strong></span> <span class='ocrx_word' id='word_1_447' title='bbox 1947 3939 2098 3977; x_wconf 87' lang='lat' dir='ltr'><strong>acce-</strong></span> 
     </span>
    </p>
   </div>
   <div class='ocr_carea' id='block_1_67' title="bbox 505 4006 2096 4084">
    <p class='ocr_par' dir='ltr' id='par_1_67' title="bbox 505 4006 2096 4084">
     <span class='ocr_line' id='line_1_67' title="bbox 505 4006 2096 4084; baseline 0.003 -24"><span class='ocrx_word' id='word_1_448' title='bbox 505 4006 667 4074; x_wconf 88' lang='lat' dir='ltr'><strong>dunt;</strong></span> <span class='ocrx_word' id='word_1_449' title='bbox 700 4009 797 4062; x_wconf 90' lang='lat' dir='ltr'><strong>sed</strong></span> <span class='ocrx_word' id='word_1_450' title='bbox 825 4009 894 4063; x_wconf 90' lang='lat' dir='ltr'><strong>de</strong></span> <span class='ocrx_word' id='word_1_451' title='bbox 924 4010 1173 4083; x_wconf 88' lang='lat' dir='ltr'><strong>reliquis,</strong></span> <span class='ocrx_word' id='word_1_452' title='bbox 1197 4011 1292 4083; x_wconf 90' lang='lat' dir='ltr'><strong>qui</strong></span> <span class='ocrx_word' id='word_1_453' title='bbox 1318 4012 1572 4084; x_wconf 87' lang='lat' dir='ltr'><strong>plerique</strong></span> <span class='ocrx_word' id='word_1_454' title='bbox 1601 4028 1796 4067; x_wconf 90' lang='lat' dir='ltr'><strong>omnes</strong></span> <span class='ocrx_word' id='word_1_455' title='bbox 1823 4012 1882 4066; x_wconf 94' lang='lat' dir='ltr'><strong>in</strong></span> <span class='ocrx_word' id='word_1_456' title='bbox 1906 4011 2096 4082; x_wconf 88' lang='lat' dir='ltr'><strong>vulga-</strong></span> 
     </span>
    </p>
   </div>
   <div class='ocr_carea' id='block_1_68' title="bbox 505 4094 1561 4156">
    <p class='ocr_par' dir='ltr' id='par_1_68' title="bbox 505 4094 1561 4156">
     <span class='ocr_line' id='line_1_68' title="bbox 505 4094 1561 4156; baseline 0.006 -8"><span class='ocrx_word' id='word_1_457' title='bbox 505 4094 580 4149; x_wconf 88' lang='lat' dir='ltr'><strong>tis</strong></span> <span class='ocrx_word' id='word_1_458' title='bbox 603 4095 839 4151; x_wconf 82' lang='lat' dir='ltr'><strong>Patrum</strong></span> <span class='ocrx_word' id='word_1_459' title='bbox 865 4098 1009 4154; x_wconf 85' lang='lat' dir='ltr'><strong>Vitis</strong></span> <span class='ocrx_word' id='word_1_460' title='bbox 1034 4099 1217 4155; x_wconf 91' lang='lat' dir='ltr'><strong>locum</strong></span> <span class='ocrx_word' id='word_1_461' title='bbox 1249 4100 1561 4156; x_wconf 89' lang='lat' dir='ltr'><strong>obtinuere.</strong></span> 
     </span>
    </p>
   </div>
   <div class='ocr_carea' id='block_1_69' title="bbox 578 4184 2094 4261">
    <p class='ocr_par' dir='ltr' id='par_1_69' title="bbox 578 4184 2094 4261">
     <span class='ocr_line' id='line_1_69' title="bbox 578 4184 2094 4261; baseline 0.003 -23"><span class='ocrx_word' id='word_1_462' title='bbox 578 4184 918 4253; x_wconf 86' lang='lat' dir='ltr'><strong>Editionum,</strong></span> <span class='ocrx_word' id='word_1_463' title='bbox 975 4204 1114 4260; x_wconf 89' lang='lat' dir='ltr'><strong>quas</strong></span> <span class='ocrx_word' id='word_1_464' title='bbox 1159 4189 1385 4261; x_wconf 88' lang='lat' dir='ltr'><strong>quidem</strong></span> <span class='ocrx_word' id='word_1_465' title='bbox 1437 4189 1682 4246; x_wconf 89' lang='lat' dir='ltr'><strong>nancisci</strong></span> <span class='ocrx_word' id='word_1_466' title='bbox 1737 4187 1917 4255; x_wconf 91' lang='lat' dir='ltr'><strong>licuit,</strong></span> <span class='ocrx_word' id='word_1_467' title='bbox 1948 4186 2094 4261; x_wconf 86' lang='lat' dir='ltr'><strong>hunc</strong></span> 
     </span>
    </p>
   </div>
   <div class='ocr_carea' id='block_1_70' title="bbox 505 4272 1010 4332">
    <p class='ocr_par' dir='ltr' id='par_1_70' title="bbox 505 4272 1010 4332">
     <span class='ocr_line' id='line_1_70' title="bbox 505 4272 1010 4332; baseline 0.004 -4"><span class='ocrx_word' id='word_1_468' title='bbox 505 4272 650 4328; x_wconf 87' lang='lat' dir='ltr'><strong>habe</strong></span> <span class='ocrx_word' id='word_1_469' title='bbox 680 4274 1010 4332; x_wconf 89' lang='lat' dir='ltr'><strong>indiculum.</strong></span> 
     </span>
    </p>
   </div>
   <div class='ocr_carea' id='block_1_71' title="bbox 2181 3376 3780 3465">
    <p class='ocr_par' dir='ltr' id='par_1_71' title="bbox 2181 3376 3780 3465">
     <span class='ocr_line' id='line_1_71' title="bbox 2181 3376 3780 3465; baseline -0.005 -22"><span class='ocrx_word' id='word_1_470' title='bbox 2181 3403 2286 3442; x_wconf 86' lang='lat' dir='ltr'><strong>sua</strong></span> <span class='ocrx_word' id='word_1_471' title='bbox 2303 3387 2626 3443; x_wconf 88' lang='lat' dir='ltr'><strong>adornanda</strong></span> <span class='ocrx_word' id='word_1_472' title='bbox 2657 3387 2859 3458; x_wconf 86' lang='lat' dir='ltr'><strong>Sparta</strong></span> <span class='ocrx_word' id='word_1_473' title='bbox 2885 3383 3228 3456; x_wconf 65' lang='lat' dir='ltr'><strong>prmstiterit,</strong></span> <span class='ocrx_word' id='word_1_474' title='bbox 3261 3386 3321 3438; x_wconf 89' lang='lat' dir='ltr'><strong>et</strong></span> <span class='ocrx_word' id='word_1_475' title='bbox 3338 3396 3410 3436; x_wconf 87' lang='lat' dir='ltr'><strong>ne</strong></span> <span class='ocrx_word' id='word_1_476' title='bbox 3439 3379 3564 3452; x_wconf 90' lang='lat' dir='ltr'><strong>quis</strong></span> <span class='ocrx_word' id='word_1_477' title='bbox 3581 3376 3780 3465; x_wconf 54' lang='lat' dir='ltr'><strong>turba.</strong></span> 
     </span>
    </p>
   </div>
   <div class='ocr_carea' id='block_1_72' title="bbox 2180 3467 3622 3543">
    <p class='ocr_par' dir='ltr' id='par_1_72' title="bbox 2180 3467 3622 3543">
     <span class='ocr_line' id='line_1_72' title="bbox 2180 3467 3622 3543; baseline -0.003 -13"><span class='ocrx_word' id='word_1_478' title='bbox 2180 3481 2291 3543; x_wconf 90' lang='lat' dir='ltr'><strong>tur,</strong></span> <span class='ocrx_word' id='word_1_479' title='bbox 2323 3476 2370 3531; x_wconf 90' lang='lat' dir='ltr'><strong>si</strong></span> <span class='ocrx_word' id='word_1_480' title='bbox 2391 3493 2425 3532; x_wconf 89' lang='lat' dir='ltr'><strong>a</strong></span> <span class='ocrx_word' id='word_1_481' title='bbox 2441 3477 2608 3531; x_wconf 86' lang='lat' dir='ltr'><strong>variis</strong></span> <span class='ocrx_word' id='word_1_482' title='bbox 2644 3475 2796 3530; x_wconf 87' lang='lat' dir='ltr'><strong>varie</strong></span> <span class='ocrx_word' id='word_1_483' title='bbox 2822 3475 2922 3528; x_wconf 90' lang='lat' dir='ltr'><strong>has</strong></span> <span class='ocrx_word' id='word_1_484' title='bbox 2949 3473 3106 3528; x_wconf 89' lang='lat' dir='ltr'><strong>Vitas</strong></span> <span class='ocrx_word' id='word_1_485' title='bbox 3133 3472 3333 3527; x_wconf 87' lang='lat' dir='ltr'><strong>citatas</strong></span> <span class='ocrx_word' id='word_1_486' title='bbox 3355 3467 3622 3526; x_wconf 86' lang='lat' dir='ltr'><strong>inveniat.</strong></span> 
     </span>
    </p>
   </div>
   <div class='ocr_carea' id='block_1_73' title="bbox 2569 3613 3396 3674">
    <p class='ocr_par' dir='ltr' id='par_1_73' title="bbox 2569 3613 3396 3674">
     <span class='ocr_line' id='line_1_73' title="bbox 2569 3613 3396 3674; baseline -0.008 0"><span class='ocrx_word' id='word_1_487' title='bbox 2569 3615 3164 3674; x_wconf 87' lang='lat' dir='ltr'><strong>PROLEGOMENON</strong></span> <span class='ocrx_word' id='word_1_488' title='bbox 3195 3613 3396 3670; x_wconf 83' lang='lat' dir='ltr'><strong>XVIII.</strong></span> 
     </span>
    </p>
   </div>
   <div class='ocr_carea' id='block_1_74' title="bbox 2242 3720 3689 3798">
    <p class='ocr_par' dir='ltr' id='par_1_74' title="bbox 2242 3720 3689 3798">
     <span class='ocr_line' id='line_1_74' title="bbox 2242 3720 3689 3798; baseline -0.008 -15"><span class='ocrx_word' id='word_1_489' title='bbox 2242 3731 2316 3784; x_wconf 81' lang='lat' dir='ltr'><strong>De</strong></span> <span class='ocrx_word' id='word_1_490' title='bbox 2328 3730 2519 3798; x_wconf 83' lang='lat' dir='ltr'><strong>prima</strong></span> <span class='ocrx_word' id='word_1_491' title='bbox 2539 3727 2812 3791; x_wconf 86' lang='lat' dir='ltr'><strong>omnium,</strong></span> <span class='ocrx_word' id='word_1_492' title='bbox 2831 3725 2975 3795; x_wconf 86' lang='lat' dir='ltr'><strong>quod</strong></span> <span class='ocrx_word' id='word_1_493' title='bbox 2999 3725 3192 3790; x_wconf 89' lang='lat' dir='ltr'><strong>sciam,</strong></span> <span class='ocrx_word' id='word_1_494' title='bbox 3208 3722 3444 3776; x_wconf 73' lang='lat' dir='ltr'><strong>editione</strong></span> <span class='ocrx_word' id='word_1_495' title='bbox 3468 3720 3689 3774; x_wconf 87' lang='lat' dir='ltr'><strong>Latina.</strong></span> 
     </span>
    </p>
   </div>
   <div class='ocr_carea' id='block_1_75' title="bbox 2243 3823 3772 3910">
    <p class='ocr_par' dir='ltr' id='par_1_75' title="bbox 2243 3823 3772 3910">
     <span class='ocr_line' id='line_1_75' title="bbox 2243 3823 3772 3910; baseline -0.007 -20"><span class='ocrx_word' id='word_1_496' title='bbox 2243 3832 2394 3910; x_wconf 67' lang='grc' dir='ltr'><strong>[ωε]</strong></span> <span class='ocrx_word' id='word_1_497' title='bbox 2422 3833 2615 3890; x_wconf 86' lang='lat' dir='ltr'><strong>Prima</strong></span> <span class='ocrx_word' id='word_1_498' title='bbox 2642 3831 2915 3896; x_wconf 87' lang='lat' dir='ltr'><strong>omnium,</strong></span> <span class='ocrx_word' id='word_1_499' title='bbox 2946 3828 3096 3902; x_wconf 89' lang='lat' dir='ltr'><strong>quod</strong></span> <span class='ocrx_word' id='word_1_500' title='bbox 3125 3827 3318 3895; x_wconf 88' lang='lat' dir='ltr'><strong>sciam,</strong></span> <span class='ocrx_word' id='word_1_501' title='bbox 3353 3825 3525 3884; x_wconf 85' lang='lat' dir='ltr'><strong>editio</strong></span> <span class='ocrx_word' id='word_1_502' title='bbox 3557 3828 3644 3880; x_wconf 86' lang='lat' dir='ltr'><strong>est</strong></span> <span class='ocrx_word' id='word_1_503' title='bbox 3673 3823 3772 3881; x_wconf 90' lang='lat' dir='ltr'><strong>in-</strong></span> 
     </span>
    </p>
   </div>
   <div class='ocr_carea' id='block_1_76' title="bbox 2174 3913 3774 3994">
    <p class='ocr_par' dir='ltr' id='par_1_76' title="bbox 2174 3913 3774 3994">
     <span class='ocr_line' id='line_1_76' title="bbox 2174 3913 3774 3994; baseline -0.006 -16"><span class='ocrx_word' id='word_1_504' title='bbox 2174 3923 2326 3990; x_wconf 82' lang='lat' dir='ltr'><strong>folio,</strong></span> <span class='ocrx_word' id='word_1_505' title='bbox 2350 3922 2561 3994; x_wconf 89' lang='lat' dir='ltr'><strong>absque</strong></span> <span class='ocrx_word' id='word_1_506' title='bbox 2587 3921 2716 3976; x_wconf 87' lang='lat' dir='ltr'><strong>libri</strong></span> <span class='ocrx_word' id='word_1_507' title='bbox 2743 3918 3103 3991; x_wconf 88' lang='lat' dir='ltr'><strong>inscriptione</strong></span> <span class='ocrx_word' id='word_1_508' title='bbox 3122 3933 3222 3972; x_wconf 91' lang='lat' dir='ltr'><strong>seu</strong></span> <span class='ocrx_word' id='word_1_509' title='bbox 3239 3915 3424 3982; x_wconf 88' lang='lat' dir='ltr'><strong>titulo,</strong></span> <span class='ocrx_word' id='word_1_510' title='bbox 3450 3913 3660 3986; x_wconf 89' lang='lat' dir='ltr'><strong>absque</strong></span> <span class='ocrx_word' id='word_1_511' title='bbox 3681 3919 3774 3986; x_wconf 85' lang='lat' dir='ltr'><strong>ty-</strong></span> 
     </span>
    </p>
   </div>
   <div class='ocr_carea' id='block_1_77' title="bbox 2175 4002 3778 4083">
    <p class='ocr_par' dir='ltr' id='par_1_77' title="bbox 2175 4002 3778 4083">
     <span class='ocr_line' id='line_1_77' title="bbox 2175 4002 3778 4083; baseline -0.006 -17"><span class='ocrx_word' id='word_1_512' title='bbox 2175 4010 2450 4083; x_wconf 85' lang='lat' dir='ltr'><strong>pographi</strong></span> <span class='ocrx_word' id='word_1_513' title='bbox 2499 4009 2744 4072; x_wconf 90' lang='lat' dir='ltr'><strong>nomine,</strong></span> <span class='ocrx_word' id='word_1_514' title='bbox 2799 4009 2919 4062; x_wconf 90' lang='lat' dir='ltr'><strong>loco</strong></span> <span class='ocrx_word' id='word_1_515' title='bbox 2967 4012 3025 4062; x_wconf 88' lang='lat' dir='ltr'><strong>et</strong></span> <span class='ocrx_word' id='word_1_516' title='bbox 3066 4022 3214 4061; x_wconf 88' lang='lat' dir='ltr'><strong>anno</strong></span> <span class='ocrx_word' id='word_1_517' title='bbox 3259 4003 3564 4070; x_wconf 88' lang='lat' dir='ltr'><strong>editionis;</strong></span> <span class='ocrx_word' id='word_1_518' title='bbox 3617 4002 3778 4074; x_wconf 88' lang='lat' dir='ltr'><strong>typis</strong></span> 
     </span>
    </p>
   </div>
   <div class='ocr_carea' id='block_1_78' title="bbox 2173 4091 3773 4172">
    <p class='ocr_par' dir='ltr' id='par_1_78' title="bbox 2173 4091 3773 4172">
     <span class='ocr_line' id='line_1_78' title="bbox 2173 4091 3773 4172; baseline -0.004 -18"><span class='ocrx_word' id='word_1_519' title='bbox 2173 4101 2341 4172; x_wconf 88' lang='lat' dir='ltr'><strong>plane</strong></span> <span class='ocrx_word' id='word_1_520' title='bbox 2376 4097 2609 4153; x_wconf 88' lang='lat' dir='ltr'><strong>rudibus</strong></span> <span class='ocrx_word' id='word_1_521' title='bbox 2640 4115 2652 4151; x_wconf 97' lang='lat'><strong>:</strong></span> <span class='ocrx_word' id='word_1_522' title='bbox 2680 4113 2804 4170; x_wconf 66' lang='lat' dir='ltr'><strong>qua</strong></span> <span class='ocrx_word' id='word_1_523' title='bbox 2848 4095 3040 4151; x_wconf 87' lang='lat' dir='ltr'><strong>omnia</strong></span> <span class='ocrx_word' id='word_1_524' title='bbox 3079 4098 3342 4166; x_wconf 86' lang='lat' dir='ltr'><strong>arguunt,</strong></span> <span class='ocrx_word' id='word_1_525' title='bbox 3373 4091 3579 4148; x_wconf 87' lang='lat' dir='ltr'><strong>librum</strong></span> <span class='ocrx_word' id='word_1_526' title='bbox 3612 4091 3773 4148; x_wconf 86' lang='lat' dir='ltr'><strong>hunc</strong></span> 
     </span>
    </p>
   </div>
   <div class='ocr_carea' id='block_1_79' title="bbox 2174 4183 3771 4259">
    <p class='ocr_par' dir='ltr' id='par_1_79' title="bbox 2174 4183 3771 4259">
     <span class='ocr_line' id='line_1_79' title="bbox 2174 4183 3771 4259; baseline -0.004 -16"><span class='ocrx_word' id='word_1_527' title='bbox 2174 4188 2387 4244; x_wconf 91' lang='lat' dir='ltr'><strong>editum</strong></span> <span class='ocrx_word' id='word_1_528' title='bbox 2406 4187 2466 4242; x_wconf 92' lang='lat' dir='ltr'><strong>in</strong></span> <span class='ocrx_word' id='word_1_529' title='bbox 2482 4187 2604 4258; x_wconf 89' lang='lat' dir='ltr'><strong>ipsa</strong></span> <span class='ocrx_word' id='word_1_530' title='bbox 2619 4185 3003 4259; x_wconf 84' lang='lat' dir='ltr'><strong>typographiae</strong></span> <span class='ocrx_word' id='word_1_531' title='bbox 3022 4183 3412 4250; x_wconf 85' lang='lat' dir='ltr'><strong>infantia,cum</strong></span> <span class='ocrx_word' id='word_1_532' title='bbox 3429 4183 3771 4254; x_wconf 87' lang='lat' dir='ltr'><strong>plerumque</strong></span> 
     </span>
    </p>
   </div>
   <div class='ocr_carea' id='block_1_80' title="bbox 2175 4269 3772 4349">
    <p class='ocr_par' dir='ltr' id='par_1_80' title="bbox 2175 4269 3772 4349">
     <span class='ocr_line' id='line_1_80' title="bbox 2175 4269 3772 4349; baseline -0.005 -16"><span class='ocrx_word' id='word_1_533' title='bbox 2175 4278 2365 4333; x_wconf 89' lang='lat' dir='ltr'><strong>omnia</strong></span> <span class='ocrx_word' id='word_1_534' title='bbox 2385 4277 2481 4331; x_wconf 89' lang='lat' dir='ltr'><strong>illa</strong></span> <span class='ocrx_word' id='word_1_535' title='bbox 2499 4275 2786 4349; x_wconf 55' lang='lat' dir='ltr'><strong>praemissa</strong></span> <span class='ocrx_word' id='word_1_536' title='bbox 2804 4273 2990 4329; x_wconf 87' lang='lat' dir='ltr'><strong>omitti</strong></span> <span class='ocrx_word' id='word_1_537' title='bbox 3015 4271 3286 4341; x_wconf 88' lang='lat' dir='ltr'><strong>solebant,</strong></span> <span class='ocrx_word' id='word_1_538' title='bbox 3313 4277 3373 4326; x_wconf 89' lang='lat' dir='ltr'><strong>et</strong></span> <span class='ocrx_word' id='word_1_539' title='bbox 3389 4270 3638 4327; x_wconf 86' lang='lat' dir='ltr'><strong>nondum</strong></span> <span class='ocrx_word' id='word_1_540' title='bbox 3654 4269 3772 4326; x_wconf 80' lang='lat' dir='ltr'><strong>ele-</strong></span> 
     </span>
    </p>
   </div>
   <div class='ocr_carea' id='block_1_81' title="bbox 576 4359 3156 4442">
    <p class='ocr_par' dir='ltr' id='par_1_81' title="bbox 576 4359 3156 4442">
     <span class='ocr_line' id='line_1_81' title="bbox 576 4359 3156 4442; baseline 0 -26"><span class='ocrx_word' id='word_1_541' title='bbox 576 4362 768 4419; x_wconf 90' lang='lat' dir='ltr'><strong>Prima</strong></span> <span class='ocrx_word' id='word_1_542' title='bbox 791 4366 982 4434; x_wconf 83' lang='lat' dir='ltr'><strong>editio,</strong></span> <span class='ocrx_word' id='word_1_543' title='bbox 1023 4367 1258 4438; x_wconf 87' lang='lat' dir='ltr'><strong>in-folio,</strong></span> <span class='ocrx_word' id='word_1_544' title='bbox 1299 4369 1508 4442; x_wconf 88' lang='lat' dir='ltr'><strong>absque</strong></span> <span class='ocrx_word' id='word_1_545' title='bbox 1533 4369 1660 4424; x_wconf 90' lang='lat' dir='ltr'><strong>libri</strong></span> <span class='ocrx_word' id='word_1_546' title='bbox 1706 4367 2086 4440; x_wconf 89' lang='lat' dir='ltr'><strong>inscriptione,</strong></span> <span class='ocrx_word' id='word_1_547' title='bbox 2111 4359 2497 4440; x_wconf 88' lang='lat' dir='ltr'><strong>Dgantiorum</strong></span> <span class='ocrx_word' id='word_1_548' title='bbox 2525 4372 2790 4438; x_wconf 86' lang='lat' dir='ltr'><strong>typorum</strong></span> <span class='ocrx_word' id='word_1_549' title='bbox 2817 4381 2952 4419; x_wconf 85' lang='lat' dir='ltr'><strong>usus</strong></span> <span class='ocrx_word' id='word_1_550' title='bbox 2989 4367 3156 4418; x_wconf 89' lang='lat' dir='ltr'><strong>esset.</strong></span> 
     </span>
    </p>
   </div>
   <div class='ocr_carea' id='block_1_82' title="bbox 504 4451 2092 4530">
    <p class='ocr_par' dir='ltr' id='par_1_82' title="bbox 504 4451 2092 4530">
     <span class='ocr_line' id='line_1_82' title="bbox 504 4451 2092 4530; baseline 0.004 -25"><span class='ocrx_word' id='word_1_551' title='bbox 504 4451 732 4507; x_wconf 91' lang='lat' dir='ltr'><strong>nomine</strong></span> <span class='ocrx_word' id='word_1_552' title='bbox 746 4457 1226 4529; x_wconf 88' lang='lat' dir='ltr'><strong>typographi,loco</strong></span> <span class='ocrx_word' id='word_1_553' title='bbox 1247 4463 1304 4515; x_wconf 91' lang='lat' dir='ltr'><strong>et</strong></span> <span class='ocrx_word' id='word_1_554' title='bbox 1315 4475 1462 4514; x_wconf 90' lang='lat' dir='ltr'><strong>anno</strong></span> <span class='ocrx_word' id='word_1_555' title='bbox 1481 4456 1918 4530; x_wconf 86' lang='lat' dir='ltr'><strong>editionis,typis</strong></span> <span class='ocrx_word' id='word_1_556' title='bbox 1933 4457 2092 4511; x_wconf 86' lang='lat' dir='ltr'><strong>valde</strong></span> 
     </span>
    </p>
   </div>
   <div class='ocr_carea' id='block_1_83' title="bbox 504 4539 2018 4618">
    <p class='ocr_par' dir='ltr' id='par_1_83' title="bbox 504 4539 2018 4618">
     <span class='ocr_line' id='line_1_83' title="bbox 504 4539 2018 4618; baseline 0.004 -23"><span class='ocrx_word' id='word_1_557' title='bbox 504 4539 856 4607; x_wconf 84' lang='lat' dir='ltr'><strong>informibus,</strong></span> <span class='ocrx_word' id='word_1_558' title='bbox 890 4562 1012 4618; x_wconf 68' lang='lat' dir='ltr'><strong>quae</strong></span> <span class='ocrx_word' id='word_1_559' title='bbox 1041 4547 1124 4602; x_wconf 88' lang='lat' dir='ltr'><strong>ita</strong></span> <span class='ocrx_word' id='word_1_560' title='bbox 1147 4547 1480 4604; x_wconf 89' lang='lat' dir='ltr'><strong>inchoatur:</strong></span> <span class='ocrx_word' id='word_1_561' title='bbox 1521 4549 1726 4616; x_wconf 87' lang='lat' dir='ltr'><strong>Incipit</strong></span> <span class='ocrx_word' id='word_1_562' title='bbox 1747 4548 2018 4618; x_wconf 71' lang='lat' dir='ltr'><strong>praefatio.</strong></span> 
     </span>
    </p>
   </div>
   <div class='ocr_carea' id='block_1_84' title="bbox 577 4631 2092 4714">
    <p class='ocr_par' dir='ltr' id='par_1_84' title="bbox 577 4631 2092 4714">
     <span class='ocr_line' id='line_1_84' title="bbox 577 4631 2092 4714; baseline 0.001 -27"><span class='ocrx_word' id='word_1_563' title='bbox 577 4631 853 4704; x_wconf 90' lang='lat' dir='ltr'><strong>Secunda,</strong></span> <span class='ocrx_word' id='word_1_564' title='bbox 883 4635 1119 4704; x_wconf 87' lang='lat' dir='ltr'><strong>in-folio,</strong></span> <span class='ocrx_word' id='word_1_565' title='bbox 1161 4637 1370 4710; x_wconf 87' lang='lat' dir='ltr'><strong>absque</strong></span> <span class='ocrx_word' id='word_1_566' title='bbox 1408 4635 1536 4714; x_wconf 90' lang='lat' dir='ltr'><strong>libri</strong></span> <span class='ocrx_word' id='word_1_567' title='bbox 1565 4635 1945 4708; x_wconf 89' lang='lat' dir='ltr'><strong>inscriptione,</strong></span> <span class='ocrx_word' id='word_1_568' title='bbox 1987 4649 2092 4690; x_wconf 92' lang='lat' dir='ltr'><strong>no-</strong></span> 
     </span>
    </p>
   </div>
   <div class='ocr_carea' id='block_1_85' title="bbox 505 4718 2094 4798">
    <p class='ocr_par' dir='ltr' id='par_1_85' title="bbox 505 4718 2094 4798">
     <span class='ocr_line' id='line_1_85' title="bbox 505 4718 2094 4798; baseline 0.003 -25"><span class='ocrx_word' id='word_1_569' title='bbox 505 4718 657 4776; x_wconf 92' lang='lat' dir='ltr'><strong>mine</strong></span> <span class='ocrx_word' id='word_1_570' title='bbox 685 4726 1046 4798; x_wconf 82' lang='lat' dir='ltr'><strong>typographi,</strong></span> <span class='ocrx_word' id='word_1_571' title='bbox 1077 4727 1200 4782; x_wconf 87' lang='lat' dir='ltr'><strong>loco</strong></span> <span class='ocrx_word' id='word_1_572' title='bbox 1227 4732 1285 4782; x_wconf 90' lang='lat' dir='ltr'><strong>et</strong></span> <span class='ocrx_word' id='word_1_573' title='bbox 1309 4743 1458 4782; x_wconf 90' lang='lat' dir='ltr'><strong>anno</strong></span> <span class='ocrx_word' id='word_1_574' title='bbox 1488 4725 1770 4792; x_wconf 85' lang='lat' dir='ltr'><strong>editionis,</strong></span> <span class='ocrx_word' id='word_1_575' title='bbox 1801 4725 1962 4797; x_wconf 84' lang='lat' dir='ltr'><strong>cujus</strong></span> <span class='ocrx_word' id='word_1_576' title='bbox 1988 4722 2094 4778; x_wconf 88' lang='lat' dir='ltr'><strong>ini-</strong></span> 
     </span>
    </p>
   </div>
   <div class='ocr_carea' id='block_1_86' title="bbox 505 4805 1204 4882">
    <p class='ocr_par' dir='ltr' id='par_1_86' title="bbox 505 4805 1204 4882">
     <span class='ocr_line' id='line_1_86' title="bbox 505 4805 1204 4882; baseline 0.009 -22"><span class='ocrx_word' id='word_1_577' title='bbox 505 4805 648 4862; x_wconf 90' lang='lat' dir='ltr'><strong>tium</strong></span> <span class='ocrx_word' id='word_1_578' title='bbox 665 4827 678 4862; x_wconf 92' lang='lat'><strong>:</strong></span> <span class='ocrx_word' id='word_1_579' title='bbox 710 4811 915 4880; x_wconf 77' lang='lat' dir='ltr'><strong>Incipit</strong></span> <span class='ocrx_word' id='word_1_580' title='bbox 927 4816 1204 4882; x_wconf 81' lang='lat' dir='ltr'><strong>prologus.</strong></span> 
     </span>
    </p>
   </div>
   <div class='ocr_carea' id='block_1_87' title="bbox 575 4897 2097 4973">
    <p class='ocr_par' dir='ltr' id='par_1_87' title="bbox 575 4897 2097 4973">
     <span class='ocr_line' id='line_1_87' title="bbox 575 4897 2097 4973; baseline -0.003 -17"><span class='ocrx_word' id='word_1_581' title='bbox 575 4900 784 4967; x_wconf 90' lang='lat' dir='ltr'><strong>Tertia,</strong></span> <span class='ocrx_word' id='word_1_582' title='bbox 818 4901 1054 4968; x_wconf 79' lang='lat' dir='ltr'><strong>in-folio,</strong></span> <span class='ocrx_word' id='word_1_583' title='bbox 1075 4900 1286 4973; x_wconf 89' lang='lat' dir='ltr'><strong>absque</strong></span> <span class='ocrx_word' id='word_1_584' title='bbox 1305 4899 1434 4956; x_wconf 91' lang='lat' dir='ltr'><strong>libri</strong></span> <span class='ocrx_word' id='word_1_585' title='bbox 1453 4897 1834 4971; x_wconf 89' lang='lat' dir='ltr'><strong>inscriptione,</strong></span> <span class='ocrx_word' id='word_1_586' title='bbox 1865 4897 2097 4953; x_wconf 85' lang='lat' dir='ltr'><strong>nomine</strong></span> 
     </span>
    </p>
   </div>
   <div class='ocr_carea' id='block_1_88' title="bbox 505 4985 2086 5063">
    <p class='ocr_par' dir='ltr' id='par_1_88' title="bbox 505 4985 2086 5063">
     <span class='ocr_line' id='line_1_88' title="bbox 505 4985 2086 5063; baseline -0.003 -19"><span class='ocrx_word' id='word_1_587' title='bbox 505 4990 862 5063; x_wconf 82' lang='lat' dir='ltr'><strong>typographi,</strong></span> <span class='ocrx_word' id='word_1_588' title='bbox 919 4991 1041 5046; x_wconf 91' lang='lat' dir='ltr'><strong>loco</strong></span> <span class='ocrx_word' id='word_1_589' title='bbox 1071 4996 1129 5046; x_wconf 90' lang='lat' dir='ltr'><strong>et</strong></span> <span class='ocrx_word' id='word_1_590' title='bbox 1177 5005 1325 5046; x_wconf 89' lang='lat' dir='ltr'><strong>anno</strong></span> <span class='ocrx_word' id='word_1_591' title='bbox 1377 4987 1658 5056; x_wconf 87' lang='lat' dir='ltr'><strong>editionis,</strong></span> <span class='ocrx_word' id='word_1_592' title='bbox 1695 5003 1816 5060; x_wconf 84' lang='lat' dir='ltr'><strong>quae</strong></span> <span class='ocrx_word' id='word_1_593' title='bbox 1847 4985 2086 5060; x_wconf 86' lang='lat' dir='ltr'><strong>incipit:</strong></span> 
     </span>
    </p>
   </div>
   <div class='ocr_carea' id='block_1_89' title="bbox 503 5081 1264 5148">
    <p class='ocr_par' dir='ltr' id='par_1_89' title="bbox 503 5081 1264 5148">
     <span class='ocr_line' id='line_1_89' title="bbox 503 5081 1264 5148; baseline -0.001 -13"><span class='ocrx_word' id='word_1_594' title='bbox 503 5083 768 5148; x_wconf 79' lang='lat' dir='ltr'><strong>Prologus</strong></span> <span class='ocrx_word' id='word_1_595' title='bbox 798 5082 862 5134; x_wconf 90' lang='lat' dir='ltr'><strong>in</strong></span> <span class='ocrx_word' id='word_1_596' title='bbox 889 5081 1264 5148; x_wconf 82' lang='lat' dir='ltr'><strong>fructuosum.</strong></span> 
     </span>
    </p>
   </div>
   <div class='ocr_carea' id='block_1_90' title="bbox 573 5164 2091 5238">
    <p class='ocr_par' dir='ltr' id='par_1_90' title="bbox 573 5164 2091 5238">
     <span class='ocr_line' id='line_1_90' title="bbox 573 5164 2091 5238; baseline -0.004 -14"><span class='ocrx_word' id='word_1_597' title='bbox 573 5169 804 5234; x_wconf 87' lang='lat' dir='ltr'><strong>Quarta,</strong></span> <span class='ocrx_word' id='word_1_598' title='bbox 858 5167 1360 5238; x_wconf 85' lang='lat' dir='ltr'><strong>Norimbergensis,</strong></span> <span class='ocrx_word' id='word_1_599' title='bbox 1419 5165 1634 5222; x_wconf 86' lang='lat' dir='ltr'><strong>in-folio</strong></span> <span class='ocrx_word' id='word_1_600' title='bbox 1671 5164 1932 5231; x_wconf 86' lang='lat' dir='ltr'><strong>maximo,</strong></span> <span class='ocrx_word' id='word_1_601' title='bbox 1990 5179 2091 5236; x_wconf 90' lang='lat' dir='ltr'><strong>per</strong></span> 
     </span>
    </p>
   </div>
   <div class='ocr_carea' id='block_1_91' title="bbox 501 5253 1514 5330">
    <p class='ocr_par' dir='ltr' id='par_1_91' title="bbox 501 5253 1514 5330">
     <span class='ocr_line' id='line_1_91' title="bbox 501 5253 1514 5330; baseline -0.004 -17"><span class='ocrx_word' id='word_1_602' title='bbox 501 5258 810 5314; x_wconf 84' lang='lat' dir='ltr'><strong>Antonium</strong></span> <span class='ocrx_word' id='word_1_603' title='bbox 840 5257 1146 5330; x_wconf 84' lang='lat' dir='ltr'><strong>Coburger,</strong></span> <span class='ocrx_word' id='word_1_604' title='bbox 1169 5273 1316 5313; x_wconf 89' lang='lat' dir='ltr'><strong>anno</strong></span> <span class='ocrx_word' id='word_1_605' title='bbox 1360 5253 1514 5314; x_wconf 81' lang='grc'>1478.</span> 
     </span>
    </p>
   </div>
   <div class='ocr_carea' id='block_1_92' title="bbox 2245 4442 3769 4522">
    <p class='ocr_par' dir='ltr' id='par_1_92' title="bbox 2245 4442 3769 4522">
     <span class='ocr_line' id='line_1_92' title="bbox 2245 4442 3769 4522; baseline -0.005 -11"><span class='ocrx_word' id='word_1_606' title='bbox 2245 4455 2478 4512; x_wconf 91' lang='lat' dir='ltr'><strong>Initium</strong></span> <span class='ocrx_word' id='word_1_607' title='bbox 2506 4454 2635 4509; x_wconf 90' lang='lat' dir='ltr'><strong>libri</strong></span> <span class='ocrx_word' id='word_1_608' title='bbox 2663 4452 2939 4508; x_wconf 88' lang='lat' dir='ltr'><strong>sichabet:</strong></span> <span class='ocrx_word' id='word_1_609' title='bbox 2963 4454 3166 4521; x_wconf 80' lang='lat' dir='ltr'><strong>Incipit</strong></span> <span class='ocrx_word' id='word_1_610' title='bbox 3188 4442 3444 4522; x_wconf 61' lang='lat' dir='ltr'><strong>pra/“am</strong></span> <span class='ocrx_word' id='word_1_611' title='bbox 3467 4450 3610 4504; x_wconf 82' lang='lat' dir='ltr'><strong>beati</strong></span> <span class='ocrx_word' id='word_1_612' title='bbox 3636 4449 3769 4505; x_wconf 78' lang='lat' dir='ltr'><strong>Hic-</strong></span> 
     </span>
    </p>
   </div>
   <div class='ocr_carea' id='block_1_93' title="bbox 2171 4539 3769 4614">
    <p class='ocr_par' dir='ltr' id='par_1_93' title="bbox 2171 4539 3769 4614">
     <span class='ocr_line' id='line_1_93' title="bbox 2171 4539 3769 4614; baseline -0.005 -15"><span class='ocrx_word' id='word_1_613' title='bbox 2171 4548 2400 4614; x_wconf 83' lang='lat' dir='ltr'><strong>ronymi</strong></span> <span class='ocrx_word' id='word_1_614' title='bbox 2420 4545 2742 4614; x_wconf 71' lang='lat' dir='ltr'><strong>presbyteri,</strong></span> <span class='ocrx_word' id='word_1_615' title='bbox 2775 4545 2838 4597; x_wconf 89' lang='lat' dir='ltr'><strong>in</strong></span> <span class='ocrx_word' id='word_1_616' title='bbox 2859 4544 3116 4612; x_wconf 84' lang='lat' dir='ltr'><strong>primum</strong></span> <span class='ocrx_word' id='word_1_617' title='bbox 3154 4540 3366 4595; x_wconf 79' lang='lat' dir='ltr'><strong>librum</strong></span> <span class='ocrx_word' id='word_1_618' title='bbox 3393 4539 3456 4594; x_wconf 76' lang='lat' dir='ltr'><strong>de</strong></span> <span class='ocrx_word' id='word_1_619' title='bbox 3492 4539 3608 4593; x_wconf 85' lang='lat' dir='ltr'><strong>Vita</strong></span> <span class='ocrx_word' id='word_1_620' title='bbox 3635 4553 3769 4592; x_wconf 86' lang='lat' dir='ltr'><strong>san-</strong></span> 
     </span>
    </p>
   </div>
   <div class='ocr_carea' id='block_1_94' title="bbox 2174 4621 3767 4690">
    <p class='ocr_par' dir='ltr' id='par_1_94' title="bbox 2174 4621 3767 4690">
     <span class='ocr_line' id='line_1_94' title="bbox 2174 4621 3767 4690; baseline -0.004 -6"><span class='ocrx_word' id='word_1_621' title='bbox 2174 4635 2388 4686; x_wconf 86' lang='lat' dir='ltr'><strong>ctorum</strong></span> <span class='ocrx_word' id='word_1_622' title='bbox 2405 4631 2660 4685; x_wconf 82' lang='lat' dir='ltr'><strong>Patrum.</strong></span> <span class='ocrx_word' id='word_1_623' title='bbox 2692 4627 2940 4683; x_wconf 74' lang='lat' dir='ltr'><strong>Deinde:</strong></span> <span class='ocrx_word' id='word_1_624' title='bbox 2973 4627 3290 4684; x_wconf 70' lang='lat' dir='ltr'><strong>Benedictus</strong></span> <span class='ocrx_word' id='word_1_625' title='bbox 3319 4625 3480 4690; x_wconf 75' lang='lat' dir='ltr'><strong>Deus,</strong></span> <span class='ocrx_word' id='word_1_626' title='bbox 3511 4627 3618 4679; x_wconf 82' lang='lat' dir='ltr'><strong>etc.</strong></span> <span class='ocrx_word' id='word_1_627' title='bbox 3649 4621 3767 4678; x_wconf 83' lang='lat' dir='ltr'><strong>De-</strong></span> 
     </span>
    </p>
   </div>
   <div class='ocr_carea' id='block_1_95' title="bbox 2175 4710 3767 4784">
    <p class='ocr_par' dir='ltr' id='par_1_95' title="bbox 2175 4710 3767 4784">
     <span class='ocr_line' id='line_1_95' title="bbox 2175 4710 3767 4784; baseline -0.006 -9"><span class='ocrx_word' id='word_1_628' title='bbox 2175 4719 2313 4774; x_wconf 90' lang='lat' dir='ltr'><strong>sinit</strong></span> <span class='ocrx_word' id='word_1_629' title='bbox 2339 4723 2491 4774; x_wconf 89' lang='lat' dir='ltr'><strong>totus</strong></span> <span class='ocrx_word' id='word_1_630' title='bbox 2518 4717 2662 4773; x_wconf 89' lang='lat' dir='ltr'><strong>liber</strong></span> <span class='ocrx_word' id='word_1_631' title='bbox 2688 4717 2748 4772; x_wconf 88' lang='lat' dir='ltr'><strong>in</strong></span> <span class='ocrx_word' id='word_1_632' title='bbox 2776 4716 2992 4772; x_wconf 86' lang='lat' dir='ltr'><strong>Marino</strong></span> <span class='ocrx_word' id='word_1_633' title='bbox 3012 4713 3302 4776; x_wconf 87' lang='lat' dir='ltr'><strong>monacho,</strong></span> <span class='ocrx_word' id='word_1_634' title='bbox 3324 4713 3486 4784; x_wconf 83' lang='lat' dir='ltr'><strong>cujus</strong></span> <span class='ocrx_word' id='word_1_635' title='bbox 3536 4710 3767 4767; x_wconf 87' lang='lat' dir='ltr'><strong>initium</strong></span> 
     </span>
    </p>
   </div>
   <div class='ocr_carea' id='block_1_96' title="bbox 2174 4802 3766 4878">
    <p class='ocr_par' dir='ltr' id='par_1_96' title="bbox 2174 4802 3766 4878">
     <span class='ocr_line' id='line_1_96' title="bbox 2174 4802 3766 4878; baseline -0.008 -11"><span class='ocrx_word' id='word_1_636' title='bbox 2174 4816 2290 4867; x_wconf 91' lang='lat' dir='ltr'><strong>est:</strong></span> <span class='ocrx_word' id='word_1_637' title='bbox 2325 4809 2462 4864; x_wconf 84' lang='lat' dir='ltr'><strong>Erat</strong></span> <span class='ocrx_word' id='word_1_638' title='bbox 2489 4809 2719 4878; x_wconf 84' lang='lat' dir='ltr'><strong>quidam</strong></span> <span class='ocrx_word' id='word_1_639' title='bbox 2747 4807 3047 4872; x_wconf 63' lang='lat' dir='ltr'><strong>saecularis,</strong></span> <span class='ocrx_word' id='word_1_640' title='bbox 3075 4804 3204 4860; x_wconf 84' lang='lat' dir='ltr'><strong>ﬁnis</strong></span> <span class='ocrx_word' id='word_1_641' title='bbox 3237 4819 3250 4856; x_wconf 92' lang='lat'><strong>:</strong></span> <span class='ocrx_word' id='word_1_642' title='bbox 3283 4803 3382 4858; x_wconf 84' lang='lat' dir='ltr'><strong>Ubi</strong></span> <span class='ocrx_word' id='word_1_643' title='bbox 3407 4816 3576 4870; x_wconf 72' lang='lat' dir='ltr'><strong>usque</strong></span> <span class='ocrx_word' id='word_1_644' title='bbox 3603 4802 3766 4862; x_wconf 80' lang='lat' dir='ltr'><strong>modo</strong></span> 
     </span>
    </p>
   </div>
   <div class='ocr_carea' id='block_1_97' title="bbox 2176 4892 3767 4964">
    <p class='ocr_par' dir='ltr' id='par_1_97' title="bbox 2176 4892 3767 4964">
     <span class='ocr_line' id='line_1_97' title="bbox 2176 4892 3767 4964; baseline -0.006 -8"><span class='ocrx_word' id='word_1_645' title='bbox 2176 4901 2424 4957; x_wconf 75' lang='lat' dir='ltr'><strong>Christus</strong></span> <span class='ocrx_word' id='word_1_646' title='bbox 2433 4899 2778 4954; x_wconf 78' lang='lat' dir='ltr'><strong>orationibus</strong></span> <span class='ocrx_word' id='word_1_647' title='bbox 2786 4900 2983 4950; x_wconf 75' lang='lat' dir='ltr'><strong>sancta</strong></span> <span class='ocrx_word' id='word_1_648' title='bbox 2997 4895 3235 4964; x_wconf 84' lang='lat' dir='ltr'><strong>Virginis</strong></span> <span class='ocrx_word' id='word_1_649' title='bbox 3248 4895 3428 4947; x_wconf 76' lang='lat' dir='ltr'><strong>multa</strong></span> <span class='ocrx_word' id='word_1_650' title='bbox 3440 4893 3576 4960; x_wconf 80' lang='lat' dir='ltr'><strong>facit</strong></span> <span class='ocrx_word' id='word_1_651' title='bbox 3587 4892 3767 4946; x_wconf 83' lang='lat' dir='ltr'><strong>mira-</strong></span> 
     </span>
    </p>
   </div>
   <div class='ocr_carea' id='block_1_98' title="bbox 2176 4981 3765 5055">
    <p class='ocr_par' dir='ltr' id='par_1_98' title="bbox 2176 4981 3765 5055">
     <span class='ocr_line' id='line_1_98' title="bbox 2176 4981 3765 5055; baseline -0.006 -12"><span class='ocrx_word' id='word_1_652' title='bbox 2176 4991 2336 5055; x_wconf 84' lang='lat' dir='ltr'><strong>bilia,</strong></span> <span class='ocrx_word' id='word_1_653' title='bbox 2363 4989 2438 5044; x_wconf 86' lang='lat' dir='ltr'><strong>ad</strong></span> <span class='ocrx_word' id='word_1_654' title='bbox 2457 4988 2677 5042; x_wconf 77' lang='lat' dir='ltr'><strong>laudem</strong></span> <span class='ocrx_word' id='word_1_655' title='bbox 2695 4991 2742 5041; x_wconf 81' lang='lat' dir='ltr'><strong>et</strong></span> <span class='ocrx_word' id='word_1_656' title='bbox 2761 4988 3002 5055; x_wconf 82' lang='lat' dir='ltr'><strong>gloriam</strong></span> <span class='ocrx_word' id='word_1_657' title='bbox 3022 4982 3492 5051; x_wconf 79' lang='lat' dir='ltr'><strong>nominissui,qui</strong></span> <span class='ocrx_word' id='word_1_658' title='bbox 3513 4995 3640 5036; x_wconf 83' lang='lat' dir='ltr'><strong>cum</strong></span> <span class='ocrx_word' id='word_1_659' title='bbox 3659 4981 3765 5038; x_wconf 85' lang='lat' dir='ltr'><strong>Pa-</strong></span> 
     </span>
    </p>
   </div>
   <div class='ocr_carea' id='block_1_99' title="bbox 2173 5083 2412 5146">
    <p class='ocr_par' dir='ltr' id='par_1_99' title="bbox 2173 5083 2412 5146">
     <span class='ocr_line' id='line_1_99' title="bbox 2173 5083 2412 5146; baseline -0.004 -15"><span class='ocrx_word' id='word_1_660' title='bbox 2173 5083 2275 5146; x_wconf 77' lang='lat' dir='ltr'><strong>tre,</strong></span> <span class='ocrx_word' id='word_1_661' title='bbox 2303 5083 2412 5133; x_wconf 88' lang='lat' dir='ltr'><strong>etc.</strong></span> 
     </span>
    </p>
   </div>
   <div class='ocr_carea' id='block_1_100' title="bbox 2244 5159 3577 5221">
    <p class='ocr_par' dir='ltr' id='par_1_100' title="bbox 2244 5159 3577 5221">
     <span class='ocr_line' id='line_1_100' title="bbox 2244 5159 3577 5221; baseline -0.005 -1"><span class='ocrx_word' id='word_1_662' title='bbox 2244 5167 2480 5221; x_wconf 87' lang='lat' dir='ltr'><strong>Constat</strong></span> <span class='ocrx_word' id='word_1_663' title='bbox 2507 5168 2696 5220; x_wconf 87' lang='lat' dir='ltr'><strong>autem</strong></span> <span class='ocrx_word' id='word_1_664' title='bbox 2728 5163 2845 5220; x_wconf 62' lang='lat' dir='ltr'><strong>haec</strong></span> <span class='ocrx_word' id='word_1_665' title='bbox 2867 5161 3038 5218; x_wconf 86' lang='lat' dir='ltr'><strong>editio</strong></span> <span class='ocrx_word' id='word_1_666' title='bbox 3076 5159 3304 5218; x_wconf 85' lang='lat' dir='ltr'><strong>omnino</strong></span> <span class='ocrx_word' id='word_1_667' title='bbox 3331 5177 3364 5215; x_wconf 76' lang='grc' dir='ltr'><strong>γ</strong></span> <span class='ocrx_word' id='word_1_668' title='bbox 3399 5159 3577 5216; x_wconf 85' lang='lat' dir='ltr'><strong>libris.</strong></span> 
     </span>
    </p>
   </div>
   <div class='ocr_carea' id='block_1_101' title="bbox 2245 5248 3764 5325">
    <p class='ocr_par' dir='ltr' id='par_1_101' title="bbox 2245 5248 3764 5325">
     <span class='ocr_line' id='line_1_101' title="bbox 2245 5248 3764 5325; baseline -0.003 -15"><span class='ocrx_word' id='word_1_669' title='bbox 2245 5254 2470 5310; x_wconf 87' lang='lat' dir='ltr'><strong>Primus</strong></span> <span class='ocrx_word' id='word_1_670' title='bbox 2487 5252 2630 5310; x_wconf 90' lang='lat' dir='ltr'><strong>liber</strong></span> <span class='ocrx_word' id='word_1_671' title='bbox 2642 5251 2841 5325; x_wconf 90' lang='lat' dir='ltr'><strong>incipit</strong></span> <span class='ocrx_word' id='word_1_672' title='bbox 2863 5267 2896 5306; x_wconf 91' lang='lat' dir='ltr'><strong>a</strong></span> <span class='ocrx_word' id='word_1_673' title='bbox 2919 5251 3150 5324; x_wconf 85' lang='lat' dir='ltr'><strong>prologo</strong></span> <span class='ocrx_word' id='word_1_674' title='bbox 3171 5249 3286 5322; x_wconf 88' lang='lat' dir='ltr'><strong>(qui</strong></span> <span class='ocrx_word' id='word_1_675' title='bbox 3302 5248 3468 5306; x_wconf 82' lang='lat' dir='ltr'><strong>beato</strong></span> <span class='ocrx_word' id='word_1_676' title='bbox 3486 5248 3764 5323; x_wconf 84' lang='lat' dir='ltr'><strong>Hierony-</strong></span> 
     </span>
    </p>
   </div>
   <div class='ocr_carea' id='block_1_102' title="bbox 575 5340 3759 5419">
    <p class='ocr_par' dir='ltr' id='par_1_102' title="bbox 575 5340 3759 5419">
     <span class='ocr_line' id='line_1_102' title="bbox 575 5340 3759 5419; baseline -0.004 -15"><span class='ocrx_word' id='word_1_677' title='bbox 575 5348 802 5416; x_wconf 89' lang='lat' dir='ltr'><strong>Quinta,</strong></span> <span class='ocrx_word' id='word_1_678' title='bbox 834 5345 1340 5419; x_wconf 88' lang='lat' dir='ltr'><strong>Norimbergensis,</strong></span> <span class='ocrx_word' id='word_1_679' title='bbox 1363 5344 1585 5401; x_wconf 88' lang='lat' dir='ltr'><strong>in-folio</strong></span> <span class='ocrx_word' id='word_1_680' title='bbox 1613 5344 1955 5418; x_wconf 86' lang='lat' dir='ltr'><strong>minore,per</strong></span> <span class='ocrx_word' id='word_1_681' title='bbox 1979 5344 2092 5400; x_wconf 88' lang='lat' dir='ltr'><strong>An-</strong></span> <span class='ocrx_word' id='word_1_682' title='bbox 2169 5359 2264 5398; x_wconf 89' lang='lat' dir='ltr'><strong>mo</strong></span> <span class='ocrx_word' id='word_1_683' title='bbox 2280 5341 2656 5410; x_wconf 88' lang='lat' dir='ltr'><strong>tribuitur,uti</strong></span> <span class='ocrx_word' id='word_1_684' title='bbox 2671 5347 2728 5396; x_wconf 89' lang='lat' dir='ltr'><strong>et</strong></span> <span class='ocrx_word' id='word_1_685' title='bbox 2742 5345 2894 5397; x_wconf 86' lang='lat' dir='ltr'><strong>totus</strong></span> <span class='ocrx_word' id='word_1_686' title='bbox 2910 5340 2959 5396; x_wconf 87' lang='lat' dir='ltr'><strong>is</strong></span> <span class='ocrx_word' id='word_1_687' title='bbox 2977 5340 3134 5410; x_wconf 91' lang='lat' dir='ltr'><strong>liber)</strong></span> <span class='ocrx_word' id='word_1_688' title='bbox 3151 5341 3464 5396; x_wconf 76' lang='lat' dir='ltr'><strong>Benedictus</strong></span> <span class='ocrx_word' id='word_1_689' title='bbox 3483 5340 3759 5404; x_wconf 74' lang='lat' dir='ltr'><strong>Dem,etc.</strong></span> 
     </span>
    </p>
   </div>
   <div class='ocr_carea' id='block_1_103' title="bbox 502 5433 1397 5509">
    <p class='ocr_par' dir='ltr' id='par_1_103' title="bbox 502 5433 1397 5509">
     <span class='ocr_line' id='line_1_103' title="bbox 502 5433 1397 5509; baseline -0.001 -16"><span class='ocrx_word' id='word_1_690' title='bbox 502 5437 723 5494; x_wconf 89' lang='lat' dir='ltr'><strong>tonium</strong></span> <span class='ocrx_word' id='word_1_691' title='bbox 741 5437 1046 5509; x_wconf 86' lang='lat' dir='ltr'><strong>Coburger,</strong></span> <span class='ocrx_word' id='word_1_692' title='bbox 1069 5452 1216 5492; x_wconf 87' lang='lat' dir='ltr'><strong>anno</strong></span> <span class='ocrx_word' id='word_1_693' title='bbox 1235 5433 1397 5494; x_wconf 76' lang='grc'>1483.</span> 
     </span>
    </p>
   </div>
   <div class='ocr_carea' id='block_1_104' title="bbox 577 5521 2090 5605">
    <p class='ocr_par' dir='ltr' id='par_1_104' title="bbox 577 5521 2090 5605">
     <span class='ocr_line' id='line_1_104' title="bbox 577 5521 2090 5605; baseline -0.003 -23"><span class='ocrx_word' id='word_1_694' title='bbox 577 5524 762 5605; x_wconf 77' lang='lat' dir='ltr'><strong>[LVIII]</strong></span> <span class='ocrx_word' id='word_1_695' title='bbox 793 5528 979 5595; x_wconf 85' lang='lat' dir='ltr'><strong>Sexta,</strong></span> <span class='ocrx_word' id='word_1_696' title='bbox 1003 5524 1353 5592; x_wconf 88' lang='lat' dir='ltr'><strong>Germanica,</strong></span> <span class='ocrx_word' id='word_1_697' title='bbox 1385 5530 1450 5580; x_wconf 89' lang='lat' dir='ltr'><strong>ut</strong></span> <span class='ocrx_word' id='word_1_698' title='bbox 1477 5524 1714 5594; x_wconf 87' lang='lat' dir='ltr'><strong>videtur,</strong></span> <span class='ocrx_word' id='word_1_699' title='bbox 1736 5523 1972 5592; x_wconf 88' lang='lat' dir='ltr'><strong>in-folio,</strong></span> <span class='ocrx_word' id='word_1_700' title='bbox 2001 5521 2090 5578; x_wconf 90' lang='lat' dir='ltr'><strong>in-</strong></span> 
     </span>
    </p>
   </div>
   <div class='ocr_carea' id='block_1_105' title="bbox 431 5613 1640 5694">
    <p class='ocr_par' dir='ltr' id='par_1_105' title="bbox 431 5613 1640 5694">
     <span class='ocr_line' id='line_1_105' title="bbox 431 5613 1640 5694; baseline 0.001 -23"><span class='ocrx_word' id='word_1_701' title='bbox 431 5647 444 5658; x_wconf 78' lang='lat'><strong><em>~</em></strong></span> <span class='ocrx_word' id='word_1_702' title='bbox 509 5619 660 5672; x_wconf 89' lang='lat' dir='ltr'><strong>certo</strong></span> <span class='ocrx_word' id='word_1_703' title='bbox 681 5616 802 5672; x_wconf 88' lang='lat' dir='ltr'><strong>loco</strong></span> <span class='ocrx_word' id='word_1_704' title='bbox 833 5621 889 5674; x_wconf 88' lang='lat' dir='ltr'><strong>et</strong></span> <span class='ocrx_word' id='word_1_705' title='bbox 917 5615 1287 5694; x_wconf 85' lang='lat' dir='ltr'><strong>typographo,</strong></span> <span class='ocrx_word' id='word_1_706' title='bbox 1314 5631 1460 5674; x_wconf 89' lang='lat' dir='ltr'><strong>anno</strong></span> <span class='ocrx_word' id='word_1_707' title='bbox 1483 5613 1640 5685; x_wconf 66' lang='grc'>1483.</span> 
     </span>
    </p>
   </div>
   <div class='ocr_carea' id='block_1_106' title="bbox 2173 5428 3763 5498">
    <p class='ocr_par' dir='ltr' id='par_1_106' title="bbox 2173 5428 3763 5498">
     <span class='ocr_line' id='line_1_106' title="bbox 2173 5428 3763 5498; baseline -0.004 -10"><span class='ocrx_word' id='word_1_708' title='bbox 2173 5431 2385 5489; x_wconf 89' lang='lat' dir='ltr'><strong>Deinde</strong></span> <span class='ocrx_word' id='word_1_709' title='bbox 2405 5431 2584 5486; x_wconf 86' lang='lat' dir='ltr'><strong>aVita</strong></span> <span class='ocrx_word' id='word_1_710' title='bbox 2600 5431 2778 5486; x_wconf 89' lang='lat' dir='ltr'><strong>sancti</strong></span> <span class='ocrx_word' id='word_1_711' title='bbox 2801 5430 3030 5486; x_wconf 88' lang='lat' dir='ltr'><strong>Joannis</strong></span> <span class='ocrx_word' id='word_1_712' title='bbox 3040 5428 3277 5486; x_wconf 88' lang='lat' dir='ltr'><strong>abbatis:</strong></span> <span class='ocrx_word' id='word_1_713' title='bbox 3293 5432 3552 5487; x_wconf 86' lang='lat' dir='ltr'><strong>Primum</strong></span> <span class='ocrx_word' id='word_1_714' title='bbox 3580 5431 3763 5498; x_wconf 82' lang='lat' dir='ltr'><strong>igitur</strong></span> 
     </span>
    </p>
   </div>
   <div class='ocr_carea' id='block_1_107' title="bbox 2175 5518 3763 5591">
    <p class='ocr_par' dir='ltr' id='par_1_107' title="bbox 2175 5518 3763 5591">
     <span class='ocr_line' id='line_1_107' title="bbox 2175 5518 3763 5591; baseline 0 -15"><span class='ocrx_word' id='word_1_715' title='bbox 2175 5528 2446 5591; x_wconf 87' lang='lat' dir='ltr'><strong>tanquam</strong></span> <span class='ocrx_word' id='word_1_716' title='bbox 2474 5536 2666 5576; x_wconf 76' lang='lat' dir='ltr'><strong>verum</strong></span> <span class='ocrx_word' id='word_1_717' title='bbox 2690 5519 3304 5590; x_wconf 74' lang='lat' dir='ltr'><strong>fundamentum.Finit</strong></span> <span class='ocrx_word' id='word_1_718' title='bbox 3327 5519 3419 5582; x_wconf 78' lang='lat' dir='ltr'><strong>hic</strong></span> <span class='ocrx_word' id='word_1_719' title='bbox 3430 5518 3572 5575; x_wconf 87' lang='lat' dir='ltr'><strong>liber</strong></span> <span class='ocrx_word' id='word_1_720' title='bbox 3593 5518 3654 5574; x_wconf 90' lang='lat' dir='ltr'><strong>in</strong></span> <span class='ocrx_word' id='word_1_721' title='bbox 3677 5534 3763 5576; x_wconf 81' lang='lat' dir='ltr'><strong>se-</strong></span> 
     </span>
    </p>
   </div>
   <div class='ocr_carea' id='block_1_108' title="bbox 2173 5607 3762 5688">
    <p class='ocr_par' dir='ltr' id='par_1_108' title="bbox 2173 5607 3762 5688">
     <span class='ocr_line' id='line_1_108' title="bbox 2173 5607 3762 5688; baseline -0.003 -21"><span class='ocrx_word' id='word_1_722' title='bbox 2173 5614 2328 5684; x_wconf 87' lang='lat' dir='ltr'><strong>ptem</strong></span> <span class='ocrx_word' id='word_1_723' title='bbox 2355 5609 2619 5684; x_wconf 81' lang='lat' dir='ltr'><strong>periculis</strong></span> <span class='ocrx_word' id='word_1_724' title='bbox 2643 5608 3037 5688; x_wconf 71' lang='lat' dir='ltr'><strong>quod</strong></span> <span class='ocrx_word' id='word_1_725' title='bbox 3063 5613 3234 5683; x_wconf 73' lang='lat' dir='ltr'><strong>caput</strong></span> <span class='ocrx_word' id='word_1_726' title='bbox 3249 5608 3330 5670; x_wconf 68' lang='lat' dir='ltr'><strong>ita</strong></span> <span class='ocrx_word' id='word_1_727' title='bbox 3347 5607 3660 5684; x_wconf 62' lang='lat' dir='ltr'><strong>inplicatur:</strong></span> <span class='ocrx_word' id='word_1_728' title='bbox 3691 5608 3762 5665; x_wconf 79' lang='lat' dir='ltr'><strong>In</strong></span> 
     </span>
    </p>
   </div>
  </div>
