3958 6408
172 422 251 483 δε,
1433 406 2033 477 PROLEGOMENON
2067 420 2215 478 XIX.
3393 427 3463 489 66

175 553 318 607 aliis
346 563 558 619 quoque
590 548 1027 618 quamplurimis
1047 546 1194 601 locis.
1220 544 1515 601 Clauditur
1533 563 1545 599 :
1564 546 1670 613 Qui
1688 562 1785 602 nos
1803 547 1937 608 Atis
1985 547 2213 619 gentilis
2243 547 2490 614 invento,
2533 563 2769 621 eamque
2800 550 2938 605 citat
2966 568 3030 606 ex
3050 550 3193 609 libro
3224 569 3279 610 IV
3308 556 3464 614 Vita-

175 643 245 695 de
267 642 445 694 tantis
467 640 733 709 periculis
762 638 1036 703 liberavit,
1054 640 1102 690 et
1132 640 1290 690 tanta
1307 638 1370 690 in
1386 636 1540 690 nobis
1553 637 1784 691 ostendit
1867 654 1992 693 rum
2024 639 2276 704 Patrum,
2311 655 2433 709 quae
2453 639 2512 692 in
2558 639 2663 693 hac
2681 639 2861 710 prima
2873 642 3117 697 editione
3136 644 3278 700 libro
3297 662 3347 700 Iv
3368 648 3465 703 ha-

173 730 500 794 mirabitia,
533 730 638 797 ipsi
666 729 849 796 gloria
879 729 968 780 ins
994 729 1163 780 acuta
1184 729 1528 780 saeculorum.
1562 727 1757 780 Amen.
1866 726 2208 783 betur.0biit
2236 732 2427 782 autem
2455 726 2594 799 ipse,
2624 733 2770 783 testo
2784 729 3094 786 Trithemio
3124 733 3183 788 in
3208 737 3463 809 catalogo

252 817 551 873 Secundus
597 815 742 871 liber
767 814 967 887 incipit
987 832 1022 870 a
1050 815 1316 887 prologo:
1355 816 1478 869 Vere
1506 816 1783 869 mundum
1865 815 2173 871 illustrium
2205 817 2473 879 virorum,
2504 834 2570 872 eo
2600 817 2722 889 ipso
2747 835 2913 874 anno.
2953 821 3072 876 Imo
3110 827 3168 878 et
3202 830 3334 880 ante
3357 843 3461 881 an-

174 911 306 979 quis
316 909 531 962 dubitet
554 908 771 961 meritis
798 911 945 960 stare
963 911 1303 971 sanctorum,
1322 910 1425 960 etc.
1452 903 1589 959 Inde
1603 904 1786 976 sequi-
1865 920 2005 959 num
2030 904 2099 961 69
2121 911 2249 977 post
2266 903 2409 963 1400
2421 906 2726 962 editionem
2753 926 2877 964 eam
2908 917 3160 967 curatam
3198 914 3460 986 colligere

172 1002 273 1053 tur
329 996 545 1052 dictum
595 995 876 1067 primum:
913 995 1150 1062 Quidam
1186 1000 1506 1049 sanctorum
1547 996 1782 1049 Patrum
1865 998 1951 1049 est
1979 1011 2043 1049 ex
2073 996 2177 1049 Ms.
2219 996 2571 1051 Cortracensi
2625 1001 2951 1055 monasterii
2993 1002 3146 1058 Sion.
3178 1004 3286 1068 Qui
3317 1004 3461 1061 liber

172 1088 489 1153 seniorum,
514 1086 989 1153 interrogantibus
999 1101 1051 1139 se
1064 1084 1343 1138 monachis
1362 1085 1426 1138 de
1436 1100 1602 1138 causa
1617 1084 1782 1137 absti-

174 1178 405 1242 nentiae,
430 1181 535 1231 etc.
562 1174 716 1229 Finit
727 1173 785 1229 in
806 1174 955 1228 dicto
972 1173 1298 1246 Syncleticaa
1316 1173 1385 1228 de
1414 1172 1776 1228 inﬁrmitate:

176 1267 324 1334 Quia
347 1267 612 1319 interiori
638 1266 855 1319 homini
874 1269 1060 1318 nostro
1087 1266 1300 1318 sanitas
1327 1265 1456 1317 inde
1476 1267 1688 1318 crescit.

248 1355 477 1410 Tertius
505 1352 650 1409 liber
674 1353 872 1427 incipit
890 1370 925 1409 a
952 1354 1186 1425 prologo
1217 1352 1454 1408 Palladii
1482 1353 1729 1425 episcopi
1762 1370 1773 1406 :

174 1446 361 1500 Multa
381 1446 604 1514 quidem
623 1449 675 1498 et
695 1448 857 1499 uaria
886 1445 1117 1498 diversis
1139 1444 1472 1512 temporibus
1492 1460 1527 1497 a
1547 1445 1777 1497 diversis

173 1533 765 1603 conscripta,etc.lnde
776 1534 1208 1604 sequiturcaput
1224 1532 1490 1604 primum:
1510 1534 1647 1589 Cum
1658 1535 1777 1601 pri-

174 1639 339 1678 mum
351 1625 465 1679 adA
476 1626 1342 1693 teaandriamperrexissem,etc.;
1363 1622 1672 1677 secundum
1691 1639 1778 1678 ca-

172 1717 284 1784 put
304 1715 518 1768 :Beatus
545 1718 731 1768 autem
745 1713 1010 1778 Isidorus,
1034 1717 1138 1767 etc.
1154 1712 1306 1767 Finit
1318 1712 1375 1767 in
1390 1713 1539 1767 dicto
1558 1711 1776 1767 abbatis

173 1801 360 1857 Sisoi:
390 1803 625 1871 Ignosce,
658 1805 742 1857 mi
762 1804 958 1871 frater,
997 1805 1131 1872 quia
1159 1803 1409 1857 nondum
1435 1805 1615 1871 factus
1649 1819 1776 1857 sum

1862 1083 2196 1139 verbotenus
2226 1101 2356 1140 cum
2380 1086 2654 1159 impresso
2683 1088 2788 1143 hoc
2816 1091 3091 1159 convenit,
3111 1098 3176 1147 ut
3192 1101 3463 1166 appareat

1862 1189 1931 1227 ex
1969 1189 2035 1229 eo
2062 1175 2415 1247 exscriptum,
2454 1177 2519 1232 In
2541 1178 2663 1249 ejus
2701 1184 2892 1234 autem
2912 1181 3021 1239 Ms.
3052 1182 3163 1237 ﬁne
3192 1184 3451 1241 habetur:

1864 1278 1893 1315 α
1925 1263 2251 1335 Completus
2291 1265 2350 1319 in
2391 1266 2559 1321 domo
2614 1284 2871 1324 sororum
2909 1269 3087 1327 beatae
3141 1273 3456 1331 Catharinte

1860 1352 1930 1407 de
1943 1356 2133 1408 monte
2150 1354 2967 1430 Sinai,vulgaritcrnuncupato
2979 1361 3048 1415 de
3070 1361 3222 1429 Sion,
3248 1363 3307 1419 in
3324 1365 3460 1420 Cur-

1857 1445 2033 1509 traco,
2059 1459 2208 1498 anno
2229 1443 2454 1499 Domini
2494 1443 2648 1513 1469,
2683 1448 2891 1502 mensis
2909 1450 3239 1507 Novembris
3251 1453 3341 1508 die
3372 1452 3453 1521 t7,

1857 1529 1980 1601 ipso
2001 1530 2145 1587 festo
2174 1532 2323 1587 beati
2351 1534 2579 1589 Niniani
2598 1536 2842 1609 episcopi
2872 1544 2929 1592 et
2951 1540 3300 1596 confessoris.
3329 1562 3356 1596 »

1927 1621 2114 1692 Atque
2138 1622 2255 1677 haec
2277 1622 2460 1694 prima
2490 1625 2681 1692 editio,
2721 1643 2789 1681 ea
2825 1627 3007 1683 forma
3035 1636 3093 1685 et
3112 1631 3307 1686 ordine
3343 1649 3453 1704 quo

1858 1723 1985 1781 eam
2012 1710 2301 1782 descripsi,
2329 1713 2496 1768 tertio
2524 1715 2671 1787 typis
2685 1716 3245 1791 fuitsubmissa,quas
3262 1738 3458 1778 omnes

1857 1803 1972 1853 tres
2011 1800 2286 1856 editiones
2305 1801 2489 1872 primo
2528 1803 2647 1858 loco
2667 1806 2923 1875 suggerit
2942 1809 3229 1879 catalogus
3262 1810 3458 1866 editio-

174 1892 504 1949 monachus.
525 1892 663 1948 Inde
682 1891 1033 1947 subnectitur
1052 1891 1489 1963 velutappendix
1519 1894 1777 1946 narratio
1795 1881 1841 1941 Β
1859 1904 1997 1944 num
2016 1889 2135 1959 jam
2166 1890 2569 1961 prolegomeno
2589 1891 2653 1949 17
2671 1894 2856 1950 datus.
2890 1896 3236 1953 Posteriores
3264 1905 3457 1956 tamen

173 1982 433 2049 quadam
460 1982 524 2036 de
550 1986 737 2036 sancto
764 1983 1028 2047 Macario,
1061 1998 1185 2052 quae
1202 1987 1288 2036 est
1302 1981 1372 2036 de
1400 1982 1653 2037 daemone
1681 1997 1779 2036 no-

172 2074 271 2124 ctu
301 2069 376 2125 ad
403 2070 610 2126 ostium
637 2071 851 2127 cellula;
884 2072 1008 2141 ejus
1037 2072 1315 2142 pulsante,
1361 2072 1521 2142 cujus
1550 2070 1776 2126 initium

170 2164 295 2216 est:
340 2160 747 2229 Conﬁrmatum
771 2166 847 2215 est
873 2162 1027 2215 nobis
1055 2163 1119 2215 de
1157 2178 1214 2216 eo
1239 2162 1308 2215 ab
1340 2162 1426 2215 his
1455 2164 1555 2229 qui
1581 2162 1644 2215 de
1682 2176 1774 2215 ore

169 2253 293 2319 ejus
307 2252 634 2317 audierunt,
658 2256 764 2306 etc.
793 2250 977 2305 Finis:
1013 2251 1080 2305 Et
1098 2252 1474 2306 accedentium
1504 2252 1577 2305 ad
1594 2253 1774 2305 altare

170 2342 256 2394 oet
284 2341 601 2408 indignitas
622 2356 769 2407 eum,
802 2345 883 2395 oet
911 2343 1113 2395 merita
1142 2357 1254 2395 non
1282 2343 1536 2397 laterent.

243 2428 496 2493 Quartus
522 2428 666 2485 liber
692 2430 773 2484 ita
789 2429 1089 2486 inchoatur
1110 2448 1122 2485 :
1140 2432 1343 2499 Incipit
1370 2434 1771 2499 argumentum

170 2521 236 2573 in
264 2520 481 2574 librum
509 2524 777 2589 quartum
804 2521 1056 2575 deverbis
1072 2526 1120 2575 et
1131 2522 1393 2589 exemptis
1405 2518 1502 2576 SS.
1535 2522 1773 2575 Patrum

173 2610 562 2675 erunitarum,
593 2613 754 2678 cuius
776 2612 1129 2679 principium
1154 2611 1409 2677 Pelagius
1436 2608 1494 2666 S.
1513 2609 1771 2665 R.E.dia-

175 2713 365 2764 conus,
397 2703 643 2753 extrema
669 2715 795 2753 vero
826 2701 1066 2755 Joannes
1104 2701 1473 2754 subdiaconus
1500 2701 1563 2753 de
1594 2699 1771 2755 Graeco

177 2790 471 2843 transtulit
493 2790 558 2842 in
571 2789 854 2854 Latinum,
877 2790 953 2843 ad
975 2791 1400 2844 instructionem
1428 2793 1551 2843 vita
1578 2804 1769 2843 mona-

174 2876 426 2932 chorum.
450 2877 744 2948 Sequitur:
770 2877 885 2948 [1.x]
916 2877 1052 2933 Cum
1072 2882 1254 2933 omnis
1270 2880 1525 2947 praefatio
1560 2882 1770 2931 textum

173 2971 478 3036 opportune
482 2970 951 3037 praveniens,etc.
960 2967 1078 3035 ,ubi
1093 2968 1300 3023 dicitur
1311 2967 1453 3022 liber
1460 2966 1550 3022 hic
1560 2969 1772 3021 divisus

173 3058 238 3110 in
264 3057 446 3111 decem
465 3060 517 3111 et
544 3072 734 3112 novem
758 3062 961 3127 partes.
990 3057 1183 3113 Prima
1207 3062 1398 3114 autem
1426 3074 1557 3130 pars
1582 3062 1671 3112 est
1699 3058 1771 3113 De

170 3146 420 3215 profectu
450 3147 726 3202 monachi.
744 3147 947 3219 Incipit
965 3167 982 3203 :
998 3150 1081 3204 Ad
1083 3150 1392 3217 profectum
1406 3149 1769 3204 conversatio-

1857 1977 1982 2033 duae
2009 1978 2281 2036 editiones
2309 1998 2432 2035 sum
2442 1982 2622 2037 maria
2646 1984 2895 2055 capitum
2923 1986 3177 2056 adjecere
3190 1994 3249 2043 et
3276 1989 3457 2044 inter-

1856 2083 2101 2135 seruere,
2133 2085 2255 2140 quae
2274 2069 2333 2125 in
2363 2070 2565 2126 harum
2585 2072 2758 2127 trium
2783 2074 2965 2145 prima
2976 2075 3227 2131 omnium
3241 2077 3461 2134 deside-

1852 2161 2073 2214 rantur.

2264 2286 2860 2345 PROLEGOMENON
2904 2290 3051 2346 XIX.

1913 2413 1989 2466 De
2015 2412 2255 2465 secunda
2281 2414 2517 2468 editione
2545 2416 2746 2469 Latina
2764 2431 2883 2484 quae
2901 2431 2939 2469 a
2969 2418 3166 2485 prima
3189 2421 3400 2475 variat.

1926 2517 2059 2588 [LXI]
2091 2518 2350 2574 Secunda
2403 2520 2574 2574 editio
2613 2521 2821 2589 (nescio
2863 2538 2934 2577 an
2974 2522 3140 2594 plane
3184 2525 3450 2592 secunda,

1853 2611 2002 2661 certe
2022 2623 2090 2661 ea
2102 2624 2225 2679 quae
2237 2625 2272 2662 a
2286 2608 2468 2680 prima
2482 2609 2770 2679 variat)est
2784 2610 3447 2684 Norimbergensis,anno

1852 2694 2145 2768 1478,quae
2157 2698 2239 2753 ita
2256 2698 2312 2753 in
2335 2699 2446 2753 fine
2466 2698 2661 2755 habet:
2685 2720 2707 2752 ι
2732 2702 2895 2756 Anno
2918 2701 3124 2756 Christi
3145 2702 3455 2759 nativitatis

1852 2785 2211 2851 1478,Nonas
2248 2804 2372 2843 vero
2402 2789 2552 2851 Maii,
2590 2789 2661 2844 ob
2688 2788 2985 2845 beatorum
3013 2791 3244 2846 Patrum
3264 2792 3454 2863 profe-

1853 2878 2005 2929 ctum
2030 2875 2217 2931 Vitam
2259 2878 2625 2934 eremitarum
2652 2879 2997 2950 degentium,
3023 2886 3185 2950 gesta
3213 2897 3455 2951 quorum

1852 2963 2004 3019 haud
2024 2964 2307 3043 immerito
2327 2968 2656 3023 memoriter
2670 2974 2804 3023 sunt
2817 2962 3279 3036 commendanda,
3314 2987 3455 3042 opus

1856 3052 2032 3121 (Vitas
2054 3054 2284 3110 Patrum
2315 3057 2678 3128 appellatum)
2710 3057 2932 3128 insigne
2959 3074 2995 3112 a
3023 3058 3456 3130 quamplurimis

1853 3150 2176 3216 excerptum
2203 3144 2503 3212 codicibus,
2535 3163 2636 3218 per
2682 3163 2970 3203 sacrarum
3028 3148 3454 3219 Scripturarum

175 3235 263 3291 nis
280 3236 515 3304 quidam
532 3237 712 3304 frater
734 3239 1022 3306 peruenire
1057 3236 1536 3307 cupiens.Decima
1553 3240 1831 3306 nonaetc
1850 3233 1999 3289 viros
2036 3235 2343 3291 admodum
2389 3234 2758 3307 peritissimos
2814 3241 3093 3302 ornatum,
3135 3236 3196 3292 in
3248 3236 3454 3308 oppido

175 3323 380 3380 ultima
408 3340 541 3396 pars
576 3343 589 3379 :
646 3326 909 3395 Exempla
948 3330 1263 3382 monasticz
1316 3330 1763 3383 conversationis.

179 3412 399 3485 Incipit:
426 3415 544 3469 Duo
556 3416 788 3483 quidam
798 3417 986 3470 Patres
998 3422 1334 3484 rogaverunt
1350 3418 1541 3471 Deum.
1576 3414 1727 3475 Finit
1751 3432 1763 3469 :

177 3503 268 3558 Sic
285 3506 396 3558 erit
422 3507 473 3558 et
500 3504 724 3559 animas.
754 3503 1023 3560 Additur:
1040 3506 1267 3560 Finitur
1287 3507 1670 3574 liberquartus
1685 3507 1770 3560 Vi-

179 3598 259 3647 tas
285 3594 539 3648 Patrum.
560 3593 698 3649 Inde
713 3591 1081 3650 subnectitur:
1100 3596 1221 3651 Haec
1247 3600 1377 3650 sunt
1394 3597 1555 3650 verba
1572 3600 1769 3664 septem

179 3698 296 3751 qua
317 3685 471 3738 misit
490 3683 656 3737 abbas
674 3685 879 3752 Moyses
887 3686 1378 3750 abbatiPastori,in
1392 3686 1591 3754 quibus
1600 3687 1772 3739 conti-

177 3775 346 3825 netur
369 3776 751 3829 consummata
773 3775 955 3828 virtus
983 3778 1032 3828 et
1046 3775 1306 3843 perfectio
1334 3775 1609 3829 monachi.
1643 3774 1770 3829 Pri-

176 3875 334 3915 mum
359 3865 475 3916 est:
500 3862 642 3929 Quia
667 3862 815 3916 debet
840 3862 999 3917 homo
1024 3866 1187 3932 quasi
1208 3868 1595 3918 mortuusesse.
1630 3864 1769 3935 Sep-

176 3948 379 4004 timum
403 3955 521 4004 est:
552 3952 868 4019 Interrogat
913 3968 1041 4007 eum
1095 3955 1302 4007 iterum
1321 3953 1519 4021 frater,
1545 3954 1767 4008 dicens:

176 4039 306 4093 Ecce
331 4038 489 4093 homo
530 4040 687 4095 cadit
712 4056 933 4095 servum
958 4057 1145 4096 suum.
1179 4040 1363 4096 Finit:
1395 4043 1602 4097 Modico
1633 4047 1769 4097 tem-

178 4142 305 4197 pore
331 4134 407 4182 est
429 4129 603 4196 labor,
634 4134 682 4184 et
704 4132 768 4184 in
798 4133 1195 4200 sempiternum
1216 4136 1292 4186 est
1321 4134 1554 4202 requies.

248 4216 488 4282 Quintus
515 4215 658 4273 liber
668 4218 968 4274 inchoatur
984 4238 996 4273 :
1016 4222 1219 4290 Incipit
1232 4225 1490 4291 prologus
1518 4224 1583 4276 in
1599 4224 1769 4291 quin-

188 4310 306 4360 tum
336 4308 548 4362 librum
588 4309 730 4363 Vitas
748 4310 1240 4365 PatrumJnitium
1269 4311 1485 4383 prologi
1498 4315 1607 4366 est:
1633 4312 1770 4366 Licet

186 4396 255 4448 ab
282 4397 500 4450 exordio
528 4400 946 4466 conscriptionis
973 4403 1189 4454 nostra.
1210 4398 1424 4454 Deinde
1452 4418 1463 4452 :
1485 4400 1690 4468 Incipit
1710 4402 1778 4454 li-

188 4484 280 4537 ber
292 4486 520 4554 quintus
533 4486 595 4540 de
608 4501 705 4540 con
712 4489 1012 4541 versatione
1023 4492 1071 4541 et
1092 4490 1444 4543 institutione
1453 4494 1777 4543 sanctorum

1849 3323 2268 3395 Nornbergensi
2282 3325 2699 3397 perAntouium
2722 3324 3010 3398 Coburger
3028 3325 3219 3397 oppidi
3235 3325 3453 3397 praefati

1850 3414 2109 3481 incolam,
2144 3431 2317 3486 quam
2353 3420 2573 3486 compte
2601 3414 2960 3486 impressum,
2994 3415 3119 3470 finit
3145 3414 3401 3470 feliciter.
3427 3435 3451 3467 ι

1920 3504 2089 3559 Nulla
2118 3520 2341 3576 quoque
2383 3504 2514 3559 huic
2568 3503 2801 3559 editioni
2829 3504 3141 3575 prteﬁgitur
3159 3504 3451 3575 inscriptio

1852 3610 1951 3649 seu
1978 3594 2200 3660 titulus,
2233 3594 2330 3649 sed
2360 3593 2583 3649 initium
2612 3594 2859 3649 sumitur
2884 3611 2921 3648 a
2950 3593 3296 3665 praefatione,
3342 3610 3455 3664 qua

1853 3681 2073 3754 ille,qui
2089 3683 2306 3755 primus
2319 3683 2574 3739 ordinem
2608 3682 2802 3755 primae
2838 3682 3449 3749 editionisimmutavit,

1834 3769 1984 3851 ‘facti
2008 3770 2095 3827 sui
2112 3771 2390 3827 rationem
2419 3772 2621 3827 reddit.
2654 3773 2751 3827 Ait
2775 3772 2983 3843 igitur:

1927 3878 1953 3912 ς(
1983 3861 2067 3916 Ne
2104 3861 2394 3916 occasione
2413 3861 2546 3933 styli
2565 3862 2624 3916 in
2660 3862 2765 3916 hoc
2794 3878 2962 3933 opere
2991 3860 3454 3933 observati,quis-

1852 3966 2024 4021 quam
2054 3951 2366 4021 legentium
2386 3956 2487 4005 aut
2506 3949 2855 4005 audientium
2870 3950 3263 4005 olfendiculum
3276 3949 3455 4022 patia-

1851 4044 1965 4107 tur,
2006 4039 2141 4112 quia
2168 4056 2279 4094 non
2306 4057 2406 4112 per
2433 4039 2624 4095 omnia
2672 4038 2941 4111 procedit,
2972 4038 3058 4093 uti
3088 4046 3256 4094 antea
3285 4039 3456 4110 hujus

1851 4129 2101 4184 materiae
2132 4129 2473 4201 exemplaria
2495 4129 2795 4201 perspexit,
2830 4128 2993 4183 facile
3022 4128 3243 4183 veniam
3272 4128 3448 4195 dabit,

1851 4223 2149 4290 postquam
2164 4219 2469 4274 multorum
2482 4218 2862 4274 diversitatem
2879 4217 3166 4273 confusam
3178 4217 3453 4273 intuetur.

1933 4309 2062 4363 «Ea
2106 4315 2336 4380 propter
2384 4309 2630 4380 idipsum
2652 4308 2707 4363 in
2742 4313 2985 4380 quatuor
3012 4313 3201 4379 partes
3248 4306 3456 4361 divisas

1858 4396 2292 4468 diﬂ‘erentesque
2329 4395 2577 4462 distinxi,
2609 4396 2669 4450 in
2697 4397 2858 4467 cujus
2914 4395 3097 4467 prima
3151 4394 3349 4465 collegi
3395 4394 3455 4447 in

1857 4502 2036 4541 unum
2084 4486 2420 4543 historialia.
2459 4486 2524 4541 In
2548 4491 2706 4557 parte
2734 4484 2981 4540 secunda
3009 4483 3226 4538 libellos
3268 4488 3326 4537 et
3361 4482 3460 4537 do-

183 4573 671 4629 Patrum.lnitium
692 4580 879 4631 textus
906 4580 1019 4631 est:
1054 4578 1338 4646 Repticans
1355 4594 1516 4633 senex
1543 4579 1839 4667 quidamD
1857 4575 2131 4631 ctrinalia.
2164 4576 2230 4632 In
2258 4580 2417 4647 parte
2446 4574 2612 4629 tertia
2641 4574 2710 4629 de
2738 4573 2984 4667 regulari
3009 4571 3457 4667 observantiam

184 4661 623 4734 beneﬁciaperhu
630 4667 957 4720 manitatem
972 4666 1180 4721 Christi
1192 4669 1345 4721 nobis
1355 4668 1774 4724 eahibita.Finis

181 4756 366 4807 textus
393 4757 479 4808 est
515 4771 527 4806 τ
577 4754 648 4809 At
676 4756 769 4809 ille
787 4757 1034 4823 cognovit
1061 4758 1197 4825 quia
1211 4759 1373 4825 justa
1399 4761 1531 4811 sunt
1549 4760 1774 4826 judicia

182 4841 293 4895 Dei.
316 4841 453 4897 Inde
480 4840 874 4914 subjungitur:
914 4845 988 4898 De
1009 4849 1196 4899 sancto
1222 4846 1468 4901 Martino
1509 4848 1772 4902 monacho

179 4930 519 5003 incipiendo:
552 4932 690 4987 Erat
719 4933 950 5001 quidam
968 4934 1452 4990 sacularisFinit:
1495 4937 1772 5007 Ubiusque

181 5020 333 5075 modo
354 5020 603 5077 Christus
612 5023 959 5077 orationibus
969 5028 1169 5079 saneta
1181 5024 1422 5094 Virginis
1436 5028 1614 5081 multa
1632 5025 1772 5095 facit

180 5111 565 5177 mirabilia,ad
579 5111 798 5166 laudem
818 5115 866 5166 et
884 5114 1127 5181 gloriam
1146 5116 1391 5169 nominis
1410 5117 1626 5184 sui,qui
1641 5131 1769 5171 cum

180 5199 336 5253 Patre
363 5202 413 5253 et
432 5198 653 5268 Spiritu
663 5204 850 5255 sancto
866 5206 1060 5269 regnat
1082 5202 1224 5257 Deus
1239 5218 1340 5273 per
1354 5206 1548 5259 omnia
1568 5206 1766 5260 saecula

183 5289 522 5343 seculorum.
545 5289 740 5344 Amen.

249 5377 432 5450 Atque
462 5382 527 5434 ut
568 5376 779 5451 aliquid
818 5376 887 5433 de
910 5383 1165 5451 tempore
1192 5380 1363 5453 hujus
1391 5381 1652 5438 editionis
1682 5381 1770 5437 in-

188 5466 472 5539 vestigem,
501 5468 608 5523 hoc
643 5473 795 5523 certo
814 5467 1098 5525 afﬁrmem
1117 5486 1279 5543 posse
1308 5471 1517 5539 videor,
1560 5471 1773 5527 editum

190 5554 330 5611 hunc
356 5555 565 5612 librum
590 5557 790 5612 saltem
819 5563 951 5614 ante
970 5574 1183 5615 annum
1199 5560 1260 5615 Ἠ
1294 5567 1422 5633 post
1446 5558 1608 5620 1400.
1628 5562 1772 5617 Nam

190 5644 483 5720 Dionysius
513 5647 940 5718 Carthasianus,
971 5648 1041 5704 de
1071 5655 1315 5722 quatuor
1331 5650 1649 5708 novissimis
1679 5667 1773 5706 ar-

190 5733 277 5791 tic.
294 5734 381 5794 52.
405 5735 908 5795 narrathistoriam
935 5735 1165 5797 Macarii
1192 5738 1262 5796 de
1301 5737 1490 5797 cranio
1518 5739 1775 5797 sacerdo-

1858 4665 2012 4720 ﬁnali
2042 4670 2202 4737 parte
2231 4664 2300 4720 de
2338 4664 2503 4719 laude
2534 4669 2591 4718 et
2615 4663 2885 4718 virtutum
2906 4660 3170 4715 efﬁcacia.
3205 4661 3291 4716 lta
3317 4676 3455 4715 sane

1854 4760 1919 4810 ut
1947 4770 2077 4826 pars
2131 4754 2316 4826 prima
2341 4770 2442 4825 per
2469 4751 2749 4818 historias,
2798 4749 3045 4805 secunda
3089 4766 3190 4821 per
3235 4748 3455 4804 libellos

1854 4850 1912 4899 et
1938 4843 1984 4917 §,
2016 4860 2149 4916 pars
2186 4842 2354 4898 tertia
2386 4858 2488 4914 per
2506 4840 2776 4908 rubricas,
2804 4845 2862 4895 et
2892 4842 3095 4911 quarta
3123 4855 3223 4910 per
3268 4836 3453 4894 rubri-

1852 4949 2045 4988 carum
2078 4930 2323 5004 capitula
2351 4928 2754 5000 distinguatur.

1926 5039 1952 5076 ι
1984 5022 2055 5077 Et
2092 5027 2159 5078 ut
2194 5020 2398 5076 clarior
2419 5019 2621 5075 notitia
2650 5018 2854 5075 tabulae
2883 5035 3053 5091 super
3082 5035 3147 5074 eo
3177 5016 3456 5073 habeatur

1850 5111 2098 5183 primum
2112 5126 2413 5166 numerum
2432 5108 2578 5165 foliis
2603 5107 3024 5176 connumeravi,
3049 5108 3299 5179 adjectus
3322 5123 3452 5162 vero

1859 5207 2102 5273 quatuor
2127 5199 2521 5256 tantummodo
2557 5198 3045 5271 litteras,quatuor
3064 5195 3339 5252 columnis
3370 5195 3456 5251 fo-

1852 5288 2056 5346 liorum
2097 5288 2360 5361 deputavi
2397 5307 2409 5344 :
2456 5288 2538 5344 ita
2573 5294 2638 5343 ut
2669 5288 2718 5342 si
2746 5287 2962 5342 versale
2998 5286 3188 5352 fuerit,
3217 5284 3452 5339 remissa

1854 5385 2068 5453 quaerat
2101 5379 2161 5434 in
2184 5378 2369 5451 prima
2404 5377 2705 5434 medietate
2730 5376 3034 5443 columnae;
3076 5375 3125 5429 si
3149 5389 3278 5428 vero
3306 5372 3455 5428 com-

1854 5471 2041 5526 munis
2072 5469 2323 5525 minorve
2343 5469 2530 5523 littera
2556 5466 2744 5533 fuerit,
2785 5465 2844 5520 in
2873 5465 3051 5519 altera
3074 5462 3395 5518 medietate.

1930 5581 1952 5612 ι
1990 5561 2120 5615 Haec
2154 5558 2384 5615 exordio
2427 5556 2719 5631 praesentis
2758 5553 2961 5625 operis,
3012 5552 3084 5607 ad
3126 5552 3453 5623 generalem

1856 5650 1980 5722 ejus
1999 5648 2261 5706 notitiam
2291 5646 2497 5703 sufﬁcit
2524 5643 2879 5717 praemisisse,
2912 5640 2984 5696 ad
3013 5642 3179 5712 cujus
3207 5642 3454 5713 comple-

1855 5742 2111 5796 mentum
2121 5750 2214 5795 me
2237 5739 2568 5811 promoveat
2583 5733 2683 5789 illa
2702 5747 2827 5805 qua
2845 5728 3096 5790 omnium
3117 5734 3202 5787 est
3230 5729 3452 5799 artifex,
