3958 6458
428 387 494 442 67

1323 392 1400 448 IN
1436 391 1648 449 VITAS
1684 392 1982 451 PATRUM
2014 395 2561 454 PROLEGOMENA
2595 391 2793 449 XXVI.

3615 388 3699 446 68

418 511 697 584 sapientia
748 511 1014 580 increata,
1051 512 1112 568 in
1140 515 1410 574 saeculum
1454 519 1642 575 seaculi
1697 517 2006 578 benedicta.
2026 524 2080 584 Α
2103 523 2218 578 Vita
2236 521 2294 579 S.
2327 524 2494 578 Pauli
2520 519 2820 590 Simplicis.
2911 516 3026 570 Vita
3056 515 3116 570 Β.
3161 515 3394 572 Abrahae
3421 518 3690 572 eremitz.

420 602 618 656 Amen.
659 621 682 652 ι

489 710 622 774 Quae
672 708 763 762 hic
797 709 1135 779 praefationis
1184 717 1380 768 auctor
1405 714 1474 769 de
1502 714 1694 770 tabula
1721 733 1824 772 sua
1851 717 2005 783 dicit,

415 797 652 869 intelligi
681 813 794 852 non
815 804 1068 868 possunt,
1107 800 1216 855 nisi
1237 801 1360 868 ipsa
1388 803 1559 858 editio
1579 804 1926 876 inspiciatur.
1959 807 2010 861 A

419 905 530 960 qua
557 885 749 941 tabula
785 886 944 942 video
976 903 1170 942 omnes
1196 891 1535 960 posteriores
1565 893 1859 962 editiones,
1885 911 2008 966 quae

415 982 604 1032 tamen
634 975 894 1030 eumdem
921 975 1049 1029 libri
1067 977 1322 1033 ordinem
1342 979 1571 1048 habent,
1602 982 1839 1037 variare.

487 1066 605 1120 Hoc
622 1063 796 1135 igitur
821 1070 1008 1119 servat
1026 1065 1115 1119 hic
1133 1066 1318 1121 editor
1342 1068 1401 1122 in
1439 1069 1631 1124 tabula
1655 1087 1757 1126 sua
1780 1090 1792 1124 :

486 1152 676 1208 Primo
697 1159 825 1224 post
849 1169 986 1219 rem,
1009 1171 1131 1226 qua;
1146 1155 1343 1211 ordine
1363 1157 1712 1228 alphabetico
1733 1160 1793 1215 in
1820 1159 2012 1216 tabula

413 1241 766 1314 exprimitur,
801 1241 1058 1313 designat
1105 1243 1307 1300 litteris
1345 1247 1728 1304 numeralibus
1756 1249 1874 1304 folii
1902 1266 2010 1305 nu-

416 1347 657 1387 merum.

489 1438 744 1494 Secundo
790 1438 973 1494 utitur
1021 1443 1263 1510 quatuor
1309 1441 1513 1497 litteris
1557 1445 1882 1515 majoribus,
1911 1462 2010 1502 seu

417 1526 749 1599 capitalibus
783 1529 951 1599 (quas
987 1527 1046 1582 in
1083 1529 1406 1599 praefatione
1444 1534 1656 1588 versale
1697 1541 1874 1601 vocat,
1936 1551 2010 1590 an

417 1617 566 1688 quod
595 1616 818 1670 initium
862 1633 1052 1671 versus
1093 1617 1164 1671 iis
1205 1619 1383 1674 soleat
1409 1620 1638 1691 scribi?)
1663 1623 1730 1690 Α,
1763 1623 1826 1689 Β,
1847 1623 1908 1689 C,
1937 1624 2003 1691 D,

419 1705 574 1778 [Lm]
591 1711 649 1759 et
667 1710 910 1776 quatuor
927 1705 1238 1761 minoribus
1274 1723 1328 1767 a.
1361 1707 1415 1775 b,
1443 1725 1492 1775 c,
1516 1709 1570 1764 d.
1597 1711 1712 1765 Has
1730 1717 1856 1784 post
1891 1711 2010 1778 folii

2903 607 3018 660 Vita
3043 606 3103 660 Β.
3146 606 3429 660 Pachumii
3445 607 3687 660 abbatis.

2891 696 2962 749 De
3020 694 3334 749 Christiano
3390 694 3688 748 monacho.

2901 785 3017 838 Vita
3053 781 3111 837 S.
3166 783 3401 838 Joannis
3439 783 3692 838 Eleemo-

2225 880 2438 946 pliacz.
2939 873 3180 940 synarii.

2100 967 2217 1021 Vita
2233 965 2290 1022 S.
2307 967 2542 1020 Marine:
2557 965 2814 1032 virginis.
2903 963 3020 1015 Vita
3045 960 3104 1017 S.
3137 961 3394 1029 Eugeniae
3420 963 3687 1029 virginis.

2103 1056 2218 1110 Vita
2241 1054 2298 1110 S.
2323 1054 2710 1124 Euphrosynen
2909 1051 3024 1104 Vita
3075 1049 3132 1106 S.
3185 1050 3383 1104 Basilii
3432 1052 3689 1118 episcopi.

2103 1141 2576 1198 VitaS.Frontinii
2586 1142 2817 1196 abbatis.
2905 1140 3022 1194 Vita
3073 1137 3130 1194 S.
3187 1139 3372 1193 Patris
3407 1138 3686 1208 Ephrem.

2102 1233 2219 1288 Vita
2245 1231 2302 1288 S.
2333 1231 2605 1288 Simeonis
2628 1232 2886 1295 eremita,
2919 1231 3018 1298 qui
3037 1230 3102 1282 in
3131 1230 3392 1282 columna
3421 1230 3591 1282 stetit.

2102 613 2219 666 Vita
2240 611 2300 668 S.
2332 613 2535 666 Paulae.

2100 701 2217 755 Vita
2245 699 2302 756 S.
2332 701 2578 768 Pelagia.

2102 791 2218 844 Vita
2244 791 2304 844 Β.
2381 789 2574 844 Maria!
2654 787 2818 853 Egy-

2161 1348 2347 1418 Atque
2375 1345 2457 1401 ita
2474 1346 2604 1400 ﬁnis
2631 1343 2942 1416 imponitur
2960 1342 3156 1414 prima:
3181 1341 3350 1414 parti.

2164 1461 2274 1530 [LXI
2283 1461 2338 1531 η]
2355 1460 2612 1515 Secunda
2633 1474 2765 1531 pars
2780 1457 2979 1529 incipit
2991 1473 3026 1510 a
3035 1457 3278 1528 registro
3289 1455 3520 1512 secundi
3547 1454 3688 1510 libri

2091 1555 2410 1604 sanctorum
2449 1550 2703 1614 Patrum,
2734 1546 2884 1619 quod
2912 1545 3038 1600 aliis
3063 1545 3325 1600 omnibus
3344 1543 3690 1600 editionibus

2090 1638 2195 1692 hoc
2225 1638 2449 1709 quidem
2479 1638 2600 1692 loco
2639 1637 2816 1701 deest,
2853 1639 3084 1706 excepta
3115 1633 3333 1688 Veneta
3358 1633 3492 1688 anni
3516 1629 3681 1690 1508.

2090 1727 2155 1781 In
2183 1727 2544 1797 Lugdunensi
2585 1725 2718 1782 1536
2775 1725 3004 1796 ponitur
3039 1723 3343 1794 registrum
3387 1723 3492 1777 hoc
3520 1721 3686 1776 initio

417 1809 717 1848 numerum
745 1793 805 1846 in
825 1793 1018 1848 tabula
1064 1793 1248 1864 afﬁgit
1275 1811 1375 1866 pro
1401 1795 1615 1852 ratione
1644 1805 1887 1869 quatuor
1911 1816 2000 1854 co-

2092 1793 2432 1871 totius‘libri
2477 1821 2606 1888 post
2633 1793 2874 1868 indicem
2925 1793 3288 1884 generalem;
3326 1811 3385 1866 in
3415 1811 3688 1883 Complu-

415 1881 758 1972 lnmnarum,
787 1881 990 1972 quibus
1009 1883 1267 1954 quodque
1295 1883 1491 1940 folium
1519 1891 1756 1944 constat.
1794 1889 1864 1944 Et
1890 1889 2000 1960 qui-

2091 1905 2238 1959 tensi
2265 1921 2414 1960 anno
2449 1881 2602 1970 1—596,
2635 1903 2694 1957 in
2736 1903 2848 1958 fine
2893 1881 3066 1957 tdtius
3111 1901 3240 1955 libri
3270 1906 3396 1972 post
3441 1881 3687 1954 indicem

414 1969 543 2024 dem
580 1970 753 2041 priori
797 1970 1086 2024 medietati
1133 1972 1404 2044 cujusque
1447 1974 1722 2031 columnae
1763 1977 2012 2032 serviunt

415 2059 666 2129 majores
709 2058 928 2126 litterae,
975 2058 1056 2113 ita
1101 2064 1166 2114 ut
1187 2061 1238 2114 Α
1265 2061 1471 2116 serviat
1501 2063 1674 2133 priori
1719 2065 2011 2122 medietati

414 2147 612 2218 prima:
646 2147 938 2212 columnae,
989 2147 1034 2201 B
1065 2149 1341 2213 secundae,
1388 2150 1430 2204 C
1461 2151 1660 2212 tertiae.
1701 2153 1748 2208 D
1773 2159 2007 2225 quartae.

413 2235 720 2290 Posteriori
749 2240 939 2290 autem
965 2235 1254 2291 medietati
1283 2239 1556 2310 cujusque
1581 2239 1853 2297 columnae
1890 2260 2009 2298 ser-

414 2323 829 2378 viuntminores
842 2323 1044 2378 litterae
1073 2341 1125 2392 a,
1156 2324 1212 2393 b,
1245 2341 1290 2393 c,
1328 2326 1383 2393 d,
1414 2328 1538 2398 pari
1557 2333 1770 2398 tenore,
1804 2337 1870 2386 ut
1886 2332 2008 2403 jam

413 2411 625 2468 dictum
664 2417 751 2467 est
777 2411 848 2466 de
875 2413 1203 2484 majoribus.

480 2519 612 2574 Haec
663 2518 901 2574 dicenda
943 2518 1189 2586 fuerunt,
1232 2526 1356 2576 tum
1407 2537 1480 2576 ne
1517 2523 1644 2595 quis
1682 2531 2010 2582 causaretur

413 2607 601 2662 minus
629 2624 722 2662 me
732 2612 991 2662 accurate
1003 2608 1245 2679 primam
1259 2609 1629 2664 variationem
1645 2613 2003 2683 expressisse;

413 2701 533 2751 tum
567 2696 700 2768 quia
737 2696 1080 2768 posteriores
1122 2697 1290 2767 hujus
1321 2699 1546 2768 generis
1592 2699 1884 2768 editiones,
1921 2703 2008 2757 vel

412 2784 798 2856 pretationem
831 2785 976 2840 hanc
1008 2785 1368 2852 omittunt,ut
1383 2786 1656 2843 editiones
1673 2789 1872 2845 incerti
1899 2791 2006 2847 loci

413 2890 563 2930 anno
583 2873 715 2930 I483
731 2879 788 2928 et
814 2871 978 2952 i485,
1011 2890 1132 2945 quae
1150 2875 1210 2929 in
1234 2874 1430 2930 tabula
1455 2893 1568 2932 non
1597 2884 1836 2934 utuntur
1873 2896 2007 2952 qua-

412 2968 545 3017 tuor
561 2961 672 3016 illis
697 2950 1026 3034 majiisculis
1060 2969 1118 3018 et
1163 2963 1490 3020 minusculis
1513 2965 1735 3034 litteris,
1760 2968 1858 3023 sed
1877 2950 2007 3041 post

411 3049 672 3106 foliorum
697 3067 996 3106 numerum
1023 3051 1198 3108 totius
1225 3052 1509 3125 alphabeti
1536 3054 1756 3111 litteras
1766 3057 2004 3129 atﬁgunt

2089 1993 2438 2064 generalem.
2490 1992 2626 2048 Inde
2675 1991 2932 2062 sequitur
2984 1991 3300 2060 Prologus:
3371 1991 3493 2043 Vere
3512 2005 3690 2043 mun-

2092 2083 2228 2136 dum
2284 2083 2408 2151 quis
2443 2082 2670 2144 dubitet,
2703 2086 2808 2136 etc.
2868 2080 3029 2135 Mox:
3083 2080 3370 2148 Incipiunt
3418 2077 3690 2132 adhorta-

2093 2174 2263 2225 tiones
2292 2175 2612 2224 sanctorum
2665 2171 2922 2232 Patrum.
2979 2169 3444 2238 profectionesque
3493 2181 3690 2220 mona-

2091 2259 2340 2325 chorum,
2372 2260 2551 2314 ca’teri
2603 2274 2810 2327 quoque
2862 2258 3238 2326 subsequentes
3298 2257 3474 2310 libelli
3501 2273 3519 2321 ;
3549 2271 3689 2324 quos

2091 2349 2154 2402 de
2175 2349 2350 2404 Graeco
2383 2350 2447 2401 in
2473 2349 2734 2402 Latinum
2761 2347 3290 2400 transtulitsanctus
3308 2345 3688 2410 Hieronymus

2091 2438 2250 2491 cardi
2253 2439 2400 2491 nalis
2410 2436 2713 2506 presbyter.
2751 2433 2928 2489 Editio
2948 2431 3339 2504 Lugdunensis
3360 2430 3529 2486 habet
3555 2446 3691 2500 pro-

2088 2527 2345 2594 fessiones
2364 2523 2484 2580 loco
2507 2525 2885 2594 profectiones.
2927 2523 3064 2578 Inde
3092 2521 3346 2592 sequitur
3368 2519 3634 2592 §primus
3671 2538 3685 2574 :

2090 2609 3690 2682 QuidamsanctorumPatrumseniorum,interrogantibus

2087 2718 2139 2756 se
2160 2703 2443 2756 monachis
2471 2703 2534 2754 de
2561 2716 2728 2755 causa
2756 2702 3232 2760 abstinentiae,etc.
3261 2696 3693 2768 Etsubsequun-

2087 2796 2185 2845 tur
2201 2806 2380 2862 usque
2407 2789 2478 2844 ad
2516 2789 2784 2844 ducentos
2812 2793 2870 2842 et
2918 2793 3134 2859 septem
3153 2785 3513 2859 paragraphi.
3547 2785 3690 2840 Inde

2085 2878 2460 2950 subjiciuntur
2508 2877 2648 2933 varii
2693 2876 2886 2942 libelli,
2939 2891 3194 2931 numero-
3231 2874 3451 2945 viginti,
3482 2874 3579 2945 qui
3624 2874 3689 2928 in

2085 2967 2269 3040 prima
2295 2967 2540 3023 editione
2591 2971 2862 3021 vocantur
2904 2980 3103 3020 novem
3132 2963 3314 3018 decim
3344 2967 3552 3034 partes,
3585 2961 3687 3017 ubi

2086 3057 2246 3112 deest
2263 3071 2428 3122 unus,
2463 3055 2560 3126 qui
2591 3054 2682 3109 hic
2709 3053 2958 3109 decimus
2987 3057 3175 3108 sextus
3199 3057 3286 3107 est
3318 3053 3393 3106 De
3407 3055 3686 3121 peniten-

411 3154 551 3211 quas
573 3145 632 3194 et
673 3139 732 3194 in
765 3145 920 3196 textu
949 3140 1286 3212 exprimunt;
1321 3142 1408 3197 vel
1438 3143 1822 3215 praefationem
1850 3153 2002 3202 certe
2021 3191 2064 3217 η
2085 3149 2185 3210 tia;
2207 3145 2306 3200 sed
2325 3145 2507 3217 prima
2530 3143 2700 3198 editio
2729 3160 2859 3198 eum
2880 3142 3119 3197 mixtum
3138 3140 3308 3196 habet
3331 3156 3461 3195 cum
3489 3139 3684 3194 libello

405 3227 718 3295 decurtant,
753 3234 819 3283 ut
865 3229 1034 3284 editio
1063 3229 1279 3286 Veneta
1299 3231 1434 3286 anni
1485 3230 1620 3290 1508
1669 3240 1725 3290 et
1777 3235 2001 3307 Lugdu-
2021 3227 2338 3306 useptimo,
2379 3233 2475 3305 qui
2515 3239 2603 3288 est
2643 3234 2717 3288 De
2758 3234 3052 3302 patientia,
3096 3235 3162 3285 ut
3205 3235 3264 3284 et
3289 3229 3382 3284 hic
3430 3228 3684 3284 decimus

407 3316 740 3373 nensisanni
758 3316 910 3374 1536:
929 3335 1054 3390 quae
1080 3318 1250 3374 verba
1265 3319 1380 3386 illa,
1414 3320 1662 3392 adjectas
1687 3339 1837 3390 vero,
1866 3330 1994 3393 etc.,

406 3420 583 3476 usque
620 3405 710 3472 ad,
742 3406 863 3460 haec
892 3407 1139 3474 exordio,
1167 3413 1295 3471 etc.,
1320 3409 1606 3478 omittunt,
1637 3410 2000 3484 tabulamque

407 3509 570 3548 suam
599 3494 852 3564 dirigunt
878 3512 978 3566 per
1003 3495 1137 3550 folia
1162 3502 1404 3565 tantum,
1445 3498 1566 3553 sine
1605 3499 1738 3554 ullis
1790 3501 1999 3556 additis

405 3580 628 3649 litteris,
659 3583 805 3654 quod
836 3589 1030 3654 postea
1058 3591 1354 3640 servarunt
1379 3591 1594 3642 caetera;
1616 3587 1909 3644 editiones.

477 3689 710 3743 Constat
764 3695 953 3744 autem
988 3690 1106 3746 haec
1136 3691 1325 3760 editio,
1360 3697 1426 3748 ut
1447 3693 1569 3764 jam
1599 3693 1833 3763 dictum,
1863 3713 1998 3768 qua-

405 3782 537 3832 tuor
553 3777 826 3849 partibus.

473 3883 664 3939 Prima
697 3883 1275 3956 parshabetinitium:
1309 3889 1513 3958 Incipit
1537 3893 1796 3958 prologus
1821 3894 2005 3947 sancti

402 3973 748 4040 Hieronymi,
795 3974 1115 4030 Cardinalis
1137 3977 1464 4044 presbyteri,
1513 3979 1578 4031 in
1634 3969 1803 4033 libros
1855 3980 1998 4034 Vitas

401 4063 638 4115 Patrum
657 4067 979 4116 sanctorum
1007 4065 1409 4132 zEgyptiorum,
1425 4067 1592 4119 etiam
1614 4081 1805 4120 eorum
1821 4070 1922 4136 qui
1934 4071 1996 4124 in

401 4149 646 4217 Scythia,
685 4149 974 4217 Thebaida,
997 4155 1159 4218 atque
1186 4152 1573 4220 Mesopotamia
1603 4156 1812 4208 morati
1839 4159 1992 4221 sunt;

2081 3327 2272 3378 sextus
2293 3322 2353 3377 in
2379 3322 2682 3378 Parisiensi
2704 3321 2949 3376 editione
2976 3318 3462 3375 inscribitur.Post
3477 3316 3676 3372 subdi-

2080 3415 2214 3466 tur:
2271 3412 2558 3480 Incipiunt
2601 3416 2801 3480 septem
2852 3411 3118 3478 capitula,
3178 3424 3298 3477 qua
3326 3409 3481 3462 misit
3514 3406 3685 3461 abbas

2081 3501 2283 3568 Moyses
2296 3501 2484 3554 abbati
2503 3501 2770 3566 Pimenio,
2793 3504 2842 3552 et
2865 3501 2964 3568 qui
2975 3498 3293 3552 custodierit
3312 3511 3390 3555 ea.
3423 3496 3686 3550 liberabi-

2083 3594 2178 3643 tur
2223 3604 2258 3643 a
2289 3603 2468 3657 pana,
2502 3593 2631 3654 etc.,
2665 3595 2730 3641 ut
2763 3586 2824 3640 in
2852 3586 3036 3658 prima
3073 3585 3354 3652 editione;
3405 3583 3505 3638 sed
3549 3588 3686 3654 post

2081 3676 2382 3748 septimum
2405 3681 2719 3746 sequuntur
2736 3674 2827 3729 hic
2854 3674 3086 3745 triginta
3125 3674 3237 3729 duo
3255 3672 3539 3727 variorum
3567 3671 3682 3726 Pa-

2082 3770 2236 3820 trum
2291 3764 2462 3826 dicta.
2503 3764 2888 3834 ﬁniunturque
2926 3763 2986 3817 in
3033 3762 3138 3818 hoc
3173 3760 3524 3833 paragrapho
3576 3775 3682 3814 seu

2083 3869 2318 3909 numero
2343 3853 2440 3924 qui
2481 3852 2708 3924 incipit:
2741 3853 2880 3908 Erat
2923 3851 3155 3920 quidam
3179 3853 3244 3904 in
3287 3851 3518 3904 canobio
3549 3851 3681 3917 jam

2082 3959 2242 3999 senem
2278 3943 2702 4012 probatissimus
2740 3941 3058 3995 monachus.
3090 3937 3276 3994 Finit:
3305 3937 3412 4004 Qui
3437 3939 3679 4006 protegit

2077 4047 2261 4085 omnes
2288 4033 2352 4084 in
2381 4030 2696 4084 sinceritate
2724 4032 2773 4083 et
2811 4030 3037 4083 veritate
3067 4029 3177 4081 sibi
3202 4027 3516 4080 servientes.

2145 4135 2336 4191 Tertia
2362 4151 2494 4207 pars
2521 4135 2626 4190 hoc
2653 4133 2823 4190 habet
2845 4133 3214 4207 principium:
3260 4133 3462 4201 Incipit
3505 4134 3674 4185 tertia

403 4253 517 4291 non
541 4239 721 4290 solum
747 4253 882 4305 quas
911 4232 1082 4292 oculis
1111 4240 1270 4305 vidit,
1294 4241 1644 4309 maximoque
1667 4243 1849 4296 labore
1877 4258 2000 4298 con-

2089 4241 2211 4295 pars
2237 4225 2374 4280 libri
2414 4226 2556 4279 Vitas
2587 4227 2838 4291 Patrum,
2859 4225 3105 4278 videlicet
3128 4224 3193 4277 de
3219 4224 3414 4291 regula
3441 4223 3522 4274 vel
3543 4235 3675 4274 con-

401 4327 596 4394 spexit,
635 4335 830 4379 verum
849 4331 897 4379 et
921 4341 1090 4394 quam
1105 4329 1280 4395 plura
1307 4342 1342 4381 a
1354 4329 1456 4395 ﬁde
1471 4329 1658 4396 dignis
1678 4333 1857 4384 relata
1882 4347 2000 4386 con-

2089 4315 2380 4368 versatione
2417 4314 2802 4382 ﬂgyptiomm
2822 4311 3238 4377 monachorum,
3277 4315 3328 4364 et
3351 4325 3542 4364 eorum
3574 4310 3677 4376 qui

401 4415 624 4482 scripsit
653 4415 888 4468 notabili
923 4415 1238 4482 diligentia.
1266 4416 1510 4486 Denique
1547 4419 1794 4472 aliorum
1824 4422 1996 4474 etiam

2089 4403 2283 4470 degunt
2309 4403 2458 4470 apud
2485 4404 2840 4457 Palwstinam
2868 4403 2950 4456 vel
2976 4401 3440 4470 Mesopotamiam.
3482 4396 3673 4451 Prolo-

401 4502 848 4556 authenticorum
879 4505 1086 4558 libellos
1126 4505 1364 4572 ﬁdeliter
1389 4520 1415 4558 e
1444 4505 1623 4560 Graeco
1647 4508 1710 4560 in
1729 4507 1995 4562 Latinum

2089 4507 2183 4561 gus
2207 4507 2220 4544 :
2281 4491 2608 4559 Frequenter
2633 4506 2699 4544 ac
2717 4492 2912 4559 sapius
2935 4505 2972 4543 a
2999 4505 3102 4556 me,
3131 4489 3356 4557 fratres,
3376 4487 3664 4558 flagitatis.

2089 4577 2393 4600 H-_!L-_‘I__...
2415 4579 2652 4600 ....1..---..-
2676 4595 2687 4600 -
2730 4579 2748 4600 Δ
2764 4583 2849 4600 ut-
2865 4579 2889 4600 Ι.
2903 4594 2955 4600 --
2969 4579 3276 4600 Δ...⁶-.....⁵-.μ.
3309 4573 3664 4600 η---ιι.ι1....η

403 4593 696 4645 transtulit
731 4609 750 4656 ;
805 4595 854 4644 et
891 4592 960 4646 ab
1016 4593 1150 4646 aliis
1205 4595 1482 4648 translata
1521 4609 1626 4663 ρνρ
1678 4597 1773 4649 sui
1819 4573 2398 4664 per/‘9."Capitulum
2414 4579 2687 4650 primum:
2712 4573 3669 4633 Antehactriennium.Constathaec

401 4680 577 4732 ctione
604 4679 734 4733 huic
753 4682 905 4748 operi
934 4681 1192 4734 inseruit.
1210 4680 1649 4752 Indesequitur:
1679 4663 1996 4738 Benedictus
2078 4667 2494 4740 ΡατεὌῆΡίιυῙίδ
2549 4667 2637 4734 55s
2690 4682 2930 4739 quorum
2958 4665 3218 4720 ultimum
3249 4669 3336 4718 est
3367 4681 3379 4718 ε
3421 4663 3669 4731 Ulmum

399 4767 560 4832 Deus,
585 4771 692 4822 etc.
709 4767 872 4824 Mox:
896 4770 1151 4823 Primum
1171 4771 1633 4840 igiturtanquam
1652 4787 1774 4826 vere
1793 4773 1998 4840 funda-

401 4857 670 4917 mentum,
706 4859 819 4910 etc.
836 4893 850 4922 ,
881 4859 945 4909 ut
971 4871 1144 4928 supra
1169 4857 1230 4911 in
1259 4857 1444 4928 prima
1471 4857 1739 4928 editione,
1773 4859 1996 4915 eodem-

405 4957 514 5013 que
543 4941 709 4996 modo
733 4943 950 4997 linitur.

399 5117 438 5171 ὴ
473 5027 586 5171 ξςῗ
623 5027 741 5084 haec
784 5029 957 5086 editio
1000 5030 1062 5086 in
1109 5031 1295 5104 prima
1339 5038 1501 5106 parte
1559 5034 1678 5090 haec
1722 5041 1996 5108 praeterea

440 5132 476 5171 a
513 5132 543 5172 e
591 5134 604 5172 :

415 5205 530 5260 Vita
556 5203 614 5260 S.
645 5207 814 5261 Pauli
823 5207 1008 5276 primi
1016 5222 1128 5262 ere-
1209 5210 1326 5264 Vita
1353 5208 1411 5266 S.
1432 5210 1987 5284 Eufraxiavirginis.

473 5297 640 5350 mitz.

409 5383 525 5438 Vita
554 5383 612 5440 S.
636 5386 888 5440 Antonii.
1190 5387 1306 5442 Vita
1361 5391 1507 5443 servi
1566 5391 1682 5456 Dei,
1750 5392 1992 5447 Macarii

1247 5477 1498 5532 Romani.

1181 5564 1302 5618 Vita
1328 5565 1387 5622 S.
1419 5567 1745 5622 Posthumii.

1175 5651 1292 5706 Vita
1317 5649 1376 5708 S.
1410 5651 1691 5724 Onuphrii
1727 5655 1984 5712 eremitz.

406 5559 524 5614 Vita
537 5556 596 5614 ις.
619 5560 952 5618 Hilarionis.

405 5646 524 5702 Vita
550 5645 756 5705 Malehi
777 5650 998 5719 captivi.

2077 4761 2263 4812 autem
2295 4761 2526 4826 tempore
2566 4757 2798 4825 quidam
2850 4756 2958 4810 duo
3016 4753 3343 4823 philosophi,
3383 4751 3668 4806 audientes

2076 4847 2293 4914 famam
2321 4845 2462 4900 beati
2483 4846 2736 4912 Antonii,
2769 4848 2890 4903 etc.,

2146 4949 2359 5015 Quarta
2373 4966 2504 5022 pars
2531 4950 2637 5004 hoc
2654 4949 2821 5005 modo
2841 4949 3138 5004 inchoatur
3159 4965 3171 5001 :
3191 4948 3394 5016 Incipit
3409 4947 3671 5015 prologus

2075 5042 2256 5094 sancti
2264 5039 2568 5107 Paschasii,
2590 5039 2662 5093 ad
2676 5035 3669 5093 exhortationemsanctorumPatrum

2077 5133 2192 5182 tam
2217 5127 2530 5184 Grecorum
2558 5143 2728 5198 quam
2749 5123 3386 5196 .Egyptiorumjnitium
3403 5121 3621 5195 prologi
3651 5138 3664 5174 :

2071 5217 2306 5271 Domino
2329 5217 2634 5271 venerabili
2659 5216 2838 5283 Patri,
2876 5216 3120 5270 Martino
3145 5214 3478 5284 presbytero,
3501 5215 3550 5264 et
3576 5211 3671 5263 ab-

2075 5303 2349 5359 bati.Inde
2367 5303 2567 5358 titulus
2597 5302 2747 5358 initii
2776 5307 3004 5358 textus:
3030 5304 3234 5372 Incipit
3253 5301 3391 5356 liber
3419 5298 3670 5352 exhorta-

2072 5395 2288 5448 tionum
2299 5398 2362 5455 ,et
2372 5394 2554 5461 primo
2566 5397 2758 5446 contra
2768 5389 3332 5460 gastrimargiam,ad
3345 5387 3669 5442 evitandum

2069 5484 2212 5552 gula!
2238 5482 2593 5535 desiderium.
2647 5479 2858 5536 Textus
2884 5479 3138 5536 initium:
3175 5478 3412 5546 Quidam
3461 5477 3662 5543 frater,

2070 5569 2531 5639 quemadmodum
2555 5571 2620 5623 in
2647 5571 2783 5624 cella
2803 5573 3038 5640 propria
3057 5569 3244 5636 degere
3271 5566 3498 5620 deberet.
3523 5561 3666 5617 Con-

2069 5660 2185 5711 stat
2192 5659 2381 5712 autem
2394 5659 2515 5710 tota
2528 5655 2648 5712 haec
2662 5671 2795 5729 pars
2820 5654 3002 5713 titulis
3022 5665 3410 5726 uvaquorum
3430 5650 3665 5707 ultimus
