3958 6400
188 326 260 385 69
1449 334 2052 396 PROLEGOMENON
2087 340 2206 394 XX.
3393 343 3464 401 70

180 461 271 510 est
287 457 361 510 De
373 456 824 512 meditationibus
841 458 1478 517 anachoretarum.lnde
1491 463 1774 520 subnecti-
1793 465 1843 525 A
1861 480 2008 520 anno
2040 464 2178 523 1548
2207 465 2303 537 qui
2346 463 2523 537 priori
2558 464 2864 537 proximus,
2917 466 3017 521 hac
3059 465 3455 540 inscriptione:

179 548 278 599 tur
305 547 634 615 opusculum
663 548 736 601 De
758 549 920 602 laude
947 553 995 602 et
1024 552 1208 616 eﬂ‘ectu
1230 554 1526 608 virtutum.
1873 556 1992 609 Vitae
2041 561 2361 610 sanctorum
2409 554 2670 620 Patrum,
2713 558 2906 609 veteris
2963 557 3241 611 catholicae
3297 564 3461 626 atque

251 633 411 688 Hanc
457 634 780 702 editionem,
827 636 942 691 sive
986 637 1155 708 hujus
1199 639 1461 695 editionis
1495 642 1770 707 ordinem,
1857 647 2158 713 apostolicae
2186 646 2430 699 Ecclesia:
2450 645 2618 710 dicta,
2641 650 2893 713 gestaque
2914 647 3167 713 insignia
3197 653 3245 700 et
3271 647 3459 700 admi-

177 727 307 792 post
329 723 400 777 ad
429 723 661 779 verbum
690 741 863 796 prope
893 742 1219 798 expressere
1249 746 1445 784 omnes
1474 737 1775 801 sequentes
1856 733 2918 803 randaezcellentiumhxv]aliquolDei
2929 738 3238 788 amicorum
3251 738 3462 790 utrius.

180 818 343 883 (quas
371 828 545 884 supra
594 814 994 885 prolegomeno
1039 814 1109 871 17
1163 817 1414 889 exhibui)
1455 819 1773 874 Coloniensi
1856 837 1956 890 que
2000 839 2156 876 sexus
2187 814 2607 890 complectentes,
2673 827 2893 876 aucto-re
2945 825 3069 877 divo
3123 825 3460 891 Hieronymo

179 906 426 973 excepta,
461 902 530 956 de
549 919 663 973 qua
690 920 838 958 mox.

248 993 461 1069 [mum]
495 997 563 1051 Et
588 997 814 1068 quidem
845 1015 1040 1055 omnes
1065 1000 1340 1056 editiones
1369 1003 1772 1073 Lugdunenses

171 1085 481 1155 praeferunt
491 1087 785 1158 epistolam
798 1088 1198 1144 dedicatoriam
1221 1091 1364 1145 Celsi
1380 1092 1633 1162 Hugonis
1644 1094 1771 1148 Dis-

172 1173 368 1240 suti,in
381 1182 617 1246 utroque
638 1177 766 1246 jure
789 1177 1051 1244 doctoris,
1079 1178 1466 1234 Cabilonensis
1490 1183 1764 1248 canonici,

173 1278 283 1333 qua
295 1265 760 1320 reverendissimo
770 1267 828 1321 in
842 1267 1219 1322 ChristoPatri
1229 1279 1286 1324 et
1297 1270 1522 1324 domino
1534 1272 1580 1325 D
1589 1312 1599 1323 .
1608 1272 1704 1324 Joa
1712 1289 1771 1325 n-

169 1352 227 1406 ni
240 1353 311 1407 de
325 1355 443 1408 Pon
447 1361 575 1426 peto
585 1357 607 1426 j
618 1357 804 1411 urium
824 1357 1188 1412 celeberrimo
1199 1359 1433 1424 doctori,
1443 1359 1770 1416 Cabilonen-

167 1441 328 1514 sique
343 1443 624 1516 episc0po.
641 1462 706 1499 ac
724 1445 1021 1501 abbatialis
1039 1449 1368 1502 monasterii
1393 1449 1582 1502 Sancti
1614 1450 1766 1504 Petri

165 1547 340 1602 prope
361 1549 552 1588 muros
571 1533 967 1589 Cabilonenses
996 1538 1496 1600 commendatario,
1529 1538 1767 1592 admini-

165 1622 516 1692 stratorique
529 1630 798 1695 perpetuo
829 1640 1010 1694 operae
1039 1641 1152 1679 suae
1176 1626 1420 1696 pretium
1452 1629 1679 1698 exponit
1706 1628 1764 1681 in

163 1709 448 1766 volumine
479 1712 581 1766 hoc
609 1713 901 1768 edolando:
943 1734 964 1765 ι
991 1715 1206 1782 Tantis,
1231 1715 1435 1786 inquit,
1458 1723 1581 1770 erat
1600 1734 1760 1772 men-

1850 914 2079 979 partim,
2105 915 2424 980 partimque
2446 914 2578 965 aliis
2592 917 2754 980 atque
2775 914 2907 965 aliis
2926 929 3056 981 quos
3072 929 3225 967 versa
3237 917 3458 982 pagella

1854 1016 2004 1054 nosse
2029 1003 2250 1069 poteris.
2281 1000 2510 1068 Accepta
2539 1005 2588 1054 et
2607 1003 2910 1069 approbata
2932 1003 3002 1055 ab
3016 1003 3251 1057 Ecclesia
3270 1003 3458 1057 catho-

1854 1092 1960 1143 lica
1985 1096 2113 1143 ante
2136 1107 2313 1143 annos
2337 1093 2465 1158 plus
2487 1092 2640 1143 mille
2658 1092 3093 1158 quinquaginta.

1920 1179 2105 1248 Atque
2121 1179 2250 1232 huic
2271 1178 2501 1232 editioni
2523 1195 2720 1232 novam
2746 1179 3038 1249 epistolam
3052 1181 3454 1242 dedicatoriam

1851 1268 2139 1336 praemisit,
2180 1283 2350 1338 quam
2399 1267 2645 1320 exaravit
2690 1269 2958 1336 Augusta:
3007 1283 3086 1322 ΧΠ
3130 1270 3254 1324 Kal.
3294 1273 3450 1343 Feb.,

1851 1372 1998 1410 anno
2033 1355 2189 1419 1548,
2223 1356 2292 1410 ad
2323 1356 2851 1410 reverendissimum
2880 1357 2938 1410 in
2969 1358 3191 1413 Christo
3225 1361 3453 1418 Patrem

1850 1460 1914 1498 ac
1943 1444 2232 1499 dominum
2266 1445 2331 1499 D.
2367 1445 2692 1510 Henricum,
2728 1445 2987 1500 abbatem
3019 1447 3257 1518 insignis
3271 1467 3453 1506 caeno-

1848 1532 1923 1586 bii
1935 1534 2148 1588 ordinis
2160 1534 2270 1588 divi
2283 1535 2570 1588 Benedicti
2589 1534 2645 1588 in
2667 1535 3033 1606 Wiblinghen
3059 1537 3451 1595 Constantien-

1847 1624 1924 1676 sis
1953 1623 2224 1689 dioecesis,
2251 1624 2309 1678 in
2339 1641 2452 1696 qua
2481 1641 2665 1695 operm
2693 1642 2804 1679 suae
2827 1626 3088 1696 praestita:
3109 1627 3254 1683 hanc
3281 1631 3451 1685 ratio-

1846 1729 1974 1766 nem
2004 1713 2190 1767 reddit
2213 1732 2227 1768 :

162 1797 248 1852 dis
294 1800 584 1868 refertum,
630 1801 688 1856 in
727 1803 832 1857 hoc
866 1807 929 1857 ut
958 1803 1177 1875 antiqui
1197 1781 1200 1782 ν
1222 1781 1328 1858 vix_
1351 1804 1479 1858 libri
1525 1781 1826 1877 vestigiaB
1920 1819 1944 1853 ί(
1979 1802 2138 1856 Vitas
2167 1801 2398 1856 Patrum
2429 1803 2594 1857 mOdO
2620 1819 2653 1856 ἃ
2680 1804 2807 1875 plus
2836 1805 2988 1858 mille
3021 1808 3304 1863 erroribus
3351 1809 3446 1880 qui

161 1889 470 1960 comperiat
513 1890 813 1962 quispiam.
859 1893 968 1947 Pro
1011 1893 1163 1947 enim
1209 1893 1544 1949 dictionibus
1581 1940 1593 1959 ,
1635 1897 1758 1950 alite

165 1977 337 2031 etiam
359 1978 590 2034 diversae
609 1980 803 2051 positae
832 1981 1122 2045 dictiones,
1157 1999 1388 2037 sensum
1415 1983 1524 2036 divi
1556 1985 1756 2039 Hiero-

163 2067 314 2138 nymi
353 2068 767 2138 pervertebant.
798 2071 914 2125 Nec
943 2071 1178 2126 deerant
1213 2089 1314 2143 pro
1353 2072 1478 2126 aliis
1505 2073 1752 2144 syllabae,

163 2172 373 2227 proque
395 2158 541 2212 veris
570 2158 788 2213 diversa
817 2177 917 2214 seu
946 2160 1351 2231 impressorum
1388 2161 1606 2216 incuria
1631 2179 1756 2216 cor-

163 2250 510 2300 rectorumve
544 2247 749 2302 inertia
786 2249 1166 2320 praetermissa
1207 2251 1488 2304 elementa
1527 2252 1638 2305 vim
1671 2253 1758 2306 di-

163 2333 359 2389 ctionis
388 2351 458 2390 ac
477 2352 707 2391 sensum
724 2339 1124 2408 permutantia.
1159 2340 1277 2393 Hoc
1307 2340 1535 2394 tandem
1567 2341 1665 2395 sed
1695 2347 1760 2395 ut

162 2423 310 2493 prius
341 2441 513 2496 quam
541 2426 919 2482 vetustissimo
948 2427 1196 2483 adhibito
1227 2429 1556 2500 exemplari.
1580 2430 1754 2485 tantis

164 2516 439 2568 extersum
467 2515 703 2570 mendis.
728 2539 754 2565 ι
788 2517 963 2588 Cujus
991 2523 1254 2573 conatum
1283 2518 1478 2573 lectori
1505 2518 1754 2574 conside-

163 2601 396 2657 randum
427 2603 703 2676 relinquo.

581 2694 1176 2752 PROLEGOMENON
1205 2698 1322 2752 XX.

160 2780 228 2835 De
256 2784 425 2836 tertia
454 2784 691 2838 editione
746 2786 966 2852 Latina,
1024 2803 1142 2856 qua
1186 2789 1256 2841 ab
1299 2792 1536 2856 utraque
1561 2791 1751 2856 priore

847 2877 1051 2929 variat.

223 2959 416 3014 Tertia
444 2961 634 3026 editio,
666 2963 890 3017 varians
929 2968 1014 3018 est
1041 2964 1389 3019 Coloniensis
1419 2981 1566 3020 anno
1605 2965 1746 3022 1547

1843 1891 2054 1961 passim
2083 1891 2552 1957 intercurrebant,
2575 1892 2646 1946 ad
2666 1893 3046 1949 vetustissima
3056 1897 3344 1966 pariterac
3365 1897 3446 1951 di-

1842 1996 2003 2033 versa
2039 1981 2847 2052 exemplariarepurgavimus.
2891 1983 3036 2037 Nam
3083 1985 3262 2038 multa
3311 1992 3446 2040 sunt

1841 2074 2177 2135 restaurata,
2235 2069 2502 2139 pleraque
2552 2070 2788 2140 adjecta,
2838 2073 3110 2126 nonnulla
3154 2073 3436 2145 adempta,

1842 2157 2032 2211 omnia
2060 2158 2300 2229 denique
2326 2159 2465 2212 adeo
2495 2159 2839 2214 adamussim
2869 2163 3205 2228 examinata,
3239 2168 3304 2217 ut
3325 2180 3441 2219 non

1840 2247 2008 2303 modo
2045 2253 2365 2314 renovatus,
2385 2249 2480 2302 sed
2508 2265 2649 2319 pene
2666 2257 2896 2304 renatus
2916 2256 3110 2306 tantus
3138 2252 3440 2308 thesaurus

1840 2336 2011 2400 (haud
2041 2337 2161 2391 sine
2180 2337 2338 2407 gravi
2365 2343 2556 2392 tamen
2584 2338 2794 2407 labore)
2815 2339 2886 2393 ab
2915 2341 3176 2396 omnibus
3196 2343 3304 2413 piis
3324 2360 3439 2397 me-

1839 2425 1948 2480 rito
1980 2426 2155 2497 excipi
2167 2427 2360 2498 possit.
2375 2427 2709 2481 Addidimus
2727 2433 2998 2499 praeterea
3016 2447 3221 2485 novum
3243 2448 3436 2502 quem-

1837 2514 1966 2568 dam
1996 2515 2248 2570 ordinem
2281 2533 2346 2570 ac
2373 2533 2579 2570 novum
2609 2517 2850 2571 indicem
2884 2519 2979 2588 qui
3010 2536 3232 2590 semper
3260 2521 3432 2576 dura-

1836 2602 1935 2657 bit.
1961 2604 2143 2659 Nullis
2166 2621 2301 2659 sane
2315 2604 2598 2659 laboribus
2614 2607 2986 2677 pepercimus,
3013 2625 3121 2678 quo
3140 2609 3294 2663 istud
3314 2615 3434 2663 tam

1834 2693 2055 2764 insigne
2085 2711 2224 2765 opus
2254 2694 2479 2764 prodire
2518 2701 2711 2766 posset
2750 2697 3067 2750 emunctius
3116 2714 3181 2752 ac
3225 2698 3432 2753 tersius

1833 2799 2002 2853 quam
2030 2783 2321 2837 hactenus.
2358 2803 2384 2837 »

1904 2873 2176 2943 Equidem
2204 2889 2276 2927 an
2297 2874 2468 2928 editio
2488 2874 2606 2928 haec
2632 2875 2876 2928 secunda
2900 2875 3248 2930 Coloniensis
3265 2877 3430 2948 plane

1830 2977 1973 3015 nova
1991 2962 2084 3028 sit,
2117 2979 2189 3016 an
2202 2979 2330 3016 vero
2351 2963 2549 3017 titulus
2577 2968 2795 3018 tantum
2827 2970 3099 3029 mutatus,
3134 2967 3282 3036 quod
3299 2967 3432 3021 Pro-

153 3063 270 3119 quae
299 3049 484 3120 primo
514 3051 725 3121 prodiit
753 3052 857 3106 hoc
904 3052 1070 3107 titulo
1106 3071 1117 3106 :
1171 3057 1504 3123 Prototypon
1549 3059 1745 3110 veteris
1771 3118 1806 3128 _
1828 3052 2009 3123 totypi
2029 3068 2233 3106 nomen
2246 3052 2432 3107 minus
2451 3061 2650 3107 notum
2670 3059 2834 3119 esset,
2855 3054 3141 3109 afﬁrmare
3170 3072 3283 3110 non
3307 3074 3430 3128 pos-

151 3118 408 3202 Ecclesia,
445 3118 733 3196 continens
757 3143 915 3208 Vitas,
949 3147 1115 3210 gesta,
1142 3118 1409 3213 dictaque.
1425 3149 1746 3199 sanctorum
1765 3118 1809 3179 Ο
1830 3118 1974 3196 sum:
2009 3142 2172 3196 Certe
2201 3143 2457 3196 secundae
2475 3142 2734 3197 editionis
2752 3118 2884 3196 folia
2903 3149 2960 3197 et
2986 3145 3106 3215 typi
3131 3161 3259 3199 cum
3280 3118 3428 3216 p‘rio-

151 3226 245 3280 Dei
269 3231 587 3283 amicorum
615 3233 1090 3300 utriusquesexus,
1116 3238 1339 3287 auctore
1367 3249 1459 3286 seu
1477 3235 1746 3303 rhapsodo

147 3321 330 3371 sancto
360 3319 696 3388 Hieronymo
717 3323 951 3388 partim,
981 3324 1195 3390 partim
1237 3324 1368 3376 aliis
1389 3327 1551 3392 atque
1586 3326 1738 3392 aliis,

148 3405 380 3460 Colonia
401 3423 502 3475 per
526 3407 822 3478 Gasparem
853 3410 1230 3480 Gennepwum.

215 3494 525 3551 Adornavit
552 3497 695 3552 hanc
717 3499 1018 3553 editionem
1037 3501 1212 3554 frater
1235 3500 1614 3555 Theodoricus
1638 3503 1742 3556 Lo-

147 3581 248 3636 her
274 3599 309 3638 a
337 3585 559 3651 Stratis,
586 3587 896 3642 Carthusiae
926 3589 1067 3642 aulae
1087 3589 1276 3642 Mariae
1298 3588 1357 3642 in
1387 3590 1562 3644 Buxia
1590 3591 1745 3661 prior

149 3687 213 3725 ac
248 3673 604 3742 provincialis
625 3675 901 3741 visitator,
929 3693 1164 3748 eamque
1192 3677 1466 3732 dedicavit
1486 3695 1744 3733 reveren-

148 3760 380 3816 dissimo
433 3767 492 3817 et
539 3764 914 3820 illustrissimo
962 3766 1200 3838 principi
1244 3767 1451 3822 Othoni
1489 3768 1545 3822 S.
1574 3768 1641 3822 R.
1676 3769 1737 3823 Ε.

149 3850 438 3916 cardinali,
471 3853 728 3925 episcopo
751 3855 1097 3925 Augustano,
1119 3872 1286 3926 quem
1302 3857 1360 3910 in
1380 3856 1616 3926 epistola
1640 3874 1743 3912 sua

150 3938 509 4009 dedicatoria,
543 3959 712 4013 quam
733 3943 1050 4015 Ratisponae
1078 3960 1225 3999 anno
1251 3943 1386 4000 1546
1403 3945 1646 4016 scripsit,
1672 3945 1741 4001 de

148 4044 245 4083 sua
277 4029 336 4084 in
365 4031 470 4085 hoc
494 4031 634 4087 libro
664 4034 1004 4089 recensendo
1034 4050 1206 4104 opera
1233 4033 1444 4089 edocet.

222 4139 245 4170 ε
279 4119 437 4174 Vitas
475 4121 708 4176 Patrum
755 4139 858 4193 ego
900 4140 966 4177 ex
1012 4123 1258 4195 antiquis
1308 4129 1366 4178 et
1403 4124 1512 4178 ﬁde
1550 4123 1739 4194 dignis

147 4209 558 4280 exemplaribus
604 4212 1000 4283 manuscriptis
1047 4220 1170 4266 octo
1216 4219 1316 4267 aut
1353 4212 1539 4268 decem
1572 4214 1742 4267 simul

147 4298 382 4365 collatis,
425 4315 538 4354 non
567 4301 764 4371 exiguo
798 4301 990 4356 labore
1026 4307 1311 4372 utcunque
1339 4303 1653 4373 recognovi,
1683 4309 1742 4358 et

147 4387 199 4441 ei
216 4388 530 4458 integritati
549 4391 861 4445 restituisse
875 4407 962 4444 me
981 4397 1135 4462 puto,
1145 4407 1256 4462 qua
1266 4392 1351 4445 vel
1370 4392 1731 4464 Hieronymo,

145 4476 474 4545 Athanasio,
518 4479 770 4547 Leontio,
810 4480 1187 4551 Amphilogio,
1235 4481 1506 4547 Anthero,
1567 4482 1735 4536 Nice-

145 4566 340 4636 phoro,
373 4568 622 4638 Evagrio,
676 4569 957 4635 Petronio,
998 4569 1285 4640 Eutropio,
1326 4570 1640 4636 Heraclide,
1679 4575 1736 4626 et

145 4654 200 4709 id
226 4672 409 4726 genus
427 4657 550 4713 aliis
580 4658 788 4715 sanctis
814 4658 1075 4714 Patribus
1105 4659 1376 4731 scriptum
1405 4676 1517 4715 non
1555 4659 1736 4715 ambi-

143 4745 315 4814 gitur.

219 4856 241 4886 ι
274 4835 488 4891 Deinde
526 4837 584 4891 in
617 4843 834 4892 certum
862 4837 1117 4892 ordinem
1147 4838 1329 4910 quoad
1357 4839 1480 4893 ﬁeri
1526 4840 1728 4910 potuit,

140 4925 302 4994 juxta
341 4925 544 4980 seriem
599 4932 656 4980 et
705 4927 981 4982 rationem
1027 4933 1347 4999 temporum
1391 4928 1618 4998 digessi,
1672 4936 1736 4984 ut

143 5012 318 5068 lector
333 5015 525 5069 statim
545 5023 841 5086 cognoscat
857 5032 966 5087 quo
983 5017 1220 5088 quisque
1230 5019 1465 5072 Patrum
1478 5023 1730 5090 tempore

144 5118 243 5172 per
265 5103 511 5174 gratiam
535 5104 637 5158 Dei
666 5104 724 5158 in
754 5105 859 5160 hoc
883 5105 1129 5161 illuxerit
1159 5106 1385 5172 mundo,
1421 5113 1522 5161 aut
1551 5108 1735 5179 potius

145 5208 252 5262 quo
278 5199 533 5265 tempore
560 5193 745 5264 gratia
774 5194 876 5249 Dei
896 5194 1102 5250 luxerit
1127 5195 1187 5249 in
1212 5195 1439 5251 illorum
1469 5196 1730 5267 singulis.

144 5280 265 5336 Non
295 5283 478 5338 solum
519 5289 711 5337 autem
759 5283 828 5338 de
855 5283 1006 5352 viris,
1058 5283 1156 5340 sed
1177 5284 1346 5339 etiam
1376 5285 1446 5340 de
1485 5286 1650 5341 claris
1681 5293 1738 5342 et

142 5371 348 5426 sanctis
388 5370 744 5439 mulieribus,
797 5373 1140 5430 narrationis
1195 5373 1366 5444 hujus
1411 5375 1614 5430 seriem
1648 5375 1735 5430 in-

144 5459 316 5514 stitui.
349 5478 376 5512 n
1051 5486 1054 5488 -

212 5548 470 5604 Secundo
490 5566 620 5604 vero
647 5550 765 5606 haec
806 5551 1003 5607 eadem
1033 5552 1206 5607 editio
1253 5553 1450 5609 eodem
1478 5554 1620 5621 loco,
1680 5559 1737 5609 et

146 5638 287 5710 apud
316 5639 584 5696 eumdem
621 5641 1054 5714 typographum,
1101 5642 1300 5698 iisdem
1350 5643 1500 5716 typis
1527 5643 1738 5715 prodiit

1827 3231 1905 3284 ris
1935 3231 2194 3285 editionis
2222 3231 2370 3285 foliis
2392 3249 2457 3286 ac
2483 3232 2632 3302 typis
2657 3233 2822 3302 plane
2851 3233 3134 3302 quadrant
3159 3251 3170 3286 :
3218 3234 3428 3289 omissa

1825 3325 2048 3374 tantum
2077 3320 2168 3374 hic
2196 3326 2281 3375 est
2294 3321 2652 3391 paraphrasis
2683 3321 2936 3375 Cassiani
2957 3327 3014 3375 et
3034 3321 3285 3388 Climaci,
3302 3338 3425 3394 quae

1825 3409 1998 3480 priori
2029 3409 2259 3464 editioni
2289 3410 2347 3463 in
2377 3411 2527 3464 calce
2557 3411 2822 3480 adjuncta
2835 3417 2973 3476 erat,
3011 3417 3068 3465 et
3096 3413 3424 3468 eorumloco

1825 3497 2128 3552 substituta
2155 3504 2241 3553 est
2264 3499 2393 3553 Vita
2419 3500 2678 3553 Barlaam
2708 3506 2765 3554 et
2793 3501 3082 3571 Josaphat.

1896 3588 2178 3659 Quidquid
2207 3588 2300 3652 sit,
2329 3605 2441 3642 non
2471 3588 2664 3643 dubito
2697 3591 2938 3643 multum
2969 3589 3175 3645 laboris
3206 3591 3426 3646 insum-

1824 3680 1981 3746 ptum
2001 3693 2035 3730 ει
2061 3677 2176 3731 viro
2193 3678 2406 3748 optimo
2426 3678 2484 3732 in
2514 3678 2794 3732 veteribus
2823 3679 3233 3750 exemplaribus
3261 3682 3426 3735 casti-

1822 3766 2043 3835 gandis.

1895 3855 2131 3909 Constat
2169 3860 2359 3910 autem
2404 3856 2522 3910 haec
2551 3857 2720 3912 editio
2767 3857 2926 3911 libris
2954 3857 3220 3928 quinque,
3253 3857 3338 3912 uti
3367 3863 3426 3912 et

1824 3943 2006 4014 prima
2033 3944 2234 4013 editio;
2255 3945 2352 3999 sed
2380 3946 2575 4000 ordine
2606 3948 2847 4000 multum
2871 3947 3188 4013 immutato,
3215 3953 3273 4000 et
3295 3946 3422 4017 qui-

1824 4031 2056 4086 busdam
2084 4051 2148 4088 ex
2180 4035 2424 4089 secunda
2447 4036 2712 4100 editione,
2748 4041 2806 4090 et
2828 4036 3054 4090 aliunde
3085 4036 3310 4089 additis.

1893 4121 2114 4178 Primus
2137 4124 2278 4178 liber
2297 4131 2519 4179 constat
2540 4125 2719 4180 tribus
2742 4125 3014 4197 partibus,
3043 4141 3283 4196 quarum
3313 4125 3428 4196 pri-

1824 4227 1918 4264 ma
1939 4217 2026 4266 est
2041 4213 2110 4266 de
2139 4214 2345 4268 sanctis
2374 4215 2538 4282 viris;
2573 4215 2814 4269 secunda
2835 4215 2903 4268 de
2931 4215 3140 4268 sanctis
3167 4213 3422 4268 mulieri-

1822 4297 1926 4355 bus
1950 4319 1960 4352 :
1997 4319 2119 4372 quae
2145 4308 2383 4374 utraque
2415 4321 2544 4375 pars
2574 4305 2850 4375 permixta
2886 4309 2944 4357 et
2970 4304 3214 4358 conﬂata
3242 4307 3328 4357 est
3356 4320 3423 4357 ex

1821 4388 1963 4445 libro
1994 4392 2174 4463 primo
2200 4393 2409 4447 Rufﬁni
2441 4394 2554 4465 (qui
2586 4400 2672 4448 est
2692 4394 2886 4448 ordine
2915 4393 3193 4448 secundus
3221 4393 3280 4446 in
3319 4409 3423 4446 no-

1820 4486 1936 4534 stra
1961 4481 2226 4548 editione)
2258 4488 2313 4537 et
2342 4483 2466 4537 aliis
2495 4483 2638 4537 Vitis
2668 4500 2790 4554 quae
2817 4483 2876 4537 in
2904 4483 3148 4537 secunda
3176 4481 3421 4535 editione

1820 4576 1946 4640 post
1975 4570 2179 4626 librum
2212 4571 2456 4642 primum
2499 4571 2704 4626 Ruﬂini
2738 4570 3179 4636 subnectuntur;
3215 4569 3419 4640 quibus

1821 4666 2092 4732 praeterea
2119 4660 2407 4714 interserit
2438 4660 2626 4714 Vitam
2657 4659 2893 4730 Epicteti
2922 4665 2979 4713 et
3023 4659 3273 4721 Astionis,
3310 4659 3418 4712 Fa-

1820 4750 2000 4816 biolae,
2034 4755 2092 4804 et
2132 4750 2430 4804 Marcellae.
2477 4749 2667 4803 Tertia
2703 4765 2833 4820 pars
2863 4747 3115 4802 continet
3157 4752 3421 4819 excerpta

1819 4858 1884 4894 ex
1914 4841 2118 4895 Severo
2149 4838 2416 4908 Sulpicio,
2443 4843 2499 4891 et
2525 4839 2740 4892 Joanne
2767 4837 3054 4892 Cassiano.

1889 4926 2332 4985 Secundusliber
2349 4926 2598 4982 continet
2626 4934 2949 4982 sanctorum
2980 4927 3210 4982 Patrum
3233 4926 3413 4992 Vitas,

1816 5017 2002 5084 verba,
2027 5018 2329 5078 doctrinas,
2365 5022 2423 5071 et
2451 5017 2883 5085 exhortationes,
2913 5018 3011 5088 qui
3034 5023 3120 5072 est
3139 5016 3282 5071 liber
3308 5022 3419 5070 ter-

1817 5109 1931 5162 tius
1960 5106 2170 5162 Rufilni
2201 5107 2260 5160 in
2289 5111 2484 5160 nostra
2509 5106 2772 5161 editione.

1887 5196 2108 5251 Tertius
2145 5195 2288 5250 liber
2314 5211 2399 5250 est
2428 5196 2682 5263 Palladii,
2718 5197 2877 5268 isque
2925 5213 2994 5251 ex
3032 5196 3265 5266 antiqua
3292 5206 3419 5246 ver-

1819 5285 1995 5352 sione,
2025 5285 2110 5340 uti
2138 5301 2265 5340 eam
2293 5284 2464 5339 habet
2490 5285 2674 5356 prima
2700 5286 2890 5340 editio.

1891 5376 2135 5439 Quartus
2169 5374 2312 5428 liber
2338 5379 2441 5440 est,
2467 5391 2632 5446 quem
2662 5374 2922 5445 Pelagius
2953 5375 3010 5430 S.
3044 5375 3109 5428 R.
3137 5373 3197 5426 E.
3229 5370 3418 5425 diaco-

1819 5481 1945 5533 nus,
1972 5470 2029 5520 et
2060 5466 2305 5519 Joannes
2329 5464 2582 5535 ejusdem
2618 5463 2992 5518 subdiaconus
3021 5479 3052 5516 e
3077 5463 3267 5514 Graeco
3287 5475 3425 5514 ver-

1883 5571 2032 5609 ινιιῐη.

1883 5573 1900 5609 ι
1952 5571 1988 5609 n
2022 5597 2032 5609 .

1822 5560 2060 5715 “[1:31]
2083 5642 2325 5708 Quintus
2353 5641 2498 5698 liber
2525 5645 2614 5696 est
2640 5640 2960 5698 breviorum
2990 5637 3422 5704 sententiarum,
