3958 6394
471 332 536 392 7l
1359 329 1437 385 IN
1472 325 1684 389 VITAS
1721 319 2019 383 PATRUM
2055 317 2599 388 PROLEGOMENA
2633 333 2830 390 XXVI.

3662 335 3737 396 72

470 461 556 517 uti
587 464 644 515 et
667 458 895 531 quintus
921 460 1008 510 est
1023 454 1084 510 in
1104 454 1290 527 prima
1318 454 1792 510 editione.Eidem
1807 452 2127 525 adjungi-A
2211 456 2297 512 Ne
2321 464 2487 530 quem
2518 464 2709 515 tamen
2726 458 2926 514 titulus
2951 456 3187 526 falleret,
3219 473 3334 514 non
3377 458 3483 515 soli
3521 460 3736 517 Hiero-

471 555 568 605 tur
594 548 736 603 liber
764 542 1047 600 Paschasii
1089 542 1345 609 abbatis;
1395 542 1525 596 inde
1570 542 1701 597 Vita
1735 547 2057 597 sanctorum

470 638 727 694 Barlaam
756 634 1024 698 eremitaa,
1058 648 1124 686 ac
1150 631 1437 703 Josaphat.

872 757 1364 813 PROLEGOMEN
1369 756 1467 811 ON
1491 756 1637 810 XXI.

471 890 540 943 De
567 890 770 955 quarta
801 884 902 938 hac
921 884 1155 955 editione
1180 883 1399 946 Latina,
1432 896 1553 951 qua:
1580 896 1707 935 cum
1735 883 1912 936 tribus
1920 897 2057 950 prs:-

538 954 848 1012 cedentibus
886 954 1217 1009 editionibus
1248 956 1463 1022 partim
1510 956 1794 1018 consentit,
1842 956 2055 1023 partim

535 1031 804 1083 dissentit.

536 1136 673 1189 Post
699 1148 894 1187 omnes
923 1130 1193 1185 editiones
1215 1131 1336 1200 jam
1373 1134 1731 1185 enumeratas
1760 1131 1903 1202 (quae
1949 1130 2053 1184 etsi

464 1229 729 1296 typorum
754 1220 1025 1275 varietate
1053 1219 1124 1273 ad
1153 1236 1241 1273 xIx
1269 1220 1353 1273 vel
1374 1236 1443 1273 xx
1470 1219 1828 1290 inspexerim,
1846 1219 1917 1274 ad
1942 1219 2055 1274 tria

462 1318 653 1369 tamen
679 1326 908 1381 genera,
941 1315 1006 1364 ut
1026 1325 1197 1379 supra
1226 1308 1437 1373 monui,
1457 1309 1652 1363 referri
1671 1312 1924 1380 possunt)
1936 1324 2056 1363 suo-

464 1402 612 1459 cedit
640 1417 790 1456 nunc
820 1404 1024 1470 quarta
1050 1398 1167 1452 haec
1189 1397 1380 1463 editio,
1413 1414 1537 1469 qua:
1571 1402 1630 1452 et
1654 1398 1813 1453 libris
1840 1398 2056 1469 aliquot

466 1490 700 1557 auctior,
729 1493 787 1544 et
804 1493 1094 1543 auctorum
1116 1487 1261 1558 stylo
1282 1488 1353 1541 ad
1373 1486 1754 1558 manuscripts
1779 1488 2055 1558 exempla-

466 1580 555 1635 ria
580 1579 882 1634 reformato
910 1575 1209 1631 correctior
1235 1576 1442 1647 prodit.
1484 1576 1716 1631 Constat
1741 1581 1932 1631 autem
1962 1575 2054 1631 de-

466 1685 586 1724 cem
611 1666 959 1740 potissimum
990 1664 1166 1719 libris.

539 1757 763 1812 Primus
790 1755 932 1809 liber
949 1754 1132 1807 varias
1159 1753 1407 1807 continet
1418 1754 1652 1808 Patrum
1662 1754 1837 1819 Vitas,
1850 1759 1968 1808 tam
1979 1753 2056 1807 vi-

467 1861 658 1901 rorum
680 1860 848 1916 quam
876 1843 1197 1908 mulierum,
1225 1842 1320 1912 qui
1340 1842 1636 1897 asceticam
1649 1843 2057 1911 excoluere,“-

465 1935 540 1990 tis
576 1934 697 1989 fuse
716 1932 785 1988 ab
805 1930 1124 1987 auctoribus
1143 1930 1483 2003 conscriptas
1518 1932 1781 1988 Virorum
1827 1931 2055 2004 quidem

460 2038 715 2167 STIPauli
737 2113 918 2180 primi
948 2111 1206 2164 eremitse.
1283 2109 1341 2165 S.
1374 2109 1646 2165 Simeonis
1676 2109 1908 2178 Stylita.

461 2199 519 2255 S.
547 2201 783 2256 Antonii
807 2200 1038 2254 abbatis.
1294 2198 1352 2254 S.
1443 2199 1678 2253 Joannis
1749 2199 2056 2268 Eleemosy-

1291 2302 1466 2341 norit.

460 2378 519 2437 S.
549 2380 863 2434 Hilarionis
892 2376 1167 2431 monachi.
1279 2372 1375 2430 SS.
1409 2376 1640 2444 Epicteti
1667 2377 1976 2445 presbyteri
2003 2381 2053 2431 et

457 2467 497 2523 S
548 2468 773 2533 Malchi,
815 2467 1019 2535 captivi
1059 2479 1255 2519 mona-
1345 2464 1588 2519 Astionis
1615 2465 1891 2520 monachi.

531 2556 640 2610 chi.

455 2644 515 2701 S.
547 2644 826 2713 Onuphrii
852 2645 1105 2697 eremitae.
1266 2641 1325 2698 S.
1362 2643 1603 2697 Macarii
1628 2643 1881 2709 Romani,
1906 2645 2052 2699 servi

1336 2731 1450 2796 Dei,
1506 2732 1605 2799 qui
1662 2734 1919 2786 inventus
1975 2737 2049 2788 est

454 2820 513 2877 S.
545 2820 825 2876 Pachomi:
853 2820 1063 2874 abbatis
1112 2820 1214 2874 Ta-
1321 2822 1491 2888 juxta
1514 2821 1870 2875 Paradisum.

533 2911 765 2964 bennen.

457 2996 515 3053 S.
546 2996 827 3053 Abraham
852 2999 1108 3053 eremitz.
1253 2997 1309 3050 Β.
1329 2997 1657 3064 Posthumii,
1688 2999 1874 3053 Patris
1886 3001 2051 3067 quin-

2068 1805 2117 1867 B

2143 562 2312 619 nymo
2344 547 2619 621 inscripsi,
2652 548 2748 603 sed
2776 553 2833 603 et
2855 547 2980 603 aliis
3005 547 3193 616 variis,
3228 562 3468 620 quorum
3499 551 3739 606 nomina

2140 636 2373 707 singulae
2393 637 2498 691 sibi
2527 638 2667 692 Vitae
2693 638 3015 709 praeferunt,
3044 653 3283 708 quarum
3297 638 3523 710 quidem
3542 645 3738 696 aucto-

2141 742 2231 780 res
2259 726 2527 797 indagare
2554 727 3181 798 potuimus.Anonyma3
3197 728 3339 783 Vite
3367 745 3434 783 eo
3454 729 3574 784 loco
3591 728 3731 796 sint,

2141 831 2251 885 quo
2275 831 2372 869 eas
2391 816 2526 869 olim
2540 816 2736 870 Patres
2757 832 2877 870 esse
2892 821 3247 882 censuerunt,
3269 817 3366 888 qui
3378 821 3435 871 et
3452 832 3548 873 eas
3572 818 3734 889 lege-

2135 908 2288 969 runt,
2317 909 2373 958 et
2399 921 2464 958 ex
2493 904 2561 958 iis
2580 904 2849 958 virtutum
2880 904 3140 976 exempla
3158 912 3571 977 expresserunt,
3597 907 3736 962 licet

2136 992 2286 1047 inter
2324 998 2577 1065 receptas
2615 993 2675 1047 in
2703 994 2944 1048 Ecclesia
2992 994 3258 1050 lectiones
3301 995 3499 1051 referri
3543 1002 3735 1051 vetue-

2136 1081 2271 1138 rint.

2208 1189 2496 1244 Secundus
2546 1188 2690 1243 liber
2717 1189 2967 1245 continet
3015 1188 3249 1246 Patrum
3284 1191 3444 1247 Vitas
3483 1191 3731 1248 breviori

2135 1278 2279 1350 stylo
2335 1278 2784 1349 comprehensas,
2820 1280 2915 1351 qui
2970 1278 3256 1335 Rufﬁnum
3307 1281 3730 1352 Aquileiensem

2135 1367 2527 1439 presbyterum
2544 1368 2799 1438 agnoscit
2820 1373 3103 1424 auctorem
3114 1414 3128 1437 ,
3145 1370 3233 1424 vel
3252 1369 3647 1443 interpretem;
3668 1376 3730 1426 et

2134 1471 2305 1512 xxxm
2325 1455 2599 1528 capitibus
2614 1455 2936 1512 absolvitur.

2205 1563 2428 1618 Tertius
2454 1563 2596 1618 liber
2623 1564 3049 1636 comprehendit
3075 1582 3188 1621 non
3214 1571 3332 1622 tam
3363 1568 3521 1623 Vitas
3552 1585 3727 1641 quam

2132 1651 2319 1707 Verba
2346 1652 2629 1708 seniorum
2660 1654 2855 1708 eodem
2898 1653 3121 1709 Rufﬁno
3154 1661 3399 1723 auctore,
3429 1659 3515 1713 vel
3546 1659 3730 1715 inter-

2134 1748 2311 1813 prete.
2329 1742 2562 1797 Constat
2577 1748 2765 1797 autem
2791 1743 3160 1816 paragraphis
3187 1763 3287 1801 seu
3306 1748 3556 1802 numeris
3566 1764 3723 1804 ccxx.

2208 1848 2453 1914 Quartus
2478 1848 2621 1904 liber
2647 1866 2714 1905 ex
2746 1850 2949 1905 Severo
2984 1851 3228 1922 Sulpicio
3249 1858 3307 1908 et
3343 1855 3559 1910 Joanne
3588 1856 3734 1911 Cas-

2137 1937 2295 1993 siano
2315 1937 2589 1993 conﬂatus
2619 1943 2676 1992 et
2706 1938 3087 2006 concinnatus,
3117 1940 3269 1997 illius
3297 1943 3522 2013 quidem
3544 1944 3735 2000 Dialo-

2134 2026 2240 2098 gis,
2268 2026 2438 2097 hujus
2464 2043 2594 2082 vero
2622 2026 3078 2083 Institutionibus
3104 2035 3161 2084 et
3188 2031 3614 2097 Collationibus,
3637 2050 3738 2089 va-

2137 2115 2223 2170 ria
2240 2114 2491 2170 continet
2516 2116 2753 2171 Patrum
2781 2116 3036 2188 exempla
3060 2124 3118 2174 et
3135 2119 3369 2189 monita;
3395 2126 3735 2195 constatque

2136 2203 2411 2277 capitibus
2427 2218 2515 2259 LV.

2207 2310 2447 2375 Quintus
2461 2310 2607 2366 liber
2618 2317 2846 2368 auctore
2865 2313 3059 2369 Gmco
3083 2315 3311 2386 quidem
3330 2316 3731 2383 incerto,certo

2131 2406 2325 2455 tamen
2354 2400 2661 2472 interprete
2706 2401 2933 2473 Pelagio
2972 2403 3028 2459 S.
3060 2404 3128 2459 R.
3161 2405 3224 2460 E.
3254 2405 3510 2474 diacono,
3537 2406 3731 2463 Verba

2131 2488 2417 2543 seniorum
2462 2489 2870 2560 complectitur.
2896 2491 3097 2546 libellis
3113 2507 3251 2549 xvm
3278 2495 3725 2567 comprehensa:

2130 2593 2369 2649 quorum
2398 2578 2613 2649 primus
2640 2583 2729 2633 est
2746 2580 2819 2634 De
2847 2582 3095 2647 Profectu
3115 2584 3368 2649 Patrum;
3391 2590 3731 2657 constatque

2130 2666 2496 2739 paragraphis
2514 2683 2614 2722 seu
2643 2668 2893 2722 numeris
2921 2683 3089 2737 xvm;
3112 2673 3390 2728 secundus
3409 2675 3483 2729 De
3513 2674 3724 2743 Quiete,

2132 2771 2497 2811 numerorum
2518 2770 2640 2823 xv1;
2671 2756 2871 2811 tertius
2902 2759 2974 2812 De
2995 2759 3435 2829 Compunclione,
3460 2779 3732 2819 numero-

2130 2859 2257 2899 rum
2271 2860 2436 2909 xxvn;
2461 2849 2695 2915 quartus
2709 2846 2780 2899 De
2799 2845 3169 2914 Continentia,
3197 2866 3562 2907 numerorum
3582 2868 3723 2922 LXX;

2132 2932 2362 3004 quintus
2405 2934 2479 2988 De
2529 2934 2934 3003 Fornicatione,
2986 2952 3353 2994 numerorum
3374 2954 3499 3008 xu;
3531 2947 3729 2997 sextus

2130 3022 2203 3075 De
2231 3038 2288 3075 eo
2305 3022 2449 3089 quod
2465 3022 2770 3075 monachus
2786 3024 2931 3078 nihil
2949 3025 3134 3079 debeat
3147 3029 3439 3097 possidere,
3460 3045 3729 3085 numero-

1334 3107 1435 3159 ραθ
1476 3093 1726 3145 "limum
1754 3092 2048 3147 "WWC’W‘
2067 3121 2113 3183 ο
2129 3124 2258 3165 rum
2288 3123 2429 3172 xxn;
2450 3109 2722 3180 septimus
2739 3111 2812 3166 De
2821 3114 3098 3167 Patientia
3125 3092 3220 3169 seu
3239 3092 3603 3185 Fortitudine,
3620 3135 3731 3177 nu-

458 3179 516 3235 S.
574 3180 790 3235 Basilii.
825 3177 1074 3233 Ca'sarez
1099 3178 1230 3248 (Iap-
1328 3194 1479 3233 rum.

520 3269 760 3337 padociai
785 3267 1193 3336 archiepiscopi.
1245 3267 1302 3323 S.
1332 3268 1625 3323 Frontonii
1651 3270 1884 3328 abbatis.

452 3354 509 3411 S.
576 3356 823 3425 Ephrem
868 3353 1022 3424 Syri,
1055 3357 1199 3410 diae.
1249 3354 1348 3412 SS.
1380 3358 1644 3411 Barlaam
1673 3362 1722 3412 et
1747 3358 2025 3428 Josaphat.

524 3446 752 3500 Edessze.

453 3532 512 3588 S.
555 3534 810 3601 Eugenia
854 3535 1092 3601 virginis
1131 3548 1197 3587 ac
1239 3531 1296 3587 S.
1346 3534 1574 3602 Pelagia
1610 3538 1937 3590 meretricis.

526 3624 816 3689 martyris.

451 3709 508 3765 S.
558 3711 878 3779 Euphrasia’
928 3711 1185 3777 virginis.
1240 3709 1298 3763 S.
1351 3713 1544 3767 Mariae
1580 3715 1906 3784 {Egyptians
1940 3731 2048 3770 me-

1354 3803 1592 3858 retricis.

450 3888 509 3944 S.
558 3888 935 3956 Euphrosynw
963 3889 1221 3956 virginis.
1252 3888 1307 3944 S.
1356 3890 1591 3945 Marine
1638 3895 1897 3961 virginis.

451 3974 508 4030 S.
556 3976 745 4029 Marias
788 3978 1112 4041 meretricis,
1148 3992 1245 4030 ne-

517 4065 630 4133 ptis
657 4063 889 4117 Abrahae
916 4070 1172 4120 crematae.
1251 4067 1310 4120 Β.
1346 4069 1595 4124 Fabiola.

1255 4154 1312 4209 S.
1352 4159 1536 4213 Paulae
1567 4160 1821 4216 Romana
1847 4162 2045 4217 vidua.

450 4237 507 4293 S.
547 4239 755 4294 Thaisis
785 4244 1109 4296 meretricis.
1250 4242 1309 4297 S.
1340 4246 1611 4302 Marcellas
1633 4250 1828 4305 vidua.

521 4326 844 4384 Potuissent
870 4330 1058 4401 plures
1081 4330 1223 4386 Vite
1251 4333 1542 4405 utriusque
1567 4352 1735 4392 sexus
1764 4339 1914 4406 addi,
1949 4342 2046 4412 qui

2130 3214 2415 3253 merorum
2445 3212 2611 3266 xum;
2645 3204 2873 3255 octavus
2900 3202 2977 3256 De
2998 3219 3056 3257 eo
3082 3206 3226 3273 quod
3254 3206 3401 3261 nihil
3428 3223 3527 3275 per
3547 3214 3730 3264 osten-

2127 3284 2337 3339 sionem
2362 3284 2486 3349 ﬁeri
2497 3284 2698 3349 debeat,
2730 3299 3096 3341 numerorum
3123 3303 3289 3356 xxxv;
3318 3306 3503 3347 nonus
3545 3294 3620 3347 De
3663 3310 3727 3347 eo

2125 3372 2271 3440 quod
2298 3387 2410 3425 non
2429 3376 2668 3439 oporteat
2686 3374 2948 3440 judicare
2982 3392 3334 3445 quemquam,
3350 3390 3726 3438 numerorum

2127 3473 2206 3514 xn
2250 3477 2263 3525 ;
2292 3458 2543 3514 decimus
2569 3462 2642 3514 De
2666 3462 3016 3530 Discretione,
3040 3481 3404 3524 numerorum
3432 3486 3531 3524 cxv
3564 3490 3579 3538 ;
3608 3487 3723 3527 un-

2129 3546 2377 3601 decimus
2410 3549 2483 3602 De
2512 3564 2568 3601 eo
2588 3550 2731 3617 quod
2767 3556 3008 3618 oporteat
3026 3555 3201 3609 sobrie
3228 3560 3423 3624 vivere,
3448 3574 3724 3616 numero-

2129 3651 2256 3690 rum
2289 3649 2397 3701 le;
2428 3635 2790 3691 duodecimus
2817 3640 2890 3693 De
2908 3655 2964 3693 eo
3000 3644 3144 3709 quod
3160 3646 3279 3698 sine
3304 3649 3722 3705 intermissione

2128 3730 2178 3779 et
2204 3724 2379 3778 sobrie
2399 3725 2545 3779 debet
2564 3727 2740 3792 arari,
2763 3740 3128 3785 numerorum
3154 3749 3241 3800 xv;
3255 3733 3504 3791 decimus
3516 3738 3723 3794 tertius

2127 3814 2201 3868 De
2228 3828 2285 3866 eo
2313 3814 2458 3881 quod
2478 3818 2716 3881 oporteat
2732 3814 3053 3884 hospitalem
3077 3835 3202 3886 esse,
3234 3828 3283 3876 et
3303 3827 3723 3882 misericordem

2128 3903 2193 3954 in
2235 3901 2542 3967 hilaritate,
2584 3916 2949 3960 numerorum
2973 3922 3062 3973 xv;
3092 3908 3343 3967 decimus
3370 3920 3604 3984 quartus
3644 3918 3724 3971 De

2131 3986 2468 4054 Obedientia,
2514 4004 2880 4046 numerorum
2930 4010 3036 4062 xix;
3069 3994 3319 4053 decimus
3368 4001 3597 4072 quintus
3645 4006 3724 4061 De

2128 4075 2463 4143 humilitate,
2522 4093 2889 4136 numerorum
2942 4096 3153 4153 Lxxxix;
3201 4084 3425 4162 [vam]
3459 4090 3715 4149 decimus

2129 4167 2324 4218 sextus
2379 4165 2452 4218 De
2497 4167 2794 4235 Patientia,
2882 4186 3245 4230 numerorum
3306 4194 3412 4245 XIX;
3467 4178 3723 4237 decimus

2128 4250 2399 4322 septimus
2444 4253 2519 4308 De
2564 4254 2861 4325 Charitate,
2906 4275 3273 4319 numerorum
3301 4282 3422 4333 xxv;
3465 4266 3723 4327 decimus

2128 4345 2356 4395 octavus
2382 4341 2455 4395 De
2472 4343 2837 4401 Pravidentia
2863 4351 2972 4403 sive
3003 4349 3488 4424 Contemplatione,
3522 4372 3723 4413 nume-

364 4482 375 4491 κ
452 4416 511 4470 in
531 4417 727 4472 eodem
755 4418 973 4473 vivendi
1000 4418 1257 4475 instituto
1278 4437 1339 4475 se
1367 4425 1613 4479 exercuit
1644 4444 1657 4493 ;
1691 4427 1789 4482 sed
1818 4434 1875 4483 et
1903 4427 2107 4489 liberD
2124 4443 2318 4501 rerum
2345 4445 2431 4483 xx.

452 4506 790 4561 excrevisset
832 4506 1089 4574 nimium,
1132 4512 1190 4562 et
1241 4514 1399 4565 extra
1448 4514 1798 4584 propositum
1852 4534 2043 4574 meum

450 4592 733 4661 abiissem,
758 4610 867 4665 quo
913 4595 1149 4667 suscepi
1169 4597 1424 4668 vulgatae
1457 4600 1683 4658 Patrum
1710 4605 1886 4674 Vitas,
1920 4624 2043 4679 qum

450 4682 758 4737 multorum
787 4682 922 4737 olim
951 4683 1209 4739 manibus
1239 4685 1393 4742 fuere
1440 4688 1795 4762 circumlatae,
1847 4712 2043 4752 recen-

448 4786 570 4824 sere
595 4775 653 4824 et
679 4770 848 4825 nitori
876 4788 978 4828 suo
1005 4772 1244 4845 pristino
1274 4776 1593 4836 restituere.

523 4857 751 4948 Librum
766 4858 915 4948 hunc
932 4861 1179 4931 primum
1199 4863 1324 4920 divo
1352 4865 1696 4942 Hieronymo
1715 4874 2043 4948 presbytero

450 4945 805 5036 potissimum
822 4946 1231 5021 inscripsi,tum
1241 4955 1388 5023 quod
1403 4956 1778 5033 Hieronymus
1796 4945 2043 5036 potiores

448 5034 509 5090 in
536 5051 602 5090 eo
628 5040 817 5106 partes
844 5043 1055 5108 ageret,
1086 5040 1181 5111 qui
1213 5038 1403 5115 [van]
1434 5062 1581 5103 unus
1599 5034 1939 5121 plures—tum
1968 5057 2045 5111 vi-

448 5138 643 5212 rorum
670 5128 794 5179 tum
819 5126 1121 5183 mulierum
1143 5129 1300 5186 Vitas
1329 5135 1673 5208 conscripsit,
1706 5156 1875 5212 quam
1894 5144 2043 5201 ullus

450 5211 625 5280 alius;
647 5216 771 5267 tum
785 5219 850 5268 ut
869 5231 1038 5285 quam
1059 5216 1290 5274 minime
1312 5219 1382 5275 ab
1404 5211 1741 5295 inveterata,
1757 5246 1880 5301 quae
1902 5234 2045 5288 mul-

448 5305 636 5357 torum
653 5301 824 5357 etiam
841 5310 1094 5361 veterum
1111 5306 1326 5364 animos
1348 5316 1655 5385 occupavit,
1676 5318 1939 5390 opinione
1958 5338 2044 5377 re-

450 5388 727 5458 cederem,
772 5408 884 5462 qua
912 5392 1071 5449 divus
1099 5395 1474 5470 Hieronymus
1513 5388 1768 5461 Vitarum
1814 5408 2044 5466 Patrum

450 5481 646 5568 auctor
671 5480 929 5568 creditus
965 5482 1091 5538 fuit.
1140 5484 1282 5540 Dedi
1311 5487 1488 5559 igitur
1515 5492 1620 5547 hoc
1671 5493 1815 5550 libro
1862 5497 2043 5568 primo

452 5563 723 5637 quidquid
744 5566 861 5625 fere
889 5569 1264 5645 Hieronymus
1285 5570 1343 5630 in
1371 5589 1436 5632 eo
1453 5591 1662 5648 genere
1687 5563 1968 5652 pmstitit.

2195 4534 2394 4589 Sextus
2414 4534 2558 4590 liber
2581 4542 2809 4594 auctore
2839 4541 3030 4598 Graeco
3049 4560 3272 4617 quoque
3292 4546 3525 4615 incerto,
3559 4557 3718 4607 certo

2121 4626 2314 4678 tamen
2357 4623 2666 4695 interprete
2713 4628 2929 4685 Joanne
2955 4648 2967 4659 ’
2994 4632 3051 4687 S.
3108 4633 3175 4688 R.
3227 4636 3289 4690 E.
3349 4636 3713 4709 subdiacono,

2125 4710 2297 4765 etiam
2316 4710 2501 4766 Verba
2519 4714 2804 4771 seniorum
2820 4721 3144 4789 exsequitur
3157 4722 3359 4779 libellis
3371 4739 3444 4779 Iv:
3466 4743 3709 4797 quorum

2124 4798 2342 4871 primus
2368 4805 2457 4855 est
2482 4802 2557 4855 De
2574 4804 2937 4862 Praevidentia
2956 4811 3066 4863 sive
3082 4810 3560 4882 Contemplatione,
3597 4822 3718 4871 est-

2126 4902 2235 4957 que
2263 4903 2393 4959 pars
2420 4888 2605 4944 ultimi
2640 4891 2815 4948 libelli
2833 4897 3220 4966 praecedentis.
3263 4886 3498 4958 Constat
3525 4910 3719 4961 autem

2124 4975 2375 5030 numeris
2405 4993 2528 5045 xvn;
2563 4981 2839 5037 secundus
2867 4984 2942 5039 De
2984 4991 3190 5043 sanctis
3216 4993 3526 5047 senioribus
3560 5032 3573 5059 ,
3617 4999 3723 5064 qui

2123 5065 2287 5132 signa
2313 5064 2610 5133 faciebant,
2644 5070 2895 5127 numeris
2922 5087 3037 5128 xvn
3065 5092 3077 5143 ;
3109 5077 3309 5133 tertius
3329 5080 3402 5134 De
3435 5096 3721 5137 conversa-

2127 5152 2274 5204 tione
2300 5155 2508 5220 optima
2536 5156 2881 5214 diversorum
2908 5168 3249 5231 sanctorum,
3275 5168 3529 5222 numeris
3555 5183 3714 5238 xvm;

2125 5241 2360 5308 quartus
2389 5236 2599 5308 Septem
2627 5247 2873 5314 capitula
2898 5252 3210 5319 verborum,
3241 5269 3359 5323 qua
3381 5258 3535 5311 misit
3552 5236 3721 5314 abbas

2123 5327 2327 5393 Moyses
2357 5328 2545 5383 abbati
2570 5333 2871 5401 Pcemenio;
2912 5344 2963 5392 et
2992 5342 3092 5408 qui
3125 5344 3441 5398 custodierit
3473 5362 3553 5412 ea,
3588 5349 3720 5401 libe-

2127 5415 2351 5468 rabitur
2377 5431 2411 5469 a
2436 5433 2615 5485 paena,
2651 5427 2978 5497 constatque
3016 5430 3268 5483 numeris
3287 5447 3486 5488 xxxv".

2198 5500 2482 5573 Septimus
2502 5505 2647 5562 liber
2655 5515 2941 5568 auctorem
2957 5513 3127 5570 habet
3141 5517 3393 5573 Grmcum
3405 5520 3682 5578 incertum
3691 5565 3705 5591 ,

2125 5593 2341 5647 certum
2376 5591 2743 5667 interpretem
2768 5598 3035 5659 Latinum
3060 5603 3424 5664 Paschasium
3450 5610 3509 5666 S.
3540 5610 3608 5667 R.
3642 5612 3707 5668 E.
