3958 6400
136 426 202 483 73

1373 427 1971 487 PROLEGOMENON
2005 430 2181 486 XXII.

3347 445 3412 501 74

132 552 453 632 diaconum.
483 552 748 608 Continet
783 558 971 608 autem
998 553 1163 609 verba
1182 555 1464 611 seniorum
1490 556 1549 611 in
1579 556 1983 621 locosAtutes,
2015 555 2174 626 quasi
2207 555 2483 627 pretiosos
2528 559 2761 630 lapides,
2814 562 3023 634 passim
3068 581 3408 638 proponens,

131 659 461 698 communes
486 642 726 713 digesta,
761 642 1177 715 absolviturque
1202 645 1479 716 capitibus
1510 662 1658 701 XLIV.

202 733 390 803 Atque
440 749 565 803 quae
614 732 887 786 hactenus
933 734 1411 805 enumeravimus,
1452 736 1734 808 prioribus

132 820 475 876 editionibus
495 821 646 876 varie
667 822 919 894 dispersa
945 839 1046 894 pro
1071 824 1342 895 cujusque
1370 826 1733 881 concinnato-

134 910 212 963 ris
241 916 407 981 captu
436 910 721 982 prodiere,
768 928 890 982 quae
932 912 1157 982 vulgato
1201 914 1455 968 Vitamm
1498 916 1731 971 Patrum

134 998 275 1052 libro
302 1000 459 1053 fuere
486 1000 910 1072 comprehensa.
944 1002 1106 1056 Nunc
1134 1004 1427 1073 sequentia
1454 1010 1732 1075 praeterea

134 1088 426 1143 accedunt.

204 1179 448 1233 Octavus
471 1178 614 1233 liber
630 1184 846 1234 certum
864 1186 1151 1235 auctorem
1175 1183 1430 1251 agnoscit
1450 1182 1729 1248 Graecum,

134 1267 447 1321 Palladium
478 1268 885 1340 Helenopoleos
905 1270 1246 1341 episcopum,
1273 1276 1488 1325 certum
1511 1290 1732 1343 quoque

132 1356 396 1410 Latinum
424 1357 791 1429 interpretem
823 1359 1164 1413 Gentianum
1188 1361 1512 1415 Hervetum.
1547 1362 1734 1416 Conti-

132 1451 227 1499 net
254 1451 449 1500 autem
476 1446 673 1501 breves
704 1448 933 1503 Patrum
966 1448 1145 1515 Vitas,
1171 1454 1229 1503 et
1255 1450 1627 1520 quarumdam
1649 1451 1731 1505 fe-

132 1534 418 1590 minarum
435 1536 823 1604 ascetriarum,
850 1537 907 1591 in
922 1538 1092 1591 Lausi
1113 1539 1397 1610 praepositi
1415 1540 1659 1609 gratiam
1672 1540 1729 1594 in

131 1640 309 1677 unum
335 1625 597 1679 volumen
628 1631 943 1696 congestas,
974 1627 1125 1682 unde
1158 1628 1440 1683 Lausiacae
1469 1629 1730 1684 Historia:

130 1729 336 1767 nomen
366 1713 627 1771 obtinuit.
662 1715 981 1770 Absolvitur
1005 1716 1279 1788 capitibus
1309 1732 1415 1771 CLI.

198 1803 397 1857 Nonus
420 1804 561 1858 liber
578 1804 678 1859 Dei
704 1805 1015 1859 amantium
1037 1806 1332 1860 historiam
1359 1806 1603 1861 virorum
1634 1824 1729 1878 pa-

1734 699 1754 715 .
1811 643 2114 699 utilitatem
2140 661 2302 700 suam
2331 650 2449 701 toto
2470 647 2528 702 in
2558 666 2789 720 corpore
2816 652 3040 708 lectoris
3073 656 3249 711 oculis
3277 674 3414 729 pro-

1807 732 1975 787 batur
1994 735 2214 789 otl'erre.
2231 735 2431 790 Decem
2452 738 2658 809 quippe
2683 746 2740 794 et
2760 757 2957 796 novem
2987 743 3197 800 divisus
3211 746 3270 800 in
3287 763 3415 818 par-

1816 828 1918 887 tes,
1944 823 2236 878 distinctas
2252 825 2381 879 licet
2391 826 2647 882 videatur
2666 828 2873 885 habere
2888 831 3141 900 virtutes,
3158 840 3413 891 attamen

1813 911 1948 964 dum
1975 913 2263 966 occasione
2284 915 2452 969 unius
2465 916 2795 989 plerumque
2816 920 3050 976 virtutes
3062 928 3273 979 caeteras
3286 942 3414 996 pro-

1814 1000 2023 1055 miscue
2045 1004 2529 1071 commendantur,
2567 1008 2772 1061 collisis
2802 1009 2952 1063 inter
2997 1028 3055 1065 se
3084 1012 3408 1081 unionibus,

1817 1088 1921 1142 hoc
1942 1094 2045 1155 est,
2080 1091 2298 1145 collatis
2324 1093 2395 1147 ad
2424 1093 2661 1149 invicem
2693 1097 3011 1167 virtutibus,
3057 1116 3413 1171 gemmarum

1813 1178 2190 1248 spiritualium
2222 1180 2558 1237 immortalis
2595 1184 2821 1240 claritas
2860 1204 2983 1242 sese
3025 1191 3408 1259 reverberans,

1814 1268 2057 1321 mutuati
2086 1269 2314 1324 luminis
2343 1271 2681 1327 detrimenta
2712 1291 2823 1329 non
2853 1277 3026 1331 novit.
3066 1296 3088 1329 ι

1884 1356 2092 1416 Tertio.
2136 1363 2318 1412 totum
2357 1359 2564 1415 librum
2605 1363 2883 1433 quintum,
2915 1366 3010 1437 qui
3054 1368 3306 1424 continet
3341 1372 3416 1425 De

1814 1447 2009 1499 caalesti
2033 1448 2414 1515 zEgyptiorum
2443 1452 2678 1505 Patrum
2708 1458 3117 1510 conversatione
3145 1459 3413 1513 breviores

1811 1536 2136 1592 sententias.
2168 1536 2504 1607 Quanquam
2524 1539 2609 1593 hae
2634 1543 2927 1598 sententiae
2948 1544 3009 1599 in
3034 1547 3282 1601 secunda
3301 1547 3416 1603 edi-

1813 1622 1965 1676 tione
1995 1641 2097 1694 per
2125 1625 2307 1679 varios
2336 1626 2509 1681 libros
2538 1646 2747 1701 sparsae
2784 1631 3117 1703 habeantur,
3153 1641 3227 1695 ut
3247 1655 3313 1691 ex
3341 1637 3411 1692 iis

1811 1710 1952 1764 nihil
1982 1712 2040 1766 in
2070 1730 2138 1767 ea
2165 1713 2519 1771 desideretur
2541 1724 2745 1789 praeter
2780 1722 2956 1777 solam
3001 1724 3411 1795 praefationem,

1810 1816 1979 1870 quam
2004 1801 2096 1855 hic
2119 1810 2458 1872 repraesento
2483 1823 2495 1859 :

128 1891 267 1945 riter
286 1909 352 1946 ac
370 1893 670 1948 mulierum
686 1895 1096 1965 complectitur,
1120 1911 1247 1965 qum
1258 1896 1604 1962 philotheus,
1629 1914 1728 1951 seu
1744 1888 1791 1947 B
1887 1907 1912 1941 ι
1940 1889 2095 1943 Licet
2123 1890 2193 1945 ab
2217 1892 2443 1947 exordio
2469 1895 2894 1966 conscriptionis
2917 1905 3125 1955 nostrae
3154 1902 3413 1959 voluntas

126 1981 461 2052 Theophiles
485 1983 710 2051 dicitur,
727 1990 877 2038 certo
894 1990 1120 2039 auctore
1150 1984 1361 2050 Graeco,
1377 1986 1728 2040 Theodoreto

126 2070 255 2139 Cyri
305 2072 565 2143 episcopo
597 2113 612 2132 .
667 2079 820 2127 certo
875 2090 1099 2144 quoque
1159 2074 1360 2128 Latino
1415 2074 1726 2146 interprete

127 2159 406 2214 Gentiano
435 2162 677 2215 Herveto
701 2181 714 2229 ;
747 2168 1075 2233 constatque
1096 2163 1373 2233 capitibus
1403 2179 1528 2217 xxx.

193 2249 458 2305 Decimus
484 2250 628 2305 liber
658 2257 943 2306 auctorem
966 2253 1221 2306 Graecum
1249 2252 1419 2307 habet
1447 2254 1722 2309 Joannem

125 2339 434 2406 Moschum,
453 2340 821 2412 interpretem
837 2341 1100 2396 Latinum
1124 2342 1481 2397 Ambrosium
1506 2343 1722 2397 Camal-

125 2428 435 2494 dulensem,
470 2435 525 2483 et
548 2446 753 2489 nomen
784 2429 1027 2486 obtinuit
1050 2431 1204 2485 Prati
1228 2432 1558 2502 spiritualis,
1573 2433 1721 2503 quod

125 2518 287 2571 variis
299 2524 621 2573 sanctorum
636 2519 760 2573 ﬂori
768 2518 868 2574 bus
880 2520 1074 2574 niteat.
1084 2521 1216 2575 Com
1224 2521 1521 2592 prehendit
1530 2528 1720 2576 autem

125 2608 305 2677 capita
334 2608 562 2662 omnino
586 2623 764 2662 CCXIX.

190 2696 326 2749 Post
352 2696 548 2751 decem
572 2698 675 2752 hos
704 2698 773 2751 de
803 2698 946 2752 Vitis
973 2699 1205 2753 Patrum
1237 2704 1295 2753 et
1323 2698 1506 2753 verbis
1535 2699 1721 2753 senio-

122 2802 244 2839 rum
278 2784 452 2840 libros
474 2787 691 2840 accedit
713 2787 1022 2858 Appendix,
1053 2805 1176 2859 qua:
1206 2789 1339 2859 quia
1364 2789 1558 2843 eadem
1580 2805 1722 2859 pene

121 2876 308 2930 omnia
334 2876 589 2931 continet
613 2876 890 2947 prioribus
932 2876 1089 2930 libris
1133 2878 1555 2948 comprehensa,
1590 2877 1717 2931 ideo

119 2982 243 3018 eam
263 2966 323 3019 in
353 2966 563 3019 calcem
580 2966 707 3020 libri
737 2966 924 3037 rejeci,
964 2972 1021 3020 et
1043 2966 1260 3020 minore
1289 2967 1611 3020 charactere
1631 2983 1718 3020 ex-

117 3055 283 3124 primi
296 3054 507 3110 curatvi.
524 3054 745 3109 Placuit
764 3061 953 3109 autem
966 3055 1111 3109 hanc
1129 3055 1495 3127 appendicem
1517 3055 1719 3110 subne-

116 3149 285 3209 ctere,
318 3144 469 3214 quod
498 3160 612 3198 non
639 3144 918 3214 ingratam
941 3160 1059 3198 rem
1081 3161 1171 3199 me
1191 3145 1528 3215 antiquariis
1543 3145 1717 3199 factu-

1811 1976 1972 2031 nobis
2000 1978 2188 2046 fuerit,
2228 1981 2417 2035 omnia
2447 1998 2568 2052 quae
2606 1984 2675 2037 de
2720 1987 3139 2043 conversatione
3182 1997 3409 2045 sancto-

1811 2082 1938 2119 rum
1960 2067 2193 2122 Patrum
2224 2070 2367 2123 scire
2386 2071 2692 2141 potuimus,
2713 2079 2956 2143 quatuor
2972 2076 3130 2132 libris
3160 2095 3411 2150 compre-

1810 2154 2088 2223 hendere;
2120 2159 2479 2227 postmodum
2499 2164 2686 2215 tamen
2715 2162 3133 2219 considerantes
3163 2166 3405 2238 singula.

1807 2243 2069 2312 quintum
2101 2246 2549 2315 superaddimus,
2580 2265 2652 2302 ne
2689 2249 2832 2304 forte
2865 2251 3182 2322 legentibus
3212 2262 3311 2310 aut
3340 2256 3409 2311 li-

1804 2329 2036 2386 brorum
2066 2335 2370 2404 quantitas,
2395 2340 2495 2390 aut
2508 2339 2920 2394 sententiarum
2941 2341 3261 2413 displiceret
3274 2362 3409 2400 con-

1804 2419 2029 2475 tinuata
2057 2424 2453 2493 numerositas.
2487 2426 2629 2480 Cum
2660 2427 2810 2481 enim
2838 2428 2897 2482 in
2947 2435 3064 2484 toto
3104 2432 3408 2489 voluminis

1803 2509 1972 2579 hujus
1994 2527 2231 2581 corpore
2251 2511 2502 2567 brevium
2523 2516 2930 2571 sententiarum
2958 2523 3120 2573 tanta
3139 2520 3404 2592 sitcopia,

1803 2602 1869 2651 ut
1898 2615 1993 2652 eas
2014 2600 2241 2669 prolixae
2282 2602 2575 2656 sententiae
2621 2604 2975 2660 addecimare
3016 2608 3104 2661 vix
3150 2611 3403 2680 possint;

1804 2685 1995 2740 habito
2026 2688 2317 2743 nobiscum
2355 2691 2591 2745 rationis
2616 2693 2848 2762 judicio,
2903 2695 3164 2751 arbitrati
3208 2716 3404 2755 sumus

1804 2773 1911 2828 hoc
1948 2776 2114 2830 modo
2160 2776 2410 2832 laborem
2461 2786 2715 2835 nostrum
2757 2782 2982 2838 lectoris
3023 2790 3194 2857 atque
3239 2788 3403 2843 audi-

1803 2863 1942 2917 toris
1992 2865 2190 2934 gratia:
2244 2869 2768 2923 commendandum.
2816 2872 3108 2943 Siquidem
3156 2876 3304 2947 [LXX]
3346 2882 3404 2932 et

1800 2950 1994 3006 breves
2024 2958 2081 3007 et
2111 2954 2289 3025 longae
2318 2958 2608 3011 sententiae
2653 2976 2755 3029 per
2800 2965 3043 3032 quatuor
3089 2964 3402 3021 anteriores

1800 3039 1971 3094 libros
2000 3041 2212 3096 mistim
2256 3044 2540 3099 relevandi
2577 3064 2749 3100 causa
2786 3048 2996 3103 fastidii
3034 3059 3399 3126 ponerentur,

1797 3129 2030 3184 collecta
2057 3147 2187 3185 vero
2215 3134 2676 3189 sententiolarum
2704 3137 2949 3206 plurima
2976 3140 3208 3209 partein
3220 3158 3399 3197 unum

114 3249 240 3286 rum
288 3233 695 3299 existimarem,
741 3233 788 3287 si
832 3238 1048 3287 veteres
1092 3233 1331 3287 Palladii
1374 3234 1712 3304 interpretes

1799 3217 2071 3286 libellum,
2108 3222 2268 3290 quasi
2314 3222 2566 3276 minutiae
2612 3225 2886 3294 quaedam,
2938 3231 2996 3280 et
3038 3244 3395 3298 gemmarum

113 3323 499 3392 producerem,
534 3328 599 3376 ut
628 3328 683 3377 et
719 3327 905 3377 textus
942 3323 1184 3377 varietas
1224 3324 1311 3377 vel
1351 3322 1711 3377 conformitas

113 3417 434 3483 appareret,
463 3416 522 3465 et
549 3412 680 3483 styli
711 3429 932 3483 quoque
961 3413 1270 3483 antiquitas
1283 3417 1710 3484 repraesentare-

112 3509 222 3556 tur.
258 3501 635 3555 Continentur
663 3506 852 3555 autem
882 3501 1188 3572 appendice
1217 3502 1335 3556 hazc
1365 3501 1661 3572 sequentia
1694 3520 1706 3555 :

112 3591 285 3661 [LXIX]
314 3590 625 3645 Heraclidis
653 3590 972 3653 Paradisus,
994 3591 1206 3645 incerto
1227 3590 1322 3644 sed
1340 3590 1513 3644 veteri
1532 3591 1711 3644 inter-

111 3686 269 3750 prete
295 3678 573 3750 capitibus
593 3695 716 3734 Lvm
741 3697 755 3746 ;
787 3679 1023 3733 Palladii
1045 3679 1333 3746 Lausiaca,
1366 3679 1580 3733 incerto
1611 3680 1706 3733 sed

109 3769 283 3822 veteri
309 3769 641 3840 interprete,
693 3768 969 3839 capitibus
1010 3783 1079 3822 xx
1112 3786 1125 3835 ;
1174 3768 1566 3839 Egyptiorum
1606 3768 1707 3822 Pa-

108 3866 259 3912 trum
290 3858 603 3924 sententiae,
636 3863 864 3913 auctore
896 3858 1086 3912 Graeco
1122 3858 1354 3924 incerto,
1397 3857 1705 3928 interprete

112 3947 355 4002 Martino
378 3948 668 4002 Dumiensi
688 3948 967 4019 episc0po.
987 3948 1261 4001 Constant
1287 3946 1538 4000 numeris
1558 3961 1699 4000 cxxx.

496 4072 1089 4128 PROLEGOMENON
1131 4072 1303 4127 XXII.

268 4179 415 4246 Quid
438 4195 658 4248 quaque
679 4180 845 4233 editio
868 4180 1150 4248 peculiare
1180 4184 1225 4233 et
1257 4180 1539 4232 diversum

650 4269 718 4322 ab
753 4270 886 4323 aliis
914 4268 1106 4322 habeat
1125 4273 1149 4322 ?

167 4395 241 4450 Ut
270 4410 364 4448 res
391 4394 510 4448 haec
523 4394 670 4448 clare
686 4392 756 4448 ob
784 4392 975 4447 oculos
1004 4396 1264 4463 ponatur,
1296 4391 1470 4446 statui
1497 4407 1697 4462 quam-

1795 3306 2080 3376 fragmina
2103 3308 2162 3362 in
2191 3326 2437 3364 massam
2460 3312 2707 3382 aliquam
2729 3315 3129 3370 conﬂarentur.
3162 3317 3396 3374 Senten-

1793 3395 1961 3450 tiolas
1989 3402 2177 3451 autem
2207 3398 2463 3467 dicimus,
2487 3408 2761 3471 quantum
2779 3403 2850 3456 ad
2872 3420 3173 3460 numerum
3198 3407 3395 3462 dictio-

1793 3501 1950 3539 num.
1983 3488 2262 3541 Caeterum
2289 3490 2546 3558 quaedam
2574 3489 2939 3547 inveniuntur
2965 3494 3025 3547 in
3053 3495 3134 3549 eis
3182 3503 3392 3567 quanto

1792 3574 1975 3628 verbis
2004 3574 2303 3644 breviores,
2338 3583 2496 3633 tanto
2527 3580 2781 3635 sensibus
2809 3581 3101 3638 fortiores:
3150 3586 3290 3640 adeo
3329 3592 3395 3641 ut

1792 3662 1837 3715 si
1870 3663 1994 3733 quis
2025 3681 2120 3718 eas
2149 3666 2433 3735 profusius
2481 3685 2757 3738 exponere
2810 3677 3041 3740 quaerat,
3092 3678 3246 3728 totus
3284 3674 3389 3730 sibi

1790 3752 1988 3806 adesse
2018 3755 2332 3808 necessario
2370 3755 2590 3811 debeat.
2634 3758 2780 3811 Sane
2805 3759 2966 3813 nobis
3000 3760 3165 3816 aliter
3201 3762 3390 3835 dispo-

1789 3840 2070 3909 nentibus,
2091 3859 2125 3895 a
2151 3842 2389 3897 Domino
2411 3844 2619 3899 factum
2641 3863 2761 3900 esse
2777 3848 3059 3903 credimus
3087 3854 3152 3903 ut
3176 3851 3387 3924 Egyp-

1786 3929 1996 3984 tiorum
2026 3932 2261 3985 Patrum
2292 3934 2534 3987 ccelestis
2552 3937 2899 3991 conversatio
2928 3937 3194 4007 legalium
3223 3940 3389 3996 libro-

1786 4035 1911 4072 rum
1939 4036 2173 4074 numero
2202 4021 2537 4091 signaretur,
2570 4041 2708 4095 quos
2729 4025 2846 4096 ipse
2874 4027 3149 4083 Dominus
3185 4030 3254 4084 de
3283 4046 3385 4101 po-

1784 4113 1988 4162 testate
2019 4110 2264 4180 zEgypti,
2313 4110 2369 4164 id
2400 4118 2485 4166 est
2530 4113 2913 4183 tenebrarum,
2961 4117 3188 4189 eripuit,
3230 4125 3288 4173 et
3324 4120 3384 4174 in

1782 4197 2042 4253 cordibus
2069 4216 2265 4253 eorum
2294 4201 2638 4271 Evangelicae
2686 4203 2826 4274 legis
2864 4205 3089 4261 decreta
3140 4208 3383 4280 Spiritus

1782 4286 1959 4340 sancti
1992 4289 2138 4359 style
2167 4289 2515 4360 conscripsit.
2550 4292 2765 4347 Horum
2792 4310 2925 4364 ergo
2954 4294 3239 4352 intuentes
3264 4298 3385 4352 exi-

1778 4379 1903 4429 tum
1932 4378 2387 4445 conversationis,
2408 4380 2596 4447 Iidem,
2628 4383 2977 4453 propositum
3005 4384 3296 4441 imitemur
3325 4392 3383 4441 et

105 4500 204 4554 que
235 4483 547 4538 editionem
575 4483 723 4537 inter
754 4499 814 4536 se
844 4498 1193 4553 comparare.
1225 4482 1295 4536 Et
1336 4498 1407 4536 ne
1443 4465 2050 4554 confusioDStUdiuma
2083 4472 2148 4520 Ut
2175 4467 2311 4521 εοοίί
2334 4469 2657 4539 PaSSionum
2690 4472 2890 4540 effecti,
2932 4480 3219 4529 consortes
3256 4476 3379 4531 efﬁ-

105 4573 281 4639 detur,
317 4590 421 4645 per
445 4572 829 4645 paragraphos
855 4572 1300 4643 comparationes
1326 4570 1689 4641 distinguam.

208 4697 240 4771 §
281 4699 327 4753 I.
362 4699 711 4768 Comparatio
734 4700 934 4767 prima:
954 4702 1004 4751 et
1027 4698 1274 4752 secunda:
1296 4696 1576 4751 editionis.

165 4823 361 4877 Prima
390 4822 560 4878 editio
590 4821 838 4894 quinque
868 4827 1130 4877 constans
1168 4821 1326 4875 libris
1372 4821 1489 4876 haec
1527 4818 1698 4875 habet

103 4912 404 4981 peculiaria
433 4918 491 4967 et
525 4912 745 4966 diversa
769 4928 803 4965 a
821 4912 1064 4966 secunda
1088 4911 1333 4965 editione
1357 4929 1370 4964 :

164 5002 376 5069 Primo,
403 5006 587 5056 totum
616 5000 821 5055 librum
849 5001 1103 5068 tertium,
1135 5017 1234 5055 seu
1270 4999 1503 5054 Palladii
1546 5000 1693 5054 Lau-

101 5090 321 5157 siacam,
354 5092 574 5145 incerto
603 5091 703 5145 sed
731 5091 906 5145 veteri
936 5091 1263 5162 interprete.

166 5181 442 5246 Secundo,
474 5181 535 5235 in
553 5180 696 5235 libro
715 5185 916 5252 quarto
946 5181 1118 5235 habet
1135 5179 1541 5252 praefationem,
1568 5196 1689 5250 quae

102 5270 345 5325 secundae
365 5269 602 5323 editioni
622 5269 797 5324 deest.
828 5271 912 5323 Ne
942 5270 1066 5341 quis
1096 5286 1221 5323 eam
1246 5269 1545 5335 desideret,
1564 5285 1688 5322 ecce

104 5354 179 5411 hic
204 5360 351 5414 habe
375 5375 391 5413 :
431 5379 454 5411 ι
488 5359 632 5413 Cum
649 5358 830 5413 omnis
858 5358 1109 5430 praefatio
1139 5363 1353 5413 textum
1375 5364 1689 5429 opportune

106 5449 454 5515 praeveniens,
483 5453 583 5523 aut
601 5448 886 5519 sequentis
899 5448 1149 5503 materiae
1167 5447 1423 5519 praedicit
1447 5446 1690 5517 qualita-

105 5542 221 5603 tem,
251 5545 352 5594 aut
371 5539 729 5593 defensatum
748 5538 834 5594 sui
855 5537 1210 5593 commendet
1236 5543 1520 5591 auctorem
1540 5556 1552 5603 ;
1569 5542 1690 5590 tum

107 5638 215 5681 vero
243 5629 541 5700 praesentis
562 5628 689 5682 libri
711 5626 914 5683 seriem
929 5627 1155 5699 proprio
1182 5625 1458 5696 contingit
1478 5625 1583 5680 hac
1622 5626 1691 5679 de

107 5728 251 5773 causa
278 5719 517 5791 prologo
542 5717 817 5789 indigere,
846 5716 980 5790 quia
1007 5715 1276 5790 speciales
1301 5715 1573 5787 quasdam
1588 5714 1694 5769 vir-

473 5818 747 5880 PATBOL.
779 5814 1070 5879 LXXIII.

1777 4553 1993 4608 ciamur
2015 4561 2072 4609 et
2098 4556 2330 4627 praemii.
2361 4576 2387 4609 »

1849 4644 1915 4698 In
1943 4645 2098 4698 nullo
2128 4645 2513 4717 manuscripto
2567 4664 2689 4701 eam
2737 4648 3120 4720 praefationem
3166 4651 3374 4721 inveni,

1778 4732 1863 4787 uti
1887 4749 1990 4786 nec
2016 4732 2298 4788 breviores
2314 4735 2642 4803 sententias,
2667 4736 2870 4807 quibus
2888 4754 2956 4792 ea
2973 4739 3225 4810 praefatio
3241 4758 3379 4813 prae-

1778 4821 2061 4889 mittitur;
2094 4839 2267 4893 quare
2297 4823 2550 4878 existimo
2578 4841 2613 4878 a
2641 4825 2823 4896 primo
2855 4828 3254 4885 concinnatore
3283 4830 3377 4885 Vi-

1776 4916 1963 4965 tarum
1991 4912 2243 4979 Patrum,
2277 4913 2530 4984 quisquis
2555 4914 2649 4968 ille
2691 4914 2781 4982 sit,
2832 4934 2927 4971 eas
2965 4920 3275 4975 sententias
3311 4938 3379 4976 ex

1776 5000 2010 5071 reliquis
2056 5001 2214 5055 libris
2263 5007 2571 5072 excerptas,
2617 5005 2766 5074 quod
2820 5005 2944 5076 ipsa
2988 5008 3241 5078 prmfatio
3300 5010 3378 5063 lo-

1696 5090 1703 5097 “
1778 5089 1971 5159 quitur
1983 5134 1996 5147 .

1845 5178 2104 5232 Secunda
2131 5178 2303 5233 editio
2343 5185 2587 5250 quatuor
2632 5188 2895 5238 constans
2933 5185 3208 5256 partibus,
3260 5187 3375 5240 haec

1770 5267 2000 5338 propria
2023 5266 2211 5335 habet,
2247 5285 2369 5339 quae
2400 5268 2459 5322 in
2484 5269 2666 5340 prima
2695 5271 3122 5330 desiderantur:
3170 5274 3372 5346 primo,

1772 5356 1931 5409 Vitas
1949 5356 2075 5409 ill‘as
2091 5357 2145 5410 in
2158 5357 2343 5428 prima
2357 5363 2518 5427 parte
2540 5375 2679 5429 quas
2697 5362 3101 5432 prolegomeno
3124 5361 3186 5418 19
3199 5362 3375 5416 nomi-

1772 5446 1951 5499 natim
1971 5446 2119 5511 dedi,
2154 5453 2383 5517 excepta
2403 5447 2533 5501 Vita
2556 5448 2806 5515 Marinae,
2838 5467 2937 5505 seu
2953 5451 3172 5517 Marini,
3206 5467 3376 5522 quam

1773 5535 1958 5607 prima
1986 5534 2156 5589 editio
2183 5536 2351 5590 habet
2374 5535 2432 5590 in
2454 5537 2562 5591 fine
2586 5538 2768 5607 quinti
2794 5539 2919 5593 libri
2947 5558 2960 5605 ;
2986 5541 3250 5605 secundo,
3286 5546 3375 5595 to-

1772 5631 1890 5679 tam
1919 5624 2149 5679 tertiam
2179 5632 2418 5696 partem,
2467 5643 2638 5697 quam
2666 5644 2730 5680 ex
2770 5628 2973 5683 Severo
3003 5636 3061 5683 et
3108 5630 3376 5686 Cassiano

1776 5719 2094 5786 excerptam
2118 5731 2239 5769 esse
2260 5714 2423 5770 docui
2448 5714 2507 5769 in
2522 5715 2626 5770 hac
2645 5722 2848 5787 quarta
2872 5723 3068 5774 nostra
3096 5720 3372 5788 editione;

3021 5820 3059 5878 3
