3958 6402
511 359 582 428 75.

510 574 704 640 chasii,
739 579 794 628 et
825 575 1155 646 opusculum
1183 577 1255 630 De
1276 577 1437 628 laude
1457 580 1504 627 et
1530 577 1709 640 effectu
1735 577 2029 627 virtutum.

649 680 678 754 §
709 681 781 736 Π.
817 681 1164 752 Comparatio
1188 684 1386 750 primm
1419 688 1463 734 et.
1497 683 1667 734 tertiae
1687 683 1959 733 editionis.

581 769 770 824 Prima
800 769 972 824 editio
1004 770 1144 824 nihil
1173 770 1454 842 peculiare
1484 769 1752 836 continet,
1803 769 1950 839 quod
1990 785 2104 822 non

509 862 567 932 et
594 857 652 911 in
682 858 850 911 tertia
879 859 1215 930 reperiatur.

575 946 764 1002 Tertia
790 964 920 1002 vero
948 947 1119 1002 editio
1149 948 1266 1000 haec
1294 964 1328 1000 a
1353 947 1534 1018 prima
1577 947 1797 1001 diversa
1840 945 2010 1000 habet
2045 946 2102 1000 in

504 1035 862 1106 primolibro,
889 1053 1010 1106 quae
1035 1035 1216 1090 tribus
1241 1042 1463 1100 constat
1495 1035 1766 1108 partibus.
1791 1035 2105 1092 Peculiaria

506 1121 677 1178 habet
705 1123 761 1177 in
789 1124 976 1196 prima
1005 1131 1062 1178 et
1090 1125 1337 1178 secunda
1364 1130 1523 1194 parte
1549 1143 1558 1176 :

581 1211 799 1276 Primo,
823 1229 1018 1266 omnes
1046 1213 1205 1266 Vitas
1243 1213 1366 1265 illas
1399 1229 1537 1284 quas
1577 1217 1634 1266 et
1663 1212 1907 1266 secunda
1938 1211 2108 1266 editio

511 1299 682 1354 habet
702 1306 830 1372 post
852 1301 1010 1354 Vitas
1033 1318 1066 1354 a
1087 1301 1309 1354 Ruﬂino
1328 1302 1669 1372 conscriptas
1693 1321 1704 1352 :
1730 1301 1932 1372 quibus
1951 1301 2109 1354 addit

512 1388 702 1442 Vitam
761 1388 996 1460 Epicteti
1012 1394 1069 1442 et
1086 1389 1334 1442 Astionis
1346 1407 1362 1452 ;
1398 1406 1614 1443 necnon
1635 1393 1706 1445 De
1727 1393 1958 1442 muliere
1988 1391 2108 1442 Γεν-

513 1481 734 1530 cettcnsi
769 1481 956 1546 septies
991 1481 1116 1542 icta,
1153 1485 1379 1532 auctore
1410 1479 1534 1532 divo
1571 1478 1911 1548 Hieronymo
1951 1484 2006 1531 et
2050 1478 2104 1531 in

515 1565 626 1618 ﬁne
657 1565 837 1636 quinti
868 1564 1014 1632 libri,
1037 1567 1223 1620 Vitam
1247 1568 1503 1620 Barlaam
1531 1573 1588 1620 et
1613 1567 1906 1638 Josaphat.
1938 1567 2109 1622 Pecu-

509 1652 709 1707 liarem
727 1653 901 1707 etiam
923 1653 1093 1708 habet
1115 1661 1290 1708 totam
1330 1655 1554 1708 tertiam
1577 1661 1792 1724 partem
1822 1671 1944 1728 quae
1974 1671 2106 1707 con-

506 1741 653 1795 tinet
679 1747 946 1812 excerpta
967 1759 1031 1795 ex
1059 1743 1260 1796 Severo
1290 1750 1346 1796 et
1369 1743 1653 1796 Cassiano.

1415 363 1492 416 IN
1529 360 1744 416 VITAS
1784 359 2079 418 PATRUM
2113 357 2657 418 PROLEGOMENA
2697 355 2892 412 XXVI.

507 485 697 554 tertio,
727 489 906 540 totam
933 489 1192 560 quartam
1222 491 1461 560 partem,
1495 485 1552 539 id
1585 490 1690 549 est,
1723 450 1929 538 narum
1958 485 2164 548 Pas-A

3715 346 3788 404 76

2539 500 2686 544 VITA
2721 496 3070 542 CHRISTIANI
3115 494 3418 540 MONACBI.

2266 601 2287 630 ι
2334 581 2574 645 Quidam
2623 579 3080 634 Cenomanensis.
3133 576 3359 632 nomine
3409 573 3786 636 Christianus,

2183 669 2404 738 juvenis
2434 686 2728 722 conversus
2751 669 3038 737 ingressus
3065 672 3151 720 est
3181 664 3566 718 eremitorium
3615 662 3794 734 quod-

2187 759 2315 810 dam
2355 759 2412 811 in
2470 757 2949 828 arcliiepiscopatu
3001 755 3335 819 Turonensi,
3391 753 3589 824 [Lxxn]
3637 751 3792 823 quod

2187 846 2392 899 dicitur
2420 846 2806 900 Castinetum:
2842 846 2935 898 ubi
2967 862 3091 898 cum
3125 844 3345 896 fortiter
3390 847 3712 896 tentaretur
3759 857 3794 893 a

2186 952 2353 988 carne
2385 952 2506 999 sua,
2540 934 2826 1003 afﬂigebat
2841 952 2898 987 se
2919 934 2976 987 in
3001 931 3433 1003 quadragesima
3447 931 3718 1000 jejunans
3737 934 3794 981 et

2185 1023 2472 1077 abstinens
2502 1040 2560 1076 se
2593 1023 2662 1076 ab
2693 1023 2844 1075 omni
2892 1029 3028 1092 potu
3077 1028 3280 1091 praeter
3319 1036 3497 1073 unum
3531 1018 3684 1071 diem
3733 1017 3794 1070 in

2185 1112 2518 1183 septimana.
2548 1112 2611 1166 In
2641 1111 2822 1164 hieme
2855 1110 3041 1163 stabat
3068 1109 3301 1164 vestitus
3326 1109 3382 1162 in
3408 1123 3556 1179 aqua
3579 1105 3797 1176 frigida

2190 1217 2367 1272 usque
2398 1201 2464 1253 ad
2499 1200 2722 1264 collum,
2754 1199 3105 1270 disciplinam
3131 1197 3235 1251 sibi
3282 1195 3451 1250 dabat
3498 1211 3795 1266 usquequo

2199 1291 2368 1360 virgae
2393 1290 2869 1360 dirumperentur.
2895 1288 3000 1351 Qui
3029 1304 3155 1340 cum
3189 1286 3431 1358 quadam
3462 1283 3550 1337 die
3581 1283 3686 1336 hoc
3707 1282 3795 1336 fa-

2199 1384 2367 1442 ceret,
2410 1383 2467 1431 et
2490 1395 2548 1430 se
2581 1377 2869 1430 cecidisset
2899 1393 3076 1446 usque
3099 1376 3170 1428 ad
3195 1374 3548 1445 sanguinem,
3578 1372 3798 1425 audivit

2191 1484 2380 1520 vocem
2412 1484 2445 1519 a
2475 1471 2634 1537 parte
2665 1466 2980 1519 Occidentis
3009 1465 3286 1517 dicentem
3314 1481 3324 1515 :
3374 1461 3526 1515 Nihil
3562 1461 3797 1532 prodest

2191 1555 2290 1609 tibi
2319 1555 2466 1626 quod
2494 1555 2646 1620 facis,
2680 1555 2784 1607 iste
2813 1555 2961 1607 Deus
2989 1570 3155 1624 quem
3184 1552 3472 1614 inclamas,
3497 1567 3608 1604 non
3635 1548 3800 1602 dabit

2191 1643 2292 1697 tibi
2325 1644 2472 1714 quod
2503 1644 2644 1714 petis
2672 1662 2683 1709 ;
2711 1643 2808 1696 sed
2839 1650 3161 1696 convertere
3182 1641 3252 1695 ad
3274 1658 3383 1704 me,
3411 1646 3466 1694 et
3483 1635 3800 1692 auxiliabor

2123 1759 2172 1820 Β
2190 1732 2312 1786 tibi.
2333 1731 2490 1795 Quod
2521 1731 2614 1784 ille
2645 1731 2880 1784 audiens
2908 1730 3185 1784 intellexit
3205 1746 3393 1782 vocem
3415 1744 3537 1781 esse
3557 1726 3795 1780 inimici.

579 1830 857 1896 Secundo,
889 1830 948 1883 in
970 1830 1166 1902 quinto
1187 1831 1326 1884 libro
1357 1831 1696 1903 peculiarem
1713 1830 1883 1886 habet
1903 1815 2163 1885 librum—
2193 1821 2262 1876 Et
2290 1838 2415 1874 cum
2461 1825 2678 1874 orasset
2713 1821 2892 1874 Deum
2931 1827 2996 1874 ut
3045 1819 3411 1873 auxiliaretur
3449 1815 3553 1869 sibi
3598 1821 3798 1868 contra

517 1916 824 1970 Paschasii.

648 2023 798 2096 §III.
819 2024 1166 2092 Comparatio
1192 2027 1393 2092 prima:
1414 2031 1461 2078 et
1481 2029 1694 2093 quarta:
1709 2027 1814 2078 edit
1824 2027 1983 2080 ίοηιζς.

581 2121 762 2190 {LXXI}
785 2121 975 2176 Prima
988 2120 1163 2175 editio
1178 2120 1318 2174 nihil
1338 2121 1524 2184 habet,
1543 2121 1691 2190 quod
1713 2137 1824 2176 non
1844 2122 1899 2176 in
1916 2126 2116 2190 quarta

511 2209 617 2264 hac
647 2216 842 2264 nostra
869 2209 1140 2280 reperias,
1175 2214 1403 2280 excepta
1434 2210 1758 2280 prmfatione
1776 2227 1944 2280 quam
1971 2209 2114 2264 libro

509 2314 611 2352 suo
627 2303 828 2368 quarto
850 2299 962 2368 (qui
984 2299 1130 2368 apud
1150 2314 1251 2352 nos
1278 2299 1508 2368 quintus
1528 2305 1630 2365 est)
1653 2299 1914 2368 praeﬁgit,
1935 2315 2104 2368 quam

502 2387 623 2457 jam
655 2387 824 2456 paulo
851 2393 981 2440 ante
1011 2386 1099 2440 hic
1129 2387 1391 2456 expressi.
1427 2389 1665 2458 Excepto
1697 2388 1833 2441 item
1886 2387 2033 2442 libro
2079 2405 2110 2439 ν

506 2475 702 2546 prima:
721 2475 1005 2538 editionis,
1043 2475 1138 2545 qui
1159 2474 1505 2530 brevioribus
1527 2483 1750 2530 constat
1779 2477 2106 2530 sententiis.

321 2633 334 2644 ν
419 2602 427 2608 ς
510 2563 600 2617 Eae
623 2569 818 2617 tamen
845 2564 1136 2618 sententiae
1165 2581 1364 2617 omnes
1393 2565 1518 2618 aliis
1549 2565 1704 2618 libris
1735 2571 1950 2636 quarta:
1983 2565 2104 2618 edi-

508 2651 678 2706 tionis
703 2652 1034 2706 intermista:
1055 2658 1379 2706 occurrunt.

583 2740 797 2803 Quarta
825 2739 996 2794 editio
1026 2739 1144 2794 hxec
1162 2739 1429 2794 distincta
1457 2758 1488 2794 a
1509 2741 1691 2810 prima
1717 2741 1904 2805 habet,
1947 2739 1998 2796 1°
2029 2746 2111 2794 to-

515 2832 637 2882 tum
667 2827 912 2898 primum
931 2827 1158 2893 librum,
1193 2828 1287 2898 qui
1311 2828 1476 2882 variis
1498 2829 1638 2882 Vitis
1650 2836 1969 2884 sanctorum
1984 2845 2110 2882 con-

516 2919 647 2981 stat,
679 2921 909 2986 excepta
954 2916 1085 2970 Vita
1111 2922 1315 2970 sancta:
1364 2917 1614 2983 Matinae,
1660 2935 1782 2988 qua;
1829 2918 1890 2972 in
1937 2918 2120 2988 prima

516 3003 760 3058 editione
783 3003 844 3060 in
876 3005 1027 3058 calce
1057 3004 1185 3058 libri
1215 3019 1250 3057 ν
1273 3005 1583 3076 reperitur;
1617 3005 1676 3062 '20
1705 3012 1886 3060 totum
1914 3007 2119 3059 librum

513 3098 798 3162 quartum,
849 3093 945 3163 qui
974 3109 1039 3148 ex
1070 3094 1272 3148 Severo
1305 3100 1362 3147 et
1388 3094 1667 3148 Cassiano
1691 3097 1966 3149 conﬂatus
1995 3101 2082 3148 est
2104 3113 2118 3163 ;
2139 3108 2186 3169 ο

515 3178 576 3232 3ο
605 3185 788 3234 totum
810 3180 1018 3234 librum
1049 3181 1368 3252 septimum,
1412 3181 1716 3252 interprete
1764 3184 2064 3237 Paschasio
2090 3204 2102 3244 ;

517 3267 574 3322 4ο
607 3273 792 3324 totum
819 3269 1024 3326 libram
1047 3275 1329 3330 octavum.
1354 3287 1453 3324 seu
1472 3271 1708 3325 Palladii
1738 3271 2106 3340 Lausiacam;

513 3354 571 3412 5ο
597 3361 782 3412 totum
835 3357 1041 3414 librum
1088 3375 1320 3423 nonum,
1372 3376 1471 3414 seu
1517 3360 1856 3414 Theodoreti
1915 3361 2108 3415 Philo-

509 3445 742 3511 theum;
776 3445 833 3500 6°
849 3452 1032 3501 totum
1054 3447 1263 3502 librum
1286 3447 1586 3512 decimum,
1617 3465 1716 3502 seu
1743 3448 1974 3502 Joannis
1993 3449 2108 3503 Mo—

513 3533 633 3588 schi
661 3533 894 3590 Pratum
919 3535 1210 3605 spirituale
1240 3554 1252 3601 ;
1284 3536 1342 3589 7°
1369 3553 1435 3589 ex
1463 3536 1770 3606 appendice
1793 3537 2104 3590 Heraclidis

509 3621 862 3688 Paradisum,
896 3629 953 3676 et
979 3623 1371 3694 Egyptiorum
1396 3625 1629 3680 Patrum
1658 3625 1987 3691 sententias,
2012 3625 2103 3680 in-

507 3714 755 3781 terprete
783 3711 1026 3766 Martiae
1046 3711 1357 3766 Dumiensi.

613 3815 643 3888 δ
671 3816 765 3874 IV.
795 3819 1146 3887 Comparatie
1173 3821 1416 3872 secunda:
1437 3824 1483 3872 et
1515 3824 1688 3874 tertiae
1717 3823 1995 3875 editionis.

577 3916 837 3969 Secunda
858 3916 1028 3970 editio
1044 3916 1101 3969 in
1115 3917 1230 3970 ﬁne
1253 3916 1422 3970 habet
1447 3919 1775 3987 Opusculum
1793 3921 1866 3973 De
1882 3921 2044 3973 laude
2061 3925 2108 3972 et

511 4005 697 4068 eﬂ‘ectu
723 4006 1022 4069 virtutum,
1054 4005 1202 4074 quod
1233 4005 1390 4058 deest
1417 4006 1597 4060 tertiae
1625 4007 1876 4060 editioni.

583 4091 778 4144 Tertia
805 4091 974 4144 editio
997 4093 1113 4146 haec
1132 4093 1495 4162 particularia
1519 4095 1786 4160 continet,
1812 4113 1934 4166 quze
1951 4096 2006 4149 in
2023 4113 2110 4149 se-

511 4179 697 4234 cunda
723 4180 1154 4248 desiderantur;
1181 4182 1382 4252 primo,
1415 4183 1605 4236 Vitam
1637 4182 1871 4252 Epicteti
1903 4189 1958 4237 et
2003 4186 2108 4238 As-

511 4267 700 4332 tionis,
733 4274 791 4321 et
820 4269 1006 4322 Vitam
1035 4270 1294 4323 Barlaam
1328 4277 1384 4323 et
1413 4271 1700 4340 Josaphat,
1735 4277 1792 4324 et
1820 4272 1978 4324 Vitas
2009 4272 2114 4325 Fa-

513 4355 675 4410 biolae
703 4363 762 4410 et
790 4356 1083 4411 Marcellae.
1111 4359 1253 4412 Item
1284 4359 1548 4429 epistolas
1571 4359 1746 4412 sancti
1779 4359 2028 4423 Antonii,
2062 4367 2118 4414 et

2192 1908 2551 1973 tentationes,
2585 1907 2875 1978 proposuit
2906 1907 3136 1976 aggredi
3169 1905 3682 1977 peregrinationem
3725 1903 3799 1956 ad

2195 1996 2440 2050 diversos
2469 2003 2709 2062 sanctos,
2742 2003 2806 2049 ut
2834 1996 2912 2050 ita
2939 1996 3126 2048 ﬁniret
3157 1995 3328 2048 vitam
3360 2009 3520 2046 suam
3549 1992 3802 2064 peregri-

2196 2085 2400 2139 nando.
2435 2085 2504 2138 Et
2533 2101 2659 2138 cum
2686 2085 2782 2138 diu
2815 2085 2918 2138 hoc
2947 2084 3264 2153 cogitasset,
3324 2086 3548 2152 accepto
3593 2080 3802 2134 baculo

2199 2190 2458 2243 egressus
2485 2179 2568 2226 est
2601 2173 2763 2226 nudis
2788 2173 3035 2244 pedibus.
3083 2173 3151 2227 Et
3199 2188 3327 2227 cum
3372 2171 3616 2224 venisset
3662 2177 3802 2224 ante

2199 2263 2503 2332 quamdam
2536 2263 2846 2326 ecclesiam,
2882 2262 3035 2315 ﬂexis
3078 2260 3315 2332 genibus
3361 2259 3577 2330 rogavit
3613 2257 3802 2312 Deum

2197 2356 2260 2404 ut
2293 2351 2452 2403 daret
2481 2351 2530 2404 ei
2561 2351 2768 2405 bonum
2797 2351 3116 2404 consilium.
3159 2350 3263 2402 Vix
3293 2348 3364 2402 ab
3389 2347 3641 2402 oratione
3667 2364 3805 2402 sur-

2195 2446 2436 2502 rexerat,
2470 2445 2526 2492 et
2559 2457 2683 2492 ecce
2714 2439 2890 2505 sensit
2927 2439 3162 2492 fetorem
3193 2453 3480 2508 magnum.
3515 2452 3617 2507 per
3637 2437 3805 2506 quod

2195 2527 2468 2580 intellexit
2497 2528 2780 2580 diabolum
2811 2534 3109 2592 astantem,
3142 2527 3237 2598 qui
3269 2527 3319 2579 ei
3350 2524 3689 2595 suggerebat
3715 2542 3806 2579 re-

2192 2616 2449 2686 linquere
2483 2616 2736 2670 habitum
2764 2616 3051 2686 religionis
3076 2621 3132 2669 et
3159 2616 3343 2669 locum
3363 2630 3549 2667 suum.
3581 2614 3649 2666 Et
3671 2631 3808 2683 gra-

2190 2705 2300 2757 tias
2329 2721 2504 2772 agens
2541 2705 2780 2758 Domino
2811 2705 2879 2756 de
2909 2704 3009 2757 tali
3055 2704 3236 2773 signo,
3290 2719 3547 2756 reversus
3593 2708 3680 2754 est
3730 2703 3805 2755 ad

2193 2791 2396 2846 fratres
2427 2810 2576 2846 suos.
2611 2793 2715 2846 Hic
2745 2793 3050 2862 aliquando
3079 2792 3138 2846 in
3158 2792 3298 2845 festo
3328 2791 3504 2844 sancti
3527 2790 3806 2860 Stephani

2199 2879 2515 2933 dormiebat
2531 2881 2600 2933 ad
2633 2881 2960 2934 matutinas.
2987 2881 3188 2934 Etcum
3209 2881 3490 2948 legeretur
3504 2878 3804 2945 illalectio,

2200 2968 2295 3022 ubi
2327 2969 2533 3037 legitur
2563 2987 2572 3022 :
2606 2970 2673 3022 Et
2703 2970 3091 3039 lapidaverunt
3126 2969 3493 3038 Stephanum,
3529 2983 3808 3037 experge-

2203 3058 2385 3111 factus
2413 3059 2480 3110 ad
2513 3058 2614 3110 hoc
2635 3058 2883 3123 verbum,
2912 3057 3270 3128 reprehendit
3299 3073 3357 3110 se
3385 3056 3454 3110 de
3483 3055 3810 3109 somnolen-

2202 3146 2301 3210 tia,
2335 3146 2547 3200 dicens:
2577 3147 2670 3200 Vae
2703 3147 2860 3212 mihi,
2883 3147 3017 3217 quia
3047 3146 3125 3200 sic
3139 3145 3358 3199 dormio
3376 3145 3445 3198 ad
3467 3143 3809 3214 obsequium

2195 3234 2320 3289 Dei.
2341 3235 2453 3288 Iste
2475 3241 2698 3288 sanctus
2719 3253 2829 3289 non
2845 3234 3159 3289 dormiebat
3172 3233 3394 3304 quando
3415 3231 3801 3303 lapidabatur,

2195 3329 2254 3376 et
2279 3340 2379 3393 pro
2393 3323 2840 3394 persecutoribus
2858 3323 3082 3390 orabat;
3107 3329 3163 3376 et
3185 3339 3287 3392 ego
3303 3322 3474 3376 miser
3494 3319 3810 3375 debueram

2192 3428 2391 3481 rogare
2422 3412 2594 3465 istum
2623 3418 2878 3466 sanctum
2919 3418 3229 3483 martyrem
3269 3417 3334 3464 ut
3380 3416 3503 3464 oret
3545 3426 3648 3484 pro
3687 3427 3806 3466 me.

2191 3501 2260 3554 Et
2287 3506 2413 3570 post
2443 3500 2546 3554 hoc
2570 3501 2738 3572 ca‘pit
2779 3501 3156 3555 intentissime
3204 3501 3455 3571 vigilare,
3507 3503 3565 3552 et
3601 3514 3811 3568 rogare

2186 3596 2440 3642 sanctum
2464 3590 2810 3659 Stephanum
2839 3595 2905 3643 ut
2933 3596 3125 3643 oraret
3169 3605 3270 3660 pro
3319 3605 3400 3642 se.
3441 3586 3510 3641 In
3552 3588 3809 3648 crastino

2188 3695 2316 3732 cum
2345 3683 2491 3732 esset
2515 3678 2573 3732 in
2594 3678 2915 3743 refectorio,
2949 3685 3253 3749 antequam
3274 3676 3485 3748 aliquid
3514 3680 3800 3746 gustaret,

2189 3767 2340 3821 venit
2365 3784 2466 3821 vox
2497 3767 2566 3820 ad
2601 3783 2748 3833 eum,
2787 3767 3016 3820 dicens:
3047 3769 3133 3821 Tu
3163 3765 3407 3820 intendis
3445 3765 3515 3818 ad
3542 3771 3809 3820 terrenas

2190 3873 2362 3922 escas,
2394 3863 2451 3910 et
2469 3873 2579 3910 non
2610 3856 2830 3926 cogitas
2865 3856 2935 3908 de
2964 3856 3208 3925 glorioso
3255 3858 3674 3926 protomartyre
3705 3854 3809 3924 qui

2191 3953 2315 3998 orat
2337 3962 2436 4016 pro
2468 3951 2542 3998 te.
2575 3946 2739 3998 Tunc
2779 3945 2957 4015 aperti
2988 3951 3121 3998 sunt
3157 3943 3303 3998 oculi
3333 3945 3474 4013 ejus,
3514 3948 3570 3996 et
3609 3943 3810 3997 levans

2192 4034 2380 4088 oculos
2407 4034 2464 4086 in
2495 4034 2722 4098 coelum,
2755 4033 2897 4087 vidit
2926 4040 3233 4104 martyrem
3264 4039 3521 4088 orantem
3571 4047 3673 4102 pro
3723 4049 3810 4098 se,

2193 4122 2338 4175 sicut
2366 4139 2467 4174 vox
2499 4121 2548 4174 ei
2586 4121 2830 4176 dixerat.
2857 4122 3015 4186 Quod
3042 4138 3168 4176 cum
3192 4121 3441 4186 dixisset,
3475 4119 3669 4176 statim
3686 4136 3816 4173 sur-

2199 4209 2343 4262 rexit
2365 4215 2421 4262 et
2457 4209 2618 4279 petiit
2660 4211 2841 4264 locum
2888 4217 3164 4264 secretum
3218 4211 3275 4264 in
3321 4226 3431 4279 quo
3481 4213 3687 4272 oraret,
3747 4215 3814 4263 et

2199 4297 2372 4351 dixit:
2409 4300 2610 4352 Sancte
2645 4300 2946 4369 Stephane,
2973 4316 3111 4369 quas
3142 4299 3243 4352 tibi
3272 4298 3487 4369 gratias
3515 4314 3681 4367 agam
3728 4298 3809 4352 de

2201 4393 2358 4440 tanto
2392 4387 2662 4441 beneficio
2681 4393 2779 4441 tuo
2797 4389 2820 4440 ’ἶ
2841 4387 2989 4441 Nihil
3008 4387 3187 4442 habeo
3214 4390 3504 4458 proprium
3525 4385 3674 4456 quod
3693 4385 3807 4440 tibi

516 4445 816 4547 FPiiffm'E
841 4446 1090 4546 Macarli’
1121 4454 1178 4545 ef
1204 4447 1540 4547 {ﬁgulum}
1564 4448 1790 4547 91‘1"?“
1810 4449 1986 4502 δδηθίί
2011 4451 2181 4522 ΑΠ’Ῑ)
2197 4476 2324 4530 dem
2354 4494 2366 4541 ;
2402 4477 2500 4529 sed
2534 4481 2725 4530 tamen
2757 4477 2862 4530 hoc
2883 4477 2953 4530 do
2974 4476 3077 4530 tibi
3103 4445 3250 4547 quod
3280 4445 3480 4528 ainodo
3499 4445 3600 4545 pro
3613 4490 3817 4530 amore

514 4533 656 4588 tonii
687 4551 718 4608 β
775 4535 1108 4589 Germanico
1141 4535 1198 4588 in
1221 4535 1485 4590 Latinum
1513 4537 1867 4603 translatum,
1901 4554 2118 4592 necnon

516 4623 592 4676 De
615 4625 850 4677 muliere
885 4625 1211 4678 Veroettcnsi
1224 4627 1412 4693 septies
1443 4627 1569 4690 icta,
1603 4630 1828 4680 auctore
1854 4626 1978 4680 divo
1991 4626 2118 4680 Hie-

518 4710 776 4778 ronimo;
809 4713 1072 4778 secundo,
1106 4717 1290 4766 totum
1316 4711 1548 4766 tertium
1587 4713 1811 4779 librum,
1867 4731 1993 4786 quae
2033 4721 2119 4769 est

519 4798 790 4852 Lausiaca
818 4799 1033 4853 Palladi
1063 4817 1129 4854 ex
1153 4800 1330 4854 veteri
1383 4801 1876 4872 interpretatione;
1926 4804 2113 4869 tertio,

518 4891 740 4958 partem
766 4885 895 4940 libri
926 4888 1126 4959 quinti,
1161 4905 1287 4942 eam
1313 4889 1588 4956 videlicet,
1616 4891 1674 4945 in
1696 4907 1808 4962 qua
1833 4893 2120 4947 continen-

517 4979 616 5028 tur
634 4973 916 5030 breviores
943 4978 1256 5032 sententiae.

621 5079 652 5154 §
676 5080 744 5134 V.
777 5083 1125 5150 ϐοηιραναιίο
1144 5086 1388 5138 secunda:
1417 5091 1464 5138 et
1486 5093 1698 5154 quarta:
1717 5089 1996 5143 editionis.

587 5170 847 5226 Secunda
865 5171 1034 5225 editio
1057 5171 1198 5226 nihil
1218 5173 1503 5243 singulare
1524 5175 1708 5242 habet,
1745 5178 1891 5248 quod
1913 5195 2029 5232 non
2053 5179 2115 5234 in

517 5265 721 5329 quarta
743 5260 1075 5331 reperiatur.
1105 5261 1282 5315 Omisi
1305 5269 1528 5316 tantum
1550 5280 1616 5318 ex
1638 5267 1820 5336 prima
1845 5273 2014 5337 parte
2037 5269 2130 5322 Vi-

516 5353 636 5402 tam
664 5350 842 5403 sancti
873 5350 1181 5404 Christiani
1214 5351 1672 5414 Cenomanensis,
1710 5373 1832 5426 quae
1869 5357 2008 5410 nihil
2059 5359 2130 5412 ad

518 5435 676 5490 Vitas
705 5437 938 5492 Patrum
967 5439 1319 5509 [Egytiorum
1351 5449 1409 5494 et
1468 5442 1840 5498 Orientalium
1879 5445 2029 5510 facit,
2075 5452 2132 5500 et

521 5525 710 5579 nescio
749 5527 1028 5596 quomodo
1057 5527 1204 5582 inter
1232 5529 1333 5582 has
1365 5529 1520 5584 Vitas
1549 5531 1862 5604 irrepserit.
1888 5534 1972 5588 Ne
1995 5535 2118 5606 quis

445 5661 450 5664 .
523 5616 716 5693 tamen
745 5631 869 5668 eam
898 5616 1195 5684 desideret,
1231 5619 1491 5673 eccistam
1517 5640 1528 5673 :

2200 4564 2283 4619 tui
2311 4581 2422 4619 non
2451 4565 2655 4619 induar
2693 4566 2879 4630 lineis,
2927 4565 3023 4619 sed
3060 4565 3238 4618 laneis
3272 4569 3514 4630 tantum,
3567 4564 3718 4634 quod
3755 4571 3821 4618 et

2197 4649 2346 4705 fecit.
2381 4653 2484 4707 Hic
2513 4669 2647 4708 cum
2680 4661 2876 4724 postea
2902 4658 3158 4710 moneret
3203 4658 3433 4708 caeteros
3467 4657 3531 4708 ut
3564 4651 3624 4708 in
3661 4650 3819 4708 bono

2199 4741 2492 4812 proposito
2547 4741 2933 4813 persisterent,
2967 4742 3252 4807 narrabat,
3302 4742 3530 4796 dicens:
3576 4758 3602 4792 ((
3639 4739 3818 4798 Eram

2201 4828 2509 4899 aliquando
2541 4830 2597 4883 in
2628 4831 2914 4885 Castineto
2933 4832 3128 4902 jacens
3159 4831 3216 4885 in
3243 4831 3390 4884 lecto
3427 4831 3593 4900 pleno
3619 4829 3810 4900 paleis

2206 4917 2264 4971 in
2297 4919 2502 4973 solario
2533 4919 2794 4989 quodam,
2829 4925 3033 4974 etcum
3077 4920 3276 4974 vellem
3317 4933 3642 4992 repausare,
3683 4933 3821 4975 sen-

2207 5005 2417 5059 tiebam
2442 5007 2630 5061 nescio
2660 5007 2794 5078 quid
2836 5009 2984 5080 quod
3032 5025 3092 5062 se
3138 5007 3396 5062 movebat
3431 5006 3535 5061 sub
3581 5004 3821 5062 renibus

2210 5095 2370 5152 meis.
2405 5094 2527 5148 Dixi
2550 5112 2770 5166 quoque
2799 5097 2905 5150 hoc
2927 5097 3196 5167 magistro
3215 5113 3360 5162 meo,
3390 5095 3488 5150 sed
3509 5095 3608 5148 illa
3637 5095 3821 5149 motio

2211 5200 2323 5237 non
2362 5183 2590 5254 quievit.
2632 5185 2887 5248 Quadam
2930 5192 3120 5242 autem
3168 5187 3258 5240 die
3322 5185 3629 5257 inspirante
3671 5185 3822 5238 mihi

2212 5273 2470 5333 Domino,
2505 5274 2646 5346 coepi
2677 5280 2926 5327 evertere
2953 5276 3174 5346 paleam
3205 5275 3332 5329 lecti
3363 5274 3473 5328 mei
3500 5293 3511 5340 ;
3537 5278 3594 5326 et
3619 5289 3821 5327 eversa

2212 5347 2374 5430 palea
2403 5377 2530 5414 cum
2561 5363 2639 5416 nil
2659 5363 2988 5430 invenirem,
3021 5365 3193 5418 levavi
3219 5381 3394 5418 unum
3426 5363 3494 5416 de
3527 5361 3820 5417 asseribus

2211 5449 2420 5512 solarii,
2458 5449 2560 5504 sub
2589 5467 2698 5521 quo
2729 5451 2913 5506 inveni
2937 5470 3112 5507 unum
3141 5455 3423 5526 pedulem,
3451 5451 3581 5508 etin
3611 5452 3819 5506 eodem

2202 5553 2468 5607 magnam
2499 5555 2745 5594 massam
2785 5541 3168 5598 denariorum.
3212 5544 3364 5608 Quos
3401 5558 3530 5596 cum
3570 5541 3820 5595 invenis-

2199 5641 2337 5694 sem,
2370 5627 2577 5682 relictis
2607 5629 2717 5684 illis
2747 5631 2969 5687 cucurri
2994 5632 3064 5687 ad
3088 5632 3425 5704 magistrum
3451 5633 3733 5698 nostrum,
3758 5635 3824 5685 et
