3958 6390
177 304 240 362 77

1363 303 1960 359 PROLEGOMENON
2011 304 2212 374 xxni.

3361 302 3428 372 78

177 431 443 488 confessus
471 446 593 486 sum
626 431 761 502 quid
790 431 1148 496 invenissem.
1181 429 1282 484 Ille
1313 429 1486 500 jussit
1513 429 1653 482 mihi
1698 435 1762 484 ut
1772 429 1916 490 Atio
1939 446 2033 484 sex
2053 429 2228 482 libris.
2251 429 2404 483 Libri
2422 429 2587 500 plane
2600 427 2995 494 miscellisunt,
3012 427 3242 482 insertis
3257 427 3432 482 etiam

178 515 434 576 referrem
471 521 594 574 illos
640 521 710 574 ad
749 537 828 574 se.
885 520 1044 584 Quod
1075 535 1202 574 cum
1250 519 1526 585 fecissem,
1555 535 1750 573 omnes
1833 518 2168 589 quibusdam
2192 518 2356 584 Vitis,
2383 535 2508 589 qum
2535 518 2594 572 in
2623 517 2779 572 nulla
2799 517 3040 571 editione
3064 517 3268 572 Latina
3281 517 3435 571 Vita-

176 610 363 664 fratres
400 609 570 684 jussit
610 609 970 680 congregari;
1023 609 1116 680 qui
1156 625 1349 663 omnes
1377 609 1754 662 excommuni-
1835 623 1961 672 rum
1983 608 2216 662 Patrum
2237 612 2582 678 comparent.
2598 607 2822 683 Primus
2843 606 2982 660 liber
2997 611 3434 678 auctoremprae—

177 704 426 755 caverunt
449 700 610 754 illum
637 700 734 772 qui
762 701 867 754 hoc
893 699 1119 756 fecerat.
1153 701 1313 764 Quod
1341 718 1467 754 cum
1505 701 1757 755 audisset
1835 695 1944 750 fert
1971 701 2226 751 sanctum
2257 697 2684 768 Hieronymum.
2719 695 2827 750 Sed
2856 696 3122 766 pleraque
3150 699 3287 750 sunt
3301 695 3438 750 alio-

181 789 546 860 carpentarius
589 789 839 860 quidam,
873 789 1014 844 dixit
1049 789 1265 860 [Lxxm]
1296 807 1355 843 se
1383 789 1489 843 hoc
1515 789 1749 856 fecisse;

1839 803 1966 839 rum
2005 791 2318 852 auctorum,
2343 785 2584 839 maxime
2614 783 2844 853 Rufﬁni,
2879 801 2944 838 ex
2975 784 3220 838 secundo
3242 783 3338 838 hic
3363 783 3436 838 li-

181 886 232 934 et
253 878 440 950 petivit
484 879 725 945 veniam,
765 879 1057 933 humiliter
1087 879 1486 933 correctionem
1526 878 1758 948 promit-
1837 873 1960 927 bro.
1996 874 2292 932 Secundus,
2309 873 2452 926 liber
2481 873 2748 928 Eradium
2782 873 3121 927 monachum
3150 873 3432 943 agnoscit.

181 975 308 1022 tens.
365 967 634 1037 Magister
679 973 869 1022 autem
925 967 1163 1022 indulsit
1203 967 1273 1032 ei,
1319 973 1376 1021 et
1418 967 1662 1038 injunxit
1707 968 1758 1021 ei

181 1057 571 1129 paenitentiam.
597 1057 705 1111 Sed
737 1057 996 1110 denarios
1017 1058 1164 1110 male
1193 1056 1496 1127 acquisitos
1515 1057 1759 1111 retinere

182 1145 362 1210 noluit,
396 1145 511 1200 imo
553 1145 743 1199 divisit
769 1162 862 1200 eos
899 1145 1241 1223 pauperibus
1271 1151 1328 1199 et
1365 1145 1678 1215 egentibus.
1729 1164 1756 1198 ι

183 1234 303 1298 Quae
321 1233 615 1316 desumpta
643 1240 777 1302 sunt
795 1251 860 1288 ex
890 1232 1128 1305 Speculo
1152 1234 1442 1289 Historiali
1457 1232 1756 1299 Vincentii,

182 1323 266 1376 lib.
295 1337 446 1387 xxxx,
477 1339 602 1394 cap.
641 1322 723 1389 ll,
759 1323 853 1408 qui
883 1340 950 1378 ea
978 1325 1116 1378 citat
1137 1341 1202 1378 ex
1225 1323 1559 1378 Helinando.
1581 1323 1757 1380 Idem.

181 1430 290 1484 cap.
325 1409 406 1477 1'2,
438 1413 612 1466 tradit
641 1413 920 1482 quomodo
959 1413 1310 1466 Christianus
1341 1413 1446 1467 iste
1474 1411 1764 1466 transierit

182 1502 245 1555 ad
287 1502 536 1556 ordinem
567 1503 1012 1556 Cistertiensem.
1055 1503 1206 1556 Vixit
1245 1509 1434 1557 autem
1483 1503 1632 1556 circa
1661 1518 1762 1555 an-

182 1607 307 1644 num
337 1592 358 1644 1
377 1589 490 1647 160.

245 1679 503 1734 Continet
517 1687 796 1753 praeterea
814 1680 1061 1735 secunda
1075 1681 1246 1734 editio
1262 1681 1319 1734 in
1339 1681 1488 1734 calce
1510 1679 1637 1733 libri
1655 1679 1768 1751 epi-

1842 963 1940 1017 Est
1970 963 2266 1033 paradisus
2296 962 2626 1018 Heraclidis.
2659 963 2820 1031 cujus
2847 978 3054 1016 nomen
3081 960 3142 1016 in
3173 961 3440 1016 Eradium

1843 1052 2209 1122 depravatum
2239 1050 2412 1105 fuisse
2452 1051 2728 1105 existimo.
2761 1050 2984 1105 Tertius
3009 1049 3150 1105 liber
3174 1050 3444 1105 tribuitur

1843 1139 2045 1194 Joanni
2113 1140 2389 1194 monacho
2449 1139 2938 1212 Jerosolymitano.
2997 1140 3248 1204 Quartus
3303 1138 3445 1194 liber

1844 1229 2144 1284 ascribitur
2186 1230 2420 1284 Leontio
2467 1229 2779 1300 Neapoleos
2826 1228 2998 1300 Cypri
3027 1229 3304 1310 episcopo.
3348 1229 3448 1284 Est

1845 1318 1977 1372 Vita
2004 1318 2235 1384 Joannis
2284 1317 2746 1389 Eleemosynarii,
2789 1316 2858 1371 ab
2885 1333 2950 1370 eo
2991 1317 3324 1388 conscripta,
3357 1317 3448 1372 cui

1847 1408 1968 1462 aliae
2013 1407 2229 1478 aliquot
2279 1407 2580 1472 adduntur.
2639 1407 2880 1470 Quintus
2928 1405 3073 1460 liber
3121 1405 3452 1461 inscribitur

1844 1495 2172 1567 Theophilo,
2201 1496 2396 1566 Sergio
2420 1503 2478 1550 et
2504 1496 2753 1550 Elchino.
2787 1496 2885 1549 Est
2919 1495 3050 1549 Vita
3075 1495 3307 1550 Macarii
3337 1495 3451 1549 Ro-

1849 1585 2001 1638 mani
2031 1585 2100 1638 iis
2122 1584 2462 1651 auctoribus,
2497 1585 2586 1639 cui
2615 1590 2672 1638 et
2691 1585 2803 1638 alia
2832 1583 3088 1654 quaedam
3109 1583 3452 1638 subnectun-

1847 1679 1961 1728 tur.
1998 1674 2198 1728 Sextus
2239 1673 2384 1728 liber
2427 1679 2715 1740 auctorem
2747 1672 2922 1728 habet
2950 1673 3222 1728 Joannem
3255 1671 3450 1728 Evira-

181 1767 369 1823 stolam
397 1769 647 1839 Macarii,
674 1775 732 1824 et
751 1771 1080 1844 opusculum
1097 1771 1170 1824 De
1193 1771 1355 1824 laude
1383 1775 1431 1824 et
1448 1773 1632 1836 e/feclu
1654 1773 1766 1823 vir-
1783 1785 1830 1853 Β
1851 1767 1994 1817 tum.
2027 1763 2127 1816 Est
2154 1763 2386 1818 Pratum
2417 1763 2710 1834 spirituale
2739 1763 2983 1818 Joannis
3006 1762 3236 1818 Moschi.

183 1863 372 1912 tutum.
399 1859 534 1925 Quae
551 1858 685 1930 quia
703 1859 978 1914 didactica
991 1865 1140 1926 sunt,
1165 1875 1266 1913 nec
1277 1858 1501 1930 proprie
1517 1859 1588 1912 ad
1607 1857 1767 1911 Vitas

181 1947 258 2000 vel
272 1945 434 2000 verba
463 1947 751 2002 seniorum
777 1953 1053 2020 spectant,
1088 1947 1296 2001 rectius
1316 1952 1676 2000 reservantur
1691 1947 1768 2000 al-

182 2035 279 2089 teri
307 2036 678 2091 asceticorum
705 2041 877 2103 torno,
911 2037 1006 2108 qui
1037 2035 1227 2091 omnia
1262 2036 1496 2102 Patrum
1527 2035 1769 2090 ascetica

183 2130 235 2178 et
258 2124 527 2179 didactica
557 2125 765 2198 scripta
793 2125 1248 2197 comprehendat.

248 2215 455 2278 Quarta
487 2213 660 2268 editio
679 2215 798 2270 haec
817 2214 1081 2268 distincta
1101 2231 1132 2268 a
1153 2213 1400 2278 secunda
1415 2213 1585 2268 habet
1607 2233 1618 2266 :
1645 2213 1770 2268 Pri-

189 2318 288 2368 mo,
313 2303 370 2356 in
383 2304 569 2375 primo
586 2303 750 2368 libro,
769 2303 956 2357 Vitam
975 2303 1152 2357 sancti
1173 2302 1430 2374 Ephrem
1451 2301 1772 2356 distinctam

186 2391 528 2447 abhactenus
542 2393 788 2462 vulgata;
811 2391 1066 2447 etVitam
1088 2391 1327 2463 Epitecti
1355 2391 1691 2458 etAstionis,
1715 2395 1774 2444 et

186 2480 359 2535 Vitam
387 2482 652 2536 Barlaam
671 2487 728 2536 et
739 2481 1041 2552 Josaphat;
1066 2480 1332 2544 secundo,
1363 2486 1544 2534 totum
1568 2479 1774 2534 librum

187 2575 449 2638 octavum,
481 2587 584 2626 seu
615 2569 854 2625 Palladii
881 2570 1242 2637 Lausiacam;
1275 2570 1464 2635 tertio,
1491 2575 1675 2623 totum
1703 2569 1776 2622 1i-

185 2657 336 2714 brum
360 2676 597 2726 nonum,
643 2677 744 2714 seu
764 2659 1101 2714 Theodoreti
1122 2659 1477 2714 Philotheum
1501 2678 1514 2726 ;
1548 2664 1770 2730 quarto,

185 2753 354 2802 totum
389 2747 600 2802 librum
629 2747 926 2814 decimum,
961 2763 1059 2802 seu
1097 2749 1258 2802 Joan.
1288 2747 1498 2812 Moschi
1539 2749 1773 2812 Pratum

185 2836 462 2907 spirituale
485 2856 502 2905 ;
538 2837 756 2908 quinto,
785 2841 962 2891 totam
979 2836 1362 2910 appendicem.

297 2944 326 3017 §
351 2945 445 2999 VI.
482 2945 836 3014 Camparatz'o
866 2947 1040 2999 tertia
1063 2949 1114 2999 et
1141 2949 1352 3014 quarta:
1371 2945 1649 2998 editionis.

246 3051 431 3108 Tertia
450 3050 628 3113 editio
809 3051 1090 3122 peculiare
1106 3050 1389 3116 diversum
1409 3067 1444 3104 ο.
1460 3056 1662 3122 quarta
1682 3049 1781 3113 ha-

184 3139 266 3202 bet
275 3146 479 3212 praeter
486 3141 680 3204 Vitam
692 3139 996 3198 Christiani
1009 3139 1466 3206 Cenomanensis,
1485 3156 1651 3210 quam
1659 3140 1778 3210 jam

186 3229 286 3290 dixi
311 3231 452 3290 nihil
469 3231 582 3286 hoc
593 3229 780 3292 facere
803 3248 817 3297 ;
845 3235 902 3285 et
927 3231 1001 3286 De
1038 3232 1274 3283 amtierc
1305 3231 1492 3297 septies
1519 3231 1647 3290 icta,
1673 3245 1776 3282 au-

185 3324 323 3374 ctore
347 3321 474 3377 divo
495 3319 1013 3392 Hieronymo,.quae
1043 3318 1215 3380 etiam
1246 3317 1356 3372 huc
1379 3333 1496 3375 non
1521 3322 1773 3388 spectat;

185 3414 237 3463 et
259 3409 572 3468 sententias
599 3407 898 3474 breviores,
933 3423 1072 3480 quas
1102 3407 1272 3470 etiam
1303 3405 1414 3464 dixi
1451 3405 1692 3477 sparsim
1722 3406 1781 3466 in

183 3497 295 3552 aliis
324 3505 544 3570 quartae
569 3497 833 3556 editionis
861 3496 1019 3550 libris
1049 3511 1344 3552 occurrere
1369 3514 1381 3562 ;
1424 3502 1479 3549 et
1510 3495 1776 3566 epistolas

185 3587 349 3662 sancti
364 3587 620 3654 Antonii,
631 3592 697 3646 .et
709 3586 1003 3658 epistolam
1023 3583 1262 3648 Macarii,
1283 3600 1406 3656 quae
1417 3588 1777 3646 reservantur

184 3675 334 3733 alteri
351 3677 624 3738 Asceseos
644 3675 933 3739 didacticae
954 3679 1127 3730 tomo.
1150 3671 1338 3738 Habet
1365 3678 1637 3744 praeterea
1666 3673 1777 3728 mi-

187 3765 422 3824 raculum
444 3763 678 3835 aliquod
704 3763 882 3818 sancti
901 3761 1131 3824 Antonii
1157 3778 1221 3814 ex
1241 3760 1578 3816 Germanico
1596 3761 1780 3816 inLa-

187 3851 354 3913 tinum
382 3855 748 3920 translatum,
772 3852 923 3925 quod
939 3849 1126 3913 nescio
1150 3850 1297 3907 unde
1327 3855 1653 3924 promptum
1682 3849 1776 3916 sit,

188 3955 279 3994 nec
303 3959 412 4012 qua
442 3943 579 3996 ﬁde.
1382 3941 1384 3944 ’

249 4031 457 4094 Quarta
486 4029 662 4090 editio
681 4031 798 4086 haec
812 4029 1078 4091 distincta
1099 4045 1135 4082 a
1153 4027 1323 4092 tertia
1341 4025 1512 4090 habet
1533 4045 1544 4080 :
1565 4026 1775 4090 Primo,

184 4119 235 4172 iu
255 4122 436 4192 primo
453 4120 603 4176 libro
624 4119 816 4176 Vitam
841 4118 1024 4174 sancti
1052 4117 1339 4188 ,Ephrzem,
1361 4115 1684 4182 distinctam
1704 4114 1778 4169 .ab

184 4223 243 4261 ea
267 4226 386 4279 qua:
417 4211 696 4264 hactenus
726 4207 785 4262 in
815 4207 938 4262 aliis
963 4205 1306 4271 editionibus
1330 4204 1475 4272 fuit;
1509 4204 1774 4272 secundo,

184 4301 350 4362 totum
371 4298 585 4362 librum
601 4303 876 4364 octavum,
905 4312 1010 4356 seu
1031 4294 1272 4356 Palladii
1294 4295 1649 4359 Lausiacam,
1681 4310 1778 4348 au-

184 4387 400 4453 ctiorem
416 4405 593 4462 quam
600 4386 813 4449 haheat
825 4385 1002 4450 tertia
1009 4383 1200 4453 editio,
1222 4401 1289 4438 ex
1299 4382 1512 4444 recenti
1526 4382 1778 4439 versione

185 4475 432 4542 Gentium
459 4476 728 4544 Herveti;
759 4473 948 4542 tertio,
979 4477 1163 4532 totum
1181 4472 1392 4531 librum
1419 4488 1652 4536 nonum,
1677 4488 1778 4528 seu

183 4563 506 4622 Theodoreti
525 4565 918 4629 Philotheum;
947 4567 1170 4638 quarto,
1196 4567 1380 4619 totum
1397 4560 1610 4620 librum
1632 4560 1780 4615 deci-

184 4669 469 4723 mum,.seu
498 4656 668 4718 Joan.
698 4652 1176 4734 MoschiPratum
1205 4650 1527 4724 spirituale;
1548 4649 1774 4724 .quinto,

185 4759 243 4798 ex
265 4744 602 4819 appendice,
619 4741 956 4809 Paradisnm
970 4738 1304 4806 Heraclidis,
1329 4746 1386 4802 et
1401 4739 1773 4810 Egyptorum

185 4832 401 4901 Petrum
427 4833 775 4902 sententias,
827 4831 1138 4905 interprete
1190 4828 1432 4896 Mamilio
1482 4827 1774 4896 Dumiensi

188 4936 452 4996 episcopo.

237 5013 530 5078 Accedunt
558 5015 833 5084 praeterea
852 5026 976 5084 quae
1003 5008 1262 5074 omnibus
1287 5006 1412 5070 aliis
1439 5004 1778 5066 editionibus

187 5099 389 5168 desunt,
405 5101 835 5176 prolegomene,
858 5099 1157 5173 .przeludia,
1191 5096 1527 5163 notationes,
1553 5111 1780 5150 onoma-

189 5189 370 5260 etiam,
397 5198 458 5248 et
485 5190 629 5249 varii
655 5189 938 5254 variarum
959 5205 1152 5244 rerum
1177 5187 1418 5246 indices.

555 5313 1155 5372 PROLEGGMENON
1194 5312 1399 5368 XXIII.

265 5408 329 5461 De
353 5410 534 5462 variis
563 5407 898 5461 editiom'bus
923 5408 1154 5473 vulgata
1183 5403 1452 5469 variaque
1478 5403 1696 5468 lingua.

257 5513 461 5588 [Lxxrv]
481 5513 684 5579 Italica
703 5511 875 5568 editio
887 5509 1132 5578 'in-folio,
1153 5507 1426 5576 Venetiis,
1451 5522 1599 5562 anno
1617 5506 1721 5560 147
1727 5504 1780 5578 6,

194 5604 328 5673 apud
336 5600 1080 5670 Anmniuijartholomeei.
1083 5599 1322 5664 Constat
1335 5601 1527 5652 autem
1541 5595 1660 5651 haec
1673 5595 1787 5650 edi-

1922 1853 2138 1908 Rursus
2177 1853 2374 1914 Italica
2403 1853 2520 1907 haec
2565 1852 2738 1908 editio
2782 1853 2991 1908 iterata
3035 1853 3144 1908 fuit
3169 1853 3455 1925 ira-quarto

1849 1958 1977 1996 cum
1993 1942 2208 2012 ﬁguris,
2221 1959 2364 1996 novo
2378 1941 2685 2013 interprete
2697 1943 2914 1996 Joanne
2925 1941 3450 2007 MarioVerdizotto,

1849 2031 2599 2105 Venetiis,ex’typographia
2623 2031 2692 2085 de
2723 2031 2743 2084 i
2773 2031 3011 2100 Guerre,
3049 2028 3204 2088 1589.

1925 2119 2140 2174 Gallica
2159 2119 2331 2174 editio
2343 2119 2584 2186 ,in-folio,
2599 2135 2729 2174 cum
2749 2120 2966 2189 ﬁguris,
2983 2119 3296 2190 interprete
3315 2135 3454 2175 ano-

1853 2225 2044 2280 nymo,
2064 2209 2314 2274 Parisiis,
2343 2225 2490 2262 anno
2527 2206 2681 2274 1494,
2730 2208 2879 2280 apud
2914 2209 3187 2264 Joannem
3227 2210 3304 2262 du
3333 2211 3454 2263 Pré.

1857 2300 2130 2370 Expressa
2149 2303 2236 2352 est
2255 2315 2320 2352 ex
2341 2297 2587 2362 secunda
2600 2297 2846 2352 editione
2859 2298 3076 2352 Latina.
3100 2299 3287 2362 Quare
3303 2297 3461 2370 quid-

1855 2385 1990 2458 quid
2019 2387 2132 2440 dixi
2156 2387 2555 2458 prolegomeno
2589 2387 2653 2441 19
2693 2386 2979 2441 continere
3006 2387 3314 2441 secundam
3341 2386 3460 2440 edi-

1855 2475 2067 2530 tionem
2101 2476 2382 2541 Latinam,
2418 2475 2590 2538 etiam
2611 2475 2729 2529 haec
2753 2475 2968 2530 Gallica
3003 2476 3271 2530 continet.
3299 2475 3460 2531 Unde

1857 2565 2019 2623 facile
2043 2570 2131 2619 est
2155 2582 2219 2619 ex
2247 2565 2645 2636 prolegomene
2663 2563 2754 2631 ‘22,
2796 2563 2893 2630 ubi
2918 2565 3150 2619 Latinas
3188 2565 3462 2619 editiones

1855 2655 2008 2709 inter
2029 2671 2088 2708 se
2109 2659 2313 2708 etcum
2341 2655 2446 2708 hac
2475 2659 2677 2726 quarta
2697 2654 3031 2724 comparavi,
3061 2651 3335 2725 diSpicere
3365 2653 3462 2724 qui

1857 2744 1976 2804 haec
1993 2743 2211 2804 Gallica
2228 2760 2356 2798 cum
2372 2748 2566 2796 nostra
2591 2748 2796 2813 quarta
2823 2742 3024 2798 Latina
3047 2743 3368 2798 conveniat.

1926 2833 2055 2887 Alia
2105 2832 2278 2886 editio
2325 2831 2541 2886 Gallica
2593 2832 2653 2896 in
2709 2849 2880 2903 parvo
2931 2831 3064 2886 folio
3110 2848 3211 2886 seu
3257 2847 3463 2911 magno

1863 2928 2063 2993 quarto
2096 2938 2225 2976 cum
2269 2922 2486 2992 ﬁguris,
2533 2921 2782 2988 Parisiis,
2810 2921 2932 2975 sine
2962 2921 3168 2976 indicio
3197 2921 3334 2976 anni
3375 2921 3463 2974 vel

1859 2999 2219 3085 typographi.
2244 3011 2418 3065 Plane
2448 3027 2575 3065 cum
2597 3002 2946 3082 praecedente
2967 3011 3245 3080 convenit,
3275 3015 3333 3066 et
3348 3009 3462 3066 fors

1863 3117 1931 3154 ea
1961 3099 2116 3172 prior
2145 3106 2251 3162 est.

1795 3182 1841 3242 G
1925 3190 2052 3243 Alia
2076 3189 2246 3244 editio
2292 3188 2506 3243 Gallica
2529 3188 2834 3258 in-quarto,
2874 3203 3002 3242 cum
3041 3189 3256 3260 ﬁguris,
3291 3187 3465 3244 inter-

1859 3284 2017 3350 prete
2032 3277 2341 3332 recentiore
2355 3265 2656 3350 anonymo,
2672 3276 2922 3343 Parisiis,
2935 3275 3085 3348 apud
3098 3276 3464 3332 Guilielmum

1866 3369 2191 3434 Ghaudiérc,
2221 3383 2369 3430 anno
2416 3365 2578 3421 1605.
2626 3367 2900 3437 Expressa
2929 3372 3015 3420 est
3041 3366 3159 3420 hzec
3189 3382 3256 3420 ex
3293 3365 3464 3421 tertia

1865 3457 2109 3511 editione
2131 3456 2350 3520 Latina,
2381 3455 2742 3526 continetque
2762 3461 2986 3510 tantum
3011 3454 3458 3531 quatuorlibros,

1857 3546 2063 3600 omisso
2085 3549 2203 3598 toto
2225 3544 2422 3616 quinto
2443 3543 2604 3610 libro,
2627 3549 2682 3597 et
2701 3544 3020 3611 Paschasio,
3045 3543 3140 3616 qui
3157 3549 3288 3616 post
3299 3561 3463 3616 quar-

1858 3639 1982 3688 tum
2007 3633 2236 3687 additur
2257 3633 2318 3686 in
2346 3633 2546 3687 Latino
2576 3637 2752 3688 textu.

1932 3723 2060 3776 Alia
2079 3722 2293 3782 Gallica
2311 3722 2482 3776 editio
2497 3721 2559 3775 in
2581 3732 2794 3787 octavo,
2824 3721 3132 3792 interprete
3150 3722 3228 3776 M.
3254 3721 3460 3776 Jacoho

1864 3813 2136 3878 Gaulticr,
2169 3811 2418 3876 Parisiis,
2452 3811 2601 3882 apud
2629 3811 2992 3865 Guilielmum
3021 3813 3083 3864 de
3101 3811 3343 3877 laNoue,
3365 3827 3462 3865 an-

1864 3917 1936 3954 no
1963 3900 2124 3956 1606.
2155 3899 2420 3954 Continet
2461 3899 2710 3978 primum
2739 3901 2916 3969 (Lxxv)
2947 3905 3006 3952 et
3033 3899 3342 3953 secundum
3384 3898 3462 3952 li-

1861 3988 2023 4042 brum
2049 3990 2211 4060 juxta
2239 3989 2526 4060 exemplar
2554 3987 2810 4042 secundae
2835 3988 3096 4042 editionis
3128 3987 3362 4044 Latinae.

1931 4078 2231 4133 Flandrica
2259 4077 2432 4132 editio
2465 4077 2682 4132 in-folio
2713 4093 2902 4148 parvo,
2931 4077 3052 4132 sine
3076 4077 3282 4132 indicio
3329 4077 3458 4135 loci.

1861 4183 1962 4238 per
1991 4167 2216 4222 Petrum
2242 4183 2352 4221 van
2382 4167 2476 4232 Os,
2502 4183 2650 4221 anno
2671 4161 2822 4234 1490.
2846 4167 3081 4221 Constat
3093 4166 3272 4234 tribus
3293 4165 3464 4238 parti-

1859 4255 1963 4310 bus
1992 4257 2142 4310 varie
2161 4256 2447 4328 dispositis
2465 4261 2522 4310 et
2537 4255 2737 4310 mistis.
2763 4256 3030 4312 Continet
3041 4260 3264 4310 tantum
3281 4273 3347 4310 ex
3367 4272 3464 4310 no-

1861 4350 1977 4400 stro
1996 4345 2140 4400 libro
2161 4345 2362 4417 primo,
2377 4345 2568 4400 Vitam
2587 4345 2770 4411 Pauli,
2785 4343 2962 4399 sancti
2983 4345 3307 4412 Hilarionis,
3330 4345 3466 4400 Mal-

1790 4425 1968 4500 Dehi,
2003 4419 2300 4505 Onuphrii,
2329 4433 2567 4488 Abrahae
2601 4433 2869 4500 eremitae,
2905 4432 3184 4488 Simeonis
3219 4432 3458 4504 Stylitae,

1859 4523 2080 4578 Thaisis
2117 4522 2448 4588 meretricis,
2483 4523 2732 4578 Marinae.
2765 4521 2997 4578 Librum
3035 4521 3366 4590 secundum.
3399 4522 3464 4578 In

1858 4613 2031 4667 tertia
2048 4617 2207 4684 parte
2227 4613 2479 4666 continet
2501 4611 2658 4666 varia
2677 4611 2932 4681 exempla
2959 4615 3016 4664 et
3034 4610 3184 4664 dicta
3209 4626 3276 4664 ex
3296 4609 3465 4664 variis

1859 4701 2016 4765 libris
2038 4701 2465 4772 excerpta.ch
2481 4700 2654 4757 editio
2684 4699 2788 4754 etsi
2817 4699 3035 4753 nullum
3059 4699 3170 4766 loci
3190 4698 3462 4768 indicium

1855 4790 2132 4863 przeferat,
2167 4779 2422 4844 existimo
2461 4795 2650 4844 tamen
2679 4789 2896 4844 Swollae
2922 4788 3282 4861 impressum,
3312 4789 3462 4860 quod

1859 4880 2066 4935 librum
2086 4878 2324 4934 viderim
2354 4878 2713 4933 Flandricum
2743 4877 2813 4932 de
2844 4876 2990 4932 bono
3015 4877 3338 4944 universali,
3368 4894 3469 4934 seu

1860 4969 2071 5026 librum
2093 4970 2298 5042 Apum,
2325 4968 2664 5041 impressum
2689 4967 2925 5035 Swollae,
2961 4984 3109 5034 anno
3138 4968 3291 5036 M88,
3326 4969 3474 5040 apud

1861 5061 2098 5115 Petrum
2129 5075 2234 5113 van
2266 5060 2361 5125 Os,
2393 5057 2490 5130 qui
2511 5063 2570 5113 et
2597 5059 2775 5130 hujus
2805 5057 2936 5112 libri
2971 5057 3040 5112 de
3069 5057 3214 5112 Vitis
3241 5058 3474 5126 Patrum

1861 5149 2154 5204 Flandrice
2182 5148 2570 5220 typographus
2597 5153 2702 5202 est.
2737 5147 2939 5218 Utriqu
2957 5163 2988 5200 e
3026 5145 3169 5201 libro
3195 5146 3346 5200 idem
3383 5145 3473 5199 in-

1862 5239 2021 5310 signe
2050 5237 2405 5307 afﬁgebatur.

1931 5327 2060 5381 Alia
2087 5326 2257 5381 editio
2281 5325 2578 5380 Flandrica
2605 5325 2824 5381 in-folio
2845 5341 3036 5397 parvo,
3066 5323 3298 5394 Delphis
3320 5323 3471 5394 apud

1864 5415 2172 5470 Henricum
2220 5415 2423 5469 Eckert
2448 5431 2556 5469 van
2581 5413 2926 5482 Homberch,
2959 5428 3107 5466 anno
3137 5410 3296 5467 1498.
3331 5411 3474 5466 Con-

1865 5509 1985 5560 stat
2009 5503 2190 5560 tribus
2215 5503 2489 5575 partibus,
2523 5503 2608 5558 uti
2641 5501 2796 5574 prior
2827 5501 3020 5557 editio.

1939 5593 2066 5650 Alia
2096 5592 2270 5649 editio
2298 5589 2598 5648 Flandrica
2625 5590 2850 5646 in-folio
2878 5605 3068 5662 parvo,
3100 5588 3301 5661 Leydae
3329 5588 3478 5662 apud
