3958 6400
476 355 544 418 79

1379 355 1455 414 IN
1492 355 1704 416 VITAS
1741 353 2039 415 PATRUM
2075 353 2616 416 PROLEGOMENA
2653 359 2848 416 XXVI.

3669 359 3743 420 80

470 485 749 541 Joannem
786 485 1108 549 Seversoen,
1156 497 1304 537 anno
1348 481 1506 538 1511.
1547 483 1810 554 Sequitur
1848 483 2130 556 prioresA
2215 485 2318 539 Ms.
2341 484 2519 538 sancti
2546 483 3070 550 Floriani,in-folio,
3098 484 3446 552 membrana,
3472 487 3745 541 vetustis-

472 573 767 630 editiones.

552 663 887 722 Germanica
914 662 1084 718 editio
1114 659 1326 716 in-folio
1354 676 1482 714 cum
1528 659 1748 731 ﬁguris.
1795 659 2064 716 Convenit

467 759 586 816 fere
614 772 740 812 cum
761 753 1058 810 Flandrica
1077 750 1342 806 editione.

535 845 849 918 Anglicana
877 841 1048 896 editio
1091 839 1316 894 in-folio
1345 854 1471 892 cum
1502 837 1714 908 ﬁguris,
1757 837 2061 908 interprete

465 935 765 990 Guilielmo
779 933 996 1002 Capton
1006 925 2064 989 Westmonasteriensi,Westmonaste-

462 1025 534 1080 rii
547 1023 700 1096 apud
719 1019 995 1076 Wiinkiin
1015 1018 1084 1072 de
1099 1016 1326 1080 Worde,
1353 1031 1502 1068 anno
1532 1011 1681 1080 1495,
1695 1014 1858 1084 juxta
1874 1031 2060 1069 exem-

460 1114 587 1187 plar
605 1111 882 1168 Gallicum
907 1109 1246 1178 impressum
1271 1101 1529 1174 Lugduni
1551 1119 1698 1156 anno
1736 1101 1886 1158 I486.
1921 1104 2056 1157 Eam

458 1201 764 1256 editionem
793 1196 1226 1268 Lugdunensem
1257 1192 1529 1247 Gallicam
1557 1207 1668 1244 non
1697 1191 1828 1256 vidi,
1861 1191 1957 1244 sed
1988 1207 2055 1245 ex

459 1287 757 1360 Anglicani
770 1285 989 1342 Codicis
999 1283 1194 1338 ordine
1205 1281 1365 1335 video
1379 1279 1636 1334 eamdem
1659 1295 1780 1334 esse
1790 1296 1916 1334 cum
1929 1279 2053 1334 aliis

463 1375 804 1432 editionibus
823 1373 1039 1430 Latinis
1062 1367 1544 1440 Lugdunensibus.
1561 1367 1745 1431 Quare
1767 1367 1938 1421 editio
1951 1369 2063 1421 An-

468 1465 692 1537 glicana
711 1459 1141 1534 comprehendit
1167 1457 1357 1512 omnia
1369 1473 1490 1528 quae
1501 1455 1613 1509 dixi
1629 1472 1798 1526 supra
1814 1455 2064 1526 prolego-

469 1570 637 1608 meno
663 1552 725 1610 19
748 1548 1222 1622 comprehendere
1243 1545 1546 1601 secundam
1568 1543 1888 1598 editionem.
1905 1543 2062 1598 Unde

468 1658 536 1696 ex
556 1641 952 1714 prolegomeno
971 1637 1060 1702 22,
1081 1635 1177 1691 ubi
1197 1635 1471 1690 editiones
1488 1649 1682 1686 omnes
1693 1633 1919 1686 Latinas
1935 1648 2062 1685 cum

467 1729 574 1784 hac
600 1734 803 1800 quarta
827 1731 1021 1781 nostra
1039 1723 1268 1788 contuli,
1293 1722 1452 1776 facile
1476 1725 1564 1774 est
1580 1721 1764 1774 videre
1785 1719 2064 1791 quomodo

2144 572 2338 638 simus,
2364 579 2494 628 ante
2529 589 2706 627 annos
2737 589 2910 644 prope
2940 587 3072 628 uccc
3101 573 3361 644 scriptus.
3389 575 3475 630 Ita
3498 575 3650 629 enim
3681 575 3742 630 in

2145 662 2256 716 ﬁne
2276 662 2474 715 habet:
2497 663 2744 716 Hicliber
2759 664 2870 729 fuit
2893 663 3178 716 inchoatus
3194 666 3256 716 in
3267 663 3318 716 Η
3320 669 3476 730 unia,
3501 667 3564 717 in
3584 680 3746 718 exer-

2145 753 2278 816 citu,
2297 767 2448 804 anno
2459 751 2684 805 Dom-ini
2695 747 2816 814 819,
2833 765 2887 806 Iv
2899 751 3038 805 Non.
3052 752 3216 805 Junii
3228 757 3274 804 et
3287 755 3747 822 perﬁnitusapud

2143 837 2408 892 Sanctum
2427 840 2754 892 Florianum
2768 853 2808 892 II
2829 840 2910 892 Id.
2929 839 3226 908 Septembr.
3245 843 3302 893 in
3311 841 3426 894 Cha.
3443 857 3513 894 xv
3527 858 3635 895 ma.
3651 842 3744 896 An

2142 927 2406 981 ultimum
2432 927 2538 982 hoc
2565 933 2650 980 est
2679 929 2874 981 indict.
2908 928 3004 981 xv?
3033 928 3260 982 Rectius
3289 928 3643 996 divinaveris,
3677 933 3745 984 in

2141 1017 2475 1070 hebdomade
2501 1029 2688 1076 xvma,
2723 1015 2776 1069 id
2810 1021 2916 1082 est,
2946 1016 3145 1087 quinta
3180 1016 3416 1071 decima.
3446 1019 3630 1089 Atque
3661 1019 3746 1072 ita

2139 1105 2452 1160 Aventinus
2474 1105 2595 1159 loco
2621 1122 2748 1159 mox
2775 1105 2998 1160 citando
3023 1106 3157 1160 olim
3188 1107 3342 1177 legit,
3375 1123 3503 1161 cum
3533 1108 3741 1162 litterze

2135 1195 2385 1248 nondum
2405 1194 2485 1248 ita
2498 1194 2873 1248 evanuissent.
2899 1195 3162 1250 Continet
3181 1213 3247 1249 ex
3266 1195 3408 1250 libro
3419 1196 3621 1267 primo,
3649 1197 3746 1250 Vi-

2143 1288 2260 1337 tam
2281 1283 2456 1346 Pauli,
2480 1283 2728 1349 Antonii,
2748 1283 3050 1338 Hilarionis
3071 1289 3128 1338 et
3153 1284 3372 1339 Malchi.
3398 1285 3628 1340 Librum
3649 1302 3743 1340 se-

2143 1371 2408 1426 cundum.
2443 1372 2520 1426 Ex
2548 1371 2690 1425 libro
2705 1372 2900 1442 quinto
2925 1373 3197 1427 nonnulla
3223 1373 3328 1427 hoc
3350 1373 3514 1428 titulo
3540 1392 3552 1428 :
3587 1376 3744 1429 Inci-

2140 1463 2308 1529 piunt
2337 1461 2744 1514 adhortationes
2761 1467 3080 1515 sanctorum
3105 1464 3362 1529 Patrum,
3384 1464 3746 1530 perfectiones

2147 1548 2562 1612 monachorum,
2595 1565 2730 1616 quas
2759 1550 2822 1602 de
2851 1550 3028 1604 Graco
3057 1552 3121 1603 in
3163 1551 3418 1604 Latinum
3447 1553 3747 1605 transtulit

2149 1638 2332 1689 beatus
2362 1637 2755 1705 Hieronymus.
2794 1636 3022 1691 Librum
3050 1639 3374 1708 septimum.
3412 1639 3488 1693 Ex
3525 1656 3748 1710 appen-

2147 1723 2288 1789 dice,
2321 1725 2686 1796 {Egypiorum
2719 1726 2952 1780 Patrum
3003 1727 3328 1792 sententias,
3376 1727 3482 1781 hoc
3527 1727 3695 1782 titulo
3731 1746 3744 1781 :

465 1817 585 1872 haec
612 1788 926 1887 Anglicana
955 1812 1125 1867 editio
1145 1828 1271 1866 cum
1290 1811 1395 1864 hac
1415 1814 1608 1864 nostra
1621 1809 1931 1862 conveniat.
1953 1809 2066 1862 Na-
2084 1788 2131 1848 B
2153 1815 2608 1880 lnterrogationcs
2624 1817 2703 1868 vel
2720 1817 3088 1882 responsiones
3108 1818 3466 1884 {Egypiorum
3484 1818 3724 1871 Patrum
3737 1855 3752 1883 ,

465 1911 588 1961 ctus
616 1921 744 1960 sum
770 1904 918 1958 hunc
940 1901 1203 1956 Codicem
1233 1917 1299 1954 ex
1323 1897 1623 1954 Carthusia
1650 1896 2057 1962 Mechliniensi,

466 1994 768 2049 admodum
798 1993 848 2048 R
888 1993 956 2046 D.
990 1990 1176 2062 priore
1201 1986 1618 2060 promptissime
1647 1985 2059 2057 suppeditante.

845 2077 1441 2136 PROLEGOMENON
1479 2075 1677 2129 XXIV.

461 2174 534 2228 De
583 2171 983 2238 manuscriptis
1027 2169 1207 2232 libris,
1247 2166 1444 2234 quibus
1489 2165 1563 2218 ad
1607 2167 1867 2232 quartam
1920 2162 2064 2216 hanc

737 2261 1031 2314 editionem
1063 2255 1451 2309 adornandum
1479 2269 1603 2305 sum
1634 2267 1785 2304 usus.

533 2347 725 2404 Prima
746 2345 885 2401 mihi
897 2361 1034 2400 cura
1060 2343 1185 2403 fuit,
1214 2358 1286 2396 ne
1302 2331 1434 2412 quid
1458 2349 1669 2394 temere
1690 2339 1747 2392 in
1767 2344 1923 2392 textu
1943 2353 2063 2392 mu-

461 2442 644 2492 tarem
669 2454 682 2490 :
703 2435 844 2490 nihil
868 2449 1208 2504 magnOpere
1230 2429 1477 2500 ingenio,
1493 2429 1633 2482 nihil
1646 2425 2062 2481 blandientibus

463 2527 523 2581 in
551 2525 794 2597 speciem
815 2521 1152 2593 conjecturis
1181 2519 1327 2579 dedi.
1359 2518 1609 2572 Primum
1633 2517 1768 2570 mihi
1799 2534 1833 2570 a
1871 2532 2066 2570 manu-

464 2611 688 2686 scriptis
707 2612 1019 2668 subsidium
1049 2607 1360 2675 fuit,etiam
1389 2625 1418 2662 e
1441 2607 1776 2661 Germanica
1789 2604 2053 2669 evocatis,

466 2703 616 2758 unde
635 2701 772 2756 mihi
794 2700 1040 2772 quinque
1057 2696 1397 2768 exemplaria
1415 2695 1625 2766 [LXXVI]
1639 2693 1896 2748 submisit
1909 2693 1974 2748 R.
2001 2694 2062 2746 Ρ.

467 2790 708 2846 Jacobus
725 2790 1026 2844 Gretzerus
1037 2791 1246 2841 noster.
1281 2783 1596 2839 Secundum
1617 2800 1651 2836 a
1667 2780 2062 2836 vetustissimis

467 2877 826 2934 editionibus.
851 2875 1105 2932 Tertium
1125 2873 1410 2928 rarissime
1431 2877 1642 2936 tamen,
1663 2887 1697 2924 a
1715 2871 2057 2940 conjectura,

467 2985 582 3023 nou
609 2971 828 3022 remota
855 2969 1047 3019 tamen
1077 2980 1160 3029 ea,
1195 2961 1292 3017 sed
1332 2959 1665 3032 propinqua.
1699 2960 1838 3014 Cum
1873 2963 2062 3012 autem

2145 1917 2282 1969 quas
2305 1902 2368 1954 de
2398 1902 2574 1957 Gra’co
2606 1903 2808 1972 [Lxxv1]
2845 1905 2905 1957 in
2935 1905 3197 1957 Latinum
3229 1907 3520 1958 transtulit
3550 1906 3754 1958 Marti-

2147 2005 2253 2043 nus
2282 1993 2555 2058 episcopus
2586 1993 2648 2044 in
2676 1995 3008 2045 monasterio
3037 1994 3317 2046 Domcnse.

2216 2079 2363 2132 Nota
2391 2078 2481 2132 hic
2506 2078 2634 2133 libri
2660 2079 2826 2150 hujus
2849 2080 3171 2135 meminisse
3189 2081 3665 2150 Aventinum,lib.
3691 2095 3753 2136 Iv

2143 2166 2447 2221 Annalium
2461 2168 2745 2234 Boiorum,
2769 2168 2864 2222 ubi
2895 2170 3012 2240 agit
3040 2170 3110 2225 de
3134 2171 3410 2226 Ludovico
3439 2171 3538 2226 Pio
3570 2171 3755 2243 impe-

2143 2261 2330 2310 ratore
2351 2256 2446 2327 qui
2467 2257 2683 2310 curavit
2696 2274 2762 2311 ex
2777 2259 3075 2325 Dalmatia,
3101 2276 3270 2330 quam
3293 2259 3592 2324 invaserat,
3621 2278 3755 2332 pro-

2145 2343 2328 2414 ﬂigari
2352 2344 2725 2400 Lindewitum
2750 2347 2996 2401 Slavum.
3016 2366 3044 2399 ι
3066 2349 3202 2414 Hoc,
3228 2348 3430 2419 inquit,
3456 2348 3600 2403 bello
3615 2350 3758 2404 scri-

2148 2438 2278 2504 ptus
2299 2438 2386 2486 est
2413 2433 2616 2498 Codex,
2644 2434 2740 2505 qui
2761 2452 2826 2489 ex
2853 2435 3198 2490 membranis
3225 2443 3564 2508 compactus,
3593 2455 3760 2492 mon-

2149 2527 2362 2576 stratur
2390 2522 2449 2576 in
2479 2523 2882 2577 monachorum
2925 2525 3287 2589 monasterio,
3323 2527 3472 2596 quod
3503 2544 3538 2580 a
3567 2527 3763 2597 patria

2150 2627 2276 2664 mea
2305 2611 2497 2665 decem
2528 2612 2707 2665 millia
2734 2629 3002 2683 passuum
3033 2615 3391 2668 Occidentem
3419 2632 3612 2669 versus
3631 2615 3756 2670 hit.L

2150 2700 2375 2765 malem,
2407 2700 2466 2753 in
2504 2700 2629 2771 ripa
2657 2701 2782 2755 Ilmi
2819 2702 3108 2756 conditum
3149 2709 3344 2758 exstat.
3383 2704 3529 2758 Sunt
3552 2703 3610 2758 in
3649 2703 3754 2758 illo

2147 2787 2288 2842 libro
2319 2787 2612 2860 descriptae
2640 2789 2780 2844 Vita:
2817 2790 3071 2844 divorum
3110 2808 3145 2845 a
3180 2791 3479 2846 Paschasio
3500 2810 3530 2846 e
3556 2793 3758 2847 Graeca

2145 2876 2337 2946 lingua
2349 2876 2405 2930 in
2420 2877 2729 2932 Romanam
2744 2879 3050 2934 translatae.
3070 2880 3210 2933 Item
3224 2880 3478 2935 Hilarion
3494 2880 3606 2934 divi
3619 2881 3758 2935 Hie-

2145 2965 2388 3036 ronymi,
2414 2965 2554 3020 adeo
2573 2966 2820 3036 antiquis
2836 2965 3062 3033 litteris,
3085 2973 3151 3022 ut
3178 2969 3316 3022 mihi
3347 2987 3753 3041 repuerascen-

467 3056 660 3112 decem
683 3055 856 3110 libros
885 3055 1082 3108 demus
1108 3051 1367 3106 Vitarum
1396 3051 1649 3113 Patrum,
1683 3063 1923 3119 quorum
1946 3051 2063 3100 tres
2143 3053 2298 3119 dum,
2341 3059 2399 3108 et
2453 3054 2524 3108 ad
2562 3054 2747 3126 prima
2782 3055 3059 3110 elementa
3095 3057 3442 3112 redeundum
3489 3057 3680 3114 fuerit.
3723 3080 3751 3113 υ

465 3145 804 3218 posteriores
851 3159 1000 3198 nunc
1035 3141 1282 3214 primum
1324 3138 1599 3194 accedunt
1627 3154 1692 3191 ex
1722 3136 2120 3207 interpreta-C
2143 3141 2427 3196 Hactenus
2456 3142 2568 3196 ille.
2611 3143 2889 3209 Hundius,
2932 3143 2990 3198 in
3031 3144 3320 3215 Metropoli
3351 3162 3448 3199 sua
3493 3145 3756 3201 Salisbu-

465 3234 618 3289 tione
641 3232 1019 3288 recentiorum
1045 3230 1138 3302 qui
1162 3229 1349 3284 vixere
1372 3229 1602 3282 Patrum
1625 3223 1916 3289 memoria,
1949 3240 2062 3278 non
2144 3229 2334 3296 riensi,
2355 3231 2566 3297 scribit,
2589 3247 2718 3285 eum
2743 3231 2948 3286 librum
2971 3233 3105 3286 olim
3125 3232 3296 3287 fuisse
3323 3233 3382 3288 in
3402 3235 3755 3290 monasterio

465 3327 554 3378 est
572 3323 720 3396 quod
748 3321 1000 3378 omnium
1030 3318 1300 3373 librorum
1325 3315 1706 3386 manuscripta
1724 3311 2065 3384 exemplaria

465 3416 770 3482 exspectes.
822 3410 1027 3464 Eorum
1084 3407 1259 3478 igitur
1292 3411 1516 3460 tantum
1554 3403 1825 3457 librorum
1853 3417 2058 3455 manu-

465 3499 675 3570 scripta
703 3503 960 3568 exspecta
989 3494 1330 3566 exemplaria
1357 3493 1454 3565 qui
1487 3493 1607 3562 jam
1640 3490 1773 3545 olim
1801 3489 2059 3544 translati

463 3588 641 3654 fuere,
666 3587 859 3658 quales
885 3590 1098 3656 septem
1119 3582 1350 3655 priores,
1376 3581 1584 3653 quique
1604 3579 1874 3634 hactenus
1895 3577 2059 3633 titulo

462 3675 720 3730 Vitarum
747 3675 981 3730 Patrum
1010 3671 1266 3744 impressi
1294 3675 1444 3725 sunt.

535 3763 1044 3836 Manuscriptorum
1071 3760 1274 3832 quibus
1299 3776 1436 3814 usus
1456 3775 1600 3824 sum,
1625 3756 1826 3812 ecciste
1853 3755 2057 3810 catalo-

461 3869 587 3924 gus,
609 3869 776 3926 quem
791 3852 862 3906 do
875 3852 1038 3922 juxta
1059 3854 1392 3904 vetustatem
1407 3845 1762 3914 characteris,
1781 3850 2055 3918 quantum

463 3942 693 4014 quidem
720 3941 859 3995 mihi
899 3939 1160 4010 colligere
1185 3937 1363 4003 licuit,
1397 3937 1482 3991 vel
1519 3953 1587 3990 ex
1617 3951 1765 3990 anno
1789 3933 2051 4005 ascripto,

463 4031 551 4085 vel
577 4046 643 4084 ex
671 4030 1014 4083 charactere.
1049 4027 1244 4082 Sciunt
1279 4025 1587 4096 antiquarii
1617 4022 1843 4095 aliquod
1872 4021 2056 4076 saeculi

463 4118 736 4173 indicium
765 4133 800 4172 a
827 4115 1166 4170 characteris
1182 4130 1386 4186 genere
1415 4112 1580 4168 sumi.
1602 4112 1725 4168 Cito
1754 4115 1942 4166 autem
1964 4126 2058 4164 eos

465 4205 758 4261 referendo
787 4205 859 4260 ad
888 4203 1192 4260 editionem
1221 4203 1366 4256 hanc
1387 4206 1664 4273 quartam.

534 4295 640 4350 Ms.
670 4293 1030 4359 Vedastinus,
1052 4309 1082 4347 e
1105 4290 1468 4346 celeberrimo
1487 4289 1666 4344 sancti
1685 4287 1915 4344 Vedasti
1942 4305 2058 4344 mo-

464 4383 711 4438 nasterio
725 4381 1184 4437 membranaceus
1203 4379 1444 4447 in-folio,
1468 4377 1848 4433 vetustissima
1863 4393 2052 4442 manu,

2145 3318 2774 3374 Munichmunsteriensi
2803 3321 2860 3375 in
2891 3321 3128 3375 Bavaria
3157 3322 3227 3376 ad
3256 3321 3577 3377 Danubium
3597 3323 3756 3380 infra

2143 3406 2442 3478 Vohburg;
2476 3408 2573 3462 sed
2604 3425 2750 3463 anno
2783 3407 2924 3464 1580
2946 3426 3006 3464 se
3037 3427 3164 3464 eum
3197 3409 3273 3464 ibi
3296 3428 3407 3466 non
3439 3413 3746 3483 reperisse;

2141 3494 2459 3550 existimare
2493 3501 2683 3550 autem
2727 3498 3066 3552 translatum
3105 3515 3227 3553 esse
3260 3500 3620 3554 Monachium
3673 3503 3750 3557 ad

2143 3582 2546 3638 Bibliothecam
2577 3584 2833 3639 ducalem
2863 3602 2991 3639 cum
3034 3586 3369 3657 quibusdam
3399 3587 3522 3642 aliis
3558 3587 3745 3644 libris.

2139 3671 2229 3728 Ita
2282 3673 2559 3728 Hundius.
2602 3673 2836 3745 Irrepsit
2885 3691 3044 3729 error
3080 3675 3138 3729 in
3171 3677 3484 3732 Chronicon
3522 3677 3745 3733 ordinis

2138 3761 2424 3816 Benedict.
2451 3761 2522 3815 ab
2552 3761 2854 3817 admodum
2890 3764 3353 3819 reverendissimo
3388 3765 3455 3820 D.
3487 3765 3745 3822 Auberto

2138 3849 2328 3905 Miraeo
2357 3850 2772 3917 concinnatum,
2805 3867 2932 3905 cum
2960 3852 3103 3907 liber
3129 3853 3224 3907 ille
3263 3853 3504 3926 scriptus
3534 3854 3749 3910 dicitur

2140 3954 2288 3992 anno
2315 3937 2450 4005 918;
2484 3939 2714 3994 omnino
2731 3938 2838 3996 819
2868 3941 3137 4011 oportuit.

2209 4027 2312 4082 Ms.
2343 4027 2822 4098 Ingolstadiensis,
2842 4029 3060 4100 collegii
3090 4030 3267 4085 nostri
3295 4030 3536 4098 in-folio,
3567 4049 3749 4088 mem-

2139 4114 2336 4180 brana,
2365 4115 2526 4170 valde
2557 4121 2826 4172 vetustus.
2869 4117 3132 4174 Continet
3165 4118 3373 4175 librum
3409 4121 3745 4190 secundum,

2139 4203 2390 4270 tertium,
2425 4209 2708 4276 quartum.

2208 4293 2304 4348 Ms.
2329 4293 2680 4349 Amandinus
2709 4312 2740 4349 e
2769 4294 3132 4350 celeberrimo
3153 4296 3332 4352 sancti
3358 4297 3598 4354 Amandi
3627 4317 3748 4355 caa-

2140 4380 2326 4449 nobio,
2358 4399 2391 4436 a
2430 4388 2653 4437 vetusta
2682 4399 2874 4451 manu,
2908 4383 3004 4456 qui
3043 4385 3353 4441 Heraclidis
3403 4387 3745 4444 Paradisurn

465 4473 671 4545 quippe
689 4456 2488 4540 characteribuscapitalibusconscriptus.Descri-Dcontinebat,
2529 4472 2626 4526 sed
2683 4473 2946 4527 mutilum
2955 4513 2968 4540 ,
3000 4473 3072 4527 ad
3124 4476 3286 4546 cuius
3333 4480 3523 4531 tamen
3566 4476 3743 4532 ﬁdem

463 4567 594 4634 ptus
621 4561 714 4616 hic
743 4565 866 4616 erat
882 4565 1081 4630 rogatu
1103 4558 1321 4613 abbatis
1341 4556 1618 4624 Nomedii,
1644 4555 1740 4627 qui
1769 4572 1897 4610 eum
1918 4553 2062 4609 basi-

461 4650 582 4706 licaa
609 4650 786 4704 sancti
798 4649 1050 4705 Medardi
1079 4647 1378 4702 obtulerat.
1413 4645 1570 4701 Unde
1609 4644 1928 4710 Suessione,
1960 4641 2058 4697 ubi

458 4737 694 4809 insignis
713 4738 891 4792 sancti
919 4737 1172 4792 Medardi
1201 4735 1449 4802 basilica,
1474 4734 1678 4789 librum
1706 4734 1855 4787 hunc
1871 4731 2056 4804 profe-

465 4831 620 4881 ctum
649 4842 914 4897 auguror.
955 4826 1175 4880 Titulus
1220 4831 1413 4882 autem
1440 4823 1570 4878 libri
1599 4823 1689 4877 hic
1717 4828 1837 4876 erat
1865 4839 1877 4874 :
1905 4823 2058 4876 Liber

459 4931 778 4970 sermonum
807 4918 888 4969 vel
933 4915 1339 4968 adhortationis
1373 4915 1607 4968 Patrum
1641 4913 1716 4964 ad
1748 4911 2056 4980 profectum

460 5004 874 5058 monachorum.
893 5001 1062 5057 Liber
1092 5007 1282 5056 autem
1309 5001 1400 5056 hic
1429 5017 1534 5055 ms.
1561 5006 1782 5054 tantum
1809 4998 2058 5052 continet

459 5113 525 5152 ex
548 5095 690 5150 libro
718 5099 910 5150 nostro
930 5094 1128 5165 quinto
1150 5093 1367 5148 libellos
1387 5109 1480 5160 xv,
1515 5099 1573 5148 et
1601 5092 1726 5146 ﬁnit
1739 5093 1798 5146 in
1817 5108 2053 5146 numero

455 5185 526 5242 26
553 5183 727 5239 libelli
757 5200 845 5238 xv.
879 5184 1064 5247 Quare
1091 5199 1206 5238 non
1254 5181 1426 5236 habet
1469 5182 1688 5252 integre
1736 5197 1857 5252 quae
1885 5179 2054 5234 vertit

452 5273 732 5345 Pelagius.
765 5272 920 5327 Finis
947 5271 1122 5327 totius
1149 5270 1276 5325 libri
1297 5275 1452 5326 erat:
1480 5272 1718 5340 Explica
1747 5271 1886 5324 liber
1907 5269 2052 5337 quod

455 5368 680 5416 vocatur
732 5363 872 5416 Vitas
909 5363 1145 5417 Patrum
1184 5362 1259 5414 ad
1292 5361 1601 5430 profectum
1651 5358 2048 5412 monachorum

454 5453 564 5504 sive
591 5452 896 5504 imitatores
915 5466 1126 5504 eorum.
1149 5448 1251 5503 Vix
1272 5448 1507 5504 dubium
1527 5446 1686 5512 mihi,
1719 5450 1849 5499 ante
1871 5461 2048 5499 annos

452 5550 590 5592 accc
611 5537 816 5592 librum
845 5539 998 5594 hunc
1025 5539 1422 5610 conscriptum.
1457 5537 1538 5592 Ex
1583 5533 1842 5590 Nomedii
1883 5537 2048 5588 astate

454 5641 546 5681 res
574 5626 780 5682 certior
807 5627 980 5684 statui
1011 5627 1237 5700 poterit.

2143 4560 2385 4630 paucula
2403 4559 2462 4613 in
2491 4560 2798 4632 appendice
2826 4563 3148 4632 recognovi.

2211 4649 2315 4702 Ms.
2356 4648 2796 4702 Audomarensis
2834 4665 2900 4703 ex
2939 4650 3173 4704 ecclesia
3217 4651 3513 4722 collegiata
3559 4656 3745 4711 sancti

2139 4735 2467 4803 Audomari,
2498 4742 2772 4804 vetustus,
2808 4742 2865 4792 et
2892 4738 3135 4793 maxime
3176 4740 3454 4810 perfectus
3490 4742 3586 4814 qui
3614 4759 3746 4798 ma-

2139 4825 2290 4880 ximo
2319 4825 2459 4879 mihi
2493 4825 2564 4879 ad
2588 4825 2732 4881 hanc
2759 4827 3200 4896 recognitionem
3241 4829 3568 4900 adjumento
3607 4830 3738 4899 fuit,

2139 4919 2262 4968 tum
2293 4913 2442 4984 quod
2469 4914 2658 4985 plures
2687 4914 2860 4970 libros
2888 4916 3218 4982 contineret,
3251 4921 3376 4972 tum
3405 4919 3554 4990 quod
3583 4936 3746 4990 egre-

2139 5002 2230 5072 gie
2252 5002 2492 5073 scriptus
2511 5007 2678 5060 esset.
2700 5003 3037 5058 Continebat
3060 5011 3249 5060 autem
3273 5023 3338 5062 ex
3357 5007 3499 5062 libro
3520 5008 3739 5080 primo:

2139 5090 2326 5144 Vitam
2385 5091 2565 5144 sancti
2614 5091 2844 5146 Antonii
2867 5109 2989 5163 per
3040 5099 3297 5150 sanctum
3342 5097 3740 5166 Athanasium,

2135 5178 2442 5249 interprete
2495 5179 2763 5250 Evagrio:
2806 5181 2996 5236 Vitam
3049 5185 3226 5238 sancti
3281 5184 3586 5240 Hilarionis
3633 5203 3742 5241 au-

2132 5273 2284 5322 ctore
2329 5273 2520 5322 sancto
2575 5268 2954 5340 Hieronymo;
3002 5271 3192 5326 Vitam
3233 5273 3435 5327 Malchi
3471 5275 3745 5330 monachi

2132 5356 2335 5428 captivi
2384 5373 2484 5428 per
2527 5357 2820 5422 eumdem;
2869 5358 3058 5414 Vitam
3086 5360 3326 5416 Abrahae
3363 5363 3610 5418 eremitaa
3640 5381 3746 5435 per

2133 5442 2357 5497 beatum
2395 5445 2691 5514 Ephraem;
2733 5446 2921 5500 Vitam
2965 5447 3116 5504 beati
3165 5450 3490 5518 Frontonii;
3550 5453 3742 5509 Vitam

2131 5531 2360 5586 Marinaa
2405 5533 2638 5603 puellae;
2674 5533 2878 5589 librum
2907 5538 3234 5606 secundum,
3266 5540 3371 5594 hoc
3395 5539 3558 5594 initio
3590 5559 3604 5595 :
3637 5545 3740 5597 ln-

2131 5623 2263 5690 cipit
2287 5623 2542 5690 pra/atto
2573 5623 2789 5692 Ruf/ini
2815 5626 2880 5680 de
2916 5625 3035 5681 Vita
3061 5630 3482 5684 monachorum.
3513 5630 3743 5686 Benedi-
