3958 6390
192 403 255 460 81
1096 458 1100 463 .
1435 403 1929 464 PROLEGOMEN
1934 402 2034 459 ON
2072 403 2268 458 XXIV.
3407 408 3479 468 82

186 533 323 596 ctus,
346 532 449 582 etc.
476 546 490 595 ;
522 526 730 583 librum
757 529 1006 597 tertium,
1027 547 1128 602 per
1156 534 1537 606 paragraphos
1563 553 1661 591 seu
1692 552 1793 591 nu-
1813 535 2028 595 Anum.
2052 528 2143 595 24,
2163 529 2260 600 qui
2289 529 2474 584 eidem
2501 529 2904 585 Posthumiano
2933 530 3219 587 tribuitur.
3244 532 3477 589 Librum

184 634 368 672 meres
384 632 551 685 ccvn;
575 617 781 673 librum
807 624 1091 690 quartum,
1112 623 1353 692 exceptis
1371 624 1567 695 primis
1591 641 1683 680 XIV
1702 642 1790 679 ca—
1873 624 2158 691 quartum,
2193 619 2290 689 qui
2319 619 2523 673 Joanni
2554 619 2821 673 Cassiano
2850 621 3199 691 assignatur.
3244 622 3476 678 Librum

182 706 412 778 pitibus,
447 724 571 778 quae
608 724 675 761 ex
718 708 919 763 Severo
938 710 1207 781 ,Sulpicio
1237 718 1371 767 sunt
1406 719 1686 785 excerpta,
1720 731 1788 769 ea
1872 709 2150 780 quintum.
2180 708 2402 763 Titulus
2422 713 2614 762 autem
2646 708 2736 762 hic
2764 714 2850 763 est
2875 725 2887 763 :
2912 712 3199 778 Incipiunt
3227 716 3476 781 capitula

184 797 336 850 enim
364 796 618 865 deerant;
655 796 863 852 librum
907 799 1187 869 quintum,
1221 803 1381 872 cujus
1410 802 1611 857 titulus
1651 809 1738 858 est
1768 822 1779 857 :

184 886 471 954 Incipiunt
484 887 894 941 adhortationes
905 894 1225 943 sanctorum
1243 892 1498 959 Patrum,
1503 894 1786 961 perfectio-

186 990 384 1043 nesque
400 976 817 1043 monachorum,
832 993 966 1046 quas
984 979 1047 1031 de
1061 979 1239 1051 Greco
1260 982 1323 1033 in
1343 981 1610 1035 Latinum
1630 986 1788 1036 tran-

186 1066 350 1118 stulit
380 1064 755 1131 Hieronymus
776 1067 1077 1134 presbyter.
1103 1068 1400 1123 Manifesto
1414 1086 1622 1124 errore.
1639 1071 1785 1125 Nam

189 1151 342 1206 idem
362 1151 505 1207 liber
519 1153 774 1225 [LXXVIII]
790 1156 1207 1226 manuscriptus
1228 1157 1284 1211 in
1308 1158 1417 1211 fine
1434 1158 1606 1213 libelli
1625 1176 1782 1226 vaIr,

192 1241 289 1312 qui
310 1242 368 1296 in
387 1242 491 1296 hoc
510 1242 708 1314 quinto
732 1243 873 1298 libro
899 1244 1131 1300 ultimus
1157 1251 1260 1312 est,
1283 1247 1400 1302 haec
1414 1247 1586 1302 habet
1608 1266 1623 1300 :
1647 1251 1788 1304 [luc-

192 1346 365 1399 usque
387 1332 450 1385 de
477 1332 655 1387 Greece
685 1336 749 1387 in
775 1335 1039 1388 Latinum
1067 1338 1361 1389 transtulit
1387 1339 1641 1406 Pelagius
1670 1340 1789 1392 (lia-

190 1436 362 1473 conus
386 1422 630 1477 Ecclesia:
665 1424 934 1489 Romanae,
969 1429 1016 1477 ct
1042 1423 1247 1479 abhinc
1269 1427 1523 1479 deorsum
1547 1429 1787 1481 Joannes

188 1510 574 1564 subdiaconus.
609 1510 841 1567 Librum
877 1518 1113 1580 sextum,
1146 1513 1454 1585 interprete
1483 1516 1698 1570 Joanne
1725 1517 1783 1571 S.

190 1597 259 1652 R.
291 1597 352 1651 E.
382 1597 744 1656 subdiacono.
1083 1584 1098 1596 ’

257 1687 363 1741 Ms.
397 1687 833 1758 Aﬁligemiensis
853 1706 919 1745 ex
946 1690 1153 1761 insigni
1182 1690 1407 1746 abbatia
1432 1693 1612 1747 sancti
1633 1694 1787 1748 Petri

183 1776 335 1846 apud
361 1778 648 1832 Alostrum
665 1778 896 1845 in-folio,
920 1779 1266 1847 membrana,
1286 1780 1443 1836 bona;
1462 1788 1625 1837 notae.
1645 1784 1787 1837 Con-

1871 800 2006 853 libri
2017 800 2197 852 sancti
2214 799 2547 864 Hieronymi
2573 799 2640 851 de
2674 799 2787 852 Vita
2807 803 2854 852 et
2875 800 3087 853 actibus
3111 798 3209 855 SS.
3238 803 3475 855 Patrum

1867 889 2251 952 eremitarum,
2270 889 2576 940 translatus
2596 887 2663 939 ab
2682 904 2740 940 eo
2765 889 2828 941 de
2853 888 3031 945 Gra’co
3056 892 3197 957 stylo
3231 891 3292 944 in
3319 892 3475 945 Lat-i-

1869 991 2028 1030 num.
2063 976 2127 1030 In
2158 974 2343 1030 medio
2372 991 2503 1029 vero
2550 974 2725 1030 libelli
2762 991 2850 1030 XVI
2884 977 2998 1048 (qui
3036 994 3167 1033 vere
3195 992 3333 1032 vaII
3364 984 3468 1045 est,

1867 1064 1966 1118 sed
1989 1064 2100 1119 duo
2128 1063 2302 1118 libelli
2330 1078 2451 1131 xm,
2484 1064 2553 1118 de
2574 1065 2990 1136 Hospitalitate,
3017 1071 3073 1120 et
3091 1083 3200 1132 xw,
3233 1067 3302 1121 de
3330 1066 3473 1123 Obe-

1868 1153 2083 1207 dientia
2118 1154 2175 1207 in
2206 1155 2309 1207 hoc
2337 1153 2439 1207 Ms.
2461 1158 2596 1207 sunt
2622 1153 2831 1221 omissi)
2864 1154 3104 1209 habetur
3136 1173 3148 1208 :
3183 1157 3472 1226 [lucusque

1869 1243 2241 1310 Hieronymus
2251 1244 2313 1296 de
2329 1243 2505 1298 Graeco
2516 1246 2579 1296 in
2595 1244 2859 1297 Latinum
2871 1244 3083 1297 dicitur
3097 1248 3467 1310 transtulisse,

1868 1332 1918 1383 si
1922 1337 2066 1396 ve,ut
2077 1334 2327 1400 plerique
2342 1336 2663 1397 autumant,
2674 1334 2924 1399 Pelagius
2938 1334 3205 1387 diaconus
3218 1335 3473 1389 Romanas

1870 1423 2132 1476 Ecclesiae.
2167 1422 2300 1475 Inde
2327 1423 2566 1475 Joannes
2596 1422 2984 1489 subdiaconus,
3009 1427 3253 1490 quatuor
3273 1424 3474 1479 distin-

1868 1526 2038 1580 guens
2070 1511 2231 1564 libris
2261 1511 2406 1563 idem
2436 1526 2586 1578 opus.
2611 1508 2843 1564 Librum
2872 1514 3112 1565 sextum.

1939 1599 2041 1653 Ms.
2063 1597 2351 1653 Laetiensis
2379 1597 2581 1665 minor,
2611 1598 2915 1670 in-quarto,
2940 1615 3299 1670 pergameno,
3326 1604 3474 1656 notae

1870 1703 1981 1741 non
2007 1686 2287 1741 inferioris
2328 1703 2362 1740 a
2389 1686 2595 1758 priore.
2630 1687 2738 1752 Qui
2786 1687 2928 1741 liber
2955 1688 3091 1742 olim
3127 1688 3235 1743 fuit
3281 1689 3474 1745 Sancti

1868 1776 2155 1831 Michaelis
2174 1776 2232 1830 in
2258 1777 2440 1831 Sarto.
2458 1776 2719 1831 Continet
2742 1776 2833 1831 hic
2859 1776 3003 1831 liber
3020 1794 3085 1831 ex
3100 1777 3242 1832 libro
3262 1778 3467 1850 primo,

182 1865 331 1919 tinet
359 1881 425 1919 ex
452 1865 594 1920 libro
618 1867 799 1938 primo
821 1868 978 1923 Vitas
1005 1870 1182 1924 sancti
1204 1870 1385 1937 Pauli,
1416 1872 1668 1939 Antonii,
1686 1873 1787 1927 Hi-
1805 1852 1846 1912 Β
1865 1865 2052 1920 Vitam
2071 1865 2249 1919 sancti
2271 1865 2430 1918 Pauli
2452 1864 2619 1936 primi
2650 1865 2919 1933 eremite,
2944 1871 3173 1920 auctore
3193 1866 3319 1921 divo
3344 1868 3477 1924 Hie-

182 1953 434 2021 larionis,
459 1955 682 2022 Malchi,
725 1956 1027 2023 Pachomii,
1058 1957 1317 2025 Abrahae,
1349 1958 1626 2014 Simeonis
1661 1960 1786 2031 Sty-

178 2042 332 2115 lytze,
356 2044 665 2112 Frontonii,
686 2045 1083 2118 Euphrosynze,
1109 2048 1298 2102 Maria;
1319 2049 1505 2120 neptis
1523 2048 1779 2117 Abrahae,

179 2132 442 2203 Pelagia},
473 2134 662 2189 Mariae
688 2135 1046 2206 Egyptiacae,
1070 2137 1319 2204 Marium,
1351 2137 1558 2192 librum
1580 2155 1782 2194 secun-

176 2216 336 2288 dum,
369 2222 648 2294 quintum,
683 2230 924 2291 sextum,

246 2312 353 2366 Ms.
380 2311 819 2380 Gemblacensis,
836 2332 901 2368 ex
921 2319 1141 2369 vetusta
1161 2314 1389 2370 abbatia
1408 2317 1586 2371 sancti
1607 2318 1779 2385 Petri,

177 2400 394 2455 ordinis
414 2402 592 2456 sancti
619 2402 905 2457 Benedicti
925 2403 984 2458 in
1004 2404 1207 2476 oppido
1225 2405 1611 2461 Gemblacensi
1631 2407 1781 2477 apud

177 2490 549 2559 Namurcum,
579 2491 893 2563 in-quarto,
930 2493 1411 2561 membranaceus,
1459 2496 1780 2551 charactere

175 2585 419 2635 vetusto.
453 2580 789 2636 Continebat
823 2587 1048 2637 tantum
1096 2600 1162 2637 ex
1215 2583 1358 2640 libro
1396 2583 1580 2656 primo
1621 2586 1779 2640 Vitas

176 2670 360 2724 sancti
391 2670 698 2738 Pachomii,
736 2672 915 2726 sancti
941 2673 1152 2740 Basilii,
1191 2673 1425 2729 Joannis
1455 2676 1779 2748 Eleemosy-

176 2760 347 2826 narii,
374 2760 564 2815 Mariae
589 2760 947 2832 {Egyptiacze

247 2848 353 2903 Ms.
413 2849 829 2921 Crispiniensis,
869 2867 936 2904 ex
973 2852 1315 2906 monasterio
1345 2852 1559 2907 ordinis
1597 2855 1777 2909 sancti

172 2938 463 2994 Benedicti
485 2940 633 3010 apud
652 2939 1032 3009 Valentianas,
1052 2941 1294 3008 in-tolio,
1318 2941 1665 3014 membrana,
1688 2962 1778 2999 ve-

168 3033 330 3083 tusta
359 3044 552 3083 manu.
576 3028 909 3084 Continebat
938 3047 1007 3084 ex
1036 3030 1180 3085 libro
1209 3030 1392 3102 primo
1411 3032 1571 3087 Vitas
1595 3035 1775 3089 sancti

168 3118 356 3184 Pauli,
377 3118 556 3172 sancti
574 3118 824 3186 Antonii,
843 3120 1021 3173 sancti
1037 3120 1359 3188 Hilarionis,
1382 3122 1777 3187 Malchi,Joan-

1866 1971 2140 2026 ronymo;
2173 1954 2361 2008 Vitam
2400 1954 2578 2008 sancti
2615 1954 2943 2021 Hilarionis,
2975 1960 3205 2009 auctore
3234 1956 3468 2024 eodem;

1865 2044 2054 2098 Vitam
2084 2060 2182 2097 seu
2195 2042 2593 2098 Paenitentiam
2609 2042 2858 2108 Thaidis,
2882 2059 2982 2097 seu
2994 2043 3240 2111 Thaisis;
3259 2042 3469 2099 librum

1867 2133 2194 2198 secundum,
2220 2132 2471 2197 tertium,
2497 2135 2782 2202 quartum.
2804 2132 2909 2186 Ms.
2931 2132 3098 2186 Bonae
3118 2133 3268 2204 Spei,
3292 2149 3358 2187 ex
3374 2131 3470 2187 ab.

1871 2221 2020 2275 batia
2056 2221 2311 2291 ejusdem
2342 2220 2606 2287 nominis,
2641 2219 2854 2274 ordinis
2891 2221 3466 2290 Praemonstratensis,

1866 2310 2016 2382 apud
2038 2310 2331 2365 Binchium
2343 2309 2650 2364 Hannoniae
2662 2309 2949 2380 oppidum,
2966 2310 3469 2382 in-quarto,forma

1865 2399 2126 2469 oblonga,
2176 2415 2537 2470 pergameno,
2584 2399 2907 2453 charactere
2954 2398 3101 2452 bono
3151 2403 3210 2454 et
3251 2405 3468 2455 vetere.

1864 2490 2127 2545 Continet
2149 2489 2302 2543 varia
2321 2494 2541 2544 tantum
2564 2488 2881 2559 fragmenta
2903 2505 2969 2541 ex
2993 2487 3163 2542 variis
3180 2488 3312 2543 hinc
3332 2488 3466 2545 inde

1860 2578 2020 2633 libris
2057 2584 2304 2650 exerpta,
2340 2594 2409 2633 ex
2439 2578 2584 2632 libro
2614 2592 2655 2632 II
2685 2583 2743 2632 et
2768 2593 2827 2632 III
2853 2577 3085 2645 Rufﬁni,
3116 2577 3255 2632 item
3275 2594 3342 2633 ex
3359 2579 3465 2634 ali-

1863 2674 2001 2741 quot
2027 2667 2227 2722 libellis
2256 2668 2468 2739 Pelagii
2497 2674 2556 2722 et
2579 2667 2833 2722 Joannis.

1933 2758 2036 2812 Ms.
2069 2757 2435 2824 Moretianus,
2472 2756 2710 2821 in-folio,
2752 2772 3116 2828 pergameno,
3148 2772 3263 2811 non
3298 2755 3461 2810 valde

1863 2847 2091 2919 quidem
2115 2852 2389 2911 vetustus,
2413 2846 2511 2900 sed
2535 2845 2779 2917 plurima
2789 2845 3105 2912 continens,
3131 2862 3300 2916 quem
3321 2845 3463 2900 mihi

1859 2937 1926 2991 D.
1980 2938 2181 2992 Moreti
2228 2936 2330 2991 filii
2362 2935 2812 3008 suppeditarunt.
2847 2933 3183 2990 Continebat
3222 2951 3289 2989 ex
3317 2934 3462 2989 libro

1858 3026 2040 3098 primo
2069 3026 2228 3080 Vitas
2256 3025 2442 3092 Pauli;
2467 3024 2724 3093 Antonii;
2749 3024 3055 3078 Hilarionis
3075 3043 3087 3091 ;
3104 3024 3335 3089 Malchi;
3358 3023 3462 3079 Pa-

1857 3114 2064 3169 chomii
2081 3133 2094 3179 ;
2127 3114 2364 3169 Abrahae
2384 3133 2396 3181 ;
2415 3113 2644 3168 Joannis
2660 3112 3120 3189 Eleemosynarii;
3144 3112 3458 3180 Frontonii,

167 3204 263 3257 nis
292 3203 751 3274 Eleemosynarii,
795 3204 1112 3272 Frontonis,
1156 3207 1362 3272 Paulae,
1414 3213 1620 3262 sanctae
1651 3209 1836 3278 Ma-C
1859 3220 2030 3275 quam
2072 3203 2416 3274 Hieronymo
2466 3201 2727 3257 ascribit:
2783 3202 3205 3272 Euphrosynae;
3268 3200 3460 3256 Mariae

166 3292 344 3360 rinze;
368 3297 550 3346 totum
577 3292 783 3347 librum
803 3295 1137 3359 secundum;
1170 3299 1351 3349 totum
1379 3295 1586 3350 librum
1610 3314 1775 3368 quar-

169 3386 326 3448 tum;
356 3386 535 3436 totum
557 3381 761 3437 librum
782 3383 1069 3454 quintum;
1093 3389 1279 3438 totum
1298 3384 1508 3439 librum
1531 3392 1771 3441 sextum.

240 3472 348 3525 Ms.
383 3471 827 3541 Aquicinctinus,
856 3489 921 3526 ex
946 3472 1197 3527 cmnobio
1230 3474 1441 3529 ordinis
1470 3476 1648 3530 sancti
1675 3477 1776 3531 Be-

163 3560 383 3616 nedicti
409 3560 558 3631 apud
578 3561 849 3627 Duacum,
876 3561 936 3615 in
956 3561 1301 3629 membrana,
1323 3562 1482 3619 bonze
1503 3570 1668 3631 notae,
1691 3565 1775 3619 in-

164 3650 323 3703 folio.
374 3648 682 3705 Exhibebat
719 3650 808 3704 hic
846 3651 1262 3723 manuscriptus
1303 3669 1369 3706 ex
1411 3652 1551 3708 libro
1590 3654 1772 3725 primo

165 3738 332 3791 Vitas
360 3738 539 3792 sancti
559 3738 739 3805 Pauli,
762 3739 940 3794 sancti
956 3740 1205 3807 Antonii,
1229 3740 1408 3795 sancti
1441 3741 1765 3809 Hilarionis,

164 3827 580 3893 Malcbi,sancti
592 3829 823 3883 Joannis
838 3829 1509 3901 Eleemosynarii,sanctae
1521 3831 1773 3903 Euphro-

162 3917 306 3971 sinae
334 3916 581 3987 virginis,
612 3918 801 3972 Mariae
832 3918 1015 3990 neptis
1036 3918 1297 3987 Abrahe,
1322 3919 1563 3990 Pelagia:
1594 3936 1771 3975 mere-

165 4005 346 4071 tricis,
370 4004 560 4060 Μαι-ἰαὶ
573 4006 934 4078 Egyptiacae,
954 4008 1162 4062 Paulae.
1179 4007 1488 4063 Exhibebat
1498 4014 1771 4080 praeterea

163 4094 377 4149 librum
411 4096 735 4161 secundum,
771 4096 877 4150 hoc
904 4096 1070 4150 titulo
1107 4115 1118 4149 :
1154 4099 1443 4166 Incipiunt
1484 4103 1638 4152 actus
1667 4097 1764 4153 SS.

163 4186 405 4237 Patrum
430 4200 465 4237 a
482 4186 874 4239 Posthumiano
895 4186 1158 4239 monacho
1184 4187 1321 4239 editi
1338 4191 1385 4239 et
1414 4187 1488 4238 ad
1512 4187 1768 4240 Fidosum

164 4271 583 4327 missi.Librum
594 4273 945 4345 tertium,qui
961 4272 1037 4327 ibi
1050 4278 1271 4327 constat
1285 4273 1653 4345 paragraphis
1669 4291 1768 4328 seu

165 4362 423 4416 numeris
442 4375 580 4421 cxu.
616 4361 847 4417 Librum
873 4367 1140 4433 quartum
1182 4363 1288 4416 hoc
1315 4362 1475 4416 initio
1505 4376 1535 4416 τί
1564 4365 1767 4431 Incipit

164 4455 307 4505 liber
325 4452 713 4506 Posthumiani
732 4453 794 4505 de
814 4454 974 4518 gestis
994 4458 1317 4505 sanctorum
1339 4454 1588 4505 Pal-rum.
1609 4451 1769 4506 Unde

1856 3292 2041 3363 neptis
2064 3291 2334 3359 Abrahae;
2366 3291 2584 3345 Thaisis
2614 3290 2924 3344 meretricis
2955 3308 2968 3357 ;
3004 3289 3244 3360 Pelagia;
3271 3305 3457 3344 mere-

1856 3381 2047 3448 tricis;
2083 3381 2265 3436 Mariae
2290 3381 2631 3452 IEgyptiacaa
2663 3400 2675 3444 ;
2702 3379 2959 3446 Marine;
2988 3379 3195 3433 Paulae.
3224 3378 3459 3435 Librum

1848 3452 2185 3537 secundum,
2208 3464 2375 3542 quem
2405 3469 2633 3523 ascribit
2650 3468 3054 3523 Posthumiano
3084 3468 3378 3537 monacho,
3400 3473 3460 3525 et

1857 3560 2063 3615 dicitur
2089 3560 2160 3614 ad
2198 3560 2521 3631 Phydosum
2554 3558 2784 3616 missus.
2821 3557 3053 3613 Librum
3079 3557 3333 3624 tertium,
3359 3558 3457 3629 qui

1857 3649 2029 3703 etiam
2045 3648 2450 3703 Posthumiano
2469 3647 2785 3715 ascribitur,
2810 3651 2868 3701 et
2885 3646 2957 3701 ad
2985 3647 3307 3718 Phydosum
3330 3647 3459 3703 mit-

1854 3739 2010 3793 titur.
2019 3737 2541 3809 Librumquartum,
2550 3753 2717 3808 quem
2731 3735 2934 3790 tribuit
2945 3735 3147 3790 Joanni
3163 3734 3452 3790 Cassiano.

1853 3827 2084 3883 Librum
2123 3827 2403 3898 quintum,
2437 3841 2606 3896 quem
2634 3825 2704 3879 de
2749 3825 2941 3879 Graeco
2984 3824 3043 3879 in
3082 3823 3345 3879 Latinum
3383 3824 3455 3879 ab

1853 3916 2198 3987 Hieronymo
2223 3913 2550 3987 presbytero
2565 3912 2754 3986 [Lxxx]
2786 3914 3125 3968 translatum
3145 3913 3364 3967 asserit.
3387 3914 3454 3969 In

1854 4007 1965 4061 ﬁne
1983 4011 2172 4060 tamen
2200 4004 2331 4059 libri
2348 4019 2501 4071 xvnI,
2517 4004 2615 4070 ait,
2640 4006 2749 4057 sive
2769 4008 2831 4056 ut
2858 4006 3108 4073 plerique
3126 4007 3450 4070 autumant,

1855 4097 2147 4149 transtulit
2166 4096 2229 4147 de
2244 4094 2421 4149 Grmco
2452 4096 2515 4147 in
2550 4095 2809 4147 Latinum
2836 4094 3090 4159 Pelagius
3104 4092 3371 4145 diaconus
3391 4090 3450 4147 S.

1851 4186 1912 4239 Β.
1954 4184 2015 4237 E.
2050 4182 2279 4237 Librum
2308 4186 2547 4248 sextum,
2581 4197 2749 4251 quem
2779 4179 2981 4234 Joanni
3014 4179 3072 4234 S.
3106 4179 3180 4237 R.
3222 4180 3288 4235 Ε.
3317 4179 3454 4235 sub-

1851 4272 2085 4326 diacono
2116 4271 2364 4326 ascribit.
2400 4271 2480 4324 Ex
2518 4270 2846 4342 appendice,
2878 4267 3453 4324 HeraclidisParadi-

1851 4377 1998 4426 sum,
2027 4361 2342 4431 integrum;
2363 4360 2460 4414 sed
2481 4375 2612 4414 eum
2632 4358 2863 4413 ascribit
2880 4358 3198 4425 Paschasio,
3220 4358 3307 4412 vel
3327 4358 3456 4413 Pal-

1851 4449 2001 4504 ladio
2034 4449 2287 4504 diacono.
2322 4449 2408 4503 Ita
2436 4448 2664 4502 titulum
2689 4447 2959 4519 concipit:
2991 4449 3195 4516 Incipit
3225 4448 3453 4516 epistola

164 4540 384 4595 occasio
423 4547 557 4594 nata
585 4540 660 4593 sit
686 4540 1091 4595 Posthumiano
1122 4540 1340 4610 aliquos
1377 4539 1549 4594 libros
1578 4535 2129 4594 inscri-DPaschasii
2144 4541 2253 4592 sive
2273 4539 2497 4592 Paladii
2526 4537 2751 4591 diaconi
2769 4537 2843 4589 ad
2866 4536 3206 4604 Eugippium
3230 4536 3454 4604 presby-

163 4628 354 4685 bendi.
384 4628 525 4683 Vide
547 4629 696 4685 dicta
722 4646 912 4700 supra,
946 4629 1344 4700 prolegomene
1374 4628 1427 4695 4,
1459 4627 1487 4701 §
1512 4629 1565 4684 9.

230 4720 341 4773 Ms.
361 4718 653 4773 Laetiensis
677 4718 856 4788 major
885 4735 950 4773 ex
979 4717 1382 4772 formatissimo
1408 4717 1479 4772 ad
1510 4718 1766 4789 regulam

163 4807 343 4863 sancti
372 4806 659 4861 Benedicti
681 4806 787 4862 sub
807 4807 1116 4878 patrocinio
1144 4807 1323 4861 sancti
1344 4806 1628 4861 Lamberti
1649 4823 1766 4861 mo-

162 4896 433 4961 nasterio,
465 4896 706 4963 in-folio,
729 4912 1090 4967 pergameno,
1114 4895 1274 4950 bona;
1304 4901 1468 4950 notze.
1501 4895 1768 4950 Continet

163 4994 353 5041 autem
383 5002 451 5040 ex
478 4984 623 5039 libro
651 4984 833 5056 primo
859 4985 1017 5039 Vitas
1046 4985 1224 5039 sancti
1257 4985 1418 5039 Pauli
1445 4984 1613 5057 primi
1640 5001 1766 5039 ere-

165 5076 341 5143 mitaa;
369 5075 551 5129 sancti
570 5074 832 5141 Antonii;
865 5075 1044 5128 sancti
1072 5074 1406 5142 Hilarionis;
1431 5074 1609 5129 sancti
1631 5074 1767 5128 Mal-

165 5166 267 5232 chi,
291 5164 496 5236 captivi
519 5164 811 5231 monachi;
834 5164 1011 5218 sancti
1032 5163 1308 5218 Simeonis
1322 5164 1537 5235 Stylitee
1553 5182 1565 5231 ;
1583 5163 1762 5217 sancti

164 5255 395 5309 Joannis
435 5253 909 5325 Eleemosynarii;
967 5253 1172 5323 [LXXIX]
1228 5253 1409 5306 sancti
1448 5252 1758 5318 Frontonii,

166 5359 331 5414 quam
346 5343 692 5414 Hieronymo
703 5341 920 5409 tribuit;
935 5347 1139 5396 sanctae
1153 5342 1538 5413 Euphrosinee;
1555 5346 1762 5395 sanctae

166 5432 403 5501 Pelagia;
430 5430 779 5497 meretricis;
811 5435 1017 5484 sanctae
1045 5429 1234 5484 Mariae
1254 5431 1619 5502 Egyptiacae;
1642 5447 1767 5484 san-

166 5527 262 5576 ctae
288 5522 552 5588 Marinus;
582 5526 790 5574 sanctae
820 5520 1027 5574 Paulae.
1048 5519 1280 5574 Librum
1310 5520 1640 5586 secundum,
1669 5520 1765 5591 qui

169 5627 201 5665 a
225 5612 326 5667 Ms.
355 5613 462 5665 hoc
489 5609 899 5665 Posthumiano
921 5610 1196 5663 monacho
1219 5609 1534 5677 ascribitur,
1558 5615 1615 5663 et
1633 5609 1767 5663 diei-

172 5705 259 5753 tur
285 5701 352 5755 ad
380 5700 711 5775 Phydosum
742 5699 974 5760 missus.
1022 5698 1098 5754 Ex
1140 5698 1283 5754 libro
1319 5698 1509 5762 tertio,
1540 5703 1767 5757 tantum

1852 4634 2033 4682 terum
2062 4630 2127 4681 in
2165 4628 2307 4681 libro
2336 4629 2436 4694 qui
2462 4630 2689 4679 vocatur
2718 4625 3042 4689 Paradisus,
3066 4624 3130 4677 de
3156 4624 3453 4678 Miraculis

1848 4721 2169 4771 sanctorum
2192 4717 2428 4770 Patrum
2457 4720 2505 4768 et
2540 4715 2657 4768 Vita
2691 4728 2901 4767 eorum.
2935 4711 3075 4766 Vide
3104 4712 3454 4793 prolegome-

1848 4823 1961 4861 non
1988 4804 2077 4863 25.

1919 4896 2022 4950 Ms.
2048 4894 2226 4949 sancti
2248 4892 2438 4948 Jacobi
2458 4890 2651 4945 fratris
2670 4890 2896 4945 Domini
2921 4890 2981 4945 in
3007 4890 3218 4958 Insula,
3242 4888 3340 4945 ubi
3366 4895 3455 4945 est

1848 4983 2075 5038 abbatia
2092 4965 2304 5038 ordinis
2323 4981 2501 5037 sancti
2522 4980 2812 5036 Benedicti
2833 4979 3047 5045 Leodii,
3072 4979 3311 5045 in-folio,
3327 4996 3452 5051 per-

1845 5089 2105 5143 gameno,
2144 5071 2386 5143 scriptus
2425 5087 2575 5125 anno
2618 5069 2844 5125 Domini
2890 5066 3048 5125 1312.
3086 5068 3350 5124 Continet
3385 5084 3451 5123 ex

1844 5162 1986 5217 libro
2022 5162 2204 5235 primo
2253 5161 2413 5216 Vitas
2462 5159 2641 5215 sancti
2691 5159 2851 5213 Pauli
2886 5158 3053 5230 primi
3092 5157 3357 5223 eremitze,
3393 5160 3451 5210 et

1845 5252 2068 5307 Malchi.
2099 5250 2330 5307 Librum
2361 5250 2689 5315 secundum,
2715 5248 2995 5320 quintum,
3029 5251 3269 5301 sextum.

1917 5342 1994 5395 Ex
2021 5341 2217 5396 eadem
2248 5339 2473 5394 abbatia
2497 5337 2668 5393 habui
2695 5337 2946 5391 libellum
2965 5336 3260 5400 in~octavo,
3289 5332 3449 5386 char-

1846 5436 2090 5498 taceum,
2123 5431 2181 5485 in
2220 5447 2329 5501 quo
2378 5433 2501 5483 erat
2542 5427 2668 5482 Vita
2697 5426 2876 5481 sancti
2911 5422 3207 5493 Onuphrii,
3238 5421 3449 5477 recenti

1848 5536 2041 5576 manu.
2070 5520 2378 5576 Distinctus
2405 5518 2494 5572 hic
2516 5522 2640 5571 erat
2659 5516 2838 5586 stylus
2860 5530 2894 5565 a
2916 5511 3147 5582 vulgata
3169 5510 3449 5583 Onuphrii

1847 5609 1997 5676 Vita,
2030 5611 2317 5697 vulgatum
2346 5614 2537 5662 tamen
2569 5605 2777 5676 stylum
2807 5600 3032 5655 retinui.

1922 5700 2026 5755 Ms.
2061 5689 2548 5762 Camberonensis,
2580 5710 2645 5748 ex
2674 5690 2898 5747 abbatia
2928 5694 3135 5747 sanctae
3163 5689 3353 5747 Mariae
3380 5689 3451 5745 de
