3958 6406
496 461 566 520 83

1379 459 1479 514 lIN
1514 451 1726 516 vrms
1765 450 2061 516 PATRUM
2098 443 2638 517 PROLEGOMENA
2675 460 2869 515 XXVI.

3693 442 3766 508 84

493 574 838 644 C'amberone
859 582 1067 638 ordinis
1087 576 1265 639 sancti
1295 555 1566 640 Bernardi
1594 580 1743 653 apud
1773 576 2002 648 Athum,
2023 567 2078 635 in
2092 582 2223 642 Aex
2247 581 2388 637 libro
2414 583 2613 654 primo,
2627 577 2784 636 Vitas
2807 565 3022 648 Malchi,
3042 577 3301 634 monachi
3321 577 3524 649 captivi
3545 595 3557 644 ;
3582 573 3767 630 Fron-

490 676 836 740 membrana,
870 671 1018 739 folio,
1052 671 1364 727 recentiore
1405 689 1596 726 manu.
1639 669 1975 725 Continebat
2015 687 2080 724 ex

487 755 630 820 libro
649 764 829 836 primo
846 761 1005 817 Vitas
1033 761 1210 816 sancti
1236 761 1415 826 Pauli,
1431 760 1606 814 sancti
1629 751 1877 824 Antonii,
1899 759 2078 813 sancti

485 845 806 919 Hilarionis,
839 850 1063 917 Malchi,
1103 845 1335 905 Joannis
1374 847 1832 920 Eleemosynarii,
1864 847 2070 902 Paulae.

479 943 714 1000 Librum
744 941 1054 996 secundum
1082 940 1189 994 hoc
1215 939 1376 993 tilulo
1403 958 1420 993 :
1469 932 1756 1006 Incipiunt
1793 943 1945 991 actus
1974 935 2070 992 SS.

478 1019 763 1088 Patruma
787 1031 1178 1087 Posthumiano
1204 1028 1466 1082 monacho
1487 1029 1637 1091 editi,
1653 1033 1702 1080 et
1723 1029 1798 1080 ad
1818 1025 2076 1080 Fidosum

477 1124 655 1176 missi.
685 1112 916 1175 Librum
949 1114 1202 1175 tertium.
1233 1117 1386 1171 Nulli
1415 1121 1568 1170 certo
1605 1115 1819 1170 auctori
1857 1115 1946 1169 hic
1991 1105 2074 1168 in-

478 1209 758 1264 scribitur.
793 1207 1021 1262 Librum
1065 1211 1348 1277 quartum,
1382 1205 1478 1276 qui
1523 1195 1925 1258 Posthumiano
1967 1202 2072 1257 tri-

476 1299 690 1354 buitur.

548 1388 651 1442 Ms.
677 1386 1222 1446 Claromarescanus,
1245 1399 1309 1436 ex
1338 1380 1560 1435 abbatia
1581 1388 1784 1436 sanctae
1797 1381 1984 1436 Mariae
2003 1382 2073 1434 de

477 1476 916 1535 Claromaresco,
964 1473 1126 1543 juxta
1167 1459 1573 1535 Audomarum,
1623 1461 1834 1524 ordinis
1894 1471 2072 1524 sancti

474 1563 766 1629 Bernardi,
794 1561 1034 1626 in-folio,
1065 1559 1412 1625 membrana,
1441 1560 1764 1613 charactere
1784 1559 1949 1623 bono,
1973 1559 2072 1613 sed

471 1669 585 1708 non
611 1653 772 1706 valde
798 1649 997 1706 veteri.
1035 1646 1370 1702 Continebat
1416 1665 1480 1701 ex
1512 1647 1652 1700 libro
1683 1647 1866 1718 primo
1915 1644 2070 1701 Vitas

471 1731 692 1798 Thaisis
707 1738 1034 1802 meretricis,
1051 1737 1230 1790 Mariae
1245 1733 1597 1807 zEgyptiucaz,
1608 1735 1835 1790 Marinze
1848 1737 2064 1807 puellas.

2163 673 2326 741 tonii,
2356 678 2559 726 sanctae
2583 671 2830 726 Marinm.
2854 665 3082 725 Librum
3109 665 3434 733 secundum,
3461 683 3629 738 quem
3660 665 3766 718 tri-

2161 760 2282 816 buit
2306 761 2430 815 divo
2460 759 2820 832 Hieronymo.
2851 757 3083 814 Librum
3126 757 3404 830 quintum,
3434 757 3530 826 qui
3559 753 3763 808 inscri-

2158 849 2310 906 bitur
2339 868 2354 902 :
2384 851 2802 906 .‘tdliortationes
2835 855 3154 903 sanctorum
3187 847 3440 912 Patrum,
3467 845 3762 914 perfectio-

2158 957 2352 1008 nesque
2403 941 2816 1006 monachorum,
2848 955 2985 1007 quas
3037 939 3101 992 de
3155 937 3333 994 Graec
3382 937 3446 990 in
3484 935 3756 990 Latinum

2159 1032 2449 1082 transtulit
2481 1031 2664 1081 beatus
2699 1027 3070 1096 Hieronymus
3096 1027 3397 1096 presbyter.
3429 1023 3660 1078 Rectius
3689 1021 3750 1075 in'

2155 1112 2406 1172 ﬁnelibri
2435 1117 2635 1171 decimi
2666 1117 2841 1171 octavi
2867 1133 2882 1168 :
2913 1117 3202 1184 Hucusque
3234 1115 3297 1168 de
3328 1114 3506 1170 Graco
3541 1115 3605 1166 in
3641 1109 3749 1165 La-

2155 1209 2334 1259 tinum
2353 1210 2642 1259 transtulit
2658 1207 2906 1273 Pelagius
2919 1205 3184 1258 diaconus
3207 1203 3453 1258 Ecclesia;
3471 1203 3744 1264 Romanae,

2154 1299 2200 1347 et
2243 1296 2446 1348 abhinc
2492 1297 2738 1362 deinceps
2790 1295 3028 1347 Joannes
3079 1293 3468 1346 subdiaconus.
3516 1284 3752 1345 Librum

2154 1389 2390 1438 sextum.

2225 1471 2328 1526 Ms.
2361 1472 2862 1526 Carthusianorum
2893 1473 3110 1526 Nostrae
3169 1469 3418 1526 Domina:
3452 1468 3520 1522 de
3555 1467 3755 1522 Gratia

2151 1578 2324 1632 prope
2349 1557 2580 1631 [LXXXII]
2616 1559 2921 1626 Bruxellas,
2947 1557 3188 1621 in-folio,
3217 1559 3460 1630 scriptus
3487 1556 3545 1610 in
3571 1572 3752 1609 mem-

2152 1649 2326 1703 brana
2363 1667 2510 1704 anno
2550 1650 2758 1703 Christi
2791 1648 2945 1715 1460,
2991 1650 3116 1704 Kal.
3149 1643 3490 1710 Decembris,
3518 1662 3620 1717 per
3657 1640 3750 1698 Fr.

2151 1737 2380 1791 Petrum
2407 1735 2622 1792 VVeins.
2651 1735 2914 1792 Continet
2941 1755 3007 1791 ex
3035 1738 3216 1808 primo
3246 1729 3386 1790 libro
3408 1734 3565 1788 Vitas
3590 1731 3755 1786 Pauli

468 1817 704 1887 Librum
733 1827 1060 1892 secundum,
1079 1825 1218 1879 nulli
1239 1825 1454 1879 auctori
1475 1824 1836 1896 inscriptum;
1861 1823 2068 1878 librum
2095 1897 2115 1898 η
2151 1827 2319 1898 primi
2349 1827 2614 1892 eremitae,
2658 1831 2884 1881 auctore
2917 1825 3040 1880 divo
3080 1821 3449 1896 Hieronymo;
3495 1819 3760 1886 Antonii,

407 1936 417 1946 '
469 1919 700 1974 tertium
721 1917 894 1970 etiam
914 1930 1288 1985 anonymum;
1307 1910 1512 1967 librum
1530 1918 1794 1984 quartum
1811 1912 2070 1967 similiter
2091 1897 2136 1956 Β
2151 1919 2377 1970 auctore
2407 1916 2734 1979 Athanasio,
2763 1915 3066 1986 interprete
3094 1913 3328 1984 Evagrio
3353 1933 3365 1981 ;
3397 1911 3575 1967 sancti
3599 1906 3761 1966 Hila-

471 2021 835 2078 anonymum.

540 2081 646 2151 Ms.
668 2099 873 2149 sanctae
896 2092 1085 2147 Maria}
1113 2081 1352 2146 Bibrach
1381 2087 1438 2143 in
1465 2089 1788 2154 Germania,
1811 2089 1869 2143 in
1899 2107 2071 2143 mem-

465 2183 666 2249 brana,
697 2171 851 2248 folio,
872 2169 1129 2236 characte
1139 2182 1197 2233 re
1217 2185 1520 2250 utcumque
1542 2185 1778 2234 vetusto.
1809 2179 2070 2233 Contine-

467 2258 566 2328 bat
593 2289 658 2327 ex
685 2271 828 2326 libro
859 2271 1038 2342 primo
1068 2271 1226 2323 Vitas
1253 2268 1431 2332 Pauli,
1462 2268 1709 2330 Antonii,
1741 2267 2063 2333 Hilarionis,

469 2346 693 2427 Malchi,
725 2359 1001 2424 Frontini,
1023 2358 1243 2413 Thaisis
1274 2356 1600 2410 meretricis.
1633 2357 1836 2411 Totum
1860 2355 2068 2410 librum

467 2435 794 2514 secundum,
826 2454 1009 2502 totum
1047 2447 1253 2501 librum
1295 2445 1596 2516 septimum
1648 2442 1953 2499 Paschasii.
1997 2444 2069 2499 Et

469 2539 725 2611 quaedam
750 2537 860 2591 alia
883 2537 1056 2590 mixta
1079 2552 1147 2590 ex
1167 2533 1334 2589 variis
1362 2525 1537 2588 libris.

536 2611 640 2680 Ms.
673 2611 1114 2680 Rebdorfﬁensis
1143 2615 1448 2693 in-quarto.
1477 2637 1836 2693 pergameno,
1873 2620 2066 2677 chara-

468 2718 619 2782 ctere
662 2713 799 2767 satis
827 2711 1054 2765 recenti.
1097 2711 1362 2765 Continet
1407 2727 1472 2764 ex
1508 2709 1649 2764 libro
1693 2710 1873 2782 primo
1910 2710 2064 2765 Vitas

470 2777 692 2946 ἕιιχχκι]
711 2789 890 2867 Pauli,
927 2787 1248 2865 Hilarionis,
1278 2787 1501 2866 Malchi,
1527 2777 1804 2853 Simeonis
1827 2798 2058 2870 Stylitze,

516 2877 872 2946 unhrosvnaa.
893 2871 1109 2942 Librum
1127 2882 1452 2946 secundum,
1474 2905 1640 2946 quem
1660 2885 1858 2942 tribuit
1873 2893 2058 2942 sancto

516 2871 872 2960 uphrosynaa.
893 2871 1109 2942 Librum
1127 2882 1452 2953 secundum,
1474 2905 1640 2958 quem
1660 2885 1858 2942 tribuit
1873 2893 2066 2942 sancto

471 2965 845 3050 Hieronymo;
878 2975 1085 3030 librum
1113 2968 1344 3030 tertium
1374 2979 1428 3029 et
1459 2979 1743 3046 quartum.

540 3069 644 3122 Ms.
687 3058 864 3121 sancti
903 3053 1054 3119 Petri
1107 3061 1165 3119 in
1204 3057 1466 3130 Munster,
1503 3064 1655 3132 folio,
1704 3082 2060 3136 pergameno,

471 3145 782 3211 recentiore
827 3145 1168 3208 charactere.
1217 3153 1481 3208 Continet
1531 3159 1751 3208 tantum
1808 3161 2067 3225 excerpta

2154 2003 2345 2071 rionis,
2395 2011 2621 2058 auctore
2675 2005 2800 2058 divo
2843 2003 3228 2075 Hieronymo;
3290 1997 3493 2057 Malchi
3546 1999 3759 2072 captivi

2151 2092 2430 2158 monachi,
2453 2099 2680 2147 auctore
2709 2093 2935 2160 eodem;
2971 2093 3148 2146 sancti
3173 2087 3478 2155 Pachomii,
3509 2081 3757 2144 Abrahae

2152 2181 2413 2235 monachi
2441 2187 2498 2235 et
2527 2181 2793 2242 eremitae,
2829 2179 3108 2236 Simeonis
3136 2181 3372 2252 Stylitee,
3397 2178 3628 2234 Macarii
3649 2171 3763 2232 Ro-

2151 2270 2323 2336 mani,
2354 2271 2657 2334 Frontonii,
2682 2276 2885 2324 sancta:
2906 2265 3288 2341 Euphrosynae
3312 2267 3559 2338 virginis,
3583 2263 3760 2320 Thai-

2151 2357 2226 2411 sis
2244 2359 2568 2424 meretricis,
2588 2356 2825 2430 Pelagia:
2839 2358 3166 2423 meretricis,
3184 2355 3371 2412 Μαι-ἰὼ
3384 2351 3753 2426 IEgyptiacze.

2149 2441 2378 2502 Marinze
2407 2448 2658 2517 virginis.
2688 2447 2893 2502 Paulae.
2919 2445 3148 2502 Librum
3169 2432 3498 2500 secundum.
3517 2429 3757 2498 Librum

2151 2536 2428 2606 quintum.
2447 2530 2653 2591 Deerat
2675 2533 2900 2608 quidem
2917 2554 3018 2590 suo
3041 2531 3235 2590 ordine
3255 2534 3474 2588 libellus
3494 2531 3754 2586 decimus

2147 2629 2334 2678 sextus
2365 2621 2433 2678 de
2463 2625 2818 2688 Poenitentia,
2869 2625 2967 2679 sed
2997 2625 3056 2679 in
3082 2623 3461 2698 manuscripto
3488 2639 3753 2692 compre-

2147 2703 2497 2768 hendebatur
2523 2710 2624 2768 sub
2646 2703 2830 2768 libello
2863 2715 3100 2784 septimo
3125 2714 3219 2785 qui
3246 2713 3333 2766 est
3349 2703 3418 2766 de
3442 2707 3749 2777 Patientia,

2148 2820 2258 2873 quo
2288 2802 2452 2856 titulo
2481 2803 2538 2856 in
2569 2803 2852 2857 nonnullis
2873 2801 3268 2873 manuscriptis
3289 2801 3460 2854 etiam
3486 2799 3629 2854 liber
3658 2799 3753 2854 xvi

2147 2889 2490 2945 inscribitur.
2523 2879 2752 2946 Librum
2774 2897 3011 2946 sextum.
3038 2881 3140 2945 Hic
3163 2895 3354 2945 autem
3375 2890 3574 2944 titulus
3605 2885 3755 2944 libro

2150 2986 2304 3034 sexto
2335 2985 2393 3033 et
2438 2979 2631 3051 quinto
2661 2980 3092 3051 prmligebatur:
3125 2979 3196 3034 De
3242 2981 3418 3034 verbis
3462 2981 3771 3032 seniorum-

2148 3073 2466 3122 sanctormn
2489 3071 2742 3124 Patrum.
2770 3071 2920 3135 Quod
2943 3087 3076 3137 opus
3104 3069 3167 3122 de
3193 3069 3369 3123 Gra’co
3393 3070 3455 3122 in
3481 3069 3753 3122 Latinum

2153 3159 2440 3211 transtulit
2463 3157 2713 3223 Pelagius
2734 3159 2998 3212 diaconus
3021 3158 3263 3211 Ecclesia:
3275 3157 3546 3221 Romana,
3577 3161 3755 3210 extre»

471 3234 728 3320 quaedam
777 3261 842 3298 ex
895 3238 1037 3297 Vitis
1090 3240 1344 3298 Patrum.
1389 3243 1464 3297 Ex
1499 3241 1638 3296 libro
1686 3242 1866 3314 primo
1908 3239 2066 3298 Vitas
2089 3245 2130 3307 ί]
2152 3262 2301 3299 mam
2328 3251 2543 3313 partem
2572 3248 2809 3299 Joannes
2839 3245 3204 3300 subdiaconus
3236 3245 3547 3299 transtulit.

467 3334 648 3401 Pauli,
672 3331 921 3398 Antonii,
949 3330 1270 3386 Hilarionis.
1291 3321 1556 3397 Quaedam
1577 3350 1641 3386 ex
1661 3331 1800 3386 libro
1822 3332 2066 3386 secundo

470 3429 528 3478 et
557 3413 812 3494 septimo.

539 3499 672 3566 Mss.
704 3500 1022 3566 lnsulenses
1052 3498 1164 3563 duo
1195 3501 1604 3563 membranacei
1625 3505 1919 3563 clarissimi
1942 3509 2061 3576 viri,

469 3591 720 3671 mihique
761 3591 1104 3662 amicissimi,
1135 3595 1374 3652 Tussani
1409 3590 1794 3663 Desbarbicua‘,
1826 3595 2060 3664 in-folio,

471 3705 583 3744 non
611 3673 770 3742 valde
793 3685 1016 3751 vetusti,
1036 3702 1274 3758 quorum
1295 3686 1438 3739 alter
1455 3673 1778 3739 continebat
1797 3683 1902 3739 :.Ex
1924 3685 2066 3740 libro

469 3767 650 3850 primo
697 3767 918 3830 tantum
974 3770 1160 3828 Vitam
1219 3775 1402 3832 Maria:
1456 3769 1814 3845 Egyptiacae,
1877 3772 2066 3830 Maria:

469 3857 654 3938 neptis
679 3859 936 3927 Abrahae,
961 3863 1198 3935 Pelagius
1221 3863 1548 3929 meretricis,
1573 3869 1629 3916 et
1647 3863 1866 3918 Thaisis
1893 3880 2068 3917 mere-

467 3944 644 4010 tricis.
682 3950 760 4008 Ex
786 3951 1092 4024 appendice
1140 3951 1321 4007 solum
1353 3949 1663 4006 Heraclidis
1711 3951 2062 4006 Paradisum.

470 4031 630 4098 Alter
680 4057 828 4108 vero,
872 4054 937 4094 ex
975 4039 1117 4094 libro
1164 4041 1345 4110 primo
1388 4035 1610 4094 tantum
1652 4037 1823 4094 vitam
1861 4043 2066 4094 sanctae

471 4116 702 4184 marinae
745 4128 996 4198 virginis,
1039 4133 1095 4181 et
1137 4132 1342 4182 sanctae
1399 4128 1586 4182 Paula:
1639 4127 1835 4182 viduae.
1866 4128 2068 4182 Totum

473 4211 682 4272 librum
723 4205 982 4288 quintum
1032 4211 1240 4286 Pelagii
1274 4213 1330 4270 S.
1366 4215 1432 4270 R.
1477 4205 1536 4270 E.
1585 4215 1822 4270 diaconi.
1867 4217 2069 4270 Totum

473 4297 680 4362 librum
711 4311 927 4360 sextum
957 4301 1188 4359 Joannis
1215 4299 1270 4358 S.
1313 4301 1378 4359 R.
1415 4305 1456 4358 E
1509 4297 1854 4359 subdiaconi.

545 4382 647 4451 Ms.
683 4394 871 4450 Sancti
899 4390 1150 4464 Sepulcri
1181 4395 1382 4464 major,
1415 4411 1480 4448 ex
1511 4395 1849 4448 monasterio
1881 4393 2070 4448 Sancti

475 4477 746 4557 Sepulcri,
777 4483 927 4554 quod
957 4483 1244 4537 Cameraci
1287 4489 1390 4548 est,
1422 4482 1634 4536 ordinis
1674 4482 1851 4538 sancti
1892 4485 2071 4537 Bene-

2225 3331 2319 3388 Ms.
2364 3333 2870 3399 Rurmmundanus,
2921 3351 2988 3388 ex
3037 3334 3270 3404 collegio
3317 3337 3510 3388 nostro
3559 3333 3754 3388 Ruree-

2151 3421 2373 3476 mundae
2419 3421 2477 3476 in
2528 3440 2886 3494 pergameno,
2919 3419 3154 3488 in-folio,
3202 3441 3236 3477 a
3283 3422 3492 3476 recenti
3525 3439 3748 3477 manu:

2150 3516 2370 3565 constat
2409 3509 2655 3583 quinque
2688 3509 2864 3578 libris,
2907 3511 2989 3566 uti
3037 3511 3222 3582 prima
3252 3501 3442 3566 editio.
3497 3502 3574 3565 Ex
3614 3529 3748 3582 qua,

2149 3600 2298 3670 quod
2341 3617 2516 3671 pauca
2557 3600 2938 3672 typographiaa
3000 3599 3238 3654 infantia
3287 3599 3755 3671 imprimerentur

2148 3689 2507 3760 exemplaria,
2532 3687 2753 3742 videtur
2779 3688 3107 3760 exscriptus.
3130 3689 3194 3743 In
3216 3690 3327 3742 ﬁne
3352 3685 3453 3742 has
3472 3694 3754 3760 praeterea

2151 3775 2307 3830 Vitas
2351 3763 2738 3850 complectitur
2767 3795 2783 3829 :
2817 3775 2977 3830 Pauli
3025 3777 3192 3848 primi
3241 3777 3508 3843 cremitae,
3567 3780 3757 3834 sancti

2150 3847 2430 3931 Antonii;
2466 3847 2788 3931 Hilarionis,
2840 3847 3062 3930 Malchi,
3121 3857 3426 3933 Pachomii,
3483 3853 3752 3935 Abrahae,

2150 3954 2457 4021 Frontonii,
2482 3953 2742 4010 Barlaam
2773 3959 2829 4009 et
2849 3955 3138 4026 Josaphat,
3157 3951 3386 4010 Thaidis
3414 3957 3755 4022 meretricis,

2152 4028 2390 4114 Pelagize
2417 4042 2744 4110 meretricis,
2777 4041 2966 4098 Mariae
2997 4039 3358 4115 Egyptiacze,
3391 4039 3600 4100 Paulae.

2223 4133 2326 4187 Ms.
2377 4133 2618 4200 Sionius,
2664 4133 2990 4187 monasterii
3045 4133 3436 4203 religiosarum
3466 4128 3535 4187 de
3593 4133 3756 4201 Sion,

2153 4221 2365 4276 ordinis
2393 4223 2570 4276 sancti
2613 4221 2912 4292 Augustini
2943 4221 3212 4288 Cortraci,
3256 4222 3499 4289 in-folio,
3530 4221 3755 4290 charta,

2152 4311 2471 4366 charactere
2499 4311 2828 4374 recentiore,
2861 4311 3100 4382 scriptus
3127 4328 3274 4368 anno
3297 4307 3452 4367 1469.
3479 4309 3762 4367 Convenit

2152 4402 2316 4473 plane
2342 4417 2466 4454 cum
2490 4399 2673 4470 prima
2692 4399 2955 4463 editione,
2980 4413 3045 4453 ex
3065 4417 3242 4472 eaque
3268 4393 3610 4471 descriptum
3635 4417 3760 4456 non

2153 4479 2366 4543 dubito.
2401 4489 2464 4543 In
2495 4491 2606 4543 fine
2638 4489 2739 4542 has
2771 4485 2997 4542 Patrum
3018 4489 3175 4543 Vitas
3203 4487 3392 4544 addit:
3423 4488 3601 4542 sancti
3632 4488 3761 4543 An-

471 4573 623 4640 dicti,
661 4563 903 4638 iii-folio,
939 4572 1284 4636 chartaceus,
1312 4572 1522 4626 recenti
1569 4589 1760 4628 manu.
1807 4573 2070 4627 Continet
2095 4559 2310 4641 Utonii,
2344 4574 2522 4632 sancti
2561 4578 2867 4643 Pachomii,
2900 4572 3138 4649 Epicteti
3178 4583 3232 4633 et
3263 4574 3532 4632 Astionis.

475 4681 541 4719 ex
585 4664 728 4719 libro
782 4665 965 4738 primo
1010 4663 1167 4718 Vitas
1209 4682 1220 4716 :
1281 4663 1482 4718 Malchi
1534 4663 1790 4717 monachi
1846 4662 2065 4734 captivi,

475 4759 702 4808 auctore
758 4753 884 4808 divo
944 4753 1327 4823 Hieronymo;
1387 4759 1590 4806 sanctae
1619 4749 1625 4754 ’
1659 4751 2064 4824 Euphrosynen,

475 4841 703 4896 Thaidis
728 4841 1055 4908 meretricis,
1089 4841 1283 4895 Maria:
1314 4841 1671 4912 iEgyptiacae,
1704 4841 1934 4894 Marinze
1962 4840 2074 4894 vir-

473 4919 643 5000 ginis.
692 4929 923 4984 Librum
977 4917 1304 4994 secundum,
1345 4946 1512 4998 quem
1562 4927 1762 4983 tribuit
1801 4925 2070 4994 Palladio,

474 5005 668 5090 aimue
695 5018 764 5072 ab
793 5004 1136 5090 Hieronymo
1155 5019 1224 5073 de
1245 5014 1437 5074 Graeco
1468 5017 1524 5072 in
1553 5013 1814 5072 Latinum
1842 5033 2072 5070 conver-

475 5123 620 5162 sum.
663 5106 894 5161 Librum
931 5108 1183 5172 tertium,
1224 5093 1429 5163 librum
1486 5112 1772 5180 quartum.
1823 5103 1897 5158 Ex
1937 5104 2078 5158 libro

475 5196 690 5268 quinto,
715 5196 810 5267 qui
833 5197 1139 5251 octodecim
1165 5197 1368 5252 libellis
1393 5203 1632 5263 constat,
1658 5191 1827 5248 habet
1853 5199 2076 5248 tantum

473 5285 594 5340 sine
624 5271 740 5340 uila
768 5285 1084 5340 libellorum
1113 5287 1469 5340 distinctione
1499 5301 1764 5342 numeros
1797 5297 1946 5336 CCXL.
1969 5282 2075 5337 Vo-

473 5378 784 5445 oanturque
811 5376 1228 5430 Admonitiones
1254 5381 1574 5429 sanctorum
1610 5377 1847 5429 Patrum
1891 5373 1954 5424 de
1985 5372 2077 5424 di-

473 5478 623 5516 verso
641 5479 834 5531 genere
862 5467 1157 5526 virtutum,
1177 5481 1312 5533 quas
1331 5467 1585 5530 Pelagius
1615 5457 1882 5516 diaconus
1901 5457 2077 5518 Eccle-

477 5553 571 5606 sia
599 5541 852 5606 Romana:
879 5551 943 5606 de
971 5553 1148 5607 Graeco
1168 5555 1230 5606 in
1256 5553 1520 5606 Latinum
1543 5555 1856 5604 transtulit.

551 5639 649 5695 Ms.
693 5640 882 5694 Sancti
941 5641 1190 5711 Sepulcri
1241 5641 1442 5706 minor,
1487 5641 1545 5694 in
1604 5637 1950 5707 membrana,
1987 5639 2072 5694 in-

477 5732 698 5800 quarto,
715 5743 888 5783 manu
917 5745 1138 5800 quoque
1167 5729 1396 5783 recenti.
1421 5725 1822 5800 Complectitur
1841 5735 2064 5784 autem:

2223 4668 2406 4737 Atque
2435 4660 2552 4721 haec
2598 4660 2746 4720 dicta
2773 4665 2887 4719 sint
2932 4665 3001 4720 de
3043 4664 3441 4739 manuscriptis
3469 4661 3625 4722 libris
3655 4671 3762 4741 qui

2155 4749 2402 4825 integros
2434 4751 2705 4826 quosdam
2735 4749 2906 4809 libros
2929 4755 3013 4808 vel
3044 4769 3305 4825 magnam
3330 4749 3604 4811 librorum
3628 4775 3762 4829 par-

2155 4849 2270 4898 tem
2311 4861 2375 4897 ex
2423 4841 2509 4909 iis,
2553 4860 2691 4914 quos
2739 4842 2956 4911 damus,
2992 4845 3570 4916 comprehenderunt;
3619 4863 3762 4902 nam

2156 4930 2392 4986 subinde
2423 4939 2480 4987 et
2509 4931 2620 4986 alia
2648 4933 3033 5004 manuscripta
3061 4933 3299 4988 citamus
3329 4950 3451 5005 quae
3479 4925 3563 4988 vel
3580 4951 3761 4992 unam

2160 5021 2348 5076 Vitam
2369 5015 2632 5092 aliquam,
2653 5021 2734 5075 vel
2759 5021 2942 5076 simile
2964 5023 3097 5092 quid
3126 5018 3236 5077 huc
3255 5029 3511 5095 Spectans
3530 5029 3760 5080 tantum

2159 5109 2388 5176 habent,
2409 5110 2492 5164 uti
2508 5110 2756 5165 invenies
2768 5108 3156 5165 Bertinianum
3173 5101 3322 5183 apud
3339 5105 3764 5184 Audomaropo-

2158 5199 2277 5266 lim,
2310 5195 2751 5255 Laurentianum
2770 5201 2918 5271 apud
2944 5199 3230 5268 Leodium,
3265 5189 3550 5273 Brugense
3575 5202 3758 5258 socie-

2155 5289 2287 5342 tatis
2311 5294 2536 5354 nostrae,
2571 5294 2628 5342 et
2654 5288 2699 5342 si
2731 5304 2852 5359 quae
2890 5289 3020 5344 alia.

2227 5377 2441 5431 Praeter
2459 5377 2576 5431 hzec
2603 5375 2984 5449 manuscripta
2999 5378 3218 5444 Latina,
3239 5377 3512 5432 nonnulla
3532 5395 3762 5451 quoque

2159 5465 2353 5519 Graeca
2380 5470 2575 5518 nactus
2595 5482 2740 5530 sum,
2775 5482 2805 5519 e
2835 5465 3036 5537 quibus
3067 5467 3269 5521 Latina
3299 5473 3432 5520 sunt
3461 5484 3759 5539 expressa;

2158 5553 2255 5607 sed
2285 5570 2480 5624 pauca,
2515 5570 2690 5623 eaque
2721 5551 2858 5607 satis
2878 5553 3228 5626 imperfecta,
3263 5572 3386 5625 quae
3417 5552 3657 5610 subinde
3686 5547 3766 5612 ad

2153 5643 2338 5700 lucem
2358 5641 2529 5696 citata
2557 5641 2826 5699 invenies.
2867 5643 3011 5698 Nam
3051 5642 3162 5697 alia
3197 5645 3455 5715 qumdam
3478 5645 3662 5699 serius
3687 5639 3764 5702 ad

2153 5748 2356 5794 ωειωδ
2383 5747 2537 5784 meas
2567 5747 2890 5801 pervenere.
