3958 6390
191 365 249 425 85
1375 365 1974 425 PROLEGOMENON
2011 370 2206 428 XXVI.
3360 377 3432 434 86

555 489 1153 550 PROLEGOMENON
1179 495 1347 550 XXV.

472 618 544 672 De
571 619 869 686 appendix
894 620 968 672 ad
997 620 1146 674 Vitas
1172 623 1429 676 Patrum.

249 741 487 816 [Lxxxm]
507 743 725 798 Placuit
751 740 894 799 hanc
914 745 1278 817 appendicem
1299 745 1530 821 reliquis
1549 750 1617 804 de
1643 749 1751 806 Pa-

189 839 318 890 trum
344 830 468 887 Vita
493 832 652 888 libris
674 832 938 905 jungere,
961 840 1082 890 tum
1112 833 1182 890 ob
1211 842 1550 894 vetustatem
1581 839 1751 894 inter-

189 927 402 996 pretum,
422 927 544 976 tum
573 926 638 977 ut
656 922 749 978 lux
764 921 1002 992 subinde
1024 921 1158 979 locis
1187 925 1372 981 dubiis
1392 945 1458 982 ex
1473 928 1749 1002 interpre-

189 1012 387 1066 tationis
401 1010 664 1065 varietate
681 1011 966 1083 aliulgeat,
985 1017 1106 1068 tum
1125 1015 1293 1069 etiam
1309 1016 1458 1086 quod
1472 1017 1745 1088 quadam,

189 1102 276 1156 etsi
307 1101 550 1172 paucula,
589 1101 706 1155 hac
729 1101 1008 1174 appendix
1031 1104 1315 1158 contineat
1353 1122 1476 1178 qua
1515 1107 1575 1161 in
1604 1105 1752 1178 prio-

184 1190 318 1244 ribus
342 1206 448 1244 non
477 1189 552 1244 sit
576 1191 839 1262 reperire.

246 1297 489 1354 Continet
503 1302 694 1352 autem
712 1299 828 1352 hac
845 1298 1124 1369 appendix
1140 1299 1251 1354 tria
1265 1302 1552 1372 opuscula,
1581 1303 1754 1356 Hera-

183 1387 324 1441 clidis
350 1386 696 1454 Paradisum,
730 1393 788 1442 et
823 1387 1060 1442 Palladii
1099 1389 1451 1457 Lausiacam,
1483 1408 1549 1445 ex
1580 1391 1752 1446 veteri

184 1482 459 1546 utrumque
478 1475 966 1548 interpretatione,
989 1477 1058 1531 de
1088 1477 1289 1548 quibus
1313 1479 1435 1533 vide
1457 1480 1607 1534 dicta
1629 1497 1753 1552 pro-

183 1575 449 1644 legomeno
472 1574 524 1638 Δ,
561 1572 590 1646 §
620 1573 672 1640 3,
697 1581 756 1630 et
777 1575 1176 1646 prolegomeno
1193 1577 1282 1630 14.

245 1681 408 1746 Quem
425 1680 512 1734 hic
535 1681 737 1736 damus
749 1681 1077 1736 Paradisum
1096 1683 1324 1737 nomine
1342 1683 1671 1749 Heraclidis,
1693 1686 1749 1740 in

181 1774 538 1842 manuscripto
568 1771 881 1824 Moretiano
909 1771 1234 1826 inscribitur
1263 1791 1274 1825 :
1323 1773 1605 1827 Paschasii
1639 1777 1749 1827 sive

1758 495 1808 556 A
1828 496 1975 551 docti
1995 497 2388 572 interpretatio
2417 508 2520 570 est,
2551 520 2652 558 nec
2679 505 2860 576 stylus
2887 506 3132 561 multum
3153 505 3372 562 abludit
3395 523 3431 561 a

1836 587 1982 656 stylo
2011 588 2152 643 Vita
2191 592 2367 645 sancti
2409 593 2679 648 Severini.
2719 595 2831 664 Ego
2861 579 2932 649 ob
2960 597 3105 650 hanc
3133 595 3429 667 epistolam

1835 675 1925 730 hic
1972 676 2202 733 fortuito
2241 682 2546 750 pra-ﬁxam,
2583 699 2695 736 non
2741 700 2914 738 ausus
2941 684 3020 738 fui
3063 684 3116 738 ei
3148 684 3428 757 interpre-

1835 763 2107 820 tationem
2137 784 2406 824 asserere.
2438 771 2519 825 De
2542 771 2842 828 Paschasio
2871 773 3284 845 hocpluravide
3297 775 3432 830 Pro-

1834 853 2127 924 legomeno
2159 857 2244 911 14.

1905 944 2143 1016 [ωῑχχν]
2169 946 2434 1004 Continet
2462 957 2740 1020 praterea
2773 951 3168 1024 Egyptiorum
3193 953 3432 1010 Patrum

1834 1034 2161 1101 sententias,
2205 1035 2512 1108 interprete
2550 1040 2792 1094 Martino
2825 1040 3115 1095 Dumiensi
3147 1042 3428 1114 episcopo,

1835 1139 1973 1192 quas
2003 1140 2068 1177 ex
2099 1124 2298 1179 Codice
2327 1127 2684 1184 Bibliotheca
2709 1130 2997 1184 Toletana
3024 1136 3332 1202 excerptas,
3364 1148 3431 1186 ex

1838 1211 2111 1282 Hispania
2147 1214 2216 1268 ad
2255 1231 2347 1270 me
2379 1217 2696 1272 transmisit
2729 1219 2795 1272 R.
2831 1220 2894 1273 P.
2929 1219 3368 1293 Christophorus
3397 1237 3432 1278 a

1837 1301 2034 1355 Castro
2060 1303 2363 1358 Sacrarum
2387 1305 2732 1362 Litterarum
2752 1307 2812 1362 in
2832 1309 3083 1378 Collegia
3103 1315 3296 1364 nostro
3317 1307 3434 1364 Sal—

1835 1391 2167 1446 manticensi
2195 1394 2505 1464 professor.
2543 1396 2697 1460 Quas
2717 1397 2889 1451 etiam
2918 1398 3108 1468 reperi
3136 1397 3200 1452 in
3231 1398 3434 1453 Codice

1835 1485 2154 1549 pervetusto
2181 1482 2358 1536 sancti
2382 1481 2652 1552 Floriani,
2688 1502 2718 1539 e
2749 1485 3059 1542 Germania
3070 1485 3210 1541 mihi
3225 1503 3432 1559 suppe-

1834 1568 2030 1622 ditato.

1891 1659 2117 1713 Martini
2140 1661 2460 1716 Dumiensis
2481 1663 2727 1734 episcopi
2757 1663 2896 1718 varii
2926 1663 3434 1720 meminereaucto—

1829 1762 1948 1799 res:
1986 1749 2262 1826 Isidorus,
2295 1750 2436 1805 libro
2467 1752 2536 1806 de
2557 1752 2874 1807 Illustribus
2895 1751 3152 1808 Ecclesia
3187 1754 3430 1826 Scripto-

182 1863 400 1918 Palladii
413 1835 637 1914 diaconi
652 1861 726 1914 ad
737 1861 854 1928 Eug
862 1863 1078 1928 ippium
1086 1862 1407 1929 presbyteru
1418 1879 1490 1926 ιη,
1513 1865 1575 1914 in
1589 1865 1749 1928 libro,

1841 1835 2012 1902 ribus,
2045 1855 2168 1910 cap.
2189 1838 2276 1896 ‘22.
2307 1839 2887 1910 Sigebertusinsimili
2908 1843 3259 1915 Scriptorum
3277 1848 3434 1898 cata.-

179 1954 266 2020 φή
276 1955 489 2005 vocatur
501 1951 805 2003 Parad-istos
816 1951 879 2002 de
895 1953 1186 2003 miraculis
1197 1953 1755 2004 sanctorumPatrum

180 2046 218 2093 at
245 2043 349 2093 vita
379 2055 590 2093 eorum.
623 2037 727 2092 Cui
749 2038 915 2094 titulo
944 2037 1307 2108 subjungitur
1330 2039 1448 2094 hac
1475 2039 1712 2110 epistola
1735 2081 1746 2094 .

242 2147 267 2182 ι
293 2127 526 2184 Domino
556 2143 657 2182 suo
689 2144 1022 2200 semperque
1049 2128 1384 2182 charissimo
1421 2129 1752 2200 presbytero

180 2217 484 2272 Paschasius
497 2216 787 2272 diaconus.

239 2307 423 2362 Frater
467 2307 529 2362 in
580 2307 804 2362 Christo
831 2307 1176 2368 charissime.
1223 2307 1360 2362 dum
1405 2324 1508 2362 nos
1541 2308 1755 2380 peritiae

180 2402 275 2450 tua
305 2397 722 2452 facundia.......
767 2396 872 2452 Sed
904 2397 1112 2468 optatis
1141 2397 1494 2452 successibus
1521 2403 1755 2452 eatenus

178 2485 461 2556 Mpliatur
487 2487 530 2540 ‘.
560 2505 586 2537 ι

238 2593 476 2663 [LXXXIV]
513 2593 654 2648 Inde
691 2591 1062 2664 sequebatur:
1093 2596 1356 2661 Prologus
1396 2597 1619 2662 primus
1655 2578 1756 2648 pd.

175 2683 348 2748 chasii,
370 2686 478 2736 sive
495 2683 746 2736 Palladii
761 2684 982 2736 diaconi
993 2684 1068 2736 ad
1079 2685 1319 2738 Lausum
1337 2686 1662 2752 episcopum.
1689 2685 1754 2737 In

175 2773 428 2837 hoc-libro,
465 2773 575 2826 etc.
612 2771 778 2830 Inde:
811 2770 1099 2826 Secundus
1111 2777 1381 2842 prologus
1405 2793 1419 2826 :
1447 2774 1614 2827 Multi
1633 2776 1754 2841 qui-

173 2862 512 2916 demmultus.
546 2855 684 2916 Inde
713 2860 1148 2932 caputprimum
1176 2861 1450 2916 Paradisi:
1483 2861 1749 2930 Cumpri-

174 2967 310 3003 mum
341 2953 766 3006 Alexandriam.

233 3045 474 3102 Similem
509 3048 770 3102 Codicem
792 3063 894 3104 ms.
926 3065 1056 3102 cum
1084 3048 1174 3102 his
1195 3049 1375 3103 titulis
1401 3053 1459 3104 et
1478 3049 1753 3120 praefatio-

171 3135 317 3192 nibus
342 3137 559 3192 invenit
587 3137 793 3192 Vezelii
817 3137 876 3192 in
899 3133 1130 3204 Heduis,
1151 3139 1299 3210 apud
1340 3139 1746 3192 nobilissimum

171 3227 279 3296 ejus
291 3227 391 3281 loci
402 3227 944 3282 abbatemErardum
959 3227 1368 3298 Rupefortium,
1383 3228 1754 3283 amicissimus

170 3315 292 3369 mihi
320 3309 502 3370 Lucas
523 3315 868 3382 Holstenlus,
907 3316 991 3370 uti
1016 3329 1117 3386 per
1141 3316 1359 3370 litteras
1389 3329 1480 3370 me
1510 3317 1748 3381 monuit,

167 3403 206 3457 si
237 3404 370 3459 forte
399 3405 532 3460 usui
570 3410 719 3459 esset
753 3405 824 3459 ad
857 3405 1163 3460 secundam
1203 3406 1348 3459 hanc
1382 3407 1750 3460 Moretianam

167 3491 452 3547 editionem
502 3493 910 3547 adornandum.
961 3487 1164 3546 Parem
1212 3509 1436 3564 quoque
1486 3493 1747 3548 Codicem

165 3581 343 3636 eodem
358 3582 558 3637 ordine
567 3581 848 3652 digestum
865 3581 1126 3636 submisit
1143 3581 1492 3637 clarissimus
1512 3583 1585 3640 D.
1613 3583 1748 3637 Tas-

163 3685 316 3724 sanus
345 3667 735 3736 Desbarbieua,
768 3671 838 3725 de
867 3685 979 3742 quo
1009 3671 1203 3726 monui
1223 3672 1625 3742 Prolegomeno
1655 3671 1742 3728 24.

225 3761 492 3840 Equidem
531 3764 828 3823 Paschasio
869 3767 1021 3838 huic,
1068 3769 1165 3840 qui
1198 3767 1460 3841 Eugippil
1494 3767 1748 3840 tempore

164 3853 298 3920 vixit,
328 3854 471 3913 liber
500 3855 591 3912 hic
621 3856 773 3913 velut
801 3857 1015 3912 auctori
1045 3856 1220 3912 tribui
1249 3871 1362 3912 non
1387 3861 1590 3928 potest,
1619 3875 1750 3912 cum

165 3950 342 4000 auctor
369 3947 429 4002 in
446 3947 557 4002 hoc
585 3943 728 4002 libro
757 3945 1141 4018 interloquens
1157 3953 1308 4001 certo
1337 3947 1535 4000 vixerit
1551 3947 1750 4002 saeculo

163 4035 324 4092 sancti
344 4033 698 4110 Hieronymi,
731 4043 788 4092 et
813 4031 1047 4092 Patrum
1075 4052 1282 4106 magna
1310 4052 1377 4090 ex
1405 4043 1584 4108 parte,
1618 4053 1751 4109 quo-

163 4140 274 4179 rum
298 4126 486 4182 Vitam
509 4123 792 4180 describit.
827 4126 1011 4191 Quare
1031 4132 1182 4180 recte
1199 4123 1452 4180 additum
1482 4129 1592 4180 sive
1620 4125 1750 4181 Pal-

165 4213 318 4279 ladii,-
369 4231 500 4270 vere
557 4215 708 4270 enim
757 4211 1060 4280 Palladius,
1131 4215 1216 4270 vel
1274 4212 1616 4280 Heraclides,
1660 4215 1745 4268 vel

164 4300 426 4374 quispiam
439 4303 589 4359 alius
607 4321 801 4359 eorum
818 4301 1064 4376 aqualis,
1086 4301 1256 4376 hujus
1275 4301 1530 4359 Paradisi
1551 4308 1748 4359 auctor

166 4396 256 4445 est.

222 4502 302 4554 An
329 4501 509 4570 igitur
526 4501 858 4555 Paschasius
877 4500 968 4554 hic
993 4500 1264 4556 dicendus
1293 4505 1381 4554 est
1397 4506 1556 4554 vetus
1576 4501 1746 4572 hujus

1839 1925 1984 1995 lo,go,
2017 1944 2137 1998 cap.
2181 1928 2248 1983 19
2279 1934 2334 1984 et
2374 1928 2487 1986 ll8.
2524 1930 2654 1984 Fuit
2690 1931 2780 1985 hic
2818 1930 2993 1986 abbas
3021 1937 3082 1986 et
3118 1931 3432 2004 episcopus,

1837 2015 1932 2085 qui
1971 2016 2275 2070 Dumiense
2301 2018 2358 2072 in
2385 2019 2648 2074 Gallacia
2665 2020 3070 2075 monasterium
3102 2021 3434 2089 construxit,

1834 2111 2030 2174 postea
2065 2105 2360 2178 episcopus
2391 2107 2802 2174 Braccarensis,
2831 2111 2995 2180 cujus
3033 2111 3098 2163 ﬁt
3126 2109 3435 2164 honoriﬁca

1836 2194 2050 2248 mentio
2074 2195 2134 2248 in
2165 2195 2400 2250 concilio
2421 2197 2690 2252 Toletano
2719 2197 2960 2265 decimo,
2991 2216 3111 2270 cap.
3145 2197 3176 2250 7
3205 2216 3271 2254 ex
3298 2215 3432 2254 con-

1837 2282 1964 2336 cilio
1984 2283 2313 2348 Valentino;
2338 2293 2395 2339 et
2415 2286 2472 2340 in
2494 2287 2710 2358 synodo
2727 2288 3090 2343 Braccarensi
3107 2287 3306 2361 prima,
3321 2305 3434 2343 ara

1838 2371 1972 2438 598;
2007 2378 2066 2426 et
2092 2373 2151 2427 in
2171 2375 2434 2440 secunda,
2455 2391 2568 2429 ara
2595 2376 2718 2442 610,
2744 2376 2947 2446 quibus
2977 2377 3221 2448 prafuit.
3254 2377 3434 2432 Cura-

1838 2461 1916 2516 vit
1944 2462 2038 2517 ille
2069 2463 2296 2534 quidem
2325 2465 2598 2520 nonnulla
2627 2482 2693 2519 ex
2723 2465 2916 2520 Graco
2942 2466 3085 2520 verti
3114 2482 3216 2538 per
3241 2466 3382 2522 alios
3408 2485 3429 2534 ς

1838 2551 1918 2605 ita
1955 2552 2106 2606 enim
2143 2553 2470 2623 Sigebertus
2513 2571 2705 2625 supra,
2747 2572 2868 2627 cap.
2912 2552 3049 2610 108.-
3103 2575 3126 2606 ι
3158 2555 3434 2610 Martinus

1837 2641 2130 2712 episcopus
2148 2642 2440 2697 transtulit
2460 2659 2560 2713 per
2578 2660 2781 2697 manus
2799 2643 3084 2697 Paschasii
3105 2641 3327 2697 diaconi
3351 2643 3434 2698 in-

1836 2731 2248 2800 terrogationes
2280 2737 2337 2785 et
2379 2733 2770 2802 responsiones
2803 2733 3076 2803 plurimas
3109 2738 3433 2787 sanctorum

1833 2819 2225 2892 Egyptiorum
2264 2821 2502 2876 Patrum
2533 2822 2591 2876 in
2621 2822 2914 2876 Dumiensi
2943 2821 3216 2878 coenobio.
3238 2841 3262 2872 ι
3297 2822 3432 2886 Qua

1834 2909 2168 2964 Paschasius
2184 2911 2305 2980 ejus
2311 2911 2474 2981 jussu
2485 2911 2795 2976 transtulit,
2816 2910 2988 2965 habes
3006 2909 3150 2966 libro
3168 2910 3430 2982 septimo.

1832 2998 1970 3052 Fors
1991 2998 2142 3053 idem
2172 3000 2510 3054 Paschasius
2529 3005 2587 3054 et
2614 3001 2731 3054 hac
2750 3002 2874 3070 ejus
2891 3005 3093 3072 rogatu
3117 3001 3428 3055 transtulit.

1835 3087 1982 3152 Quia
2007 3095 2197 3142 tamen
2215 3089 2444 3144 Martini
2465 3089 2690 3144 nomine
2718 3089 2778 3144 in
2797 3089 3016 3144 duobus
3037 3088 3433 3162 manuscriptis

1773 3205 1817 3264 ο
1848 3178 2230 3245 inveniuntur,
2251 3183 2308 3232 et
2335 3179 2455 3250 ipse
2471 3179 2675 3232 asserit
2691 3196 2751 3233 se
2767 3179 3151 3234 collectionem
3172 3179 3436 3234 Orienta-

1837 3268 1977 3322 lium
2013 3284 2292 3322 canonum
2336 3269 2685 3335 emendasse,
2733 3274 2790 3322 et
2816 3268 2890 3322 ad
2918 3267 3174 3322 Gracum
3211 3273 3433 3323 textum

1835 3374 2030 3412 rursus
2042 3359 2344 3412 contulisse
2363 3362 2502 3428 (qua
2517 3357 2757 3412 habetur
2777 3358 2836 3412 in
2857 3357 3026 3412 tomis
3041 3357 3426 3425 conciliorum,

1833 3451 1966 3517 post
2009 3447 2307 3502 concilium
2351 3448 2600 3502 Lucense
2631 3450 2718 3515 ιι),
2763 3447 2948 3518 potuit
2993 3447 3116 3519 ipse
3158 3463 3190 3501 e
3237 3446 3430 3502 Graeco

1830 3541 1889 3589 et
1912 3537 2031 3591 hac
2045 3537 2420 3592 transtulisse.
2451 3537 2636 3602 Quare
2652 3538 2701 3608 ej
2709 3555 2773 3590 us
2792 3537 3022 3592 nomine
3046 3536 3107 3592 in
3120 3536 3427 3609 appendice

1829 3625 1978 3679 dedi.
2063 3695 2082 3731 .

2222 3786 2714 3842 PROLEGOMEN
2719 3787 2820 3842 ON
2849 3785 3045 3845 XXVI.

2007 3931 2168 3984 Varia
2202 3932 2412 3983 monita
2429 3931 2502 3982 ad
2519 3931 2770 3984 lectorem.
2801 3929 2971 3999 hujus
2991 3929 3268 3982 editionis.

1904 4071 2146 4126 Adverte
2187 4072 2390 4143 primo,
2435 4073 2680 4142 primam
2726 4072 2866 4126 mihi
2913 4088 3108 4127 curam
3155 4071 3330 4127 fuisse
3367 4077 3432 4128 ut

1833 4166 2049 4215 textum
2085 4161 2357 4232 cujusque
2403 4161 2646 4215 auctoris
2691 4177 2962 4234 perquam
3001 4161 3326 4216 ﬁdelissime
3366 4175 3434 4215 ex

1827 4250 1938 4303 ﬁde
1950 4250 2472 4305 veterumCodicum
2484 4250 3119 4322 exprimerem,servatis
3131 4249 3428 4322 phrasibus

1829 4339 2001 4392 etiam
2032 4339 2472 4405 minususitatis,
2489 4356 2590 4394 nec
2605 4340 2762 4394 valde
2787 4356 3012 4411 semper
3024 4338 3351 4405 Latinis,,ut
3375 4345 3433 4394 et

1829 4429 1939 4483 illa
1979 4430 2234 4484 seculum
2260 4429 2504 4484 auctoris
2535 4429 2623 4482 sui
2653 4429 2973 4499 proderent.

1908 4519 2150 4572 Adverte
2181 4518 2445 4580 secundo.
2471 4517 2887 4588 orthographia
2910 4533 3035 4571 eam
3049 4521 3327 4570 servatam
3339 4532 3434 4571 ra-

163 4585 398 4678 Paradisi
415 4590 697 4660 interpres
713 4590 738 4642 'I
765 4591 881 4644 Nec
901 4590 1006 4644 hoc
1024 4590 1310 4678 affirmare
1332 4589 1535 4678 habeo.
1575 4590 1740 4644 Certe
1763 4599 1814 4660 ι)
1835 4607 2062 4672 tionem,
2089 4623 2257 4677 quam
2273 4585 2679 4678 Typogmphu},
2695 4585 3264 4676 oétimamjudicavit,
3287 4604 3433 4670 Quo.

162 4676 285 4730 nihil
297 4676 672 4733 tal'einsinuat
694 4679 811 4733 hac
829 4677 1113 4732 Paschasii
1133 4678 1204 4731 ad
1226 4677 1562 4748 Eugippium
1579 4678 1752 4732 missa

162 4765 400 4836 epistola.
427 4769 550 4823 Imo
561 4768 802 4838 epistola
813 4768 929 4822 hac
946 4767 1133 4838 potius
1145 4767 1489 4838 prafigenda
1507 4772 1594 4820 est
1608 4767 1748 4821 Vita

163 4856 321 4909 sancti
353 4855 608 4910 Severini
626 4855 960 4910 Noricorum
983 4855 1243 4926 apostoli.
1276 4855 1345 4908 Et
1365 4855 1584 4925 pridem
1600 4867 1748 4908 anno

167 4940 286 4998 1595
315 4961 444 4999 eam
471 4944 613 4999 Vita
639 4945 818 4999 sancti
847 4944 1098 4998 Severini
1127 4944 1366 5014 praﬁxit
1392 4943 1747 4998 doctissimus

163 5033 477 5089 scholiastes
494 5036 715 5090 Marcus
744 5035 1038 5089 Velserus:
1061 5034 1312 5105 Epistola
1331 5040 1522 5088 autem
1544 5034 1748 5104 Eugip-

163 5121 248 5191 pii,
267 5124 355 5178 cui
386 5123 724 5178 Paschasius
744 5123 834 5178 hic
861 5124 1183 5194 respondet,
1205 5129 1387 5177 exstat
1406 5128 1560 5177 tomo
1589 5129 1746 5176 sexto

163 5211 526 5283 Antiquarum
570 5213 890 5277 lectionum,
951 5212 1158 5283 pagina
1197 5210 1300 5268 455
1335 5213 1494 5283 (Vide
1531 5215 1742 5266 Palrol.

164 5303 276 5354 tom.
327 5303 497 5369 LXII,
551 5307 651 5356 col.
707 5300 886 5370 H67).
931 5301 989 5356 Si
1025 5301 1254 5356 aliunde
1296 5299 1524 5372 probari
1569 5299 1748 5371 possit

161 5385 508 5446 Paschasium
539 5391 691 5446 hunc
718 5390 1085 5462 interpretem
1113 5406 1234 5444 esse
1265 5390 1439 5460 hujus
1467 5390 1743 5456 Paradisi,

161 5476 203 5530 ei
224 5481 453 5549 posthac
465 5479 804 5536 inscribatur
829 5495 897 5534 ea
914 5479 1328 5551 interpretatio.
1354 5478 1626 5550 Equidem
1645 5478 1748 5533 viri

223 5587 240 5606 '
268 5585 427 5641 Hanc
467 5587 760 5659 epistolam
801 5586 1004 5641 videsis
1049 5585 1262 5641 Patrol.
1302 5591 1438 5640 tom.
1477 5599 1610 5653 an,
1643 5586 1746 5640 col.

163 5669 240 5728 39.
271 5674 427 5732 Enrr.

1832 4697 2092 4750 rumdam
2121 4701 2314 4749 tamen
2338 4695 2692 4765 propriorum
2715 4694 3008 4748 nominum
3030 4694 3278 4749 diversas
3295 4693 3432 4749 sub-

1829 4785 1962 4839 inde
1991 4784 2424 4855 orthographias
2460 4783 2723 4853 reperies,
2756 4783 2853 4836 sed
2885 4783 3034 4854 apud
3065 4783 3314 4838 diversos
3338 4783 3428 4839 in-

1829 4878 2125 4944 terpretes,
2146 4879 2210 4927 ut
2223 4889 2372 4927 nunc
2389 4873 2552 4937 Sccle,
2571 4887 2717 4925 nunc
2733 4872 3084 4938 Scithi,nunc
3100 4875 3429 4938 Pamenius,

1829 4979 1980 5018 nunc
2007 4965 2310 5025 Pimenius,
2331 4967 2388 5015 et
2414 4961 2622 5015 similia
2641 4961 2857 5032 aliquot
2870 4962 3000 5015 alia.
3031 4962 3165 5026 Qua
3188 4962 3432 5034 plerum-

1829 5068 1938 5122 que
1987 5068 2090 5105 sua
2125 5050 2530 5122 interpretibus
2574 5050 2798 5120 reliqui,
2852 5051 3002 5122 quod
3040 5050 3245 5120 singuli
3288 5050 3433 5105 forte

1828 5139 2199 5194 diversimode
2228 5139 2461 5194 nomina
2489 5140 2586 5194 illa
2604 5139 2664 5193 in
2685 5139 2877 5194 Graco
2899 5138 3205 5210 exemplari
3224 5137 3434 5210 scripta

1827 5230 2161 5284 invenerint.

1900 5320 2143 5374 Adverte
2171 5318 2359 5384 tertio,
2392 5335 2462 5372 ne
2493 5319 2696 5388 sapius
2721 5315 3094 5388 quarumdam
3127 5313 3431 5368 difﬁculta-

1829 5413 1952 5466 tum
1983 5415 2042 5464 et
2066 5407 2364 5462 verborum
2389 5407 2637 5478 [Lxxxw]
2655 5407 2935 5460 rariorum
2972 5402 3116 5458 ratio
3145 5402 3430 5457 reddenda

1835 5505 2000 5564 esset,
2024 5498 2172 5569 quod
2184 5497 2354 5550 variis
2373 5496 2508 5550 locis
2529 5496 2726 5549 eadem
2739 5496 3114 5557 occurrerent,
3133 5497 3432 5548 contentus

1834 5587 1988 5643 brevi
2015 5587 2073 5640 in
2097 5585 2478 5641 notationibus
2519 5583 2902 5655 explicatione,
2933 5581 3005 5636 ad
3033 5580 3433 5638 Onomasticon

1835 5693 2003 5751 porro
2021 5675 2233 5742 remisi,
2252 5675 2310 5730 in
2323 5692 2432 5746 quo
2445 5673 2664 5746 plenius
2676 5672 2746 5727 de
2760 5671 2829 5728 iis
2841 5669 3119 5742 agiturin
3134 5687 3246 5743 quo
3260 5671 3433 5730 etiam
