3958 6416
485 326 555 384 87

1356 324 1432 378 IN
1472 321 1684 377 VITAS
1723 321 2017 378 PATRUM
2057 321 2650 378 PROLEGOMENON
2687 322 2884 377 XXVI.

3691 314 3772 373 88

487 452 761 508 nonnulla
788 451 1050 522 reperies,
1083 464 1322 521 quorum
1350 447 1569 502 nullum
1599 446 1658 502 in
1697 446 2077 502 notationibus
2091 450 2366 513 Asextus,
2399 448 2690 518 septimus,
2724 447 2821 516 qui
2844 444 3052 500 Graecis
3071 439 3635 498 auctoribusincertis
3655 441 3772 494 cir-

485 541 683 596 datum
703 540 991 595 indicium.

553 631 795 685 Adverte
825 633 1024 700 quarto
1071 628 1396 682 mirandum
1424 643 1536 681 non
1562 643 1702 694 esse,
1745 627 1792 680 si
1821 627 2075 697 complu-

484 721 640 774 scula
667 719 862 774 eadem
891 717 948 772 in
977 717 1211 772 diversis
1227 716 1408 781 libris,
1426 715 1640 770 variato
1659 720 1882 770 tantum
1902 716 2069 786 stylo,

483 807 746 880 reperias.
768 807 966 862 Evenit
987 806 1093 860 hoc
1118 805 1267 878 quod
1281 805 1414 860 olim
1439 805 1642 859 diversi
1657 821 1910 858 eremum
1924 803 2074 858 obie-

481 909 563 960 re,
596 897 654 946 et
680 891 839 946 Vitas
867 891 1130 962 dictaque
1162 891 1396 945 Patrum
1425 891 1509 944 vel
1525 906 1712 944 coram
1741 889 1827 944 vel
1851 888 1920 943 ab
1947 889 2071 943 aliis

477 997 770 1052 excepere.
812 980 1061 1051 Quisque
1101 979 1249 1051 quod
1278 978 1418 1032 vidit
1444 979 1530 1032 vel
1563 977 1794 1044 audivit,
1835 978 1894 1032 in
1923 993 2072 1031 com-

475 1070 821 1126 mentarium
851 1069 1064 1124 retulit.
1095 1067 1342 1132 Accedit,
1384 1067 1534 1138 quod
1570 1067 1798 1138 quidam
1829 1067 2070 1121 aliorum

477 1158 687 1214 scrinia
737 1158 1132 1229 compilarunt,
1173 1162 1231 1212 et
1265 1161 1540 1228 praeterea
1569 1155 1825 1226 quaedam
1853 1173 1920 1210 ex
1950 1156 2070 1210 suis

479 1263 702 1319 quoque
730 1245 1046 1301 armariolis
1065 1246 1388 1317 adjunxere.
1405 1244 1672 1298 Dedimus
1691 1245 1866 1314 igitur
1880 1245 2070 1298 omnia

477 1340 649 1408 prout
670 1335 820 1407 apud
844 1335 1090 1390 diversos
1122 1339 1376 1388 auctores
1405 1339 1463 1387 et
1492 1333 1826 1404 interpretes
1852 1333 2068 1387 inveni-

480 1440 628 1490 mus,
660 1429 726 1478 ut
765 1440 902 1478 suus
930 1424 1132 1494 cuique
1161 1427 1445 1478 constaret
1473 1421 1632 1476 labor
1661 1461 1674 1489 ,
1721 1427 1778 1476 et
1819 1421 2067 1492 plurium

477 1511 870 1568 testiﬁcatione
901 1513 1027 1584 plus
1059 1528 1282 1583 quoque
1318 1511 1553 1565 Patrum
1583 1511 1747 1564 dictis
1779 1511 2069 1564 accederet

477 1601 849 1656 auctoritatis.
865 1600 1006 1655 Vide
1039 1617 1162 1671 quae
1191 1600 1260 1654 de
1287 1599 1394 1654 hac
1415 1599 1803 1654 convenientia
1823 1599 2066 1653 diximus

476 1690 872 1761 prolegomeno
901 1687 952 1754 4,
986 1687 1014 1762 §
1042 1688 1096 1742 3.
1128 1737 1136 1742 .

2158 537 2564 603 cumferuntur,
2589 543 2768 591 certos
2799 542 2990 591 tamen
3016 531 3592 602 habentinterpretes,
3627 545 3768 584 cum

2158 627 2389 697 quintus
2427 627 2684 680 citandus
2728 631 2832 692 est,
2875 625 2984 679 cito
3017 621 3336 692 Pelagium;
3382 635 3513 674 cum
3541 624 3765 684 sextus,

2155 716 2460 780 Joannem;
2494 732 2620 770 cum
2643 714 2936 786 septimus,
2959 711 3352 777 Paschasium;
3385 724 3626 779 quorum
3643 707 3767 762 sin-

2151 804 2270 874 guli
2299 821 2531 859 suorum
2559 803 2910 874 singulorum
2934 801 3208 856 librorum
3237 804 3370 854 sunt
3387 797 3764 868 interpretes.

2153 892 2298 956 Quia
2320 892 2468 946 Vero
2497 891 2756 962 Pelagius
2773 895 2830 945 et
2845 891 3088 946 Joannes
3099 888 3308 943 librum
3326 886 3561 959 quisque
3582 901 3761 940 suum

2152 981 2211 1035 in
2252 981 2436 1036 varios
2472 979 2688 1035 libellos
2720 979 2988 1050 [Lxxxvn]
3031 977 3360 1032 distinctum
3387 973 3577 1040 habet,
3611 974 3758 1028 dum

2151 1087 2248 1124 eos
2267 1069 2326 1124 in
2356 1069 2610 1140 margine
2639 1069 2769 1134 cito,
2800 1067 3118 1122 libellorum
3147 1065 3312 1120 simul
3339 1063 3593 1119 ordinem
3616 1079 3756 1118 cum

2151 1159 2428 1214 dictorum
2457 1174 2691 1212 numero
2709 1157 2767 1211 in
2792 1156 3045 1228 margine
3071 1155 3316 1226 assigno.

2221 1250 2460 1303 Adverte
2491 1254 2706 1314 octavo,
2749 1263 2839 1300 me
2880 1263 3030 1301 nunc
3070 1247 3176 1300 hoc
3207 1260 3355 1299 anno
3398 1242 3535 1300 {6'27
3569 1283 3583 1309 ,
3615 1257 3751 1296 cum

2149 1340 2332 1410 prima
2359 1340 2530 1395 editio
2577 1338 2888 1394 Moretiana
2917 1335 3050 1390 anni
3097 1333 3234 1388 1615
3273 1334 3543 1388 distracta
3571 1337 3746 1396 esset,

2149 1429 2232 1484 uti
2261 1435 2318 1483 et
2347 1428 2738 1499 Lugdunensis
2753 1427 2966 1492 Galliae,
2992 1441 3187 1479 rursus
3201 1428 3403 1494 rogatu
3430 1422 3497 1476 D.
3515 1421 3751 1476 Baltha-

2148 1519 2292 1572 saris
2319 1518 2520 1572 Moreti
2532 1518 2694 1572 Vitas
2714 1517 2945 1570 Patrum
2959 1514 3304 1568 recensuisse
3327 1532 3344 1580 ;
3365 1511 3612 1566 maxime
3629 1515 3752 1565 tex-

2146 1613 2269 1662 tum
2281 1606 2460 1660 octavi
2483 1605 2610 1660 libri
2624 1623 2725 1677 per
2743 1604 3150 1669 Palladium,et
3175 1602 3309 1657 noni
3337 1618 3438 1673 per
3465 1601 3751 1656 Joannem

2151 1695 2464 1762 Moschum,
2517 1695 2614 1766 qui
2651 1699 2782 1749 ante
2821 1694 3010 1748 Graece
3053 1709 3166 1747 non
3205 1691 3549 1763 prodierant.
3582 1690 3755 1744 Nunc

546 1778 788 1832 Adverte
817 1777 1013 1849 quinto
1033 1801 1044 1835 :
1061 1775 1239 1832 sicubi
1267 1792 1334 1830 ea
1359 1781 1652 1830 auctorum
1680 1765 2128 1830 convenientiaB
2150 1785 2341 1840 Graeca
2365 1765 2561 1839 θοι-ιιιῇ
2591 1783 2761 1838 editio
2801 1781 3132 1837 Ρειιοίείρηείε
3161 1781 3344 1834 varios
3371 1780 3754 1850 interpretum

475 1870 732 1922 occurrat
767 1866 826 1920 in
854 1865 1148 1935 margine‘
1175 1865 1289 1918 fere
1319 1864 1507 1918 notavi
1537 1862 1890 1935 singulorum
1923 1865 2064 1931 loca,

475 1959 540 2010 ut
563 1972 624 2009 se
649 1960 846 2009 mutuo
865 1955 1232 2008 illustrarent.
1265 1953 1500 2018 Qualem
1523 1953 1584 2007 in
1613 1953 1805 2007 multis
1822 1953 2068 2024 reperies

472 2042 623 2099 inter
651 2043 855 2098 librum
883 2043 1192 2098 secundum
1221 2042 1450 2108 Rutfini,
1475 2042 1792 2097 Palladium
1817 2042 2064 2108 Herveti,

473 2132 788 2186 Heraclidis
815 2131 1168 2196 Paradisum,
1184 2136 1242 2184 et
1271 2131 1583 2184 Palladium
1610 2131 1860 2186 exveteri
1891 2131 2070 2186 inter-

472 2219 809 2291 pretatione.
849 2219 1138 2273 Rufﬁnum
1161 2224 1220 2273 et
1246 2218 1560 2272 Palladium
1592 2219 1818 2272 Herveti
1849 2219 1997 2273 inter
2013 2236 2074 2273 se

475 2307 758 2375 commisi;
781 2307 1116 2362 Paradisum
1135 2306 1448 2361 Heraclidis
1463 2323 1564 2378 per
1587 2307 1902 2362 Palladium
1935 2309 2073 2362 Her-

472 2397 584 2450 veti
615 2395 888 2450 illustravi
919 2414 932 2464 ;
965 2395 1282 2450 Palladium
1313 2411 1382 2450 ex
1415 2395 1585 2450 veteri
1612 2396 2074 2468 interpretatione

473 2501 602 2540 cum
631 2484 942 2540 Heraclidis
973 2483 1610 2555 Paradiso'comparavi.
1652 2486 1830 2540 Multa
1853 2502 2074 2557 quoque

475 2574 674 2630 eadem
702 2573 949 2646 reperies
963 2573 1022 2628 in
1051 2572 1192 2627 libro
1226 2588 1286 2629 ιιι
1312 2573 1543 2640 Rufﬁni,
1572 2574 1818 2645 Pelagio,
1835 2575 2070 2644 Joanne,

477 2663 803 2730 Paschasio,
829 2677 1071 2733 quorum
1098 2661 1453 2716 concordiam
1474 2661 1534 2716 in
1549 2661 1802 2733 margine
1818 2667 2070 2717 notatam

479 2749 747 2805 invenies.
1335 2788 1344 2800 .

549 2837 793 2893 Adverte
812 2841 968 2892 sexto
985 2855 1002 2892 :
1019 2841 1084 2891 ut
1095 2837 1426 2908 compendio
1447 2837 1893 2892 convenientiam
1916 2838 2071 2894 illam

477 2925 733 2993 citarem,
772 2942 902 2980 cum
943 2941 1143 2980 novem
1193 2925 1531 2997 posteriores
1571 2925 1720 2993 libri,
1776 2927 1836 2981 in
1872 2927 2074 2998 quibus

479 3016 731 3088 ejusdem
763 3015 846 3070 rei
862 3015 1102 3087 repetita
1128 3015 1377 3070 narratio
1418 3015 1657 3071 maxime
1694 3017 1956 3082 occurrit,
1989 3019 2074 3072 vel

2151 1891 2369 1929 errores
2392 1873 2621 1939 detexit,
2639 1877 2695 1926 et
2705 1871 2898 1926 multis
2917 1870 3228 1926 tenebrosis
3242 1869 3380 1924 locis
3404 1868 3581 1924 facem
3611 1884 3756 1940 prae-

2151 1963 2308 2019 luxit.
2343 1963 2674 2017 Notationes
2703 1977 2925 2032 quoque
2953 1959 3188 2014 subinde
3219 1958 3366 2024 auxi,
3401 1963 3458 2012 et
3486 1956 3757 2029 inprimis

2153 2052 2569 2116 Onomasticon,
2593 2051 2741 2122 quod
2759 2050 2816 2104 id
2841 2049 3148 2104 multorum
3165 2052 3354 2102 votum
3374 2053 3540 2110 esset,
3573 2046 3757 2100 maxi-

2155 2158 2247 2196 me
2267 2141 2680 2211 religiosorum,
2715 2137 2918 2211 quibus
2939 2155 3052 2192 non
3079 2137 3330 2209 suppetit
3351 2137 3622 2192 librorum
3655 2152 3758 2191 co-

2156 2231 2267 2303 pia,
2286 2247 2387 2284 nec
2397 2246 2560 2284 usum
2582 2228 3101 2299 lexicographorum
3115 2232 3172 2280 et
3182 2227 3504 2282 criticorum
3513 2225 3756 2292 habent,

2156 2321 2252 2391 qui
2295 2337 2414 2374 rem
2455 2318 2834 2389 antiquariam
2871 2322 3137 2372 tractant.
3195 2318 3490 2370 Accessere
3524 2331 3759 2387 quoque

2155 2413 2271 2462 tres
2289 2407 2416 2462 novi
2446 2406 2676 2472 indices,
2708 2422 2854 2460 unus
2883 2421 3171 2460 sacrarum
3191 2405 3629 2476 Scripturarum,
3666 2403 3758 2457 al-

2155 2501 2244 2550 ter
2270 2494 2619 2560 concionum,
2653 2493 2924 2548 ettertius
2949 2497 3242 2547 auctorum
3273 2493 3332 2546 in
3363 2489 3760 2546 notationibus

2155 2584 2528 2639 adductorum
2553 2600 2567 2651 ;
2600 2599 2740 2654 quos
2781 2581 3014 2653 reliquis
3043 2587 3174 2636 ante
3213 2581 3360 2636 datis
3391 2581 3634 2636 insertos
3664 2580 3761 2635 vel

2157 2672 2444 2728 subsertos
2471 2672 2740 2728 invenies.

2223 2763 2466 2816 Adverte
2499 2777 2667 2827 nono,
2707 2760 2813 2815 etsi
2840 2760 2963 2815 aliae
3001 2759 3284 2814 nonnullae
3311 2758 3437 2813 vitae
3472 2757 3761 2812 Eremita-

2154 2868 2282 2906 rum
2311 2851 2688 2906 Orientalium
2719 2849 2850 2904 hinc
2870 2849 3002 2904 inde
3024 2849 3175 2920 typis
3194 2847 3356 2904 edite
3384 2847 3515 2914 sint,
3535 2851 3593 2901 et
3622 2847 3762 2918 plu-

2155 2956 2246 2994 res
2257 2957 2324 2994 ex
2341 2940 2464 2993 Mss.
2483 2939 2603 2994 erui
2617 2939 2854 3010 possint,
2877 2938 3007 3010 quia
3018 2944 3210 2994 tamen
3223 2937 3546 2991 institutum
3559 2952 3762 2991 meum

2157 3045 2270 3083 non
2289 3028 2398 3082 fuit
2409 3028 2660 3083 omnium
2683 3027 3048 3082 eremitarum
3069 3027 3228 3080 Vitas
3242 3025 3590 3097 conquirere,
3620 3031 3679 3080 et
3697 3025 3762 3080 in

477 3107 765 3158 auctorem
775 3107 991 3157 certum
1002 3101 1248 3156 habeant
1261 3102 1347 3156 V61
1361 3103 1747 3174 interpretem,
1769 3102 1860 3157 “bi
1877 3109 2075 3159 δυοῐον
2089 3119 2133 3182 C
2155 3133 2333 3172 unum
2348 3119 2554 3172 fascem
2564 3117 2844 3188 colligere,
2869 3117 2966 3170 sed
2990 3122 3211 3170 tantum
3231 3113 3762 3170 decantatissimmn

478 3197 666 3246 certus
687 3195 788 3255 est,
825 3207 955 3246 eum
977 3191 1168 3258 citavi;
1200 3191 1296 3246 ubi
1325 3191 1397 3246 de
1423 3208 1488 3246 eo
1516 3192 1702 3246 minus
1721 3197 1960 3258 constat,
1993 3193 2076 3248 in-

477 3280 742 3352 terpretis
770 3296 975 3335 nomen
987 3279 1228 3351 margini
1249 3280 1510 3351 apposui.
1541 3279 1708 3334 Verbi
1719 3281 1924 3350 gratia,
1951 3298 2074 3352 qua:

477 3369 640 3442 paria
665 3375 936 3425 ocurrunt
962 3369 1118 3424 libris
1137 3369 1400 3436 secundo,
1431 3369 1620 3436 tertio,
1653 3369 1748 3440 qui
1780 3368 2075 3424 Ruftinum

493 3463 805 3530 agnoscunt
830 3458 917 3514 vel
927 3463 1213 3513 auctorem
1226 3458 1312 3512 vel
1332 3457 1698 3528 interpretem
1716 3476 1728 3524 ;
1744 3463 1964 3528 quarto,
1979 3459 2076 3529 qui

481 3551 744 3618 excerpta
768 3545 939 3601 habet
965 3563 1031 3601 ex
1061 3547 1264 3601 Severo
1293 3545 1540 3616 Sulpicio
1553 3546 1834 3600 etJoanne
1863 3545 2078 3600 Cassia-

481 3650 584 3702 no;
618 3639 830 3700 octavo,
849 3634 944 3705 qui
957 3633 1300 3689 Palladium:
1333 3649 1500 3699 nono,
1520 3633 1615 3704 qui
1627 3633 2070 3703 Theodoretum;

481 3722 719 3789 decimo,
741 3723 838 3794 qui
859 3723 1133 3778 Joannem
1146 3721 1440 3778 Moschum
1458 3727 1864 3794 repraesentant
1890 3727 2078 3778 aucto-

479 3827 608 3881 res;
637 3816 860 3867 tantum
877 3811 936 3866 in
959 3811 1216 3884 margine
1245 3811 1354 3866 cito
1375 3816 1670 3866 auctorum
1688 3812 1920 3866 nomina
1947 3828 2078 3866 cum

480 3899 758 3972 capitibus
784 3901 870 3954 vel
905 3901 1175 3968 numeris,
1211 3906 1381 3972 prout
1401 3901 1674 3970 cujusque
1693 3899 1838 3953 liber
1863 3900 1947 3953 vel
1977 3917 2078 3971 per

481 3988 668 4059 capita
699 3989 786 4042 vel
815 4004 916 4059 per
940 4005 1207 4043 numeros
1235 3989 1490 4058 digestus
1501 3987 1592 4041 hic
1620 3987 1916 4058 reperitur.
1935 3987 2077 4042 Rur-

2155 3207 2414 3261 Vitarum
2435 3207 2668 3260 Patrum
2694 3205 2920 3270 librum,
2945 3205 3040 3277 qui
3067 3211 3198 3260 ante
3223 3209 3449 3260 centum
3478 3220 3656 3258 annos
3671 3209 3764 3259 to-

2156 3295 2264 3349 ties
2293 3311 2458 3350 cusus
2489 3311 2830 3366 recususque
2854 3294 2978 3358 fuit,
3022 3309 3314 3348 recensere
3342 3299 3399 3348 et
3415 3293 3702 3348 illustrare
3743 3313 3758 3364 ;

2155 3384 2342 3438 studio
2371 3383 2617 3439 abstinui
2635 3383 2910 3455 areliquis
2940 3383 3294 3454 indagandis.
3329 3384 3384 3438 Is
3412 3383 3564 3437 enim
3593 3383 3764 3439 labor

2157 3489 2360 3527 novum
2399 3473 2558 3528 facile
2597 3479 2813 3527 tomum
2842 3473 3147 3526 extundere
3190 3477 3396 3544 posset.
3432 3472 3570 3526 Mihi
3601 3489 3760 3528 nunc

2157 3561 2294 3616 satis
2320 3561 2428 3616 fuit
2457 3562 2554 3616 SS.
2588 3562 2824 3616 Patrum
2846 3561 3103 3616 insistere
3115 3561 3381 3632 vestigiis,
3423 3561 3521 3632 qui
3546 3561 3651 3616 has
3679 3563 3764 3617 vi-

2157 3654 2245 3704 tas
2271 3650 2406 3704 olim
2437 3655 2494 3704 et
2520 3651 2781 3721 legerunt
2807 3651 3354 3705 etcommendarunt.

2229 3740 2344 3810 Ego
2364 3755 2495 3793 vero
2523 3744 2598 3806 te,
2615 3739 2696 3793 mi
2721 3739 2916 3805 lector,
2940 3756 3054 3794 non
3077 3739 3204 3795 unis
3229 3740 3373 3794 votis
3388 3745 3652 3811 rogatum
3663 3758 3764 3797 ve-

2157 3828 2256 3882 lim
2279 3834 2346 3882 ut
2356 3829 2535 3882 Deum
2563 3827 2703 3882 mihi
2717 3828 2831 3882 tuis
2857 3827 3116 3900 precibus
3144 3829 3450 3900 propitium
3475 3829 3659 3884 facere
3673 3831 3762 3886 di-

2155 3916 2368 3988 gneris,
2400 3916 2484 3970 uti
2505 3933 2570 3970 ea
2597 3933 2718 3987 quae
2743 3917 2830 3970 his
2856 3917 3015 3972 libris
3043 3924 3360 3973 tractantur
3386 3918 3472 3972 vel
3492 3935 3558 3972 ex
3586 3925 3760 3990 parte

2157 3997 2346 4066 aliqua
2375 3995 2626 4050 moribus
2660 3997 2886 4067 vitaque
2922 3999 3234 4068 exprimere
3273 3998 3512 4068 possim;
3545 4015 3617 4053 ne
3641 4000 3760 4054 sim

487 4091 586 4132 sus
612 4092 744 4130 vero
772 4092 901 4130 cum
927 4077 1255 4147 inmargine
1274 4075 1484 4131 citandi
1511 4075 1795 4130 suntliber
1822 4076 2072 4147 quintus,
2099 4091 2146 4145 υ
2163 4075 2490 4146 planevelut
2515 4093 2590 4130 aes
2602 4092 2807 4130 sonans
2820 4076 3205 4148 etcymbalum
3229 4077 3494 4134 tinniens.
3530 4079 3617 4133 Ita
3644 4079 3757 4134 tibi

557 4253 579 4276 ‘
620 4253 734 4308 Has
762 4258 926 4310 notas
951 4254 1011 4312 in
1025 4259 1239 4312 textum
1267 4254 1416 4310 inter
1426 4253 1660 4310 uncinos
1675 4254 2073 4310 revocavimus.

486 4341 647 4398 Enrr.

2160 4165 2330 4230 Deus,
2371 4164 2736 4219 eremitarum
2765 4166 3204 4236 suffragantibus
3231 4167 3468 4236 meritis,
3500 4167 3754 4224 favorem

2157 4269 2380 4308 omnem
2395 4269 2668 4324 opemque
2689 4254 2918 4326 aspiret.
2932 4255 3086 4323 Vive,
3111 4256 3252 4324 vale,
3267 4256 3378 4310 mei
3391 4257 3541 4330 apud
3567 4257 3756 4316 Deum

2155 4357 2393 4400 memor.
