3958 6404
201 376 3470 411 h—

510 455 1428 844 VIT/E
1734 569 3153 855 PATRUM

1727 969 1918 1040 SIVE

234 1231 242 1240 ·
335 1173 1622 1349 HISTOBUE
1784 1186 1797 1351 ξ

1784 1185 3319 1361 ΕΒΕΜΙΤΙΟΑΕ.

1181 1455 1669 1589 LIBRI
1770 1461 2445 1597 DECEM.
3188 1520 3193 1525 '

1329 1714 1632 1780 Collstiones
1653 1717 1876 1780 Patrum,
1910 1722 1955 1766 et
1984 1717 2227 1780 instituta,
2269 1725 2315 1768 et
2352 1718 2474 1770 Viue
2499 1732 2681 1780 eorum,
2708 1724 2751 1765 et
2786 1718 2962 1779 Regula
2988 1715 3041 1767 S.
3087 1714 3143 1764 N.
3172 1715 3231 1764 P.
3273 1715 3462 1777 Basilii,

1392 1776 1504 1843 quid
1531 1778 1660 1827 aliud
1695 1776 1944 1843 sunt,7nisi
1974 1780 2087 1828 bene
2125 1776 2388 1843 viventium
2432 1787 2477 1829 et
2522 1776 3224 1843 obedientium'monachorum
3249 1781 3460 1843 exempla

1389 1838 1434 1906 et
1463 1838 1782 1906 instrumenta
1808 1842 2039 1906 virtutum
2062 1843 2089 1906 fi
2113 1842 2189 1903 (S.
2222 1844 2539 1899 Benedictus,
2571 1843 2769 1906 Regula
2805 1857 2906 1906 suae
2930 1856 3039 1906 cap.
3066 1842 3177 1903 ult.)

1327 1901 1365 1949 Ο
1391 1901 1634 1967 desertum
1660 1902 1858 1967 ﬂoribus
1884 1904 2075 1967 Christi
2103 1901 2338 1953 vernans!
2377 1906 2415 1955 Ο
2442 1901 2656 1954 solitudo
2685 1905 2733 1954 in
2760 1919 2852 1967 qua
2880 1904 2954 1967 illi
2977 1901 3251 1967 nascuntur
3277 1903 3460 1967 lapides

1388 1964 1444 2010 de
1472 1964 1644 2027 quibus
1670 1965 1719 2014 in
1747 1966 2041 2030 Apocalypsi
2067 1966 2236 2016 civitas
2277 1968 2439 2028 magni
2478 1968 2603 2029 regis
2633 1964 2934 2018 exstruitur!
2963 1965 3000 2015 0
3021 1980 3208 2016 oremus
3252 1964 3464 2016 familia-

1391 2024 1492 2074 rius
1517 2026 1613 2076 Dco
1639 2029 1878 2079 gaudens!

1391 2040 1492 2074 l'lllS
1517 2040 1613 2076 U00
1639 2040 1850 2077 RMMODS

1639 2040 1878 2088 sanun“
1918 2090 2297 2155 (Hieronymus,
2323 2092 2468 2155 epist.
2492 2092 2518 2142 1
2546 2092 2614 2140 ad
2641 2090 2990 2152 Heliodorum,
3016 2088 3074 2140 de
3100 2091 3247 2140 laude
3265 2089 3460 2153 ercmn)

189 2241 3455 2272 Μ

188 2257 3453 2291 ΜἪ

569 2400 1354 2505 PRAELUDIA
1459 2408 1661 2506 AD
1768 2409 2343 2509 LIBRUM
2450 2410 3078 2510 PRIMUM.

1588 2744 2114 2884 fectavi.

254 2988 313 3050 ³
338 2985 487 3050 Quia
516 2986 679 3042 divus
711 2988 1088 3063 Hieronymus
1118 2994 1226 3049 hoc
1258 2993 1401 3050 libro
1431 2995 1615 3066 primo
1645 3011 1790 3066 saepe
1819 2995 2236 3067 interloquitur.
2266 2997 2549 3067 idemque.
2583 2998 2840 3054 arctioris
2866 3001 2991 3056 vitae
3022 3002 3282 3057 incensus
3315 3002 3465 3057 desi-

193 3072 358 3141 derio,
395 3077 668 3131 eremitas
696 3078 827 3133 olim
855 3081 1063 3149 invisit,
1107 3084 1277 3155 inque
1324 3101 1512 3140 eremo
1551 3101 1728 3139 annos
1771 3085 1990 3155 aliquos
2030 3086 2193 3154 vixit;
2238 3086 2451 3158 placuit
2481 3085 2571 3140 hic
2599 3082 2753 3137 brevi
2782 3086 3030 3157 synopsi,
3071 3087 3173 3140 viae
3227 3088 3464 3160 vitaeque

191 3166 303 3234 ejus
331 3167 618 3237 periodos,
652 3185 765 3239 qua
792 3172 1277 3241 peregrinationes
1308 3176 1429 3246 ejus
1460 3181 1733 3247 spectant,
1770 3175 1945 3229 oculis
1975 3176 2249 3245 sujicere;
2285 3176 2355 3229 ad
2384 3174 2711 3229 nonnullam
2734 3189 2928 3228 eorum
2955 3175 3160 3243 lucem,
3200 3194 3322 3248 quae
3349 3179 3463 3232 lec-

190 3259 340 3308 turus
368 3272 447 3311 es.
484 3257 639 3321 Quos
665 3274 731 3312 ex
760 3260 1126 3317 illustrissimi
1146 3263 1447 3319 cardinalis
1472 3263 1698 3320 Baronii
1724 3263 2128 3319 laudatissimis
2155 3262 2467 3318 Annalibus
2492 3262 2836 3330 concinnavi,
2862 3268 2926 3318 ut
2953 3281 3156 3336 magno
3182 3266 3323 3321 duce
3350 3267 3465 3322 divi

191 3343 515 3418 Hieronymi
548 3350 886 3407 consecteris
916 3352 1173 3422 vestigia.

833 3657 1078 3763 DIVI
1152 3658 1817 3764 HIERONYMI
1896 3659 2798 3767 PEBEGBINATIO.

216 3996 333 4049 Divi
361 3997 700 4062 Hieronymi
721 3999 1039 4065 primordia
1068 4004 1115 4053 et
1141 4002 1405 4069 profectio
1430 4001 1737 4057 Gallicana.
1795 4003 1841 4063 A
1862 4000 2147 4055 Donatum
2174 4000 2423 4069 audivit;
2449 4000 2634 4072 ipsum
2666 4000 2816 4054 enim
2846 4015 3012 4054 suum
3041 3999 3299 4053 nominat
3320 4016 3464 4070 prie-

254 4083 413 4139 Anno
443 4085 656 4139 Christi
682 4084 805 4139 342.
838 4089 1037 4141 Baron.
1091 4093 1220 4143 tom.
1269 4090 1369 4156 III,
1411 4092 1609 4156 Adam,
1654 4088 1779 4147 37‘2.
1864 4095 2152 4161 ceptorem
2192 4091 2464 4155 (Hieron.,
2499 4094 2560 4144 in
2593 4090 2794 4145 Chron.
2823 4106 2973 4143 anno
3002 4089 3072 4145 20
3102 4088 3460 4159 Constantii),

191 4196 247 4209 —
275 4172 452 4228 Natus
483 4179 569 4227 est
594 4174 877 4241 Stridone,
909 4176 1113 4248 oppido
1132 4177 1193 4231 in
1211 4178 1510 4245 Dalmatia,
1536 4179 1784 4233 honestis
1864 4184 2014 4245 tum,
2060 4184 2126 4233 ut
2157 4179 2277 4251 ipse
2324 4179 2500 4233 tradit
2531 4181 2724 4250 (Hicr.,
2771 4180 2866 4233 lib.
2892 4192 2911 4231 Ι
2942 4184 3086 4232 cont.
3119 4180 3303 4246 Pelag.
3335 4181 3464 4231 etin

194 4260 404 4331 quidem
423 4262 777 4334 parentibus,
803 4270 860 4319 et
873 4264 1203 4321 substantiis
1222 4267 1374 4322 haud
1390 4268 1618 4334 intimis,
1645 4284 1785 4340 quas
1866 4270 2039 4337 Epist.
2064 4270 2139 4323 ad
2159 4269 2278 4324 Gal.
2312 4285 2429 4338 cap.
2456 4271 2535 4335 η),
2566 4267 2897 4323 scholastico
2922 4284 3079 4322 more
3108 4267 3245 4322 lusit
3263 4268 3320 4321 in
3342 4284 3471 4322 con-

192 4356 376 4419 postea
392 4368 495 4423 pro
526 4352 893 4407 aediﬁcatione
909 4356 1239 4410 monasterii
1265 4373 1365 4427 per
1388 4356 1784 4411 Paulinianum
1864 4358 2152 4412 troversiis
2176 4358 2576 4412 declamandis.
2607 4357 2690 4412 Ibi
2720 4358 2913 4411 adulta
2941 4361 3108 4411 aetate
3140 4373 3300 4411 sacro
3329 4355 3466 4427 bap-

194 4436 411 4495 fratrem
441 4440 704 4495 distraxit
734 4443 907 4511 (Hier.
942 4460 1024 4513 ep.
1046 4444 1134 4513 ‘26)
1170 4463 1184 4514 ;
1212 4462 1325 4500 non
1347 4446 1578 4501 enimde
1598 4446 1783 4518 seipso
1864 4446 2033 4501 tismo
2054 4446 2311 4501 initiatus
2331 4452 2419 4501 est
2450 4448 2643 4517 (Ilier.,
2668 4449 2821 4515 epist.
2850 4444 2962 4516 57.)
3000 4465 3011 4500 :
3044 4462 3155 4517 quo
3183 4451 3463 4517 suscepto,

195 4528 280 4581 sed
309 4530 378 4585 de
407 4531 759 4604 voluptuosis
778 4532 993 4587 clericis
1022 4538 1193 4606 atque
1223 4535 1532 4603 monachis,
1557 4552 1623 4590 ex
1651 4552 1783 4607 per-
1864 4536 2031 4607 paulo
2066 4535 2395 4591 solutiorem
2428 4535 2622 4601 vitam,
2667 4551 2840 4606 quam
2883 4539 3155 4605 gesserat,
3200 4533 3466 4588 continuo

195 4632 320 4672 sona
346 4624 542 4675 tamen
573 4636 678 4675 sua
705 4620 804 4676 illa
833 4621 913 4675 ait
939 4622 1108 4692 (Hier.
1142 4627 1296 4693 epist.
1317 4623 1377 4694 9)
1409 4643 1421 4678 :
1459 4642 1486 4678 α
1517 4625 1699 4679 Natus
1723 4625 1780 4679 in
1864 4624 2185 4679 emendavit
2207 4642 2220 4692 ;
2241 4640 2373 4679 nam
2417 4629 2477 4688 4
2507 4623 2683 4695 priori
2713 4623 2920 4677 amissa
2946 4621 3198 4693 corporis
3227 4621 3465 4692 integri-

194 4720 428 4778 paupere
457 4710 629 4764 domo
668 4715 726 4765 et
748 4710 808 4765 in
826 4711 1055 4781 tugurio
1070 4713 1371 4780 rusticano,
1391 4714 1489 4784 qui
1512 4714 1601 4768 vix
1624 4714 1781 4769 milio
1862 4719 1998 4779 tate,
2041 4713 2367 4780 secundam,
2400 4729 2571 4783 quam
2598 4716 2759 4766 vocat
2786 4711 3190 4766 continentiam
3219 4716 3346 4782 post
3376 4710 3468 4765 ba-

195 4801 245 4849 et
256 4796 461 4853 cibario
474 4815 622 4870 pane
633 4799 951 4870 rugientem
967 4806 1223 4857 saturare
1237 4808 1493 4874 poteram
1504 4808 1775 4869 ventrem,
1862 4803 2150 4874 ptismum,
2174 4801 2848 4857 servavitimmaculatam
2865 4806 3019 4855 totus
3031 4799 3140 4872 piis
3160 4799 3358 4855 ofﬁciis
3374 4800 3467 4854 de-

197 4898 331 4940 nunc
358 4888 608 4942 similam
639 4894 698 4943 et
733 4890 902 4944 mella
936 4890 1184 4955 fastidio,
1226 4910 1249 4943 ι
1292 4896 1398 4947 etc.
1863 4892 2014 4947 ditus
2043 4907 2157 4946 una
2186 4907 2314 4946 cum
2335 4890 2590 4961 ejusdem
2639 4889 2885 4944 instituti
2932 4888 3217 4944 sodalibus
3262 4889 3460 4961 (Hier.,

255 4974 535 5032 Bonosum
564 4977 767 5033 habuit
786 4978 1191 5035 collactaneum
1207 4980 1384 5051 (Hier.
1415 4983 1569 5051 epist.
1594 4980 1705 5053 41),
1726 4986 1783 5035 et
1863 4982 2086 5050 Apolog.
2105 4997 2209 5050 pro
2246 4981 2340 5035 lib.
2382 4980 2506 5034 adv.
2534 4980 2766 5051 Jovin.),
2790 4978 3027 5049 singulis
3055 4977 3252 5033 diebus
3278 4978 3466 5033 Domi-

193 5077 306 5117 cum
333 5066 534 5120 eodem
560 5067 769 5122 coaluit
794 5067 854 5121 in
882 5067 1208 5124 liberalibus
1226 5069 1556 5141 disciplinis,
1579 5070 1782 5142 praedi-
1863 5069 2005 5125 nicis
2041 5071 2122 5139 (ut
2148 5070 2268 5141 ipse
2298 5068 2475 5123 tradit
2492 5067 2771 5141 [Hieron.,
2790 5072 2854 5123 in
2879 5069 3070 5123 Ezech.
3098 5085 3144 5123 c.
3176 5067 3302 5138 XL])
3325 5067 3465 5121 invi-

194 5149 291 5205 vite
319 5153 679 5210 adolescente
706 5175 719 5223 ;
744 5172 780 5209 a
794 5171 969 5227 puero
1001 5157 1152 5211 enim
1175 5157 1508 5212 excolendus
1524 5156 1783 5213 bonislit-
1862 5158 2023 5213 sebat
2034 5159 2093 5213 in
2104 5157 2491 5213 subterraneis
2502 5156 2839 5211 coemeteriis
2854 5156 3122 5228 reliquias
3142 5160 3464 5209 sanctorum

194 5241 315 5296 teris
339 5243 587 5299 traditus
616 5250 703 5299 est
742 5247 1107 5317 pmceptori;
1135 5246 1205 5300 de
1232 5263 1342 5318 quo
1372 5246 1491 5318 ipse
1525 5248 1775 5315 (Hieron.
1794 5288 1839 5347 Β
1862 5253 2178 5320 martyrum
2220 5266 2233 5314 ;
2277 5247 2531 5318 nihilque
2556 5246 2772 5301 caeteris
2803 5244 3003 5347 diebus
3034 5244 3134 5344 otii
3162 5243 3267 5341 sibi
3297 5242 3465 5341 relin-

195 5330 398 5400 Apolog.
426 5335 643 5388 advers.
665 5335 897 5403 Rufﬁn.)
924 5354 937 5390 :
974 5354 1000 5387 «
1021 5335 1251 5391 Memini
1278 5352 1369 5390 me
1395 5352 1636 5408 puerum
1656 5330 1839 5390 ουτ-³³
1862 5354 2058 5409 quens,
2096 5342 2250 5391 totus
2288 5341 2413 5390 erat
2446 5335 2505 5390 in
2529 5334 2910 5390 describendis
2947 5332 3104 5387 libris
3147 5350 3160 5399 ;
3202 5330 3283 5384 sic
3311 5330 3463 5385 enim

196 5416 377 5475 Sitasse
390 5438 493 5493 per
514 5423 743 5477 cellulas
759 5423 1127 5491 servulorum,
1143 5425 1295 5479 diem
1305 5425 1568 5480 feriatum
1582 5425 1781 5480 duxis-
1860 5425 2257 5481 bibliothecam
2277 5426 2467 5480 Romae
2492 5441 2716 5480 summo
2744 5423 2930 5477 studio
2950 5426 3120 5492 atque
3148 5418 3337 5473 labore
3355 5419 3460 5473 sibi

197 5522 248 5560 se
266 5508 494 5579 lusibus,
520 5517 577 5566 et
612 5512 683 5567 ad
715 5511 991 5569 Orbilium
1025 5515 1365 5582 saevientem,
1389 5515 1460 5569 de
1486 5515 1624 5570 aviae
1653 5515 1780 5570 sinu
1862 5514 2165 5571 confecisse
2192 5519 2438 5570 testatur
2465 5516 2640 5586 (Hier.
2663 5530 2742 5581 ep.
2772 5510 2885 5582 22).

198 5600 424 5656 tractum
445 5617 569 5657 esse
599 5602 905 5674 captivum.
934 5624 961 5653 ι
1933 5604 2000 5660 In
2032 5604 2246 5660 Gallias
2260 5610 2388 5675 post
2401 5604 2521 5658 haec
2534 5601 2927 5675 peregrinatus
2944 5614 3072 5652 cum
3086 5596 3206 5669 ipso
3218 5599 3458 5664 Bonoso,

260 5687 492 5749 Romam
507 5691 737 5747 veniens
761 5708 890 5748 cum
920 5693 1116 5748 eodem
1142 5692 1321 5769 ipsius
1333 5692 1534 5763 gentili
1557 5694 1777 5751 Bonoso
1864 5694 2059 5751 eadem
2078 5694 2483 5762 sitilibrorum,
2503 5690 2757 5747 Treveris
2777 5688 2956 5745 sancti
2978 5687 3179 5743 Hilarii
3201 5687 3372 5743 libros
3392 5688 3461 5743 de
