3958 6406
436 413 502 470 91
1478 407 1862 468 PRIELUDIA
1899 412 1994 466 AD
2033 404 2307 470 LIBRUM
2344 417 2650 472 PRIMUM.

3629 421 3706 478 92

439 541 680 613 Synodis
691 557 860 595 manu
873 538 1573 610 suadescripsit;aliosque
1599 538 1678 592 ibi
1697 538 1910 609 positus
1931 539 2308 598 an-Adeinde
2339 559 2440 613 per
2487 543 2736 597 Ciliciam
2763 543 2821 596 in
2853 542 3073 615 Syriam
3102 543 3474 613 descendisse,
3509 553 3573 613 5
3601 546 3703 600 ubi

436 630 624 702 tiquos
636 630 882 694 Codices,
895 642 1030 683 usus
1042 635 1212 700 opera
1223 629 1531 684 amicorum
1547 631 1713 699 atque
1723 629 1872 683 inter
1887 627 2026 682 alios

437 719 728 784 Florentii,
763 711 1156 775 describendas
1182 719 1395 772 curavit
1422 720 1614 785 (Hist,
1645 718 1796 786 epist.
1821 717 1852 772 6
1873 723 1922 772 et
1950 716 2022 786 4).

436 808 946 876 ProfectioSyriaca
952 810 1069 875 post
1080 810 1266 860 varias
1276 808 1400 860 orbi
1406 825 1424 860 ς
1430 808 1744 875 provincias
1758 803 1937 860 lustra
1943 811 2025 859 tas

2108 630 2360 685 consedit
2415 632 2472 686 in
2512 626 2811 687 solitudine
2867 633 3175 688 monachus
3236 631 3408 698 (Hier.
3438 639 3593 704 epist.
3623 634 3702 704 4).

2111 719 2240 773 Haec
2266 721 2439 774 totius
2468 723 2593 791 ejus
2617 725 2702 775 est
2732 715 3202 793 peregrinationis
3257 723 3536 792 periodus,
3585 741 3710 779 una

2110 824 2234 861 cum
2261 809 2548 864 fidissimis
2577 810 2894 876 comitibus,
2916 811 3148 880 Evagrio
3167 811 3491 883 presbytero
3507 814 3711 868 Antio-

505 897 668 952 Anno
695 896 904 950 Christi
931 893 1054 949 370.
1084 897 1308 960 Baron.,
1327 895 1404 948 ad
1422 911 1560 949 ann.
1581 893 1704 950 372.
1719 895 2026 964 —Contigit
2107 897 2282 951 cheno
2296 899 2389 966 (b),
2408 899 2751 966 Innocentio,
2772 899 3089 965 Heliodoro,
3114 906 3189 966 et,
3212 906 3277 954 ut
3293 901 3390 967 ait,
3413 917 3539 956 cum
3555 902 3709 974 Hyla

437 991 626 1042 autem
654 985 929 1056 posthaec
963 989 1028 1038 ut
1053 984 1148 1055 qui
1179 985 1351 1037 semel
1382 983 1732 1054 peregrinari
1763 985 2026 1054 coeperat,

437 1074 711 1146 proﬁcisci
741 1089 963 1144 quoque
993 1073 1050 1126 in
1081 1073 1368 1127 Orientem
1381 1073 1437 1126 in
1453 1071 1703 1126 animum
1724 1073 2025 1138 induxerit;

437 1163 494 1218 id
526 1163 756 1234 quidem
807 1178 935 1216 cum
967 1161 1317 1224 eruditionis,
1358 1167 1479 1214 tum
1527 1161 1700 1214 etiam
1746 1162 2029 1230 religionis

417 1267 610 1306 causa
641 1269 654 1318 ;
695 1247 762 1304 at
789 1257 853 1304 ex
879 1249 986 1316 his,
1011 1265 1133 1320 quae
1167 1251 1344 1320 gessit
1362 1240 1636 1321 inspicere
1665 1243 1814 1304 licet.
1853 1245 2025 1304 Porro

440 1329 906 1412 peregrinationis
925 1340 1046 1408 ejus
1058 1355 1178 1410 quae
1198 1345 1495 1392 remanent
1504 1339 1739 1408 vestigia
1753 1345 2030 1392 assectan-

440 1435 548 1497 tes,
579 1429 814 1482 dicimus
843 1445 972 1483 eum
997 1445 1124 1480 cum
1161 1428 1380 1481 Bonoso
1410 1427 1616 1482 comite
1653 1445 1682 1481 e
1714 1427 1909 1481 Galliis
1947 1444 2032 1480 re-

440 1521 770 1576 vertentem.
794 1516 1110 1587 Aquileiam
1125 1515 1440 1587 pervenisse
1473 1515 1572 1584 (α),
1605 1517 2033 1586 consedisseque

443 1605 520 1660 ibi
549 1605 736 1676 aliquo
763 1605 1034 1676 temporis
1062 1605 1262 1676 spatio,
1290 1605 1565 1658 fruiturus
1589 1605 1870 1659 consortio
1907 1621 2033 1658 san-

442 1695 818 1749 ctissimorum
846 1694 1110 1760 virorum,
1125 1693 1390 1747 nimirum
1403 1693 1583 1747 sancti
1595 1693 1894 1758 Valeriani,
1909 1695 2032 1764 ejus

443 1783 682 1838 civitatis
719 1785 846 1853 post
893 1781 1360 1836 Fortunatianum
1401 1782 1664 1854 episcopi,
1716 1782 2027 1850 Heliodori,

2111 986 2290 1039 sancti
2319 987 2547 1041 Melanii
2580 987 2808 1042 famulo.

2183 1075 2323 1128 Cum
2349 1075 2524 1144 igitur
2550 1075 2896 1146 reperiamus
2922 1076 3221 1143 Evagrium
3243 1076 3593 1131 individuum
3615 1093 3710 1132 co-

2111 1163 2306 1217 mitem
2335 1163 2506 1218 fuisse
2535 1164 2713 1218 sancti
2742 1163 3088 1236 Hieronymi,
3113 1174 3270 1235 aeque
3289 1165 3464 1220 etiam
3483 1179 3612 1220 cum
3635 1181 3708 1220 eo

2114 1252 2520 1324 Hieronymum
2550 1255 2970 1324 peregrinatum
2996 1267 3062 1309 ex
3089 1255 3390 1310 Occidente
3415 1255 3475 1308 in
3491 1251 3710 1325 Cappa-

2113 1341 2355 1407 dociam,
2415 1358 2518 1412 par
2566 1350 2652 1396 est
2687 1343 2937 1408 credere,
2996 1360 3122 1396 cum
3165 1344 3234 1396 de
3271 1361 3330 1397 se
3361 1344 3550 1398 tradat
3576 1344 3702 1414 ipse

2113 1431 2490 1502 Hieronymus
2501 1444 2626 1485 cum
2649 1447 2713 1486 eo
2731 1433 3038 1502 profectum
3049 1449 3169 1486 esse
3185 1432 3244 1486 in
3259 1433 3674 1504 Cappadociam
3688 1473 3700 1486 .

2114 1519 2243 1572 Haec
2269 1519 2445 1590 igitur
2476 1526 2541 1574 ut
2582 1537 2916 1586 asseramus,
2954 1522 3151 1575 eadem
3192 1527 3341 1575 certe
3373 1521 3709 1593 Hieronymi

2113 1614 2281 1679 atque
2301 1609 2520 1679 Evagrii
2537 1610 2595 1663 in
2618 1610 3028 1680 Cappadociam
3059 1610 3437 1681 peregrinatio
3467 1626 3710 1681 persua-

2114 1697 2226 1752 det.
2247 1699 2520 1767 Huncque
2546 1698 2733 1768 ipsum
2763 1699 3082 1768 Evagrium,
3112 1699 3181 1752 de
3203 1715 3314 1769 quo
3338 1704 3566 1753 sanctus
3590 1699 3706 1753 Ba-

2115 1787 2271 1840 silius
2302 1787 2561 1840 meminit
2587 1790 2798 1854 (Basit.,
2829 1791 2978 1855 epist.
3010 1788 3081 1853 8),
3111 1788 3374 1841 eumdem
3427 1805 3549 1842 esse
3577 1804 3710 1841 cum

441 1873 761 1943 Nepotiani,
795 1871 1025 1932 Rufﬁni,
1054 1871 1387 1940 Chromatii,
1415 1870 1616 1936 Jovini,
1648 1871 1890 1937 Eusebii,
1922 1847 2097 1925 Βο-Β
2115 1875 2369 1944 Evagrio,
2388 1877 2707 1946 Hieronymi
2736 1877 2883 1929 socio
2907 1882 3076 1947 atque
3094 1877 3316 1940 comite,
3334 1893 3462 1929 cum
3475 1893 3708 1942 nomen,

442 1961 584 2024 nosi,
617 1957 903 2025 Florentii,
940 1959 1135 2013 Nicaeae
1164 1958 1508 2026 subdiaconi,
1543 1959 1890 2030 Chrysogoni
1915 1976 2031 2014 mo—

441 2049 609 2104 nachi
631 2067 646 2102 :
677 2049 748 2102 ad
775 2065 914 2118 quos
934 2047 1374 2113 omnes,intimaa
1396 2047 2023 2110 necessitudinistestes,

443 2138 696 2208 ejusdem
727 2136 1054 2207 Hieronymi
1069 2136 1270 2190 litterae
1295 2141 1522 2190 exstant
1555 2138 1747 2204 (Hiera,
1773 2140 1908 2205 epist
1933 2136 2026 2204 4|,

443 2225 532 2293 42,
565 2224 654 2290 43,
676 2225 793 2296 44).

515 2315 730 2369 Horum
764 2312 936 2382 igitur
964 2313 1297 2366 suavissima
1343 2313 1747 2368 consuetudine
1776 2313 2034 2383 aliquan-

442 2404 620 2474 tisper
647 2403 908 2456 detentus
946 2396 1030 2456 est
1057 2405 1283 2456 sanctus
1322 2397 1697 2474 Hieronymus
1721 2393 1992 2474 Aquileiae
2019 2421 2035 2469 ;

444 2509 570 2548 cum
609 2492 740 2546 inde
771 2491 1054 2546 discedere
1081 2491 1318 2560 cogitur,
1352 2492 1538 2544 nescio
1581 2508 1691 2562 quo
1733 2491 2035 2562 improviso

445 2597 638 2635 rerum
668 2586 889 2644 eventu,
920 2585 985 2633 ut
1015 2580 1153 2650 ipse,
1181 2596 1245 2632 ex
1274 2596 1463 2634 eremo
1488 2580 1558 2634 ad
1586 2579 1875 2634 Ruffinum
1905 2579 2038 2634 scri-

446 2669 602 2735 bens,
647 2674 888 2722 testatur
920 2667 1104 2721 verbis
1138 2668 1285 2720 illis:
1327 2686 1351 2718 ‹(
1395 2669 1696 2739 Postquam
1739 2686 1828 2722 me
1869 2686 1904 2722 a
1939 2675 2037 2722 tuo

446 2760 622 2812 latere
635 2757 854 2812 subitus
874 2755 1038 2810 turbo
1057 2757 1347 2821 convulsit,
1369 2763 1665 2828 postquam
1681 2757 1896 2827 glutino
1913 2758 2042 2810 cha-

447 2847 632 2902 ritatis
659 2847 964 2900 haerentem
983 2845 1158 2916 impia
1176 2845 1864 2912 distraxitavulsio(llier.,
1881 2850 2034 2914 epist.

449 2934 561 3002 41',
596 2953 621 2986 »
663 2940 792 3000 etc.,
831 2939 965 2988 tunc
998 2933 1257 3003 Aquileia
1275 2935 1558 3000 recedens,
1591 2934 1648 2987 in
1676 2935 2033 3000 Dalmatiam,

448 3023 693 3097 patrium
715 3021 916 3088 solum,
933 3022 1178 3086 veniens,
1200 3039 1450 3076 sororem
1461 3023 1837 3093 juvenculam,
1860 3024 2040 3078 aetatis

449 3119 663 3176 lubrico
697 3121 932 3191 lapsam,
962 3119 1204 3190 primum
1240 3120 1358 3174 viro
1388 3121 1628 3175 maxime
1668 3121 1760 3192 pio
1797 3121 2037 3187 Juliano,

449 3211 544 3282 qui
574 3227 698 3265 eam
795 3183 1081 3263 meliorem
1105 3208 1326 3279 frugem
1354 3209 1620 3275 restituit,
1647 3183 1848 3264 deinde
1864 3183 2095 3264 etiame

446 3317 548 3371 per
574 3299 790 3354 litteras
817 3297 1138 3352 Chromatio
1159 3299 1566 3352 commendavit
1591 3300 1768 3370 (Hier.
1795 3303 1948 3368 epist.
1971 3298 2035 3353 37

449 3394 497 3442 et
528 3388 646 3457 43).

521 3476 755 3542 Quando
793 3481 983 3530 autem
1021 3475 1322 3544 contigerit
1345 3479 1411 3530 ut
1439 3475 1560 3546 ipse
1597 3475 1676 3529 sic
1715 3476 2040 3530 monasticae

449 3565 574 3620 vitae
595 3564 898 3636 arripuerit
921 3563 1264 3629 institutum,
1297 3563 1551 3633 diligenti
1580 3580 1770 3617 rerum
1813 3580 1876 3617 ac
1899 3569 2041 3618 tem-

451 3671 651 3726 porum
699 3653 1044 3706 discussione
1078 3643 1569 3722 pervestigandum
1602 3651 1704 3706 est.
1739 3649 2035 3716 Caeterum,

451 3743 597 3814 quod
629 3743 686 3796 in
713 3758 774 3795 re
805 3741 974 3795 dubia
997 3747 1054 3794 et
1083 3741 1296 3795 incerta
1309 3757 1614 3807 versemur,
1649 3741 1941 3796 nitendum
1957 3747 2043 3795 est

449 3831 801 3902 conjecturis,
817 3830 1052 3900 aliisque
1063 3829 1430 3900 argumentis,
1447 3829 2040 3901 quantumlibetvide’ri

448 3921 667 3994 possint
695 3920 920 3989 alonge
949 3919 1125 3989 petita
1159 3937 1174 3986 ;
1231 3919 1309 3973 sic
1325 3919 1472 3972 enim
1506 3936 1652 3990 saepe
1687 3919 1888 3972 accidit
1938 3935 2040 3989 per

449 4011 718 4079 angustas
747 4005 979 4062 rim’ulas
1010 4007 1325 4078 perspicere
1345 4007 1790 4078 quaeindagatur
1803 3996 2040 4060 sollicite

450 4097 676 4152 veritas.

521 4188 612 4252 At,
639 4185 784 4256 quod
797 4185 866 4239 ad
879 4185 1023 4239 hanc
1037 4201 1156 4238 rem
1174 4185 1436 4256 pertinet,
1459 4183 1611 4237 haud
1631 4181 1892 4236 assentiri
1911 4199 2041 4253 pos-

451 4289 644 4331 sumus
673 4274 994 4340 atiirmanti,
1029 4274 1436 4344 Hieronymum
1467 4288 1594 4326 cum
1614 4268 1839 4324 Rufﬁno
1870 4276 2041 4342 atque

450 4361 698 4434 collegis,
738 4363 956 4418 itineris
993 4361 1177 4428 sociis,
1218 4355 1464 4432 primum
1501 4359 1910 4431 Jerosolymam
1941 4376 2041 4430 pe-

2113 1968 2236 2017 tum
2267 1978 2470 2018 munus
2501 1965 2850 2036 presbyterii,
2880 1972 3003 2019 tum
3034 1965 3235 2036 patria,
3279 1981 3482 2036 nempe
3509 1965 3713 2019 Antio-

2115 2053 2256 2118 chia,
2280 2070 2383 2106 nec
2413 2071 2524 2107 non
2555 2055 2707 2108 locus
2737 2055 2873 2124 ipse,
2907 2054 3054 2108 unde
3101 2054 3272 2116 venit,
3322 2053 3595 2108 nimirum
3641 2071 3712 2108 ex

2116 2142 2294 2205 Italia,
2329 2159 2485 2212 aeque
2513 2143 2919 2208 demonstrant,
2943 2143 3314 2212 eumdemque
3333 2142 3636 2212 Evagrium
3649 2141 3716 2195 il-

2115 2231 2231 2284 lum
2257 2248 2397 2296 esse,
2427 2231 2521 2302 qui
2538 2232 2824 2302 egregiam
2839 2238 3139 2286 navaverat
3156 2248 3387 2302 operam
3405 2231 3714 2286 Mediolani

2117 2320 2382 2373 adversus
2411 2321 2771 2388 Auxentium,
2806 2321 2874 2374 de
2904 2321 3311 2392 quo,adunum
3332 2319 3712 2374 excomitibus

2116 2407 2524 2472 Innocentium,
2565 2407 2697 2462 ante
2729 2402 3102 2480 Hieronyinus
3133 2407 3453 2478 scripserat,
3471 2424 3574 2462 nos
3605 2423 3713 2461 suo

2117 2496 2237 2550 loco
2268 2497 2564 2550 retulimus
2599 2500 2962 2566 (Hier.,epist.
2996 2496 3101 2560 49).

2190 2586 2424 2649 Quando
2485 2593 2672 2639 autem
2717 2586 2984 2640 acciderit
3026 2585 3325 2655 Evagrium
3355 2585 3712 2639 adsanctum

2120 2675 2390 2728 Basilium
2410 2674 2470 2728 in
2501 2675 2908 2744 Cappadociam
2933 2675 3268 2745 pervenisse,
3301 2691 3366 2728 ex
3389 2674 3586 2728 eadem
3606 2674 3716 2728 Ba-

2119 2762 2228 2816 silii
2257 2763 2492 2834 epistola
2508 2780 2802 2833 possumus
2825 2764 3162 2832 intelligere,
3181 2780 3310 2834 qua,
3325 2769 3628 2832 antequam
3640 2763 3715 2818 de

2122 2851 2360 2922 Evagrio
2376 2852 2543 2905 faciat
2573 2851 2938 2916 mentionem,
2972 2851 3042 2905 de
3062 2851 3377 2906 vehementi
3397 2850 3612 2917 morbo,
3647 2851 3711 2905 in

2122 2957 2289 3011 quem
2311 2947 2446 2995 tunc
2475 2941 2768 3006 inciderat,
2787 2941 2923 3012 agit,
2955 2957 3082 2995 cum
3113 2941 3220 2994 ait:
3242 2960 3264 2991 ι
3283 2939 3714 3010 Quinquaginta

2123 3029 2208 3083 his
2239 3029 2438 3084 diebus
2460 3047 2610 3100 aeger
2638 3029 2896 3096 decubui,
2917 3029 3120 3100 quibus
3150 3029 3289 3083 mihi
3310 3029 3503 3083 sedulo
3531 3028 3719 3084 adfuit

2125 3117 2361 3172 dilectus
2395 3126 2452 3172 et
2481 3119 2734 3173 omnium
2764 3118 3207 3172 studiosissimus
3229 3118 3404 3172 frater
3431 3122 3623 3172 noster
3655 3123 3715 3174 et

2119 3213 2448 3277 cooperator
2458 3207 2724 3278 Elpidius.
2744 3207 2983 3262 Multum
2996 3207 3145 3260 enim
3156 3206 3311 3261 febre
3325 3210 3714 3276 consumptus,

2121 3297 2356 3366 penuria
2375 3295 2673 3350 nutrientis
2700 3296 2968 3362 materiae,
2992 3295 3152 3350 arida
3178 3295 3284 3350 hac
3300 3311 3487 3360 carne,
3505 3311 3608 3350 ceu
3621 3294 3709 3349 hic

2121 3400 2418 3439 cernarum
2450 3401 2680 3456 papyro,
2710 3385 3105 3450 circumdatus,
3150 3384 3400 3438 marcida
3427 3384 3718 3454 longaque

2121 3473 2457 3542 (egritudine
2482 3473 2728 3528 laboravi
2744 3492 2756 3526 :
2777 3473 3071 3544 antiquum
3083 3473 3281 3528 vulnus
3297 3473 3428 3527 huic
3444 3471 3723 3526 accedens

2121 3578 2153 3615 a
2175 3561 2312 3614 cibis
2331 3579 2420 3616 me
2442 3561 2732 3627 abstraxit.
2755 3562 2927 3615 oculis
2941 3578 3201 3615 somnum
3230 3561 3459 3627 ademit,
3481 3560 3722 3614 tandem

2120 3651 2286 3705 morti
2311 3655 2367 3705 et
2394 3649 2518 3705 vitae
2547 3652 2822 3704 confinem
2875 3661 2968 3704 me
3005 3651 3204 3716 εσθαι,
3252 3655 3476 3703 tantum
3529 3649 3724 3704 vivere

2125 3741 2476 3811 permittens,
2509 3747 2784 3810 quantum
2813 3739 2883 3810 ad
2914 3740 3163 3794 dolorem
3182 3739 3540 3794 sentiendum
3573 3754 3723 3808 opus

2125 3836 2211 3884 est
2241 3832 2452 3898 (Basit.,
2486 3833 2640 3896 epist.
2669 3829 2739 3889 8).
2770 3848 2792 3879 ι
2827 3829 2957 3882 Haec
2985 3833 3044 3882 et
3066 3828 3178 3881 alia
3201 3829 3365 3899 plura
3413 3827 3483 3880 de
3516 3826 3720 3880 eadem

2125 3919 2372 3990 corporis
2400 3917 2726 3972 inﬁrmitate
2755 3917 3012 3982 Basilius,
3030 3933 3199 3988 quam
3213 3917 3262 3970 ei
3295 3914 3598 3985 contigisse
3619 3932 3721 3969 su-

2126 4007 2316 4076 perius
2345 4006 2584 4060 diximus
2605 4022 2754 4060 anno
2783 4008 2958 4073 (Anno
2985 4003 3086 4059 369
3115 4011 3165 4058 et
3195 4001 3318 4073 370)
3349 4020 3461 4074 quo
3493 4009 3723 4058 creatus

2126 4099 2212 4148 est
2241 4096 2507 4149 Caesareae
2531 4094 2840 4166 episcopus,
2876 4094 2970 4166 qui
2996 4099 3326 4148 numeratur
3350 4091 3573 4146 Domini
3588 4089 3718 4159 370,

2127 4200 2236 4255 quo
2266 4183 2480 4254 pariter
2505 4173 2811 4237 dixerimus
2852 4180 3278 4256 Hieronymum,
3325 4198 3454 4235 cum
3513 4179 3718 4235 eodem

2127 4271 2362 4342 Evagrio
2393 4271 2448 4326 et
2473 4271 2598 4326 aliis
2635 4272 2818 4338 sociis,
2866 4268 3152 4326 devenisse
3195 4270 3253 4325 in
3283 4267 3505 4343 Syriam
3541 4287 3554 4336 ;
3584 4269 3723 4324 inde

2123 4377 2252 4415 vero
2282 4351 2536 4431 ejusdem
2567 4361 2860 4434 provinciae
2888 4361 3110 4415 deserta
3145 4357 3392 4432 petiisse,
3427 4373 3541 4412 non
3584 4363 3724 4413 ante

449 4448 770 4520 tiisse,inde
797 4469 926 4506 vero
954 4451 1104 4506 inter
1129 4467 1188 4504 se
1218 4450 1442 4515 divisos,
1467 4447 1754 4503 Rul‘ﬁnum
1783 4449 1841 4502 in
1870 4443 2040 4520 [Egy-
2129 4451 2273 4515 (mea
2301 4450 2606 4519 sententia)
2631 4462 2840 4504 annum
2872 4447 3100 4504 Domini
3135 4446 3598 4502 trecentesimum
3629 4463 3726 4500 se-

447 4547 625 4616 ptum,
643 4530 1049 4613 Hieronymum
1070 4545 1259 4594 autem
1295 4539 1350 4592 in
1373 4539 1620 4592 diversas
1637 4537 1948 4616 provincias
1963 4527 2548 4611 pe—Dptuagesimum
2575 4539 2821 4610 primum
2856 4557 2867 4590 :
2901 4538 3050 4608 quod
3071 4537 3298 4609 quidem
3328 4539 3384 4590 et
3429 4533 3727 4589 insinuare

447 4613 886 4703 regrinationcm
914 4627 1226 4684 instituisse
1253 4624 1423 4696 atque
1441 4625 1595 4680 illinc
1619 4613 1841 4681 deserta
1863 4626 2040 4697 Syrias
2127 4623 2576 4682 videnturcitatae
2592 4624 2846 4698 ejusdem
2858 4625 3114 4698 superius
3133 4625 3336 4680 litterae
3348 4620 3419 4678 ad
3432 4619 3727 4678 Ruﬂinum

450 4720 678 4792 petiisse
703 4708 962 4786 (Mariam
1011 4707 1202 4772 Victor.
1232 4719 1294 4770 in‘
1335 4707 1433 4770 Vit.
1456 4713 1510 4770 ς.
1534 4713 1895 4783 Hier.).Nam
1914 4707 2046 4770 Rut-

452 4805 631 4864 finum
659 4806 836 4862 Roma"
880 4805 1176 4861 recessisse
1205 4821 1330 4859 cum
1350 4803 1594 4859 Melania
1619 4804 2043 4875 profectumque

453 4898 512 4952 in
541 4898 864 4968 IE'gyptum,
898 4884 1556 4966 indequeJerosolyinam
1571 4893 2044 4964 pervenisse,cum

447 4985 566 5058 jam
584 4989 807 5040 sanctus
826 4970 1200 5054 HieronmeS
1213 4982 1269 5037 in
1283 4983 1444 5054 Syria
1465 4983 1772 5036 monachus
1787 4973 2038 5051 degeret,

451 5083 574 5132 tum
603 5079 726 5146 quae
755 5074 1012 5145 superius
1042 5072 1192 5126 dicta
1214 5076 1363 5136 sunt,
1383 5078 1506 5126 tum
1531 5079 1656 5142 qua:
1673 5058 1931 5125 dicentur
1958 5061 2042 5126 iri-

450 5154 643 5232 ferius,
668 5163 958 5236 perspicue
987 5160 1467 5216 demonstrabunt.
1492 5149 1567 5215 Ex
1595 5159 2041 5232 peregrinatione

451 5262 583 5310 vero
612 5253 789 5326 ipsius
819 5237 1167 5323 Hieronymi,
1201 5267 1308 5304 ase
1329 5249 1624 5322 descripta,
1641 5259 2048 5320 possumUspa-

452 5328 592 5399 riter
617 5343 932 5412 intelligere
945 5342 1164 5410 tempus
1191 5337 1364 5410 ipsiu’s
1381 5358 1446 5393 cx
1461 5336 1756 5394 Occidente
1771 5338 1828 5392 in
1848 5339 2042 5394 Orien-

451 5429 568 5486 tem
599 5419 954 5500 migrationis
979 5447 991 5496 ;
1021 5413 1089 5482 ad
1121 5417 1408 5482 Rutiinum
1439 5429 1607 5493 enim,
1642 5443 1770 5480 cum
1800 5425 1894 5480 ille
1919 5428 2039 5498 jam

453 5520 799 5592 pervenisset
823 5519 882 5572 in
903 5519 1226 5588 IEgyptum,
1263 5533 1330 5571 ex
1347 5521 1534 5570 eremo
1547 5515 1722 5588 Syriae
1749 5513 1960 5582 scribit,
1982 5532 2044 5569 se

454 5607 636 5684 primo
666 5604 1368 5684 proibctuminThraciam,
1387 5593 1516 5660 inde
1532 5605 1588 5684 in
1611 5606 1854 5659 Pontum
1872 5604 2047 5673 atque

454 5681 795 5770 Bithyniam,
845 5697 1039 5768 postea
1087 5681 1146 5750 in
1203 5685 1483 5752 Galatiam
1521 5681 1580 5749 et
1616 5691 2043 5764 Cappadociam,

2130 4715 2321 4782 (Ilien,
2357 4719 2510 4785 epist.
2535 4712 2606 4785 4).
2642 4713 2722 4768 Ex
2751 4715 2838 4768 his
2870 4713 3046 4786 igitur
3074 4713 3397 4768 inducimur
3432 4711 3497 4766 ut
3524 4705 3727 4766 creda-

2129 4821 2274 4870 mus,
2289 4801 2624 4876 praesentem
2643 4814 2858 4858 annum
2873 4819 2996 4857 esse
3009 4799 3317 4856 secundum
3331 4799 3380 4872 ej
3389 4817 3452 4855 us
3463 4793 3521 4855 in
3531 4815 3727 4854 eremo

2126 4895 2419 4949 incolatus.

2197 4986 2355 5038 Anno
2371 4985 2579 5039 Christi
2610 4977 2928 5037 371.Baron
2953 4981 3040 5035 ad.
3068 4998 3163 5035 an.
3189 4973 3340 5034 372—
3359 4977 3500 5034 Cum
3530 4980 3728 5032 autem

2129 5063 2374 5134 primum
2396 5063 2455 5117 in
2485 5061 2706 5132 Syriam
2737 5059 2906 5126 venit,
2957 5058 3036 5114 ibi
3094 5073 3220 5113 cum
3253 5052 3494 5128 Evagrio
3527 5049 3728 5110 Antio-

2128 5153 2322 5219 cheno,
2354 5143 2412 5206 in
2441 5151 2530 5204 via
2553 5149 2773 5214 comite,
2808 5143 3120 5204 Antiochia:
3136 5141 3406 5202 consedit.
3433 5140 3568 5199 Erat
3587 5142 3730 5199 Eva-

2127 5241 2284 5312 grius
2312 5236 2580 5312 praedives
2607 5255 2669 5292 ac
2685 5237 2906 5303 nobilis,
2931 5237 3301 5308 dominusque
3317 5231 3456 5288 villae
3473 5229 3732 5288 Maronia

2127 5323 2290 5384 dictae
2307 5347 2318 5397 ;
2333 5317 2429 5384 ubi
2454 5319 2754 5398 aliquando
2766 5343 2941 5396 agens
2954 5327 3328 5397 Hieronymus
3342 5333 3468 5378 cum
3483 5321 3726 5392 Evagrio

2130 5429 2326 5478 nactus
2347 5411 2423 5476 ibi
2453 5421 2866 5477 sanctissimam
2891 5407 3049 5475 illum
3065 5412 3344 5475 Malchum
3359 5415 3725 5483 monachum,

2129 5513 2302 5567 totius
2332 5508 2900 5581 viueipsiuscursum,
2921 5526 3091 5580 quam
3121 5513 3315 5582 postea
3343 5506 3524 5560 factus
3553 5521 3731 5560 senex

2132 5600 2476 5670 conscripsit,
2493 5606 2707 5672 accepit
2724 5604 2992 5653 :testatur
3011 5595 3068 5651 id
3098 5587 3327 5669 quidem
3340 5589 3729 5666 Hieronymus

2132 5691 2272 5762 ipse,
2305 5705 2431 5744 cum
2461 5679 2542 5742 ait
2574 5707 2584 5742 :
2646 5709 2668 5738 ι
2706 5685 2954 5744 Maronis
2981 5683 3216 5758 triginta
3236 5687 3350 5741 fere
3379 5675 3628 5739 millibus
3652 5683 3728 5738 ab
3788 5713 3808 5724 κ
