3958 6392
212 420 281 491 93

1244 418 1397 487 DIVI
1436 410 1848 487 HIERONYMi
1886 406 2447 485 PEREGRTNATIO.

3420 422 3492 482 94

210 559 526 626 Antiochia,
561 558 701 614 urbe
732 558 929 632 Syriae,
958 558 1109 614 haud
1144 558 1377 629 grandis
1405 558 1477 612 ad
1509 556 1862 617 OrientemA
1880 554 2087 620 culum,
2121 551 2392 626 putabam
2410 568 2501 608 me
2531 538 2799 607 Romanis
2818 550 3096 607 interesse
3118 549 3332 607 deliciis
3351 550 3362 603 !
3383 549 3486 604 Se-

212 649 381 703 distat
398 649 615 704 viculus
640 667 650 701 :
680 649 792 715 hic,
816 653 942 719 post
960 649 1165 704 multos
1193 650 1280 703 vel
1310 648 1567 703 dominos
1594 646 1678 701 vel
1706 664 1807 718 pa-

209 739 565 803 tronos,dum
594 756 697 808 ego
718 738 1166 792 adolescentulus
1186 755 1440 793 morarer
1459 738 1518 792 in
1539 738 1720 809 Syria,
1738 737 1807 791 ad

210 844 369 900 papae
398 826 625 898 Evagrii
657 829 741 896 (ο),
768 826 1069 880 necessarii
1105 827 1238 892 mei,
1270 827 1681 898 possessionem
1708 826 1807 879 de-

209 917 428 971 volutus
458 921 545 970 est
570 956 585 982 ,
617 933 784 988 quem
801 915 1006 970 idcirco
1027 932 1178 972 nunc
1195 904 1498 980 nominavi,
1531 921 1596 971 ut
1613 921 1805 970 osten-

207 1006 419 1071 derem,
443 1006 593 1060 unde
620 1022 864 1071 nossem,
887 1005 1035 1076 quod
1063 1006 1374 1077 scripturus
1393 1023 1517 1060 sum
1547 1004 1799 1076 (Hieron.

208 1097 273 1149 in
296 1096 413 1149 Vita
428 1095 672 1165 Malchi).
691 1114 717 1147 »
734 1095 867 1148 Post
882 1111 1011 1149 vero
1029 1084 1363 1167 descriptam
1386 1095 1610 1166 egregie
1630 1095 1801 1148 vitam

208 1184 431 1249 Malchi,
446 1184 553 1238 ista
568 1174 639 1238 ad
652 1189 996 1254 postremum
1021 1202 1031 1236 :
1055 1205 1076 1235 ι
1099 1182 1247 1249 Haec,
1264 1184 1464 1256 inquit,
1484 1185 1621 1239 mihi
1638 1202 1803 1238 senex

207 1273 459 1328 Malehus
479 1273 894 1328 adolescentulo
914 1273 1127 1337 retulit,
1150 1274 1267 1328 haac
1281 1291 1383 1345 ego
1404 1273 1559 1328 vobis
1581 1275 1802 1328 narravi

207 1379 397 1427 senex,
439 1369 496 1417 et
521 1363 690 1416 castis
725 1362 1018 1416 historiam
1050 1363 1325 1417 castitatis
1352 1380 1586 1435 expono.
1624 1383 1649 1416 »
1681 1364 1801 1428 Quo

206 1452 375 1524 plane
402 1452 605 1506 Malchi
634 1452 903 1523 exemplo,
937 1458 995 1507 et
1017 1452 1256 1507 aliorum
1286 1452 1657 1524 plurimorum
1684 1470 1807 1506 mo-

205 1542 540 1607 nachorum,
564 1539 766 1612 quibus
785 1543 870 1609 (ut
905 1540 1166 1609 vidimus)
1200 1541 1365 1614 Syria
1390 1547 1523 1596 tunc
1545 1541 1799 1604 ﬂorebat,

1891 643 2091 699 debam
2112 642 2283 709 solus,
2308 642 2407 713 qui
2428 641 2804 696 amaritudine
2833 643 3031 713 plenus
3065 657 3255 707 eram;
3287 640 3485 694 horre-

1890 728 2027 788 bant
2051 750 2209 787 sacco
2234 731 2485 785 membra
2502 730 2792 797 deformia,
2811 736 2868 785 et
2881 730 3137 801 squalida
3157 729 3300 785 cutis
3313 729 3487 784 situm

1890 816 2216 895 Ethiopian
2237 822 2421 876 carnis
2433 820 2760 876 obduxerat:
2777 820 3024 892 quotidie
3044 820 3326 893 facrymae,
3345 835 3487 890 quo-

1892 921 2033 977 tidie
2078 921 2358 992 gemitus;
2396 925 2455 975 et
2490 920 2539 974 si
2567 920 2789 991 quando
2816 924 3228 991 repugnantem
3257 932 3486 972 somnus

1884 1011 2189 1066 imminens
2212 1010 2601 1082 oppressisset,
2628 1011 2780 1065 nuda
2809 1011 2982 1064 humo
3003 998 3091 1063 vix
3119 1025 3248 1064 ossa
3264 1008 3485 1062 haeren-

1884 1103 1964 1156 tia
2008 1100 2359 1155 collidebam.
2401 1102 2482 1156 De
2513 1100 2652 1155 cibis
2692 1117 2821 1155 vero
2861 1106 2917 1155 et
2956 1105 3093 1171 potu
3134 1104 3315 1165 taceo,
3353 1114 3483 1152 cum

1890 1191 2060 1245 etiam
2092 1192 2424 1261 languentes
2451 1190 2710 1245 monachi
2745 1206 2893 1261 aqua
2919 1188 3125 1258 frigida
3144 1192 3396 1252 utantur,
3429 1192 3487 1242 et

1886 1287 2105 1335 coctum
2127 1280 2337 1351 aliquid
2359 1281 2655 1351 accepisse,
2672 1279 2900 1333 luxuria
2918 1278 3010 1332 sit.
3035 1278 3136 1332 Ille
3156 1277 3330 1347 igitur
3357 1294 3460 1347 ego

1886 1370 1981 1440 qui
2010 1370 2079 1423 ob
2108 1370 2377 1441 gehennae
2425 1375 2641 1422 metum
2662 1356 2764 1423 tali
2803 1384 2892 1421 me
2922 1383 3145 1421 carcere
3165 1366 3285 1437 ipse
3328 1366 3484 1419 dam-

1888 1474 2175 1524 naveram,
2213 1458 2570 1529 scorpionum
2612 1462 2835 1511 tantum
2884 1456 3066 1510 socius
3106 1458 3164 1509 et
3216 1450 3482 1521 ferarum,

1888 1554 2035 1619 Saepe
2065 1548 2247 1602 choris
2266 1538 2571 1601 intereram
2600 1544 2946 1618 puellarum:
2978 1534 3262 1617 pallebant
3282 1560 3383 1598 ora
3406 1544 3490 1616 je-

204 1630 446 1684 incaluit
476 1647 571 1685 cor
590 1632 722 1701 ejus
753 1631 826 1685 ad
853 1632 1288 1686 consectandum
1326 1632 1451 1685 vitm
1481 1632 1803 1687 monasticae
1884 1635 2079 1708 juniis,
2100 1642 2158 1691 et
2170 1644 2330 1691 mens
2346 1630 2639 1691 desideriis
2656 1633 2931 1691 aestuabat
2947 1635 3003 1689 in
3015 1624 3218 1707 frigido
3235 1648 3486 1705 corpore,

204 1719 552 1774 institutum:
588 1736 716 1774 cum
745 1724 803 1774 et
830 1720 900 1775 ad
921 1720 1315 1787 Theodosium,
1340 1720 1531 1790 magni
1561 1720 1807 1775 nominis
1888 1731 1946 1780 et
1973 1731 2103 1780 ante
2132 1726 2419 1780 hominem
2440 1732 2544 1781 sua
2563 1724 2682 1798 jam
2705 1740 2873 1779 came
2903 1728 3305 1795 praemortuum
3337 1722 3486 1793 [leg.,

208 1808 390 1862 Virum
435 1809 533 1877 (ἀ),
577 1814 634 1862 et
671 1808 810 1862 alios
852 1810 1150 1893 pmclaros
1181 1798 1548 1864 anachoretas
1584 1809 1803 1864 litteras
1827 1884 1860 1893 __
1886 1832 2069 1881 suum,
2094 1817 2211 1885 jam
2242 1830 2409 1869 carne
2438 1812 2801 1885 praemortua]
2828 1804 2947 1867 sola
2974 1802 3271 1865 libidinum
3293 1812 3488 1865 incen-

206 1897 383 1963 dedit,
414 1904 608 1968 petens
638 1915 833 1952 eorum
862 1884 1118 1969 precibus
1146 1898 1284 1953 solvi
1310 1899 1542 1953 vinculis
1566 1899 1752 1953 saeculi
1788 1918 1799 1966 ;
1826 1884 1864 1939 Β
1887 1902 1980 1958 dia
2007 1884 2335 1958 bulliebant.
2386 1884 2584 1974 Itaque
2621 1902 2775 1956 omni
2812 1902 3017 1955 auxilio
3046 1894 3371 1965 destitutus,
3418 1900 3488 1954 ad

203 1985 302 2040 ubi
328 1988 444 2041 hac
472 1987 622 2041 inter
640 1987 750 2041 alia
782 2006 793 2040 :
825 2007 849 2039 c
872 1988 1035 2041 Nunc
1062 1994 1312 2042 vestrum
1347 1994 1434 2042 est
1460 1993 1524 2042 ut
1551 1989 1804 2042 volunta-

205 2081 320 2130 tem
351 2082 623 2147 sequatur
661 2078 921 2143 ell‘ectus;
955 2093 1145 2132 meum
1183 2083 1269 2131 est
1298 2082 1362 2131 ut
1399 2077 1566 2131 velim
1594 2096 1606 2144 ;
1639 2077 1803 2131 obse-

202 2166 523 2220 crationum
559 2172 873 2221 vestrarum
903 2172 989 2221 est
1025 2172 1089 2221 ut
1125 2166 1275 2238 quod
1308 2167 1470 2221 velim
1514 2171 1570 2221 et
1594 2167 1804 2237 possim

202 2256 404 2323 (Hiera,
424 2258 557 2324 epist
572 2299 585 2313 .
613 2254 724 2320 38).
743 2275 769 2307 ιο

276 2345 435 2398 Inter
454 2344 571 2399 haec
598 2344 868 2416 temporis
888 2345 1088 2416 spatia,
1115 2361 1244 2399 cum
1274 2345 1411 2415 quid
1442 2350 1592 2399 esset
1619 2343 1806 2399 decer-

202 2434 454 2488 nendum
484 2434 553 2487 de
583 2439 735 2488 statu
773 2450 873 2489 suo
894 2434 1072 2488 Deum
1101 2451 1401 2505 servosque
1440 2434 1540 2488 Dei
1573 2435 1652 2488 ita
1671 2452 1805 2489 con-

205 2523 437 2588 suleret,
458 2539 630 2593 agens
653 2512 959 2578 Antiochiae
980 2508 1271 2577 docentem
1294 2512 1506 2577 audivit
1524 2516 1806 2596 Apollina-

203 2628 346 2678 rem,
368 2614 424 2667 ο
442 2612 511 2665 de
532 2629 642 2684 quo
663 2612 783 2683 ipse
802 2613 872 2666 ad
889 2612 1314 2666 Pammachium
1339 2631 1349 2664 :
1380 2607 1806 2684 «Apollinarem

213 2701 596 2755 Laodicenum
622 2701 808 2755 audivi
837 2690 1144 2756 Antiochia;
1173 2699 1497 2773 frequenter
1525 2707 1583 2755 et
1610 2694 1754 2756 colui
1788 2721 1801 2769 ;

210 2796 271 2844 et
299 2807 429 2843 cum
457 2790 618 2844 mein
648 2789 855 2845 sanctis
884 2790 1185 2863 Scripturis
1214 2790 1481 2857 erudiret,
1517 2808 1805 2861 nunquam

207 2879 364 2933 illius
402 2880 816 2933 contentiosum
862 2896 1031 2951 super
1067 2896 1237 2934 sensu
1282 2880 1486 2950 dogma
1514 2879 1804 2951 suscepi.»

208 2968 343 3023 Haec
369 2968 509 3039 ipse.
538 2969 712 3022 Porro
738 2986 863 3024 cum
889 2972 968 3035 (ut
989 2969 1248 3041 superius
1264 2969 1476 3023 dictum
1499 2968 1609 3036 est)
1634 2969 1806 3040 Apol-

206 3057 409 3111 linaris
446 3057 697 3111 nondum
739 3058 980 3129 perfecte
1007 3058 1264 3129 cognitus
1302 3075 1483 3130 neque
1508 3057 1808 3113 damnatus

207 3151 380 3212 esset,
416 3144 651 3200 licenter
678 3130 929 3213 docebat,
960 3146 1406 3219 audiebaturque
1421 3147 1700 3203 licentius.

1886 1994 1917 2049 J
1921 2002 2018 2049 esu
2041 1988 2298 2065 jacebam
2318 1990 2511 2064 pedes,
2536 1982 2790 2062 rigabam
2810 1988 3093 2060 lacrymis,
3127 1988 3279 2042 crine
3304 1991 3487 2057 terge-

1886 2082 2036 2149 bam,
2054 2089 2111 2137 et
2128 2085 2537 2154 repugnantem
2553 2086 2779 2135 carnem
2800 2070 3282 2132 hebdomadarum
3296 2076 3487 2130 inedia

1886 2172 2277 2243 s'ubjugabam.
2302 2173 2429 2226 Non
2439 2166 2704 2225 erubesco
2722 2164 2974 2222 confiteri
2994 2154 3336 2221 infelicitatis
3349 2176 3487 2218 mea:

1887 2262 2173 2316 miseriam
2216 2280 2227 2328 ;
2262 2262 2399 2331 quin
2438 2259 2625 2332 potius
2664 2258 2869 2331 plango
2908 2273 2998 2310 me
3037 2272 3149 2310 non
3188 2270 3309 2308 esse
3340 2254 3489 2324 quod

1885 2350 2108 2405 fuerim.
2130 2350 2362 2405 Memini
2378 2354 2467 2403 me
2480 2349 2836 2411 clamantem,
2854 2338 3004 2400 diem
3023 2344 3217 2398 crebro
3234 2341 3488 2414 junxisse

1888 2456 2013 2493 cum
2044 2444 2225 2505 nocte,
2255 2444 2357 2492 nec
2374 2438 2530 2509 prius
2552 2454 2586 2491 a
2603 2435 2845 2509 pectoris
2865 2438 3111 2489 cessasse
3139 2420 3483 2497 verberibus,

1888 2532 2057 2600 quain
2078 2526 2307 2595 rediret,
2340 2524 2578 2581 Domino
2593 2516 2934 2597 increpante,
2962 2514 3363 2600 tranquillitas.
3390 2519 3485 2590 Ip-

1889 2598 2009 2671 sam
2051 2634 2274 2688 quoque
2311 2606 2571 2671 cellulam
2620 2618 2823 2679 meam,
2871 2612 3031 2683 quasi
3080 2598 3486 2681 cogitationum

1892 2724 2145 2761 mearum
2167 2706 2466 2771 consciam,
2497 2703 2988 2776 pertimescebam:
3019 2708 3076 2756 et
3096 2701 3354 2755 mihimet
3374 2699 3490 2754 ira-

1889 2802 1983 2851 tus
2013 2803 2072 2851 et
2100 2796 2337 2865 rigidus,
2369 2796 2521 2849 solus
2550 2795 2774 2848 deserta
2802 2790 3198 2864 penetrabam:
3227 2795 3283 2843 et
3313 2788 3490 2843 sicubi

1890 2902 2131 2940 concava
2143 2886 2392 2951 vallium,
2418 2900 2619 2955 aspera
2635 2882 2934 2948 montium,-
2964 2881 3190 2951 rupium
3207 2883 3492 2950 prmrupta

1890 2973 2207 3039 cernebam,
2238 2972 2315 3026 ibi
2365 2987 2453 3025 me
2484 2970 2756 3025 orationis
2798 2970 2969 3035 locus,
3004 2968 3080 3022 ibi
3120 2967 3258 3022 illud
3297 2967 3491 3020 miser-

1889 3064 2049 3117 rimae
2076 3063 2264 3117 carnis
2291 3061 2638 3132 ergastulum
2671 3079 2686 3126 ;
2719 3065 2795 3125 et,
2828 3065 2893 3112 ut
2925 3058 3045 3130 ipse
3073 3057 3234 3112 testis
3264 3063 3346 3111 est
3378 3057 3492 3111 Do-

1806 3198 1809 3205 .
1891 3152 2098 3218 minus,
2129 3158 2258 3224 post
2286 3151 2494 3205 multas
2510 3151 2810 3221 lacrymas,
2844 3153 2972 3219 post
2990 3148 3129 3201 cmlo
3154 3147 3494 3201 inhaerentes

281 3235 364 3290 De
394 3235 516 3289 Ῑοοο
535 3252 686 3301 νεῖον
722 3252 757 3289 3
793 3240 983 3290 sancto
1014 3236 1356 3309 Hieronymo
1386 3237 1444 3291 in
1477 3238 1653 3308 Syriae
1680 3232 1807 3291 soli-
1828 3246 1873 3307 α
1892 3242 2101 3306 oculos,
2130 3254 2536 3311 nonnunquam
2554 3238 2784 3292 videbar
2800 3237 2939 3292 mihi
2966 3237 3237 3290 interesse
3257 3234 3497 3305 agmini-

204 3312 428 3389 tudine,
453 3310 525 3379 ad
540 3311 909 3379 habitandum
927 3325 1237 3392 delecto,ad
1259 3326 1646 3381 Chromatium
1668 3314 1808 3380 scri-

204 3413 369 3480 bens,
409 3413 491 3467 ita
520 3413 640 3485 ipse
673 3400 957 3469 meminit:
995 3435 1018 3466 ι
1063 3417 1128 3470 In
1158 3431 1227 3468 ea
1257 3421 1417 3487 parte
1448 3406 1649 3468 delatae
1677 3420 1809 3469 sunt

209 3506 346 3572 (tua:
375 3502 587 3557 scilicet
614 3503 836 3571 litterae)
861 3521 982 3575 quae
1006 3496 1156 3558 inter
1184 3504 1355 3576 Syros
1378 3510 1435 3559 et
1473 3505 1810 3559 Sarracenos

207 3596 434 3646 vastum
451 3592 690 3646 limitem
709 3592 879 3647 ducit.
903 3612 923 3642 ι
940 3582 1149 3647 Eadem
1166 3592 1335 3648 habet
1351 3594 1421 3647 ad
1438 3593 1806 3647 Florentium.

209 3676 496 3735 Chalcidis
522 3670 817 3752 provinciae
846 3698 912 3735 ea
953 3687 1075 3736 erat
1103 3681 1193 3746 (ut
1227 3672 1361 3736 alibi
1398 3682 1517 3753 ipse
1546 3685 1808 3751 testatur)

208 3760 459 3822 solitudo
478 3771 688 3838 (Hiera,
716 3773 869 3838 epist.
904 3769 991 3838 43,
1021 3770 1072 3836 6;
1104 3774 1266 3841 Praef.
1299 3774 1363 3825 in
1391 3772 1666 3839 Abdiam).

295 3858 477 3941 Fuere
506 3860 634 3928 ejus
662 3858 895 3941 comites
917 3860 1275 3941 Innocentius
1304 3866 1475 3932 atque
1504 3848 1697 3941 Hylas,
1729 3875 1818 3913 ac-

211 3934 496 4017 cessitque
527 3952 723 4018 postea
744 3936 1097 4003 Heliodorus.
1133 3948 1232 4003 His
1263 3947 1523 4003 omnibus
1548 3934 1817 4018 Evagrius

210 4034 599 4091 Antiochenus
619 4043 821 4091 cuncta
843 4038 1157 4092 necessaria
1178 4019 1561 4104 ministrabat;
1597 4036 1731 4108 quin
1762 4042 1819 4091 et

213 4125 344 4195 ejus
365 4124 634 4195 impensis
664 4126 1008 4198 Hieronymo
1038 4122 1108 4179 ad
1126 4126 1447 4185 scribendos
1478 4126 1649 4180 libros
1683 4143 1817 4196 sup-

216 4204 458 4285 peditati
493 4220 625 4268 sunt
653 4214 985 4286 antiquarii;
1013 4214 1124 4269 illis
1146 4215 1294 4269 enim
1320 4234 1378 4270 se
1394 4215 1469 4269 ibi
1501 4208 1818 4269 abundasse

214 4304 465 4357 testatur
488 4322 500 4370 ;
534 4296 896 4374 ejusdemque
928 4298 1145 4375 Evagrii
1168 4321 1357 4376 opera,
1382 4302 1582 4359 litterae
1600 4322 1721 4375 qum
1740 4303 1820 4358 di-

215 4390 397 4445 versis
420 4408 485 4445 ex
515 4380 649 4446 locis
668 4392 1030 4448 Antiochiam
1053 4388 1450 4459 efferebantur,
1485 4390 1666 4447 eidem
1697 4393 1820 4447 red-

218 4472 535 4547 debantur;
570 4480 926 4552 vicissimque
956 4482 1025 4536 ad
1064 4482 1205 4537 alios
1236 4483 1565 4551 mittendas,
1596 4470 1668 4537 ab
1698 4482 1819 4553 ipso

217 4569 315 4624 ille
344 4569 651 4640 accipiebat
672 4564 868 4639 (Hien,
910 4575 1064 4639 epist.
1099 4566 1189 4638 41,
1222 4570 1311 4637 43,
1347 4570 1422 4639 6)‘.

298 4657 410 4712 Sed
433 4657 600 4713 rebus
628 4658 688 4713 in
717 4656 866 4714 hunc
890 4658 1117 4715 modum
1150 4660 1321 4732 probe
1346 4652 1650 4733 dispositis,
1683 4660 1821 4716 illud

220 4744 510 4801 funestum
528 4747 584 4801 in
617 4747 811 4819 primis
823 4748 1043 4814 accidit,
1079 4755 1145 4803 ut
1164 4748 1486 4805 dulcissimo
1513 4751 1715 4805 comite
1737 4752 1826 4806 In-

221 4836 485 4890 nocentio
514 4840 692 4891 morte
716 4832 986 4892 exstincto
1016 4834 1351 4911 privaretur,
1381 4828 1827 4911 IIeliodorusque

221 4924 332 4978 cito
374 4914 689 4991 recesserit,
722 4943 820 4996 spe
856 4928 1043 4981 tamen
1073 4927 1371 4991 redeundi;
1405 4929 1524 5000 ipse
1549 4946 1678 4983 vero
1707 4946 1822 4984 cre-

223 5011 341 5067 bris
376 5013 660 5069 laboraret
700 5016 949 5086 corporis
988 5016 1430 5071 inﬁrmitatibus.
1476 5018 1637 5083 Quod
1680 5036 1825 5090 sazpe

226 5103 488 5174 queritur
528 5098 598 5157 ad
631 5104 878 5157 diversos
908 5105 1118 5159 amicos
1154 5104 1402 5161 scribens
1437 5106 1634 5174 ("ir-12,
1671 5112 1823 5177 epist.

228 5186 316 5260 41,
342 5188 390 5259 i,
423 5189 514 5258 37,
559 5190 612 5260 3,
639 5188 728 5261 37,
760 5190 866 5257 41).

299 5281 451 5345 Quas
476 5276 710 5354 insuper
745 5288 949 5354 prater
975 5272 1092 5337 haec
1120 5301 1317 5355 passus
1347 5285 1421 5340 sit
1447 5285 1828 5357 impugnatio-

231 5388 328 5424 nes
355 5370 699 5437 daemonum,
725 5376 782 5425 et
810 5389 931 5443 qua:
952 5390 1083 5427 eum
1113 5374 1464 5428 exercuerint
1492 5375 1684 5445 praelia
1711 5391 1830 5428 car-

230 5460 332 5523 nis,
356 5460 447 5515 hic
462 5465 713 5515 retexam
744 5478 808 5515 ex
829 5458 1079 5531 ejusdem
1110 5463 1346 5534 epistola
1366 5463 1435 5517 ad
1468 5460 1828 5518 Eustochium

237 5551 428 5615 (lima,
474 5552 631 5620 epist.
665 5549 782 5613 ‘22):
838 5552 934 5606 «Ο
967 5552 1185 5622 quoties
1235 5569 1337 5622 ego
1379 5553 1497 5624 ipse
1542 5554 1602 5607 in
1645 5570 1832 5608 eremo

235 5644 589 5704 constitutus,
626 5645 685 5694 et
715 5639 773 5693 in
803 5640 899 5694 illa
927 5650 1081 5695 vasta
1109 5634 1435 5707 solitudine,
1459 5660 1599 5714 quae,
1638 5649 1834 5697 exusta

236 5730 355 5785 solis
374 5724 697 5796 ardoribus,
729 5728 1020 5786 horridum
1049 5722 1340 5786 monachis
1359 5737 1589 5805 praestat
1606 5731 1827 5788 habita-

1890 3330 1996 3385 bus
2016 3331 2347 3399 angelorum
2371 3348 2384 3395 ;
2409 3334 2465 3383 et
2485 3329 2649 3382 laetus
2669 3327 3034 3398 gaudensque
3061 3324 3340 3379 dicebam:
3371 3326 3494 3378 Post

1895 3423 2018 3475 tein
2029 3421 2247 3474 odorem
2264 3423 2681 3486 unguentorum
2699 3422 2928 3470 tuorum
2942 3413 3489 3483 cucurrimus{Gant.

1893 3507 1949 3574 ι).
1975 3524 2001 3558 ›)
2025 3506 2310 3559 Hactenus
2328 3504 2466 3575 ipse.

1966 3595 2177 3649 Verum
2205 3610 2317 3648 non
2342 3593 2563 3664 jejunia
2609 3592 2813 3657 solum,
2848 3592 3101 3662 aliasque
3137 3590 3490 3657 aﬂlictiones,

1893 3685 1964 3739 ad
2009 3684 2198 3737 carnis
2239 3683 2484 3754 impetus
2518 3681 2900 3746 infrenandos,
2933 3679 3252 3745 adhibebat,
3286 3680 3383 3734 sed
3440 3684 3498 3734 et

1891 3774 2028 3843 juge
2058 3771 2307 3825 studium
2345 3771 2699 3824 litterarum:
2747 3770 2899 3823 unde
2944 3769 3063 3839 ipse
3100 3769 3173 3821 ad
3201 3768 3495 3823 Rusticum

1897 3861 2147 3916 scribens
2175 3861 2291 3914 haec
2323 3860 2404 3913 ait
2426 3861 2623 3927 (Hiera,
2656 3861 2811 3927 epist.
2843 3856 2929 3927 4):
2972 3878 2995 3909 ι
3018 3858 3165 3911 Dum
3192 3873 3373 3911 essem
3402 3858 3499 3926 ju-

1898 3951 2073 4016 venis,
2096 3956 2154 4005 et
2181 3949 2499 4004 solitudinis
2531 3965 2622 4002 me
2648 3948 2874 4003 deserta
2893 3946 3186 4011 vallarent,
3218 3946 3501 4000 incentiva

1899 4040 2185 4105 vitiorum,
2224 4040 2599 4109 ardoremque
2636 4043 2853 4091 naturae
2882 4036 3027 4090 ferre
3058 4052 3171 4089 non
3212 4040 3494 4105 poteram:

1900 4147 2068 4200 quem
2105 4147 2232 4184 cum
2255 4128 2463 4182 crebris
2483 4127 2717 4199 jejuniis
2746 4127 3085 4196 frangerem,
3120 4141 3277 4179 mens
3306 4128 3499 4178 tamen

1900 4218 2331 4288 cogitationibus
2351 4217 2625 4272 aestuabat
2648 4216 2746 4283 ;ad
2780 4232 2947 4287 quam
2968 4215 3361 4275 edomandam,
3387 4213 3503 4267 cui-

1901 4308 2031 4362 dam
2060 4308 2240 4371 fratri,
2266 4307 2363 4378 qui
2391 4322 2462 4360 ex
2489 4305 2740 4361 Hebraeis
2767 4304 3102 4369 crediderat,
3136 4320 3226 4357 me
3252 4303 3310 4357 in
3340 4303 3505 4357 disci-

1901 4397 2112 4467 plinam
2138 4396 2286 4462 dedi,
2325 4401 2389 4449 ut
2418 4400 2545 4467 post
2563 4394 2894 4459 Quintiliani
2916 4392 3201 4457 acumina,
3219 4391 3503 4446 Ciceronis

1903 4486 2122 4550 ﬂuvios,
2135 4486 2588 4555 gravitatemque
2600 4483 2919 4548 Frontonis,
2936 4489 2988 4535 et
3001 4481 3292 4535 lenitatem
3312 4479 3501 4546 Plinii,

1836 4567 1883 4624 D
1905 4575 2268 4645 alphabetum
2299 4574 2593 4637 discerem,
2640 4578 2696 4626 et
2734 4570 3031 4626 stridentia
3069 4568 3507 4639 anhelantiaque

1918 4668 1969 4727 θ
1999 4662 2167 4717 verba
2202 4663 2524 4716 meditarer.
2557 4661 2702 4725 Quid
2739 4659 2815 4713 ibi
2845 4658 3051 4713 laboris
3080 4657 3503 4728 insumpserim,

1912 4752 2045 4822 quid
2056 4751 2420 4805 sustinuerim
2438 4750 2805 4815 difficultatis,
2825 4748 3044 4819 quoties
3067 4747 3507 4818 desperaverim,

1911 4841 2130 4912 quoties
2168 4840 2520 4907 cessaverim,
2554 4846 2611 4893 et
2648 4838 3006 4893 contentione
3035 4837 3282 4891 discendi
3316 4853 3513 4891 rursus

1908 4930 2231 5001 inceperim,
2248 4930 2407 4984 testis
2433 4935 2520 4983 est
2538 4928 2901 4994 conscientia,
2922 4933 3040 4982 tam
3063 4944 3190 4982 mea
3206 4926 3301 4999 qui
3314 4942 3512 4999 passus

1909 5037 2055 5083 sum,
2091 5036 2260 5091 quam
2303 5035 2499 5073 eorum
2532 5017 2628 5089 qui
2656 5034 2878 5072 mecum
2907 5018 3192 5072 duxerunt
3218 5017 3411 5070 vitam.
3446 5016 3515 5070 Et

1908 5109 2120 5179 gratias
2140 5126 2244 5179 ago
2274 5109 2390 5162 Deo
2409 5124 2552 5175 meo,
2582 5108 2732 5178 quod
2758 5108 2826 5162 de
2848 5124 3041 5162 amaro
3063 5107 3276 5161 semine
3295 5106 3513 5160 littera-

1911 5202 2036 5253 rum
2069 5198 2261 5252 dulces
2289 5197 2503 5252 fructus
2533 5214 2721 5268 carpo.
2762 5218 2783 5249 ι
2816 5198 2945 5252 Haec
2965 5197 3104 5268 ipse.

1985 5289 2207 5353 Raram,
2226 5289 2299 5340 ad
2322 5304 2417 5341 an.
2447 5274 2549 5343 37'2
2576 5294 2630 5340 el
2651 5285 2937 5342 378.—Ex
2960 5285 3151 5339 multis
3166 5299 3294 5336 vero
3316 5299 3513 5337 terum-

1911 5376 2018 5441 nis,
2049 5376 2249 5447 quibus
2277 5376 2354 5429 ibi
2382 5377 2628 5446 graviter
2664 5376 2964 5429 afflictatus
2992 5380 3096 5437 est,
3145 5372 3253 5425 illae
3283 5371 3511 5443 quidem

1913 5465 2272 5519 sibimaxime
2286 5466 2414 5520 visze
2426 5471 2561 5519 sunt
2583 5485 2596 5532 ;
2617 5466 2765 5536 quod
2789 5460 3289 5533 Occidentalisipse
3318 5461 3512 5527 homo,

1915 5555 2140 5627 collegis
2163 5572 2364 5625 parum
2392 5555 2667 5626 cognitus,
2701 5559 2970 5623 suspectae
2992 5551 3102 5605 illis
3126 5550 3255 5604 ﬁdei
3286 5550 3516 5605 habere-

1913 5649 2027 5698 tur.
2056 5645 2201 5699 Nam
2219 5645 2474 5699 eamdem
2493 5659 2724 5716 prorsus
2747 5640 3107 5706 calumniam,
3132 5656 3303 5712 quam
3332 5641 3517 5696 Pauli-

1915 5750 2021 5788 nus
2053 5734 2346 5805 episcopus
2372 5732 2752 5787 Antiochenus
2795 5732 2881 5799 (ut
2906 5729 3149 5787 vidimus
3186 5747 3251 5785 ex
3282 5729 3519 5801 Epipha-
