3958 6388
523 341 594 398 95
1513 353 1524 364 ’
1565 362 1950 430 PRELUDIA
1984 370 2081 426 AD
2120 369 2394 427 LIBRUM
2431 370 2735 426 PRIMUM.
3719 375 3791 434 96

520 441 615 522 nio
644 473 813 540 atque
842 470 1209 546 Theodoreto)
1233 493 1430 552 passus
1457 489 1544 539 est
1562 501 1597 540 a
1625 487 1808 545 Vitale
1841 459 2106 564 primum,
2124 495 2342 558 Acibus
2371 495 2607 551 Paulino
2647 499 2703 549 et
2730 493 3058 566 Epiphanio,
3092 495 3468 552 ecclesiastica
3519 499 3788 555 traxisset

519 571 585 610 ac
604 557 805 612 deinde
833 575 868 614 a
896 560 1176 632 Flaviano,
1202 583 1330 623 cum
1351 569 1420 624 ab
1442 573 1520 627 eis
1550 557 1899 635 Sabellianus
1921 557 2111 654 appel;
2193 591 2254 652 δ
2282 585 2583 638 necessitas
2615 557 2792 651 (Hier:
2815 557 2964 652 epist.
2999 557 3057 638 6i
3075 589 3110 650 ),
3144 589 3248 638 etc.
3283 586 3498 641 Iudicat
3527 588 3614 642 his
3646 606 3787 644 sane

516 643 748 712 laretur,
790 648 906 718 pati
933 653 1155 721 cogitur
1181 663 1408 713 sanctus
1437 661 1812 737 Hieronymus
1841 669 1899 724 in
1931 672 2108 744 Syriae
2190 673 2372 727 verbis
2403 673 2796 744 Hieronymus,
2815 689 2875 726 se
2895 679 3150 727 vocatum
3175 691 3210 727 a
3229 675 3490 729 Damaso.

515 733 815 790 solitudine
860 739 1008 810 apud
1047 741 1364 801 Chalcidem
1404 748 1461 802 in
1492 733 1680 807 eremo
1721 772 1916 827 agens,
1959 733 2107 830 quod

514 823 956 881 communicaret
976 844 1104 884 cum
1125 833 1321 888 eodem
1340 837 1596 908 Paulino,
1619 859 1653 896 a
1682 843 1912 914 Meletii,
1945 855 2104 920 puto,

513 910 776 966 studiosis
813 918 1128 987 exagitatus
1161 940 1174 989 ;
1207 924 1530 983 nominatus
1570 934 1628 985 et
1661 931 1780 1002 ipse
1809 934 1879 988 ab
1903 910 2107 994 iisdem

512 997 880 1070 Sabellianus,
899 1006 1150 1080 adeoque
1167 1018 1416 1082 vexatus,
1444 1023 1509 1070 ut
1530 997 1754 1076 coactus
1772 1021 1944 1080 fuerit
1969 1027 2100 1083 inde

509 1088 789 1184 recedere.
819 1092 1017 1150 Tradit
1055 1097 1171 1154 haac
1201 1103 1393 1158 omnia
1438 1105 1558 1176 ipse
1589 1108 1783 1178 (Hiera,
1825 1117 1959 1182 epist
2008 1114 2096 1184 77)

510 1174 758 1234 scribens
786 1181 860 1236 ad
889 1183 1136 1240 Marcum
1146 1174 1534 1263 presbyterum
1557 1174 1978 1257 Chalcidensem
2005 1174 2098 1276 (e):

2261 762 2369 816 Sed
2391 762 2538 833 quod
2555 761 2636 814 ait
2663 760 2875 814 venisse
2892 762 3126 816 Romam
3147 779 3272 816 cum
3295 763 3492 818 iisdem
3522 767 3787 822 nomina-

2187 849 2262 903 tis
2281 850 2572 921 episc0pis,
2594 849 2744 904 haud
2773 855 2908 921 puto
2937 850 3386 922 intelligendum,
3420 871 3549 908 eum
3575 856 3782 911 Antio-

2187 939 2315 994 chia
2342 955 2458 994 una
2481 955 2610 993 cum
2646 938 2882 993 Paulino
2910 939 3159 1003 solvisse,
3198 940 3282 994 vel
3307 957 3434 996 cum
3463 942 3782 1014 Epiphanio

2188 1044 2220 1083 e
2238 1028 2422 1100 Cypro
2447 1027 2649 1082 insula.
2665 1028 2809 1082 Nam
2831 1028 3144 1098 cumipsius
3164 1031 3461 1096 sententia,
3475 1037 3540 1084 ut
3562 1031 3782 1088 dictum

2183 1123 2269 1172 est
2285 1117 2559 1188 superius,
2585 1121 2801 1171 constet
2815 1116 2998 1188 ipsum
3021 1117 3170 1188 apud
3187 1118 3523 1188 Gregorium
3539 1121 3780 1178 Nazian-

2183 1222 2380 1259 zenum
2403 1206 2777 1277 permansisse
2807 1206 3286 1277 Constantinopoli
3315 1224 3493 1278 usque
3523 1209 3594 1263 ad
3623 1215 3777 1264 tem-

2182 1311 2306 1366 pus,
2328 1295 2598 1366 quoidem
2627 1294 2930 1364 Gregorius
2951 1295 3334 1367 episcOpatum
3357 1297 3479 1367 ejus
3508 1298 3774 1354 Ecclesiae

794 1289 1062 1356 Profectio
1093 1297 1286 1361 prima
1322 1300 1813 1370 Jerosolymitana.

2180 1389 2510 1438 consecutus
2529 1389 2644 1452 est,
2671 1383 2836 1454 plane
2867 1391 3103 1455 apparet
3123 1400 3252 1439 eum
3275 1401 3387 1440 non
3426 1392 3558 1440 ante
3570 1395 3772 1458 praete-

579 1390 740 1446 Αηηο
758 1392 964 1449 Christi
991 1395 1116 1454 378.
1145 1402 1345 1458 Ramn-
1394 1408 1732 1466 adeumdem
1758 1429 1858 1469 an.
1886 1445 1948 1456 _
1973 1418 2095 1482 Quo
2180 1390 2510 1438 consecutus
2529 1390 2644 1452 est,
2671 1390 2836 1482 plane
2867 1391 3103 1455 apparet
3123 1400 3252 1485 eum
3275 1401 3387 1485 non
3426 1392 3558 1440 ante
3570 1395 3772 1488 praete-

579 1483 698 1534 ,tem
717 1481 998 1548 profectus
1017 1485 1091 1543 sit
1131 1487 1253 1548 ipse
1289 1444 1546 1548 θαξθεευε
1583 1515 1647 1548 ex
1679 1501 1854 1548 Swim
1885 1521 2072 1548 ρηωῆ
2176 1471 2349 1526 ritum
2375 1487 2587 1527 annum
2614 1488 2906 1528 recessisse
2933 1474 3413 1545 ContantmOpoli:
3449 1491 3618 1546 quem
3649 1493 3776 1548 qui-

1049 1485 1061 1497 ·
1135 1487 1148 1500 σ
1789 1502 1802 1514 ο
1997 1476 2016 1482 ‘
2176 1476 2349 1526 ritum
2375 1487 2587 1527 annum
2614 1476 2906 1528 recessisse
2933 1476 3413 1545 ContantinOpoli:

507 1483 698 1534 autem
717 1481 998 1552 profectus
1017 1491 1091 1543 snt
1131 1505 1253 1560 ipse
1289 1509 1546 1563 egressus
1583 1515 1648 1552 ex
1679 1501 1854 1572 Syriae
1885 1521 2092 1575 eremo,
2193 1560 2208 1575 .
2333 1561 2348 1575 .
2463 1562 2478 1575 .
2591 1562 2602 1573 .
2645 1563 2677 1575 ..
2831 1564 2845 1575 .
2912 1562 2944 1575 ..
3017 1563 3070 1575 ..

505 1572 658 1623 certe
687 1571 914 1640 quidem
937 1560 1347 1650 Jerosolyman;
1371 1591 1504 1638 ante
1528 1560 1750 1657 abiisse",
1781 1608 1948 1664 quam
2176 1560 2304 1615 dem
2325 1561 2482 1664 haud
2521 1562 2776 1664 existimo
2807 1562 3171 1664 ‘Ant'iochi‘am
3205 1580 3491 1664 reversum
3529 1581 3672 1664 esse,
3705 1572 3775 1664 ut

504 1670 659 1710 mam
687 1631 902 1716 veniret
914 1662 985 1717 ad
1010 1631 1346 1736 Damasumm,
2113 1731 2162 1755 η
2177 1665 2304 1702 cum
2324 1649 2636 1752 Binum,“
2666 1651 2978 1755 What,“
2991 1652 3312 1755 88.120111“:
3327 1652 3608 1755 conte”?
3629 1673 3642 1721 ε
3671 1655 3774 1710 sed

501 1742 687 1813 batur,
721 1749 856 1805 dum
885 1751 944 1806 in
985 1755 1309 1824 praefatione
1325 1731 1404 1814 ad
1453 1731 2090 1843 Raulinum
2109 1731 2704 1843 BBamtiSimonitun.‘
2729 1740 2935 1794 litteris
2952 1745 3248 1843 ve’itumm
3268 1741 3444 1843 R031.“
3450 1759 3524 1808 ω’
3549 1743 3776 1843 iter-Per

499 1841 963 1896 commentarium
975 1843 1044 1896 de
1061 1845 1270 1916 Spiritu
1301 1857 1514 1918 sancto,
1543 1855 1808 1911 recedens
1840 1825 2092 1916 tunc-Ro;
2173 1825 2444 1880 GmCiam
2474 1828 2800 1900 suscepisse’
2835 1835 3293 1929 coquentempore
3332 1831 3582 1886 Athenas
3609 1833 3773 1887 adu."

499 1937 593 1976 ma
611 1931 738 1976 post
749 1926 958 1976 obitum
979 1931 1219 1976 nam“,
1249 1953 1308 1976 ςρ
1324 1941 1665 1976 πηριιςνηςηςη
1691 1946 2083 1976 “manum”.
2172 1915 2426 1970 voluisse.
2449 1915 2633 1976 Ipsum
2656 1933 2899 1976 namque
2919 1924 3147 1976 petiisse
3167 1920 3438 1976 Athenas.
3463 1920 3633 1975 verba
3651 1921 3773 1976 haec

497 1937 593 1977 ma
609 1931 738 1994 post
749 1926 961 1984 obitum
979 1915 1224 2002 Damasi,
1248 1953 1308 1990 se
1321 1915 1666 2010 postliminio
1683 1946 2089 2020 Jerosolymam
2171 1915 2426 2016 Υ⁰¹⁰ίε⁸θ·
2449 1915 2644 2020 1p
2656 1918 3147 2020 "imiuel’etiisse
3167 1920 3438 2020 fihemis’
3454 1920 3633 2020 .veyba
3651 1921 3774 2020 ha.”

1177 2023 1230 2066 in
1253 2002 1486 2066 “gemo
1509 2031 1575 2066 οδ
1607 2033 1846 2066 Annam
1896 2002 2089 2066 ;, ,;;;’
2169 2002 2228 2057 in
2258 2005 2680 2060 commentariis
2707 2005 2764 2060 in
2800 2007 3124 2062 Zachariam
3163 2008 3331 2062 (idem
3363 2008 3613 2064 faciunt:
3649 2029 3677 2061 α
3701 2011 3770 2066 In

494 2027 784 2070 reversum
811 2017 1082 2089 afﬁrmat;
1101 2023 1232 2078 etin
1253 2026 1492 2097 epistola
1508 2031 1578 2084 ad
1598 2033 1869 2102 Asellam,
1895 2017 2084 2108 quam,
2169 2019 2228 2057 m
2258 2017 2680 2104 °°',“me.mams
2800 2017 3124 2108 “Phariam
3163 2017 3341 2150 “98ml
3363 2017 3622 2152 meum;
3649 2029 3677 2061 α
3702 2017 3769 2066 In

494 2099 674 2157 Roma
719 2121 998 2166 egressus.
1055 2127 1251 2166 navem
1293 2132 1695 2166 conscensurus
1737 2125 2063 2166 ηηηςιρνίηρίι
2170 2094 3320 2166 arcevmqu‘t’Athemens'umluxmsmu
3345 2113 3537 2152 acrum
3609 2115 3769 2154 mer-

2167 2197 2265 2245 vae,
2296 2181 2408 2235 vidi
2424 2181 2699 2252 spheram
2719 2200 2923 2238 aeream
2949 2185 3264 2254 gravissimi
3293 2187 3573 2258 ponderis,
3591 2204 3768 2259 quam

2167 2285 2269 2339 ego
2304 2286 2406 2340 pro
2437 2270 2818 2327 imbecillitate
2866 2274 3181 2344 corpusculi
3204 2291 3430 2330 movere
3459 2275 3544 2330 vix
3571 2281 3758 2348 potui.

2164 2359 2307 2414 Cum
2328 2376 2635 2432 quaererem
2664 2363 2933 2434 quidnam
2963 2363 3070 2417 sibi
3103 2363 3284 2428 vellet,
3314 2381 3647 2436 responsum
3677 2372 3770 2422 est

2162 2451 2232 2508 ab
2244 2452 2398 2507 urbis
2415 2457 2464 2526 ej
2472 2472 2537 2510 us
2551 2455 2878 2520 cultoribus,
2901 2456 3244 2511 athletarum
3263 2456 3320 2511 in
3332 2457 3428 2511 illa
3448 2475 3634 2512 massa
3649 2459 3768 2514 for-

2161 2542 2460 2598 titudinem
2488 2545 2861 2616 comprobari,
2885 2561 2988 2598 nec
3008 2545 3164 2616 prius
3190 2546 3259 2600 ad
3281 2562 3520 2617 agonem
3550 2565 3760 2619 quem-

2161 2645 2328 2700 quam
2353 2632 2711 2698 descendere,
2745 2649 2911 2704 quam
2927 2650 2993 2687 ex
3014 2634 3294 2689 levatione
3320 2635 3586 2706 ponderis
3613 2637 3760 2692 scia-

2159 2722 2257 2773 tur
2285 2721 2412 2792 quis
2428 2722 2520 2776 cui
2550 2721 2752 2776 debeat
2778 2722 3090 2794 comparari
3122 2724 3392 2791 (Hierom,
3425 2727 3490 2778 in
3517 2725 3755 2781 Zachar.

493 2099 674 2157 Roma
719 2121 998 2175 egressus,
1055 2127 1251 2166 navem
1293 2132 1695 2175 conscensurus
1737 2125 2082 2198 conscripsit,

493 2189 607 2244 ait:
641 2208 668 2244 α
695 2192 804 2248 Ora
831 2201 1014 2251 autem
1039 2205 1102 2253 ut
1120 2202 1468 2271 deBabylone
1484 2209 1882 2278 Jerosolymam
1908 2189 2086 2284 regre;

491 2279 622 2333 dz'ar
654 2280 830 2348 (Hier.
864 2287 1016 2353 epist.
1051 2287 1162 2359 99).
1200 2312 1216 2336 ι
1254 2291 1468 2356 Quibus
1497 2295 1780 2370 intelligas
1800 2302 1922 2372 jam
1951 2279 2082 2360 ante

488 2366 676 2438 ipsum
716 2371 1080 2448 Jerosolymis
1109 2385 1391 2437 versatum
1418 2383 1609 2454 fuisse,
1643 2405 1813 2460 quam
1844 2393 2080 2449 Romam

485 2457 702 2513 veniret
726 2461 798 2515 ad
819 2462 1144 2522 Damasum.
1176 2469 1462 2533 Quantum
1483 2491 1612 2530 vero
1633 2481 1901 2551 temporis
1928 2483 2082 2539 Jero-

485 2545 718 2616 solymis
746 2553 1036 2620 manserit,
1057 2555 1208 2611 haud
1228 2559 1365 2613 satis
1385 2561 1579 2632 liquet.

821 2658 1089 2726 Profectio
1121 2661 1748 2737 Constantinopolz‘tana.

479 2847 626 2917 gorii
639 2849 971 2908 Nazianzeni
983 2854 1134 2912 fama
1143 2863 1841 2940 permotus,impulsusque
1852 2877 2078 2929 sanctus

486 2935 884 3010 Hieronymus,
930 2960 1045 2998 una
1071 2961 1198 3001 cum
1235 2950 1449 3021 collega
1475 2935 1786 3024 Vincentio,
1829 2976 1860 3013 e
1891 2960 2071 3032 Syria,

480 3030 600 3079 tam
621 3026 925 3102 longinquo
945 3037 1226 3091 terrarum
1247 3039 1445 3108 spatio,
1470 3045 1708 3099 contulit
1727 3063 1786 3100 se
1803 3026 2073 3105 Constan¥

443 3191 448 3195 ε
477 3113 792 3185 tinopolim.
813 3121 1096 3183 Quantum
1125 3130 1318 3180 autem
1335 3131 1604 3201 temporis
1629 3135 1922 3205 contigerit
1938 3139 2075 3194 Hie-
2089 3130 2134 3192 C

475 3217 777 3275 ronymum
807 3210 955 3279 apud
973 3211 1306 3284 Gregorium
1335 3217 1814 3292 Constantinopoli
1833 3242 2072 3282 commo-

472 3484 534 3523 se
552 3469 650 3524 illa
677 3473 984 3544 scripsisse,
1004 3477 1275 3549 Gregorio
1304 3482 1426 3553 ipso
1441 3485 1561 3556 jam
1580 3486 1726 3543 facto
1749 3489 2066 3548 Constanti-

469 3558 796 3628 nopolitano
844 3564 1121 3638 episcopo.
1157 3569 1405 3642 Contigit
1449 3573 1506 3628 id
1552 3582 1680 3646 post
1721 3594 1932 3634 annum
1973 3599 2063 3637 se-

472 3653 758 3717 quentem.

462 3999 666 4067 ficisci;
688 4020 753 4057 ex
768 4005 875 4072 his,
897 4006 1126 4079 inquam
1145 4012 1215 4079 (si
1245 4029 1278 4067 a
1306 4019 1569 4086 praesenti
1590 4035 1739 4076 anno
1767 4029 2051 4095 numeres)

459 4087 711 4146 invenies
735 4093 1138 4168 Hieronymum
1157 4100 1338 4156 tribus
1353 4104 1529 4160 ferme
1557 4109 1720 4163 annis
1739 4111 2052 4168 Constanti-

459 4178 652 4248 nopoli
692 4181 916 4237 audisse
960 4185 1311 4257 Gregorium.
1364 4193 1488 4263 Ipse
1520 4212 1649 4250 vero
1677 4197 1746 4252 de
1783 4199 2051 4270 Gregorio

458 4265 714 4337 Nysseno
733 4269 812 4324 ita
824 4273 1084 4328 meminit
1104 4290 1116 4325 :
1141 4294 1166 4330 α
1183 4277 1506 4350 Gregorius,
1526 4283 1813 4356 Nyssenus
1841 4291 2053 4360 episco-

455 4370 581 4424 pus,
615 4356 791 4412 frater
818 4359 1010 4416 Basilii
1046 4365 1424 4436 Caesariensis,
1461 4377 1592 4428 ante
1618 4392 1824 4446 paucos
1845 4395 2040 4447 annos,

454 4443 594 4498 mihi
611 4447 946 4519 etGregorio
966 4452 1314 4512 Nazianzeno
1333 4466 1530 4515 contra
1550 4441 1637 4518 Eu
1637 4465 1888 4522 nomium
1905 4441 2045 4539 legit
2066 4441 2112 4500 D

451 4530 623 4588 libros
668 4537 945 4607 (Hieron,
1007 4542 1071 4596 de
1119 4543 1337 4614 Seript.
1404 4549 1624 4618 Eccles,
1684 4556 1748 4609 in
1799 4530 2004 4626 Grego-i2
2026 4598 2039 4613 .

451 4621 758 4694 Nysaea)»,
789 4631 895 4683 etc.

960 4721 1226 4790 Profectio
1257 4726 1524 4782 Romana.

517 4816 680 4872 Anno
710 4820 918 4878 Christi
944 4822 1072 4883 382.
1104 4831 1329 4898 Baron.,
1359 4836 1434 4888 ad
1451 4839 1700 4892 eumdem
1729 4843 2037 4898 an.—Tre-

445 4906 784 4964 centesimus
793 4914 1166 4983 octogesimus
1175 4922 1452 4976 secundus
1465 4923 1690 4980 Domini
1705 4944 2038 4997 annus,con-

442 4993 630 5049 sulatu
661 4997 883 5068 Syagrii
913 5005 1157 5060 secundo
1185 5023 1313 5062 cum
1341 5011 1556 5082 collega
1591 5016 1836 5072 Antonio
1855 4993 2034 5074 anno-

438 5085 622 5138 tatur:
653 5102 764 5156 quo
795 5087 984 5146 Romae
1005 5095 1302 5152 concilium
1328 5100 1672 5158 celebratum
1703 5111 1807 5172 est,
1827 5123 1893 5161 ex
1921 5109 2035 5180 epi-

436 5171 618 5243 scopis
659 5173 1008 5235 diversarum
1045 5185 1474 5256 provinciarum,
1522 5208 1725 5264 nempe
1763 5194 2027 5266 Orientis,

435 5259 790 5334 aliarumque
815 5267 1075 5324 catholici
1101 5271 1252 5328 orbis
1279 5276 1598 5346 regionum.

508 5349 746 5406 Sanctus
757 5354 1134 5430 Hieronymus
1144 5362 1214 5416 ad
1230 5363 1566 5436 Principiam
1577 5367 1823 5424 scribens
1833 5373 2026 5442 tradit,

431 5452 494 5490 se
515 5453 736 5510 quoque
765 5447 886 5498 tum
907 5446 1144 5504 Romam
1171 5467 1237 5504 ex
1257 5452 1487 5509 Oriente
1510 5455 1743 5522 venisse,
1775 5476 1903 5514 cum
1927 5462 2027 5517 iis-

431 5525 561 5580 dem
579 5531 785 5585 sanctis
816 5534 1114 5608 episcopis;
1148 5555 1280 5594 nam
1309 5541 1391 5596 ait
1414 5542 1484 5596 de
1507 5550 1702 5600 sancta
1729 5547 2018 5606 Marcella:

2057 2815 2081 2826 ‘
2159 2822 2274 2876 cap.
2299 2809 2414 2880 xu).
2437 2829 2463 2863 »
2488 2810 2618 2864 Hmc
2645 2811 2784 2881 ipse.
2811 2811 2906 2866 Sic
2926 2811 3118 2881 igitur,
3142 2811 3238 2883 qui
3265 2811 3760 2886 Constantinopoli

2159 2896 2424 2952 recedens
2452 2915 2554 2970 per
2580 2899 2851 2954 Graeciam
2880 2900 2939 2954 in
2971 2901 3193 2956 Italiam
3212 2901 3383 2967 venit,
3411 2902 3612 2958 iisdem
3635 2905 3760 2975 epi-

2155 2985 2336 3056 scopis
2365 2987 2560 3042 eodem
2590 2994 2843 3061 tempore
2880 2990 3089 3044 vocatis
3132 2990 3368 3045 Romam
3396 2992 3758 3050 venientibus

2153 3073 2337 3143 potuit
2363 3077 2687 3132 occurrisse.
2721 3077 2952 3133 Venisse
2971 3079 3217 3134 creditur
3236 3085 3294 3134 et
3320 3081 3439 3152 ipse
3467 3088 3699 3137 vocatus
3716 3101 3756 3139 a

2145 3531 2319 3587 prope
2339 3517 2644 3574 triennium
2665 3520 2853 3576 Romae
2864 3523 3154 3588 mansisse,
3179 3524 3410 3579 minime
3435 3531 3626 3580 tamen
3646 3526 3746 3580 ab-

2145 3604 2373 3659 solvisse
2397 3625 2409 3673 ;
2429 3624 2766 3680 rursumque
2783 3611 3035 3680 ejusdem
3059 3612 3385 3684 Hieronymi
3404 3613 3461 3667 in
3477 3615 3744 3686 apologia

2143 3692 2414 3749 adversus
2452 3696 2742 3752 Bullinum
2789 3699 3099 3754 assertione
3142 3707 3357 3756 certum
3397 3702 3472 3756 sit
3500 3741 3515 3769 ,
3547 3703 3738 3774 ipsum

2139 3797 2330 3836 mense
2358 3783 2612 3854 Augusto
2642 3785 2821 3841 Roma
2843 3788 3175 3858 profectum,
3205 3795 3356 3843 certe
3386 3790 3614 3862 quidem
3645 3792 3738 3864 ip-

2137 3885 2262 3924 sum
2299 3870 2404 3924 hoc
2433 3888 2600 3940 anno,
2629 3876 2942 3930 autumnali
2974 3878 3058 3944 (ut
3079 3877 3292 3933 dictum
3320 3882 3426 3950 est)
3454 3883 3730 3953 tempore,

2025 3965 2054 4042 ῖ
2135 3962 2221 4016 vel
2251 3963 2436 4018 hieme
2469 3965 2705 4022 Romam
2733 3969 2952 4024 venisse
2981 3971 3247 4042 oportuit.

2418 4055 2684 4122 Profectio
2701 4059 2940 4112 secunda
2950 4061 3437 4128 Jerosolymitana.

2201 4140 2238 4193 Α
2251 4155 2362 4194 ηηο
2385 4141 2594 4196 Christ-2'
2613 4141 2734 4200 385.
2757 4148 2980 4213 Baron.,
2993 4149 3068 4201 ad
3085 4164 3223 4202 ann.
3239 4151 3734 4209 ezmidem.—Anni

2130 4229 2512 4284 trecentesimi
2525 4234 2850 4303 octogesimi
2871 4237 3054 4307 quinti
3071 4236 3526 4312 exordio,nempe
3545 4240 3734 4311 pridie

2130 4313 2262 4370 Idus
2275 4317 2548 4386 Januarii,
2569 4337 2696 4375 cum
2709 4329 2958 4378 vacasset
2971 4325 3066 4378 sed
3073 4342 3132 4380 es
3143 4330 3267 4396 post
3279 4325 3731 4386 obitumDamasi

2128 4405 2358 4474 triginta
2399 4414 2456 4461 et
2482 4425 2594 4464 uno
2632 4410 2848 4478 diebus,
2883 4413 3112 4468 Siricius
3141 4414 3427 4471 Romanus
3469 4433 3535 4471 ex
3561 4424 3729 4489 patre

2125 4492 2380 4549 Tiburtio
2408 4496 2468 4551 in
2497 4499 2619 4567 ejus
2647 4499 2831 4555 locum
2869 4500 3204 4572 subrogatus
3229 4509 3334 4560 est.

2198 4582 2337 4637 Cum
2361 4591 2552 4640 autem
2571 4603 2703 4654 non,
2727 4593 2792 4643 ut
2810 4589 3085 4646 Damasus
3094 4591 3560 4659 fecerat,Siricius
3573 4613 3726 4668 papa

2121 4667 2180 4723 in
2204 4673 2618 4730 conscribendis
2641 4677 2920 4747 ejusmodi
2946 4679 3170 4748 litteris,
3201 4682 3529 4755 Hieronymi
3544 4667 3722 4756 opera

2120 4762 2392 4829 uteretur,
2425 4779 2608 4834 neque
2637 4781 2788 4832 eum,
2807 4772 2873 4821 ut
2893 4767 3007 4832 ille,
3039 4770 3188 4840 quod
3209 4787 3313 4842 par
3331 4777 3472 4839 erat,
3505 4775 3720 4846 ample-

2120 4852 2368 4904 cteretur
2385 4857 2555 4924 atque
2575 4853 2805 4922 foveret,
2831 4873 2962 4911 mox
2983 4859 3264 4930 pontificis
3283 4861 3524 4916 Romani
3543 4863 3718 4920 desti-

2118 4939 2274 4991 tutus
2302 4940 2578 5010 prmsidio,
2611 4941 2762 4998 idem
2784 4944 3160 5018 Hieronymus
3177 4948 3568 5004 acerbissimos
3592 4954 3713 5022 pati

2116 5025 2284 5096 cmpit
2319 5036 2720 5098 persecutores,
2772 5032 2898 5087 illos
2949 5035 3158 5090 scilicet
3194 5037 3426 5093 clericos
3466 5056 3711 5110 quorum

2114 5115 2596 5188 moresimprobos
2614 5121 2836 5192 scriptis
2855 5122 3019 5177 editis
3030 5125 3406 5196 suggillasset.
3431 5129 3712 5192 Quamob-

2113 5217 2232 5256 rem
2248 5209 2312 5258 ut
2331 5220 2394 5258 se
2425 5222 2458 5258 a
2477 5207 2754 5262 concitato
2774 5210 2997 5266 turbine
3017 5212 3300 5281 liberaret,
3332 5217 3705 5287 tranquillum

2111 5291 2362 5361 cogitans
2385 5299 2630 5364 portum,
2656 5313 2858 5370 nempe
2885 5306 3068 5356 tutam
3087 5303 3447 5376 Jerosolymze
3464 5309 3706 5363 mansio-

2110 5395 2258 5446 nem,
2291 5381 2424 5436 illuc
2444 5384 2826 5454 navigaturus,
2863 5389 2967 5444 hoc
2995 5407 3144 5445 anno
3164 5391 3234 5446 ab
3253 5393 3392 5448 urbe
3411 5397 3700 5465 recedens,

2109 5469 2296 5522 navim
2311 5486 2736 5541 conscensurus,
2749 5477 2820 5532 ad
2845 5479 3162 5534 Romanum
3172 5488 3398 5552 portum
3419 5500 3478 5538 se
3501 5491 3700 5540 contu-

2106 5555 2188 5610 lit.
2217 5557 2280 5612 Id
2300 5559 2528 5628 quidem
2542 5561 2647 5616 hoc
2674 5581 2822 5620 anno
2853 5566 3064 5622 factum
3099 5586 3239 5637 esse,
3279 5588 3346 5625 ex
3387 5589 3454 5626 eo
3487 5577 3698 5646 perspi-

2314 5613 2334 5628 ι
2676 5613 2818 5620 π---
2853 5613 3064 5622 __.--....-
3101 5613 3239 5637 νην,
3280 5613 3346 5625 ν..
3388 5613 3453 5626 νυ
3487 5613 3693 5646 μωμ-

437 5631 463 5665 α
484 5613 740 5692 Denique
757 5636 886 5678 cum
913 5629 972 5680 et
999 5642 1090 5681 me
1120 5627 1378 5698 Romam,
1405 5647 1535 5687 cum
1563 5635 1772 5692 sanctis
1800 5639 2022 5708 pontifi-
2102 5661 2270 5708 cuum
2289 5647 2578 5723 redditur;
2601 5667 2729 5708 cum
2748 5655 2900 5732 enim
2919 5657 3037 5728 ipse
3071 5662 3313 5714 testetur
3328 5659 3505 5730 (Hier.
3536 5667 3693 5734 epist.
