3958 6390
164 371 222 430 97
1374 360 1759 422 ROSWEYDI
1797 362 2139 423 NOTATIO.
3338 372 3407 433 93

163 496 240 565 99)
265 513 319 550 se
346 510 480 566 pene
508 492 820 547 triennium
851 493 1040 549 Romae
1074 490 1365 558 mansisse,
1400 492 1725 564 pariterque
1742 500 1782 557 Α
1806 492 1993 546 chium
2022 492 2272 547 scribens
2300 493 2387 547 his
2414 492 2595 547 verbis
2619 511 2631 547 :
2657 510 2683 547 α
2714 494 2837 549 Jam
2850 495 3005 551 canis
3034 498 3409 569 spargebatur

164 591 274 657 post
300 583 500 637 obitum
546 581 779 636 Damasi
823 582 1136 648 recessisse,
1186 587 1514 652 constetque
1545 598 1610 635 ex
1635 581 1724 635 his

163 691 270 745 quie
296 671 544 744 superius
571 671 723 726 dicta
743 676 876 725 sunt
898 671 1111 725 venisse
1140 671 1377 725 Romam
1397 670 1500 725 sub
1522 686 1724 725 consu-

162 764 263 817 latu
293 761 513 816 Antonii
541 765 598 815 et
626 760 867 832 Syagrii,
902 777 1048 814 anno
1078 760 1302 814 Domini
1329 759 1724 815 trecentesimo

100 870 103 871 ν
162 850 469 921 octogesimo
497 851 762 913 secundo,
788 851 973 922 ipsum
1004 850 1107 904 hoc
1134 866 1281 904 anno
1307 848 1377 903 ab
1397 849 1535 904 urbe
1564 866 1725 920 opor-

162 940 566 995 tuitrecessisse.
590 939 860 993 Prmsenti
876 939 1049 1009 igitur
1062 955 1228 1004 anno,
1252 939 1491 1009 Augusti
1509 955 1719 1001 mense,

161 1028 219 1082 ad
246 1029 545 1083 Romanum
574 1034 799 1101 portum
830 1045 889 1082 se
918 1027 1227 1094 conferens,
1245 1044 1442 1082 navem
1464 1044 1724 1081 conscen-

160 1117 245 1184 dit,
275 1122 432 1188 prout
457 1116 575 1189 ipse
605 1117 743 1171 satis
772 1123 964 1188 aperte
995 1117 1348 1171 demonstrat
1377 1116 1436 1170 in
1464 1115 1725 1187 apologia

158 1206 395 1261 adversus
414 1206 699 1261 Rufﬁnum
732 1208 924 1276 (Ilion,
963 1208 1057 1260 lib.
1080 1223 1115 1260 ιι
1134 1207 1346 1260 advers.
1386 1207 1717 1273 Ruf/mum).

219 1296 377 1350 Porro
398 1295 492 1367 qui
517 1296 727 1350 fuerint
746 1296 923 1367 ipsius
942 1295 1269 1366 Hieronymi
1286 1295 1345 1349 in
1367 1295 1722 1364 navigatione

156 1385 384 1453 comites,
399 1391 456 1440 et
469 1386 694 1457 quando
704 1386 933 1440 solverit
949 1402 978 1438 e
1008 1390 1192 1456 portu,
1217 1384 1366 1438 idem
1387 1384 1447 1438 in
1466 1384 1724 1455 apologia

156 1476 397 1529 adversus
418 1475 705 1530 Rufﬁnum
727 1474 816 1529 his
832 1474 1015 1529 verbis
1042 1473 1308 1527 describit
1340 1492 1351 1527 :
1382 1492 1407 1525 ‹‹
1439 1473 1537 1527 Vis
1558 1490 1723 1527 nosse

156 1564 487 1635 profectionis
499 1580 636 1618 meae
654 1563 724 1617 de
742 1563 882 1617 urbe
897 1563 1153 1617 ordinem
1168 1562 1191 1615 ?
1206 1562 1445 1616 narrabo
1457 1562 1717 1616 breviter.

152 1654 320 1707 Mense
352 1654 622 1723 Augusto,
662 1653 929 1707 ﬂantibus
956 1652 1175 1719 Etesiis,
1208 1668 1334 1706 cum
1362 1657 1555 1706 sancto
1584 1652 1723 1704 Vin-

151 1742 312 1795 centio
340 1741 684 1813 presbytero,
718 1747 776 1795 et
804 1742 1155 1796 adolescente
1202 1740 1375 1794 fratre
1422 1739 1722 1807 (Paulinia-

1807 586 1993 653 caput,
2027 587 2084 636 et
2110 583 2444 653 magistrum
2468 584 2651 654 potius
2686 601 2855 655 quam
2881 585 3217 658 discipulum
3251 589 3408 644 dece-

1808 670 1930 737 bat;
1959 671 2178 741 perrexi
2197 676 2389 725 tamen
2418 672 2812 726 Alexandriam
2837 692 2848 741 ;
2870 675 3056 728 audivi
3077 676 3401 749 Didymum,

1807 760 1941 815 etin
1970 760 2162 815 multis
2210 760 2259 815 ei
2296 760 2510 831 gratias
2548 778 2653 831 ago
2687 778 2698 814 :
2732 764 2876 833 quod
2918 765 3143 831 nescivi,
3189 767 3358 821 didici
3389 786 3403 835 ;

1808 849 1957 919 quod
1989 849 2365 915 sciebam,illo
2398 850 2632 905 docente
2660 867 2772 905 non
2804 853 3021 923 perdidi
3054 856 3222 921 (Πίον.
3248 860 3405 926 epist.

1809 936 1916 1005 65).
1949 957 1971 988 ι
2003 939 2186 1008 Atque
2216 938 2350 992 alibi
2376 940 2447 993 ad
2485 940 2783 994 eumdem:
2823 959 2847 993 ς(
2883 942 3023 996 Cum
3063 961 3243 999 essem
3272 946 3405 999 Ale-

1806 1026 2076 1092 xandriae,
2118 1027 2231 1081 vidi
2278 1028 2603 1099 Didymum,
2644 1034 2701 1083 et
2730 1046 2858 1084 eum
2890 1030 3214 1102 frequenter
3237 1035 3403 1102 adivi,

1804 1115 1986 1169 virum
2007 1115 2093 1170 sui
2121 1116 2391 1187 temporis
2422 1118 2870 1173 eruditissimum
2898 1138 2911 1187 ;
2939 1122 3241 1193 rogavique
3275 1140 3407 1177 eum

1805 1210 1870 1258 ut
1916 1205 2064 1276 quod
2103 1204 2373 1275 Origenes
2418 1223 2532 1260 non
2581 1207 2792 1262 fecerat
2837 1208 2954 1279 ipse
2994 1212 3321 1281 compleret,
3351 1217 3411 1266 et

1804 1293 2072 1347 scriberet
2102 1293 2160 1347 in
2192 1294 2349 1349 Oscae
2379 1296 2811 1351 commentarios
2832 1314 2845 1364 ;
2865 1297 2960 1368 qui
2990 1304 3106 1353 tres
3126 1299 3296 1354 libros
3317 1316 3407 1355 me

1804 1388 2029 1453 petente
2050 1383 2298 1449 dictavit,
2318 1383 2563 1455 quinque
2584 1402 2806 1456 quoque
2835 1386 2974 1441 alios
3005 1387 3062 1441 in
3082 1389 3408 1444 Zachariam

1804 1472 2077 1540 (Ilicron.,
2106 1488 2332 1541 prowm.
2380 1477 2445 1527 in
2484 1474 2711 1544 Oscam).
2741 1494 2765 1528 »
2824 1477 3107 1531 Hactenus
3137 1479 3209 1532 ad
3240 1480 3408 1534 Pam-

1806 1561 2108 1615 machium.
2140 1562 2210 1616 Et
2234 1563 2305 1616 ad
2321 1568 2572 1617 sanctam
2592 1563 2827 1618 Paulam
2860 1584 2872 1619 :
2900 1586 2925 1617 «
2950 1567 3203 1639 Denique
3227 1585 3409 1640 nuper

1806 1648 1876 1702 ob
1905 1651 2051 1704 hanc
2080 1651 2166 1704 vel
2197 1651 2439 1705 maxime
2469 1668 2698 1707 causam
2738 1654 3132 1710 Alexandriam
3164 1657 3404 1727 perrexi,

1804 1744 1869 1792 ut
1885 1738 2134 1793 viderem
2146 1739 2535 1811 Didymum,et
2550 1741 2620 1794 ab
2641 1758 2705 1796 eo
2718 1742 2775 1796 in
2793 1744 3098 1815 Scripturis
3117 1746 3400 1814 omnibus,

153 1847 244 1884 nus
262 1830 345 1884 hic
371 1836 508 1898 erat,
535 1847 701 1902 quem
730 1831 929 1886 ultimo
958 1831 1077 1885 loco
1107 1836 1322 1898 natum,
1372 1830 1563 1884 Roma:
1592 1818 1784 1882 dumB
1809 1845 1934 1898 qua:
1956 1827 2230 1882 habebam
2246 1828 2434 1895 dubia,
2452 1830 2768 1885 sciscitarer
2793 1835 3024 1904 (Hieron
3057 1874 3071 1903 ,
3093 1838 3153 1888 in
3178 1852 3405 1904 premnt.

153 1926 299 1987 esset,
330 1920 397 1974 ad
432 1937 492 1975 se
523 1926 588 1975 ut
614 1921 830 1975 veniret
853 1920 1161 1989 accersivit)
1195 1926 1251 1974 et
1294 1918 1421 1973 aliis
1444 1924 1510 1983 9
1534 1935 1727 1972 mona-

151 2008 270 2074 chis,
299 2009 388 2080 qui
417 2026 568 2064 nunc
584 2009 948 2080 Jerosolymis
977 2013 1417 2074 commorantur,
1454 2007 1640 2061 navim
1666 2007 1723 2061 in

151 2097 376 2152 Romano
405 2104 573 2170 portu
602 2115 832 2153 securus
857 2098 1102 2164 ascendi,
1129 2098 1379 2151 maxima
1396 2114 1488 2151 me
1499 2102 1722 2151 sancto-

148 2203 256 2241 rum
296 2187 611 2258 frequentia
649 2194 1040 2259 prosequente.
1090 2187 1231 2241 Veni
1281 2186 1558 2256 Rhegium
1594 2226 1607 2252 ,
1662 2185 1722 2239 in

150 2276 354 2345 Scyllteo
380 2277 569 2331 littore
598 2278 890 2348 paululum
919 2276 1069 2341 steti,
1093 2276 1192 2331 ubi
1220 2281 1437 2330 veteres
1459 2274 1627 2329 didici
1646 2274 1725 2327 fa-

149 2363 308 2429 bulas,
339 2372 393 2420 et
412 2367 755 2437 praecipitem
777 2366 987 2420 fallacis
1006 2366 1220 2437 Ulyssis
1236 2382 1482 2431 cursum,
1508 2369 1565 2418 et
1577 2364 1723 2419 Sire-

149 2470 324 2507 narum
343 2456 646 2521 cantica,et
665 2456 1038 2510 insatiabilem
1052 2454 1361 2525 Charybdis
1376 2453 1718 2523 voraginem.

149 2544 375 2614 Cumque
390 2545 531 2599 mihi
551 2545 749 2599 accola:
771 2545 919 2599 illius
936 2544 1041 2599 loci
1072 2544 1251 2598 multa
1278 2549 1594 2608 narrarent,
1628 2542 1723 2595 da-

149 2639 360 2703 rentque
384 2634 682 2688 consilium
705 2639 769 2688 ut
782 2651 893 2688 non
912 2634 982 2688 ad
1006 2634 1192 2687 Protei
1205 2633 1513 2698 columnas,
1532 2632 1628 2685 sed
1650 2631 1718 2684 ad

149 2721 280 2776 Jonze
306 2728 533 2794 portum
564 2723 886 2793 navigarem
909 2742 922 2789 ;
949 2723 1106 2776 illum
1135 2722 1286 2776 enim
1308 2721 1645 2791 fugientium
1665 2725 1722 2774 et

148 2810 659 2877 turbatorum,hunc
674 2812 855 2866 securi
875 2811 1118 2866 hominis
1136 2828 1255 2865 esse
1275 2826 1522 2876 cursum,
1546 2808 1722 2863 malui

146 2915 230 2967 per
248 2900 461 2956 Malmas
487 2907 545 2955 et
564 2902 834 2973 Cycladas
854 2902 1100 2972 Cyprum
1114 2917 1365 2971 pergere;
1390 2898 1484 2954 ubi
1501 2915 1724 2969 suscep«

144 2992 220 3041 tus
243 3006 275 3042 a
296 2990 601 3045 venerabili
628 2991 885 3061 episcopo
916 2990 1246 3061 Epiphanio,
1288 2990 1450 3059 cujus
1474 2994 1538 3042 tu
1561 2988 1723 3041 testi-

145 3077 307 3132 monio
330 3079 613 3150 gloriaris,
658 3080 782 3134 veni
808 3079 1187 3145 Antiochiam,
1220 3077 1317 3133 ubi
1361 3077 1565 3131 fruitus
1596 3092 1719 3130 sum

1809 1921 1846 1972 ι.
1890 1932 1947 1971 IV
1994 1920 2294 1974 Comment.
2342 1921 2403 1972 in
2447 1920 2617 1988 Epist.
2672 1922 2746 1974 ad
2794 1922 3028 1992 Eplzcs.).
3081 1942 3106 1975 ι
3150 1924 3281 1979 Haec
3336 1926 3410 1981 ad

1806 2007 2085 2060 Paulam:
2129 2006 2331 2078 quibus
2372 2024 2499 2061 cum
2551 2008 2764 2063 nullam
2810 2011 3158 2066 mentionem
3203 2013 3411 2069 habeat

1806 2096 1953 2166 quod
1981 2113 2106 2150 eam
2136 2096 2438 2150 comitatus
2475 2096 2645 2151 fuerit
2674 2100 3128 2169 peregrinantem
3158 2102 3217 2156 in
3241 2104 3409 2175 [Egy-

1804 2190 1986 2255 ptum,
2017 2202 2119 2239 nec
2149 2184 2301 2251 alibi,
2333 2201 2459 2239 cum
2483 2186 2551 2239 de
2582 2188 2834 2256 ejusdem
2856 2189 3041 2245 Paula:
3065 2192 3409 2261 profectione

1804 2273 1862 2327 in
1878 2273 2131 2327 eamdem
2154 2273 2493 2344 provinciam
2509 2275 2644 2345 agit,
2669 2292 2727 2329 se
2747 2276 2826 2330 illi
2846 2278 3105 2332 comitem
3120 2278 3410 2336 inhaesisse

1804 2363 1955 2417 dicat
1985 2366 2160 2428 (Hier.
2199 2364 2370 2432 Epist.
2403 2361 2520 2434 27),
2564 2364 2729 2435 plane
2760 2366 3086 2435 conjectura
3125 2368 3405 2438 ducimur,

1805 2452 2212 2523 Hieronymum
2242 2469 2599 2523 nequaquam
2630 2470 2756 2507 cum
2789 2471 2856 2508 ea
2896 2455 3407 2526 peregrinationem

1804 2541 1958 2595 illam
1994 2541 2324 2612 suscepisse.
2371 2543 2648 2595 Caeterum
2686 2542 2755 2596 ad
2814 2544 3095 2598 modicum
3140 2549 3409 2618 temporis

1803 2631 2280 2702 spatium,nempe
2292 2630 2529 2701 triginta
2544 2635 2767 2685 tantum
2786 2632 2983 2687 diebus
2998 2642 3407 2691 commoratum

1804 2737 1924 2774 esse
1957 2721 2366 2791 Hieronymum
2406 2720 2775 2786 Alexandria},
2810 2723 3069 2778 Rulﬁnus
3100 2725 3405 2797 exprobrat

1805 2810 1864 2863 in
1893 2809 2194 2876 invectiva;
2230 2809 2327 2863 sed
2358 2826 2431 2863 an
2454 2827 2601 2876 vere,
2635 2810 2755 2881 ipse
2780 2811 2901 2865 scit.

1877 2899 2157 2952 Caeterum
2188 2897 2284 2968 qui
2324 2898 2732 2970 aliquantipser
2762 2900 3063 2971 Didymum
3107 2903 3405 2960 auditurus

1804 2986 2153 3040 Alexandriae
2184 2986 2452 3053 consedit,
2483 2993 2786 3058 antequam
2820 2989 3032 3044 rediret
3064 2989 3123 3044 in
3153 2992 3407 3048 Palaesti-

1804 3092 1955 3141 nam,
1972 3075 2195 3146 IEgypti
2212 3075 2557 3129 monasteria
2573 3078 2927 3147 peragravit;
2948 3079 3017 3133 de
3036 3079 3239 3149 quibus
3254 3081 3402 3152 ipse:

145 3168 515 3223 communione
534 3169 812 3240 pontificis
827 3168 1270 3238 confessorisque
1287 3166 1506 3221 Paulini
1528 3184 1540 3231 ;
1561 3171 1618 3219 et
1631 3165 1724 3219 de-
1745 3136 1789 3196 Ο
1812 3185 1833 3214 α
1859 3165 2133 3219 Contendi
2146 3164 2470 3236 1Egyptum,
2496 3165 2729 3219 lustravi
2759 3168 3105 3222 monasteria
3117 3168 3333 3237 Nitriae,
3351 3175 3411 3225 et

145 3254 319 3311 ductus
346 3257 415 3311 ab
457 3275 548 3324 eo,
585 3259 770 3313 media
797 3259 981 3313 hieme
1020 3263 1078 3312 et
1122 3258 1329 3327 frigore
1369 3255 1718 3326 gravissimo,

145 3342 323 3399 intravi
346 3347 775 3418 Jerosolymam.
812 3347 938 3401 Vidi
966 3346 1145 3400 multa
1172 3345 1475 3412 miracula;
1508 3349 1566 3397 et
1599 3360 1721 3414 quae

146 3432 279 3501 prius
308 3435 375 3489 ad
406 3453 499 3490 me
524 3435 675 3490 fama
687 3437 1013 3507 pertulerat,
1035 3436 1324 3489 oculorum
1331 3433 1542 3505 judicio
1566 3449 1721 3487 com-

146 3522 365 3590 probavi.
401 3543 427 3579 ι
469 3525 759 3579 Hactenus
789 3526 1165 3597 Hieronymus
1208 3523 1277 3577 de
1322 3539 1423 3577 suo
1479 3522 1722 3576 adventu

145 3610 553 3686 Jerosolymam.

546 3680 926 3772 Percgrinatzb
953 3705 1297 3772 zEgyptiaca.

203 3789 353 3846 Anno
374 3794 591 3847 Christi
611 3791 733 3847 386.
765 3794 989 3859 Baron.,
1012 3794 1086 3845 ad
1105 3794 1352 3846 eumdem
1375 3806 1469 3843 an.
1491 3817 1553 3828 —
1580 3788 1723 3841 Cum

148 3877 296 3949 igitur
317 3882 727 3953 Jerosolymam
749 3886 975 3947 sanctus
1002 3882 1380 3952 Hieronymus
1401 3876 1722 3932 advenisset

147 3969 305 4023 media
334 3971 542 4037 hieme,
567 3971 718 4025 haud
746 3970 980 4025 dubium
1008 3970 1085 4025 ibi
1116 3975 1367 4024 moratus
1394 3986 1406 4035 ;
1439 3966 1720 4038 profectus

144 4073 254 4112 vero
298 4066 381 4115 est
415 4066 618 4133 postea
660 4060 719 4114 in
764 4060 1088 4131 Egyptum,
1129 4058 1376 4113 discendi
1413 4055 1719 4127 cupiditate

144 4146 406 4215 pellectus.
423 4151 575 4205 Nam
596 4149 728 4204 licet
746 4148 896 4203 orbis
915 4165 1057 4220 pene
1076 4147 1247 4203 totius
1277 4147 1546 4217 magister
1556 4142 1722 4199 exsti-

141 4235 299 4303 tisset,
340 4256 470 4294 cum
514 4255 646 4294 eum
676 4240 797 4310 jam
827 4237 1046 4310 pridem
1077 4238 1248 4293 etiam
1269 4238 1543 4292 Damasus
1573 4250 1722 4305 papa

141 4328 405 4384 consulere
453 4327 854 4394 consuevisset,
898 4328 1058 4398 cujus
1099 4327 1326 4382 nomine
1374 4326 1445 4380 ad
1502 4322 1721 4379 consul-

142 4415 358 4472 tationes
405 4418 797 4491 episcoporum
825 4416 1155 4484 rescribens,
1188 4434 1382 4472 omnes
1412 4416 1589 4470 ferme
1622 4414 1719 4468 Ec-

1804 3254 1953 3308 inter
2002 3259 2322 3308 sanctorum
2378 3254 2576 3307 choros
2631 3252 2854 3325 aspides
2903 3256 3079 3311 latere
3148 3259 3406 3329 perspexi

1809 3345 2000 3412 (llic-ix,
2049 3345 2269 3412 Apolog.
2312 3345 2524 3396 advers.
2571 3344 2904 3415 Rufﬁnmn).
2960 3365 2983 3397 ι
3034 3346 3143 3400 Per
3184 3348 3407 3419 aspides

1805 3433 1955 3486 enim
1984 3448 2042 3486 se
2067 3431 2409 3501 signiﬁcasse
2438 3430 2807 3501 Origenistas,
2826 3432 3065 3503 ipsemet
3097 3434 3238 3490 alias
3259 3453 3406 3509 saepe

1804 3522 2075 3588 declarat;
2108 3520 2206 3574 sed
2231 3538 2333 3574 nos
2364 3520 2433 3574 de
2452 3520 2539 3574 his
2568 3537 2669 3573 suo
2702 3521 2822 3575 loco
2845 3522 3122 3593 pluribus.

1874 3612 1949 3665 At
1976 3611 2112 3682 quid
2142 3616 2337 3681 postea
2385 3609 2583 3679 egerit,
2628 3627 2757 3663 mox
2802 3611 3034 3666 subdit:
3069 3631 3097 3666 α
3142 3614 3408 3670 Protinus

1804 3701 2020 3755 concito
2048 3700 2229 3771 gradu
2270 3700 2559 3754 Bethleem
2604 3715 2789 3754 meam
2837 3717 3093 3756 reversus
3132 3720 3277 3769 sum,
3309 3704 3407 3759 ubi

1804 3790 2032 3845 adoravi
2062 3805 2309 3861 prtesepe
2338 3794 2395 3842 et
2413 3787 2755 3842 incunabula
2776 3788 3102 3845 Salvatoris.
3121 3792 3247 3845 Vidi
3272 3810 3406 3863 quo-

1804 3896 1913 3951 que
1935 3877 2371 3932 famosissimum
2391 3876 2574 3930 lacum
2592 3895 2605 3944 ;
2625 3894 2727 3931 nec
2746 3894 2835 3932 me
2851 3877 3019 3933 inerti
3039 3880 3247 3934 tradidi
3268 3881 3402 3950 otio,

1802 3968 1901 4022 sed
1924 3968 2103 4021 multa
2131 3966 2299 4020 didici
2322 3983 2443 4037 quae
2470 3971 2600 4019 ante
2630 3966 2967 4022 nesciebam.
2994 3987 3022 4024 ι
3056 3970 3130 4024 At
3148 3986 3405 4040 quaenam

1802 4057 1947 4112 ista?
1976 4057 2108 4112 alibi
2138 4057 2387 4111 declarat
2413 4056 2498 4110 his
2519 4056 2700 4111 verbis
2732 4063 2857 4127 post
2881 4059 3221 4115 recensitum
3251 4060 3405 4115 redi-

1802 4152 1924 4202 tum
1955 4164 2021 4201 ex
2044 4147 2284 4218 Egypto
2308 4146 2367 4200 in
2388 4146 2747 4201 Palaestinam
2776 4166 2789 4202 :
2823 4166 2852 4199 ct
2875 4148 3164 4203 Putabant
3199 4166 3290 4204 me
3310 4150 3411 4206 ho-

1802 4237 1982 4291 mines
2020 4241 2148 4307 post
2201 4235 2457 4290 auditum
2504 4235 2811 4308 Didymum
2861 4236 3032 4292 finem
3080 4238 3277 4293 fecisse
3326 4239 3413 4294 di-

1801 4325 2027 4391 scendi;
2075 4324 2201 4379 veni
2233 4342 2459 4379 rursum
2507 4325 2918 4398 Jerosolymam
2967 4332 3026 4381 et
3071 4328 3403 4397 Bethleem;

1803 4431 1913 4485 quo
1940 4413 2151 4479 labore,
2188 4430 2297 4484 quo
2327 4414 2507 4485 pretio
2526 4414 2914 4481 Barrabanum
2946 4422 3284 4471 nocturnum
3308 4417 3410 4472 ha-

143 4503 314 4560 clesias
329 4506 739 4575 docuisset;ibi
758 4512 950 4562 tamen
965 4493 1891 4578 DidymumAlexandrinumeui
1941 4504 2382 4576 praeceptorem?
2428 4504 2666 4559 timebat
2696 4505 2846 4560 enim
2895 4506 3137 4573 Iudaeos,
3171 4511 3229 4561 et
3256 4507 3399 4562 mihi

144 4595 472 4664 conveniens,
503 4596 613 4667 ipsi
660 4612 720 4651 se
762 4595 1015 4664 tradidit,
1051 4602 1116 4650 ut
1142 4596 1498 4667 discipulum,
1545 4596 1719 4652 sacris

143 4679 323 4739 litteris
364 4685 755 4741 imbuendum.
801 4685 1064 4741 Testatur
1102 4684 1161 4740 id
1188 4684 1309 4757 ipse
1344 4684 1415 4739 ad
1455 4686 1721 4740 Pamma-

1801 4596 2043 4649 alterum
2088 4591 2389 4649 exhibebat
2415 4594 2785 4649 Nicodamum
2816 4596 2993 4662 (Πίον.
3033 4598 3184 4664 epist.
3227 4596 3337 4665 65).
3372 4613 3401 4650 »

1804 4685 1934 4738 Hice
1961 4683 2100 4754 ipse.

1328 4828 1751 4890 ROSWEYDI
1824 4829 2192 4890 NOTA’l‘lO.

212 4945 416 5014 [0(a)
465 4947 784 5014 Aquileiam
819 4943 1170 5013 pervenisse.]
1219 4942 1718 5014 Summaquidem

146 5008 289 5087 laude
308 5008 405 5087 (ait
432 5008 711 5071 Baronius
732 5008 897 5087 anno,
918 5015 1126 5087 Christi
1152 5008 1272 5084 37'2)
1319 5008 1557 5068 florebat
1583 5019 1719 5087 tunc

146 5082 510 5163 Aquileiensis
538 5087 801 5149 Ecclesia,
845 5086 942 5163 ubi
990 5082 1267 5163 exstincto;
1313 5086 1718 5163 Fortunatiano

148 5155 399 5229 episcopo,
415 5158 640 5213 Arianae
656 5164 819 5213 sectae
838 5157 1075 5222 fautore,
1100 5174 1227 5229 eam
1241 5158 1577 5229 Arianorum
1595 5155 1718 5229 labe

148 5223 406 5293 findatam,
464 5230 799 5284 Valerianus
848 5228 935 5282 vir
975 5228 1383 5293 sanctissimus,
1437 5227 1507 5281 ab
1562 5228 1717 5281 omni

148 5310 350 5417 prorsus
376 5301 687 5372 impietatis
716 5300 847 5355 faece
876 5300 1153 5371 purgavit,
1197 5305 1261 5353 ut
1303 5300 1454 5353 idem
1491 5304 1718 5352 sanctus

174 5367 502 5417 liemnvmng
541 5371 717 5417 tradit
744 5372 927 5417 (Hier-
971 5374 1126 5417 (mist-
1154 5370 1271 5417 1:3):
1307 5370 1606 5417 ascitisnue
1647 5370 1715 5417 ad

174 5367 502 5442 lieronymus
541 5371 717 5426 tradit
744 5367 927 5441 (Hier.
971 5367 1127 5442 Epist.
1154 5370 1271 5437 43);
1307 5370 1606 5442 ascitisque
1647 5370 1718 5423 ad

152 5438 309 5513 officia
333 5438 706 5498 ecclesiastica
738 5438 871 5496 viris
892 5438 1119 5513 optimis
1150 5460 1214 5495 ac
1245 5441 1480 5496 eruditis
1510 5438 1590 5495 sic
1610 5442 1720 5494 cla-

154 5510 263 5577 ruit,
285 5520 345 5586 _ut
361 5516 431 5568 de
451 5515 534 5569 eis
552 5515 671 5586 ipse
695 5510 1070 5586 Hieronymus
1088 5513 1143 5566 in
1166 5512 1441 5586 Chronico
1454 5514 1532 5586 ita
1551 5512 1719 5586 digne

158 5584 448 5655 meminerit
489 5604 501 5638 :
552 5584 589 5637 ((
625 5584 1013 5655 Aquileienses
1059 5585 1262 5649 clerici,
1307 5584 1467 5655 quasi
1519 5584 1720 5637 chorus

159 5647 419 5712 beatorum
447 5647 747 5713 habentur.
776 5658 1046 5725 (llicron.,
1065 5659 1129 5711 in
1150 5647 1375 5722 (Ηιιέοηῖ,
1398 5672 1495 5711 an.
1514 5655 1572 5711 11
1623 5657 1722 5710 Va-

1800 4947 1978 5016 lent).
1999 4962 2021 4993 ι
2041 4943 2151 4997 Per
2182 4960 2320 5014 quos
2342 4959 2507 5000 omne
2540 4964 2562 4996 ι
2593 4943 2788 4999 Ariani
2819 4944 3104 5015 quondam
3124 4944 3404 5016 dogmatis

1798 5014 2259 5087 viruspexclusum
2291 5022 2377 5069 est
2411 5018 2602 5081 (Ilion,
2636 5019 2789 5085 epist.
2825 5014 2936 5086 43).
2964 5036 2990 5068 ›)
3028 5017 3136 5071 Sed
3153 5014 3403 5087 etquod.

1801 5086 1896 5160 qui
1935 5085 2011 5139 ibi
2024 5092 2196 5160 erant
2224 5087 2429 5152 clerici,
2456 5093 2643 5141 essent
2672 5094 2730 5141 et
2762 5085 3039 5160 monachi,
3069 5088 3174 5160 hoc
3204 5085 3407 5160 praeco-

1800 5158 1894 5210 nio
1925 5174 1990 5210 ex
2020 5157 2219 5211 iisdem
2250 5164 2369 5211 tres
2404 5160 2756 5228 potissimum
2788 5159 3092 5212 laudantur
3132 5157 3409 5213 in'Chroo

1800 5228 1942 5301 nico,
1978 5244 2106 5301 cum
2138 5229 2218 5301 ait
2250 5247 2261 5281 :
2294 5247 2327 5301 ia
2354 5230 2674 5284 Florentius
2704 5230 3127 5301 [Florentinus],
3155 5231 3409 5301 Bonosus

1801 5305 1858 5353 et
1892 5299 2167 5364 Ruffinus,
2199 5300 2447 5370 insignes
2483 5299 2741 5357 monachi
2776 5300 3082 5355 habentur:
3109 5317 3175 5354 ex
3203 5299 3408 5369 quibus

1801 5371 2120 5425 Florentius
2148 5377 2266 5424 tam
2316 5373 2634 5426 misericors
2660 5372 2717 5426 in
2746 5388 2954 5442 egenos
2992 5371 3115 5431 fuit,
3151 5376 3217 5424 ut
3244 5370 3411 5441 vulgo

1802 5447 1963 5513 pater
1984 5459 2294 5513 pauperum
2312 5444 2636 5497 nominatus
2652 5450 2800 5497 esset
2812 5445 2885 5511 (Η
2890 5446 3085 5505 ieram,
3098 5446 3158 5494 in
3180 5442 3407 5507 0hron.,

1801 5512 1898 5567 an.
1953 5512 2010 5568 l3
2066 5512 2315 5579 ναιεηι.).
2353 5533 2374 5565 ι
2409 5515 2494 5568 Ab
2524 5515 2628 5569 hoc
2667 5515 2925 5584 adjutum
2958 5513 3322 5567 Heliodorum
3353 5512 3414 5567 in

1805 5584 2096 5656 Orientem
2127 5586 2637 5656 peregrinationem
2681 5584 3003 5656 confecisse,
3050 5584 3286 5656 ejusque
3324 5601 3417 5656 ex-

1806 5655 1994 5727 pensis
2024 5655 2432 5728 Hieronymum
2463 5657 2778 5728 complures
2818 5655 2987 5711 libros
3021 5655 3414 5712 exscribendas
