3958 6418
234 349 3496 376 ω

1168 518 1359 623 DE
1445 519 1842 623 VITIS

1924 517 2546 621 PATBUM

822 776 1687 959 LIBER
1798 776 2889 962 PRIMUS

403 1059 1011 1143 AUCTORE
1106 1054 1416 1143 Divo
1511 1061 2346 1143 HIERONYMO
2440 1063 3320 1144 PBESBYTERO

1460 1224 1574 1279 IT
1615 1224 1860 1281 Αωι
1911 1223 2224 1283 ινᾌιιιιυ

594 1480 1326 1619 ΡΒΔῈΙᾹῙΒΙΔ
1396 1482 1540 1611 ιη
1610 1480 1839 1611 νη

1948 1479 2061 1612 u
2122 1396 2621 1617 itineri
2696 1479 3105 1615 PAULI

1566 1689 1770 1744 PRIMI
1829 1688 2165 1744 EREMITZE

1794 1831 1929 1877 SIVB

770 1951 884 2013 13
931 1947 1032 2013 DE
1080 1946 1234 2013 HOC
1285 1946 1461 2013 IPSO
1511 1945 1771 2012 PAULO
1819 1944 2172 2024 EJUSQUE
2220 1945 2414 2011 VlTA
2461 1945 2979 2015 TESTIMONIA.

302 2199 568 2263 Gelasius,
590 2200 719 2252 dist.
744 2198 829 2263 15,
861 2218 979 2272 cap.
1004 2202 1209 2257 Sancta
1238 2202 1493 2257 Romana
1521 2202 1787 2256 Ecclesia.
1844 2208 1897 2264 Α
1982 2204 2153 2269 Idem,
2179 2202 2354 2258 Calai.
2378 2206 2591 2258 illustr.
2614 2206 2857 2259 Ecclesia)
2876 2203 3104 2274 ScripL,
3137 2223 3260 2276 cap.
3303 2208 3434 2263 135.

300 2289 456 2343 Vitas
487 2288 745 2355 Patrum,
786 2290 965 2356 Pauli,
999 2292 1246 2357 Antonii,
1282 2292 1589 2349 Hilarionis
1619 2298 1676 2347 et
1703 2309 1826 2346 om-

236 2379 387 2435 nium
412 2378 801 2444 eremitarum,
836 2397 980 2449 quas
1008 2387 1202 2435 tamen
1247 2381 1332 2433 vir
1366 2378 1566 2434 beatus
1604 2381 1830 2452 scripsit

239 2467 632 2538 Hieronymus,
674 2485 800 2522 cum
830 2471 982 2523 omni
1012 2471 1223 2524 honore
1248 2470 1604 2541 suscipimus.

237 2556 282 2610 H
288 2558 431 2610 z'eron
439 2561 696 2623 ymus,in
710 2558 887 2613 Chron
896 2562 1149 2623 z'co,anno
1170 2558 1827 2615 19(7onstanti'iJum'ori's.

302 2646 585 2701 Antonius
598 2648 923 2712 monachus,
943 2648 1245 2702 centesimo
1257 2647 1453 2717 quinto
1465 2647 1645 2701 aetatis
1658 2664 1827 2713 anno,

238 2736 293 2790 in
312 2752 505 2790 eremo
532 2736 800 2801 moritur;
824 2736 1022 2791 solitus
1049 2737 1242 2789 multis
1268 2736 1339 2789 ad
1367 2753 1427 2789 se
1456 2736 1826 2803 venientibus,

238 2826 301 2879 de
316 2826 493 2879 Paulo
518 2827 590 2893 (a)
610 2826 852 2895 quodam
867 2825 1124 2889 Thebano,
1146 2825 1301 2878 mira:
1316 2824 1678 2879 beatitudinis
1690 2825 1827 2891 viro,

236 2913 437 2968 referre
458 2915 787 2987 complura:
820 2915 979 2984 cujus
1005 2931 1105 2969 nos
1137 2914 1209 2984 (ὁ)
1240 2915 1449 2968 exitum
1473 2913 1624 2969 brevi
1644 2912 1829 2969 libello

237 3002 655 3073 explicavimus.

353 3094 532 3160 Idem,
565 3095 718 3161 epist.
750 3090 811 3148 21
849 3094 922 3145 ad
946 3095 1185 3146 Paulum
1220 3094 1692 3145 Concordz'cnscm.

300 3180 562 3235 Misimus
576 3181 806 3235 interim
834 3186 889 3235 te
918 3180 1040 3247 tibi,
1073 3181 1127 3236 id
1143 3186 1246 3247 est,
1268 3181 1442 3235 Paulo
1455 3181 1575 3234 seni
1595 3181 1833 3234 Paulum

236 3270 510 3324 seniorem
539 3269 641 3343 (c);
687 3270 747 3324 in
778 3287 886 3341 quo
918 3275 1149 3342 propter
1177 3270 1546 3341 simpliciores
1579 3287 1831 3341 quosque

234 3358 472 3415 multum
502 3359 564 3413 in
593 3358 904 3429 dejiciendo
930 3357 1691 3427 sermone(cl)laboravimus.
1723 3358 1830 3412 Sed

235 3447 416 3505 nescio
441 3448 748 3518 quomodo.
780 3448 1001 3501 etiamsi
1026 3464 1173 3518 aqua
1186 3448 1351 3517 plena
1365 3447 1455 3511 sit,
1470 3453 1665 3501 tamen
1682 3464 1836 3500 eum-

236 3535 359 3590 dem
379 3537 617 3617 odorem
642 3537 853 3607 lagona
871 3543 1058 3591 servat
1088 3540 1152 3603 (ι’)
1187 3553 1297 3607 quo
1337 3536 1489 3590 dum'
1504 3537 1659 3590 rudis
1691 3542 1840 3590 esset
1860 3533 1907 3592 B

235 3623 450 3700 imbuta
471 3630 579 3679 est.

1978 2291 2189 2362 Scripsi
2217 2292 2389 2347 vitam
2415 2292 2577 2346 Pauli
2608 2294 2887 2347 monachi.

2216 2383 2245 2434 Ι
2263 2384 2383 2433 Icm.
2413 2384 2566 2449 epist.
2604 2386 2691 2447 22,
2729 2384 2804 2436 ad
2831 2384 3206 2438 Eustochium.

1987 2469 2168 2539 Hujus
2194 2469 2319 2523 vitae
2348 2476 2545 2524 auctor
2566 2470 2791 2526 Paulus.
2805 2471 3120 2526 illustrator
3132 2474 3430 2539 Antonius,
3448 2481 3505 2529 et

1915 2563 1979 2611 ut
2006 2558 2076 2611 ad
2116 2559 2428 2629 superioria
2452 2560 2843 2627 conscendam,
2867 2560 3126 2632 princeps
3154 2563 3399 2618 Joannes
3410 2564 3513 2618 Ba-

1913 2647 2105 2717 ptista.

2217 2738 2381 2801 Idem,
2415 2740 2573 2803 epist.
2616 2741 2706 2804 97,
2740 2739 2814 2791 ad
2850 2739 3224 2794 Eustochium.

1988 2824 2165 2877 Paula
2190 2826 2326 2889 sola,
2360 2826 2406 2878 si
2427 2825 2535 2878 dici
2565 2832 2767 2896 potest,
2821 2832 2878 2880 et
2908 2827 3251 2895 incomitata,
3287 2830 3359 2884 ad
3380 2848 3504 2885 ere-

1914 2928 2072 2965 mum
2084 2913 2459 2967 Antoniorum
2475 2918 2644 2984 atque
2656 2915 2957 2973 Paulorum
2970 2934 3206 2987 pergere
3217 2918 3515 2988 gestiebat.

1936 3004 2231 3067 Paulinus,
2254 3007 2476 3070 prologo
2502 3007 2623 3057 vita
2650 3010 2830 3058 sancti
2857 3008 3156 3071 Ambrosii,
3192 3009 3222 3061 li
3243 3010 3480 3075 Aprilis.

1994 3095 2036 3154 ι
2051 3096 2105 3154 4
2118 3090 2392 3155 Hortaris,
2415 3091 2750 3145 venerabilis
2769 3092 2939 3146 Pater
2950 3095 3283 3164 Augustine,
3301 3096 3517 3151 utsicut

1917 3176 2066 3231 beati
2077 3178 2202 3244 viri,
2228 3179 2565 3235 Athanasius
2582 3180 2873 3251 episcopus
2891 3185 2946 3235 et
2962 3181 3339 3250 Hieronymus
3358 3202 3513 3256 pres-

1916 3266 2100 3338 byter,
2132 3268 2278 3338 stylo
2309 3269 2590 3338 prosecuti
2617 3274 2751 3324 sunt
2794 3269 2965 3327 vitam
2992 3277 3317 3327 sanctorum
3345 3274 3507 3329 Pauli

1917 3362 1975 3410 et
1998 3357 2249 3423 Antonii,
2281 3358 2341 3411 in
2364 3374 2553 3412 eremo
2585 3359 2919 3428 positorum,
2953 3365 3059 3413 etc.

1966 3444 2247 3511 Sidonius,
2282 3451 2531 3499 carmine
2558 3461 2645 3499 xvt
2668 3448 3063 3513 Eucharistico,
3094 3451 3167 3501 ad
3194 3451 3478 3504 Faustum.

2038 3536 2201 3589 Nunc
2230 3540 2391 3589 vocat
2418 3536 2475 3589 in
2497 3536 2687 3589 tunica
2704 3537 2891 3591 nudus
2909 3544 2965 3591 te
2992 3538 3271 3592 Antonius
3302 3539 3416 3605 illa,

1950 3624 2130 3688 Quam
2153 3624 2283 3679 fecit
2306 3625 2508 3696 palma
2542 3624 2689 3681 foliis
2722 3628 2783 3693 (f)
2813 3643 3014 3683 manus
3043 3628 3480 3698 almamagistri.

1464 3777 1879 3839 ROSWEYDI
1922 3778 2077 3838 NOT
2088 3778 2292 3838 ΑΤΙΟ.

307 3911 379 3981 (a)
405 3913 609 3982 Paulo]
639 3912 798 3966 Pauli
820 3912 983 3983 primi
1016 3912 1262 3965 eremitze
1283 3910 1546 3963 nativitas
1568 3908 1840 3983 etobitus,

241 3984 366 4054 quia
388 3984 563 4037 nullis
588 3983 915 4038 consulibus
957 3984 1040 4035 vel
1062 3984 1353 4053 imperatm
1375 3998 1469 4035 um
1505 3982 1667 4034 annis
1714 3982 1847 4054 assi-

241 4053 412 4123 gnata
440 4056 744 4115 habentur,
767 4055 1155 4123 investiganda
1178 4059 1313 4107 sunt
1328 4070 1391 4105 ex
1412 4059 1577 4106 aetate
1592 4053 1844 4113 Antonii,

239 4131 478 4181 utrecte
528 4128 759 4183 monuit
806 4126 1225 4180 illustrissimus
1249 4124 1563 4181 Baronius:
1616 4124 1844 4177 Antonii

240 4214 364 4251 vero
392 4199 650 4252 natalem
679 4198 826 4251 diem
855 4203 911 4250 et
936 4197 1294 4262 martualem,
1323 4212 1648 4265 expressum
1672 4194 1844 4248 habe-

242 4284 362 4322 mus
384 4268 446 4325 in
480 4270 759 4325 Chronico
792 4268 1016 4323 Eusebii
1047 4267 1464 4337 etllieronymi,
1482 4265 1646 4320 certis
1675 4266 1849 4335 impe-

243 4348 498 4395 ratorum
539 4340 732 4396 .annis.
790 4340 1003 4403 Quibus
1042 4340 1397 4393 Christianos
1448 4355 1512 4391 ex
1560 4343 1850 4408 postrema

243 4409 476 4465 Pontaci
508 4417 566 4464 et
590 4411 855 4481 Scaligeri
878 4411 1124 4465 editione
1152 4411 1477 4479 adjungam,
1507 4409 1847 4481 quiaposte-

242 4482 488 4536 tioribus
518 4488 654 4537 sunt
681 4479 942 4553 appositi,
973 4499 1100 4536 cum
1124 4481 1181 4536 in
1204 4482 1327 4553 Ms,
1347 4479 1588 4553 vetustis
1613 4480 1816 4553 desint.

309 4552 459 4607 Illud
489 4562 624 4607 ante
645 4550 866 4617 moneo,
898 4553 1202 4607 Baronium
1234 4551 1436 4605 vitiosa
1459 4550 1706 4605 editione
1739 4551 1848 4606 Eu-

244 4622 377 4681 sebii
406 4641 601 4689 usum,
626 4641 749 4695 quae
773 4625 1004 4679 Antonii
1025 4624 1240 4679 obitum
1264 4624 1423 4694 ponit
1440 4639 1604 4695 anno
1622 4620 1684 4678 ‘21
1706 4622 1848 4695 Gon-

244 4693 726 4773 stantiijuaipﬁis.
754 4696 944 4760 Quare
972 4712 1177 4773 sequar
1188 4693 1292 4749 ms.
1303 4694 1575 4773 Codicem
1586 4693 1843 4773 amandi-

246 4781 379 4821 num
437 4751 687 4831 Eusebii,
725 4751 834 4838 quo
867 4751 1018 4832 utor,
1045 4751 1145 4822 “ab
1184 4766 1348 4838 annis
1396 4765 1536 4838 4000
1564 4751 1897 4838 scriptumﬁ

246 4838 587 4909 capitalibus
632 4835 851 4904 litteris,
884 4838 1034 4908 quod
1061 4837 1332 4892 indicium
1360 4835 1843 4909 antiquitatisest.

249 4907 387 4963 Ciim
409 4927 529 4991 quo
560 4910 795 4991 Pontaci
826 4907 1160 4991 etScaligeri
1175 4908 1355 4990 editio
1370 4908 1472 4962 hoc
1487 4907 1847 4977 quidemloco

248 4980 554 5052 conspirat.
594 4981 869 5039 Nitiosam
899 4998 1020 5036 eam
1044 4980 1366 5052 editionem
1398 4996 1538 5043 esse,
1575 4995 1698 5052 qua
1711 4995 1847 5034 usus

249 5058 331 5105 est
350 5048 654 5111 Baronius,
688 5052 939 5123 probabo
971 5052 1151 5109 fusius
1202 5052 1274 5107 ad
1305 5051 1493 5106 Vitam
1522 5048 1705 5105 sancti
1730 5052 1847 5109 An-

247 5123 405 5177 δοιώ.

312 5196 552 5251 Antonii
574 5194 750 5265 igitur
768 5195 970 5251 natalis
995 5195 1112 5250 dies
1140 5194 1199 5249 in
1220 5210 1285 5248 eo
1312 5193 1637 5265 assignatur
1655 5189 1844 5265 anno}

250 5262 951 5338 Deciiimperatorisquem
981 5262 1688 5338 PontacusstatuitChristi
1717 5262 1844 5338 25i,

252 5334 513 5409 Cranger—
546 5337 653 5399 2.52
691 5357 703 5403 ;
754 5334 1047 5392 ni..si'tualis
1082 5354 1215 5392 vero
1254 5354 1401 5409 anno
1434 5336 1517 5409 A479;
1532 5334 1847 5409 Constantii

250 5407 351 5481 {ita
362 5406 521 5475 io'ris,
539 5426 705 5481 quem
718 5411 995 5463 Pontacus
1014 5409 1214 5464 statuit
1236 5407 1447 5481 Christi
1463 5406 1850 5481 359,.Scaliger

254 5478 371 5535 357.
400 5477 660 5552 Cumque
672 5481 1094 5552 hocposteriore
1115 5482 1234 5534 loco
1255 5478 1604 5552 ianhronico
1629 5477 1849 5531 dicatur

251 5553 537 5608 Antonius
568 5550 888 5611 intatissuee
918 5569 1066 5607 anno
1089 5552 1191 5607 1105
1217 5550 1437 5613 obiisse,
1453 5552 1605 5621 juste
1626 5555 1848 5621 tantum

255 5622 399 5678 inter
423 5641 642 5680 annum
673 5624 697 5679 Δ
732 5624 887 5679 Decii
917 5628 974 5678 et
1002 5622 1396 5685 vl9.Constantii
1421 5620 1849 5679 Jimiorisinter-

254 5694 415 5751 cedit.

2002 3910 2069 3962 Et
2090 3908 2315 3978 quidem
2341 3908 2444 3961 hac
2472 3907 2690 3961 ratione
2715 3909 2877 3977 juxta
2906 3907 3182 3963 calculum
3203 3908 3434 3963 Pontaci
3466 3917 3523 3965 et

1931 3980 2215 4050 Scaligeri,
2234 3996 2415 4033 annus
2436 3979 2455 4039 1
2475 3979 2625 4033 Decii
2639 3996 2751 4032 non
2763 3980 3333 4034 annumeraturinter
3346 3998 3523 4036 annos

1931 4052 2114 4105 atmiis
2163 4050 2413 4105 Antonii.
2466 4051 2619 4104 Alias
2650 4050 2798 4103 enim
2823 4066 2908 4103 ογ]
2940 4050 3073 4104 anni
3105 4052 3273 4104 tutati
3292 4054 3523 4107 Antonii

1930 4122 2334 4179 tribuerentur.
2367 4122 2473 4185 Qui
2496 4127 2686 4175 tamen
2703 4122 3162 4176 annumerandus
3182 4123 3255 4177 sit
3281 4140 3463 4179 annus
3489 4125 3517 4179 ‘l

1930 4193 2101 4255 Decii,
2138 4200 2194 4247 et
2221 4211 2335 4249 non
2366 4192 2474 4247 nisi
2498 4207 2564 4245 Cv
2587 4193 2861 4249 anniinde
2890 4193 2959 4247 ad
2986 4194 3049 4249 19
3082 4195 3393 4249 Constantii
3432 4198 3527 4250 Ju-

1931 4265 2106 4320 nioris
2133 4282 2346 4319 annum
2378 4270 2702 4334 exsurgant,
2736 4264 2918 4319 dicam
2956 4265 3026 4319 ad
3056 4266 3242 4319 Vitam
3272 4268 3522 4321 Antonii.

2003 4338 2129 4391 Jam
2183 4353 2331 4401 vero,
2368 4353 2494 4389 cum
2524 4336 2579 4389 in
2612 4335 2723 4388 vita
2752 4335 2915 4393 Pauli
2975 4336 3195 4390 dicatur
3249 4339 3528 4393 Antonius

1931 4406 2103 4461 fuisse
2134 4423 2199 4462 xc
2224 4424 2350 4461 cum
2364 4407 2600 4461 Paulum
2627 4406 2832 4471 invisit,
2858 4407 3099 4477 quoipso
3112 4414 3366 4478 tempore
3378 4410 3528 4467 Pau-

1930 4478 2018 4532 lus
2041 4478 2177 4532 obiit
2205 4492 2329 4532 cxm
2361 4478 2604 4532 existens
2635 4494 2933 4543 annorum,
2959 4485 3021 4532 ut
3062 4478 3121 4531 in
3172 4478 3368 4534 eadem
3399 4480 3529 4535 Vita

1931 4549 2172 4604 habetur
2189 4567 2203 4616 ;
2223 4556 2279 4602 et
2297 4549 2577 4603 Antonius
2595 4548 2792 4602 vixerit
2804 4566 2864 4601 cv
2877 4565 3075 4613 annos,
3091 4550 3278 4618 utjam
3292 4550 3525 4617 dictum,

1930 4621 2189 4689 sequitur
2214 4619 2523 4677 Antonium
2557 4618 2931 4689 supervixisse
2959 4620 3135 4673 Paulo
3165 4620 3329 4674 annis
3358 4637 3444 4678 xv.

2002 4691 2161 4745 Pauli
2190 4690 2366 4760 igitur
2395 4690 2580 4745 obitus
2627 4690 2957 4745 statuendus
2986 4696 3071 4745 est
3100 4705 3172 4743 xv
3201 4691 3365 4747 annis
3396 4698 3529 4749 ante

1927 4770 2168 4816 mortem
2196 4760 2444 4816 Antonii.
2478 4763 2617 4815 Cum
2638 4768 2829 4815 autem
2857 4760 3135 4815 Antonius
3156 4760 3359 4817 obierit
3374 4780 3523 4819 anno

1934 4832 1997 4889 19
2020 4831 2339 4889 Constantii
2368 4849 2467 4887 seu
2498 4831 2707 4887 Christi
2733 4830 2834 4886 359
2855 4832 3162 4889 secundum
3191 4834 3522 4902 Pontacum,

1928 4905 2015 4960 vel
2037 4904 2137 4960 357
2168 4904 2477 4959 secundum
2499 4903 2865 4967 Scaligerum,
2899 4904 3194 4959 manifeste
3234 4906 3530 4963 deducitur

1929 4977 2166 5033 Paulum
2183 4975 2389 5029 obiisse
2418 4992 2565 5047 anno
2591 4975 2621 5047 4
2642 4975 2976 5047 Constantii,
2997 4976 3411 5047 quiesthristi
3428 4977 3533 5036 344

1930 5048 2223 5118 putatione
2254 5046 2502 5119 Pontaci,
2536 5044 2621 5119 vel
2652 5044 2756 5102 342
2782 5044 3078 5117 putatione
3100 5049 3393 5119 Scaligeri.

2002 5119 2163 5175 .Unde
2182 5118 2390 5175 natalis
2419 5117 2579 5172 Pauli
2600 5119 2934 5173 statuendus
2962 5126 3047 5173 est
3058 5136 3206 5175 anno
3238 5117 3532 5177 7Alexan-

1931 5189 2019 5243 dri
2048 5190 2409 5262 imperatoris
2437 5189 2534 5260 qui
2567 5196 2652 5262 est
2680 5206 2862 5262 annus
2875 5191 3084 5244 Christi
3096 5191 3193 5249 23l
3216 5192 3533 5262 juxtaPon-

1928 5259 2252 5325 tacum,_vel
2290 5259 2394 5315 ‘229
2418 5259 2583 5331 juxta
2615 5261 2983 5331 Scaligerum.

2002 5333 2148 5403 Ergo
2176 5348 2324 5386 anno
2362 5333 2397 5386 5
2423 5332 2713 5403 Gordiani,
2745 5332 2840 5402 qui
2863 5340 2948 5386 est
2967 5332 3174 5387 Christi
3199 5332 3304 5385 245
3324 5349 3531 5388 secun-

1931 5405 2065 5461 dum
2086 5402 2427 5469 Pontacum,
2460 5404 2544 5457 vel
2572 5402 2994 5475 243secundum
3013 5403 3377 5475 Scaligerum,
3404 5421 3540 5475 age-

1932 5476 2031 5530 bat
2058 5475 2267 5530 Paulus
2283 5492 2495 5529 anmun
2516 5476 2601 5539 15,
2647 5475 2741 5546 qui
2766 5473 3042 5528 anno'rum
3074 5474 3296 5527 circiter
3309 5490 3381 5531 xw
3400 5473 3535 5530 dici-

1929 5553 2025 5602 tur
2034 5546 2205 5602 fuisse
2224 5546 2293 5600 ab
2310 5546 2675 5616 Hieronymo,
2692 5562 2818 5599 cum
2834 5552 2965 5617 post
2978 5550 3216 5601 mortem
3233 5554 3536 5616 parentum

1931 5618 2159 5675 relictus
2188 5624 2273 5671 est
2300 5617 2499 5674 harres.

2004 5690 2147 5745 Cum
2176 5706 2306 5745 vero
2324 5689 2704 5761 Hieronymus
2726 5686 2946 5745 dicatin
2960 5688 3083 5759 ejus
3103 5688 3254 5759 Vita,
3287 5706 3422 5751 eum
3442 5707 3534 5747 se-
