3958 6422
447 205 554 266 115

1469 201 1562 255 DE
1599 201 1787 257 VITIS
1827 202 2122 258 PATRUM
2158 200 2374 257 LIBER
2409 198 2699 256 PRIMUS.

3620 207 3726 264 116

452 329 483 396 ἢ
523 327 584 381 τά
628 334 796 401 θηρῶν
841 329 1054 401 νήματα,
1085 326 1164 378 καὶ
1203 324 1230 378 ὁ
1269 325 1489 401 βιασθεὶςΔ
1516 323 1580 387 εἷς
1619 323 1796 401 ξσθῇτα
1839 326 2064 400 χρυσόςη

2162 326 2366 401 ten,_31
2397 327 2650 401 Januarii
2680 351 2694 383 :
2752 346 2776 401 ει
2811 326 2993 401 Munit
3036 333 3210 398 caput
3251 329 3724 400 srperhumerali,

457 418 481 450 ι
516 399 586 452 Et
613 396 793 453 EliSzei
831 396 1052 461 melote,
1088 413 1208 467 quae
1239 397 1362 468 plus
1390 396 1597 468 virium
1624 396 1848 460 habuit,
1865 396 2046 468 quam

452 470 548 524 ﬁla
576 469 768 528 serica,
805 474 862 521 et
907 485 1105 524 aurum
1140 467 1382 521 vestibus
1425 484 1524 528 per
1553 467 1662 520 vim
1709 467 1982 522 assutum.
2021 488 2042 518 ι

451 541 696 594 Joannes
720 540 1166 610 Cln'ysostomus,
1194 538 1383 610 homil.
1407 538 1459 601 2,
1477 538 1833 610 adpopulum
1856 539 2048 593 Antio-

453 611 710 683 chenum,
739 609 841 683 ubi
870 611 952 683 ait
988 627 1177 678 I‘vgem
1220 609 1447 662 divitem
1486 609 1606 683 Elia
1633 626 1877 683 paupere
1906 610 2048 683 indi-

451 681 642 752 guisse
675 699 685 733 :
721 682 874 732 (ὶῦτω
904 682 1226 752 λαμπροτέρα
1250 687 1335 752 τῆς
1360 681 1654 752 πορφυρίδος
1675 682 1703 746 ἡ
1727 681 1932 749 μηλωτὴ
1963 681 2042 747 ἦν,

451 748 532 803 καὶ
585 758 684 804 τῶν
742 751 1004 820 βασιλικῶν
1064 748 1226 801 αὐλῶν
1284 748 1340 802 τὸ
1396 748 1637 816 σπήλαιον
1694 748 1780 802 τοῦ
1835 753 2040 802 δικαίου.

459 840 482 872 ι
515 821 669 892 Adeo
689 821 1032 892 splendidior
1058 820 1400 892 trabeaerat
1428 821 1656 892 melote,
1683 825 1740 874 et
1765 820 2049 892 regalibus

455 891 598 946 aulis
620 891 759 962 justi
791 891 1073 962 spelunca.
1098 911 1120 940 ι
1145 892 1232 962 Ita
1257 891 1605 945 Theodosius
1638 891 1909 961 Senuphii
1935 909 2048 944 mo-

456 961 1107 1032 nachi’superhumerale
1139 968 1194 1014 et
1224 961 1500 1024 baculum,
1531 961 1705 1030 galeae
1733 962 2050 1032 lanceaque

457 1049 570 1088 suae
598 1031 861 1104 praetulit.
885 1034 1024 1087 Acta
1056 1031 1186 1104 Cyri
1212 1037 1269 1085 et
1295 1033 1704 1102 Joannis,apud
1725 1031 2050 1104 Metapbra-

2129 399 2321 471 quavis
2350 400 2510 468 galea
2529 398 2724 460 tutius,
2752 398 2946 452 baculo
2975 407 3169 453 autem
3202 398 3384 454 munit
3412 403 3726 471 dexteram,

2128 470 2324 524 lancea
2352 471 2513 539 longe
2537 471 2788 532 validius,
2821 477 2877 523 et
2899 471 2999 522 hac
3028 471 3244 524 ratione
3269 473 3557 527 conlidens
3583 470 3722 539 fore,

2129 548 2192 594 ut
2213 541 2462 594 hostibus
2479 541 2759 596 videretur
2775 541 3094 604 terribilior,
3113 559 3280 610 quam
3297 543 3428 596 olim
3447 551 3528 608 (ut
3544 545 3726 610 aiunt)

2127 613 2305 686 clava‘
2336 613 2621 666 Hercules.
2658 633 2682 664 ι)
2732 613 2949 666 Similia
2993 613 3141 682 apud
3181 614 3430 684 blycam,
3474 623 3637 686 parte
3677 631 3732 670 Iv

2127 682 2330 736 Annal.

2197 753 2308 820 (61)
2342 755 2532 830 Quam_
2567 770 2758 830 regum
2793 771 3118 830 purpuram
3157 761 3512 830 cumiregnis
3539 759 3732 830 suis‘.]

2254 819 2640 895 manuscripti,
2685 830 2742 878 et
2789 819 3062 880 editiones
3111 819 3462 883 vetustiores.
3515 819 3735 884 Recenl

2129 890 2302 1018 tigres
2320 890 2680 1018 absumere,
2703 912 2830 950 cum
2854 901 3029 965 pernis
3057 902 3190 965 suis,
3219 900 3406 954 nescio
3434 917 3507 956 an
3535 909 3733 956 aucto-

2132 981 2180 1018 ri
2225 983 2289 1018 us
2401 983 2495 1018 ris.

2132 981 2289 1019 τιυιιε
2324 981 2495 1019 llDflS.

469 1211 3736 1239 ᾖ

953 1389 1077 1496 ΙΝ
1151 1389 1530 1494 VITAM
1601 1388 1947 1497 BEATI
2021 1387 2515 1543 ANTON-II
2593 1391 3248 1496 PRELUDIA.

461 1699 899 1756 ILLUSTRIUM
937 1700 1262 1756 VIRORUM
1307 1701 1400 1757 DE
1453 1703 1686 1758 BEATO
1727 1702 2052 1758 ANTONIO
2072 1703 2118 1764 B
2204 1719 2232 1755 ι
2252 1701 2382 1756 Vita
2407 1701 2638 1756 Antonii
2673 1699 2988 1771 conscripta
3008 1705 3094 1754 est
3121 1716 3156 1753 a
3178 1716 3383 1770 magno
3409 1701 3744 1766 Athanasio,

1119 1790 1403 1845 ELOGIA.

528 1880 918 1945 Hieronymus,
953 1879 1014 1931 de
1049 1881 1255 1931 illustr.
1289 1881 1430 1933 Eccl.
1477 1878 1704 1948 Script.,
1741 1896 1858 1948 cap.
1895 1877 1983 1937 88.

531 1966 812 2020 Antonius
833 1967 1156 2032 monachus,
1182 1967 1342 2036 cujus
1363 1967 1532 2022 vitam
1562 1968 1904 2023 Athanasius
1935 1968 2061 2022 Ale-

460 2056 744 2110 xandrinae
756 2053 909 2108 urbis
920 2055 1210 2126 episcopus
1221 2055 1427 2125 insigni
1440 2057 1720 2112 volumine
1734 2062 2061 2128 prosecutus

463 2149 564 2210 est,
597 2144 752 2197 misit
777 2143 1102 2214 A‘ngptiace
1130 2144 1200 2197 ad
1220 2144 1440 2198 diversa
1466 2146 1809 2200 monasteria
1827 2148 2062 2216 Aposto-

461 2233 553 2288 lici
589 2249 783 2286 sensus
823 2233 1207 2303 sermonisque
1250 2233 1512 2302 epistolas
1551 2240 1784 2304 septem,
1831 2251 1954 2304 quae
2003 2233 2060 2288 in

464 2322 714 2377 Graecam
745 2321 994 2389 linguam
1022 2321 1308 2375 translata:
1337 2327 1488 2385 sunt,
1517 2339 1755 2393 quarum
1783 2323 2062 2394 praecipua

466 2417 552 2466 est
583 2411 653 2464 ad
685 2410 1035 2466 Arsenoitas.
1074 2410 1290 2464 Floruit
1319 2410 1422 2464 sub
1451 2411 1818 2466 Constantino
1848 2417 1905 2465 et
1933 2410 2062 2465 ﬁliis

466 2501 588 2571 ejus
609 2498 990 2569 regnantibus.
1016 2498 1167 2552 Vixit
1191 2515 1368 2552 annos
1395 2506 1621 2554 centum
1647 2501 1916 2571 quinque.

611 2590 776 2652 Idem,
812 2590 874 2641 in
913 2589 1178 2642 Chronico
1208 2604 1357 2640 anno
1389 2586 1451 2643 19
1481 2589 1556 2655 (α)
1587 2589 1915 2642 Constantii.

537 2675 813 2731 Antonius
861 2675 1170 2729 monachus
1211 2675 1516 2730 centesimo
1559 2680 1617 2730 et
1650 2665 1845 2746 quinto
1884 2675 2066 2730 aetatis

470 2781 618 2820 anno
647 2765 705 2818 in
734 2780 922 2817 eremo
951 2763 1207 2828 moritur,
1242 2767 1346 2816 etc.

542 2855 786 2910 Getasius
813 2854 938 2906 dist.
963 2852 1052 2917 15,
1080 2868 1194 2921 cap.
1225 2853 1430 2906 Sancta
1455 2852 1704 2906 Romana
1725 2851 1988 2906 Ecclesia.

2139 1791 2398 1863 episcopo
2417 1791 2818 1845 Alexandrino.
2852 1808 2878 1842 ι)
3617 1849 3623 1854 η

2211 1881 2504 1948 Gregorius
2524 1881 2935 1945 Nazianzenus,
2960 1882 3207 1932 oratione
3228 1893 3337 1942 xx1,
3359 1881 3419 1934 in
3445 1870 3672 1933 laudem

2669 1971 2850 2022 sancti
2885 1969 3204 2022 Athanasii.

2214 2057 2394 2112 Πάντα
2438 2059 2639 2127 μέν,τοι
2679 2056 2740 2110 τὰ
2782 2054 2962 2110 ἐκείνου
3005 2063 3107 2126 (τοῦ
3145 2056 3456 2117 Ἀθανασίου>
3498 2058 3657 2127 λέγειν
3696 2076 3752 2110 τε

2141 2146 2222 2197 καὶ
2269 2145 2550 2216 θαυμάζειν,
2605 2144 2905 2217 μακρότερον
2957 2138 3014 2197 ἂν
3065 2143 3137 2212 εἳη
3185 2143 3358 2216 τυχὸν,
3483 2145 3608 2198 κατὰ
3661 2145 3753 2213 τὴν

2144 2239 2394 2304 παροῦσαν
2443 2233 2599 2304 ὁρμὴν
2655 2239 2742 2286 τοῦ
2788 2233 2940 2304 λόγου
2996 2254 3008 2266 ο
3055 2235 3135 2286 καὶ
3183 2235 3399 2303 ἱστορίας
3447 2233 3611 2304 ἔργον,
3663 2232 3754 2288 οὐκ

2145 2318 2379 2392 εὐφημίας
2409 2343 2421 2354 ν
2458 2323 2489 2374 ἃ
2513 2323 2593 2375 καὶ
2626 2320 2724 2391 ἰδίᾳ
2755 2325 3059 2392 παραδοῦναι
3090 2328 3253 2393 γρασῇ
3295 2322 3543 2392 παίδευμά
3577 2343 3631 2376 τε
3670 2323 3756 2376 καὶ

2145 2411 2340 2480 ἥδυσμα
2386 2420 2486 2472 τοῖς
2532 2408 2596 2472 εἰς
2651 2410 2872 2480 ὕστερον,
2917 2407 3064 2482 εὐχῆς
3126 2413 3267 2481 ἔργον
3311 2409 3438 2480 ἐμοὶ,
3485 2413 3657 2481 ὥσπερ
3698 2411 3755 2464 ὃν

2146 2494 2320 2558 ἐκεῖνος
2354 2495 2624 2551 ’Λντωνίου
2651 2504 2740 2551 τοῦ
2761 2500 2890 2550 Οείου
2919 2499 3022 2567 βίον
3045 2499 3335 2568 συνέγραψε,
3368 2505 3455 2551 τοῦ⁹
3483 2501 3757 2570 μοναδικοΰ

2145 2585 2250 2654 βίου
2279 2588 2568 2655 νομοθεσίαν
2597 2583 2644 2638 ἐν
2675 2586 2927 2656 πλάσματι
2958 2589 3252 2656 διηγήσεως.

2222 2690 2248 2724 α
2280 2675 2462 2745 Atque
2491 2691 2714 2728 omnem
2759 2673 2985 2744 quidem
3026 2673 3178 2727 illius
3210 2674 3547 2745 (Athanasii)
3575 2675 3752 2730 vitam

2148 2778 2404 2817 sermone
2419 2763 2679 2835 prosequi
2693 2779 2758 2816 ac
2772 2761 3032 2816 laudibus
3060 2763 3257 2816 eﬂerre
3273 2763 3493 2833 longius
3510 2763 3752 2818 fortasse

2146 2850 2511 2922 fuerit,quam
2535 2852 2806 2906 orationis
2833 2851 3157 2906 institutum
3178 2851 3348 2918 ferat;
3376 2858 3546 2923 atque
3574 2852 3753 2907 histo-

541 2942 701 2996 Vitas
713 2941 963 3002 Patrum,
982 2940 1726 3007 Pauli,Antonii,Hilarionis
1741 2946 1798 2995 et
1811 2941 2063 2996 omnium
2145 2945 2242 2999 riae
2263 2962 2402 3018 Opus
2426 2941 2610 3004 fuerit,
2629 2956 2742 2994 nou
2771 2939 3041 2995 encomii:
3067 2956 3235 3012 quam
3260 2941 3450 3008 etiam,
3474 2946 3538 2996 ut
3563 2948 3754 3012 poste-

472 3031 856 3096 eremitarum,
890 3047 1030 3100 quas
1059 3036 1249 3084 tamen
1278 3030 1360 3084 vir
1387 3029 1584 3084 beatus
1613 3030 1836 3102 scripsit
1864 3031 2064 3085 Hiero-
2087 3019 2132 3080 C
2150 3035 2227 3090 ris
2265 3035 2600 3089 documento
2630 3035 2800 3100 atque
2828 3027 3187 3084 oblectationi
3214 3029 3482 3096 futuram,
3517 3032 3751 3102 proprio

472 3137 698 3194 nymus,
727 3136 857 3176 cum
885 3119 1039 3173 omni
1071 3120 1281 3174 honore
1318 3119 1670 3190 suscipimus.

471 3211 769 3276 Honorius,
802 3210 866 3262 dc
896 3211 1102 3262 illustr.
1138 3209 1280 3262 Eccl.
1313 3207 1521 3277 Script.
1559 3225 1606 3262 ο.
1630 3204 1722 3275 88,
1745 3209 1984 3277 carptim
2003 3223 2068 3262 ex

1019 3290 1144 3342 divo
1166 3290 1518 3356 Hieronymo.

547 3382 668 3445 πα
691 3377 968 3432 Antonius
996 3377 1320 3441 monachus,
1346 3377 1506 3446 cujus
1530 3375 1703 3430 vitam
1727 3375 2070 3430 Athanasius

474 3465 682 3536 insigni
710 3465 991 3520 volumine
1021 3469 1348 3536 prosecutus
1393 3469 1497 3531 est,
1530 3463 1685 3518 misit
1713 3469 1928 3535 septem
1960 3463 2072 3535 epi-

477 3554 650 3610 stolas
694 3553 766 3607 ad
812 3553 1032 3607 diversa
1061 3552 1421 3619 monasteria,
1461 3551 1750 3624 apostolici
1781 3568 1978 3608 sensus
2015 3557 2072 3608 et

479 3641 772 3699 sermonis.

855 3731 1209 3796 Trithemius,
1237 3732 1300 3784 de
1326 3731 1528 3799 Script.
1561 3731 1704 3785 Eccl.

548 3821 826 3878 Antonius
855 3819 1162 3874 monachus
1193 3824 1250 3873 et
1276 3819 1468 3886 abbas,
1501 3812 1728 3874 natione
1757 3818 2068 3890 Egyptius,

479 3911 566 3966 vir
578 3908 1278 3980 sanctissimus,eremique
1295 3909 1476 3964 cultor
1490 3908 1742 3978 insignis,
1758 3909 1918 3977 cujus
1939 3924 2076 3978 prai-

480 3999 645 4056 conia
670 3998 903 4053 laudum
934 3997 1227 4050 universus
1254 4001 1520 4067 personat
1547 3996 1717 4062 orbis,
1737 3997 1928 4050 multis
1950 3997 2076 4050 reli-

479 4087 650 4159 giosa:
663 4101 729 4140 ac
744 4084 920 4138 beata:
937 4083 1058 4138 vitae
1073 4099 1329 4138 normam
1345 4083 1608 4154 praebuit;
1627 4084 1723 4154 qui
1739 4084 1846 4138 etsi
1860 4083 2075 4137 litteras

481 4191 595 4231 non
613 4173 885 4235 didicerit,
903 4171 962 4226 in
982 4171 1185 4226 divinis
1202 4177 1393 4226 tamen
1417 4173 1718 4244 Scripturis
1737 4172 1876 4226 adeo
1895 4173 2078 4227 erudi-

480 4268 574 4319 tus
587 4262 712 4327 fuit,
726 4265 792 4316 ut
807 4260 996 4315 nullus
1019 4259 1310 4314 doctorum
1326 4277 1385 4315 se
1413 4261 1464 4315 ei
1492 4262 1752 4332 praeferre
1773 4279 2077 4332 praesume-

2148 3124 2354 3196 scripto
2363 3120 2631 3176 mandare
2642 3135 2769 3173 cum
2781 3117 2980 3190 primis
2989 3124 3242 3190 optarem
3251 3119 3643 3190 ;quemadmod
3651 3136 3752 3177 um

2147 3214 2267 3287 ipse
2297 3211 2409 3267 divi
2438 3208 2667 3265 Antonii
2694 3208 2884 3262 Vitam
2913 3207 3264 3278 conscripsit,
3296 3224 3426 3262 cum
3469 3209 3596 3264 vitae
3624 3225 3752 3263 mo-

2149 3303 2376 3381 nasticae
2403 3301 2554 3370 leges
2582 3296 2685 3353 sub
2714 3297 3054 3352 narrationis
3080 3298 3261 3368 specie
3285 3298 3692 3370 promulgaret.
3724 3318 3749 3350 ι

2151 3411 2421 3481 Ephrem,
2444 3423 2609 3461 serm.
2641 3409 2802 3460 ascct.
2821 3407 2885 3459 in
2900 3405 3078 3459 illud:
3097 3403 3340 3459 Attende
3358 3403 3461 3459 tibi
3483 3403 3608 3477 ipsi,
3623 3421 3748 3475 cap.

2323 3493 2392 3553 10
2415 3513 2429 3564 ;
2461 3498 2590 3561 sive,
2615 3509 2780 3548 serm.
2819 3491 2886 3548 10
2907 3494 2970 3546 de
2997 3494 3367 3548 moderatione
3397 3496 3566 3548 risus.

2224 3602 2551 3675 Cujusmodi
2579 3605 2804 3655 sanctus
2819 3599 3098 3654 Antonius
3130 3600 3361 3667 exstitit,
3389 3601 3756 3672 quemadmo-

2153 3695 2288 3749 dum
2312 3699 2368 3747 et
2388 3697 2613 3746 sanctus
2640 3688 2980 3744 Athanasius
3008 3689 3460 3762 archiepiscopus
3488 3690 3758 3750 meminit

2155 3783 2211 3838 in
2241 3783 2372 3836 Vita
2401 3798 2569 3852 quam
2591 3779 2660 3833 de
2698 3795 2764 3833 eo
2805 3777 3152 3849 conscripsit.

2225 3891 2529 3954 Palladius,
2564 3888 2765 3941 Hister.
2797 3887 3046 3940 Lausiac.
3073 3901 3190 3954 cap.
3221 3881 3256 3942 8
3296 3888 3358 3940 in
3386 3887 3674 3941 Ammone.

2230 3990 2347 4043 Hoc
2378 3992 2568 4041 autem
2608 3983 2942 4038 miraculum
2983 3984 3284 4054 (quomodo
3321 3985 3563 4039 Ammon
3602 3984 3762 4040 ultra

2157 4079 2366 4150 Lycum
2415 4074 2646 4130 ﬂuvium
2691 4072 2955 4128 divinitus
3001 4059 3306 4128 translatus
3355 4073 3446 4143 sit)
3501 4074 3761 4130 narravit

2157 4168 2354 4221 beatus
2384 4163 2744 4229 Athanasius,
2776 4161 3124 4216 Alexandriae
3158 4161 3469 4234 episcopus,
3495 4161 3759 4218 scribens

2159 4258 2217 4312 in
2245 4258 2376 4312 Vita
2401 4253 2646 4310 Antonii.

399 4337 410 4354 \
483 4357 590 4408 ret.
623 4349 882 4406 Habebat
923 4349 1253 4404 memoriam
1291 4366 1392 4420 pro
1433 4349 1608 4416 libris,
1642 4350 1988 4405 intellectum
2019 4347 2359 4412 ctDAuclor
2399 4355 2520 4407 Vita:
2565 4353 2744 4406 sancti
2793 4349 3094 4415 Pachomii,
3145 4351 3443 4419 interprete
3489 4351 3759 4421 Dionysio

483 4457 714 4498 sensum
743 4455 844 4512 pro
887 4437 1108 4504 litteris,
1148 4437 1390 4508 gratiam
1422 4455 1521 4510 pro
1570 4439 1754 4493 studio
1801 4439 2072 4494 lectionis.

483 4529 726 4587 Dictavit
761 4527 1089 4600 [Egyptiaco
1142 4543 1398 4582 sermone
1439 4528 1510 4581 ad
1559 4527 1776 4582 diversa
1805 4529 2074 4593 ccenobia,

483 4617 772 4692 apostolici
793 4633 990 4672 sensus
1009 4621 1177 4688 atque
1199 4617 1473 4671 sermonis
1491 4617 1670 4671 varias
1690 4617 1964 4688 Epistolas
1984 4618 2072 4687 (ὁ).

485 4710 529 4765 Ε
547 4707 748 4780 quibus
774 4710 956 4761 exstat
981 4705 1218 4775 insignis
1246 4705 1342 4760 illa
1362 4705 1448 4760 Ad
1474 4707 1799 4761 Arsenoitas
1834 4707 1996 4778 epist.
2029 4704 2072 4773 Ι,

483 4797 572 4854 Ad
602 4797 714 4851 alia
732 4795 986 4850 ccenobia
1003 4795 1165 4866 epist.
1187 4794 1238 4850 6.
1263 4795 1398 4866 Ejus
1420 4795 1589 4850 vitam
1610 4795 1806 4850 beatus
1825 4796 2078 4850 Athana-

483 4885 604 4941 sius
664 4883 955 4954 episcopus
1015 4882 1424 4938 Alexandrinus
1495 4883 1704 4954 insigni
1757 4883 2040 4937 volumine
2062 4923 2076 4950 ,

487 4974 682 5030 Graeco
710 4987 970 5026 sermone
999 4971 1308 5042 descripsit.
1339 4973 1554 5027 Claruit
1581 4971 1685 5026 sub
1712 4973 2079 5026 Constantino

485 5063 710 5134 Magno,
739 5065 796 5115 et
823 5060 952 5115 ﬁliis
980 5061 1102 5132 ejus
1123 5061 1506 5133 regnantibus,
1533 5077 1680 5116 anno
1703 5061 1928 5116 Domini
1951 5061 2076 5130 330,

487 5151 682 5208 multis
709 5167 1008 5206 coruscans
1036 5151 1340 5208 miraculis.

557 5241 654 5296 DE
695 5241 974 5296 SANCTO
1010 5240 1426 5296 ATHANASIO
1459 5240 1543 5309 (ο),
1576 5239 1764 5294 νΙΤΑῑ
1789 5239 2012 5294 HUJUS

1074 5329 1492 5385 SCRIPTORE.

561 5420 765 5474 Menam
796 5419 1106 5476 Grzcorum
1127 5418 1193 5473 17
1222 5420 1494 5473 Januarii
1516 5419 1581 5472 in
1611 5419 1727 5472 Vita
1755 5419 2008 5472 Antonii.

569 5505 635 5560 Ὁ
665 5507 719 5560 δὲ
749 5509 852 5577 βίος
879 5505 1029 5562 αὐτοῦ
1056 5507 1329 5578 συνεγράφη
1363 5504 1458 5560 ὗπό
1485 5512 1572 5561 τοῦ
1610 5506 1825 5578 μεγάλου
1865 5505 2082 5562 Ἀθανα-

491 5599 597 5652 σίου
627 5595 890 5656 ἐπισκόπου
925 5599 1318 5670 Ἀλεξανδρείας.

2229 4446 2458 4512 Exiguo,
2491 4458 2605 4510 cap.
2635 4441 2684 4494 1.

2229 4540 2351 4600 g3
2365 4531 2466 4586 Cui
2477 4527 2759 4599 (Antonio)
2772 4533 2997 4583 sanctus
3007 4526 3352 4582 Athanasius
3366 4526 3762 4585 Alexandrina

2160 4621 2398 4677 civitatis
2414 4620 2667 4684 antistes,
2685 4617 2908 4690 proprio
2925 4618 3070 4689 stylo
3089 4616 3474 4672 testimonium
3493 4617 3757 4689 praebuit;

2160 4711 2363 4782 dignus
2381 4727 2516 4764 sane
2537 4710 2743 4762 relator
2753 4705 3189 4762 conversationis
3209 4705 3458 4772 Antonii,
3477 4706 3572 4777 qui
3591 4708 3762 4777 juxta

2161 4799 2623 4872 supplicationem
2653 4798 2908 4861 fratrum,
2940 4795 3127 4850 Vitam
3162 4797 3288 4866 ejus
3312 4812 3414 4867 pro
3446 4796 3762 4852 multorum

2163 4888 2556 4943 commoditate
2585 4885 2956 4958 perscriberet
2982 4890 3039 4940 et
3065 4885 3444 4940 simulandum
3465 4901 3595 4941 eum
3623 4885 3763 4942 viris

2162 4977 2506 5050 spiritalibus
2531 4976 2834 5030 exhiberet.

2400 5065 2660 5132 Socrates,
2702 5065 2850 5120 Eccl.
2888 5064 3094 5118 IIistor.
3129 5064 3224 5117 lib.
3271 5079 3391 5132 cap.
3428 5060 3512 5119 17.

2245 5155 2450 5217 Ὁποϊος
2481 5146 2537 5221 ἧν
2570 5151 2646 5206 ἐπὶ
2675 5159 2774 5206 τῶν
2806 5148 2966 5204 αὐτῶν
2989 5149 3188 5224 χρόνων
3211 5152 3291 5204 καὶ
3321 5150 3349 5205 ὁ
3376 5149 3598 5224 μοναχός
3633 5150 3763 5208 Ἀν-

2161 5244 2321 5304 τονίος
2370 5240 2416 5294 ἐν
2463 5246 2522 5312 τῇ
2575 5238 2745 5310 ἐρήμῳ
2791 5245 2878 5304 τῆς
2931 5235 3206 5308 Αἰγύπτου,
3266 5240 3335 5300 ὡς
3384 5244 3609 5310 φανερῶς
3658 5251 3764 5304 τοῖς

2165 5333 2392 5402 δαίμοσιν
2424 5326 2742 5382 άντεπάλαιεν
2771 5325 3062 5398 ἑφευρίσκων
3092 5347 3144 5380 τε
3185 5324 3329 5391 αὐτὸς
3354 5329 3441 5390 τὰς
3470 5333 3652 5401 τέχνας
3679 5331 3766 5385 καὶ

2165 5421 2274 5482 τοὺς
2319 5418 2512 5483 ἄθλους,
2555 5419 2635 5470 καὶ
2675 5415 2810 5479 ὅπως
2853 5415 3018 5470 πολλὰ
3058 5414 3206 5472 ἐποίει
3245 5417 3494 5489 τεράστια,
3534 5417 3764 5488 περιττὸν

2163 5511 2320 5580 λέγειν
2371 5510 2519 5578 ἡμᾶς.
2553 5507 2782 5576 "Eprius:
2827 5505 2922 5578 γὰρ
2963 5503 3276 5570 Ἀθανασίος,
3317 5506 3344 5560 ὁ
3384 5503 3766 5579 Ἀλεξανδρείας

2168 5595 2448 5660 ἐπίσκοπος,
2483 5595 2772 5667 μονόειὸλον
2803 5592 2869 5658 εἰς
2891 5592 2976 5650 τὸν
3006 5591 3154 5650 αὐτοῦ
3185 5597 3291 5666 βίον
3315 5591 3584 5666 ἐκθέμενος.
