3958 6392
216 222 306 282 117

936 210 1017 269 IN
1051 208 1282 269 VITAM
1316 208 1529 317 BEATI
1564 207 1868 268 ANTONII
1896 204 2311 285 .PRIELUDIA.
2350 205 2691 266 NOTATIO.
2796 177 2804 186 ’

3342 200 3446 261 118

277 366 299 401 α
326 341 500 412 Qualis
544 339 662 397 vita
708 342 767 395 et
812 339 1063 395 moribus
1121 340 1400 396 Antonius
1456 341 1765 395 monachus
1781 337 2233 402 AAlexandrina
2258 336 2417 393 urbis
2444 338 2756 411 episcopus,
2788 334 3003 408 insigni
3021 331 3304 392 volumine
3318 309 3477 403 pro-r

212 440 263 496 in
305 433 580 492 solitudine
624 431 853 504 Egypti
899 430 1110 487 eisdem
1164 430 1335 486 fuerit
1395 430 1759 503 temporibus,
1846 432 2073 484 secutus
2106 432 2211 483 est.

214 524 455 601 quomodo
472 538 597 576 cum
617 520 965 577 damonibus
977 522 1162 593 palam
1180 527 1237 576 et
1254 526 1446 593 aperte
1460 521 1761 587 dimicarit,

208 618 403 673 illorum
429 611 660 666 astutias
691 615 749 665 et
772 610 1002 665 callidas
1047 626 1265 682 pugnas
1311 610 1761 683 deprehenderit,

2294 519 2464 581 Idem,
2508 519 2729 582 ibidem,
2761 534 2878 587 cap.
2914 516 3003 573 87.

1917 608 2120 662 Fertur
2140 606 2437 662 Athanasii
2452 606 2707 673 historia,
2738 605 2968 663 Antonii
2984 602 3245 662 monachi
3273 601 3447 657 vitam

210 706 363 761 multa
387 700 633 775 prodigia
659 704 717 755 et
746 700 1016 755 miracula
1064 698 1340 768 ediderit;
1382 700 1645 771 quoniam
1695 699 1765 754 ab
1847 697 2165 755 continens.

208 792 478 851 Athanasio
501 790 853 846 Alexandria
878 789 1136 862 episcopo
1178 790 1237 845 in
1282 789 1425 845 libro
1459 790 1763 862 separatim

210 885 269 940 de
284 884 391 955 ejus
422 880 547 935 Vita
570 880 885 951 conscripto
910 881 1027 951 jam
1068 880 1287 951 pridem
1312 879 1627 951 expositum
1657 885 1759 945 est,

210 974 377 1029 eadem
401 987 497 1026 nos
526 985 968 1025 commemorare
987 970 1152 1041 plane
1181 969 1401 1024 videtur
1428 985 1764 1041 supervaca-

205 1078 367 1118 neum.
396 1079 421 1114 ))

453 1150 622 1216 Idem,
658 1150 754 1204 lib.
785 1164 861 1217 1v,
884 1164 1002 1219 cap.
1034 1146 1124 1217 18,
1157 1149 1297 1204 Eccl.
1333 1150 1476 1204 Hist.

263 1240 435 1295 Τούτου
473 1244 562 1292 τοῦ
610 1237 839 1310 Ἀμμοῦν
881 1238 969 1305 τὴν
1008 1237 1171 1310 ψυχὴν
1211 1236 1342 1308 μετὰ,
1372 1237 1600 1302 θάνατον,
1643 1231 1767 1291 niva-

202 1329 545 1400 λαμϐανομένην
569 1325 665 1380 ὑπὸ
688 1323 932 1399 ἀγγέλων,
958 1327 985 1380 ὁ
1005 1326 1111 1379 κατ’
1133 1322 1279 1379 αὐτὸν
1302 1329 1486 1397 βιώσας
1500 1325 1768 1389 Ἀντώνιος

203 1416 425 1481 ἐθεάσατο,
456 1418 523 1479 ὥς
554 1436 698 1488 φησιν
730 1413 777 1469 ἐν
807 1421 880 1487 τῷ
912 1417 1005 1488 βίῳ
1034 1412 1184 1491 αὖῖοῦ
1214 1414 1241 1468 ὁ
1265 1422 1351 1491 τῇς
1393 1414 1765 1486 Ἀλεξανδρείας

564 1482 616 1488 ,1
854 1482 864 1487 -
913 1482 921 1485 .
978 1482 988 1488 .
1072 1482 1197 1513 HM:
1306 1484 1313 1511 λ

201 1504 432 1568 ἐπίσκοπος
469 1503 781 1567 Ἀθανάσιος.

262 1612 286 1646 ι
312 1594 482 1665 Hujus
509 1593 805 1649 Ammonis
816 1594 1064 1650 animam
1081 1599 1209 1667 post
1217 1598 1457 1649 mortem
1467 1592 1536 1648 ab
1552 1593 1767 1664 angelis

198 1684 249 1738 in
273 1683 459 1739 calum
477 1682 778 1750 sublatam,
796 1684 1095 1751 Antonius,
1118 1680 1219 1756 qui
1236 1684 1445 1738 eisdem
1475 1683 1609 1737 vixit
1624 1688 1765 1737 tem-
1781 1671 1827 1732 B

196 1772 418 1845 poribus,
432 1772 593 1841 vidit;
620 1773 1091 1845 quemadmodum
1106 1773 1176 1827 ab
1189 1773 1516 1839 Athanasio,
1532 1772 1767 1827 Alexan-

196 1862 315 1917 dria
339 1861 609 1934 episcopo,
626 1861 684 1917 in
706 1864 829 1934 ejus
848 1862 979 1919 Vita
998 1868 1502 1919 commemoratum
1518 1867 1621 1919 est.
1663 1882 1690 1916 »

502 1953 859 2021 Nicephorus,
882 1954 978 2007 lib.
1008 1967 1129 2018 vm,
1163 1969 1278 2022 cap.
1314 1953 1404 2009 ’10.

252 2038 448 2094 Verum
477 2039 616 2108 hac,
646 2045 918 2112 tauquam
945 2046 1145 2113 gustus
1173 2041 1422 2112 quidam,
1472 2045 1529 2095 et
1565 2042 1768 2112 exigua

193 2126 599 2199 imagoAntonii
618 2130 744 2186 vita
762 2137 820 2185 et
834 2130 1077 2186 instituti
1098 2131 1215 2185 sint
1231 2130 1500 2203 exposita,
1524 2135 1589 2186 ut
1599 2147 1663 2185 ex
1679 2131 1766 2185 his

194 2217 486 2273 universam
517 2220 663 2290 ejus,
686 2219 869 2292 qualis
887 2220 1072 2287 fuerit,
1106 2219 1518 2292 philos0phiam
1544 2219 1768 2291 colliga-

191 2323 318 2362 mus.
339 2308 518 2372 Quam
543 2308 714 2364 rebus
741 2309 1000 2365 omnibus
1018 2308 1265 2381 Optimus
1283 2309 1646 2375 Athanasius,
1675 2310 1765 2365 cui

192 2396 341 2451 etiam
362 2397 467 2451 fuit
483 2397 865 2464 charissimus,
898 2399 1119 2470 copiose
1147 2398 1434 2452 memoria
1461 2399 1763 2470 posterita-

188 2484 250 2538 tis
272 2485 464 2541 litteris
486 2487 814 2554 mandavit;
842 2487 1242 2543 certaminibus
1271 2489 1393 2557 ejus
1421 2493 1618 2542 contra
1648 2489 1761 2544 da-

186 2589 378 2640 mones,
409 2581 468 2630 et
494 2566 751 2643 artibus,
788 2594 926 2648 quas
950 2569 1238 2632 adversus
1282 2577 1406 2631 illos
1452 2577 1757 2648 adinvenit,

186 2661 401 2734 aliisque
419 2665 544 2719 vita
565 2665 834 2736 prodigiis
853 2666 1087 2721 etrebus
1113 2666 1397 2737 quibusvis
1411 2666 1758 2737 conscriptis,

184 2756 239 2804 ut
261 2750 397 2806 liber
417 2753 463 2807 is
482 2754 782 2809 monastici
806 2755 1054 2810 instituti
1075 2772 1178 2810 ceu
1208 2755 1334 2810 finis
1351 2756 1578 2827 quidam
1593 2761 1757 2810 esset.

182 2840 555 2910 Hieronymus,
591 2844 763 2899 Calai.
800 2847 1009 2899 illustr.
1038 2844 1479 2914 Ecclcs.Script.,
1514 2861 1630 2914 cap.
1666 2842 1753 2899 88.

240 2930 510 2988 Antonius
565 2933 893 3003 monachus,
945 2933 1107 3004 cujus
1147 2930 1336 2988 Vitam
1392 2933 1759 3005 Athanasius,

2129 805 2405 873 Ruf/inus,
2443 805 2581 859 lib.t
2613 806 2751 859 Hist.
2775 805 2916 859 Eccl.
2953 819 3070 873 cap.
3102 800 3156 858 8.

1918 912 1999 967 De
2013 911 2314 967 virtutibus
2330 912 2580 980 Antonii,
2595 917 2765 983 atque
2780 910 3055 966 institutis
3071 914 3127 964 et
3144 908 3447 963 sobrietate

1848 1001 2073 1067 mentis,
2108 1006 2173 1057 ut
2199 1002 2256 1056 in
2286 1002 2588 1056 solitudine
2615 1001 2787 1055 vitam
2819 1001 3047 1071 degens,
3078 1015 3215 1054 usus
3241 998 3449 1052 solum-

1849 1091 2015 1145 modo
2044 1091 2116 1145 sit
2145 1091 2426 1147 consortio
2453 1090 2781 1155 bestiarum,
2801 1096 2859 1145 et
2885 1091 2954 1144 de
2976 1088 3450 1144 damonibuscre-

1849 1178 1981 1235 bros
2014 1197 2187 1251 agens
2210 1181 2543 1253 triumphos,
2573 1180 2848 1253 placuerit
2877 1180 2993 1234 Deo
3021 1195 3193 1250 supra
3219 1182 3449 1232 cunctos

1851 1271 2138 1337 mortales,
2155 1275 2331 1342 utque
2353 1270 2725 1325 institutionis
2752 1286 2868 1324 sua
2892 1268 3162 1340 praclara
3185 1282 3361 1337 usque
3387 1266 3449 1319 in

1852 1360 2186 1415 hodiernum
2218 1360 2506 1415 monachis
2536 1360 2792 1431 exempla
2827 1358 3136 1430 reliquerit,
3169 1357 3449 1410 volentem

1847 1466 1938 1503 me
1969 1449 2158 1521 aliqua
2198 1466 2475 1521 exponere
2524 1449 2620 1503 ille
2663 1448 2887 1503 libellus
2927 1446 3182 1512 exclusit,
3234 1445 3331 1517 qui
3378 1443 3449 1498 ab

1848 1539 2157 1594 Athanasio
2172 1539 2434 1610 scriptus,
2456 1538 2627 1594 etiam
2639 1538 2840 1594 Latino
2856 1552 3114 1591 sermone
3136 1534 3322 1589 editus
3341 1538 3446 1588 est.

1887 1631 2180 1694 Paulinus,
2206 1632 2433 1697 prologo
2476 1630 2598 1682 Vita
2620 1630 2801 1681 sancti
2820 1627 3099 1681 Ambrosii
3119 1623 3158 1679 4
3174 1624 3407 1693 Aprilis.

1921 1715 2537 1782 Hortaris,venerabilis
2549 1717 2719 1772 Pater
2726 1714 3059 1786 Augustine,
3073 1718 3139 1769 ut
3146 1714 3291 1769 sicut
3300 1712 3451 1767 beati

1848 1807 1970 1873 viri,
1990 1807 2332 1862 Athanasius
2346 1807 2638 1880 episcopus
2663 1811 2720 1859 et
2737 1805 3114 1877 Hieronymus
3136 1802 3447 1875 presbyter,

1848 1898 1995 1969 stylo
2015 1896 2297 1969 prosecuti
2318 1902 2452 1951 sunt
2474 1896 2663 1951 Vitam
2681 1901 3003 1950 sanctorum
3014 1892 3175 1948 Pauli
3195 1897 3252 1947 et
3268 1893 3449 1946 Anto-
3535 1899 3542 1907 '

1848 1987 1928 2042 nii
1958 1987 2017 2040 in
2048 2003 2236 2041 eremo
2264 1986 2595 2057 positorum,
2626 1990 2730 2039 etc.

1918 2094 2013 2149 DE
2056 2093 2375 2149 EVAGRIO
2412 2091 2898 2159 PRESBYTERO,
2933 2089 3122 2145 VITZE
3158 2087 3383 2143 HUIUS

2406 2184 2483 2238 IN
2488 2181 2878 2238 TERPRETE.

1846 2293 2237 2359 Hieronymus.
2272 2291 2450 2347 Catal.
2481 2292 2692 2345 illustr.
2725 2289 2867 2343 Eccl.
2897 2286 3081 2356 Script
3110 2325 3124 2353 ,
3174 2301 3290 2356 cap.
3325 2283 3446 2342 125.

1918 2403 2047 2463 29
2076 2396 2344 2468 Evagrius
2377 2398 2445 2466 (εἰ)
2477 2396 2788 2450 Antiochia
2826 2394 3136 2465 episcopus,
3188 2391 3337 2447 acris
3381 2409 3449 2447 ac

1846 2486 2108 2541 ferventis
2120 2485 2348 2557 ingenii,
2365 2502 2492 2540 cum
2509 2486 2692 2540 adhuc
2713 2489 2862 2539 esset
2875 2483 3189 2555 presbyter,
3204 2482 3451 2538 diversa-

1844 2593 1970 2631 rum
1999 2575 2383 2648 hypotheseon
2404 2579 2679 2629 tractatus
2702 2573 2841 2628 mihi
2862 2572 3015 2642 legit,
3049 2588 3188 2643 quos
3206 2572 3447 2627 necdum

1846 2665 2042 2720 edidit.
2075 2664 2264 2719 Vitam
2294 2681 2515 2735 quoque
2538 2663 2689 2718 beati
2707 2662 2936 2717 Antonii
2965 2662 3034 2716 de
3063 2662 3254 2717 Graco
3266 2660 3447 2716 Atha-

1846 2754 1990 2809 nasii
2019 2754 2080 2808 in
2108 2770 2427 2809 sermonem
2455 2758 2714 2814 nostrum
2741 2750 3049 2807 transtulit.

1913 2844 2142 2900 Similia
2170 2843 2327 2898 habet
2356 2844 2651 2929 Honorius,
2681 2858 2801 2913 cap.
2838 2841 2936 2900 125
2960 2843 3023 2897 de
3051 2844 3264 2898 illustr.
3296 2841 3439 2896 Eccl.

1840 2933 2044 3004 Script.

1389 3086 1807 3150 ROSWEYDI
1847 3085 2217 3148 NOTATIO.

238 3217 307 3283 la)
333 3220 494 3292 ᾼηηο
539 3219 606 3277 19
654 3219 1010 3292 Constantii.]
1048 3221 1137 3277 Ita
1181 3219 1493 3292 rectissime
1537 3220 1825 3285 EusebiiC
1844 3221 2004 3292 imp.;
2039 3225 2209 3291 atque
2239 3220 2320 3275 ita
2329 3219 2472 3292 justi
2493 3231 2565 3292 Cv
2594 3217 2747 3285 anni,
2777 3216 2981 3292 quibus
3002 3214 3279 3292 Antonius
3309 3216 3446 3272 vixit

173 3287 955 3364 Chronieouimanuscriptum
982 3287 1387 3358 Amandinum,
1422 3291 1504 3346 ita
1531 3292 1764 3347 Pontaci
1846 3287 2163 3362 exsurgent.
2193 3292 2309 3346 Nec
2332 3287 2502 3364 aliter
2525 3290 2737 3364 lectum
2782 3287 2864 3364 in
2886 3287 3144 3364 Eusebio,
3190 3294 3444 3364 tempgre

172 3365 221 3413 et
234 3360 502 3433 §caligeri
533 3363 729 3418 editio.

233 3431 525 3501 Baronius,
543 3439 683 3507 tom.
708 3436 780 3503 ll,
804 3452 951 3507 anno
971 3434 1127 3507 Decii
1152 3432 1175 3491 1
1205 3437 1391 3507 (quem
1420 3435 1539 3507 ipse
1551 3434 1762 3491 Christi

168 3517 364 3577 annum
389 3506 599 3562 statuit
624 3505 751 3568 251)
797 3506 1143 3577 investigans
1181 3505 1343 3577 Pauli
1382 3505 1459 3560 ad
1505 3523 1758 3561 eremum

166 3572 341 3645 fugam
372 3594 439 3631 ex
467 3577 704 3633 Antonii
720 3577 894 3644 obitu,
928 3572 1135 3633 ass'erit
1153 3574 1217 3632 ei
1243 3577 1519 3634 Chronico
1534 3577 1758 3632 Eusebii

164 3650 214 3730 et
240 3646 593 3730 Hieronymi,
616 3648 1181 3730 .Alntoniumnobiisse
1218 3666 1366 3704 anno
1405 3650 1467 3705 2|
1490 3648 1759 3730 _Ju_nioris

164 3715 468 3796 Cpnstautii
491 3720 632 3796 ;_cui
658 3720 976 3796 Constantii
997 3736 1144 3796 anno
1166 3720 1296 3796 ipse
1310 3726 1452 3796 post,
1487 3721 1546 3774 in
1564 3722 1758 3796 Anna-

163 3785 311 3852 libus,
340 3796 478 3863 tosu.
493 3785 500 3788 ’
515 3792 619 3858 III,
655 3793 713 3847 in
739 3808 1015 3847 annorum
1032 3785 1246 3863 seriem
1267 3785 1490 3847 Christo
1506 3792 1760 3862 assignat

162 3873 358 3934 annum
386 3861 514 3919 357.
552 3863 711 3928 Quod
732 3863 1020 3934 occasione
1034 3861 1403 3934 investigandi
1425 3861 1647 3917 atatem
1665 3863 1758 3917 lii-

161 3927 603 4007 lationisrepetit
618 3940 736 4007 tom
780 3935 874 4001 IV,
903 3933 973 4007 ad
996 3950 1207 4007 annum
1227 3927 1437 4007 Christi
1459 3933 1755 4007 372._ldet_n

161 4004 354 4070 tamen,
389 4004 554 4061 tumo
582 4006 683 4071 III,
725 4022 873 4062 anno
902 4005 1112 4061 Christi
1141 4004 1264 4072 358,
1308 4004 1622 4059 Constantii
1662 4004 1749 4070 2'2,

157 4072 373 4157 Antonii
399 4076 622 4157 obitum
649 4077 903 4133 collocat.
947 4076 1109 4142 Quod
1135 4093 1236 4131 cur
1263 4076 1458 4130 fecisse
1487 4076 1752 4147 potuerit,

159 4158 272 4219 mo_x
300 4148 613 4219 inquiram.
752 4184 755 4187 λ

220 4215 539 4283 Depravato
569 4217 829 4275 Chronici
859 4218 1061 4274 Codice
1102 4235 1271 4274 usum
1298 4217 1622 4283 Baronium,
1657 4235 1754 4274 su-

156 4289 408 4363 pra_dixi,
440 4291 517 4346 ad
550 4290 721 4346 vitam
749 4291 928 4346 sancti
956 4289 1136 4359 Pauli,
1179 4290 1329 4363 quod
1376 4306 1526 4345 nunc
1574 4289 1753 4345 fusius

157 4358 522 4426 probandum.

216 4429 462 4503 Vulgata
487 4432 754 4489 Chronici
784 4432 1085 4490 Eusebiani
1123 4433 1316 4500 editio,
1349 4450 1459 4503 quo
1488 4449 1624 4487 usus
1652 4434 1754 4488 Ba-

156 4502 352 4569 ronius’,
388 4506 557 4569 ponit
583 4504 815 4560 Antonii
847 4505 1092 4560 natalem
1117 4520 1266 4559 anno
1300 4505 1324 4559 1
1353 4502 1523 4569 Decii,
1543 4504 1752 4560 Christi

155 4568 267 4647 alii,
287 4580 346 4629 et
360 4568 583 4631 obitum
608 4576 861 4647 ejusdem
881 4593 1030 4631 anno
1048 4576 1111 4632 21
1144 4576 1457 4631 Constantii
1482 4568 1745 4647 junioris,

153 4640 348 4719 Christi
377 4647 511 4704 361.
540 4640 682 4719 Οιιίη
704 4655 893 4703 autem
911 4665 977 4703 ex
997 4647 1193 4702 eodem
1213 4647 1435 4719 vulgari
1452 4640 1747 4719 Chronico,

151 4717 449 4781 posteriore
485 4720 594 4773 hoc
624 4718 763 4778 loco,
786 4724 1007 4775 constet
1021 4717 1331 4774 Antonium
1353 4718 1556 4773 obiisse
1571 4719 1751 4773 a'atis

148 4798 283 4843 anno
320 4787 439 4855 l05,
498 4794 717 4846 certum
747 4795 832 4845 est
857 4790 943 4845 vel
968 4791 1211 4845 natalem
1229 4789 1481 4855 Antonii,
1510 4790 1594 4843 vel
1616 4807 1763 4844 mor-

150 4859 342 4914 tualem
389 4862 653 4933 ejusdem
673 4861 986 4933 diemmale
1012 4862 1287 4933 assignari
1314 4861 1373 4915 in
1395 4877 1463 4915 ea
1491 4861 1756 4928 editione,

150 4942 264 4984 cum
292 4947 326 4985 a
358 4932 578 4987 Christi
616 4948 765 4988 anno
809 4931 934 4999 255,
978 4950 1093 5004 quo
1131 4931 1148 4933 ἡ
1173 4933 1293 4987 onit
1335 4939 1532 4987 natum
1577 4934 1756 4987 Anto-

150 5000 311 5058 nium.
345 5004 421 5058 ad
451 5020 671 5058 annum
700 5002 823 5058 361.
856 5020 968 5058 auo
996 4951 1257 5058 eumdem
1286 5003 1446 5058 nonit
1463 5004 1752 5058 denatum.

148 5002 311 5079 pium,
345 5004 421 5058 ad
451 5020 677 5079 annum
700 5002 823 5071 361,
856 5020 968 5079 quo
996 5002 1257 5079 eumdem
1286 5003 1446 5075 ponit
1463 5004 1752 5079 denatum,

151 5075 528 5131 intercurrant
546 5075 681 5130 anni
698 5088 808 5130 cvn
835 5115 847 5127 .
865 5075 1026 5140 Quod
1051 5076 1097 5131 si
1117 5075 1258 5130 duos
1279 5092 1455 5130 annos
1476 5075 1669 5140 addas,
1698 5082 1755 5130 et

147 5157 260 5218 eum
294 5146 565 5201 videlicet
592 5163 704 5218 quo
732 5152 899 5201 natus
938 5152 1043 5210 est,
1082 5151 1140 5201 et
1179 5163 1309 5201 eum
1355 5163 1465 5218 quo
1514 5146 1753 5218 denatus

147 5214 411 5289 Antonius
431 5218 554 5289 (qui
576 5214 767 5274 tamen
792 5218 1035 5274 addendi
1078 5218 1354 5283 videntur,
1373 5214 1504 5272 cum
1533 5217 1754 5273 dicatur

149 5300 281 5343 anno
320 5287 422 5346 106
450 5287 643 5361 atatis
670 5295 924 5345 mortuus
952 5289 1251 5356 Antonius,
1284 5307 1396 5345 non
1418 5293 1607 5343 autem
1624 5296 1751 5361 post

148 5371 345 5432 annum
389 5360 547 5426 105),
582 5367 886 5432 exsurgent
912 5361 1054 5432 anni,
1075 5375 1184 5422 cxx,
1236 5378 1366 5417 cum
1412 5360 1641 5415 tantum
1680 5374 1748 5415 cv

147 5431 283 5496 anni,
316 5439 463 5505 quot
480 5431 772 5490 Antonius
785 5432 938 5499 vixit,
970 5431 1242 5489 deberent
1261 5434 1637 5490 intercurrere
1662 5433 1748 5488 vel

148 5515 457 5577 exsurgere.

206 5573 547 5631 Rectissime
568 5575 742 5646 igitur
764 5575 825 5631 in
849 5574 941 5631 Ms.
976 5574 1215 5631 Eusebio
1234 5576 1571 5644 Amandino,
1593 5581 1659 5632 ut
1677 5576 1749 5631 ad

147 5640 318 5720 Vitam
351 5648 528 5705 Pauli
547 5640 681 5714 dixi,
697 5647 928 5704 Antonii
948 5647 1210 5720 natiyitas
1230 5640 1592 5720 consignatur
1602 5665 1749 5703 anno

154 5713 366 5792 lDocii,
410 5720 610 5779 obitus
649 5713 781 5779 vero
828 5735 977 5777 anno
1021 5717 1093 5778 19
1142 5713 1459 5777 Constantii
1502 5720 1752 5778 Junioris

1847 3359 2105 3434 Gregorii
2130 3361 2491 3434 Turonensis.
2525 3362 2669 3415 Nam
2700 3361 2782 3434 ita
2809 3360 2902 3434 ille
2930 3359 3072 3434 libro
3104 3373 3143 3423 ι,
3178 3359 3327 3434 οᾳρί
3352 3360 3439 3428 58,

1845 3430 2056 3489 Ηὶεὼΐ.
2084 3435 2267 3489 Franc
2316 3452 2330 3488 :
2365 3450 2390 3484 α
2424 3432 2737 3488 Constantii
2760 3430 3008 3486 Junioris
3039 3447 3187 3485 anno
3211 3430 3302 3494 19,
3331 3435 3447 3487 An-

1842 3506 2031 3560 tonius
2060 3506 2367 3560 monachus
2402 3505 2648 3570 transiit,
2698 3504 2879 3559 atatis
2922 3519 3070 3557 anno
3121 3502 3237 3559 105.
3286 3524 3309 3555 ι
3358 3506 3445 3559 Ita

1842 3578 1942 3631 Ms.
1976 3578 2375 3642 Trudonensis,
2428 3593 2557 3630 cum
2602 3592 2658 3630 in
2703 3575 2942 3642 vulgatis
2987 3574 3134 3629 male
3189 3575 3263 3629 sit
3319 3575 3445 3632 100.

1842 3649 1947 3727 Sed
1982 3654 2039 3703 et
2064 3617 2408 3727 Vincentius,
2443 3648 2603 3727 Spec.
2924 3660 3042 3727 _x.l‘v,
3078 3662 3199 3727 cap.
3255 3645 3338 3727 lt,
3375 3664 3444 3727 ei;

1842 3719 2037 3773 eodem
2068 3719 2290 3775 Eusebii
2312 3718 2611 3784 Chronico,
2631 3718 2863 3772 Antonii
2889 3718 3102 3771 obitum
3127 3719 3443 3773 Constantii

1838 3791 2087 3845 Junioris
2112 3808 2259 3845 anno
2299 3790 2357 3845 19
2388 3789 2565 3861 ponit.
2596 3789 2783 3861 Quare
2811 3789 2881 3842 de
2924 3787 3154 3861 Antonii
3185 3788 3343 3844 obitu
3382 3791 3443 3845 in

1838 3863 2064 3932 vulgato
2095 3861 2334 3916 Eusebio
2357 3859 2864 3932 metachronismus
2880 3866 2966 3913 est
2993 3859 3238 3932 du--rum
3260 3876 3441 3915 anno-

1838 3931 1962 3987 rum
1993 3933 2038 3988 si
2068 3932 2138 3987 ab
2159 3933 2321 3987 annis
2351 3932 2531 3987 atatis
2552 3931 2782 3985 Antonii
2801 3936 3095 3985 etvannum
3128 3931 3439 3988 nativitatis

1838 4010 1896 4058 et
1915 4020 2125 4058 annum
2141 4004 2325 4059 obitus
2342 4003 2600 4057 excludas
2624 4021 2638 4069 ;
2657 4003 2742 4056 vel
2766 4001 3269 4059 metachronismus
3280 4009 3368 4059 est
3382 4018 3441 4058 ιν

1837 4092 2134 4141 annorum,
2160 4076 2207 4129 si
2238 4082 2294 4129 et
2319 4074 2632 4129 nativitatis
2659 4079 2715 4128 et
2750 4074 2935 4128 obitus
2979 4089 3156 4128 annos
3203 4090 3440 4130 numero

1838 4163 2118 4202 annorum
2148 4147 2330 4201 atatis
2351 4148 2474 4217 ejus
2504 4146 2972 4217 comprehendas.

1908 4219 2145 4274 Miratus
2176 4236 2300 4273 sum
2331 4234 2468 4273 sane
2492 4217 2816 4282 Baronium,
2840 4217 3007 4288 quod,
3032 4233 3159 4288 cum
3188 4222 3344 4272 tome
3365 4219 3437 4285 II,

1837 4304 1985 4344 anno
2020 4289 2042 4347 1
2078 4290 2249 4355 Decii,
2282 4306 2457 4359 agens
2489 4289 2558 4343 de
2588 4288 2748 4360 Pauli
2777 4287 3025 4343 eremita
3054 4287 3207 4360 fuga.
3232 4288 3441 4345 ibidem

1834 4366 2053 4415 asserat
2079 4378 2145 4415 ex
2165 4362 2441 4433 Chronico
2462 4359 3059 4433 Eusebiitdepravato,
3079 4366 3154 4433 ut
3170 4359 3440 4433 diximus)

1834 4433 2143 4487 Antonium
2173 4432 2377 4487 obiisse
2407 4448 2555 4486 anno
2584 4432 2646 4487 21
2684 4431 2997 4486 Constantii
3027 4431 3306 4496 Junioris;
3351 4431 3440 4487 ta-

1836 4520 1966 4559 men
1991 4510 2146 4559 tomo
2175 4505 2274 4565 III,
2307 4520 2456 4558 anno
2485 4502 2555 4559 '22
2583 4502 2834 4573 ejusdem
2867 4502 3201 4562 Constantii.
3221 4502 3439 4559 obitum

1833 4575 2064 4657 Antonii
2110 4580 2301 4646 ponat.
2344 4575 2518 4656 Cujus
2536 4572 2623 4627 rei
2659 4572 2934 4657 rationem
2957 4573 3092 4628 dum
3138 4573 3435 4657 ipvestigo,

1770 4631 1944 4702 I)non
1976 4631 2147 4701 aliam
2185 4631 2619 4717 reperio,'qua_m
2662 4644 2807 4715 quod
2854 4643 3091 4717 fortasse
3137 4631 3433 4717 Duronius,

1842 4723 1996 4772 torno
2024 4719 2097 4782 II,
2130 4714 2339 4772 annum
2379 4716 2397 4773 1
2434 4714 2605 4780 Decii,
2628 4714 2738 4785 quo
2765 4720 2931 4769 natus
2959 4714 3436 4781 Antonius,annis

1844 4790 2026 4844 atatis
2055 4788 2307 4861 ejusdem
2326 4786 2813 4861 annumeraverit.
2847 4792 3016 4861 atque
3036 4786 3117 4841 ita
3129 4785 3200 4841 ab
3228 4804 3379 4845 anno
3410 4785 3437 4847 1

1844 4862 1997 4915 Decii
2026 4858 2277 4931 adusque
2305 4858 2620 4931 Constantii
2655 4858 2904 4914 Junioris
2930 4874 3142 4931 annum
3170 4862 3229 4913 2|
3247 4900 3262 4927 ,
3309 4878 3439 4917 eum

1840 4933 2009 4987 simul
2038 4929 2394 4997 includendo,
2422 4929 3060 5003 putationeiBiaroniana
3080 4931 3222 5002 justi
3243 4948 3439 4988 exsur-

1835 5012 1982 5075 gunt
2001 5004 2135 5059 anni
2165 5018 2255 5076 ev,
2285 5020 2408 5076 qua
2426 5002 2971 5076 'supremafuitatas
2996 5003 3438 5061 Antonii.Tomo

1836 5073 1966 5130 vero
1999 5076 2099 5141 III,
2134 5073 2353 5130 videtur
2381 5073 2593 5129 annum
2630 5073 2649 5131 l
2684 5073 2837 5128 Decii
2867 5090 2979 5129 non
3035 5091 3437 5131 annumerasse

1835 5146 1997 5201 annis
2028 5146 2210 5202 atatis
2234 5146 2484 5213 Antonii,
2510 5145 2608 5200 sed
2637 5153 2649 5194 1
2690 5161 2901 5200 annum
2924 5146 3105 5201 atatis
3128 5145 3375 5213 Antonii,
3400 5162 3436 5201 a

1834 5219 2063 5300 Deciani
2093 5218 2315 5300 imperii
2338 5216 2547 5300 anno”?
2572 5216 2884 5300 inchoasse,
2906 5234 3079 5300 quare
3122 5223 3180 5300 et
3217 5217 3432 5300 obitum

1834 5289 2065 5345 Antonii
2086 5290 2155 5344 ad
2167 5287 2378 5345 annum
2391 5287 2460 5348 22
2482 5287 2797 5353 Constantii
2807 5287 3053 5345 Junioris
3069 5287 3262 5343 eodem
3278 5292 3431 5344 tomo

1832 5361 1911 5418 III
1942 5362 2280 5433 prorogavit.

1903 5430 2062 5498 Quod
2086 5430 2216 5487 vero
2246 5433 2379 5499 dixi,
2411 5432 2724 5487 rectissime
2743 5433 2803 5487 in
2837 5432 2929 5487 Ms.
2962 5430 3199 5485 Eusebio
3225 5432 3433 5485 Aman-

1831 5505 1964 5559 dino
1993 5504 2344 5560 nativitatem
2381 5504 2610 5560 Antonii
2636 5502 2952 5573 consignari
2980 5517 3128 5557 anno
3178 5502 3204 5556 1
3258 5503 3431 5569 Decii,

1833 5575 2049 5631 obitum
2076 5592 2204 5655 vero
2234 5576 2292 5655 t9
2326 5573 2922 5655 ConstantiiJunioris,
2938 5573 3222 5655 atque
3244 5573 3431 5643 justos

1835 5662 1904 5703 cv
1925 5665 2102 5704 annos
2123 5647 2306 5703 atatis
2320 5646 2550 5702 Antonii
2574 5660 2893 5717 exsurgere,
2910 5644 2989 5699 ita
3008 5644 3279 5717 intellige,
3302 5660 3436 5717 quia

1835 5662 1904 5703 cv
1925 5665 2102 5704 annos
2123 5662 2306 5703 atatis
2320 5662 2550 5702 antonn
2574 5662 2893 5717 exsurgere,
2910 5662 2989 5699 na
3008 5662 3279 5773 intelligis,
3302 5662 3434 5716 quia

1834 5736 1963 5807 cum
1993 5721 2235 5792 vulgata
2263 5719 2537 5776 editiones
2579 5718 2764 5789 (etiam
2797 5715 3159 5774 correctiores
3251 5716 3434 5785 ontaci
