3958 6396
521 272 627 334 119
1547 271 1640 327 DE
1675 271 1864 327 VITlS
1901 267 2117 326 PATRI

2230 260 2444 322 LIBER
2479 261 2770 321 PRIMUS.
3688 259 3800 322 1ἳο

531 401 588 450 et
618 397 903 468 Scaligeri)
933 398 1081 452 inter
1107 411 1317 451 annum
1353 394 1424 452 20
1452 395 1787 468 Diocletiani
1809 402 1865 450 et
1895 396 1928 468 1
1956 397 2112 450 Con-
2129 395 2176 456 A
2199 410 2436 468 quorum
2492 390 2753 446 meminit
2801 387 3152 460 Augustinus
3206 388 3302 444 lib.
3357 399 3460 444 vm'
3512 389 3799 456 Confess.,.

530 464 2110 538 stantiniduosannosstatuant,eosqueGaIe1iotribuant,
2197 481 2260 518 ca
2307 506 2317 516 .
2355 464 2404 519 6.

530 538 2116 589 AmandinusCodcxunumtantumannumintermedium
2263 483 2476 589 ‘l‘ertio.
2510 533 2641 589 auia
2669 538 2924 588 recenset
2958 531 3251 586 historiam
3291 531 3443 585 illam
3485 532 3555 586 de
3603 533 3692 586 ani

529 532 2116 594 AmandinusCodexunumtantumannumintermedium
2265 532 2476 599 Tertio,
2510 533 2641 605 quia
2669 532 3251 605 recensethistoriam
3291 532 3443 605 illam
3485 532 3555 586 de
3603 533 3808 605 anima!

531 609 754 690 statuit,
771 611 1168 690 vulgatumque
1183 610 1254 690 de
1279 610 1502 690 Galerio
1513 610 1926 690 paragraphu‘m
1957 608 2120 689 omit:
2199 601 3038 690 Ammonisgquam‘Pallad‘ius,
3070 602 3272 690 ca_p.l8,
3298 610 3358 690 et
3374 604 3657 690 Soprates,
3691 601 3801 657 fit»;

530 679 622 736 fit.
653 681 758 744 Qui
788 685 845 734 et
865 678 912 733 Si
937 678 1286 745 admittatur,
1321 678 1552 750 ejusque
1580 678 1817 750 imperio
1847 680 1957 733 duo
1986 678 2119 734 anni

528 750 852 806 tribuantur
879 757 1010 804 ante
1035 768 1244 805 annum
1287 749 1310 807 1
1353 749 1725 812 Constantini,
1755 767 1866 804 non
1894 767 2121 804 necesse

533 821 640 892 erit
659 822 798 876 duos
824 838 1002 876 annos
1018 821 1379 876 intermedios
1400 838 1605 892 ponere
1631 821 1778 892 inter
1796 837 2009 875 annum
2032 820 2118 892 720

529 891 862 946 Diocletiani
893 899 950 946 et
975 893 998 946 1
1038 891 1548 962 Co'nstantiniigsed
1579 891 1792 962 primus
1813 909 1992 946 annus
2013 891 2120 944 Ga-

527 963 652 1016 lerii
682 980 1014 1018 concurrere
1043 969 1228 1034 potest
1265 979 1392 1017 cum
1419 961 1488 1034 20
1518 961 1866 1034 Diocletiani,
1914 963 2120 1034 quippe

530 1049 657 1104 cum
689 1033 1066 1088 Diocletianus
1099 1051 1246 1088 anno
1269 1039 1393 1100 κιο
1420 1033 1644 1104 imperii
1670 1033 1757 1088 sui
1784 1033 1877 1104 ‘20,
1909 1049 1949 1087 ιι
1993 1033 2116 1087 Kal.

529 1103 664 1176 Maii
692 1121 751 1159 se
767 1105 1003 1176 imperio
1026 1105 1315 1168 abdicarit,
1348 1103 1592 1174 indeque
1619 1119 1832 1158 annum
1867 1103 1886 1160 1
1912 1103 1999 1158 sui
2019 1104 2119 1157 im-

529 1175 671 1244 perii
699 1175 949 1230 Galerius
979 1177 1149 1230 ordiri
1172 1176 1372 1246 potuit.

604 1247 674 1300 Et
703 1247 930 1317 quidem
960 1263 1071 1301 non
1091 1247 1200 1300 nisi
1225 1263 1401 1300 unum
1429 1263 1637 1300 annum
1659 1247 1864 1301 debere
1889 1247 2123 1300 interce-

533 1314 666 1371 dere
694 1314 842 1371 inter
869 1334 1080 1371 annum
1110 1319 1178 1373 ‘20
1208 1318 1539 1372 Diocletiani
1570 1323 1627 1372 et
1666 1319 1688 1371 1
1743 1317 2116 1382 Constantini,

535 1387 807 1459 probatur
829 1407 841 1453 ;
873 1395 992 1444 tum
1016 1405 1079 1442 ex
1103 1389 1397 1459 ipsiusmet
1417 1389 1640 1442 Eusebii
1663 1389 1955 1453 Chronico,
1974 1388 2122 1458 quod

533 1457 867 1513 Diocletiani
896 1476 1042 1513 anno
1081 1457 1141 1514 I‘J
1171 1459 1376 1513 diserte
1409 1459 1576 1514 habet
1603 1477 1615 1511 :
1650 1480 1670 1510 ι
1716 1460 1927 1522 Quarto
1975 1457 2122 1512 anno

532 1531 935 1600 persecutionis
965 1531 1362 1584 Constantinus
1389 1547 1625 1600 regnare
1653 1546 1832 1584 orsus.
1873 1547 1899 1582 ιι
1950 1529 2121 1600 Atqui

533 1615 662 1672 cum
693 1601 1022 1656 Diocletiani
1053 1618 1198 1656 anno
1245 1601 1303 1656 19
1344 1601 1654 1672 persecutio
1678 1606 1804 1672 orta
1850 1601 1941 1672 sit,
1981 1600 2027 1654 si
2068 1600 2120 1654 ei

2201 692 2275 742 1v,
2309 694 2430 748 cap.
2469 673 2652 741 18,'ex
2679 675 2822 730 libro
2851 673 3143 729 Athanasii
3180 674 3250 728 de
3287 675 3403 729 vita
3430 675 3662 730 Antonii
3707 693 3798 730 re-

2199 747 2483 900 fer(Siiitlius
2503 816 2633 871 addi
2658 822 2896 888 possunt
2915 821 2971 870 et
2984 815 3095 870 alia
3121 832 3234 870 non
3249 816 3434 871 minus
3461 823 3617 874 certa
3637 819 3794 874 testi-

2200 906 2408 944 moma.

2273 961 2480 1024 Primo,
2513 957 2887 1031 certissimum
2924 958 3313 1031 testimonium
3351 957 3508 1031 beati
3549 961 3794 1031 Ephrem

2202 1033 2468 1102 suggerit,
2502 1030 2602 1102 qui
2615 1046 2681 1082 ex
2709 1029 2813 1082 hac
2841 1029 2963 1102 vita
2977 1029 3201 1102 nomine
3224 1029 3517 1102 Athanasii
3544 1029 3656 1102 duo
3672 1033 3794 1102 loca

2201 1099 2290 1156 ad'
2300 1099 2535 1156 verbum
2559 1101 2714 1172 citat,
2739 1115 2862 1172 quae
2880 1099 3002 1172 vide
3032 1100 3090 1154 in
3118 1106 3318 1165 notat,
3338 1101 3518 1172 capite
3535 1101 3604 1158 23
3627 1107 3685 1156 et
3703 1100 3789 1158 60.

2201 1174 2354 1228 Idem
2387 1187 2608 1244 quoque
2636 1170 2694 1224 in
2716 1170 2874 1244 epist.
2902 1171 2970 1244 ad
2986 1172 3257 1244 Joannem
3281 1170 3620 1244 monachum
3640 1172 3794 1226 brevi

2200 1241 2430 1298 Antonii
2460 1243 2601 1297 Vitae
2641 1241 3080 1313 anacephalaeosi
3125 1248 3269 1312 (quae
3315 1243 3539 1313 singula
3580 1244 3639 1298 in
3687 1244 3795 1297 hac

2203 1315 2332 1403 ‘Vi‘ta
2359 1315 2652 1378 habentur)
2673 1312 2976 1367 monachos
3005 1313 3076 1366 ad
3100 1312 3455 1368 communem
3475 1315 3652 1403 vitam
3670 1315 3806 1369 hor-

2202 1391 2550 1538 ﬁtgdcundo,
2563 1473 2722 1538 aeque
2741 1462 2954 1538 certum
2973 1456 3243 1538 indicium
3263 1456 3588 1538 suppeditat
3599 1462 3811 1538 auctor

2203 1527 2342 1582 Vitae
2367 1527 2544 1581 sancti
2574 1527 2878 1591 Pachomii,
2933 1545 3102 1599 quam
3141 1529 3258 1597 jam
3297 1527 3444 1599 rolim
3491 1527 3807 1599 Dionysius

2204 1599 2446 1668 Exiguus
2473 1599 2874 1670 interpretatus
2919 1598 3024 1663 est,
3075 1599 3170 1669 qui
3219 1598 3516 1670 Athanasii
3560 1598 3797 1670 nomine

533 1671 986 1762 addas‘lejtusde'm
999 1673 1106 1754 '20,.
1129 1669 1813 1762 et‘ugumlintlermedium
1843 1671 1992 1762 inter
2017 1687 2119 1753 an:
2136 1703 2182 1762 Β
2203 1671 2548 1762 mentionem
2587 1669 2719 1724 facit
2745 1671 3037 1762 Ammonis
3066 1676 3124 1724 et
3147 1669 3443 1736 Theodori,
3476 1669 3574 1741 qui
3601 1670 3662 1723 in
3693 1669 3799 1724 hac

533 1757 670 1824 num
691 1739 1108 1824 20—Diocletiani
1125 1750 1183 1824 et
1193 1744 1230 1824 1.
1247 1742 1626 1824 Constantini;
1652 1742 1788 1824 quid
1803 1747 1997 1824 restat,
2011 1741 2119 1795 nisi
2136 1739 2182 1762 ”
2201 1741 2428 1824 Antonii
2459 1739 2581 1824 Vita
2601 1746 2918 1794 occurrunt.

531 1816 598 1866 ut
625 1811 642 1868 1
683 1829 863 1867 annus
885 1813 1255 1878 Constantini,
1278 1813 1302 1868 ~’i
1327 1814 1403 1866 sit
1419 1811 1865 1878 persecutionis?
1891 1813 2032 1866 Tum
2053 1829 2120 1866 ex

530 1882 734 1937 Politia
762 1901 860 1938 seu
885 1885 1039 1938 Actis
1068 1891 1388 1938 sanctorum
1409 1882 1638 1938 Patrum
1661 1884 2044 1954 Metrophanis
2063 1889 2122 1937 et

529 1953 852 2028 Alexandri,
883 1955 1032 2028 apud
1061 1955 1343 2028 Photiuin,
1372 1955 1429 2028 in
1474 1955 1758 2028 ijlioth.,
1807 1953 1943 2028 Cod.
1982 1953 2114 2028 7256,

529 2023 622 2097 tibi
653 2025 860 2097 dicitur
891 2023 1118 2097 ζΤρίτον
1159 2027 1204 2078 δ’
1237 2023 1330 2097 ἤδη
1362 2024 1470 2078 τότε
1499 2023 1558 2097 ᾖν
1589 2027 1812 2097 ἔτος-τοῦ
1840 2026 1944 2077 καθ’
1975 2027 2117 2094 ἡμῶν

527 2095 768 2166 διωγμοῦ,
804 2090 922 2166 ἐνμῶ
951 2090 1030 2148 adi
1065 2090 1396 2156 Kovcn'aivvio;
1427 2090 1557 2166 apd;
1581 2095 1668 2162 τὴν
1700 2090 2118 2166 ἅφθαρτονβὰσι-

525 2164 682 2224 iam,
724 2166 810 2232 τὴν
851 2164 1078 2236 ἐπικήρον
1117 2169 1312 2237 {iper/ﬁ.
1345 2184 1372 2216 ι
1412 2164 1634 2237 Tertius
1671 2171 1807 2219 tunc
1833 2164 2120 2235 agebatur

528 2252 711 2290 annus
753 2237 1154 2307 persecutionis
1184 2236 1268 2290 in”
1295 2236 1641 2290 Christianos
1691 2237 1959 2301 excitatas,
2007 2253 2118 2306 quo

529 2307 890 2362 Constantius
913 2325 1038 2362 cum
1069 2312 1276 2361 aeterno
1307 2323 1478 2374 regno
1509 2307 1778 2360 caducum
1806 2313 2117 2360 commuta-

526 2378 624 2430 vit.
659 2396 684 2427 »
718 2379 888 2448 Atqui
921 2379 967 2432 si
996 2379 1136 2432 duos
1165 2394 1340 2432 annos
1369 2377 1734 2431 intermedios
1764 2394 1938 2448 ponas
1972 2378 2120 2431 inter

527 2465 735 2502 annum
761 2453 829 2502 “.10
850 2449 1181 2504 Diocletiani
1196 2453 1254 2502 et
1277 2449 1292 2504 1
1323 2448 1694 2512 Constantini,
1709 2465 1818 2502 non
1826 2450 1943 2518 jam
1959 2453 2118 2502 tertio

525 2521 932 2590 persecutionis
960 2537 1107 2574 anno
1131 2520 1490 2574 Constantius
1515 2518 1736 2584 obierit,
1758 2519 1864 2590 sed
1897 2525 2114 2586 quarto,

527 2589 593 2661 ut
621 2607 686 2643 ex
711 2591 876 2644 modo
905 2591 1046 2644 inita
1076 2590 1344 2661 temporis
1374 2591 1590 2643 ratione
1617 2589 1974 2661 manifestum
2012 2597 2114 2661 est.

527 2660 674 2714 Tum
717 2678 782 2732 ex
819 2660 1241 2732 Olympiadibus
1271 2661 1574 2732 assignatis
1615 2660 1674 2714 in
1709 2661 1828 2732 AMs.
1871 2660 2118 2732 Eusebio

527 2731 865 2785 Amandino.
890 2729 1038 2785 “Nam
1060 2732 1272 2801 primus
1293 2747 1474 2785 annus
1501 2730 1847 2801 Olympiadis
1865 2729 1963 2786 271
1992 2747 2120 2785 con-

527 2801 784 2872 signatur
811 2819 958 2856 anno
978 2801 1048 2858 20
1061 2801 1403 2856 Diocletiani
1427 2819 1439 2868 ;
1471 2801 1750 2856 secundus
1779 2818 1926 2856 anno
1943 2801 2118 2855 inter-

527 2872 716 2926 medio
745 2873 895 2926 inter
913 2873 982 2928 20
1002 2873 1335 2928 Diocletiani
1350 2878 1407 2926 et
1426 2873 1452 2926 1
1490 2872 1876 2937 Constantini;
1920 2872 2120 2926 tertius

530 2958 678 2997 anno
715 2943 736 2998 1
773 2943 1145 2998 Constantini.
1177 2944 1336 2998 Unde
1364 2943 1579 2996 clarum
1609 2941 1792 2996 evadit
1819 2942 2120 2997 Eusebium

527 3029 642 3068 non
668 3013 777 3069 nisi
809 3031 982 3068 unum
1010 3031 1221 3073 annum
1247 3014 1394 3068 inter
1413 3012 1484 3070 20
1500 3013 1830 3068 Diocletiani
1860 3019 1918 3068 et
1941 3015 1960 3068 l
1980 3014 2121 3068 Con-

528 3085 758 3138 stantini
789 3086 1102 3140 collocasse.

601 3155 892 3228 Suﬁiciant
919 3157 1034 3210 hac
1057 3173 1158 3228 pro
1173 3156 1338 3228 modo
1357 3155 1730 3228 notationum;
1745 3171 1867 3227 quae
1888 3154 2114 3210 omnino

527 3225 764 3284 dicenda
791 3228 946 3282 fuere
966 3229 1035 3282 ad
1057 3225 1165 3282 rite
1186 3226 1605 3282 subducendum
1624 3225 1924 3282 numerum
1943 3242 2115 3280 anno-

524 3314 652 3354 rum
679 3299 862 3354 aetatis
887 3299 1136 3356 Antonii.

597 3387 665 3458 (b)
709 3389 896 3442 Varias
931 3388 1248 3458 epistolam],
1273 3387 1498 3458 Septem
1529 3391 1824 3442 enumerat
1857 3385 1950 3440 hic
1972 3385 2114 3458 ipse

523 3456 886 3524 Trithemius,
919 3464 976 3514 et
1003 3475 1172 3512 unam
1203 3456 1284 3512 ait
1327 3456 1597 3528 scriptam
1639 3458 1710 3512 ad
1750 3457 2109 3528 Arsenoitas;

527 3528 675 3598 quod
703 3545 893 3583 verum
925 3534 1028 3593 est,
1060 3545 1237 3598 eoque
1257 3527 1483 3583 nomine
1511 3527 1750 3584 habetur
1784 3528 2029 3582 secunda
2055 3527 2114 3582 in

527 3598 773 3682 editione
803 3599 1138 3654 Coloniensi.
1164 3599 1544 3682 hieronymus
1568 3615 1788 3682 quoque
1813 3599 1979 3654 unius
1993 3604 2119 3682 tan-

525 3673 668 3742 tum,
699 3676 968 3742 tanquam
1015 3669 1322 3742 praecipuae,
1365 3669 1446 3742 ad,
1471 3669 1799 3726 Arsenoitas
1841 3669 2114 3724 meminit.

531 3740 719 3805 Quare
744 3740 854 3796 non
881 3740 1031 3796 recte
1053 3740 1201 3812 apud
1229 3741 1590 3795 Possevinum
1617 3748 1702 3795 est
1727 3757 1912 3795 omnes
1923 3746 2120 3810 septem

529 3815 781 3892 epistolas
808 3816 1041 3892 sgriptas
1071 3813 1506 3892 adfrscnoitas.
1554 3813 1713 3892 Quod
1754 3813 1925 3892 etiam
1975 3812 2120 3866 male

525 3882 678 3938 tituli
707 3883 1010 3955 praeferunt
1027 3883 1086 3937 in
1115 3882 1460 3938 Bibliotheca
1477 3889 1798 3938 sanctorum
1830 3884 2080 3937 Patrum.

596 3971 819 4042 Harum
841 3972 1205 4042 epistolamm
1243 3987 1356 4026 non
1385 3977 1474 4025 est
1499 3988 1565 4025 ex
1604 3971 1796 4042 Graeco
1844 3970 2120 4042 interpres

527 4041 972 4113 Symphorianus
983 4042 1376 4113 Champerius,
1394 4047 1460 4113 ut
1469 4047 1555 4113 est
1564 4041 1710 4112 apud
1725 4041 2116 4113 Possevinum,

526 4111 626 4167 sed
643 4111 900 4238 “aerius
916 4111 1218 4176 Sarrazius,
1245 4111 1657 4183 Symphoriano
1671 4111 1970 4166 editionem
1993 4129 2120 4183 pro-

527 4199 701 4238 curan
766 4223 780 4236 .

527 4199 759 4238 curante
766 4223 780 4236 .

600 4271 759 4335 Quod
787 4288 918 4326 vero
946 4271 1278 4326 Possevinus
1306 4273 1366 4326 in
1403 4272 1692 4342 Apparatu
1727 4287 1884 4326 sacro
1915 4271 1973 4325 in
2003 4273 2118 4326 An-

2271 1811 2480 1876 Tertio,
2509 1812 2906 1877 Damascenus,
2937 1816 3080 1865 orat.
3127 1825 3166 1872 ι,
3199 1801 3282 1865 ἀρ’
3316 1810 3684 1880 Imaginibus,
3731 1829 3798 1866 ex

2201 1881 2306 1936 hac
2343 1883 2472 1936 Vita
2495 1883 2678 1936 locum
2699 1883 2854 1946 citat,
2888 1899 3054 1953 quem
3103 1882 3194 1935 hic
3237 1880 3431 1953 habes,
3471 1899 3520 1935 c.
3565 1881 3652 1940 57.
3713 1883 3797 1936 uti

2200 1959 2400 2007 catena
2427 1969 2532 2006 ms.
2565 1953 2624 2007 in
2650 1954 2856 2008 Lucam
2887 1952 2953 2007 ex
2989 1953 3195 2007 Gmcis
3233 1952 3492 2006 Patribus
3537 1953 3793 2019 collecta,

2201 2040 2324 2094 quae
2352 2029 2533 2078 exstat
2550 2024 2609 2078 in
2637 2024 2980 2078 Bibliotheca
2997 2024 3282 2090 Palatina,
3299 2025 3575 2078 referente
3604 2025 3800 2080 Felck-

2201 2111 2427 2148 manno.

2271 2165 2434 2228 Quid,
2468 2181 2673 2236 qumso,
2700 2164 2978 2228 testatins,
3011 2165 3081 2218 ad
3124 2165 3341 2219 auctori
3386 2165 3552 2218 alicui
3586 2165 3805 2220 librum

2201 2237 2583 2307 asserendum,
2616 2236 2816 2290 adduci
2849 2237 3076 2307 potest?
3103 2237 3248 2290 Sunt
3283 2241 3472 2290 tamen
3522 2236 3806 2302 haeretici,

2201 2306 2296 2376 qui
2324 2307 2686 2360 subdubitare
2713 2324 2826 2362 non
2851 2306 3122 2361 verentur
3138 2324 3210 2361 an
3233 2309 3365 2370 haec,
3389 2324 3512 2376 qua;
3531 2307 3623 2360 hic
3642 2307 3812 2376 exhi-r

2200 2374 2380 2441 betur,
2419 2379 2558 2442 Vita,
2589 2379 2663 2432 sit
2681 2378 2750 2432 ab
2773 2378 3080 2449 Athanasio
3101 2378 3325 2449 scripta.
3347 2374 3447 2449 Ita
3468 2374 3813 2448 Magdebuv-r

2199 2454 2656 2520 genses,centur.
2694 2463 2773 2514 1v,
2803 2465 2924 2520 cap.
2957 2447 3046 2513 40,
3080 2447 3382 2520 ρτιεξ1306,
3407 2449 3573 2520 nulla
3601 2455 3809 2520 tamen

2198 2519 2283 2572 vel
2323 2519 2538 2573 ratione
2571 2520 2656 2572 vel
2687 2519 3029 2589 conjectura,
3073 2519 3157 2572 vel
3203 2519 3537 2573 auctoritate
3581 2519 3798 2574 addita.

2199 2589 2428 2662 Dubitat
2449 2597 2506 2662 et
2527 2591 2725 2662 Petrus
2741 2591 3150 2662 Felckmannus
3165 2592 3484 2662 Coroneus,
3499 2590 3594 2660 qui
3617 2607 3803 2662 nuper

2198 2661 2490 2715 Athanasii
2521 2661 2904 2716 Graecolatinaa
2937 2661 3177 2732 editioni
3200 2661 3438 2732 praefuit.

2273 2732 2381 2786 Sed
2411 2749 2523 2786 non
2554 2731 2816 2794 insolens,
2858 2731 3115 2787 dubitare
3157 2732 3464 2796 haereticos,
3511 2731 3604 2786 ubi
3657 2733 3795 2796 quid

2200 2818 2392 2856 eorum
2422 2803 2606 2873 palato
2636 2802 2820 2856 minus
2837 2803 3065 2866 arridet,
3092 2802 3173 2856 uti
3192 2803 3248 2856 in
3269 2803 3373 2856 hac
3388 2802 3503 2856 vita
3526 2802 3800 2873 praeclara

2198 2873 2568 2946 monachismi
2585 2873 2842 2946 signique
2864 2873 3043 2946 crucis
3062 2873 3403 2946 testimonia.
3431 2875 3460 2946 δ’
3473 2890 3630 2946 erum
3660 2891 3801 2946 pra:-

2199 2944 2427 3025 lractior
2455 2949 2512 3026 et
2539 2945 2718 3026 magis
2735 2944 2951 3026 e'il‘rons‘
2979 2944 3188 3026 incedit
3217 2944 3544 3026 Rodolphus
3584 2944 3793 3016 Hdspi-

2201 3015 2422 3086 nianus.
2457 3014 2526 3068 de
2557 3014 2710 3084 Orig.
2735 3015 3126 3086 Monach.,lib.
3159 3029 3243 3080 IlI,
3273 3032 3375 3086 cap
3400 3014 3408 3015 ί
3435 3014 3455 3071 1
3490 3020 3546 3070 et
3577 3014 3799 3070 cum—eo

2135 3086 2178 3146 C
2200 3085 2554 3140 Abrahamus
2567 3085 2869 3150 Scultetus,
2887 3085 3622 3156 Medull.Theolog.Patrum
3635 3092 3800 3156 parte

2199 3157 2386 3228 utqui
2415 3157 2537 3211 ausi
2566 3156 2720 3228 fuere
2748 3173 2998 3211 asserere
3027 3157 3299 3227 scriptum
3315 3157 3438 3220 hoc,
3465 3157 3611 3227 quod
3627 3156 3800 3211 hodie

2198 3227 2622 3282 sub’Athanasii
2652 3228 2879 3282 nomine
2907 3228 3316 3290 circumfertur,
3339 3228 3551 3282 nullam
3563 3243 3800 3298 prorsus

2197 3299 2366 3352 fidem
2393 3298 2614 3362 mereri,
2634 3299 2746 3352 imo
2764 3298 2963 3353 insulsi
2984 3299 3227 3353 hominis
3241 3305 3620 3354 commentum
3637 3315 3798 3366 esse;

2196 3369 2292 3441 qui
2320 3369 2546 3440 paribus
2571 3370 2658 3424 his
2677 3369 3266 3440 argumentisinstant,
3292 3369 3373 3424 ita
3399 3375 3465 3426 ut
3482 3370 3627 3424 alter
3645 3371 3799 3425 alte-

2194 3456 2320 3494 rum
2347 3441 2719 3512 exscripserit.

2267 3511 2475 3575 Primo,
2496 3511 2676 3583 nuper
2693 3511 2841 3566 enim
2854 3511 3154 3566 admodum
3177 3511 3248 3566 ad
3260 3511 3479 3583 reliqua
3492 3511 3795 3583 Athanasii

2198 3598 2373 3654 opera
2395 3582 2661 3654 scriptum
2691 3583 2793 3638 hoc
2821 3584 3102 3654 adjectum
3137 3588 3246 3640 est.
3282 3582 3472 3638 Graece
3496 3582 3644 3637 enim
3679 3599 3802 3639 non

2200 3653 2497 3725 reperitur,
2510 3653 2624 3708 nec
2639 3653 2703 3725 in
2735 3653 3058 3718 Basileensi,
3087 3671 3191 3708 nec
3225 3654 3284 3708 in
3312 3654 3641 3725 Anglicano,
3696 3671 3804 3708 nec

2203 3723 2414 3778 in’aliis
2445 3724 2758 3796 Codicibus.
2791 3726 3140 3796 Respondeo.
3166 3723 3436 3796 scriptum
3453 3727 3558 3779 hoc
3579 3724 3639 3778 in
3659 3725 3808 3796 ipsis

2203 3797 2536 3876 typographi
2550 3814 2591 3850 «ρ
2603 3795 3196 3876 ομηρῂριίε-ᾉζὴεηαεὶὶ
3210 3795 3437 3876 nomine
3455 3795 3801 3876 impressum

2202 3866 2378 3939 fuisse
2392 3867 2596 3939 Latine
2625 3867 2683 3920 in
2713 3866 2856 3939 Vitis
2885 3868 3118 3939 Patrum
3143 3886 3164 3939 ί
3187 3866 3468 3939 etpassim
3487 3866 3545 3920 in
3573 3883 3715 3920 mss.
3741 3867 3808 3922 li-

2201 3936 2336 4001 bris,
2367 3937 2544 4008 iisque
2577 3938 2965 3992 vetustissimis
2986 3937 3242 3992 inveniri.
3261 3936 3384 4003 '3]
3415 3939 3590 4008 Cujus
3609 3942 3805 3993 textus

2203 4008 2426 4090 Graecus
2449 4007 2603 4090 anno
2636 4008 2719 4090 101
2782 4009 3049 4090 Augustae
3070 4007 3482 4090 Vindelicorum
3502 4007 3721 4090 prodi-it
3737 4027 3804 4063 ex

2240 4079 2450 4143 iusdem
2483 4078 2718 4133 civitatis
2746 4078 3101 4143 bibliotheca,
3136 4085 3369 4134 curante
3397 4078 3606 4134 Davide
3634 4080 3803 4134 Haes-

2201 4149 2397 4231 chelip,
2426 4152 2620 4231 jam
2800 4150 2905 4231 Qui
2931 4156 2988 4231 et
3006 4167 3071 4204 ex
3097 4151 3406 4231 Anglicano
3427 4150 3631 4205 Codice
3649 4151 3804 4204 Hen-

2201 4221 2298 4274 rici
2333 4221 2520 4274 Savilii
2542 4221 2822 4275 variantes
2851 4222 3114 4276 lectiones
3144 4221 3366 4292 adjecit.

2272 4292 2544 4364 Secundo,
2573 4308 2685 4346 non
2714 4292 3072 4364 reperiuntur
3096 4293 3156 4346 in
3177 4291 3281 4346 hcc
3305 4291 3510 4364 scripto
3529 4291 3660 4347 vita:
3681 4309 3805 4348 mo-

525 4343 682 4432 uonio
699 4342 920 4432 citate}:
941 4344 1271 4432 Trithemio,
1291 4344 1523 4432 Scripsit
1544 4359 1752 4432 qunque
1768 4345 1965 4432 celebre
1987 4359 2117 4409 Opus

2207 4342 3804 4432 "asseras;aug;megalesia'geriaimaaaias

528 4415 785 4505 esset
802 4415 1627 4505 literis-"2-54294asiae:35%
1653 4417 2117 4505 suissesce-
2135 4409 2183 4467 υ
2199 4449 2301 4486 suo
2332 4409 2684 4488 namt'iorfié‘
2698 4439 2967 4504 praetextu
2996 4435 3355 4505 promulgare
3389 4434 3651 4488 voluisse.
3687 4435 3804 4490 Re-

525 4487 804 4556 minatur,
829 4485 1020 4556 aitque
1049 4485 1422 4540 Trithemium
1443 4500 1632 4556 errore
1660 4483 1802 4550 labi;
1829 4501 1954 4556 vere
1986 4485 2122 4538 labi-

525 4561 638 4623 tur,
671 4556 718 4610 si
745 4555 828 4610 ita
853 4556 1094 4627 scripsit.
1129 4557 1238 4610 Sed
1269 4557 1326 4610 in
1363 4555 1671 4610 Trithemio
1701 4572 1768 4627 ea
1793 4555 1959 4610 verba
2007 4571 2120 4610 non

527 4627 770 4700 invenio,
806 4626 1070 4700 SuspiCor
1091 4629 1196 4682 hoc
1229 4627 1410 4700 verbis
1452 4626 1745 4700 Trithemii
1766 4627 2036 4700 additum
2085 4643 2121 4680 a

526 4697 846 4770 Margarino
873 4697 936 4752 de
966 4702 1020 4770 la
1042 4701 1216 4770 Digne
1232 4699 1288 4752 in
1307 4698 1494 4770 prima
1507 4697 1750 4770 editione
1765 4697 2120 4770 Bibliothecze

528 4768 626 4824 SS.
649 4769 899 4840 Patrum,
923 4769 1019 4840 qui
1037 4769 1209 4824 libros
1230 4768 1353 4824 illos
1373 4769 1602 4824 Antonii
1625 4769 1868 4835 Melissae,
1894 4769 2120 4840 nomine

526 4839 757 4909 Antonii
785 4839 974 4909 Magni
1004 4841 1268 4894 ediderat.
1294 4841 1404 4895 Sed
1423 4857 1580 4894 error
1599 4844 1880 4894 correctus
1898 4845 2052 4892 tomo
2072 4839 2120 4892 ν

529 4908 898 4964 Bibliotheca!
909 4917 1230 4966 sanctorum
1260 4911 1493 4966 Patrum
1517 4910 1778 4965 secunda:
1809 4909 2088 4963 editionis.

598 4997 674 5070 (ο)
700 4999 1048 5070 Athanasio.]
1069 4999 1209 5054 Vitae
1230 5001 1407 5056 sancti
1429 4999 1662 5054 Antonii
1681 5004 1964 5070 auctorem
1997 5014 2118 5052 esse

525 5069 901 5142 Athanasium
930 5068 1119 5125 nullus
1139 5071 1394 5127 dubitare
1412 5069 1636 5142 poterit,
1665 5068 1760 5139 qui
1781 5069 1963 5138 elogia
1982 5086 2118 5142 prie-

527 5139 701 5195 missa
720 5141 945 5212 legerit.
979 5142 1048 5196 Et
1070 5143 1259 5198 Graece
1281 5139 1507 5212 quidem
1532 5156 1682 5195 nunc
1701 5155 1894 5192 recens
1912 5139 2119 5212 prodiit

528 5161 701 5195 mlSSR
728 5161 945 5212 legerit.
979 5161 1048 5196 Ειῐι
1070 5161 1259 5198 υτεεοθ
1318 5161 1507 5198 υιαθω
1532 5161 1682 5195 nunc
1701 5161 1894 5192 I'BCBIIS
1951 5161 2118 5193 Γοαιιι

527 5227 677 5283 anno
711 5210 841 5268 1611
875 5213 1140 5283 Auguste
1168 5161 1604 5278 Vindelicorum,
1636 5215 1868 5264 curante
1909 5161 2118 5265 Davide

527 5282 844 5367 Hoeschelio
855 5302 892 5367 ἓν
905 5282 1001 5356 qui
1029 5291 1086 5339 et
1115 5283 1632 5367 interpretationem
1655 5285 1930 5367 ‘suamnet
1956 5287 2118 5367 notas

529 5355 821 5427 quasdam,
849 5353 1103 5411 Graecum
1143 5353 1390 5410 maxime
1417 5358 1732 5427 spectantes
1758 5356 1992 5418 textum,
2025 5353 2119 5406 ad-

523 5424 683 5494 jecit.
1020 5460 1030 5468 -

598 5497 906 5553 Athanasio
923 5515 1048 5554 eam
1069 5499 1268 5554 asserit
1286 5495 1660 5552 Bellarminus
1674 5499 1864 5548 noster
1881 5498 2016 5548 tom.
2039 5495 2112 5562 II,

528 5572 706 5640 contr.
738 5569 793 5636 ‘2,
823 5570 861 5624 1.
892 5569 928 5626 2
957 5570 1027 5624 de
1051 5569 1356 5634 Monachis,
1391 5584 1512 5640 cap.
1545 5569 1597 5622 4.

599 5637 808 5708 Primo,
837 5641 1084 5723 quietest
1109 5657 1305 5723 revera
1331 5637 1550 5723 insigne
1576 5637 1950 5723 vpll‘umenhut
1977 5637 2118 5692 Hie-

525 5721 796 5782 ronymus
820 5708 956 5767 dicit
973 5711 1145 5766 fuisse
1169 5711 1374 5767 librum
1403 5708 1562 5766 illum
1587 5708 1902 5782 Athanasii.

601 5779 874 5852 Secundo,
923 5783 1056 5855 quia
1100 5782 1351 5841 continet
1394 5781 1638 5855 plurima
1684 5779 1781 5836 illa
1823 5779 2113 5847 miracula,
2143 5795 2145 5797 ‘

2200 4504 2446 4575 spondeo
2472 4522 2482 4557 :
2516 4506 2848 4560 Sanctorum
2886 4504 3112 4575 Vz'ta’(ut
3125 4506 3206 4560 ait
3225 4511 3452 4560 sanctus
3463 4504 3811 4560 Ambrosius

2200 4573 2292 4646 lib.
2327 4575 2395 4628 de
2425 4576 2481 4628 S.
2514 4576 2738 4646 Joseph,
2772 4593 2818 4630 c.
2854 4575 2903 4637 1)
2931 4573 3134 4630 ostiaris
3155 4592 3352 4630 norma
3369 4577 3589 4631 vivendi
3608 4581 3707 4630 est.
3734 4577 3808 4631 Et

2203 4645 2455 4709 Hieron,
2489 4645 2659 4716 epist.
2683 4648 2716 4700 2
2739 4647 2805 4700 ad
2837 4647 3060 4718 Nepot.,
3103 4647 3172 4700 de
3203 4647 3332 4702 Vita
3375 4646 3600 4701 Heliod.
3642 4649 3803 4718 Nor-

2203 4733 2457 4784 mamque
2486 4722 2606 4770 vita:
2627 4720 2761 4784 eius,
2781 4717 3089 4786 exemplum
3111 4719 3305 4772 habere
3325 4721 3622 4772 virtutum.
3637 4717 3804 4773 Idem

2202 4787 2376 4858 Epist.
2409 4787 2492 4852 l5,
2512 4789 2581 4841 ad
2619 4789 2953 4854 Marcellam,
2979 4788 3048 4842 de
3074 4789 3272 4844 Asellze
3299 4789 3454 4843 Vita:
3494 4789 3801 4843 Conversa-

2203 4861 2403 4911 tr‘oncm
2422 4861 2486 4912 ῆι
2494 4863 2578 4911 ius
2587 4861 2830 4927 perfecta:
2849 4863 2970 4914 vita:
2985 4876 3241 4914 normam
3255 4862 3626 4914 arbitrentur.
3644 4859 3717 4913 Et
3729 4875 3804 4914 ne

2200 4927 2270 5002 ab
2315 4929 2435 5002 ipso
2483 4930 2725 5002 Antonio
2769 4929 3122 5002 discedamus
3152 4948 3178 5002 _:
3217 4931 3370 4985 Ἔστι
3415 4929 3510 5002 γὰρ
3555 4941 3802 5002 μοναχοῖς

2201 4998 2360 5061 in”?
2397 5001 2654 5071 Ἀαρακτῆρ
2692 4999 2814 5070 πρὸς
2849 4999 3048 5067 ἄσκησιν
3088 5001 3116 5054 ὁ
3151 4999 3406 5056 Ἀντονίου
3428 4998 3565 5071 ’βίοςξ
3608 4998 3800 5068 Perfe-

2199 5075 2285 5123 cla
2302 5077 2374 5124 est
2394 5073 2665 5138 siquidem
2686 5073 2758 5124 ad
2769 5074 3030 5125 virtutem
3043 5075 3152 5138 via,
3167 5074 3204 5126 A
3217 5074 3476 5126 ntam’um
3487 5074 3647 5138 scire,
3670 5075 3800 5140 quis

2199 5143 2390 5214 fuerit,
2424 5147 2488 5194 ut
2505 5142 2586 5195 ait
2615 5141 2954 5196 Athanasius
2983 5143 3040 5214 in
3069 5142 3241 5214 hujus
3269 5143 3395 5214 vita:
3442 5141 3796 5214 pmfatione.

2199 5212 2313 5284 Nec
2337 5228 2542 5284 paucas
2569 5219 2794 5284 sanctus
2821 5213 3100 5268 Antonius
3128 5212 3464 5268 monasticas
3493 5214 3662 5284 leges,
3699 5230 3799 5268 ex-

2199 5282 2608 5354 hortationibus
2627 5283 2762 5346 suis,
2794 5301 2916 5354 qua;
2943 5284 3002 5338 in
3029 5285 3132 5338 hac
3150 5285 3278 5338 Vita
3295 5282 3592 5348 habentur,
3614 5285 3801 5354 expri-

2201 5353 2317 5408 mit.
2355 5353 2514 5417 Quod
2543 5354 2589 5406 si
2621 5354 3017 5424 Ilospinianus,
3045 5357 3130 5410 vel
3178 5355 3477 5422 Scultetus,
3515 5357 3603 5410 vel
3648 5353 3798 5410 alius

2200 5424 2379 5495 quivis
2409 5425 2726 5488 Calvinista,
2759 5441 2826 5479 ex
2870 5426 2996 5498 vitae
3035 5426 3224 5498 hujus,
3250 5427 3576 5498 praescripto
3616 5425 3797 5481 vitam

2199 5512 2360 5570 suam
2382 5502 2759 5570 componeret,
2777 5513 2862 5552 nae
2875 5497 2970 5552 ille
2989 5497 3312 5554 monasticis
3330 5497 3546 5568 legibus
3566 5498 3796 5570 egregie

2199 5565 2492 5624 obsecutus
2510 5565 2815 5622 diceretur.

2263 5637 2472 5712 Tertio,
2501 5654 2628 5712 cum
2654 5646 2849 5712 auctor
2874 5640 3066 5712 scripti
3095 5640 3266 5712 hujus
3287 5641 3676 5698 demonstrare
3690 5657 3791 5697 co-

2198 5713 2384 5775 natur,
2408 5709 2713 5765 Antonium
2739 5709 3022 5767 Christum
3041 5712 3102 5768 in
3124 5709 3277 5768 omni
3299 5713 3426 5768 vita;
3462 5729 3577 5768 suae
3619 5729 3793 5770 cursu

2198 5778 2480 5836 imitatum
2500 5781 2688 5850 fuisse,
2720 5783 2802 5840 ita
2819 5783 3110 5857 pueriliter
3129 5788 3188 5842 et
3203 5783 3438 5843 ridicule
3454 5784 3526 5842 de
3544 5801 3611 5843 eo
3630 5783 3793 5844 fabu-
