3958 6392
208 451 319 508 129

1282 449 1455 504 VITA
1492 448 1702 504 BEATI
1739 449 2044 505 ΛΝΤΟΝΙΙ
2084 451 2409 516 ABBATIS,

3385 418 3494 518 £30

205 577 618 649 jucunditatem
642 574 1142 642 illiussectabatur;
1164 573 1327 628 istius
1342 574 1812 639 lenitatem,illius
1829 577 2085 635 Aautem
2114 592 2236 646 ego,
2270 575 2368 630 sed
2395 575 2582 646 gratia
2618 576 2737 644 Dei,
2771 595 2894 649 quae
2923 595 3144 636 mecum
3175 588 3261 638 est
3291 588 3343 654 (Ι
3368 588 3492 643 Cor.

210 668 816 740 vigilantiam,alterius
836 666 1055 737 legendi
1069 663 1438 719 aemulabatur
1451 663 1807 731 industriam;

210 758 380 814 istum
407 760 783 830 jejunantem,
804 757 963 811 illum
983 755 1141 810 humi
1173 755 1551 826 quiescentem
1573 753 1812 808 miraba-

210 853 339 914 tur;
389 847 624 902 alterius
655 847 1005 918 patientiam,
1039 844 1270 898 alterius
1319 841 1810 896 mansuetudinem

208 937 565 1008 praedicabat.
597 937 863 992 Omnium
895 951 1117 1007 quoque
1137 933 1400 988 vicariam
1423 949 1558 1003 erga
1587 949 1645 985 se
1671 932 1812 985 reti-

207 1042 348 1080 nens
378 1027 736 1093 charitatem,
768 1032 936 1097 atque
957 1024 1230 1078 universis
1257 1023 1526 1076 virtutum
1556 1021 1808 1092 partibus

206 1116 495 1187 irrigatus,
546 1116 619 1170 ad
671 1116 858 1170 sedem
909 1114 1196 1186 propriam
1236 1111 1679 1181 regrediebatur.
1725 1110 1806 1186 Ibi

207 1222 398 1260 secum
425 1205 689 1260 universa
717 1210 1085 1277 pertractans,
1109 1202 1360 1257 omnium
1385 1201 1442 1254 in
1471 1218 1530 1254 se
1552 1200 1697 1254 bona
1718 1200 1806 1253 ni-

207 1294 434 1350 tebatur
480 1295 811 1367 exprimere.
850 1295 1045 1364 Neque
1104 1309 1233 1346 vero
1272 1291 1567 1345 adversum
1595 1306 1805 1343 coaevos

207 1385 511 1456 aliquando
539 1385 883 1449 movebatur,
927 1384 1024 1437 sed
1053 1400 1120 1436 ea
1149 1381 1537 1436 tantummodo
1581 1382 1809 1434 ﬂamma

207 1475 434 1546 egregio
463 1474 582 1529 viro
610 1473 895 1529 crescebat
922 1474 981 1527 in
1017 1479 1260 1544 pectore,
1284 1488 1352 1525 ne
1375 1470 1652 1524 secundus
1683 1470 1806 1524 cui-

207 1581 378 1635 quam
409 1564 468 1618 in
493 1565 774 1636 praedictis
803 1563 1065 1634 operibus
1094 1561 1458 1616 inveniretur.
1493 1561 1562 1614 Et
1591 1561 1695 1613 hoc
1726 1559 1806 1612 ita

204 1652 463 1719 faciebat,
489 1660 555 1708 ut
573 1671 702 1709 cum
731 1670 925 1709 omnes
953 1651 1134 1722 gloria
1160 1651 1420 1714 anteiret,
1438 1649 1698 1703 omnibus
1717 1655 1804 1702 ta-

205 1759 335 1798 men
359 1744 564 1798 charus
593 1749 758 1798 esset.
790 1745 936 1797 Nam
959 1748 1015 1796 et
1031 1741 1196 1795 vicini
1217 1745 1274 1794 et
1287 1739 1563 1803 monachi,
1579 1739 1649 1791 ad
1668 1754 1806 1808 quos

1892 668 2000 732 xv).

1964 755 2254 808 Postremo
2269 771 2394 809 cum
2409 772 2508 809 nec
2524 756 2626 810 hoc
2639 763 2970 827 argumento
2990 761 3280 820 destruere
3305 771 3494 835 posset

1891 844 2198 898 Antonium
2220 845 2388 898 draco
2411 847 2752 912 teterrimus,
2780 855 2835 902 et
2859 849 3073 905 videret
3100 869 3158 906 se
3180 871 3403 925 semper
3422 855 3492 910 ab

1892 934 2014 1002 ejus
2036 933 2471 1003 cogitationibus
2487 937 2700 1006 repelli.
2728 939 3034 993 secundum
3052 943 3197 1011 quod
3218 944 3492 1015 scriptum

1891 1029 1977 1076 est
2016 1025 2214 1090 (.llarc.
2251 1029 2343 1092 Ix),
2381 1025 2624 1078 stridens
2654 1027 2913 1082 dentibus
2939 1035 2992 1083 et
3037 1032 3272 1100 ejulans,
3309 1035 3491 1104 qualis

1891 1118 1995 1178 est,
2030 1112 2158 1166 talis
2190 1113 2389 1168 merito
2420 1115 2726 1185 apparebat
2755 1123 2811 1170 et
2841 1119 2996 1172 vultu
3025 1139 3035 1172 :
3071 1137 3213 1190 puer
3229 1122 3490 1178 horridus

1891 1206 2059 1272 atque
2089 1203 2267 1272 niger,
2301 1203 2369 1256 ad
2400 1205 2522 1273 ejus
2560 1222 2618 1258 se
2646 1222 2833 1275 genua
2855 1209 3199 1277 provolvens,
3233 1211 3483 1267 humana

1889 1307 2020 1344 voce
2033 1290 2221 1356 ﬂebat,
2242 1291 2458 1345 dicens:
2494 1292 2698 1347 Multos
2720 1295 2934 1363 seduxi,
2961 1297 3233 1366 plurimos
3251 1300 3439 1372 decepi
3467 1321 3478 1367 ;

1891 1396 2042 1433 nunc
2067 1386 2256 1434 autem
2289 1386 2352 1434 ut
2380 1398 2414 1434 a
2438 1382 2652 1435 caeteris
2683 1384 2910 1450 sanctis,
2940 1385 3017 1438 ita
3048 1392 3103 1440 et
3133 1392 3229 1441 tuo
3252 1404 3376 1442 sum
3407 1390 3492 1442 la-

1891 1467 2024 1522 bore
2063 1474 2380 1540 superatus.
2424 1470 2602 1533 Quem
2652 1489 2778 1525 cum
2809 1473 3185 1544 interrogaret
3213 1478 3492 1532 Antonius

1891 1558 2149 1628 quisnam
2181 1564 2348 1624 esset,
2387 1559 2482 1630 qui
2512 1560 2648 1614 talia
2686 1561 3030 1632 loqueretur,
3062 1565 3182 1618 ait:
3216 1567 3329 1636 Ego
3362 1585 3489 1622 sum

1888 1647 2272 1701 fornicationis
2289 1648 2631 1718 amicus,ego
2645 1651 2978 1706 multimoda
2989 1653 3282 1708 adversum
3297 1673 3491 1711 omnes

1888 1736 2268 1790 adolescentes
2292 1738 2662 1808 turpitudinis
2683 1756 2844 1794 arma
2867 1743 3085 1813 suscepi
3111 1762 3122 1810 ;
3156 1743 3284 1798 hinc
3302 1751 3358 1799 et
3384 1746 3494 1817 spi-

204 1849 354 1904 sazpe
372 1833 648 1898 veniebat,
672 1832 982 1888 Antonium
1003 1829 1567 1895 videntes,Deicolam
1587 1843 1805 1881 nuncu-
1825 1901 1857 1904 _
1888 1826 2028 1879 ritus
2050 1826 2436 1880 fornicationis
2462 1827 2763 1896 vocor(l-’1).
2793 1830 3046 1893 Quantos
3073 1833 3271 1903 pudice
3311 1835 3492 1889 vivere

202 1901 415 1994 pabant
437 1943 450 1990 ;
473 1923 818 1994 indultisque
847 1928 1062 1976 naturae
1090 1918 1394 1985 vocabulis,
1410 1918 1639 1989 quidam
1660 1922 1724 1971 ut
1743 1917 1804 1970 ﬂ-
1824 1901 1870 1962 Β
1892 1915 2254 1986 disponentes
2272 1915 2436 1970 fefelli
2457 1917 2468 1969 !
2494 1923 2630 1987 quot
2650 1919 2899 1972 tenuiter
2915 1901 3264 1991 incipientes,
3285 1923 3354 1976 ad
3377 1941 3493 1978 sor-

199 2011 357 2078 lium,
391 2013 486 2067 alii
515 2018 579 2067 ut
605 2013 834 2067 fratrem
855 2009 1166 2080 diligebant
1190 2007 1324 2081 (1‘2).

271 2139 728 2193 CAP.IV.—Dum
755 2137 869 2192 haec
889 2139 1112 2207 gereret
1138 2133 1438 2201 Antonius,
1472 2131 1673 2204 quibus
1689 2148 1804 2184 om-

196 2229 353 2285 nium
367 2229 425 2284 in
436 2245 496 2283 se
508 2232 835 2300 provocaret
848 2223 1391 2290 aﬂ‘ectum,inimicus
1402 2220 1806 2276 nominisChri-

195 2320 365 2374 stiani
395 2319 671 2384 diabolus,
705 2316 1064 2388 impatienter
1088 2314 1269 2367 ferens
1301 2317 1488 2366 tantas
1518 2311 1576 2364 in
1604 2311 1799 2364 adole-

194 2415 384 2464 scente
394 2405 929 2472 virtutes,veteranis
941 2421 1068 2458 eum
1080 2419 1381 2473 aggressus
1392 2406 1477 2455 est
1489 2399 1799 2455 fraudibus.

198 2499 267 2553 Et
280 2498 464 2571 primo
487 2497 711 2569 quidem
733 2501 976 2560 tentans,
1001 2493 1048 2547 si
1069 2509 1177 2564 quo
1201 2491 1365 2544 modo
1402 2493 1589 2561 posset
1611 2487 1680 2542 ab
1709 2505 1801 2542 ar-

197 2595 357 2660 repto
378 2604 506 2642 eum
527 2586 785 2641 instituto
805 2584 1120 2648 detrahere,
1155 2579 1496 2635 immittebat
1515 2579 1565 2633 ei
1593 2595 1802 2632 memo-

197 2678 341 2732 riam
393 2676 830 2749 possessionum,
878 2673 1087 2728 sororis
1135 2669 1536 2733 defensionem,
1575 2667 1800 2738 generis

202 2767 576 2832 nobilitatem,
600 2781 850 2820 amorem
873 2779 1083 2828 rerum,
1104 2762 1311 2815 ﬂuxam
1334 2758 1518 2813 saeculi
1539 2758 1796 2828 gloriam,

203 2874 340 2913 escae
363 2856 578 2911 variam
619 2854 1064 2918 delectationem,
1107 2855 1164 2904 et
1193 2850 1411 2920 reliqua
1446 2848 1572 2901 vitae
1603 2847 1802 2900 remis-

195 2948 362 3002 sioris
383 2945 790 3012 blandimenta;
810 2949 1093 3015 postremo
1107 2939 1330 2993 virtutis
1350 2937 1587 2992 arduum
1605 2937 1791 3000 ﬁnem,

196 3043 251 3091 et
273 3036 580 3090 maximum
612 3032 968 3106 perveniendi
991 3029 1261 3094 laborem,
1291 3043 1507 3082 necnon
1533 3031 1588 3080 et
1608 3042 1800 3096 corpo-

195 3125 274 3180 ris
297 3125 663 3197 fragilitatem
689 3121 1042 3194 suggerebat,
1068 3126 1124 3174 et
1143 3117 1323 3173 zetatis
1345 3117 1527 3188 spatia
1544 3114 1757 3186 prolixa
1783 3132 1793 3166 :

194 3233 427 3287 prorsus
456 3213 754 3269 maximam
785 3212 836 3267 ei
865 3209 1266 3282 cogitationum
1295 3205 1593 3276 caliginem
1619 3202 1795 3257 susci-

194 3305 374 3373 tabat,
403 3306 593 3360 volens
622 3320 751 3359 eum
783 3319 818 3357 a
840 3307 992 3356 recto
1020 3297 1304 3371 proposito
1334 3310 1612 3349 revocare.

267 3433 574 3503 Postquam
613 3435 802 3484 autem
851 3425 1104 3482 diabolus
1151 3420 1498 3478 orationibus
1553 3420 1675 3489 ejus
1725 3419 1795 3472 ad

193 3522 508 3592 Deum,per
523 3518 799 3591 passionis
819 3517 988 3572 fidem
1001 3532 1061 3569 se
1075 3511 1349 3568 intellexit
1368 3509 1797 3570 elidi,consueta

192 3613 497 3667 adversum
524 3626 734 3674 _omnes
763 3607 1144 3662 adolescentes
1173 3618 1332 3657 arma
1359 3599 1655 3669 arripiens,
1692 3615 1794 3651 no-

190 3701 412 3756 cturnis
433 3717 558 3755 eum
581 3696 934 3770 inquietabat
949 3691 1243 3749 illecebris.
1260 3691 1329 3745 Et
1348 3689 1592 3760 primum
1615 3687 1794 3741 nocti-

191 3791 300 3846 bus
329 3791 533 3845 infesta
561 3787 922 3844 multitudine
967 3789 1024 3838 et
1070 3779 1326 3837 horribili
1374 3783 1529 3832 metu
1577 3776 1794 3831 sonitus

191 3896 327 3935 eum
345 3879 629 3950 exagitare
650 3875 975 3932 conabatur.
997 3875 1104 3927 Per
1123 3871 1244 3925 dies
1264 3869 1435 3924 etiam
1450 3873 1568 3921 tam
1583 3865 1793 3936 apertis

190 3971 255 4024 in
276 3985 406 4024 eum
431 3969 558 4023 telis
577 3966 847 4033 irruebat,
872 3970 935 4020 ut
954 3963 1142 4018 nullus
1162 3958 1494 4029 ambigeret,
1521 3955 1655 4027 quin
1676 3956 1790 4008 An-

191 4059 386 4114 tonius
407 4064 603 4113 contra
622 4055 908 4112 diabolum
938 4052 1252 4108 dimicaret.
1295 4050 1440 4103 Nam
1457 4052 1514 4100 et
1528 4046 1621 4099 ille
1641 4044 1796 4114 cogi-

189 4147 441 4203 tationes
455 4146 706 4202 sordidas
723 4143 1032 4200 conabatur
1054 4141 1322 4204 inserere,
1343 4143 1399 4191 et
1420 4136 1510 4189 hic
1522 4151 1615 4188 eas
1632 4139 1795 4187 oratu

190 4236 564 4291 submovebat
598 4235 824 4290 assiduo
886 4232 986 4288 Ille
1023 4228 1292 4285 titillabat
1327 4242 1524 4280 sensus
1551 4222 1795 4278 naturali

190 4326 380 4382 carnis
419 4326 653 4392 ardore;
698 4324 787 4378 hic
817 4323 944 4388 ﬁde,
979 4319 1184 4391 vigiliis
1223 4323 1281 4372 et
1318 4314 1547 4387 jejuniis
1594 4329 1794 4383 corpus

191 4432 364 4470 omne
394 4415 653 4470 vallabat.
689 4414 789 4469 Ille
830 4429 930 4484 per
959 4415 1150 4465 noctes
1179 4407 1235 4461 in
1265 4405 1511 4478 pulchrae
1535 4401 1796 4464 mulieris

190 4505 516 4559 vertebatur
543 4509 825 4566 ornatum,
859 4501 1016 4554 nulla
1045 4498 1309 4553 omittens
1343 4495 1613 4564 figmenta
1641 4489 1797 4544 lasci-

1886 2004 1984 2058 des
2029 2005 2296 2075 pristinas
2346 2005 2527 2059 redire
2558 2008 2806 2076 persuasi
2848 2009 2858 2060 !
2911 2009 3026 2078 Ego
3075 2028 3220 2076 sum,
3261 2018 3494 2083 propter

1886 2110 2053 2164 quem
2079 2095 2351 2165 propheta
2393 2095 2578 2165 lapsos
2601 2096 2870 2166 increpat,
2892 2097 3115 2152 dicens:
3152 2100 3362 2170 Spiritu
3383 2102 3491 2155 for-

1885 2182 2182 2237 nicationis
2201 2183 2415 2238 seducti
2437 2185 2570 2237 estis
2592 2184 2749 2246 (Osca?
2776 2191 2871 2255 Iv),
2887 2192 2942 2241 et
2968 2204 3161 2242 revera
3190 2206 3290 2260 per
3321 2207 3410 2255 me
3432 2196 3489 2246 et

1887 2271 1969 2325 illi
1987 2272 2214 2326 fuerant
2231 2273 2594 2344 supplantati.
2623 2275 2737 2344 Ego
2769 2292 2895 2329 sum
2925 2277 3020 2346 qui
3041 2283 3096 2331 te
3130 2277 3315 2349 ipsum
3341 2296 3488 2350 saepe

1885 2362 2116 2422 tentavi.
2151 2369 2208 2416 et
2235 2379 2456 2433 semper
2495 2364 2753 2433 repulsus
2791 2381 2937 2418 sum.
2969 2367 3111 2420 Cum
3142 2367 3247 2421 hoc
3277 2369 3487 2422 Christi

1886 2451 2047 2504 miles
2064 2451 2330 2516 audisset,
2348 2452 2560 2521 gratias
2583 2469 2755 2522 agens
2776 2454 2910 2519 Deo,
2937 2461 2993 2508 et
3012 2456 3254 2525 largiore
3287 2457 3486 2511 adver-

1885 2556 1981 2594 sus
2008 2541 2299 2594 inimicum
2329 2540 2674 2595 confortatus
2692 2542 2944 2607 audacia,
2967 2544 3074 2597 ait:
3101 2546 3338 2600 Multum
3354 2564 3486 2617 ergo

1883 2629 2254 2700 despicabilis,
2285 2630 2639 2700 multumque
2670 2631 3105 2702 contemptibilis
3129 2649 3188 2688 es
3213 2653 3224 2700 ;
3267 2651 3400 2688 nam
3430 2641 3487 2688 et

1883 2719 2195 2773 obscuritas
2216 2725 2314 2773 tua
2334 2724 2391 2772 et
2411 2724 2545 2773 aetas
2560 2720 2916 2776 infirmarum
2937 2721 3096 2792 signa
3121 2728 3254 2777 sunt
3272 2740 3482 2779 rerum.

1883 2808 2052 2862 Nulla
2067 2807 2204 2861 mihi
2221 2809 2338 2878 jam
2362 2808 2430 2862 de
2453 2813 2509 2861 te
2521 2825 2656 2862 cura
2679 2815 2781 2863 est.
2810 2809 3082 2864 Dominus
3103 2811 3239 2865 mihi
3260 2812 3488 2883 adjutor

1883 2903 1984 2962 est,
2037 2903 2094 2950 et
2145 2913 2247 2967 ego
2297 2897 2585 2952 exsultabo
2632 2915 2800 2968 super
2836 2899 3092 2953 inimicos
3129 2917 3283 2955 meos
3319 2904 3481 2971 (Psal.

1883 2993 2076 3052 cxvu).
2132 2987 2200 3040 Et
2229 2987 2440 3053 statim,
2474 2987 2543 3039 ad
2575 3003 2764 3042 vocem
2811 2989 3109 3056 cantantis,
3145 2991 3485 3061 phantasma

1884 3077 2033 3146 quod
2055 3075 2365 3142 videbatur,
2393 3077 2639 3130 evanuit.
2675 3077 2684 3085 ”

1955 3165 2085 3219 CAP.
2119 3165 2186 3220 V.
2222 3194 2278 3207 -—
2319 3166 2450 3220 Haec
2479 3172 2666 3219 autem
2716 3166 2947 3221 Antonii
2979 3172 3175 3222 contra
3199 3168 3484 3224 diabolum

1819 3225 1863 3286 ί]
1881 3253 1987 3308 fuit
2014 3253 2197 3324 prima
2223 3253 2471 3317 victoria,
2499 3254 2609 3308 imo
2627 3254 3120 3310 virtusinAntonio
3134 3257 3478 3316 Salvatoris:

1881 3343 1976 3414 qui
1999 3349 2287 3413 peccatum
2318 3343 2376 3396 in
2397 3360 2565 3396 carne
2593 3343 3004 3405 condemnavit,
3030 3350 3154 3411 3Q
3185 3350 3248 3400 ut
3269 3347 3484 3416 justiﬁ-

1879 3432 2023 3486 catio
2056 3433 2196 3502 legis
2226 3449 2284 3486 in
2308 3431 2467 3486 nobis
2492 3433 2884 3503 compleretur,
2914 3435 3007 3504 qui
3042 3451 3153 3488 non
3175 3437 3481 3490 secundum

1881 3538 2108 3575 carnem
2131 3522 2506 3587 ambulamus,
2543 3523 2639 3575 sed
2671 3523 2978 3577 secundum
3009 3524 3270 3594 spiritum
3305 3527 3478 3594 (Rom.

1878 3616 2018 3678 vm).
2046 3611 2150 3665 Sed
2184 3627 2366 3682 neque
2393 3612 2638 3665 Antonio
2660 3613 3020 3666 securitatem
3054 3613 3210 3667 dedit
3230 3614 3319 3668 hic
3337 3631 3483 3669 unus

1876 3700 2216 3770 triumphus,
2249 3717 2352 3754 nec
2379 3699 2599 3754 diabolo
2629 3701 2802 3754 semel
2829 3701 3016 3755 fractae
3036 3701 3287 3756 defecere
3316 3703 3481 3761 vires.

1878 3789 2025 3843 Nam
2049 3795 2106 3843 et
2125 3789 2249 3854 iste,
2274 3795 2340 3844 ut
2361 3789 2448 3842 leo
2488 3789 2715 3859 rugiens
2735 3791 2783 3858 (Ι
2813 3792 2920 3843 Pet.
2953 3793 3026 3857 v),
3053 3790 3339 3860 quaerebat
3367 3793 3484 3846 adi-

1876 3883 1998 3932 tum
2029 3894 2128 3950 per
2158 3895 2324 3949 quem
2353 3883 2543 3948 posset
2574 3877 2922 3947 irrumpere;
2960 3883 3017 3931 et
3045 3879 3138 3931 ille
3170 3879 3484 3950 Scriptura-

1877 3985 2004 4022 rum
2033 3969 2230 4021 doctus
2260 3967 2501 4038 eloquio,
2531 3967 2738 4020 multas
2769 3984 2888 4020 esse
2917 3967 3237 4021 daemonum
3267 3965 3484 4039 captio-

1878 4075 1978 4112 nes
1999 4059 2208 4126 (Ephcs.
2241 4056 2338 4126 vI),
2363 4055 2554 4111 solerti
2587 4057 2936 4128 propositum
2967 4056 3157 4110 labore
3189 4057 3480 4125 servabat;

1879 4147 2242 4201 considerans
2269 4145 2400 4217 quia
2430 4151 2620 4217 posset
2649 4147 2888 4200 Satanas
2919 4145 2978 4199 in
3011 4146 3196 4200 carnis
3225 4146 3484 4201 collucta-

1877 4237 2031 4290 tione
2051 4241 2368 4307 SUperatus,
2391 4252 2661 4289 novarum
2681 4235 2948 4289 adversus
2961 4252 3020 4288 se
3042 4235 3250 4289 artium
3278 4235 3486 4290 machi-

1877 4343 1980 4380 nas
2010 4325 2193 4380 acrius
2223 4324 2819 4379 commovere.Idcirco
2846 4324 3024 4394 magis
3053 4341 3118 4378 ac
3144 4325 3326 4394 magis
3357 4323 3485 4378 sub-

1873 4413 2112 4486 jugabat
2155 4430 2357 4484 corpus
2386 4430 2569 4477 suum,
2605 4430 2675 4466 ne
2728 4413 2904 4466 victor
2959 4413 3218 4477 aliorum,
3260 4413 3319 4466 in
3357 4413 3482 4466 aliis

1879 4504 2196 4558 vinceretur
2216 4504 2406 4574 (1001'.
2438 4507 2539 4570 Ix).
2564 4502 2874 4572 Disponens
2895 4501 3071 4570 igitur
3092 4501 3306 4554 duriori
3327 4518 3386 4554 se
3407 4502 3484 4554 vi-

189 4595 290 4649 viaa
313 4621 327 4659 ε
363 4594 453 4648 hic
479 4593 704 4648 ultrices
729 4592 1000 4663 gehennae
1026 4591 1281 4642 ﬂammas
1311 4589 1368 4639 et
1386 4583 1637 4640 dolorem
1665 4596 1790 4634 ver-

1886 4600 1944 4648 ta:
1976 4594 2098 4662 lege
2126 4591 2672 4660 constringere,cum
2704 4605 2899 4642 omnes
2929 4587 3336 4657 infatigabilem
3351 4587 3481 4642 ado-

189 4685 369 4738 mium
401 4683 716 4745 recordans,
740 4682 968 4753 ingestae
998 4677 1103 4733 sibi
1133 4674 1352 4731 libidini
1383 4669 1716 4744 opponebat.

265 4792 364 4846 Ille
408 4791 686 4846 lubricum
723 4787 1112 4844 adolescentia:
1166 4784 1277 4838 iter
1307 4780 1434 4851 (13),
1476 4784 1531 4834 et
1573 4778 1644 4833 ad
1671 4775 1792 4831 rui-

187 4898 322 4937 nam
343 4881 503 4936 facile
522 4877 885 4953 prolionebat;
911 4877 1000 4931 hic
1021 4880 1233 4930 aeterna
1255 4871 1430 4926 futuri
1447 4867 1643 4940 judicii
1673 4872 1791 4921 tor-

188 4977 384 5026 menta
411 4969 791 5033 considerans,
840 4967 1073 5022 illaesam
1114 4963 1316 5019 anima)
1349 4959 1654 5032 puritatem
1694 4972 1794 5027 per

187 5065 538 5116 tentamenta
553 5057 828 5114 servabat.
853 5058 968 5112 Ista
986 5060 1176 5110 autem
1197 5051 1387 5107 omnia
1420 5048 1490 5102 ad
1512 5045 1789 5100 confusio-

188 5166 318 5204 nem
339 5148 548 5204 diaboli
581 5147 790 5202 ﬂebant
815 5165 827 5213 ;
870 5145 966 5218 qui
991 5144 1140 5200 enim
1169 5141 1412 5197 similem
1449 5154 1508 5191 se
1530 5137 1643 5191 Deo
1666 5133 1787 5189 ﬁeri

183 5256 349 5311 posse
377 5236 751 5303 existimabat,
787 5252 937 5291 nunc
965 5234 1034 5289 ab
1054 5233 1232 5287 adole
1251 5236 1410 5285 cente
1441 5234 1507 5283 ut
1539 5224 1785 5280 miserri-

187 5345 312 5382 mus
341 5325 746 5394 deludebatur;
789 5331 846 5380 et
873 5324 970 5397 qui
999 5329 1193 5378 contra
1223 5336 1451 5375 carnem
1477 5323 1533 5371 et
1561 5314 1786 5385 sangui-

184 5433 313 5472 nem
334 5415 616 5482 saeviebat,
643 5415 712 5470 ab
747 5415 991 5480 homine,
1018 5413 1114 5484 qui
1145 5427 1373 5465 carnem
1410 5405 1669 5479 portabat
1690 5404 1785 5458 eli-

1875 4681 2136 4737 lescentis
2161 4681 2503 4733 mirarentur
2529 4677 2860 4732 instantiam
2889 4676 3027 4745 (-15),
3061 4681 3316 4730 sanctum
3347 4677 3494 4731 tolev

1875 4777 2070 4827 ranter
2099 4769 2312 4824 ferebat
2354 4767 2622 4831 laborem,
2657 4767 2789 4837 quia
2834 4765 3159 4820 voluntaria;
3197 4765 3481 4820 servitutis

1875 4863 2106 4932 longum
2133 4860 2191 4914 in
2214 4859 2315 4913 Dei
2337 4874 2503 4928 Opere
2527 4856 2796 4923 studium,
2821 4855 3287 4910 consuetudinem
3306 4856 3364 4910 in
3387 4873 3482 4911 na-

1875 4959 2065 5007 turam
2094 4955 2356 5004 verterat.

1947 5042 2076 5095 CAP.
2094 5039 2190 5093 VI.
2223 5069 2283 5081 -ο
2309 5036 2514 5092 Inedia:
2544 5041 2735 5089 autem
2762 5039 2819 5088 et
2847 5033 3165 5104 vigiliarum
3187 5033 3479 5087 intantum

1872 5131 2094 5203 patiens
2114 5132 2253 5193 erat,
2279 5132 2343 5181 ut
2360 5125 2812 5180 incredulitatem
2834 5123 3043 5178 viribus
3067 5122 3326 5176 vinceret.
3350 5122 3478 5175 Per-

1874 5219 2136 5274 noctabat
2162 5218 2219 5271 in
2242 5222 2496 5271 oratione
2523 5214 2850 5285 saepissime,
2895 5212 3097 5266 edebat
3116 5211 3287 5265 semel
3311 5210 3368 5263 in
3387 5210 3476 5263 die

1871 5316 1999 5382 post
2036 5308 2169 5362 solis
2208 5322 2489 5366 occasum,
2518 5318 2926 5372 nonnunquam
2967 5300 3136 5353 biduo
3175 5298 3475 5368 triduoque

1868 5400 1948 5453 sic
1978 5413 2334 5469 permanens,
2370 5401 2573 5466 quarta
2602 5393 2830 5446 demum
2852 5390 2941 5443 die
2968 5387 3342 5442 reﬁciebatur.
3375 5387 3477 5441 Su-

186 5523 280 5561 sus
296 5504 722 5576 est.Adjuvabat
751 5505 900 5559 enim
921 5519 1144 5557 servum
1175 5517 1340 5556 suum
1359 5496 1650 5560 Dominus,
1689 5493 1783 5565 qui
1871 5489 2061 5542 mebat
2080 5504 2209 5541 vero
2233 5503 2436 5557 panem
2467 5490 2524 5538 et
2551 5484 2656 5548 sal,
2695 5487 3001 5552 potumque
3031 5491 3474 5576 aquaenpcrpar-

187 5596 360 5651 nostri
385 5594 573 5666 gratia
612 5612 838 5649 carnem
873 5592 1205 5663 suscipiens,
1238 5589 1530 5644 victoriam
1563 5583 1786 5655 corpori
1870 5595 2020 5633 vum.
2054 5578 2134 5631 De
2182 5575 2444 5630 carnibus
2474 5591 2604 5628 vero
2649 5577 2703 5625 et
2734 5571 2860 5622 vino
2891 5574 3077 5621 tacere
3110 5565 3310 5666 melius
3339 5571 3476 5636 puto

186 5654 694 5740 contravdiabolum
717 5683 955 5756 largitus
975 5654 1078 5748 est,
1110 5654 1449 5751 uta-singulis
1465 5678 1546 5732 ita
1574 5654 1790 5730 certan-
1873 5685 2040 5739 quam
2070 5666 2376 5756 quidquam
2409 5665 2611 5756 dicere,
2636 5659 2992 5756 quandonnec
3021 5654 3170 5756 apud
3199 5654 3474 5756 plurimos

185 5779 349 5850 tibus,
385 5777 758 5854 apostolicum
787 5743 983 5832 liceret
1010 5770 1260 5845 proferre
1281 5743 1629 5826 sermonem:
1663 5765 1790 5820 Non
1875 5757 2109 5830 quidem
2138 5754 2548 5810 monachorum
2571 5746 2889 5806 istiusmodi
2921 5743 3136 5817 aiiquid
3159 5743 3480 5818 reperiatur
