3958 6458
415 451 515 514 131

1453 447 1548 504 DE
1583 445 1774 505 VITIS
1809 445 2105 503 PATRUM
2141 445 2358 502 LIBER
2392 445 2682 502 PRIMUS.

3581 445 3695 504 132

411 578 599 644 Quieti
627 581 816 632 autem
835 573 1090 630 membra
1114 573 1445 636 concedam,
1455 575 1628 644 junco
1645 577 1903 628 contexto
1928 577 2013 627 at-
2031 575 2074 634 Α
2093 572 2389 627 adversum
2419 587 2508 627 me
2533 576 2742 637 castra,
2773 587 2889 627 non
2925 570 3149 626 timebit
3177 585 3274 628 cor
3300 587 3492 626 meum
3508 571 3693 642 (Psal.

415 685 525 740 que
553 665 732 722 cilicio
761 663 1042 720 utebatur.
1075 664 1493 734 Nonnunquam
1515 663 1685 717 etiam
1713 679 1884 734 super
1918 678 2018 716 nu-

411 757 542 812 dam
575 757 811 812 humum
833 752 1081 824 jacebat.
1107 759 1399 823 unguenta
1427 752 1652 823 penitus
1684 751 2008 822 repudians.

413 845 643 900 Dicebat
671 843 819 898 enim
853 842 1090 898 minime
1118 859 1279 912 posse
1310 842 1610 908 utentium,
1649 847 1707 895 et
1741 840 2016 911 pracipue

406 935 678 1006 juvenum
703 947 940 1003 corpora
959 929 1230 997 roborari,
1248 930 1295 984 si
1312 931 1418 985 olei
1430 935 1618 984 essent
1635 929 1865 983 lenitate
1883 928 2016 982 mol-

412 1023 552 1094 lita;
599 1028 861 1094 Oportere
891 1035 1020 1074 vero
1047 1035 1276 1090 asperos
1296 1019 1452 1073 carni
1481 1017 1699 1072 labores
1730 1016 2015 1088 imperari,

414 1111 722 1167 secundum
773 1108 1028 1182 Apostoli
1057 1114 1416 1180 praeceptum,
1460 1107 1732 1162 dicentis:
1785 1106 2020 1171 Quando

413 1200 690 1266 infirmor,
735 1204 872 1255 tunc
910 1197 1109 1253 fortior
1136 1214 1259 1252 sum
1291 1198 1370 1264 (ΙΙ
1395 1197 1518 1252 Cor.
1546 1197 1662 1264 xu).
1696 1193 2022 1250 Asserebat-

417 1306 528 1363 que
556 1305 784 1344 sensum
815 1287 992 1342 animi
1011 1285 1093 1340 sic
1119 1302 1281 1357 posse
1313 1284 1664 1350 reviviscere,
1697 1285 1744 1339 si
1773 1283 2022 1356 corporis

417 1378 622 1434 fuisset
646 1377 892 1449 impetus
905 1375 1192 1446 fatigatus.
1215 1375 1375 1430 Unde
1387 1390 1490 1428 nec
1504 1379 1823 1444 temporum
1845 1371 2022 1442 longi-

417 1467 614 1522 tudine
627 1465 889 1521 laborum
907 1463 1114 1518 merita
1139 1461 1431 1535 pensabat,
1445 1462 1541 1517 sed
1555 1479 1745 1517 amore
1761 1467 1818 1516 et
1837 1461 2020 1515 famu-

418 1555 540 1610 latu
565 1559 872 1626 spontaneo
915 1568 1156 1623 semper,
1189 1557 1459 1622 tanquam
1487 1550 1546 1604 in
1577 1549 1864 1621 principiis
1891 1564 2019 1602 con-

419 1645 673 1706 stitutus.
699 1643 770 1698 ad
795 1641 1105 1714 profectum
1124 1640 1296 1694 divini
1315 1646 1499 1694 metus
1521 1638 1862 1694 desiderium
1890 1653 2019 1692 con-

419 1731 650 1790 citabat.
699 1731 984 1802 Novisque
1025 1729 1256 1801 cupiens
1285 1728 1480 1800 augeri
1511 1727 1813 1800 praeterita,
1846 1743 2018 1798 supra

421 1819 719 1876 memorati
740 1819 995 1875 Doctoris
1010 1835 1334 1873 sermonum
1350 1817 1764 1884 recordabatur,
1785 1816 1883 1888 qui
1903 1814 2013 1871 ait:

2098 667 2258 725 xxvr).
2289 661 2448 716 Talia
2495 678 2561 716 eo
2608 661 2847 718 dicente.
2882 660 3156 716 bonorum
3206 661 3383 715 hostis
3411 659 3693 727 diabolus,

2098 749 2408 804 admiratus
2429 751 2576 820 quod
2603 756 2729 822 post
2749 756 2834 804 tot
2849 749 3080 805 verbera
3098 750 3296 805 fuisset
3319 763 3490 804 ausus
3511 766 3698 804 rever-

2098 840 2162 904 ti,
2181 839 2538 910 congregatis
2570 839 2802 894 canibus
2837 839 2972 906 suis,
3006 845 3062 894 et
3082 840 3307 912 proprio
3326 855 3386 894 se
3404 839 3594 893 furore
3615 839 3701 892 di-

2100 929 2353 983 lanians:
2382 929 2617 991 Videtis,
2641 929 2742 995 ait,
2771 930 2902 1000 quia
2924 945 3027 984 nec
3045 929 3248 1000 spiritu
3287 928 3695 992 fornicationis,

2101 1035 2203 1072 nec
2230 1017 2478 1089 corporis
2507 1017 2793 1072 doloribus
2822 1029 3140 1089 superatus,
3165 1019 3396 1090 insuper
3425 1019 3700 1072 audacter

2101 1106 2324 1161 lacessit
2357 1124 2479 1162 nos.
2525 1107 2730 1162 Omnia
2753 1123 2912 1161 arma
2939 1107 3222 1179 corripite,
3255 1108 3440 1162 acrius
3469 1125 3504 1162 a
3531 1105 3697 1162 nobis

2102 1195 2520 1266 impugnandus
2545 1202 2648 1250 est.
2673 1196 2911 1254 Sentiat.
2934 1197 3158 1250 sentiat.
3193 1195 3369 1250 Debet
3387 1196 3528 1251 scire
3557 1212 3701 1267 quos

2101 1289 2380 1356 provocet.
2425 1285 2593 1350 Dixit,
2641 1290 2698 1338 et
2722 1284 2793 1338 ad
2817 1284 3096 1339 hortantis
3123 1301 3312 1338 vocem
3343 1285 3698 1340 audientium

2099 1372 2267 1428 turba
2281 1374 2583 1438 consensit,
2597 1374 2729 1444 quia
2746 1374 3072 1429 innumeras
3084 1373 3340 1428 diabolus
3357 1374 3527 1428 habet
3545 1379 3700 1429 artes

2100 1463 2357 1518 nocendi.
2393 1463 2621 1518 Sonitus
2651 1463 2825 1534 igitur
2853 1463 3180 1535 repentinus
3207 1463 3504 1534 increpuit,
3522 1463 3601 1517 ita
3635 1469 3702 1518 ut

2100 1551 2220 1606 loco
2231 1551 2485 1606 funditus
2507 1552 2740 1622 agitato,
2778 1557 2835 1606 et
2853 1551 3160 1624 parietibus
3176 1551 3488 1623 patefactis,
3511 1553 3702 1607 multi-

2099 1639 2240 1694 faria
2260 1641 2576 1696 daemonum
2617 1639 2814 1695 exinde
2833 1641 2999 1696 turba
3027 1658 3088 1696 se
3109 1641 3422 1696 effunderet
3444 1661 3456 1708 ;
3479 1659 3612 1696 nam
3641 1646 3702 1696 et

2097 1728 2406 1784 bestiarum
2437 1736 2494 1784 et
2520 1730 2862 1801 serpentium
2895 1730 3104 1784 formas
3124 1730 3441 1797 induentes,
3465 1747 3702 1785 omnem

2096 1819 2354 1890 protinus
2399 1819 2584 1874 locum
2625 1819 2905 1890 replevere
2935 1819 3246 1891 phantasiis
3279 1823 3408 1886 39
3435 1819 3688 1885 leonum,

420 1909 712 1965 Praeterita
757 1907 1104 1976 obliviscens,
1135 1912 1195 1962 et
1229 1907 1290 1962 in
1330 1906 1583 1962 futurum
1629 1905 2018 1961 convalescens
2043 1913 2417 1986 Btaurorum,
2442 1908 2724 1979 luporum,
2749 1908 3028 1979 aspidum.
3059 1908 3426 1980 serpentium,
3459 1908 3704 1979 scorpio-

419 1999 647 2070 (Philip.
695 2006 792 2058 In).
841 1997 1176 2052 Meminerat
1223 2012 1445 2067 quoque
1475 1996 1607 2050 Eliae
1634 1995 1919 2066 prophetae
1945 1994 2026 2048 di-

419 2087 630 2143 centis:
684 2086 839 2142 Vivit
864 2086 1158 2148 Dominus,
1186 2085 1278 2139 cui
1321 2089 1444 2138 asto
1480 2083 1646 2138 hodie
1677 2089 1809 2138 ante
1839 2083 2022 2154 ipsum

423 2176 530 2250 (Ill
555 2178 678 2244 Reg.
719 2176 874 2245 xvuu)
900 2193 915 2243 ;
952 2179 1012 2230 et
1029 2172 1342 2228 disserebat
1365 2189 1466 2227 cur
1493 2173 1650 2227 hodie
1679 2178 1830 2227 esset
1857 2186 2026 2243 appo-

425 2265 618 2327 situm,
643 2263 778 2336 quia
805 2281 918 2319 non
947 2261 1310 2334 computabat
1337 2261 1484 2316 Elias
1511 2261 1857 2332 praeteritum
1887 2266 2026 2315 tem-

422 2371 548 2426 pus,
565 2353 663 2408 sed
683 2359 955 2425 tanquam
978 2351 1228 2423 quotidie
1253 2351 1311 2404 in
1342 2350 1650 2405 certamine
1664 2350 2022 2415 constitutus,

421 2443 596 2498 talem
621 2459 682 2497 se
704 2441 952 2514 praebere
992 2439 1272 2512 cupiebat,
1297 2439 1522 2510 qualem
1551 2438 1764 2494 sciebat
1788 2439 2025 2510 dignum

421 2533 525 2589 Dei
569 2548 697 2588 esse
757 2529 1166 2602 conspectibus,
1197 2545 1401 2602 purum
1426 2530 1614 2596 corde,
1669 2535 1727 2584 et
1759 2534 2023 2602 paratum

431 2620 658 2676 obedire
687 2620 957 2675 voluntati
989 2620 1132 2690 ejus.

498 2711 630 2766 CAP.
661 2709 785 2765 VII.
811 2739 882 2749 —
907 2707 1092 2778 Igitur
1112 2713 1338 2762 sanctus
1357 2707 1635 2762 Antonius
1649 2723 1838 2762 secum
1859 2723 2025 2779 repu-

427 2805 556 2854 tans
580 2803 840 2870 oportere
866 2796 967 2852 Dei
995 2796 1268 2850 famulum
1295 2812 1362 2850 ex
1380 2795 1638 2852 instituto
1663 2796 1854 2866 magni
1893 2797 2026 2852 Elite

427 2888 744 2958 exemplum
774 2902 993 2958 capere,
1011 2890 1068 2940 et
1094 2885 1165 2939 ad
1191 2885 1330 2939 illud
1357 2885 1641 2956 speculum
1671 2885 1841 2940 vitam
1867 2902 2028 2940 suam

442 2975 648 3032 debere
683 2990 1040 3047 componere,
1090 2973 1162 3028 ad
1191 2973 1448 3044 sepulcra
1489 2989 1604 3029 non
1632 2973 1799 3045 longe
1829 2991 1863 3028 a
1899 2974 2028 3030 villa

427 3065 733 3121 constituta
760 3064 1008 3130 secessit,
1039 3062 1138 3117 uni
1161 3062 1231 3117 de
1260 3061 1500 3132 cognitis
1521 3061 1801 3117 mandans
1825 3067 1890 3117 ut
1916 3068 2029 3117 sta-

431 3155 572 3212 tutis
595 3153 795 3209 diebus
824 3152 930 3208 sibi
961 3152 1230 3208 alimenta
1257 3151 1521 3207 deferret.
1567 3152 1637 3206 Et
1669 3167 1796 3206 cum
1826 3151 1885 3206 in
1911 3168 2026 3206 una

2105 2012 2261 2061 num,
2295 2013 2512 2051 necnon
2557 2003 2613 2050 et
2639 1997 2940 2068 pardorum
2969 2003 3138 2069 atque
3169 2013 3431 2052 ursorum
3483 1997 3553 2051 Et
3583 1997 3705 2051 haec

2106 2083 2324 2156 singula
2337 2085 2648 2140 secundum
2670 2102 2830 2140 suam
2847 2085 3162 2140 fremebant
3181 2092 3464 2144 naturam.
3489 2085 3702 2154 Rugie-

2106 2173 2203 2228 bat
2224 2174 2329 2238 leo,
2363 2174 2612 2228 occidere
2638 2174 2826 2229 volens
2851 2194 2862 2242 ;
2889 2181 3084 2230 taurus
3106 2175 3329 2246 mugitu
3355 2181 3413 2229 et
3440 2173 3708 2229 cornibus

2109 2261 2463 2330 minabatur;
2485 2280 2714 2334 serpens
2727 2264 2889 2318 sibilo
2911 2263 3279 2335 personabat;
3311 2264 3573 2334 luporum
3601 2263 3710 2317 im-

2107 2351 2679 2423 petusingerebantur
2694 2372 2706 2420 ;
2723 2353 2931 2424 pardus
2950 2351 3357 2421 discoloriterU
3371 2352 3424 2420 9)
3456 2352 3708 2406 auctoris

2107 2439 2193 2494 sui
2216 2439 2550 2494 calliditates
2573 2441 2758 2495 varias
2781 2441 3081 2495 indicabat.
3095 2441 3303 2497 Truces
3323 2441 3576 2496 omnium
3589 2441 3712 2494 vul-

2105 2534 2216 2596 tus,
2237 2533 2294 2583 et
2327 2529 2471 2584 vocis
2486 2529 2728 2584 horridae
2749 2531 2909 2585 dirus
2924 2531 3174 2588 auditus.
3203 2529 3480 2585 Antonius
3511 2529 3710 2600 ﬂagel-

2104 2618 2252 2672 latus
2300 2623 2469 2690 atque
2498 2619 2786 2674 confossus
2825 2619 3104 2674 sentiebat
3139 2619 3362 2691 quidem
3393 2618 3711 2690 asperiores

2107 2707 2356 2778 corporis
2385 2707 2623 2773 dolores,
2669 2709 2764 2762 sed
2805 2708 3220 2780 imperterritus
3247 2707 3486 2762 durabat
3513 2714 3711 2762 mente

2109 2795 2380 2866 pervigili.
2405 2796 2473 2850 Et
2499 2795 2631 2850 licet
2669 2796 2942 2866 gemitum
2971 2797 3202 2851 vulnera
3231 2797 3414 2851 carnis
3434 2795 3714 2868 exprime-

2109 2890 2254 2949 rent,
2281 2901 2446 2938 sensu
2468 2891 2659 2939 tamen
2679 2886 2827 2939 idem
2858 2902 3218 2957 permmens,
3251 2885 3412 2957 quasi
3431 2885 3499 2940 de
3520 2885 3713 2940 inimi-

2109 2972 2189 3027 cis
2209 2973 2446 3040 luderet,
2471 2973 2832 3045 loquebatur:
2868 2975 2926 3030 SI
2943 2975 3142 3029 virium
3165 2974 3378 3045 aliquid
3397 2973 3708 3042 haberetis,

2109 3061 2392 3116 sufﬁceret
2421 3079 2566 3117 unus
2594 3063 2663 3116 ad
2693 3063 2948 3134 praelium
2974 3081 2986 3131 ;
3036 3063 3133 3118 sed
3165 3063 3430 3135 quoniam
3463 3062 3710 3118 Domino

2107 3167 2203 3204 vos
2223 3157 2523 3206 enervante
2534 3150 3244 3222 frangimini,multitudine
3255 3152 3482 3208 tentatis
3499 3151 3711 3206 inferre

427 3241 818 3312 memoria(l6)
835 3258 1006 3314 supra
1017 3241 1200 3296 dictus
1211 3240 1524 3296 fratereum
1536 3240 1845 3304 clausisset,
1872 3241 2024 3296 solus
2043 3244 2085 3304 Ο
2107 3246 2369 3306 terrores,
2415 3258 2541 3296 cum
2571 3242 2676 3296 hoc
2703 3241 2890 3314 ipsum
2942 3242 3288 3296 inﬁrmitatis
3312 3241 3582 3296 indicium
3609 3242 3706 3308 sit,

426 3333 635 3389 ibidem
666 3331 1010 3387 morabatur.
1053 3331 1310 3385 Metuens
1359 3347 1492 3400 ergo
1535 3329 1789 3385 diabolus
1817 3346 1890 3384 ne
1933 3346 2027 3384 ac-

429 3440 590 3478 cessu
613 3421 886 3492 temporis
915 3436 1166 3474 eremum
1179 3435 1402 3490 quoque
1427 3417 1672 3472 habitari
1687 3418 1916 3485 faceret,
1949 3419 2028 3473 ita

430 3529 560 3566 eum
590 3509 910 3581 aggregatis
939 3507 1270 3563 satellitibus
1301 3507 1438 3572 suis,
1470 3504 1626 3560 varia
1645 3507 1793 3560 caede
1822 3506 2030 3562 lacera-

430 3601 528 3668 vit,
564 3605 628 3654 ut
655 3599 865 3653 doloris
891 3596 1220 3667 magnitudo
1245 3601 1304 3650 et
1331 3600 1545 3649 motum
1575 3593 1825 3650 auferret
1847 3600 1904 3650 et
1930 3612 2028 3650 vo-

429 3705 570 3744 cem.
618 3689 763 3742 Nam
812 3696 871 3741 et
913 3687 1033 3758 ipse
1062 3691 1258 3756 postea
1284 3700 1430 3755 saepe
1467 3681 1761 3750 referebat,
1798 3683 2031 3740 vulnera

428 3777 600 3833 fuisse
627 3783 748 3831 tam
777 3775 988 3847 gravia.
1024 3779 1088 3829 ut
1121 3773 1382 3828 universa
1417 3771 1709 3827 hominum
1745 3777 2030 3828 tormenta

430 3870 800 3938 superarent;
833 3863 930 3919 sed
959 3862 1061 3918 Dei
1088 3861 1457 3934 providentia,
1503 3877 1626 3932 quae
1651 3877 1940 3932 nunquam
1969 3861 2029 3917 in

433 3973 493 4012 se
522 3953 878 4028 sperantibus
907 3953 1085 4018 deest,
1115 3951 1463 4006 conservavit
1489 3966 1642 4005 eum.

503 4045 631 4099 Alio
679 4043 789 4108 die,
823 4041 872 4096 is
899 4057 1067 4112 quem
1097 4056 1266 4112 supra
1294 4040 1538 4094 diximus
1564 4038 1739 4093 frater
1781 4039 2026 4107 advenit,

433 4133 586 4188 cibos
612 4131 868 4186 deferens
890 4135 1171 4194 assuetos;
1200 4133 1369 4198 atque
1393 4143 1520 4182 eum
1536 4127 1818 4198 jacentem
1839 4127 1897 4182 in
1920 4131 2032 4183 ter-

433 4238 501 4276 ra
527 4221 976 4278 semimortuum.
1003 4217 1200 4272 fractis
1219 4216 1453 4282 foribus,
1482 4215 1709 4272 invenit.
1735 4217 1910 4282 Quem
1932 4217 2034 4272 im-

434 4309 680 4382 positum
707 4307 978 4372 humeris,
1003 4306 1074 4360 ad
1104 4303 1307 4360 villula:
1335 4304 1678 4360 domicilium
1703 4307 2026 4377 reportavit.

437 4398 559 4464 Quo
588 4397 801 4464 audito,
820 4396 1019 4466 ingens
1048 4394 1357 4449 vicinorum
1379 4399 1548 4464 atque
1567 4393 1822 4449 affinium
1847 4395 2036 4450 multi-

436 4487 573 4542 tudo
593 4500 949 4550 concurrens,
982 4483 1142 4538 triste
1169 4483 1230 4537 in
1259 4481 1444 4538 medio
1473 4481 1641 4554 positi
1669 4481 1882 4537 funeris
1911 4483 2036 4538 red-

435 4575 605 4630 debat
625 4573 886 4630 ofﬁcium.
907 4573 976 4628 Et
985 4573 1106 4644 jam
1127 4570 1310 4660 media
1331 4571 1510 4660 noctis
1538 4576 1698 4660 parte
1724 4576 2037 4643 transgres—
2053 4599 2104 4660 D

437 4680 520 4729 sa,
565 4663 751 4734 gravis
778 4660 1079 4734 pervigiles
1105 4659 1358 4714 omnium
1391 4659 1580 4714 oculos
1601 4659 1811 4715 vicerat
1845 4677 2028 4732 sopor.

437 4752 580 4809 Tum
608 4749 888 4806 Antonius
909 4749 1101 4804 anima
1122 4748 1412 4819 paululum
1427 4748 1696 4803 redeunte
1724 4747 2032 4819 suspirans,

439 4839 673 4894 elevavit
717 4843 912 4910 caput;
945 4837 1162 4892 caeteris
1191 4853 1322 4892 vero
1353 4837 1469 4891 alta
1499 4837 1688 4908 quiete
1717 4837 2032 4908 prostratis,

439 4943 588 4992 eum,
619 4943 654 4981 a
681 4943 790 4997 quo
811 4925 1032 4980 delatus
1061 4925 1265 4991 fuerat,
1291 4925 1520 4995 vigilare
1541 4925 1830 4996 conspexit
1847 4943 1860 4978 :
1877 4941 2037 4980 eum-

441 5031 550 5088 que
576 5021 724 5072 nutu
750 5015 1044 5082 advocans,
1064 5011 1372 5069 obsecravit
1399 5017 1482 5079 ut,
1509 5013 1664 5069 nullo
1694 5013 1918 5084 penitus
1949 5030 2039 5068 ex-

441 5105 630 5172 citato,
662 5103 734 5159 ad
760 5103 1061 5176 pristinum
1083 5119 1142 5158 se
1154 5103 1392 5158 referret
1418 5101 1821 5160 habitaculum.

514 5195 644 5248 CAP.
669 5193 819 5248 VIII.
853 5222 918 5234 —
945 5191 1178 5248 Relatus
1207 5207 1361 5262 ergo,
1387 5191 1552 5261 juxta
1573 5189 2035 5246 consuetudinem

443 5283 596 5338 solus
622 5281 828 5336 iterum
858 5278 1224 5352 permanebat
1251 5298 1264 5347 ;
1297 5285 1357 5334 et
1383 5284 1534 5334 stare
1555 5278 1782 5350 quidem
1809 5283 2040 5350 propter

444 5376 698 5427 recentes
715 5371 910 5442 plagas
932 5385 1044 5424 non
1063 5373 1306 5440 poterat,
1341 5383 1512 5421 orans
1541 5383 1671 5420 vero
1701 5372 2034 5437 prostratus,

445 5466 575 5532 post
629 5459 940 5514 orationem
983 5457 1136 5512 clara
1163 5471 1294 5511 voce
1324 5453 1578 5509 dicebat:
1628 5455 1766 5509 Ecce
1795 5454 1886 5510 hic
1911 5472 2038 5510 sum

447 5565 550 5620 ego
578 5546 877 5612 Antonius,
899 5562 1013 5601 non
1050 5544 1204 5616 fugio
1245 5548 1430 5598 vestra
1457 5543 1784 5611 certamina,
1816 5543 2040 5600 etiamsi

447 5638 667 5708 majora
683 5635 918 5704 faciatis,
941 5633 1132 5690 nullus
1151 5648 1242 5686 me
1250 5629 1575 5704 separabita
1587 5630 1861 5686 charitate
1877 5631 2038 5688 Chri-

449 5725 524 5782 sti
553 5726 724 5797 (Rom.
775 5727 911 5794 vin).
953 5717 1357 5792 'Psallebatque
1384 5717 1611 5776 dicens:
1643 5717 1704 5776 Si
1732 5719 2038 5778 consistant

2109 3329 2256 3401 quod
2282 3329 2750 3384 irrationabilium
2765 3330 2998 3385 induitis
3011 3330 3216 3386 formas
3228 3330 3551 3386 bestiarum.
3570 3331 3715 3385 Rur-

2110 3435 2348 3488 sumque
2382 3419 2686 3480 conﬁdens,
2720 3418 2938 3474 aiebat:
2978 3419 3036 3474 Si
3066 3419 3199 3490 quid
3225 3421 3436 3480 valetis.
3472 3420 3521 3474 si
3555 3419 3713 3474 vobis

2111 3506 2168 3560 in
2191 3524 2280 3560 me
2303 3514 2638 3578 potestatem
2671 3509 2943 3562 Dominus
2965 3509 3139 3574 dedit,
3173 3526 3300 3563 ecce
3331 3514 3531 3580 praesto
3556 3526 3709 3576 sum,

2110 3595 2371 3650 devorate
2384 3612 2728 3650 concessum.
2752 3597 2809 3650 Si
2829 3613 2958 3652 vero
2977 3613 3088 3652 non
3104 3597 3358 3669 potestis,
3384 3615 3485 3652 cur
3497 3598 3716 3652 frustra

2110 3684 2642 3754 nitimini?Signum
2663 3685 2809 3739 enim
2841 3685 3020 3740 crucis
3041 3692 3098 3740 et
3125 3686 3263 3742 ﬁdes
3289 3687 3360 3741 ad
3382 3686 3712 3754 Dominum,

2109 3771 2558 3844 inexpugnabilis
2589 3773 2748 3828 nobis
2778 3789 2972 3829 murus
3005 3780 3109 3830 est.
3142 3775 3321 3830 Multa
3349 3781 3547 3830 contra
3576 3792 3716 3831 san—

2112 3867 2262 3916 ctum
2290 3862 2598 3917 Antonium
2621 3863 2920 3927 minantes,
2943 3863 3257 3918 fremebant
3277 3864 3542 3920 dentibus
3567 3865 3713 3932 suis,

2113 3950 2262 4022 quod
2290 3951 2480 4006 nullus
2512 3967 2706 4006 eorum
2736 3958 3088 4008 tentamenta
3113 3960 3550 4025 consequeretur
3575 3955 3714 4009 effe-

2112 4045 2254 4105 ctus,
2289 4041 2387 4095 sed
2418 4040 2659 4095 maxime
2679 4058 2710 4094 e
2736 4041 3018 4097 contrario
3043 4043 3370 4114 gigneretur
3395 4043 3601 4098 illusio.

2186 4165 2320 4219 Cap.
2345 4165 2440 4220 IX.
2469 4195 2537 4206 —-
2573 4166 2696 4220 Non
2730 4165 2935 4221 oblitus
2963 4168 3125 4222 Jesus
3161 4167 3270 4237 (18)
3303 4167 3716 4225 colluctationis

2115 4253 2258 4308 servi
2281 4253 2386 4318 sui,
2433 4253 2614 4309 eidem
2646 4260 2929 4328 protector
2962 4255 3143 4310 factus
3171 4261 3260 4310 est
3311 4257 3562 4328 Denique
3583 4274 3720 4313 cum

2116 4341 2361 4396 elevaret
2374 4343 2581 4410 oculos,
2610 4343 2748 4397 vidit
2766 4344 3006 4416 desuper
3025 4345 3243 4400 culmen
3271 4344 3497 4416 aperiri,
3522 4351 3596 4410 et,
3623 4347 3722 4400 de-
3807 4409 3828 4420 ~

2116 4428 2296 4485 ductis
2323 4429 2592 4496 tenebris,
2627 4431 2848 4486 radium
2895 4433 2964 4487 ad
2997 4450 3057 4487 se
3099 4433 3237 4488 lucis
3267 4433 3530 4488 inﬂuere.
3579 4433 3723 4489 Post

2117 4519 2276 4590 cujus
2305 4518 2616 4591 splendoris
2669 4521 2971 4576 adventum
3020 4535 3122 4575 nec
3165 4521 3478 4602 daemonum
3509 4522 3721 4592 aliquis

2118 4607 2398 4679 apparuit,
2441 4615 2499 4663 et
2541 4609 2790 4680 corporis
2833 4611 2993 4664 dolor
3038 4611 3314 4682 extemplo
3361 4609 3576 4664 deletus
3607 4618 3716 4666 est.

2117 4695 2433 4751 {Ediﬁcium
2462 4713 2704 4769 quoque,
2735 4699 2881 4770 quod
2899 4698 3066 4770 paulo
3089 4705 3218 4753 ante
3240 4699 3576 4754 dissolutum
3593 4699 3722 4754 fue-

2117 4791 2226 4851 rat,
2251 4784 2627 4841 instauratum
2643 4792 2745 4841 est.
2770 4787 2923 4842 Illico
2945 4787 3298 4858 praesentiam
3321 4787 3541 4842 Domini
3557 4788 3724 4842 intel-

2119 4873 2256 4928 lexit
2291 4875 2589 4943 Antonius,
2622 4880 2678 4930 et
2704 4892 2770 4930 ex
2809 4876 3008 4931 intimo
3038 4883 3261 4948 pectore
3287 4877 3518 4930 trahens
3549 4877 3724 4948 longa

2118 4962 2378 5034 suspiria,
2413 4964 2484 5019 ad
2512 4965 2702 5020 lumen
2727 4964 2875 5036 quod
2901 4965 2952 5019 ei
2992 4971 3332 5037 apparuerat
3360 4963 3719 5036 loquebatur,

2120 5051 2329 5106 dicens:
2355 5051 2461 5106 Ubi
2489 5069 2632 5118 eras,
2664 5053 2808 5108 bone
2827 5051 2997 5109 Jesu?
3018 5053 3113 5108 ubi
3137 5054 3308 5109 eras?
3336 5053 3519 5118 Quare
3541 5069 3654 5108 non
3689 5072 3726 5110 a

2119 5140 2394 5212 principio
2415 5141 2716 5208 atfuisti,ut
2743 5158 2974 5197 sanares
2990 5143 3222 5198 vulnera
3251 5143 3411 5197 mea?
3429 5143 3496 5197 Et
3516 5159 3616 5197 vox
3647 5143 3724 5199 ad

2121 5253 2250 5292 eum
2266 5239 2412 5292 facta
2432 5245 2535 5303 est,
2577 5239 2797 5294 dicens:
2830 5242 3059 5307 Antoni,
3094 5241 3185 5296 hic
3213 5257 3390 5307 eram,
3427 5240 3524 5294 sed
3549 5257 3726 5312 expe-

2119 5324 2340 5388 ctabam
2363 5335 2549 5390 videre
2580 5342 2862 5392 certamen
2883 5343 3068 5393 tuum.
3085 5339 3248 5394 Nunc
3261 5344 3470 5402 autem,
3490 5337 3621 5408 quia
3641 5339 3726 5392 di-

2118 5431 2376 5486 micando
2391 5432 2628 5488 viriliter
2642 5451 2752 5489 non
2774 5436 3010 5502 cessisti,
3029 5454 3144 5492 sem
3153 5453 3253 5508 per
3272 5435 3721 5502 auxiliabortibi,

2123 5533 2180 5583 et
2206 5528 2406 5584 faciam
2429 5530 2558 5584 tein
2581 5531 2736 5586 omni
2756 5532 2890 5588 orbe
2922 5533 3222 5588 nominari.
3248 5533 3348 5588 His
3370 5531 3596 5598 auditis,
3623 5551 3724 5587 ex-

2122 5641 2377 5696 surgens,
2401 5626 2460 5682 in
2489 5630 3055 5700 tantumroboratus,
3076 5631 3273 5686 orabat
3294 5636 3360 5686 ut
3382 5629 3727 5701 intelligeret

2121 5738 2181 5778 se
2201 5721 2328 5796 plus
2347 5725 2624 5798 recepisse
2639 5732 2774 5783 tunc
2795 5725 3000 5785 virium
3021 5745 3192 5802 quam
3215 5734 3346 5784 ante
3370 5725 3719 5800 perdiderat.
