3958 6388
218 439 320 496 133

1316 438 1484 496 VITA
1521 439 1732 497 BEATI
1768 439 2072 498 ANTONII
2109 441 2432 498 ABBATIS.

3399 446 3500 505 134

219 565 354 620 Erat
377 569 570 622 autem
598 569 732 621 tunc
744 565 1022 622 Antonius
1036 583 1214 622 annos
1225 572 1392 623 natus
1409 568 1642 640 triginta
1653 569 1811 640 quin—
1826 575 1876 633 Α
1901 568 2168 640 metipsos
2197 568 2363 623 sinite
2391 566 2675 622 deludere.
2705 567 2901 638 Itaque
2937 567 3048 622 illis
3068 571 3498 641 revertentibus,

219 672 346 728 que.

287 747 420 800 CAP.
444 746 570 800 X.—
589 746 799 801 Exinde
828 764 956 802 cum
984 748 1270 803 voluntate
1291 753 1554 819 prompta
1575 765 1676 819 per
1704 766 1817 804 me-

218 835 329 890 rita
355 835 620 906 religiosa
647 843 1042 902 succresceret,
1078 838 1284 892 vadens
1309 838 1379 892 ad
1432 837 1815 908 supradictum

217 941 432 992 senem,
483 925 818 997 precabatur
832 934 897 981 ut
914 926 973 980 in
993 927 1214 982 deserto
1235 926 1555 982 habitarent
1583 927 1810 998 pariter.

218 1016 501 1071 Causante
543 1015 640 1070 illo
669 1017 845 1071 senile
875 1033 1052 1072 aevum
1080 1022 1138 1071 et
1165 1017 1247 1071 rei
1285 1018 1614 1084 novitatem,
1664 1017 1815 1072 solus

218 1106 510 1160 contendit
538 1106 610 1160 ad
667 1112 936 1174 montem,
987 1113 1044 1161 et
1091 1106 1268 1161 eremi
1298 1107 1480 1161 adhuc
1528 1107 1815 1161 monachis

217 1195 443 1266 ignota,
473 1195 599 1250 vitae
620 1201 786 1267 rupto
807 1202 980 1257 metu,
1012 1196 1158 1250 viam
1179 1202 1414 1251 conatus
1435 1202 1520 1250 est
1546 1197 1811 1267 pandere.

219 1285 329 1340 Sed
356 1302 460 1340 nec
477 1291 613 1341 tunc
631 1286 868 1340 cessavit
893 1285 1260 1357 infatigabilis
1282 1286 1660 1353 adversarius;
1683 1303 1814 1341 nam

216 1375 492 1447 impedire
521 1377 643 1447 ejus
671 1376 1018 1447 propositum
1033 1376 1578 1446 volens,argentcum
1600 1375 1816 1430 discum

215 1465 276 1520 in
297 1465 502 1520 itinere
530 1465 782 1537 projecit;
800 1482 910 1537 quo
931 1465 1353 1531 viso,Antonius
1377 1465 1562 1519 callidi
1585 1465 1816 1519 artiﬁcis

218 1555 449 1625 agnovit
467 1555 1031 1626 astutiam,stansque
1046 1554 1380 1625 intrepidus,
1395 1560 1452 1607 et
1471 1554 1686 1608 discum
1703 1558 1816 1609 tor-

216 1645 301 1699 vis
345 1645 572 1700 intuens
609 1645 802 1711 oculis,
857 1644 970 1698 doli
1024 1644 1398 1698 auctoremin
1424 1644 1814 1714 phantasmate

217 1734 555 1805 objurgabat
574 1734 811 1805 argenti,
834 1733 970 1788 talia
994 1750 1184 1788 secum
1205 1738 1473 1804 reputans
1497 1752 1508 1786 :
1539 1734 1696 1788 Unde
1725 1734 1816 1788 hic

216 1825 278 1879 in
328 1825 550 1879 deserto
594 1824 824 1878 discus?
879 1823 1064 1878 avium
1096 1824 1202 1877 hoc
1229 1823 1338 1877 iter
1366 1829 1470 1889 est,
1499 1823 1654 1878 nulla
1682 1828 1815 1878 sunt

1898 658 1987 712 hic
2002 657 2332 712 remanebat
2349 657 2574 722 illaesus,
2594 673 2694 710 nec
2708 673 2958 727 unquam
2983 658 3040 712 in
3067 661 3372 716 certamine
3394 663 3500 717 las-

1902 747 2150 802 sabatur.
2176 748 2576 802 Accedentium
2607 753 2796 800 autem
2829 754 3131 817 augmenta
3152 751 3503 820 profectuum

1896 838 1983 891 vel
2012 837 2270 892 debilitas
2296 837 2754 908 repugnantium,
2788 837 3092 891 maximum
3123 840 3245 909 ejus
3268 847 3497 896 conten-

1897 927 2036 981 tioni
2056 927 2310 982 levamen
2331 927 2682 991 addiderant,
2699 931 2756 980 et
2777 927 2898 997 ejus
2922 927 3111 982 animo
3125 931 3501 986 constantiam

1897 1017 2625 1087 suggerebant.Rursusque
2652 1016 2722 1069 ad
2745 1017 3355 1074 eremumvenientibus
3385 1025 3504 1075 tur-

1895 1104 1980 1160 bis
1997 1122 2120 1176 quze
2142 1108 2261 1177 jam
2289 1112 2575 1161 mortuum
2616 1122 2746 1160 eum
2761 1123 2822 1160 se
2834 1105 3293 1162 existimaverant
3310 1126 3500 1181 reper-

1896 1200 2055 1250 turos
2077 1194 2209 1264 (20),
2229 1196 2323 1250 ille
2335 1195 2608 1267 psallebat
2620 1194 2958 1249 intrinsecus
2982 1214 2992 1248 :
3022 1196 3297 1267 Exsurgat
3323 1198 3493 1268 Deus,

1898 1291 1956 1340 et
1980 1287 2326 1357 dissipentur
2371 1285 2585 1340 inimici
2625 1287 2766 1356 ejus,
2792 1291 2847 1339 et
2870 1284 3093 1354 fugiant
3129 1286 3227 1356 qui
3259 1287 3501 1343 oderunt

1898 1391 2027 1429 eum
2062 1393 2095 1429 a
2132 1375 2270 1430 facie
2301 1376 2442 1446 ejus.
2477 1376 2637 1429 Sicut
2664 1375 2855 1429 deﬁcit
2883 1373 3091 1441 fumus,
3111 1374 3406 1444 deﬁciant;
3437 1384 3502 1434 ut

1897 1464 2157 1534 liquescit
2184 1480 2314 1517 cera
2333 1479 2366 1517 a
2398 1463 2538 1518 facie
2563 1464 2728 1534 ignis,
2763 1463 2842 1517 ita
2860 1468 3095 1534 pereant
3121 1472 3438 1534 peccatores
3468 1483 3503 1520 a

1899 1552 2037 1607 facie
2051 1554 2150 1608 Dei
2168 1556 2327 1615 (Psal.
2360 1557 2555 1624 van).
2598 1555 2668 1609 Et
2681 1554 2887 1608 iterum
2922 1570 2933 1604 :
2961 1552 3169 1607 Omnes
3193 1556 3504 1623 gentescir-

1897 1642 2306 1697 cumdederunt
2332 1659 2442 1709 me,
2476 1649 2532 1698 et
2554 1644 2612 1698 in
2641 1643 2872 1697 nomine
2891 1640 3119 1696 Domini
3147 1642 3420 1700 vindicavi
3439 1646 3501 1702 in

1896 1732 1975 1785 eis
2011 1734 2173 1799 (Psal.
2208 1735 2399 1802 cxvn).

1969 1821 2099 1874 CAP.
2132 1822 2283 1876 XIII.
2316 1853 2380 1862 —
2404 1822 2495 1876 Sic
2523 1821 2802 1876 Antonius
2831 1824 2995 1878 annis
3025 1823 3223 1895 viginti
3253 1823 3503 1879 solitarie

215 1915 456 1986 vestigia
476 1914 943 1980 commeantium;
972 1915 1162 1985 lapsus
1183 1913 1251 1968 de
1281 1913 1516 1979 sarcina,
1547 1931 1661 1985 pra;
1693 1931 1816 1968 ma-
1835 1899 2208 1978 Btransactis,
2259 1915 2427 1982 atque
2456 1910 2524 1964 ab
2553 1911 2847 1966 hominum
2897 1919 3226 1984 segregatus
3272 1930 3503 1984 conspe-

214 2005 512 2076 gnitudine
540 2005 716 2059 latere
739 2021 852 2058 non
880 2002 1100 2074 potuit;
1143 2002 1241 2057 sed
1275 2009 1332 2057 et
1361 2003 1455 2074 qui
1495 2004 1818 2074 perdiderat

215 2111 491 2161 reversus,
523 2094 594 2149 ob
616 2093 980 2150 solitudinem
1035 2093 1304 2156 locorum,
1357 2092 1664 2147 invenisset
1693 2110 1818 2164 pro-

213 2183 360 2238 fecto
380 2183 528 2255 quod
558 2184 894 2237 ruerat.Hoc
923 2182 1247 2249 artiﬁcium,
1270 2180 1678 2249 diabole,tuum
1709 2188 1812 2247 est,

215 2289 328 2327 non
346 2272 622 2344 impedies
648 2273 992 2326 voluntatem
1010 2288 1215 2337 meam,
1229 2277 1527 2342 argentum
1543 2279 1706 2326 tuum
1727 2275 1814 2326 te-

216 2378 345 2416 cum
378 2363 453 2416 sit
480 2363 540 2416 in
568 2361 959 2434 perditionem.
995 2362 1124 2416 Haec
1148 2361 1244 2415 illo
1273 2361 1510 2428 dicente,
1527 2361 1714 2415 discus
1751 2365 1818 2416 ut

213 2451 405 2507 fumus
433 2468 468 2506 a
496 2451 638 2506 facie
674 2451 822 2522 ignis
843 2450 1086 2506 evanuit.

290 2543 421 2597 CAP.
467 2542 564 2596 XI.
586 2567 653 2578 —
675 2540 886 2596 Dehinc
913 2557 1026 2595 non
1056 2544 1120 2594 ut
1157 2545 1290 2594 ante
1319 2539 1378 2594 in
1399 2540 1812 2611 phantasmate,

216 2630 315 2686 sed
345 2631 632 2702 ingentem
663 2631 788 2685 auri
826 2647 1070 2685 massam
1087 2631 1367 2700 jacentem
1383 2629 1438 2682 in
1455 2629 1656 2683 itinere
1682 2645 1814 2682 con-

215 2720 424 2792 spexit.
459 2721 668 2775 Verum
697 2719 843 2775 hanc
868 2726 1059 2774 utrum
1070 2718 1325 2773 diabolus
1343 2719 1710 2784 simulaverit,
1743 2735 1816 2772 an

214 2809 288 2863 ad
307 2809 619 2865 Antonium
645 2809 1140 2881 comprobandum,
1165 2807 1298 2878 quia
1325 2825 1428 2862 nec
1454 2807 1600 2862 veris
1617 2807 1816 2878 Opibus

215 2898 586 2964 inescaretur,
635 2898 813 2953 virtus
843 2897 1090 2952 caelestis
1138 2896 1464 2959 ostenderit,
1499 2896 1810 2965 ignoratur.

217 2986 335 3041 Hoc
355 2993 549 3042 tamen
577 2987 923 3058 agnovimus,
943 2985 1077 3058 quia
1100 2986 1249 3058 quod
1278 2985 1458 3040 visum
1480 2991 1582 3050 est,
1611 3000 1815 3039 aurum

213 3076 342 3131 fuit.
370 3077 446 3131 At
471 3076 564 3131 ille
590 3076 1038 3146 magnitudinem
1067 3075 1380 3130 admiratus
1402 3075 1676 3128 radiantis
1695 3090 1814 3128 me-

213 3166 558 3237 talli,rapido
579 3166 931 3238 cursu,quasi
947 3165 1228 3238 quoddam
1239 3165 1442 3218 vitaret
1471 3164 1810 3230 incendium,

1897 1999 2079 2054 ctibus
2093 2000 2227 2071 perd
2235 2001 2584 2054 uravit.Cum
2598 2017 2731 2071 ergo
2748 2002 3054 2057 multorum
3075 2009 3133 2056 et
3150 2003 3499 2074 propositum

1898 2089 2110 2143 imitari
2161 2089 2526 2161 cupientium,
2560 2096 2616 2144 et
2643 2096 2906 2146 notorum
2948 2091 3250 2146 multitudo
3272 2093 3343 2146 ad
3369 2108 3498 2147 eum

1899 2184 2500 2245 concurreret,necnon
2514 2184 2570 2234 et
2586 2180 2921 2250 patientium
2943 2181 3167 2236 inﬁnita
3192 2199 3252 2235 se
3279 2186 3502 2236 caterva

1898 2269 2344 2338 conglomeraret
2368 2267 2492 2334 (21p,
2527 2269 2752 2323 tandem
2776 2287 2918 2341 pene
2941 2271 3062 2341 jam
3091 2287 3192 2342 per
3221 2270 3334 2324 vim
3363 2271 3500 2326 fori-

1897 2356 2002 2410 bus
2018 2357 2407 2428 evulsis,quasi
2430 2374 2495 2412 ex
2512 2359 2702 2429 aliquo
2721 2359 2933 2413 caelesti
2958 2359 3114 2414 aditu
3143 2365 3500 2415 consecratus

1898 2447 2163 2517 apparuit
2183 2446 2753 2518 (2‘2).Obstupuerunt
2772 2449 3016 2502 universi
3039 2453 3096 2502 et
3115 2449 3228 2503 oris
3255 2449 3499 2519 gratiam

1898 2541 1956 2590 et
1987 2536 2236 2608 corporis
2263 2536 2616 2606 dignitatem,
2647 2537 2796 2608 quod
2834 2555 2936 2592 nec
2958 2555 3058 2610 per
3087 2538 3334 2609 quietem
3354 2539 3501 2593 intu-

1898 2631 2122 2680 muerat
2152 2624 2282 2694 (23),
2315 2642 2418 2680 nec
2439 2626 2690 2696 jejuniis,
2742 2627 3176 2699 deemonumque
3194 2628 3500 2682 certamine

1896 2715 2094 2769 faciem
2134 2717 2256 2785 ejus
2273 2715 2456 2786 pallor
2475 2715 2789 2782 obsederat;
2822 2716 2921 2770 sed
2945 2734 2974 2770 e
3003 2717 3303 2783 contrario,
3337 2716 3498 2788 quasi

1897 2805 2036 2859 nihil
2065 2804 2339 2876 temporis
2357 2804 2924 2876 exegisset,antiquus
2940 2805 3318 2860 membrorum
3333 2805 3501 2860 decor

1889 2894 2291 2965 perseveravit.
2317 2895 2424 2948 Pro
2453 2898 2663 2965 quanto
2694 2894 2983 2949 miraculo!
3005 2911 3127 2966 quae
3145 2895 3201 2948 in
3217 2895 3312 2949 illo
3325 2894 3500 2949 animi

1898 2984 2115 3054 paritas
2135 2983 2271 3038 fuit!
2296 2984 2598 3054 Nunquam
2628 2983 2912 3037 hilaritate
2932 2983 3110 3038 nimia
3133 2984 3413 3038 resolutus
3440 2984 3500 3038 in

1898 3071 2075 3127 risum
2103 3078 2505 3143 est,nunquam
2520 3071 2907 3127 recordatione
2925 3073 3139 3143 peccati
3148 3073 3382 3128 tristitia
3401 3089 3502 3127 ora

1898 3161 2192 3227 contraxit,
2209 3178 2320 3215 non
2345 3161 2566 3232 magnis
2577 3161 2926 3232 stupentium
2939 3178 2998 3215 se
3018 3161 3198 3216 elatus
3219 3168 3305 3216 est
3321 3163 3503 3217 laudi-

216 3255 288 3310 ad
320 3223 569 3310 montem
593 3223 770 3327 usque
787 3223 1063 3328 ‘perre‘xit,
1092 3254 1281 3326 ibique
1297 3253 1529 3308 ﬂumine
1555 3223 1815 3308 transva;
1837 3226 1880 3287 Ο
1897 3251 2019 3306 bus.
2053 3223 2209 3305 Nihil
2231 3251 2288 3304 in
2317 3250 2413 3304 illo
2438 3223 2707 3304 indecens
2746 3250 3009 3317 solitudo,
3052 3251 3195 3305 nihil
3232 3268 3496 3322 asperum

216 3344 591 3411 dato,invenit
617 3345 909 3400 castellum
938 3345 1242 3410 desertum,
1278 3344 1505 3414 plenum
1557 3342 1642 3410 (ob
1677 3349 1817 3398 tem-

217 3451 324 3505 pus
353 3439 411 3489 et
433 3434 813 3506 solitudinem)
843 3441 1244 3490 venenatorum
1269 3433 1683 3495 animalium,in
1706 3450 1816 3504 quo

214 3542 276 3580 se
304 3525 653 3580 constituens
698 3541 874 3580 novus
902 3525 1104 3596 hospes
1156 3523 1447 3578 habitavit.
1507 3523 1709 3577 Statim
1744 3523 1815 3577 ad

214 3617 340 3686 ejus
369 3616 670 3670 adventum
699 3616 900 3685 ingens
917 3614 1085 3669 turba
1110 3613 1474 3684 serpentium,
1505 3613 1665 3683 quasi
1695 3628 1818 3683 per-

212 3710 527 3759 secutorem
555 3705 1088 3776 passa,profugit.At
1104 3703 1198 3757 ille
1227 3703 1512 3757 obstructo
1537 3701 1816 3772 lapidibus

213 3793 649 3866 introitu,panes
662 3791 1527 3855 mensiumsex,utThebaeismos
1556 3795 1643 3845 est
1679 3791 1811 3859 (l9),

213 3899 406 3938 secum
428 3883 733 3938 recondens
763 3889 912 3951 (nam
940 3883 1134 3938 crebro
1151 3877 1250 3954 per
1268 3897 1480 3936 annum
1505 3880 1813 3952 incorrupti

214 3973 421 4027 durare
437 3973 639 4039 solent)
669 3989 886 4028 necnon
902 3979 960 4028 et
987 3973 1254 4043 exiguum
1265 3970 1478 4025 habens
1498 3986 1676 4042 aquae,
1721 3985 1812 4024 so-

213 4060 438 4115 litarius
457 4061 798 4133 perdurabat
821 4081 833 4130 ;
867 4077 1145 4133 nusquam
1179 4060 1308 4114 inde
1327 4060 1651 4131 procedens,
1674 4075 1815 4113 nun-

216 4167 390 4221 quam
427 4151 672 4222 aliquem
726 4151 1056 4222 suscipiens,
1082 4151 1364 4205 intantum
1386 4154 1452 4203 ut
1471 4165 1598 4203 cum
1651 4147 1734 4202 bis
1755 4148 1813 4202 in

215 4256 367 4294 anno
395 4257 496 4312 per
519 4246 729 4295 tectum
777 4241 1020 4312 desuper
1047 4257 1219 4312 panes
1248 4239 1544 4311 acciperet,
1593 4238 1812 4293 nullum

215 4345 345 4382 cum
366 4329 745 4384 deferentibus
774 4329 1007 4384 haberet
1023 4329 1354 4401 alloquium.

290 4420 403 4474 CAP
450 4420 644 4474 XII.—
676 4420 870 4474 Multis
900 4420 1092 4490 igitur,
1122 4419 1346 4474 videndi
1375 4435 1505 4473 eum
1534 4415 1812 4472 desiderio

215 4513 276 4564 et
301 4508 488 4563 studio
509 4507 850 4580 requirendi,
883 4516 1014 4564 ante
1043 4508 1249 4564 ostium
1281 4510 1402 4579 ejus
1431 4505 1812 4580 pernoctanti—

1898 3339 2222 3412 quotidiana
2253 3356 2378 3394 cum
2401 3339 2656 3393 hostibus
2677 3339 2825 3394 bella
2844 3339 3220 3404 contulerant;
3241 3341 3336 3394 sed
3349 3347 3495 3395 tem-

1897 3437 2093 3502 perata
2133 3447 2292 3484 mens
2333 3429 2535 3500 aequali
2565 3429 2635 3483 ad
2661 3434 2864 3483 cuncta
2902 3429 3188 3484 ferebatur
3215 3430 3492 3484 examine.

1899 3519 2361 3589 Plurimosigitur
2371 3517 2439 3572 ab
2454 3519 2761 3572 immundis
2773 3517 3062 3589 spiritibus
3076 3524 3134 3572 et
3146 3519 3498 3574 inﬁrmitati-

1898 3608 2004 3663 bus
2037 3608 2200 3663 variis
2230 3608 2331 3662 Dei
2358 3608 2544 3677 gratia
2567 3625 2668 3678 per
2687 3608 2994 3675 Antonium
3017 3607 3496 3663 liheravit.Sermo

1898 3699 2021 3768 ejus
2074 3698 2192 3752 sale
2227 3697 2485 3751 conditus
2525 3697 2918 3752 consolabatur
2964 3703 3209 3761 maestos,
3262 3696 3499 3750 docebat

1897 3786 2120 3854 inscios,
2152 3784 2526 3840 concordabat
2574 3785 2768 3850 iratos,
2798 3785 3058 3840 omnibus
3080 3786 3323 3839 suadens
3354 3785 3496 3838 nihil

1897 3876 2075 3931 amori
2124 3875 2332 3931 Christi
2358 3875 2831 3945 anteponendum.
2867 3874 3332 3946 Proponebatque
3363 3880 3495 3929 ante

1896 3966 2084 4021 oculos
2104 3964 2379 4020 bonorum
2415 3964 2858 4034 magnitudinem
2908 3963 3250 4028 futurorum,
3303 3967 3360 4016 et
3395 3962 3498 4017 Dei

1896 4055 2335 4120 clementiam,et
2349 4054 2621 4108 beneﬁcia
2635 4052 2924 4107 retexebat
2937 4051 3329 4122 indulta,quod
3365 4068 3496 4122 pro-

1895 4144 2018 4215 prio
2050 4144 2190 4198 Filio
2220 4160 2320 4198 suo
2364 4159 2477 4198 non
2507 4142 2821 4214 pepercerit
2857 4143 3027 4208 Deus,
3053 4142 3151 4196 sed
3174 4157 3275 4213 pro
3306 4145 3499 4195 nostra

1897 4233 2148 4288 omnium
2163 4233 2343 4288 salute
2364 4249 2492 4287 eum
2515 4231 2992 4302 tradiderit(Rom.
3017 4235 3151 4300 vm).
3172 4231 3288 4284 Nec
3318 4246 3494 4291 mora,

1894 4323 2060 4394 plura
2087 4322 2438 4378 audientium
2458 4321 2628 4375 corda
2655 4321 2726 4374 ad
2758 4321 3137 4374 humanarum
3155 4335 3346 4373 rerum
3371 4335 3499 4372 con-

1895 4417 2172 4484 temptum
2203 4412 2320 4466 haec
2357 4412 2406 4481 ej
2416 4428 2482 4464 us
2495 4410 2684 4465 suasit
2704 4408 2970 4475 oratio,et
2990 4407 3306 4462 habitanda:
3323 4406 3497 4461 eremi

1895 4501 2046 4555 istud
2067 4503 2190 4572 ejus
2215 4500 2505 4554 exordium
2538 4499 2664 4554 fuit.

213 4597 722 4665 bus,audiebantur
749 4605 814 4653 ut
830 4599 977 4670 vulgi
1001 4615 1158 4654 voces
1176 4599 1468 4653 adversum
1485 4596 1814 4660 Antonium,
1833 4585 1884 4645 Β
1962 4591 2096 4645 CAP.
2135 4590 2283 4644 XIV.
2314 4621 2378 4630 —
2411 4589 2556 4653 Quid
2587 4605 2723 4643 sane
2743 4592 2798 4640 et
2850 4587 2910 4640 in
2937 4584 3350 4639 Arsinoitarum
3395 4599 3497 4653 op-

213 4687 606 4760 tumultusque
635 4687 974 4743 dicentium:
1000 4688 1144 4752 Quid
1162 4694 1218 4742 te
1239 4687 1448 4742 nostris
1474 4685 1684 4758 ingeris
1712 4685 1814 4738 ha-

213 4775 520 4832 bitaculis?
574 4778 706 4850 quid
736 4777 838 4831 tibi
865 4783 923 4833 et
951 4778 1213 4832 deserto?
1262 4776 1513 4831 Abscede
1546 4792 1581 4829 a
1609 4774 1814 4829 ﬁnibus

216 4867 435 4933 alienis,
461 4883 572 4921 non
603 4874 761 4938 potes
791 4865 1166 4933 hichabitare,
1198 4883 1311 4922 non
1331 4871 1552 4921 nostras
1581 4864 1814 4919 insidias

216 4955 513 5011 sustinere.
547 4957 616 5011 Et
650 4956 834 5028 primo
863 4956 1113 5028 quidem,
1146 4956 1242 5027 qui
1271 4955 1407 5010 foris
1442 4960 1605 5010 erant
1621 4952 1814 5008 existi-

217 5044 450 5098 mabant
495 5043 712 5115 aliquos
736 5045 991 5099 homines
1037 5044 1204 5099 scalis
1233 5045 1504 5116 appositis
1534 5041 1813 5109 introisse,

216 5133 406 5204 ibique
436 5133 800 5192 contendere.
851 5135 1155 5206 Postquam
1186 5139 1376 5188 autem
1406 5150 1507 5204 per
1551 5146 1817 5186 cavernas

216 5223 916 5294 introspicientes,nullum
936 5223 1503 5289 viderunt,daemones
1523 5221 1816 5276 intellexe-

217 5319 352 5366 runt
379 5317 574 5366 contra
594 5329 724 5367 eum
753 5312 1108 5367 contendere.
1133 5318 1191 5367 et
1216 5311 1390 5366 nimio
1416 5317 1571 5366 metu
1601 5317 1816 5383 perter-

214 5402 330 5467 riti,
362 5401 596 5456 Antonii
625 5402 896 5456 auxilium
920 5401 1269 5474 flagitabant.
1300 5404 1376 5456 At
1403 5401 1497 5456 ille
1519 5407 1644 5466 40
1673 5401 1816 5454 ostio

217 5492 602 5563 propinquans
648 5492 720 5545 ad
765 5491 1133 5547 consolandos
1157 5491 1380 5559 fratres,
1415 5507 1485 5545 ne
1527 5491 1813 5556 timerent,

218 5587 387 5651 atque
417 5585 482 5634 ut
502 5579 632 5634 inde
645 5579 1349 5650 recederent,precabatur,
1373 5577 1818 5650 trepidantibus-

220 5686 324 5741 que
352 5667 643 5724 asserebat
665 5668 880 5724 cunctis
905 5685 939 5723 a
979 5667 1324 5724 daemonibus
1350 5667 1526 5722 incuti
1556 5672 1770 5722 metum
1801 5685 1814 5721 :

221 5757 449 5832 Signate
477 5773 594 5828 vos,
625 5756 907 5832 inquiens,
940 5763 999 5816 et
1024 5755 1173 5814 abite
1200 5755 1402 5828 securi,
1431 5757 1695 5831 ipsosque
1727 5769 1820 5812 se-

1898 4680 2028 4751 pido
2050 4679 2156 4747 (‘24)
2179 4684 2402 4748 gestum
2423 4677 2636 4744 sit,non
2655 4675 2908 4731 transibo
2925 4673 3170 4728 silentio.
3203 4673 3350 4727 Nam
3370 4688 3497 4726 cum

1897 4768 2098 4823 fratres
2116 4768 2284 4821 vellet
2303 4766 2563 4830 invisere,
2590 4770 2648 4819 et
2684 4764 2927 4818 rivulum
2949 4762 3200 4817 ﬂuminis
3236 4761 3370 4828 Nili,
3405 4759 3501 4832 qui

1896 4857 2188 4914 crocodilis
2199 4864 2256 4911 et
2275 4855 2468 4910 multis
2481 4855 2637 4909 saevis
2658 4853 2910 4908 ﬂuminis
2922 4851 3116 4907 bestiis
3131 4852 3335 4923 plenus
3355 4855 3496 4915 erat,

1894 4947 2260 5003 transvadare
2292 4950 2439 5000 esset
2456 4961 2685 4999 necesse
2708 4942 2846 5014 (‘25),
2897 4947 3015 4997 tam
3045 4958 3174 4996 cum
3203 4939 3500 4996 comitibus

1901 5038 2018 5092 suis
2037 5035 2298 5091 transivit
2315 5035 2541 5098 illaesus,
2584 5049 2754 5104 quam
2776 5032 2907 5086 inde
2935 5030 3157 5086 redibat
3180 5027 3496 5084 incolumis.

1900 5128 2226 5197 Rursusque
2246 5125 2302 5178 in
2321 5123 2572 5195 pristinis
2590 5121 2876 5176 laboribus
2892 5135 3272 5192 perseverans,
3295 5116 3501 5170 multos

1902 5215 2226 5286 magisterio
2257 5231 2359 5268 suo
2388 5213 2593 5267 fratres
2616 5210 3076 5275 conﬁrmavit,ita
3094 5215 3159 5263 ut
3180 5204 3334 5260 brevi
3361 5209 3501 5259 tem-

1901 5323 2037 5378 pore
2067 5305 2312 5377 plurima
2336 5305 2538 5357 ﬁerent
2579 5301 2923 5357 monasteria
2965 5298 3094 5366 (26).
3147 5297 3331 5350 Novos
3359 5293 3502 5347 anti-

1902 5412 2154 5467 quosque
2185 5393 2507 5458 monachos,
2548 5407 2650 5463 pro
2665 5396 2829 5445 aetate
2851 5387 2936 5443 vel
2957 5394 3229 5457 tempore,
3265 5388 3501 5454 paterno

1900 5483 2301 5539 moderabatur
2325 5482 2546 5536 alfectu.

1974 5575 2102 5629 CAP.
2134 5572 2319 5648 XV.-—
2344 5569 2599 5635 Quadam
2625 5573 2812 5622 autem
2838 5564 2948 5630 die,
2973 5578 3101 5618 cum
3131 5566 3358 5616 sanctus
3387 5562 3503 5616 An-

1901 5663 2090 5719 tonius
2111 5679 2146 5717 a
2173 5666 2528 5732 congregatis
2549 5655 2816 5711 fratribus
2838 5658 3137 5723 rogaretur
3159 5656 3224 5706 ut
3247 5651 3328 5706 eis
3349 5651 3508 5706 insti-

1902 5752 2116 5810 tutoria
2144 5751 2448 5823 largiretur
2475 5750 2772 5821 praecepta,
2796 5758 2926 5799 cum
2945 5739 3275 5816 prophetica
3302 5739 3507 5796 ﬁducia
