3958 6400
429 456 542 515 135
1463 441 1556 497 DE
1593 441 1786 498 vrrIs
1822 441 2120 500 PATRUM
2157 395 2372 502 Lmen
2409 445 2699 501 PRIMUS.
3628 445 3732 502 136

432 584 686 639 exaltans
713 594 922 642 vocem,
947 573 1135 630 aiebat
1149 568 1219 626 ad
1242 584 1467 626 omnem
1489 568 1718 638 quidem
1751 568 2040 622 mandato-
2057 570 2100 627 Α
2124 585 2248 623 rere
2279 571 2427 640 quod
2449 586 2515 624 ex
2531 569 2720 624 labore
2732 574 3018 623 transacto
3033 566 3493 642 instantisoperis
3519 568 3734 624 habere

431 690 559 728 rum
580 669 932 740 disciplinam
966 664 1284 734 Scripturas
1305 675 1467 731 posse
1496 657 1755 712 sufficere
1779 659 1881 722 (27)
1901 676 1913 722 ;
1936 656 2034 710 sed
2116 657 2317 713 debeat
2337 660 2675 718 libertatem.
2709 659 2805 712 sed
2834 659 2958 728 jugi
2995 659 3183 713 studio
3229 661 3312 726 (ut
3341 659 3398 713 in
3431 658 3734 729 Evangelio

433 769 491 816 et
511 762 614 814 hoc
661 757 935 828 optimum
975 753 1112 815 fore,
1157 751 1205 804 si
1245 749 1456 803 mutuis
1486 763 1546 800 se
1569 745 1804 799 invicem
1833 746 2036 799 fratres
2120 747 2304 816 [Lucae
2332 748 2430 817 xu]
2480 748 2754 817 scriptum
2803 752 2904 814 est)
2940 747 3195 801 eamdem
3226 764 3450 818 semper
3501 747 3734 802 exhibet

433 846 784 904 sermonibus
823 842 1269 898 consolarentur.
1319 839 1388 891 Et
1416 853 1510 890 vos
1548 851 1700 905 ergo,
1734 834 1938 904 inquit,
1973 839 2038 887 ut
2120 837 2539 901 servitutem,ut
2555 842 2612 889 et
2631 835 2869 890 Domino
2881 835 3101 906 placere
3118 836 3310 907 possit,
3329 842 3387 890 et
3414 853 3485 890 ne
3512 842 3732 890 metum

431 937 578 1012 patri
599 935 803 989 referte
816 949 939 1004 quae
956 929 1153 990 nostis.
1189 933 1246 980 et
1258 943 1361 996 ego
1385 941 1507 995 quae
1529 941 1629 994 per
1659 923 1880 991 longam
1901 928 2038 976 zeta-
2122 925 2372 978 lucretur
2398 931 2455 978 et
2477 923 2742 990 verbera;
2775 924 2855 978 sic
2878 930 2933 978 et
2974 941 3078 978 nos
3107 925 3310 979 divinis
3330 927 3591 996 congruit
3632 942 3734 997 pa-

431 1011 548 1081 tem
578 1027 908 1078 consecutus
933 1036 1059 1073 sum
1090 1016 1252 1087 quasi
1271 1015 1402 1068 filiis
1423 1011 1827 1066 indicabo.Hoc
1843 1011 1918 1064 sit
1945 1028 2042 1064 au-

431 1122 548 1170 tem
577 1113 824 1185 primum
836 1107 1050 1164 cunctis
1072 1107 1130 1160 in
1145 1120 1446 1159 commune
1466 1100 2042 1165 mandatum,nullum

432 1203 494 1257 in
521 1200 733 1272 arrepti
755 1196 1029 1271 propositi
1055 1195 1246 1264 vigore
1265 1193 1589 1257 lassescere,
1608 1190 1703 1244 sed
1724 1189 1885 1260 quasi
1904 1188 2043 1242 inci-

433 1292 682 1363 pientem
703 1302 911 1357 augere
925 1301 1148 1356 semper
1163 1282 1364 1336 debere
1376 1281 1525 1351 quod
1546 1279 1794 1350 coeperit,
1817 1294 2046 1348 praeser-

432 1381 538 1436 tim
565 1395 694 1433 cum
715 1379 976 1431 humana;
989 1373 1115 1427 vita:
1136 1371 1338 1442 spatia,
1375 1369 1678 1424 aeternitati
1699 1372 2040 1438 comparata,

437 1467 767 1523 brevissima
797 1465 912 1519 sint
936 1480 1002 1517 ac
1031 1477 1219 1533 parva.
1254 1461 1342 1515 Ita
1371 1475 1620 1522 exorsus,
1653 1456 1944 1528 paululum
1965 1454 2044 1508 si-

437 1558 578 1624 luit;
616 1562 672 1610 et
717 1553 1030 1608 admiratus
1060 1549 1289 1604 nimiam
1320 1547 1421 1602 Dei
1476 1547 1820 1617 largitatem,
1851 1559 2045 1598 rursus

437 1645 661 1716 adjecit,
678 1644 885 1731 'dicens
922 1659 934 1694 :
994 1642 1058 1694 In
1084 1637 1348 1710 praesenti
1379 1637 1484 1690 hac
1513 1635 1628 1690 vita
1656 1633 1894 1706 aequalia
1913 1638 2047 1687 sunt

437 1751 541 1808 pro
563 1725 752 1789 rerum
779 1727 1214 1786 commutatione
1230 1725 1584 1789 commercia,
1598 1740 1700 1778 nec
1723 1725 1940 1793 majora
1953 1738 2045 1775 re-

438 1823 574 1895 cipit
601 1822 672 1877 ab
713 1826 934 1875 emente
981 1817 1076 1889 qui
1112 1815 1318 1870 vendit.
1370 1813 1672 1868 Promissio
1701 1825 1893 1866 autem
1920 1811 2047 1864 vitae

2125 1029 2248 1065 rere
2278 1013 2587 1082 praeceptis,
2621 1011 2858 1066 scientes
2881 1013 3032 1082 quod
3063 1029 3256 1084 aequus
3293 1013 3386 1067 ille
3425 1013 3738 1068 retributor

2125 1100 2184 1154 in
2213 1117 2322 1170 quo
2346 1117 2624 1172 quemque
2647 1101 2938 1165 invenerit,
2961 1101 3019 1155 in
3034 1118 3100 1156 eo
3113 1102 3188 1156 sit
3194 1102 3734 1174 judicaturus,quod

2128 1191 2454 1260 prophetica
2505 1207 2606 1262 per
2662 1191 3004 1244 Ezechielem
3053 1208 3184 1246 voce
3233 1197 3478 1246 testatur
3519 1193 3730 1262 (Ezech.

2131 1283 2350 1346 χχχιιι).
2383 1281 2527 1333 Nam
2562 1285 2621 1333 et
2661 1280 2851 1333 infelix
2894 1281 3068 1334 Judas
3095 1287 3326 1352 propter
3352 1281 3520 1336 unius
3551 1281 3734 1335 noctis

2127 1366 2498 1438 impietatem,
2513 1368 2668 1422 omni
2695 1369 2963 1439 praeteriti
2984 1370 3252 1440 temporis
3271 1369 3461 1424 labore
3483 1371 3736 1442 privatus

2128 1462 2233 1510 est.
2284 1457 2494 1511 Idcirco
2523 1458 2800 1512 tenendus
2839 1464 2924 1513 est
2952 1459 3252 1513 continuus
3279 1459 3524 1514 instituti
3555 1459 3732 1530 rigor,

2128 1545 2465 1600 habentibus
2490 1546 2670 1601 Deum
2690 1547 3103 1613 auxiliatorem,
3129 1549 3276 1603 sicut
3294 1548 3568 1619 scriptum
3597 1553 3688 1602 est
3717 1565 3730 1599 :

2129 1633 2275 1697 Quia
2289 1634 2441 1690 omni
2465 1635 2798 1706 proponenti
2820 1635 3027 1691 bonum
3040 1637 3190 1692 Deus
3199 1641 3536 1709 cooperatur
3559 1637 3731 1706 (Rom.

2129 1727 2270 1792 vm).

2200 1811 2286 1864 Ad
2313 1811 2575 1869 inertiam
2601 1817 2792 1867 autem
2810 1813 3425 1886 calcandam,Apostoli
3451 1821 3735 1887 praecepta

438 1880 796 1982 sempiterna:
852 1907 947 1960 vili
994 1880 1174 1977 pretio
1223 1907 1600 1974 comparatur.
1643 1901 1927 1970 Scriptum
1959 1904 2046 1953 est
2061 1880 2479 1970 Breplicemus,
2536 1901 2740 1972 quibus
2792 1918 2852 1956 se
2905 1901 3054 1956 mori
3109 1880 3360 1974 quotidie
3412 1880 3737 1960 testabatur

441 2001 593 2056 enim
627 1999 786 2054 :Dies
817 1997 941 2050 vitae
962 1999 1166 2049 nostrae
1193 1991 1554 2064 septuaginta
1577 1989 1749 2056 anni;
1783 1989 1832 2042 si
1851 1994 2044 2042 autem

437 2090 679 2144 multum
708 2084 1159 2155 (‘28),octoginta;
1179 2079 1451 2152 quidquid
1470 2079 1751 2149 reliquum
1765 2082 1870 2143 est,
1888 2075 2046 2130 labor

441 2185 500 2233 et
525 2178 684 2232 dolor
711 2181 800 2230 est
840 2175 1012 2241 (Psal.
1036 2174 1272 2236 Lxxxlx).
1314 2168 1549 2233 Quando
1572 2183 1705 2237 ergo
1735 2165 2040 2236 octoginta,

442 2272 544 2322 aut
597 2269 844 2329 centum,
876 2268 939 2316 ut
981 2261 1243 2324 multum,
1289 2257 1452 2312 annis
1483 2255 1820 2320 laborantes,
1852 2255 1910 2308 in
1941 2254 2042 2308 Dei

439 2372 607 2428 opere
634 2352 956 2417 vixerimus,
990 2366 1103 2404 non
1125 2347 1249 2420 pari
1260 2353 1514 2418 tempore
1541 2343 1832 2415 regnaturi
1849 2359 2044 2398 sumus

437 2446 496 2500 in
521 2444 711 2499 futuro
737 2461 751 2510 ;
783 2441 880 2496 sed
911 2456 1012 2512 pro
1042 2437 1206 2492 annis
1255 2435 1553 2508 praedictis,
1600 2433 1854 2488 omnium
1884 2431 2044 2485 nobis

440 2533 774 2589 saeculorum
807 2545 982 2599 regna
1007 2526 1346 2581 tribuentur.
1363 2525 1489 2578 Non
1518 2528 1730 2576 terram
1750 2520 2047 2576 haeredita-

437 2620 747 2681 bimus,sed
766 2619 972 2672 caelum
994 2635 1008 2684 ;
1055 2631 1256 2685 corpus
1277 2628 1497 2684 quoque
1527 2617 1856 2681 corruptum
1876 2609 2049 2663 relin-

448 2714 707 2780 quentes,
759 2707 1005 2776 idipsum
1058 2719 1186 2756 cum
1226 2699 1645 2771 incorruptione
1694 2697 2045 2768 recipiemus.

446 2798 613 2867 Ergo,
643 2794 822 2860 ﬁlioli,
855 2809 964 2848 non
995 2808 1092 2846 vos
1111 2795 1212 2844 aut
1223 2789 1450 2844 taedium
1468 2787 1755 2857 defatiget,
1783 2791 1882 2840 aut
1895 2801 2049 2840 vana:

446 2885 640 2956 gloriae
672 2884 912 2938 delectet
935 2879 1165 2935 ambitio
1203 2898 1215 2934 :
1268 2879 1393 2932 Non
1421 2882 1554 2931 sunt
1582 2875 1729 2930 enim
1759 2874 2049 2944 condignae

449 2974 738 3046 passiones
766 2972 936 3042 hujus
968 2968 1256 3040 temporis,
1300 2967 1372 3021 ad
1423 2970 1885 3036 superventuram
1931 2963 2048 3034 glo-

445 3063 592 3118 riam
622 3079 744 3132 quae
765 3059 1102 3115 revelabitur
1129 3057 1189 3110 in
1218 3055 1377 3110 nobis
1403 3057 1574 3117 (Rom.
1601 3060 1736 3121 νιιι).

513 3153 713 3216 Nemo,
748 3165 876 3204 cum
905 3145 1219 3218 despexerit
1248 3144 1540 3210 mundum,
1569 3143 1863 3214 reliquisse
1885 3157 1944 3195 se
1961 3157 2050 3195 ar-

2129 1993 2180 2050 (ι
2205 1989 2325 2043 Cor.
2344 1991 2463 2057 xv):
2496 1989 2758 2044 similiter
2785 1995 2843 2044 et
2871 2006 2974 2045 nos
3004 1990 3266 2047 humanae
3293 1992 3628 2048 conditionis
3655 1993 3743 2046 vi-

2125 2082 2244 2131 tam
2265 2077 2568 2148 ancipitem
2605 2083 2998 2146 retractantes,
3031 2095 3146 2134 non
3174 2081 3551 2152 peccabimus.
3588 2082 3738 2136 Cum

2127 2165 2279 2220 enim
2308 2166 2532 2221 excitati
2561 2183 2596 2221 a
2632 2184 2854 2238 somno,
2877 2169 2948 2222 ad
2984 2185 3273 2240 vesperam
3309 2187 3413 2225 nos
3442 2170 3737 2242 pervenire

2127 2254 2466 2321 dubitemus,
2501 2262 2559 2310 et
2585 2256 2760 2327 quieti
2789 2274 3024 2328 corpora
3053 2258 3439 2325 concedentes,
3469 2259 3540 2314 de
3589 2259 3736 2314 lucis

2126 2359 2241 2397 non
2267 2345 2612 2399 confidamus
2632 2345 2894 2412 adventu,
2929 2352 2986 2400 et
3011 2346 3220 2418 ubique
3253 2353 3469 2402 naturae
3511 2364 3578 2402 ac
3606 2348 3740 2402 vita:

2127 2431 2353 2486 incertae
2384 2449 2679 2499 memores,
2711 2435 2813 2488 Dei
2839 2451 2942 2489 nos
2963 2435 3342 2506 intelligamus
3381 2435 3743 2508 providentia

2127 2521 2433 2591 gubernari
2458 2539 2471 2588 ;
2494 2522 2597 2576 hoc
2626 2523 2791 2577 modo
2840 2539 2953 2578 non
2983 2523 3394 2596 delinquemus,
3419 2530 3519 2580 aut
3540 2525 3742 2597 aliqua

2129 2609 2315 2680 fragili
2357 2611 2662 2682 cupiditate
2716 2611 3070 2682 raptabimur
3099 2631 3113 2680 ;
3163 2614 3261 2667 sed
3293 2630 3395 2668 nec
3423 2613 3743 2668 irascemur

2132 2699 2358 2770 quidem
2379 2699 2645 2754 adversus
2673 2701 2940 2772 aliquem,
2973 2718 3076 2756 nec
3102 2707 3358 2757 terrenos
3387 2719 3740 2773 congregare

2130 2789 2426 2842 thesauros
2453 2788 2799 2843 ambiemus:
2833 2789 2970 2861 quin
2993 2791 3177 2862 potius
3221 2796 3380 2846 metu
3418 2791 3742 2862 quotidiani

2130 2894 2402 2942 recessus,
2436 2884 2493 2932 et
2530 2878 2863 2948 sejungendi
2912 2879 3159 2950 corporis
3181 2881 3308 2950 jugi
3340 2881 3735 2946 meditatione,

2130 2966 2321 3020 omnia
2341 2966 2551 3020 caduca
2574 2966 3190 3022 calcabimus.Cessabit
3217 2969 3518 3023 mulierum
3547 2985 3736 3034 amor,

2128 3054 2376 3109 libidinis
2404 3056 2792 3125 exstinguetur
2805 3056 3148 3123 incendium,
3179 3057 3418 3112 invicem
3445 3057 3607 3112 nobis
3640 3059 3743 3113 de-

2129 3143 2246 3198 bita
2274 3149 2470 3198 nostra
2496 3144 2992 3211 donabimus,ante
3012 3147 3200 3201 oculos
3227 3146 3742 3218 semperhabentes

439 3241 690 3296 bitretur
717 3239 986 3309 ingentia,
1021 3235 1152 3306 quia
1195 3233 1377 3288 omnis
1403 3240 1572 3299 terra,
1605 3231 1676 3286 ad
1708 3231 2048 3286 infinitatem
2069 3233 2339 3296 Cultimaa
2363 3232 2748 3288 retributionis
2778 3235 3098 3289 adventum:
3118 3235 3254 3306 quia
3282 3237 3464 3306 major
3485 3236 3737 3292 formido

443 3335 768 3400 comparata
788 3323 1263 3389 cmlorum,brevis
1278 3341 1341 3378 ac
1369 3339 1540 3393 parva
1568 3327 1672 3376 est.
1703 3321 1760 3375 Si
1785 3337 1918 3389 ergo
1945 3335 2048 3372 nec
2123 3321 2323 3392 judicii
2345 3327 2401 3376 et
2422 3339 2718 3392 poenarum
2738 3323 2910 3377 timor
2935 3324 3392 3388 horridus,simul
3429 3324 3742 3381 etlubricaa

439 3419 698 3474 universo
727 3417 848 3470 orbi
867 3413 1276 3477 renuntiantes,
1292 3412 1526 3481 dignum
1538 3409 1751 3480 aliquid
1763 3409 2048 3462 habitacu-

440 3509 512 3560 lis
545 3521 844 3578 possumus
855 3518 1216 3573 compensare
1237 3499 1572 3563 coelestibus,
1591 3515 1650 3552 se
1663 3497 2048 3568 unusquisque

441 3595 774 3656 consideret,
810 3599 867 3648 et
894 3591 1085 3646 statim
1107 3589 1404 3658 intelliget,
1438 3587 1620 3658 parvis
1650 3586 1832 3640 aruris
1871 3591 1928 3639 et
1955 3603 2050 3656 pa-

444 3683 699 3750 rietibus,
750 3683 836 3736 vel
865 3680 1083 3736 modica
1127 3677 1251 3732 auri
1288 3677 1543 3748 portione
1573 3680 1911 3746 contempta,
1947 3690 2049 3728 nec

442 3772 674 3843 gloriari
691 3788 750 3826 se
765 3767 1155 3838 debere,quasi
1171 3782 1376 3836 magna
1395 3764 1689 3830 dimiserit;
1705 3779 1806 3818 nec
1815 3763 2044 3828 taedere,

441 3861 602 3934 quasi
640 3863 746 3925 41
781 3875 951 3930 parva
987 3858 1063 3912 sit
1088 3861 1434 3926 recepturus.
1460 3854 1535 3908 Ut
1561 3852 1711 3906 enim
1741 3850 2051 3906 contemnit

450 3951 653 4022 aliquis
673 3965 843 4004 unam
859 3963 1061 4002 aeream
1081 3943 1502 4002 drachmam.ad
1515 3941 1813 3995 drachmas
1823 3948 2048 3995 centum

447 4055 650 4094 aureas
679 4035 1089 4106 conquirendas
1107 4080 1120 4097 ,
1143 4033 1224 4087 ita
1243 4031 1538 4100 etiam,qui
1567 4029 1740 4084 totius
1769 4029 1918 4083 orbis
1947 4029 2049 4084 do-

450 4127 690 4182 minium
706 4123 1026 4194 dereliquit,
1045 4121 1368 4191 centuplum
1383 4119 1452 4173 de
1471 4117 1793 4174 melioribus
1806 4117 2050 4188 praemiis

446 4216 504 4270 in
536 4213 764 4270 sublimi
794 4212 924 4266 sede
957 4195 1207 4281 recipiet.
1232 4208 1318 4262 Ad
1348 4223 1652 4271 summum,
1683 4205 1821 4260 illud
1842 4205 2051 4277 perspi-

447 4320 574 4358 cere
597 4301 882 4365 debemus,
919 4298 1066 4370 quod
1107 4297 1211 4351 etsi
1236 4301 1456 4350 nostras
1486 4295 1721 4348 velimus
1765 4299 2046 4350 retentare

2129 3411 2313 3464 carnis
2352 3411 2631 3465 incentiva
2667 3410 2770 3477 (3|)
2817 3412 3088 3478 dissolvit,
3120 3420 3178 3467 et
3204 3420 3462 3468 ruentem
3481 3413 3742 3470 animam

2131 3498 2289 3567 quasi
2322 3516 2388 3553 ex
2412 3499 2600 3569 aliqua
2621 3515 2760 3570 rupe
2785 3506 3066 3556 sustentat
3092 3500 3230 3562 (3'2).
3265 3501 3512 3574 Ideoque
3534 3519 3742 3572 precor

2131 3590 2196 3640 ut
2223 3587 2294 3640 ad
2324 3587 2491 3640 finem
2548 3587 2816 3658 propositi
2854 3589 3007 3643 omni
3036 3588 3226 3644 labore
3254 3590 3554 3644 tendamus
3575 3591 3741 3658 (Phi-

2131 3677 2228 3742 lip.
2262 3675 2554 3744 III).Nemo
2592 3682 2718 3746 post
2752 3683 2976 3747 tergum
3009 3678 3313 3748 respiciens
3343 3679 3449 3734 Lot
3475 3678 3742 3736 imitetur

2132 3779 2360 3817 uxorem
2393 3766 2539 3832 (Gen.
2573 3769 2680 3832 xix)
2712 3766 3028 3836 praesertim
3075 3783 3203 3820 cum
3230 3767 3504 3822 Dominus
3528 3767 3742 3823 dixerit

2130 3851 2349 3907 nullum
2372 3860 2671 3923 ponentem
2704 3871 2935 3908 manum
2967 3871 3138 3926 super
3166 3861 3420 3911 aratrum
3462 3861 3518 3911 et
3547 3857 3738 3928 respi-

2131 3941 2369 3995 cientem
2413 3947 2740 4008 retrorsum,
2801 3942 3038 4012 dignum
3080 3961 3202 3998 esse
3241 3961 3414 4015 regno
3457 3945 3736 4000 caelorum

2130 4031 2306 4100 (Lucas
2332 4033 2424 4098 Ix).
2457 4030 2750 4102 Respicere
2793 4037 2986 4086 autem
3030 4039 3337 4088 retrorsum
3389 4033 3532 4088 nihil
3571 4033 3736 4090 aliud

2133 4124 2219 4172 est
2239 4118 2481 4189 quamin
2511 4135 2576 4172 eo
2599 4120 2868 4190 pmnitere
2899 4121 3048 4192 quod
3079 4121 3332 4194 coeperis,
3351 4127 3409 4177 et
3430 4121 3739 4178 mundanis

2130 4223 2326 4262 rursus
2355 4207 2646 4262 desideriis
2672 4207 2928 4280 obligari.

2201 4295 2404 4361 Nolite,
2449 4313 2653 4367 quaeso,
2679 4297 2902 4352 virtutis
2931 4303 3203 4370 tanquam
3233 4297 3578 4370 impossibile
3633 4316 3738 4355 no-

448 4391 690 4454 divitias,
725 4390 847 4460 lege
878 4386 1074 4442 mortis
1102 4384 1173 4440 ab
1201 4385 1337 4456 ipsis
1349 4383 1694 4438 devellamur
1712 4383 1890 4449 inviti,
1910 4383 2048 4438 utin
2129 4400 2258 4439 men
2295 4401 2514 4456 pavere,
2544 4401 2646 4440 nec
2663 4387 3023 4457 peregrinum
3043 4387 3196 4442 vobis
3229 4393 3329 4442 aut
3353 4388 3547 4459 procul
3575 4389 3736 4459 posi-

442 4481 584 4536 libro
635 4477 982 4534 Ecclesiastis
1038 4476 1200 4542 (Eccl.
1234 4478 1296 4542 11)
1345 4472 1616 4544 scriptum
1664 4478 1748 4526 est
1771 4471 1898 4540 (‘29).
1935 4473 2250 4548 Cur_tum
2271 4473 2528 4528 videatur
2546 4475 2648 4529 hoc
2690 4475 2958 4542 studium,
2993 4477 3143 4548 quod
3189 4494 3260 4532 ex
3308 4483 3500 4532 nostro
3522 4478 3739 4548 pendet

445 4586 578 4640 ergo
608 4585 722 4624 non
751 4567 986 4621 facimus
1008 4565 1077 4618 de
1122 4543 1471 4618 necessitate,
1487 4561 1750 4614 virtutem
1769 4560 1885 4630 (30)
1904 4561 1928 4614 ’I
1948 4577 2049 4616 cur
2066 4543 2362 4616 Darbitrio
2390 4561 2514 4632 (33;.
2550 4563 2731 4634 Hujus
2772 4565 2954 4636 Operis
3009 4543 3222 4620 homini
3273 4565 3486 4620 inserta
3522 4543 3738 4622 natura

443 4675 557 4713 non
591 4658 660 4712 ad
695 4655 966 4711 lucranda
1002 4669 1175 4724 regna
1211 4651 1459 4706 coelestia
1489 4650 1635 4704 ultro
1674 4650 2046 4722 relinquimus
2129 4655 2215 4705 est
2240 4649 2373 4720 (34),
2408 4658 2465 4705 et
2490 4652 2766 4722 ejusmodi
2794 4669 2884 4708 res
2902 4659 3005 4718 est,
3033 4670 3156 4725 quae
3177 4660 3429 4709 nostram
3476 4660 3736 4710 tantum-

447 4747 595 4817 quod
623 4745 764 4800 lucis
791 4744 956 4798 istius
994 4743 1105 4796 fme
1135 4739 1482 4812 perdendum
1513 4738 1642 4793 est?
1673 4739 1828 4793 Nihil
1850 4755 2046 4793 eorum
2129 4737 2294 4793 modo
2324 4746 2608 4811 exspectat
2637 4741 2997 4796 voluntatem.
3031 4742 3205 4797 Graeci
3235 4743 3422 4798 studia
3444 4749 3736 4799 transma-

444 4851 592 4888 curae
605 4833 679 4887 sit
695 4830 1180 4901 Christianis,quaa
1196 4844 1387 4884 secum
1405 4827 1628 4883 auferre
1641 4843 1752 4882 non
1771 4832 2044 4898 possunt;
2130 4828 2258 4882 rina
2303 4835 2588 4884 sectentur
2611 4827 2750 4901 (35),
2799 4835 2856 4885 et
2880 4831 2939 4885 in
2975 4831 3158 4886 alieno
3189 4831 3322 4886 orbe
3371 4832 3734 4896 constitutos,

445 4921 583 4976 illud
606 4921 792 4993 potius
819 4919 1092 4974 debemus
1123 4923 1404 4988 expetere,
1438 4916 1586 4987 quod
1615 4932 1715 4970 nos
1763 4915 1932 4970 ducat
1976 4915 2048 4969 ad
2129 4915 2384 4980 inanium
2409 4918 2726 4973 litterarum
2750 4924 3004 4989 quaerant
3041 4919 3340 4990 magistros
3365 4939 3378 4987 ;
3409 4919 3569 4974 nobis
3595 4937 3735 4978 vero

453 5011 682 5074 caelum,
715 5007 1050 5080 sapientiam
1079 5006 1304 5072 scilicet,
1357 5004 1696 5070 castitatem,
1737 5003 2039 5074 justitiam,
2131 5005 2286 5060 nulla
2307 5006 2694 5078 proﬁciscendi
2726 5005 2858 5076 (36),
2892 5007 3048 5062 nulla
3087 5008 3490 5063 transfretandi
3523 5009 3736 5065 ﬂuctus

441 5101 729 5163 virtutem,
763 5114 986 5152 sensum
1011 5095 1357 5168 pervigilem,
1409 5109 1722 5166 pauperum
1750 5108 1962 5156 curam,
1981 5094 2044 5146 ﬂ-
2127 5093 2431 5148 necessitas
2460 5093 2738 5159 imminet,
2765 5093 2824 5148 in
2851 5095 3004 5149 omni
3043 5094 3174 5150 sede
3197 5102 3474 5151 terrarum
3515 5097 3735 5151 consti-

443 5189 572 5244 dem
603 5189 661 5242 in
711 5187 932 5242 Christo
989 5183 1300 5250 robustam,
1343 5183 1597 5237 animum
1626 5181 1723 5235 ira:
1753 5181 2038 5247 victorem,
2124 5187 2249 5238 tuta
2303 5189 2435 5237 sunt
2490 5199 2664 5252 regna
2715 5183 3000 5238 ccelorum.
3042 5185 3201 5240 Unde
3247 5191 3305 5240 et
3349 5185 3624 5240 Dominus
3673 5185 3734 5240 in

446 5277 910 5350 hospitalitatem.
942 5275 1070 5329 Hec
1089 5277 1386 5336 sectantes,
1420 5269 1769 5324 mansionem
1797 5268 1958 5323 nobis
1986 5270 2045 5324 in
2127 5271 2425 5342 Evangelio
2456 5271 2552 5324 ait:
2573 5272 2830 5342 Regnum
2843 5273 2943 5327 Dei
2962 5273 3114 5328 intra
3141 5290 3238 5328 vos
3255 5280 3341 5329 est
3360 5275 3527 5340 (Lucae
3553 5277 3683 5344 xvx.)
3716 5294 3729 5329 :

441 5373 596 5422 terra
608 5361 1258 5437 quietorum,secundum
1276 5358 1640 5428 Evangelium
1667 5359 2038 5428 (Joann.x1v),
2125 5360 2302 5414 virtus
2327 5377 2448 5430 quae
2477 5359 2534 5413 in
2561 5359 2720 5414 nobis
2747 5367 2849 5427 est,
2871 5367 3116 5416 mentem
3134 5367 3354 5417 tantum
3365 5361 3603 5434 requirit
3621 5362 3734 5417 hu-

442 5451 1338 5527 praeparabimusﬂonsideremus
1357 5446 1579 5502 Domini
1594 5462 1716 5500 esse
1744 5462 1844 5500 nos
1859 5446 2041 5501 famu-
2126 5449 2483 5503 manam.Cui
2514 5449 2665 5503 enim
2693 5448 2926 5503 dubium
2949 5455 3034 5504 est
3063 5451 3192 5522 quia
3209 5451 3484 5506 naturalis
3526 5450 3734 5507 animae

443 5544 546 5606 los,
579 5549 637 5597 et
654 5541 978 5596 servitutem
1000 5538 1202 5593 debere
1232 5535 1283 5590 ei
1318 5551 1354 5589 a
1381 5551 1491 5605 quo
1532 5533 1704 5587 creati
1722 5550 1934 5588 sumus.
1968 5536 2042 5591 Ut
2127 5537 2362 5608 paritas,
2394 5537 2440 5590 si
2472 5537 2626 5591 nulla
2677 5536 2848 5592 fuerit
2894 5539 3238 5594 extrinsecus
3276 5540 3438 5594 sorde
3489 5539 3728 5610 polluta,

441 5631 596 5687 enim
624 5646 816 5685 servus
826 5626 1097 5700 praeteriti
1120 5625 1304 5696 gratia
1335 5621 1658 5688 famulatus,
1679 5638 1921 5692 praesens
1943 5630 2043 5678 aut
2125 5625 2250 5679 fons
2279 5625 2353 5678 sit
2381 5631 2437 5679 et
2457 5625 2614 5696 origo
2635 5626 2889 5682 omnium
2917 5627 3190 5682 virtutum
3211 5628 3234 5681 ?
3252 5628 3464 5683 Bonam
3491 5643 3614 5682 eam
3632 5643 3734 5683 ne-

437 5719 695 5777 futurum
721 5733 838 5774 non
863 5713 1173 5772 contemnit
1207 5710 1528 5784 imperium,
1559 5725 1664 5766 nec
1689 5710 1860 5767 audet
1886 5728 2042 5768 asse-
2126 5729 2278 5768 cesse
2308 5719 2395 5768 est
2423 5714 2695 5770 creaverit
2719 5714 2900 5771 bonus
2925 5715 3175 5772 Creator.
3193 5715 3352 5781 Quod
3368 5714 3416 5771 si
3436 5715 3578 5771 forte
3592 5732 3731 5771 cun-
