3958 6390
114 464 211 521 137

1189 465 1359 522 VITA
1397 466 1607 523 BEATI
1646 467 1950 524 ANTONII
1988 466 2310 523 ABBATIS.

3288 462 3391 523 l38

110 588 410 654 ctabimur,
441 589 740 643 audiamus
766 591 793 644 J
801 606 960 644 esum
992 590 1171 644 ﬁlium
1200 591 1353 645 Nave
1385 593 1589 664 populo
1620 592 1708 646 di-
1728 597 1775 654 A
1797 609 1924 647 vero
1951 598 2149 647 contra
2177 590 2480 646 monachos
2497 594 2555 642 et
2571 589 2814 659 virgines
2836 588 3261 657 Christi,odium
3281 596 3389 647 est.

110 685 326 734 centem
362 697 373 731 :
412 679 646 733 Rectum
674 679 840 733 facite
877 695 974 733 cor
1013 685 1256 735 vestrum
1300 682 1374 735 ad
1406 682 1711 736 Dominum

109 770 287 824 Deum
317 768 492 822 Israel
527 770 700 835 (Josue
725 769 959 831 xxw).N
964 785 1026 822 ec
1053 770 1300 824 Joannes
1321 770 1605 825 dissonam
1626 777 1712 825 tu-

110 859 174 912 lit
195 859 265 912 de
290 858 497 911 virtute
527 857 888 923 sententiam,
924 859 1231 929 przedicans
1260 878 1271 912 :
1320 860 1520 914 Rectas
1549 860 1711 915 facite

111 948 339 1002 semitas
368 948 492 1018 ejus
516 949 688 1014 (Luca:
708 946 802 1017 In).
831 946 1119 1017 Siquidem
1142 949 1245 1002 hoc
1262 954 1348 1002 est
1368 954 1576 1003 rectam
1591 966 1711 1003 esse

110 1039 379 1103 animam,
398 1053 527 1090 cum
544 1037 667 1106 ejus
694 1035 1021 1107 principalis
1048 1037 1342 1109 integritas
1365 1039 1521 1092 nulla
1548 1038 1711 1092 vitio-

110 1144 236 1181 rum
257 1126 382 1181 labe
404 1126 739 1193 maculatur;
760 1125 805 1180 si
825 1131 1087 1180 naturam
1105 1126 1423 1187 mutaverit.
1450 1143 1713 1198 perversa

109 1221 244 1271 tunc
281 1216 521 1283 dicitur;
545 1215 593 1269 si
612 1214 759 1269 bona
777 1215 1020 1269 conditio
1043 1222 1311 1279 servetur,
1339 1223 1396 1270 et
1416 1217 1592 1270 virtus
1603 1222 1707 1270 est.

111 1307 375 1361 Animam
403 1311 657 1359 nostram
686 1305 1101 1359 commendavit
1120 1305 1278 1359 nobis
1300 1304 1712 1370 Dominus,ser—

113 1412 306 1450 vemus
335 1394 655 1466 depositum
686 1395 854 1465 quale
892 1394 1228 1465 accepimus.
1264 1395 1442 1448 Nemo
1489 1393 1712 1449 causari

113 1490 301 1556 potest
315 1484 660 1539 extrinsecus
690 1484 882 1550 situm,
915 1483 1064 1554 quod
1104 1483 1163 1537 in
1210 1500 1271 1537 se
1318 1483 1596 1538 nascitur:
1637 1484 1715 1536 fa-

113 1581 333 1628 cturam
380 1590 542 1628 suam
573 1572 668 1644 qui
704 1572 835 1626 fecit
869 1578 1154 1642 agnoscat,
1186 1589 1327 1643 epus
1354 1590 1519 1627 suum
1560 1573 1716 1627 inve-

114 1663 236 1718 niat
263 1669 329 1717 ut
356 1662 585 1719 creavit.
613 1660 829 1717 Sufﬁcit
851 1661 1013 1715 nobis
1043 1662 1320 1716 naturalis
1349 1668 1581 1717 ornatus
1604 1681 1617 1730 ;
1646 1679 1716 1716 ne

116 1753 404 1824 deturpes,
430 1753 619 1818 homo,
643 1751 789 1822 quod
821 1750 924 1805 tibi
955 1751 1179 1821 largitio
1201 1752 1390 1805 divina
1421 1752 1712 1806 concessit.

118 1842 305 1913 Opera
334 1841 437 1895 Dei
466 1840 766 1894 immutare
789 1840 946 1906 velle,
979 1840 1230 1911 polluere
1251 1845 1355 1894 est.

1794 683 2001 737 Eorum
2022 681 2238 735 semitis
2266 680 2498 751 laqueos
2532 679 2906 750 praetendunt,
2939 697 3134 735 eorum
3170 687 3391 737 mentes

1793 771 1982 842 impiis
2007 777 2177 841 atque
2207 769 2481 824 obscoenis
2508 768 2938 837 cogitationibus
2966 769 3227 824 nituntur
3240 787 3392 825 ever-

1794 864 1941 926 tere;
1966 860 2064 913 sed
2093 860 2234 913 nihil
2256 858 2408 911 vobis
2435 858 2494 911 in
2522 857 2627 911 hoc
2646 862 2879 912 terroris
2908 857 3200 913 incutiant.
3234 860 3393 914 Fide-

1793 946 1932 1002 lium
1964 948 2115 1002 enim
2146 948 2494 1002 orationibus
2531 952 2700 1018 atque
2725 947 2957 1018 jejuniis
2986 948 3057 1003 ad
3086 949 3392 1004 Dominum

1794 1037 1988 1091 statim
2009 1042 2308 1105 corruunt;
2330 1053 2432 1090 nec
2450 1042 2640 1091 tamen
2656 1038 2703 1090 si
2723 1037 3013 1107 paululum
3030 1038 3389 1105 cessaverint,

1796 1144 2024 1197 prorsus
2054 1128 2273 1198 plenam
2306 1126 2514 1197 putetis
2535 1143 2656 1180 esse
2678 1127 2989 1181 victoriam.
3007 1127 3201 1181 Solent
3220 1128 3392 1182 etiam

1794 1216 1969 1269 saucii
1996 1216 2222 1286 gravius
2247 1232 2560 1285 assurgere,
2594 1221 2651 1269 et
2676 1221 2895 1269 mutata
2922 1221 3043 1270 arte
3081 1217 3390 1287 pugnandi,

1794 1321 1920 1359 cum
1952 1306 2011 1359 in
2040 1305 2378 1375 cogitatione
2406 1304 2547 1358 nihil
2577 1304 2814 1374 egerint,
2844 1304 3140 1375 pavoribus
3157 1310 3391 1372 terrent,

1795 1400 2147 1448 assumentes
2176 1411 2325 1448 nunc
2352 1394 2673 1457 mulierum,
2706 1409 2858 1448 nunc
2882 1377 3211 1461 bestiarum,
3248 1412 3398 1450 nunc

1796 1484 2145 1555 serpentium
2169 1484 2621 1549 formas,necnon
2644 1489 2702 1537 et
2722 1482 2972 1553 ingentia
2998 1484 3254 1555 quaedam
3280 1502 3399 1544 cor-

1796 1589 1954 1644 pora,
1987 1579 2045 1627 et
2073 1589 2251 1644 usque
2276 1572 2347 1627 ad
2377 1577 2586 1627 tectum
2620 1572 2822 1626 domus
2860 1578 3181 1644 porrectum
3205 1579 3394 1646 caput,

1798 1662 2048 1716 inﬁnitas
2077 1662 2288 1733 species
2319 1667 2377 1716 et
2404 1662 2646 1716 militum
2676 1667 2946 1715 catervas.
2965 1663 3100 1726 Quae
3119 1664 3310 1717 omnia
3327 1664 3400 1719 ad

1799 1752 2044 1821 primum
2073 1751 2335 1822 quodque
2356 1750 2534 1805 crucis
2550 1750 2771 1820 signum
2788 1757 3128 1806 evanescunt
3144 1751 3273 1821 (39).
3300 1753 3401 1809 His

1800 1857 2020 1910 quoque
2045 1840 2252 1910 agnitis
2271 1840 2619 1893 fallaciarum
2651 1840 2851 1905 modis,
2890 1840 3170 1911 incipiunt
3198 1859 3402 1913 praesa-

188 1930 338 1986 Iilud
366 1930 538 1984 etiam
565 1929 800 1983 sollicite
830 1930 1121 2000 providere
1135 1929 1423 1996 debemus,
1447 1936 1511 1983 ut
1528 1935 1718 2001 tyran-
1740 1917 1785 1976 Β
1810 1927 1950 1995 gire,
1990 1934 2044 1981 et
2071 1928 2388 1983 futurorum
2418 1928 2638 1982 dierum
2662 1935 2893 1984 eventus
2917 1931 3057 1985 velle
3075 1932 3400 2002 praedicere.

130 2021 318 2075 nicam
350 2020 448 2075 ira:
468 2036 799 2091 superemus
829 2018 1127 2085 insaniam,
1149 2019 1284 2089 quia
1312 2020 1584 2091 scriptum
1605 2024 1720 2074 est:

1812 2018 2065 2089 Cumque
2096 2024 2153 2072 et
2178 2019 2235 2073 in
2253 2018 2339 2072 his
2368 2018 2673 2090 contempti
2701 2018 2930 2086 fuerint,
2950 2019 3132 2090 ipsum
3148 2021 3267 2090 jam
3286 2037 3401 2075 sua:

118 2109 421 2165 Iracundia
448 2108 551 2162 viri
562 2108 841 2179 justitiam
864 2108 965 2162 Dei
988 2125 1097 2162 non
1118 2115 1383 2179 operatur
1406 2112 1539 2172 (Jac.
1566 2113 1630 2173 1).
1658 2110 1728 2163 Et
1808 2108 2074 2179 nequitiae
2100 2109 2406 2179 principem
2435 2125 2500 2162 ac
2524 2109 2697 2163 totius
2727 2109 2861 2163 mali
2891 2110 3296 2178 summitatem,
3330 2110 3403 2165 ad

123 2200 333 2254 iterum
367 2218 378 2251 :
420 2198 771 2253 Desiderium
798 2197 1197 2269 concupiscens
1224 2198 1372 2269 parit
1408 2204 1719 2269 peccatum,

122 2306 236 2360 quo
264 2288 530 2360 perfecto,
564 2304 715 2341 mors
752 2287 1003 2357 gignitur
1053 2289 1259 2355 (Ibid).
1312 2287 1521 2342 Divinas
1574 2287 1722 2342 vocis

120 2383 468 2450 przeceptum
495 2382 582 2431 est
615 2379 790 2441 (Prov.
825 2377 923 2445 Iv),
955 2382 1020 2430 ut
1034 2376 1158 2446 jugi
1173 2377 1429 2430 custodia
1455 2383 1723 2431 tueamur

120 2470 373 2522 animam
404 2473 675 2532 nostram,
694 2471 819 2532 42
849 2464 983 2537 quia
1001 2465 1332 2520 exercitatos
1359 2466 1430 2521 ad
1459 2467 1723 2538 supplan-

118 2558 362 2612 tandum
390 2556 660 2611 habemus
691 2554 966 2621 inimicos,
986 2556 1267 2609 daemones
1285 2555 1513 2621 scilicet,
1529 2562 1724 2609 contra

121 2664 263 2719 quos
283 2646 465 2713 nobis,
492 2645 802 2699 secundum
842 2644 1210 2715 apostolicam
1232 2644 1719 2711 contestationem,

119 2754 313 2809 pugna
340 2736 463 2790 sine
491 2734 905 2789 intermissione
925 2739 1026 2788 est.
1060 2735 1134 2787 At
1154 2735 1305 2788 enim
1331 2752 1342 2787 :
1377 2736 1501 2788 Non
1525 2740 1611 2789 est
1630 2751 1726 2789 no-

120 2826 204 2881 bis
235 2824 558 2881 colluctatio
586 2824 851 2878 adversus
884 2840 1110 2901 carnem
1148 2829 1204 2877 et
1242 2824 1597 2894 sanguinem,
1626 2825 1724 2878 sed

123 2916 397 2970 adversus
425 2913 770 2986 principatus
800 2918 855 2966 et
871 2918 1177 2984 potestates
1198 2914 1366 2983 hujus
1389 2914 1603 2979 mundi,
1630 2913 1725 2967 ad-

123 3024 321 3061 versus
352 3003 631 3075 spiritalia
657 3003 922 3073 nequitia:
946 3003 1003 3057 in
1032 3003 1352 3058 coelestibus
1383 3005 1588 3073 (Ephcs.
1620 3005 1722 3075 v1).

123 3096 333 3166 Ingens
357 3110 553 3148 eorum
574 3090 741 3147 turba
768 3091 939 3145 istum
965 3093 1217 3163 pervolat
1245 3107 1452 3159 aerem,
1468 3109 1580 3147 non
1601 3110 1725 3164 pro-

123 3187 212 3239 cul
237 3202 275 3239 a
300 3184 463 3239 nobis
493 3183 739 3237 hostium
769 3187 992 3235 caterva
1020 3181 1300 3236 discurrit.
1335 3182 1405 3236 Et
1428 3182 1723 3237 diversita-

1806 2197 2116 2252 subsidium
2149 2198 2237 2253 sui
2271 2198 2592 2253 certaminis
2620 2204 2838 2254 vocant.

1877 2287 2185 2349 C.\p.,XVI.
2216 2317 2281 2328 -—
2305 2287 2514 2343 Crebro
2536 2288 2779 2359 denique
2799 2290 3078 2344 Antonius
3102 2290 3274 2345 talem
3289 2308 3324 2345 a
3342 2309 3403 2346 se

1801 2377 1983 2431 visum
2013 2377 2298 2432 diabolum
2338 2378 2641 2443 asserebat,
2687 2378 2909 2449 qualem
2944 2385 3001 2434 et
3033 2379 3232 2435 beatus
3272 2381 3398 2449 Job,

1804 2466 2042 2520 Domino
2074 2467 2374 2532 revelante,
2409 2474 2744 2538 cognoverat
2783 2470 2895 2538 (Job
2917 2472 3054 2531 XLI).
3092 2470 3251 2525 Oculi
3279 2472 3403 2541 ejus

1805 2572 1869 2609 ac
1899 2556 1946 2609 si
1968 2556 2178 2626 species
2208 2556 2468 2622 Luciferi,
2493 2574 2559 2612 ex
2586 2574 2681 2611 ore
2711 2559 2834 2628 ejus
2854 2559 3166 2629 procedunt
3193 2560 3405 2631 lampa-

1804 2646 1902 2698 des
1934 2645 2190 2700 incensm.
2213 2646 2407 2701 Crines
2433 2648 2941 2717 quoqueincendiis
2960 2655 3322 2720 sparguntur,
3348 2655 3407 2704 et

1805 2751 1872 2788 ex
1915 2734 2146 2789 naribus
2194 2736 2315 2805 ejus
2364 2736 2551 2790 fumus
2594 2737 2903 2806 egreditur,
2950 2739 3109 2808 quasi
3162 2738 3405 2793 fornacis

1805 2824 2096 2878 aestuantis
2138 2825 2337 2878 ardore
2367 2824 2693 2881 carbonum.
2724 2826 2929 2879 Anima
2955 2828 3078 2897 ejus
3108 2832 3173 2881 ut
3199 2844 3401 2899 pruna,

1807 2913 2038 2967 flamma
2064 2930 2195 2967 vero
2225 2930 2290 2967 ex
2339 2931 2434 2968 ore
2477 2916 2599 2984 ejus
2626 2914 2999 2984 glomeratur.
3033 2916 3175 2971 Cum
3204 2916 3404 2987 hujus-

1806 3002 1957 3055 modi
1977 3002 2288 3056 terroribus
2318 3002 2467 3056 visus
2482 3009 2568 3057 est
2588 3004 2847 3075 princeps
2866 3004 3204 3073 daemonum,
3221 3005 3407 3077 inquit

1806 3091 2104 3157 Antonius,
2160 3098 2217 3146 et
2266 3092 2519 3161 ingentia
2555 3110 2719 3164 smpe,
2772 3100 2835 3147 ut
2873 3094 3007 3157 dixi,
3039 3094 3402 3166 promittens,

1806 3180 2111 3252 impietatis
2141 3197 2257 3235 suae
2296 3181 2504 3236 defurit
2540 3181 2731 3251 lingua
2769 3183 3149 3253 magniloqua.
3178 3184 3259 3238 De
3293 3201 3406 3256 qua

123 3282 239 3329 tem
261 3274 493 3346 quidem
515 3288 710 3327 eorum
739 3287 852 3325 non
864 3276 950 3325 est
970 3288 1105 3325 meae
1126 3271 1417 3342 parvitatis
1430 3288 1724 3342 exponere,
1746 3274 1788 3333 C
1808 3270 2077 3323 Dominus
2104 3269 2493 3342 triumphavit,
2525 3270 2597 3324 ad
2625 3270 2728 3325 Job
2757 3271 2947 3325 dicens
2978 3272 3161 3342 (Ibid)
3198 3290 3209 3325 :
3241 3272 3403 3328 Arbi-

124 3365 220 3418 sed
252 3365 401 3418 hanc
422 3361 731 3433 majoribus
760 3360 1012 3414 concedo
1030 3360 1327 3415 rationem.
1354 3360 1513 3424 Quod
1534 3366 1724 3416 autem

124 3454 177 3507 in
211 3458 481 3525 promptu
499 3456 604 3516 est,
636 3457 693 3503 et
722 3450 983 3520 ignorare
1013 3466 1122 3503 non
1146 3450 1387 3520 expedit,
1411 3450 1568 3504 dolos
1583 3450 1725 3504 scili-

122 3549 208 3597 cet
229 3558 433 3597 eorum
464 3541 757 3596 adversum
796 3554 899 3592 nos
933 3538 1268 3611 compositos
1300 3538 1547 3594 breviter
1573 3539 1723 3594 indi-

122 3633 280 3687 caba.

191 3724 313 3777 Hoc
346 3721 593 3793 primum
649 3719 917 3774 debemus
965 3717 1247 3773 mentibus
1295 3718 1544 3788 afﬁgere,
1588 3717 1729 3771 nihil

122 3814 303 3867 Deum
335 3810 530 3865 fecisse
584 3809 733 3881 quod
779 3809 990 3863 malum
1038 3813 1125 3862 est
1156 3807 1288 3876 (37),
1334 3824 1438 3862 nec
1492 3806 1562 3861 ab
1605 3808 1726 3875 ejus

104 3928 107 3931 ν
126 3900 484 3956 institutione
497 3899 811 3953 dmmonum
825 3899 1058 3969 coepisse
1071 3896 1372 3967 principia:
1390 3896 1727 3967 perversitas

127 3992 251 4051 ista,
286 4006 405 4045 non
432 3995 667 4055 naturze,
719 3988 815 4042 sed
864 3986 1167 4041 voluntatis
1210 3991 1295 4039 est
1340 3985 1556 4038 vitium.
1591 3984 1727 4038 Boni

130 4080 359 4139 etenim,
394 4083 585 4148 utpote
604 4094 639 4131 a
658 4078 774 4131 Deo
794 4076 1021 4142 conditi,
1056 4092 1120 4129 ex
1140 4074 1366 4145 proprio
1398 4073 1604 4127 mentis
1634 4090 1726 4126 ar-

128 4169 292 4224 bitrio
323 4168 397 4222 ad
426 4174 607 4221 terras
635 4182 800 4220 ruere
830 4166 899 4219 de
919 4165 1102 4232 ccelis;
1149 4163 1338 4234 ibique
1368 4163 1426 4217 in
1455 4162 1729 4217 cwnisor-

130 4260 290 4313 dibus
318 4257 577 4323 volutati,
603 4255 936 4327 gentilitatis
957 4253 1160 4324 impias
1183 4253 1524 4307 constituere
1543 4252 1726 4307 cultu-

133 4367 246 4417 ras;
275 4354 334 4403 et
362 4363 513 4401 nunc
541 4346 612 4400 de
632 4344 793 4400 nobis
806 4348 1143 4415 torquentur
1164 4342 1391 4409 invidia,
1410 4347 1578 4412 atque
1598 4341 1725 4395 uni-

134 4455 289 4492 versa.
318 4437 472 4491 mala
493 4450 840 4490 commovere
854 4450 967 4488 non
988 4437 1226 4499 cessant,
1260 4448 1330 4485 ne
1346 4431 1600 4503 pristinis
1630 4446 1726 4485 eo-

134 4544 250 4581 rum
283 4526 512 4581 sedibus
539 4525 921 4579 succedamus.

1805 3364 1992 3413 tratur
2005 3359 2152 3413 enim
2170 3360 2382 3413 ferrum
2407 3365 2471 3414 ut
2490 3361 2698 3431 paleas,
2713 3366 3081 3415 aeramentum
3103 3366 3170 3416 ut
3186 3362 3405 3432 lignum

1806 3448 2113 3519 putridum,
2147 3450 2329 3502 maria
2358 3454 2422 3503 ut
2448 3454 2680 3509 terram.
2699 3455 2976 3504 tartarum
2998 3450 3259 3522 profundi
3274 3457 3404 3506 tan-

1808 3554 1977 3608 quam
2005 3538 2284 3609 captivum
2315 3538 2628 3603 aestimavit,
2644 3538 2907 3610 abyssum
2938 3544 3002 3593 ut
3024 3540 3406 3595 deambulato-

1806 3628 1975 3681 rium.
2009 3628 2116 3681 Per
2146 3628 2478 3698 prophetam
2503 3644 2725 3699 quoque
2746 3629 3213 3701 increpat,dicens
3237 3648 3248 3684 :
3276 3632 3407 3686 Per-

1810 3732 2051 3787 sequens
2082 3717 2554 3786 comprehendam
2594 3719 2791 3787 (Exodi
2819 3717 2930 3784 xv),
2966 3724 3023 3773 et
3049 3734 3275 3774 omnem
3310 3736 3402 3775 or-

1808 3804 1934 3858 bem
1962 3810 2244 3859 terrarum
2274 3822 2447 3859 manu
2476 3822 2602 3859 mea
2628 3812 2692 3860 ut
2712 3807 2906 3860 nidum
2936 3806 3217 3875 obtinebo,
3253 3814 3310 3865 et
3344 3814 3408 3864 ut

1810 3910 1913 3948 ova
1940 3893 2206 3948 derelicta
2234 3894 2482 3948 auferam
2521 3896 2701 3965 (Isaia:
2726 3900 2808 3973 x)..
2867 3897 2958 3951 Sic
2986 3897 3214 3968 iniquus
3242 3898 3405 3953 fune-

1810 4000 1935 4038 reas
1956 4000 2218 4037 evomens
2232 4000 2415 4048 voces,
2438 3983 2581 4038 bene
2604 3983 2907 4039 viventium
2920 3986 3138 4057 aliquos
3150 3987 3407 4059 frequen-

1810 4073 2193 4143 terillaqueat,
2226 4072 2325 4127 sed
2355 4090 2456 4127 nos
2488 4090 2589 4127 nec
2616 4075 2739 4144 ejus
2769 4075 3266 4145 pollicitationibus
3285 4096 3408 4134 cre-

1810 4163 1961 4228 dere,
2004 4178 2108 4216 nec
2137 4163 2319 4216 minas
2357 4162 2659 4217 formidare
2702 4164 3008 4233 debemus;
3065 4165 3210 4220 fallit
3256 4168 3408 4223 enim

1809 4252 2152 4322 frequenter,
2192 4251 2444 4322 nihilque
2474 4269 2667 4307 verum
2697 4254 2996 4324 promittit.
3034 4256 3179 4310 Nam
3214 4257 3260 4311 si
3293 4273 3408 4313 non

1810 4340 2104 4395 mendacia
2128 4346 2329 4395 cuncta
2348 4341 2690 4412 loqueretur,
2734 4344 3013 4413 quomodo
3040 4344 3178 4399 talia
3213 4353 3272 4401 et
3289 4351 3405 4402 tam

1810 4431 2031 4485 inﬁnita
2054 4430 2408 4501 promittens,
2437 4431 2604 4486 hamo
2618 4431 2797 4486 crucis
2826 4438 2892 4487 ut
2914 4433 3081 4487 draco
3094 4434 3408 4491 aduncatus

1810 4537 1845 4575 a
1865 4519 2109 4574 Domino
2140 4525 2227 4573 est
2257 4518 2390 4585 (’10),
2415 4526 2472 4574 et
2492 4521 2732 4591 capistro
2759 4521 2967 4591 ligatus
2985 4528 3050 4576 ut
3056 4522 3400 4592 jumentum,

197 4617 433 4671 Diversa
459 4620 649 4670 autem
680 4629 876 4668 eorum
905 4618 963 4667 et
979 4612 1189 4683 partita
1219 4611 1470 4682 nequitia
1489 4596 1575 4664 est
1595 4606 1724 4680 (38).
1746 4601 1794 4660 D
1811 4616 1867 4664 et
1893 4608 2053 4680 quasi
2084 4608 2421 4679 mancipium
2443 4609 2739 4679 fugitivum
2764 4609 2979 4665 vinctus
2994 4611 3221 4678 circulo,
3241 4618 3298 4667 et
3320 4630 3408 4669 ar-

135 4706 371 4769 Quidam
399 4702 565 4758 cnim’
568 4704 639 4758 ad
669 4719 955 4758 summum
984 4701 1221 4757 nocendi
1248 4701 1511 4755 verticem
1540 4716 1729 4771 perve-

136 4812 279 4859 nere,
301 4795 403 4849 alii
434 4811 498 4849 ex
526 4793 944 4865 comparatione
961 4793 1216 4864 pejorum
1232 4790 1493 4845 videntur
1505 4806 1626 4843 esse
1656 4789 1730 4842 le-

136 4885 343 4951 viores;
377 4889 550 4955 atque
595 4900 789 4937 omnes
837 4899 938 4954 pro
988 4880 1358 4954 possibilitate
1395 4880 1619 4945 virium,
1649 4878 1731 4932 di-

138 4991 287 5029 versa.
314 4978 519 5029 contra
547 4973 798 5044 singulas
830 4987 1120 5043 sumpsere
1150 4970 1478 5026 certamina.
1515 4968 1727 5024 Idcirco

140 5064 510 5119 necessarium
528 5068 613 5117 est
630 5062 841 5117 donum
861 5060 1161 5133 spirituum
1181 5059 1676 5113 discernendorum
1693 5074 1728 5111 τι

140 5153 370 5209 Domino
400 5158 593 5224 petere
612 5153 664 5218 (Ι
689 5148 811 5206 σον.
844 5152 954 5216 xui,
990 5155 1055 5205 ut
1072 5149 1352 5221 possimus
1372 5147 1727 5202 tamfraudes

141 5258 327 5298 eorum
356 5258 527 5314 quam
549 5241 737 5295 studia
756 5239 1126 5312 pervidentes,
1159 5238 1424 5293 adversus
1448 5236 1729 5308 disparem

143 5349 379 5403 pugnam
411 5348 589 5386 unum
626 5329 929 5385 Dominicaz
967 5328 1147 5383 crucis
1193 5328 1410 5381 elevare
1446 5327 1726 5381 vexillum.

148 5420 249 5475 lloc
283 5437 523 5476 munere
551 5420 760 5474 Paulus
786 5424 1033 5490 accepto,
1067 5416 1301 5472 docebat
1332 5416 1523 5471 dicens
1558 5435 1569 5470 :
1606 5417 1729 5470 Non

149 5512 281 5565 enim
313 5513 442 5581 ejus
462 5511 786 5581 ignoramus
814 5508 1052 5563 astutias
1079 5508 1158 5575 (ΙΙ
1184 5508 1305 5563 Cor.
1342 5506 1426 5575 II).
1456 5506 1539 5561 Ad
1571 5506 1732 5576 cujus

150 5602 454 5672 exemplum
492 5601 664 5653 etiam
698 5616 800 5653 nos
828 5602 1051 5670 oportet
1079 5613 1145 5651 ex
1173 5596 1261 5650 his
1290 5612 1412 5667 quae
1456 5595 1605 5667 passi
1636 5612 1732 5649 su-

154 5706 280 5755 mus,
312 5689 528 5745 mutuis
558 5706 661 5743 nos
685 5688 919 5743 invicem
944 5687 1224 5742 instruere
1249 5684 1620 5739 sermonibus.

212 5780 422 5835 Hostile
450 5778 564 5833 illis
588 5782 785 5833 contra
821 5792 1017 5832 omnes
1067 5774 1439 5838 Christianos,
1493 5774 1733 5829 maxime

379 5879 652 5942 ΡΑτιιοῐ..
695 5877 976 5940 LXXIII.

1812 4700 1967 4753 milla
1994 4698 2141 4752 labia
2169 4698 2484 4769 perforatus
2517 4699 2628 4766 (Job
2648 4697 2758 4767 κιρ),
2784 4700 2999 4753 nullum
3022 4701 3251 4757 omnino
3267 4703 3406 4759 ﬁde-

1811 4789 1947 4844 lium
1978 4789 2247 4843 devorare
2277 4787 2658 4859 permittitur?
2679 4789 2839 4842 Nunc
2850 4788 3186 4845 miserabilis
3206 4798 3271 4848 ut
3285 4810 3409 4865 pas-

1812 4895 1920 4938 ser.
1953 4879 2023 4932 ad
2068 4878 2263 4933 ludum
2311 4877 2563 4931 irretitus
2601 4894 2636 4931 a
2672 4878 2897 4933 Christo
2953 4886 3040 4934 est
3074 4879 3213 4952 (41),
3260 4900 3409 4939 nunc

1809 4968 2041 5021 comites
2067 4984 2198 5021 suos
2222 4966 2381 5038 quasi
2405 4966 2725 5037 scorpiones
2746 4974 2804 5023 et
2825 4976 3133 5041 serpentes,
3150 4971 3408 5028 calcaneo

1810 5055 2259 5111 Christianorum
2294 5055 2607 5111 substratos
2652 5058 2848 5126 gemit.
2893 5059 2995 5114 Ille
3025 5061 3121 5131 qui
3151 5061 3411 5116 universa

1810 5147 1989 5200 maria
2018 5163 2051 5200 a
2071 5163 2131 5201 se
2149 5146 2333 5200 deleta
2349 5146 2669 5218 plaudebat,
2686 5147 2779 5202 ille
2798 5147 2893 5220 qui
2912 5148 3104 5204 orbem
3124 5156 3406 5205 terrarum

1812 5251 1983 5291 manu
2013 5251 2114 5290 sua
2142 5235 2322 5290 teneri
2352 5236 2738 5307 pollicebatur,
2754 5254 2880 5292 ecce
2909 5254 2943 5292 a
2961 5237 3114 5293 vobis
3143 5239 3429 5306 vincitur,-

1814 5341 1940 5379 ecce
1967 5340 2056 5379 me
2068 5325 2359 5379 adversum
2392 5343 2451 5380 se
2480 5326 2778 5397 prohibere
2796 5344 2904 5382 non
2918 5333 3102 5399 potest
3121 5327 3409 5399 disputan-

1812 5419 1949 5469 tem.
1984 5414 2409 5469 Contemnenda
2431 5421 2535 5481 est,
2565 5416 2741 5481 ﬁlioli,
2758 5418 2980 5488 penitus
2997 5433 3123 5471 cum
3147 5417 3407 5472 inanibus

1814 5503 1996 5559 verbis
2024 5504 2265 5575 superba
2289 5505 2600 5575 jactantia;
2632 5506 3251 5576 fulgorille,quilucere
3270 5524 3327 5561 se
3339 5507 3410 5561 si-

1814 5594 2012 5659 mulat,
2045 5611 2156 5648 non
2184 5594 2302 5648 veri
2330 5595 2691 5665 splendorest
2711 5595 2957 5661 luminis,
2982 5597 3075 5649 sed
3099 5596 3300 5667 quibus
3322 5615 3410 5651 ar-

1814 5683 2302 5738 surusestindicat
2322 5685 2596 5737 flammas.
2613 5685 2754 5737 Nam
2769 5683 2916 5738 dicto
2935 5684 3098 5739 citius
3118 5686 3404 5753 recedens,

1816 5789 2045 5829 suarum
2069 5789 2259 5827 secum
2292 5773 2465 5827 refert
2481 5772 2779 5828 simulacra
2805 5790 3121 5845 poenarum.

3136 5880 3173 5937 5
