3958 6464
427 5819 448 5832 Ω

523 493 625 550 139

1535 491 1628 544 DE
1664 489 1855 544 VlTlS
1893 489 2190 544 PATRUM
2226 490 2440 545 LIBER
2477 491 2766 547 PRIMUS.

3679 491 3773 548 140

591 617 1100 675 Solentetiamcum
1115 615 1498 669 modulatione
1519 631 1920 684 nonnunquam
1943 631 2111 684 appa—
2133 615 2350 681 Amini,
2383 621 2572 669 tamen
2611 617 2807 670 eadem
2854 632 3001 669 nunc
3046 615 3373 686 explicanda
3419 622 3553 670 sunt
3595 615 3772 681 latius,

519 716 706 764 rentes
733 707 988 778 psallere,
1024 705 1164 776 proh
1192 704 1378 758 nefas!
1421 704 1491 757 ad
1526 704 1641 756 hzsc
1670 707 1726 756 et
1754 703 1974 772 impure
2013 719 2108 756 ore

518 815 675 853 sacra
700 797 1114 868 Scripturarum
1131 793 1352 864 eloquia
1365 793 1729 846 meditantur.
1764 793 2111 862 Frequenter

518 887 669 942 enim
691 885 1006 956 legentibus
1033 884 1210 948 nobis,
1227 883 1387 954 quasi
1411 883 1555 936 Echo
1581 882 1652 934 ad
1675 887 1929 934 extrema
1943 898 2024 934 vei
2038 881 2110 934 ba

516 982 642 1042 43
695 975 1054 1046 respondent.
1096 973 1450 1027 Dormientes
1498 988 1718 1040 quoque
1769 971 2012 1023 excitant
2038 971 2108 1023 ad

515 1065 812 1121 orandum.
834 1069 895 1118 ut
921 1063 1094 1116 totius
1113 1062 1289 1116 noctis
1309 1077 1569 1114 somnum
1600 1060 1874 1130 eripiant;
1898 1059 2110 1128 pleros-

515 1171 625 1226 que
645 1154 839 1219 etiam,
863 1153 998 1207 dum
1027 1169 1086 1206 se
1114 1151 1171 1204 in
1198 1151 1598 1203 monachorum
1622 1148 1893 1202 nobilium
1915 1147 2108 1201 habitu

515 1243 881 1308 transferunt,
911 1241 1214 1295 monachos
1243 1244 1518 1301 coercent,
1543 1245 1600 1292 et
1629 1237 1882 1308 pristina,
1910 1237 2109 1306 quibus

518 1332 726 1388 conscii
745 1336 896 1396 sunt,
916 1335 1142 1401 peccata
1168 1329 1482 1399 imputant;
1507 1327 1604 1380 sed
1634 1327 1958 1396 spernendae
1981 1331 2111 1379 sunt

519 1437 714 1476 eorum
741 1419 1170 1490 increpationes,
1195 1425 1251 1471 et
1269 1417 1686 1470 admonitiones
1707 1414 2020 1485 jejunandi,
2039 1414 2111 1466 vi—

517 1511 781 1581 giliarum
813 1525 1034 1579 quoque
1061 1507 1422 1560 fraudulenta
1450 1506 1751 1575 suggestio.
1775 1504 1858 1558 Ob
1884 1505 1935 1556 id
1959 1504 2109 1556 enim

519 1599 824 1654 familiares
845 1597 1004 1652 nobis
1029 1597 1241 1668 species
1270 1601 1582 1659 assumunt,
1607 1601 1668 1647 ut
1693 1595 1966 1646 affinitate
1996 1593 2107 1645 vir-

517 1694 705 1744 tutum
731 1692 1014 1752 nocentes,
1044 1686 1260 1740 facilius
1290 1685 1440 1738 virus
1483 1684 1839 1745 interserant,
1871 1690 1926 1735 et
1953 1683 2110 1735 inno-

517 1787 706 1833 centes
736 1793 984 1848 quosque
1011 1793 1110 1846 per
1140 1775 1379 1844 speciem
1411 1772 1720 1826 honestatis
1741 1773 1969 1825 elidant.
1994 1773 2106 1824 Im-

519 1867 778 1938 possibile
800 1872 992 1936 postea
1017 1865 1333 1932 durumque
1364 1863 1466 1914 hoc
1497 1862 1745 1914 studium
1783 1861 2104 1930 praedicant,

2192 705 2324 774 quia
2345 721 2456 757 non
2488 706 2825 759 mediocrem
2855 707 3017 758 affert
3050 705 3308 775 repetitio
3338 707 3640 760 cautelam.
3716 715 3724 720 '

2261 794 2604 846 Adveniente
2628 795 3216 857 Domino,destructus
3247 801 3333 848 est
3359 794 3621 848 inimicus
3653 793 3771 861 44'2),

2192 888 2248 936 et
2269 899 2434 936 omne
2463 883 2685 953 penitus
2711 886 2833 952 ejus
2853 884 3023 938 robur
3051 884 3321 952 elanguit.
3363 884 3602 954 Propter
3639 883 3776 953 quod

2192 973 2442 1041 pristina:
2465 973 2686 1025 virtutis
2709 991 2941 1037 memor,
2976 973 3134 1042 quasi
3156 979 3432 1043 tyrannus
3457 974 3578 1042 jam
3601 988 3778 1026 senes-

2193 1078 2342 1123 cens,
2374 1078 2500 1114 cum
2522 1063 2699 1115 ruisse
2731 1079 2789 1115 se
2819 1063 3022 1124 videat,
3069 1062 3123 1114 in
3156 1061 3458 1132 perniciem
3496 1065 3780 1130 grassatur

2193 1149 2530 1216 humanam;
2561 1168 2662 1204 nec
2689 1158 2880 1204 tamen
2895 1157 3078 1221 potest
3095 1151 3319 1204 firmum
3351 1151 3466 1204 Deo
3487 1156 3682 1220 pectus
3701 1165 3780 1203 co-

2191 1239 2527 1308 gitationum
2560 1247 2617 1292 et
2645 1247 2974 1294 caeterarum
3007 1240 3266 1293 fraudum
3297 1245 3416 1292 arte
3446 1245 3780 1310 pervertere.

2192 1329 2335 1381 Nam
2367 1329 2489 1382 luce
2518 1329 2722 1382 clarius
2737 1335 2823 1382 est
2836 1329 3099 1398 quoniam
3114 1328 3422 1382 adversarii
3441 1328 3638 1393 nostri,
3661 1344 3781 1381 cum

2192 1433 2294 1469 nec
2323 1417 2571 1470 humana
2599 1435 2764 1470 carne
2794 1418 2906 1471 sint
2935 1418 3177 1488 septi,ut
3199 1417 3419 1470 causari
3443 1418 3682 1481 valeant,
3702 1416 3781 1469 id-

2192 1507 2338 1558 circo
2361 1523 2460 1558 nos
2487 1524 2520 1560 a
2548 1525 2606 1559 se
2637 1524 2748 1560 non
2773 1524 2932 1577 posse
2957 1507 3230 1577 superari,
3256 1507 3405 1576 quia,
3431 1506 3623 1559 clauso
3644 1507 3783 1558 ostio

2190 1595 2456 1647 interiore
2509 1596 2638 1656 (43),
2695 1597 2905 1648 intrare
2948 1613 3058 1649 non
3105 1595 3343 1648 valeant.
3387 1596 3456 1648 Et
3501 1611 3696 1648 revera
3741 1594 3784 1646 si

2189 1683 2425 1736 fuissent
2457 1685 2558 1737 hoc
2587 1686 2771 1754 fragili
2801 1701 3030 1754 corpore
3061 1685 3327 1754 colligati,
3372 1684 3665 1737 observato
3695 1684 3782 1736 in-

2190 1773 2380 1833 troitu,
2419 1773 2615 1826 iisdem
2655 1783 2958 1841 negaretur
3002 1790 3274 1828 accessus.
3313 1775 3454 1828 Cum
3485 1781 3675 1827 autem
3709 1781 3786 1833 (ut

2191 1861 2450 1926 diximus)
2477 1863 2578 1914 hoc
2608 1862 3006 1932 in'ipmlimento
3037 1863 3152 1915 sint
3189 1862 3370 1926 liberi,
3406 1867 3461 1915 et
3493 1862 3780 1915 obstructa

517 1962 582 2010 ut
603 1957 737 2010 dum
761 1970 1061 2008 onerosum
1095 1969 1215 2005 esse
1245 1951 1463 2004 videtur
1484 1950 1630 2020 quod
1660 1955 1904 2019 coeptum
1918 1955 2018 2011 est,
2047 1965 2111 2001 ex
2133 1939 2174 1997 Β
2195 1957 2505 2018 penetrent,
2540 1957 2709 2020 atque
2740 1951 2796 2004 in
2827 1953 2979 2004 omni
2997 1951 3470 2004 licentervolitent
3487 1967 3638 2014 aere,
3675 1967 3788 2004 ma-

517 2044 907 2115 desperatione
937 2042 1187 2105 taedium,
1206 2046 1262 2094 et
1293 2058 1357 2094 ex
1393 2039 1558 2095 taedio
1589 2039 1852 2091 succedat
1869 2038 2108 2106 ignavia.

518 2133 729 2189 Idcirco
758 2133 1034 2203 propheta
1060 2131 1266 2184 missus
1294 2145 1328 2182 a
1348 2129 1606 2192 Domino,
1627 2128 1881 2180 luctuosa
1894 2127 2111 2180 denun-

515 2222 685 2287 flans,
717 2220 942 2275 sublimi
967 2236 1098 2272 voce
1119 2218 1364 2271 dicebat:
1391 2217 1486 2271 Va:
1507 2216 1599 2286 qui
1621 2223 1778 2286 potat
1799 2216 2112 2285 proximum

516 2328 682 2366 suum
731 2309 1088 2364 subversione
1133 2307 1358 2361 turbida
1387 2308 1603 2379 (Halms.
1648 2306 1730 2373 ιι).
1780 2305 2114 2373 Hujusmodi

518 2415 668 2454 enim
697 2399 1140 2460 exhortamenta,
1157 2395 1547 2465 depravatoria
1558 2400 1690 2446 sunt
1708 2393 1944 2456 itineris,
1967 2393 2114 2462 quod

517 2488 674 2542 ducit
717 2487 789 2540 ad
841 2487 1062 2540 cazlum.
1105 2484 1313 2539 Idcirco
1359 2500 1486 2537 cum
1541 2486 1783 2536 venisset
1841 2483 2111 2535 Dominus

519 2577 591 2631 ad
620 2581 891 2640 terras,et
917 2591 1049 2628 vera
1069 2573 1138 2628 de
1167 2590 1233 2628 eo
1247 2573 1526 2626 daemones
1543 2571 1701 2624 inviti
1718 2571 2105 2641 prmdicarent,

518 2671 668 2733 (vere
701 2665 854 2720 enim
881 2662 1142 2716 dicebant
1168 2662 1341 2731 [Lucas
1370 2661 1442 2730 ιν]
1477 2681 1488 2714 :
1521 2662 1605 2714 Tu
1645 2677 1702 2714 es
1733 2661 1989 2713 Christus
2018 2659 2110 2713 Fi-

520 2753 628 2807 lius
639 2752 740 2806 Dei
755 2749 1332 2818 vivi),vociferantium
1349 2767 1448 2803 ora
1460 2749 1875 2818 claudebat,qui
1901 2748 2110 2801 vinctas

521 2840 814 2895 hominum
859 2840 1081 2909 linguas
1131 2839 1396 2900 solvebat,
1440 2852 1510 2892 ne
1539 2855 1668 2891 cum
1699 2837 1972 2908 praeconio
2002 2837 2117 2890 veri

523 2929 906 3001 perversitatis
937 2944 1151 2981 venena
1179 2927 1507 2989 miscerent;
1528 2933 1585 2980 et
1600 2934 1662 2980 ut
1681 2944 1780 2980 nos
1797 2928 1918 2995 ejus
1939 2942 2119 2979 exem-

527 3020 640 3090 plo,
673 3018 893 3072 etiamsi
915 3018 1208 3088 profutura
1233 3017 1552 3080 suaderent,
1579 3017 1636 3070 in
1662 3017 1814 3069 nullo
1851 3016 1935 3068 his
1965 3033 2117 3068 com-

523 3108 881 3162 modaremus
911 3123 1220 3172 assensum,
1255 3107 1386 3176 quia
1437 3105 1679 3175 profecto
1719 3122 1828 3158 non
1860 3105 2121 3171 congruit

2197 2039 2460 2092 nifestum
2490 2047 2575 2092 est
2605 2039 2674 2092 ob
2706 2040 3124 2093 enervationem
3143 2057 3337 2093 eorum
3351 2056 3682 2109 permanere
3704 2057 3789 2093 ec-

2195 2127 2374 2180 clesia:
2401 2145 2601 2198 corpus
2629 2129 2884 2182 illaesum.
2917 2129 3170 2199 Denique
3191 2128 3460 2182 satellites
3490 2128 3789 2198 impiicum

2195 2216 2444 2286 principe
2461 2235 2561 2270 suo
2575 2217 2815 2279 diabolo,
2833 2235 2998 2288 quem
3022 2218 3345 2271 Salvatorin
3366 2217 3666 2286 Evangelio
3688 2218 3791 2270 ho-

2199 2305 2459 2358 micidam
2499 2311 2556 2359 et
2586 2313 2803 2376 patrem
2835 2306 3061 2359 malitias
3100 2306 3168 2360 ab
3205 2306 3364 2360 initio
3393 2306 3564 2359 fuisse
3606 2307 3797 2359 firmat

2201 2395 2380 2458 (Joan.
2407 2400 2541 2462 vin),
2565 2395 2726 2448 nobis
2749 2397 3044 2449 adversum
3066 2412 3124 2448 se
3139 2395 3535 2449 dimicantibus
3549 2395 3794 2460 fortiter,

2197 2483 2350 2535 nullo
2380 2483 2544 2537 modo
2575 2485 2891 2547 cessissent,
2923 2486 2968 2538 si
2989 2490 3236 2555 potestas
3255 2501 3449 2538 eorum
3467 2501 3580 2537 non
3599 2485 3799 2538 fuisset

2193 2571 2400 2625 ablata.
2434 2574 2576 2626 Nam
2595 2574 2640 2626 si
2675 2575 2932 2636 mentior,
2966 2590 3065 2628 cur
3093 2573 3272 2640 nobis,
3307 2575 3565 2634 Satanas,
3590 2574 3801 2644 parcis,

2193 2661 2287 2729 qui
2319 2661 2526 2732 ubique
2561 2663 2862 2716 discurris?
2883 2679 3001 2728 cur,
3037 2663 3130 2733 qui
3157 2663 3312 2716 nullo
3341 2663 3621 2716 clauderis
3653 2663 3801 2726 loco,

2189 2749 2490 2802 adversum
2510 2755 2566 2803 te
2587 2751 2726 2803 bene
2743 2751 3044 2804 viventium
3071 2751 3548 2821 etdisputantium
3565 2767 3684 2805 non
3707 2768 3808 2822 p0-

2199 2842 2284 2890 tes
2310 2838 2645 2893 labefactare
2674 2839 3045 2893 constantiam
3067 2841 3092 2892 ’ἶ

2273 2928 2379 2980 Sed
2438 2929 2670 2982 lortasse
2721 2945 2821 2982 nos
2865 2929 3070 2997 diligis,
3105 2945 3244 2998 quos
3298 2929 3550 2998 quotidie
3580 2931 3816 2983 conaris

2201 3015 2456 3078 obruere;
2471 3023 2570 3069 aut
2580 3017 2842 3070 credibile
2859 3025 2937 3070 est
2956 3021 3010 3070 te
3025 3034 3144 3069 esse
3159 3015 3424 3069 bonitatis
3440 3017 3814 3086 magistrum,

2203 3111 2253 3156 et
2285 3105 2468 3157 favere
2495 3107 2672 3173 magis
2695 3106 2920 3182 optimis
2951 3122 3118 3176 quam
3152 3107 3391 3158 nocere?
3419 3106 3488 3159 Et
3517 3107 3656 3176 quid
3685 3113 3815 3160 tam

521 3212 625 3251 nos
663 3201 789 3266 post
824 3194 1140 3248 libertatem
1173 3212 1204 3247 a
1233 3194 1471 3248 Domino
1500 3211 1840 3254 concessam,
1874 3199 1930 3246 et
1969 3194 2118 3246 Scri-
2140 3255 2176 3266 η
2202 3193 2430 3246 charum
2462 3193 2562 3246 tibi
2593 3211 2712 3248 esse
2741 3202 2924 3265 potest
2974 3211 3142 3264 quam
3181 3194 3399 3260 lmdere,
3435 3195 3680 3249 maxime
3710 3213 3817 3249 eos

522 3291 820 3357 pturarum
849 3290 1128 3354 praecepta
1147 3283 1356 3347 vitalia,
1371 3301 1404 3336 a
1424 3283 1644 3337 diabolo
1675 3283 1891 3336 vivendi
1921 3298 2118 3352 capere
2135 3255 2177 3312 ί)
2203 3281 2296 3350 qui
2312 3281 2422 3333 tuis
2434 3282 2733 3334 sceleribus
2747 3282 3641 3352 viriliterrepugnant,secundum
3656 3285 3822 3354 quod

522 3362 773 3439 consilia,
796 3373 890 3444 qui
910 3389 1076 3427 suum
1091 3372 1358 3425 deserens
1379 3372 1653 3437 ordinem,
1675 3387 1894 3424 sacrum
1914 3370 2120 3423 Christi

527 3460 1156 3530 temeravitimperium.
1180 3461 1483 3529 PrOpterea
1506 3459 1677 3512 etiam
1707 3459 1979 3512 Dominus
1992 3475 2120 3510 eum

527 3550 597 3604 de
627 3549 929 3619 Scripturis
961 3549 1280 3618 loquentem
1298 3547 1533 3617 jubebat
1547 3554 1748 3610 tacere,
1772 3547 1906 3617 quia
1935 3563 2122 3616 pecca-

525 3638 635 3694 tori
657 3639 791 3692 dic1t
810 3638 958 3692 Deus
987 3655 999 3690 :
1036 3638 1220 3700 Quare
1250 3643 1310 3691 tu
1343 3654 1570 3690 enarras
1593 3636 1846 3705 justitias
1873 3651 2044 3698 meas,
2067 3641 2124 3687 et

526 3727 767 3782 assumis
779 3732 1181 3780 testamentum
1197 3743 1381 3779 meum
1396 3743 1496 3796 per
1508 3742 1570 3778 os
1583 3731 1741 3778 tuum
1755 3735 1768 3786 (
1781 3727 1917 3777 Psal.
1938 3738 2073 3776 XLIX
2083 3724 2122 3784 η

526 3816 732 3872 Omnia
759 3816 1038 3870 daemones
1069 3815 1355 3878 simulant,
1391 3815 1787 3883 colloquuntur
1813 3829 1958 3882 saepe
1995 3828 2119 3866 cum

524 3904 813 3970 fratribus,
845 3921 991 3975 saepe
1012 3921 1141 3958 cum
1173 3903 1338 3957 turba
1367 3903 1682 3956 inconditos
1707 3902 1949 3956 excitant
1978 3901 2125 3954 soni-

526 4001 639 4056 tus,
674 4011 873 4047 manus
901 3993 1352 4064 apprehendunt,
1389 3992 1632 4054 sibilant,
1679 3991 2012 4062 insipienter
2039 4009 2125 4045 ca-

528 4083 816 4144 chinnant,
849 4087 910 4135 ut
937 4082 1020 4134 vel
1052 4082 1108 4134 in
1139 4087 1346 4151 puncto
1367 4081 1578 4151 peccati
1619 4080 2003 4134 Christianum
2036 4097 2124 4150 pe-

529 4178 652 4225 ctus
679 4171 980 4224 introeant.
1001 4171 1252 4239 Cumque
1279 4169 1348 4222 ab
1365 4169 1641 4223 universis
1663 4169 1874 4222 fuerint
1893 4170 2120 4240 repulsi,

529 4260 599 4314 ad
616 4265 928 4312 extremum
943 4257 1287 4312 debilitatem
1311 4275 1471 4311 suam
1492 4258 1890 4312 lamentatione
1911 4265 2123 4312 testan-

531 4353 644 4403 tur.
678 4347 1026 4402 EtDominus
1049 4347 1274 4416 quidem
1309 4347 1464 4416 quasi
1479 4347 1645 4413 Deus,
1669 4354 1722 4400 et
1742 4364 1854 4401 suae
1872 4347 2124 4400 conscius

531 4435 873 4507 majestatis,
907 4423 1289 4489 obmutescere
1313 4436 1399 4489 his
1427 4436 1742 4506 imperabat
1769 4455 1780 4502 ;
1813 4453 1914 4489 nos
1935 4442 2124 4489 autem

531 4525 778 4596 vestigiis
809 4531 1128 4579 sanctorum
1141 4525 1498 4588 inhaerentes,
1521 4525 1775 4578 eamdem
1801 4525 2128 4594 gradiamur

2202 3369 2470 3439 scriptum
2503 3377 2588 3421 est
2611 3389 2623 3422 :
2649 3371 2783 3440 quia
2807 3371 3150 3424 abominatio
3188 3377 3275 3424 est
3301 3371 3480 3441 pietas
3520 3375 3823 3442 peccatori

2207 3459 2392 3526 (Ercli.
2419 3466 2473 3525 ι).
2509 3459 2644 3522 Quis
2664 3465 2779 3512 tam
2813 3459 3121 3512 secundum
3151 3459 3220 3512 ad
3251 3460 3524 3513 malitiam
3550 3463 3828 3530 possidet

2201 3553 2398 3616 pectus
2413 3548 2434 3599 ?
2447 3548 2570 3617 quis
2581 3555 2696 3601 tam
2720 3549 3019 3602 meditatas
3040 3549 3273 3618 implere
3287 3555 3522 3602 conatur
3539 3549 3826 3604 insidias?

2207 3636 2422 3689 Scimus
2439 3645 2492 3690 te
2507 3637 2946 3707 impurissimum
2962 3638 3216 3703 cadaver;
3231 3637 3437 3691 scimus
3449 3638 3581 3708 quia
3593 3637 3830 3694 idcirco

2207 3724 2442 3778 vivimus
2469 3727 2793 3792 Christiani,
2828 3732 2884 3780 et
2901 3733 3096 3780 contra
3123 3731 3178 3779 te
3191 3725 3349 3779 nobis
3362 3731 3448 3779 est
3462 3743 3667 3780 secura
3683 3746 3835 3782 con-

2203 3813 2436 3881 gressio,
2462 3814 2593 3884 quia
2622 3815 2941 3868 inﬁrmatus
2966 3832 3024 3868 es
3055 3832 3090 3868 a
3117 3815 3374 3868 Domino.
3418 3815 3550 3868 Ideo
3578 3815 3652 3869 de
3697 3819 3881 3872 tuis"

2205 3901 2515 3956 confoderis
2538 3904 2898 3974 jaculis,quia
2917 3903 3284 3957 minationem
3303 3909 3458 3957 tuam
3484 3920 3596 3957 non
3620 3909 3838 3976 sequi-

2206 3997 2300 4044 tur
2329 3993 2555 4044 elfectus
2581 4013 2594 4045 :
2613 3995 2758 4062 quod
2780 3993 2825 4045 si
2847 3993 3111 4057 fallimur,
3131 4010 3232 4046 cur
3251 4009 3377 4046 cum
3396 3999 3613 4046 terrore
3631 3995 3840 4050 simu-

2206 4080 2338 4143 lato,
2359 4097 2460 4134 cur
2479 4081 2862 4150 magnitudine
2884 4099 3180 4152 corporum
3203 4086 3452 4134 nostram
3473 4084 3840 4152 aggrederis

2207 4169 2410 4222 ﬁdem?
2442 4170 2498 4223 Si
2528 4171 2870 4224 voluntatem
2902 4171 3156 4241 sequitur
3184 4170 3542 4241 possibilitas,
3576 4176 3846 4228 tantum

2207 4258 2307 4310 tibi
2333 4259 2476 4312 velle
2503 4260 2760 4313 sufficiat.
2789 4261 2841 4314 ls
2861 4260 3010 4313 enim
3029 4260 3291 4330 potentiae
3307 4277 3427 4313 mos
3440 4265 3542 4321 est,
3564 4276 3687 4314 non
3713 4278 3848 4316 ex-

2207 4353 2404 4401 tranea
2419 4348 2646 4401 fallacia}
2658 4349 2724 4400 ad
2726 4348 3342 4417 jumentaconquirere,
3366 4348 3462 4401 sed
3480 4364 3583 4401 sua
3593 4348 3853 4406 virtute.

2208 4435 2439 4506 implere
2453 4437 2599 4506 quod
2613 4437 2900 4507 cupiat.At
2911 4437 3200 4491 nuncdum
3210 4436 3474 4490 theatrali
3489 4439 3856 4495 mutatione

2207 4526 2516 4578 formarum
2551 4524 2851 4595 (4i),quasi
2882 4526 3079 4579 rudem
3107 4525 3402 4579 infantiam
3431 4525 3655 4580 scenica
3685 4535 3860 4598 44

533 4616 697 4672 viam.
731 4614 827 4686 qui
853 4620 1195 4668 memoratas
1211 4613 1470 4668 subtilius
1481 4614 1726 4668 fallacias
1751 4615 2118 4684 pervidentes,
2138 4608 2186 4665 D
2207 4614 2403 4668 niteris
2434 4614 2790 4668 simulatione
2813 4614 3097 4679 deludere,
3131 4615 3428 4668 exhaustas
3453 4613 3597 4668 vires
3619 4621 3861 4673 mani-

531 4703 845 4758 canebant:
876 4705 1012 4759 Cum
1042 4703 1374 4757 consisteret
1393 4704 1690 4759 adversum
1723 4721 1811 4757 me
1843 4711 2120 4774 peccator,

530 4792 831 4859 obmutui,
883 4797 940 4847 et
979 4792 1306 4846 humiliatus
1355 4810 1480 4846 sum
1512 4833 1525 4859 ,
1579 4800 1635 4846 et
1700 4793 1830 4846 silui
1886 4809 1922 4846 a
1967 4792 2126 4846 bonis

528 4880 702 4952 (Psal.
733 4879 978 4951 xxxvm).
1021 4883 1090 4935 Et
1117 4881 1322 4936 iterum
1358 4901 1369 4935 :
1405 4884 1520 4952 Ego
1549 4899 1679 4936 vero
1709 4888 1980 4951 tanquam
2009 4899 2130 4935 sur-

531 4968 637 5023 dus
665 4985 778 5023 non
823 4969 1140 5035 audiebam,
1173 4975 1229 5024 et
1269 4971 1415 5024 sicut
1471 4976 1662 5026 mutus
1713 4988 1821 5024 non
1871 4971 2128 5040 aperiens

531 5075 593 5113 os
642 5074 842 5126 suum;
893 5063 951 5112 et
997 5059 1178 5113 factus
1224 5077 1349 5114 sum
1409 5065 1472 5113 ut
1529 5061 1695 5112 homo
1731 5075 1844 5112 non
1892 5058 2128 5114 audiens

529 5148 699 5214 (Psal.
731 5151 962 5216 xxxvii).
991 5148 1247 5203 Christus
1275 5147 1561 5202 silentium
1608 5154 1671 5201 ut
1718 5147 1990 5200 Dominus
2020 5147 2128 5202 im-

530 5237 764 5307 peravit,
796 5253 897 5290 nos
927 5236 1149 5291 diabolo
1194 5237 1334 5291 nihil
1379 5236 1694 5300 credamus,
1729 5246 1785 5290 et
1818 5237 2120 5290 vincemus.

532 5325 587 5379 Si
619 5341 782 5379 orare
814 5326 1174 5397 compellunt,
1208 5326 1254 5379 si
1269 5324 1489 5394 jejunia
1516 5325 1774 5390 suadent,
1802 5341 1916 5379 non
1943 5343 2007 5379 ex
2037 5343 2126 5378 eo-

530 5431 658 5468 rum
679 5430 781 5467 nos
812 5415 1058 5480 monitis,
1086 5415 1182 5468 sed
1204 5431 1268 5468 ex
1290 5419 1482 5466 nostra
1494 5413 1901 5467 consuetudine
1923 5414 1976 5466 id
1999 5432 2127 5483 aga-

533 5519 673 5556 mus.
707 5503 960 5573 Denique
989 5503 1161 5557 etiam
1186 5503 1232 5555 si
1267 5503 1544 5555 irruentes
1583 5508 1817 5555 mortem
1859 5502 2020 5556 nobis
2045 5503 2126 5557 in-

529 5597 748 5644 tentare
769 5591 1305 5657 videantur,ridendi
1319 5590 1510 5660 potius
1529 5597 1662 5643 sunt
1681 5608 1848 5660 quam
1866 5593 2120 5657 timendi,

531 5680 664 5750 quia
682 5697 805 5734 cum
823 5681 938 5734 sint
961 5680 1190 5746 debiles,
1216 5680 1505 5734 minantur
1523 5685 1744 5745 cuncta,
1763 5697 1864 5734 nec
1891 5681 2118 5734 faciunt.

530 5768 800 5838 Equidem
850 5769 919 5822 de
950 5768 1076 5822 istis
1100 5788 1105 5794 '
1113 5769 1235 5840 jam
1276 5769 1599 5823 transiterie
1637 5786 1728 5824 me
1776 5769 1981 5824 dixisse
2011 5786 2124 5823 me-

2207 4703 2401 4757 festius
2415 4703 2635 4774 probas.
2651 4703 3049 4774 Nunquidnam
3067 4720 3229 4758 verus
3247 4703 3342 4757 ille
3362 4703 3596 4772 angelus
3609 4714 3868 4763 contra.

2207 4792 2463 4863 Assyrios
2503 4793 2706 4846 missus
2735 4809 2770 4846 a
2797 4793 3036 4846 Domino
3055 4793 3158 4862 (1V
3176 4795 3295 4861 Reg.
3332 4797 3466 4858 XIX),
3508 4797 3610 4846 aut
3633 4811 3868 4868 p0pu-

2208 4883 2390 4936 lorum
2412 4882 2569 4951 eguit
2579 4882 2863 4946 societate,
2882 4887 2980 4936 aut
3000 4882 3215 4936 sonitus
3237 4880 3506 4952 quaesivit,
3527 4889 3630 4936 aut
3645 4885 3876 4954 plau-

2209 4989 2332 5038 sus;
2357 4977 2414 5025 et
2439 4988 2550 5026 non
2579 4971 2766 5042 potius
2789 4970 3017 5025 tacitam
3035 4987 3297 5025 exercens
3316 4975 3886 5040 potestatem,cen.

2209 5066 2330 5114 tum
2360 5061 2894 5131 octogintaquinque
2915 5060 3094 5114 millia
3114 5060 3652 5124 hostium,sermone
3672 5067 3886 5122 velo-

2209 5150 2348 5213 cius,
2357 5151 2521 5219 juxta
2525 5149 2775 5219 jubentis
2787 5149 3010 5204 Domini
3020 5148 3322 5220 prostravit
3339 5149 3676 5219 imperium?
3705 5151 3891 5213 V’os

2209 5255 2343 5308 ergo
2363 5253 2489 5292 cum
2509 5238 2736 5307 fragiles
2765 5238 2889 5292 sitis
2913 5237 3142 5305 viribus,
3163 5244 3469 5308 perpetuus
3495 5255 3596 5293 vos
3615 5257 3890 5300 conse-

2207 5328 2400 5397 quitur
2427 5327 2708 5380 interitus.

2280 5417 2410 5468 Car.
2446 5417 2616 5470 XVII.
2633 5445 2682 5456 ο
2703 5417 2777 5468 At
2797 5416 2944 5471 dicet
2964 5417 3166 5488 aliquis
3189 5435 3200 5469 :
3238 5418 3352 5471 Cur
3371 5416 3636 5472 diabolus
3658 5437 3899 5491 9.ng-

2207 5503 2382 5566 diens,
2411 5503 2560 5557 beati
2590 5503 2692 5557 Job
2723 5523 2947 5559 onmem
2972 5506 3031 5560 in
3068 5507 3292 5560 ruinam
3317 5506 3545 5576 impulit
3573 5509 3904 5572 doruqu

2209 5595 2325 5648 (Job
2346 5593 2423 5660 1)?
2447 5610 2547 5646 cur
2566 5595 2688 5664 ejus
2717 5594 2914 5664 opibus
2939 5596 3162 5666 penitus
3186 5595 3491 5666 dissipatis,
3524 5597 3902 5666 parietunl

2207 5699 2428 5752 quoque
2451 5682 2815 5737 fundamenta
2826 5685 3362 5752 subvertens,unum
3382 5699 3726 5742 numerosae
3761 5711 3910 5750 so.

2205 5769 2346 5825 bolis
2368 5773 3036 5843 coacervavitsepulcrum
3057 5775 3240 5842 (Ibid,
3258 5773 3358 5842 ll)?
3385 5786 3488 5828 cur
3516 5774 3740 5845 ipsum
3787 5789 3906 5840 ad
