3958 6388
194 401 275 460 Ml

1247 389 1416 445 VlTA
1455 389 1664 444 BEATI
1701 388 2005 445 ΑΝΤΟΝΙΙ
2041 392 2364 448 ABBATIS.

3337 401 3440 461 H2

186 536 469 583 extremum
501 523 609 577 diri
641 521 882 575 vulneris
908 520 1149 572 novitate
1181 516 1493 588 percussit?
1514 517 1621 579 Qui
1650 517 1754 569 hoc
1771 517 1929 577 Ania
1942 518 2380 583 considerantes,
2399 520 3437 589 rapidocursusibiinvicemnuntiant.

184 615 409 686 Opponit,
426 613 661 666 audiate
674 611 893 664 diverso
911 623 921 656 ε
939 625 1050 662 non
1067 607 1350 660 diabolum
1367 606 1613 677 potuisse
1632 608 1749 671 hoc,

183 706 266 758 sed
291 703 602 765 Dominum,
632 718 666 754 a
694 717 803 770 quo
824 704 1070 754 potestas
1106 698 1404 750 adversum
1438 714 1537 750 nos
1568 698 1755 767 dupli-

182 795 302 847 citer
326 793 505 851 datur,
532 791 617 843 vel
645 790 713 843 ad
739 788 996 858 gloriam,
1017 788 1062 840 si
1092 786 1413 857 probanmr,
1440 787 1523 838 vel
1553 787 1622 839 ad
1644 803 1755 856 pm-

181 899 314 945 nam,
332 882 373 935 si
399 880 796 951 delinquimus.
814 878 959 941 Quin
980 876 1163 946 potius
1184 893 1247 929 ex
1276 877 1376 928 hoc
1406 875 1756 928 animadver-

180 978 268 1035 tat,
300 987 364 1024 ne
399 976 593 1023 contra
645 984 821 1022 unum
863 967 1087 1037 quidem
1136 965 1419 1018 hominem
1470 964 1752 1017 diabolum

180 1062 457 1131 quidquam
488 1059 755 1130 potuisse,
792 1057 837 1109 si
868 1073 978 1110 non
1010 1061 1345 1125 potestatem
1388 1056 1687 1125 accepisset
1719 1073 1751 1107 a

180 1150 409 1204 Domino.
444 1149 645 1202 Nullus
670 1147 822 1201 enim
845 1146 992 1215 quod
1020 1162 1133 1198 suze
1162 1144 1393 1198 ditionis
1422 1149 1507 1196 est
1541 1144 1612 1196 ab
1640 1144 1750 1197 alio

176 1240 502 1309 deprecatur.
537 1232 647 1291 Se'd
677 1236 810 1305 quid
839 1235 942 1288 Job
974 1250 1239 1291 memoro.
1269 1250 1432 1303 quem
1462 1249 1563 1286 nec
1585 1250 1749 1303 expe-

176 1329 322 1381 titum
342 1327 520 1398 potuit
541 1326 761 1379 vincere
778 1326 798 1378 Ρ
814 1325 909 1377 sed
928 1340 1028 1376 nec
1046 1328 1241 1376 contra
1251 1324 1509 1391 jumenta
1525 1322 1749 1391 quidem

177 1418 403 1485 ejus,nec
414 1421 607 1469 contra
623 1432 750 1468 oves
772 1413 1047 1471 suas,sine
1064 1429 1325 1466 concessu
1346 1412 1443 1465 Dei
1462 1412 1748 1481 proprium

175 1506 326 1558 robur
344 1506 609 1559 exercuit.
637 1504 723 1558 Sic
750 1503 920 1557 etiam
942 1503 997 1555 in
1014 1502 1310 1571 Evangelio
1331 1502 1597 1570 scriptum
1623 1506 1709 1553 est
1732 1520 1743 1553 ς

179 1595 445 1648 Daemones
476 1600 665 1647 autem
698 1592 973 1661 rogabant
1002 1608 1150 1653 cum,
1180 1591 1463 1643 dicentes:
1505 1591 1561 1643 Si
1594 1590 1748 1657 ejicis

176 1702 263 1737 nos
282 1684 420 1747 hinc,
444 1684 605 1737 mitte
623 1682 789 1735 nosin
809 1699 1035 1752 gregem
1059 1697 1353 1749 porcorum
1372 1682 1578 1745 (.llauh.
1600 1686 1743 1739 vui).

175 1774 440 1837 Quomodo
460 1773 634 1843 igitur
647 1772 745 1841 qui
760 1788 1053 1842 porcorum
1077 1776 1348 1839 expetunt
1369 1777 1593 1835 mortes,
1613 1770 1748 1822 ima-

171 1864 341 1931 ginem
369 1862 467 1916 Dei
500 1861 807 1923 hominem,
832 1866 889 1913 et
917 1864 1031 1912 tam
1052 1858 1283 1912 charum
1314 1858 1603 1912 Conditori
1634 1860 1751 1912 ani-

173 1952 272 2005 mal
305 1968 402 2005 suo
440 1951 706 2005 valebunt
737 1951 863 2019 jure
891 1954 1207 2019 pervertere
1235 1948 1259 2000 'I
1668 1958 1675 1961 '

234 2042 442 2112 Magna,
459 2039 832 2103 dilectissimi,
847 2039 1145 2092 adversum
1168 2036 1565 2107 diemones(i5)
1590 2056 1747 2093 arma

170 2138 289 2185 sunt
298 2132 404 2183 vita
418 2131 639 2184 sincera
653 2129 1052 2182 etintemerata
1066 2127 1133 2180 ad
1151 2128 1327 2181 Deum
1348 2128 1501 2179 lidcs.
1524 2129 1746 2183 Credite

169 2219 290 2273 mihi
325 2228 588 2290 experto:
623 2218 967 2289 pertimescit
996 2218 1233 2270 Satanas
1264 2224 1412 2269 recte
1444 2218 1745 2271 viventium

168 2308 379 2377 vigilias,
398 2309 700 2367 orationes,
713 2307 949 2376 jejunia,
969 2306 1476 2370 mansuetudinem,
1497 2308 1747 2361 volunta-

166 2396 291 2451 riam
321 2404 893 2468 paupertatem,vanze
913 2394 1106 2465 gloria:
1135 2400 1540 2465 contemptum,
1565 2396 1747 2449 humi-

166 2485 380 2551 litatem,
399 2485 867 2549 misericordiam,
886 2485 983 2538 ira:
1002 2484 1373 2547 dominatum,
1391 2492 1447 2537 et
1467 2486 1745 2555 praecipue

164 2591 346 2645 purum
366 2593 461 2629 cor
475 2593 615 2645 erga
632 2575 838 2629 Christi
855 2574 1299 2627 amoremNovit
1313 2574 1636 2627 teterrimus
1658 2591 1745 2627 co-

164 2664 322 2729 luber,
353 2680 416 2718 ex
446 2670 728 2736 przecepto
758 2663 981 2717 Domini
1014 2663 1115 2716 sub
1137 2664 1421 2731 justorum
1457 2679 1515 2715 se
1555 2665 1743 2733 jacere

161 2755 404 2824 vestigiis,
431 2748 539 2825 qui
553 2754 634 2807 ait
658 2772 668 2805 :
692 2754 831 2807 Ecce
853 2752 980 2805 dedi
1003 2752 1156 2806 vobis
1176 2758 1508 2822 potestatem
1530 2754 1743 2806 calcare

163 2859 313 2913 super
337 2848 630 2914 serpentes
659 2850 717 2896 et
744 2842 1082 2913 scorpiones,
1108 2847 1165 2895 et
1192 2858 1362 2911 super
1389 2859 1611 2895 onmem
1642 2843 1746 2895 vir-

166 2938 322 2987 tutem
353 2933 564 2987 inimici
601 2934 769 2995 (Luca
798 2934 871 2997 χ).

224 3022 276 3074 Si
303 3026 493 3075 autem
526 3028 585 3074 et
614 3020 1016 3073 divinationem
1062 3037 1122 3073 se
1155 3019 1359 3072 habere
1388 3020 1741 3083 simulantes,

166 3118 406 3164 venturos
434 3112 642 3165 fratres
670 3109 1067 3173 nuntiaverint,
1105 3115 1161 3162 et
1188 3109 1469 3162 adfuerint
1493 3126 1633 3179 quos
1660 3126 1746 3163 ve-

1840 607 1944 659 Sed
1959 607 2001 659 si
2020 609 2160 660 forte
2183 608 2482 677 contigerit.
2497 616 2559 663 ut
2575 610 2669 663 Dei
2685 616 2825 665 nutu
2849 613 2918 665 ad
2935 615 3102 667 linem
3122 620 3306 686 coepta
3324 633 3438 672 non

1839 697 2081 762 veniant,
2114 698 2218 751 hoc
2248 705 2352 762 est,
2386 698 2435 751 si
2467 704 2566 752 aut
2594 700 2775 754 viator
2804 718 2834 754 e
2864 702 3049 757 media
3082 705 3439 774 regrediatur

1839 786 1946 849 via,
1978 793 2077 839 aut
2108 805 2391 857 suspensae
2415 788 2657 842 nubibus
2677 805 2834 859 aqum
2863 791 2933 843 ad
2958 793 3138 847 altum
3163 794 3289 847 cceli
3309 811 3434 850 car-

1839 874 2025 927 dinem
2038 876 2445 941 deferantur,tu
2455 894 2520 931 nc
2533 878 2933 948 decipientium
2946 897 3058 936 una
3068 884 3435 939 cumcreden-

1838 963 1986 1016 tibus
2008 982 2165 1018 error
2183 967 2586 1035 aperiturJleec
2601 968 2933 1037 gentilitatis
2958 970 3112 1026 fuere
3135 972 3430 1044 principia,

1839 1053 1923 1105 his
1937 1055 2359 1123 praesagitorum
2374 1056 2515 1109 dolis
2527 1057 2674 1127 apud
2686 1058 2920 1113 delubra
2930 1060 3247 1115 daemonum
3259 1078 3434 1132 quon-

1833 1143 1961 1195 dam
1986 1144 2356 1198 credebantur
2384 1147 2609 1200 oracula
2636 1164 2647 1197 :
2681 1164 2803 1217 quae
2827 1149 3069 1203 adventu
3096 1151 3318 1205 Domini
3336 1168 3434 1206 n0-

1832 1232 1934 1284 stri
1954 1234 2083 1286 Jesu
2107 1234 2333 1299 Christi,
2361 1234 2567 1289 indicto
2597 1235 2701 1289 sibi
2724 1237 2946 1291 silentio
2971 1237 3099 1305 (i7),
3133 1239 3433 1295 obmutue-

1835 1329 1985 1385 runt,
2018 1340 2260 1392 suosque
2299 1325 2592 1393 perdidere
2631 1326 2895 1395 captivos.
2949 1328 3086 1391 Quis
3126 1330 3304 1398 (rogo)
3335 1336 3435 1384 aut

1834 1411 2110 1465 medicum
2132 1430 2197 1465 ex
2221 1412 2606 1467 observatione
2632 1415 2975 1481 morborum,
2991 1434 3119 1471 cum
3145 1418 3346 1473 animus
3364 1436 3433 1474 a3-

1833 1501 2074 1554 stuantis
2091 1502 2412 1557 incendium
2437 1503 2505 1556 de
2530 1520 2798 1557 venarum
2816 1506 2981 1574 pulsu
3004 1506 3110 1561 levi
3126 1507 3431 1577 digitorum

1826 1596 2321 1644 serutaturattactu
2334 1592 2597 1657 ,divinam
2608 1592 2917 1648 arbitratur
2928 1594 3133 1650 habere
3144 1598 3432 1654 notitiam?

1832 1680 1968 1741 Quis
1986 1680 2421 1749 gubernatorem
2441 1682 2813 1751 navigationis
2833 1701 2948 1739 suae
2966 1685 3114 1739 viam
3142 1687 3292 1742 inter
3306 1690 3429 1743 coeli

1831 1769 2013 1821 sidera
2027 1770 2406 1838 requirentem
2419 1772 2731 1840 majestatis
2744 1773 2954 1828 honore
2967 1779 3434 1842 veneratuﬂQuis

1834 1858 2133 1926 agricolam
2158 1860 2226 1912 de
2246 1859 2417 1912 aridis
2439 1860 2648 1914 {astatis
2660 1860 2985 1928 fervoribus,
3000 1872 3101 1920 aut
3114 1867 3184 1921 de
3200 1867 3430 1926 hiemali

1772 1961 1815 2018 Β
1834 1963 1999 2016 aquai
2019 1964 2111 1999 um
2133 1948 2392 2016 largitate
2413 1950 2495 2001 vel
2525 1949 2730 2018 frigore
2750 1951 3152 2022 disputantem,
3182 1972 3296 2010 non
3327 1974 3430 2028 po-

1831 2036 1944 2089 tius
1969 2037 2312 2105 experientia
2336 2038 2546 2099 laudat,
2561 2056 2729 2109 quam
2744 2040 2833 2093 dei
2854 2050 3145 2097 consecrat
3162 2046 3430 2101 nomine?

1900 2126 2128 2185 Verum,
2163 2131 2227 2179 ut
2269 2128 2637 2181 concedamus
2667 2130 2951 2199 paulisper
2988 2148 3119 2185 vera
3146 2134 3431 2192 dazmones

1830 2214 2110 2279 nuntiare,
2144 2216 2476 2285 respondete
2520 2217 2678 2282 mihi,
2711 2219 2835 2288 quis
2883 2219 3096 2275 fructus
3136 2229 3222 2277 est
3262 2242 3429 2281 nosse

1830 2304 2134 2357 venientia?
2148 2305 2413 2375 Nunquid
2435 2312 2535 2358 aut
2558 2307 2736 2361 sciens
2767 2308 2883 2362 haec
2906 2310 3208 2381 aliquando
3232 2313 3427 2371 lauda-

1830 2398 1939 2455 tus,
1954 2399 2052 2445 aut
2071 2393 2300 2463 punitus
2313 2400 2393 2447 est
2414 2396 2705 2449 nesciens?
2723 2398 2785 2451 In
2802 2398 2903 2451 hoc
2918 2401 3303 2472 unusquisque
3321 2403 3427 2459 sibi

1828 2488 2122 2551 praeparat,
2147 2500 2245 2535 seu
2276 2488 2574 2538 tormenta.
2602 2502 2699 2538 seu
2719 2486 2978 2555 gloriam.
3002 2489 3048 2542 si
3068 2491 3153 2544 vel
3179 2493 3430 2562 negligat

1829 2571 2249 2640 Scripturarum
2280 2573 2567 2639 mandata,
2598 2575 2680 2628 vel
2710 2575 2891 2629 faciat,
2922 2578 3124 2632 Nullus
3153 2580 3222 2634 ob
3243 2581 3300 2635 id
3330 2599 3428 2637 no-

1827 2665 2006 2713 strum
2034 2661 2179 2715 hanc
2208 2661 2447 2731 arripuit
2467 2663 2658 2728 vitam,
2692 2670 2756 2718 ut
2782 2665 2987 2722 habeat
3015 2670 3427 2737 pamscientiam

1825 2748 2163 2813 futurorum,
2194 2751 2288 2804 sed
2319 2756 2381 2804 ut
2410 2754 2701 2822 praeceptis
2730 2754 2951 2808 Demini
2981 2763 3109 2822 ,εὖ
3138 2758 3423 2827 obediens,

1828 2838 2040 2891 amicus
2061 2856 2180 2892 esse
2196 2839 2423 2910 incipiat
2438 2841 2505 2893 de
2527 2858 2704 2896 servo.
2723 2844 3047 2899 Curandum
3069 2854 3156 2900 est
3169 2862 3429 2920 nonprm-

1828 2927 1970 2980 scire
1990 2944 2112 2997 quae
2151 2928 2398 2993 veniunt,
2430 2930 2528 2985 sed
2557 2931 2792 3002 implere
2814 2950 2937 3003 quae
2960 2936 3120 3005 jUssa
3140 2943 3299 3006 sunt;
3324 2956 3428 2996 nec

1827 3016 2274 3071 institutionibus
2292 3018 2450 3072 bonis
2472 3020 2613 3074 hanc
2651 3022 2907 3091 ﬂagitare
2932 3026 3271 3092 mercedem,
3296 3043 3426 3085 cum

1828 3105 2006 3174 magis
2027 3106 2329 3161 debeamus
2351 3108 2639 3162 victoriam
2664 3116 2859 3164 contra
2879 3112 3165 3169 diabolum
3181 3115 3252 3171 ab
3275 3119 3429 3173 auxi-

166 3200 269 3253 nire
287 3201 683 3270 praedixerant,
704 3216 804 3253 nec
822 3199 1051 3252 sictides
1066 3204 1152 3251 est
1165 3199 1571 3251 commodanda
1592 3212 1746 3252 men-
1763 3202 1804 3262 C
1827 3194 2025 3248 liatore
2048 3196 2286 3249 Domino
2310 3198 2613 3267 postulare.
2639 3199 2746 3253 Sed
2773 3200 2819 3253 si
2842 3200 2986 3256 forte
3010 3203 3216 3273 aliquis
3240 3205 3346 3261 hoc
3363 3207 3428 3263 li-

164 3289 405 3343 dacibus:
438 3290 510 3343 ob
544 3290 599 3342 id
630 3288 781 3342 enim
812 3304 1142 3358 prmeessere
1163 3288 1538 3345 venientes,ut
1556 3288 1747 3341 credu-

164 3377 274 3432 litas
300 3379 399 3431 sibi
429 3382 667 3450 paretur
693 3394 757 3431 ex
786 3376 1002 3441 nuntio,
1027 3383 1083 3430 et
1105 3383 1295 3446 postea
1327 3377 1512 3429 aditus
1539 3394 1605 3429 ex
1633 3393 1746 3430 cre-

163 3465 377 3524 dulitate
403 3468 659 3522 fallaciae.
688 3468 897 3520 Verum
935 3467 993 3519 in
1024 3467 1127 3519 hoc
1176 3466 1392 3519 nullum
1426 3466 1745 3519 Christiano

163 3556 310 3610 debet
336 3574 455 3612 esse
486 3557 845 3617 miraculum,
870 3572 995 3609 cum
1027 3572 1139 3609 non
1158 3560 1381 3609 tantum
1408 3556 1499 3625 qui
1523 3555 1746 3609 levitate

162 3652 356 3701 natura:
374 3665 477 3719 per
491 3653 695 3703 cuncta
710 3646 1051 3711 discurrunt,
1065 3646 1289 3698 valeant
1313 3645 1599 3714 pervenire
1614 3662 1745 3712 gra-

161 3734 385 3802 dientes;
404 3738 503 3790 sed
520 3739 776 3789 homines
787 3751 1007 3805 quoque
1020 3750 1291 3803 equorum
1307 3734 1597 3787 velocitate
1612 3751 1746 3803 prae-

162 3825 304 3888 vecti,
328 3827 593 3879 nuntiant
617 3826 925 3878 adfuturos.
948 3826 1069 3877 Non
1093 3824 1243 3875 enim
1267 3840 1332 3876 ea
1357 3840 1478 3892 quae
1496 3824 1745 3875 nondum

164 3915 267 3966 fieri
286 3922 465 3986 empta
494 3922 633 3969 sunt
666 3916 931 3977 refcrunt,
966 3914 1096 3983 quia
1131 3914 1277 3966 Deus
1308 3913 1460 3965 solus
1491 3912 1745 3965 conscius

162 4006 235 4053 est
248 4002 562 4058 futurorum
582 4006 741 4069 (Dan.
761 4012 904 4071 xm);
929 4002 1025 4056 sed
1047 4018 1285 4072 quorum
1315 4001 1665 4070 conspiciunt
1688 4001 1745 4054 in

160 4096 272 4144 actu
291 4093 537 4155 initium,
556 4109 752 4147 eorum
773 4092 877 4146 sibi
900 4098 1168 4161 tanquam
1184 4090 1334 4143 fures
1355 4090 1504 4160 apud
1522 4090 1745 4159 ignaros

162 4181 434 4236 vendicant
464 4183 776 4236 notionem.
800 4183 944 4235 Nam
975 4186 1213 4251 quantos
1244 4198 1393 4234 nunc
1421 4181 1629 4249 putatis
1652 4179 1745 4249 qui

162 4270 355 4337 possint
397 4273 698 4326 velocitate
740 4272 943 4342 puerili
982 4271 1147 4325 istam
1176 4278 1380 4324 coetum
1414 4276 1746 4338 nostrosque

160 4364 335 4413 contra
360 4378 421 4414 sc
442 4378 757 4425 sermones,
777 4366 909 4414 ante
926 4361 1169 4414 relatum
1191 4360 1425 4429 alicujus
1449 4359 1537 4413 hic
1557 4358 1741 4428 positi,

162 4446 304 4518 longe
334 4450 701 4504 manentibus
734 4450 1015 4504 indicare?
1063 4450 1181 4504 Hoc
1225 4450 1372 4519 quod
1405 4449 1526 4501 dico
1568 4448 1742 4513 vobis,

1830 3282 2026 3338 benter
2046 3290 2316 3349 assumat,
2338 3292 2400 3339 ut
2428 3287 2617 3341 futura
2644 3296 2960 3358 cognoscat,
2984 3291 3193 3347 habeat
3219 3310 3427 3364 purum

1830 3390 1949 3437 cor;
1976 3375 2107 3443 quia
2127 3375 2292 3427 credo
2312 3376 2558 3430 animam
2582 3378 2697 3431 Deo
2709 3380 3064 3447 servientem;
3079 3381 3125 3434 si
3147 3382 3205 3437 in
3222 3400 3429 3455 caper-

1830 3464 2166 3516 severaverit
2190 3464 2513 3533 integritate
2545 3483 2657 3536 qua
2685 3473 2818 3521 nata
2843 3475 2929 3523 est
2968 3469 3099 3537 (i8),
3130 3473 3256 3542 plus
3285 3475 3428 3530 scire

1830 3568 1989 3621 posse
2022 3568 2189 3621 quam
2221 3553 2521 3608 daemones.
2541 3556 2691 3611 Talis
2721 3564 2844 3611 erat
2872 3559 3060 3614 anima
3080 3562 3281 3629 Elisaei,
3303 3580 3427 3636 quia

1829 3640 1955 3693 aliis
1982 3641 2296 3710 incognitas
2326 3643 2559 3697 virtutes
2600 3645 2853 3701 faciebat.

1900 3732 2030 3783 CAP.
2058 3731 2254 3784 XVIII.
2274 3762 2338 3771 —
2354 3733 2516 3786 Nunc
2531 3734 2650 3802 jam
2672 3741 2900 3790 caeteras
2920 3737 3075 3792 vobis
3104 3739 3425 3797 daemonum

1829 3818 2112 3888 explicabo
2142 3820 2410 3874 fallacias.
2446 3823 2640 3876 Solent
2668 3830 2831 3878 nocte
2858 3826 3161 3892 venientes,
3196 3830 3426 3899 angelos

1828 3908 1927 3961 Dei
1957 3927 2017 3961 se
2048 3909 2277 3977 fingere,
2306 3911 2533 3963 laudare
2563 3913 2831 3977 studium,
2859 3915 3049 3970 mirari
3070 3934 3427 3987 perseveran-

1827 3997 1985 4062 tiam,
2017 3997 2207 4051 futura
2245 4000 2475 4068 pnemia
2502 4001 2770 4071 polliceri.
2805 4003 2955 4067 Quos
2989 4022 3119 4060 cum
3148 4005 3420 4074 videritis,

1828 4092 1945 4140 tam
1961 4104 2055 4140 vos
2069 4105 2236 4157 quam
2253 4089 2446 4142 domos
2460 4097 2670 4144 vestras
2687 4092 2865 4147 crucis
2880 4102 3097 4148 armate
3108 4096 3420 4166 signaculo,

1830 4182 1885 4229 et
1913 4178 2205 4232 confestim
2257 4180 2543 4233 solventur
2581 4180 2638 4234 in
2676 4182 2917 4237 nihilum
2950 4202 2961 4237 :
2994 4186 3128 4256 quia
3166 4192 3428 4243 metuunt

1830 4265 1966 4319 illud
1998 4268 2309 4337 trophaeum
2350 4269 2408 4322 in
2450 4287 2559 4340 quo
2598 4271 2853 4325 Salvator
2888 4290 3084 4329 aereas
3113 4276 3428 4347 exspolians

1830 4361 2154 4424 potestates,
2189 4375 2282 4411 eas
2316 4359 2445 4412 fecit
2499 4360 2764 4415 ostentui.
2802 4362 2995 4417 Solent
3044 4364 3218 4418 etiam
3260 4366 3429 4421 variis

1830 4445 2279 4500 simulationibus
2309 4447 2562 4501 membra
2580 4455 2860 4519 torquere,
2882 4457 2939 4503 et
2960 4452 3165 4507 nostris
3184 4454 3427 4524 procaci-

165 4540 504 4607 perspicuum
523 4540 647 4593 fieri
670 4544 855 4610 potest
871 4539 1157 4609 exemplis.
1183 4539 1241 4594 Si
1264 4538 1441 4608 quisa
1466 4537 1747 4591 Thebaide
1765 4526 1915 4586 Dter
1943 4535 2143 4587 olierre
2172 4553 2232 4589 se
2271 4536 2497 4601 visibus,
2524 4542 2588 4591 ut
2615 4542 2861 4591 mentem
2885 4556 3107 4610 pavore,
3141 4547 3198 4595 et
3223 4558 3425 4613 corpus

161 4634 247 4679 aut
283 4628 526 4700 alicujus
575 4629 821 4699 regionis
865 4628 1067 4699 Oppido
1105 4628 1337 4698 cmperit
1367 4627 1657 4697 proficisci,
1692 4633 1749 4681 et

163 4713 291 4769 hunc
315 4718 603 4772 daemones
628 4718 868 4772 viderint
894 4718 952 4771 in
976 4717 1176 4772 itinere
1197 4717 1600 4779 ambulantem,
1627 4734 1749 4787 per-

160 4802 368 4862 nicitate
387 4812 709 4862 memorata
730 4814 964 4878 possunt
978 4807 1277 4878 praedicere
1308 4808 1641 4860 venientem.
1663 4807 1749 4861 Ita

159 4900 208 4945 et
227 4895 293 4949 de
319 4897 435 4951 Nili
465 4897 837 4951 inundatione
866 4897 1103 4951 solemni
1136 4895 1265 4962 (i6),
1296 4912 1423 4949 cum
1455 4897 1660 4949 multas
1688 4896 1747 4949 in

159 4981 427 5056 Ethiopia
455 4986 701 5041 viderint
720 4986 998 5057 pluvias,e
1020 4985 1223 5056 quibus
1255 4986 1454 5039 tluvius
1481 4985 1749 5038 intumes-

159 5087 291 5135 cens,
324 5076 478 5130 ultra
506 5076 730 5130 alveum
760 5076 990 5131 efﬂuere
1013 5075 1317 5139 consuevit,
1341 5078 1747 5145 praecurrentes

160 5160 219 5213 ad
237 5161 562 5235 Egyptum,
584 5163 851 5218 nuntiant
878 5165 1060 5219 amnis
1076 5164 1399 5219 adventum.
1424 5164 1541 5217 Hoc
1560 5168 1748 5217 autem

159 5257 208 5303 et
232 5252 570 5319 homines,si
600 5253 712 5307 illis
731 5254 1035 5308 celeritatis
1066 5260 1213 5307 esset
1242 5261 1402 5307 tanta
1431 5258 1653 5317 natura,
1673 5251 1750 5305 fa—

159 5339 248 5395 cile
276 5345 629 5398 nuntiarent.
664 5344 736 5397 Ut
764 5343 914 5397 enim
944 5344 1261 5414 speculator
1288 5343 1434 5397 beati
1476 5342 1648 5396 David
1678 5342 1748 5394 ad

160 5432 405 5487 verticem
434 5433 543 5487 loci
565 5432 815 5487 celsioris
837 5433 1143 5487 ascendens
1163 5435 1235 5491 ill
1256 5435 1377 5499 Rrg.
1406 5437 1580 5495 xvm‘,
1601 5431 1753 5501 prior

161 5533 309 5586 quam
325 5521 380 5576 hi
394 5522 493 5593 qui
516 5522 578 5576 in
600 5528 751 5575 terra
770 5528 933 5576 erant
954 5520 1294 5591 prospiciens
1316 5521 1622 5577 venientes.
1641 5537 1751 5573 non

162 5611 399 5675 quaalam
414 5612 637 5665 incerta
661 5611 729 5664 de
749 5611 973 5677 futuris,
997 5610 1093 5664 sed
1114 5611 1184 5664 de
1210 5610 1293 5664 his
1316 5611 1409 5680 qui
1434 5610 1623 5663 venire
1647 5626 1750 5662 coe-

164 5706 342 5765 Pemnt
369 5700 676 5757 nuntiabat
699 5718 712 5767 ;
740 5700 819 5755 sic
842 5706 900 5755 et
913 5701 1195 5756 demones
1218 5716 1351 5754 cura
1365 5698 1619 5771 pervigili
1637 5714 1752 5753 om-

1832 4624 2062 4678 horrore
2113 4625 2454 4678 concutiant.
2489 4624 2597 4679 Sed
2626 4632 2682 4680 ct
2712 4626 2767 4680 in
2810 4628 2912 4680 hoc
2964 4628 3103 4682 fides
3143 4629 3256 4684 Deo
3302 4635 3428 4685 tuta
3484 4670 3497 4681 .

1832 4713 1991 4783 fugat
2019 4732 2112 4766 eos
2144 4714 2301 4783 quasi
2336 4714 2559 4767 infirma
2596 4714 2855 4771 ludibria.

1902 4800 2027 4857 Non
2043 4810 2129 4857 est
2158 4809 2346 4856 autem
2371 4802 2612 4857 difﬁcilis
2639 4803 2910 4860 bonorum
2941 4806 3241 4878 spirituum
3259 4810 3430 4863 malo-

1832 4909 2067 4963 rumque
2106 4892 2364 4946 discretio
2385 4892 2516 4959 (49).
2548 4910 2669 4964 qua)
2686 4894 2767 4947 sic
2788 4895 2902 4949 Deo
2925 4895 3207 4953 tribuente
3228 4900 3428 4970 pandi-

1830 4986 1925 5034 tur
1957 5000 1967 5033 :
2006 4983 2339 5035 Sanctorum
2369 4982 2696 5051 angelorum
2721 4983 2980 5039 amabilis
3008 4992 3064 5039 et
3093 4988 3431 5059 tranquillus

1833 5076 2089 5142 aspectus
2126 5077 2230 5135 est,
2268 5071 2397 5142 quia
2428 5088 2539 5126 non
2568 5073 2918 5128 contendunt
2950 5091 3131 5147 neque
3162 5077 3425 5141 clamant,

1833 5178 2015 5231 neque
2068 5160 2259 5215 audiet
2288 5161 2491 5230 aliquis
2524 5178 2711 5216 vocem
2742 5179 2937 5218 eorum
2968 5184 2979 5229 ;
3022 5182 3216 5220 verum
3260 5166 3427 5219 tacite

1832 5249 2143 5320 leniterque
2192 5256 2572 5325 properantes,
2628 5252 2919 5321 gaudium,
2979 5253 3425 5318 exsultationem,

1836 5339 2098 5392 fiduciam
2128 5340 2445 5410 pectoribus
2485 5340 2805 5406 infundunt,
2839 5342 3115 5413 siquidem
3152 5359 3278 5396 cum
3319 5342 3430 5397 illis

1836 5435 1921 5481 est
1952 5429 2238 5493 Dominus,
2279 5429 2373 5500 qui
2405 5437 2490 5483 est
2518 5431 2641 5483 fons
2691 5437 2748 5484 et
2800 5431 2956 5501 origo
3003 5431 3226 5486 laetitia).
3274 5431 3429 5487 Tunc

1837 5535 1995 5572 mens
2026 5526 2217 5573 nostra
2236 5536 2346 5573 non
2377 5518 2619 5585 turbida,
2646 5519 2741 5571 sed
2773 5520 2911 5573 lenis
2938 5525 2995 5572 et
3015 5520 3232 5590 placida
3256 5537 3430 5591 ange-

1833 5608 2015 5661 lorum
2031 5609 2150 5662 luce
2174 5608 2453 5673 radiatur;
2480 5613 2612 5661 tunc
2630 5607 2822 5661 anima
2841 5608 3149 5662 cmlestium
3172 5611 3430 5682 praemio-

1834 5713 1962 5751 rum
1988 5696 2257 5752 aviditate
2287 5697 2553 5767 ﬂagrans,
2588 5696 2814 5750 effracto
2842 5697 2913 5768 (si
2954 5704 3161 5767 posset)
3193 5699 3432 5756 humani
