3958 6456
491 405 592 462 143
1506 403 1601 456 DE
1635 401 1824 458 VITIS
1861 397 2157 456 PATRUM
2193 399 2408 455 LIBER
2445 401 2732 458 PRIMUS.
3648 405 3751 464 144

487 529 736 602 corporis
750 527 1114 593 domicilio,et
1129 525 2070 588 membrisexoneratamortalibus,
2091 525 2383 584 Anomine
2411 531 2508 580 tuo
2538 527 2815 582 daemonia
2863 529 3149 598 ejecimus,
3182 536 3240 584 et
3277 531 3333 584 in
3377 531 3606 585 nomine
3653 536 3752 586 tuo

485 636 612 674 cum
641 619 726 672 his
747 633 886 689 quos
913 615 1064 670 videt
1091 614 1245 669 abire
1273 614 1504 668 festinat
1521 615 1590 668 ad
1611 615 1834 668 ccelum.
1857 615 2073 668 Horum
2156 613 2392 668 virtutes
2439 616 2645 670 multas
2699 617 2930 672 fecimus
2957 618 3177 685 (Matth.
3211 619 3303 686 vn)
3329 621 3353 673 ?
3389 621 3753 691 respondebit

481 713 642 762 tanta
671 705 987 776 benignitas
1016 709 1120 769 est,
1143 707 1208 758 ut
1229 703 1275 757 si
1301 703 1424 774 quis
1453 720 1554 774 pro
1571 703 1886 758 conditione
1908 702 2074 771 fragi-

479 795 654 850 litatis
665 793 1094 859 humanae,miro
1103 792 1272 847 fuerit
1281 807 1475 846 eorum
1486 792 1702 862 fulgore
1716 791 2067 862 perterritus,

479 900 703 938 omnem
746 882 1012 938 continuo
1063 899 1131 936 ex
1187 881 1351 936 Corde
1406 881 1665 935 auferant
1706 886 1940 934 metum.
1986 881 2074 934 Ita

479 972 704 1028 Gabriel
734 989 862 1028 cum
891 971 1168 1026 Zachariae
1201 971 1526 1041 loqueretur
1565 971 1624 1024 in
1653 970 1866 1040 templo
1903 970 2072 1038 (Luca:

478 1064 604 1132 xu);
639 1067 698 1116 et
723 1061 909 1132 angeli
937 1077 1064 1115 cum
1090 1060 1341 1114 divinum
1359 1058 1607 1130 Virginis
1631 1065 1856 1130 partum
1882 1062 2070 1128 pasto-

475 1151 632 1206 ribus
682 1151 1012 1206 nuntiarent
1043 1150 1251 1220 (Matth.
1303 1149 1518 1218 xxvm).
1547 1153 1605 1202 et
1653 1146 1750 1218 qui
1796 1145 2072 1200 Dominici

475 1240 724 1312 corporis
764 1239 1009 1312 agebant
1060 1237 1336 1306 excubias,
1387 1237 1600 1292 securis
1640 1235 1953 1290 videntium
2011 1251 2071 1288 se

476 1328 760 1383 mentibus
796 1327 1172 1393 ostendentes,
1213 1343 1284 1380 ne
1330 1330 1650 1381 metuerent
1695 1322 2064 1395 imperabant.

474 1418 658 1472 Metus
687 1418 839 1472 enim
867 1433 980 1472 non
1005 1422 1226 1472 tantum
1255 1433 1320 1470 ex
1345 1431 1548 1487 pavore
1577 1413 1770 1479 animi,
1794 1417 2068 1483 quantum

476 1523 542 1561 ex
571 1523 905 1578 magnarum
935 1523 1125 1561 rerum
1153 1522 1298 1576 saepe
1317 1504 1590 1559 incutitur
1612 1507 1858 1574 aspectu.
1885 1500 2070 1555 Pessi-

476 1612 698 1651 morum
725 1613 856 1651 vero
884 1596 1069 1650 vultus
1099 1600 1302 1660 truces,
1333 1593 1550 1648 sonitus
1597 1591 1825 1652 horridi,
1857 1588 2070 1643 sordidi

474 1685 770 1756 cogitatus,
791 1686 1020 1757 plausus
1049 1690 1345 1754 motusque
1367 1681 1908 1752 indisciplinatorum
1939 1679 2070 1732 ado-

2156 703 2432 758 Dominus
2468 722 2479 756 :
2512 705 2691 758 Amen
2719 705 2840 760 dico
2869 706 3040 774 vobis,
3060 725 3169 762 non
3197 711 3325 763 novi
3353 727 3466 776 vos,
3481 711 3751 765 discedite

2155 807 2190 844 a
2208 809 2314 857 me,
2341 793 2581 863 Operarii
2609 794 2941 865 iniquitatis.
2959 797 3083 850 Non
3115 797 3264 852 enim
3296 800 3450 854 novit
3474 800 3749 854 Dominus

2153 880 2269 934 vias
2288 881 2607 952 impiorum.
2635 884 2752 937 Hoc
2771 901 2904 954 ergo
2933 902 3271 958 magnOpere
3301 889 3751 959 postulemus,ut

2152 969 2361 1023 donum
2390 971 2689 1041 spirituum
2719 973 3215 1030 discernendomm
3245 994 3566 1031 mereamur
3602 978 3749 1032 acci-

2153 1073 2320 1126 pere;
2364 1076 2510 1130 quo,
2566 1063 2871 1116 secundum
2929 1066 3266 1120 sententiam
3307 1067 3746 1137 Scripturarum,

2151 1147 2305 1202 omni
2334 1149 2555 1219 spiritui
2587 1167 2698 1204 non
2727 1153 3021 1207 credamus
3052 1155 3100 1221 (1
3124 1157 3284 1209 Joan.
3315 1159 3414 1224 Iv).

2224 1238 2354 1291 CAP.
2383 1239 2500 1294 XX.
2525 1270 2588 1280 —
2612 1240 2912 1296 Volueram
2943 1243 3168 1313 quidem
3192 1246 3312 1315 jam
3344 1245 3505 1302 ﬁnire
3529 1263 3749 1301 sermo—

2150 1344 2299 1394 nem,
2315 1333 2369 1382 et
2390 1328 2612 1384 silentio
2633 1347 2888 1400 premere
2915 1349 3257 1405 quzecunque
3278 1351 3414 1389 meae
3429 1335 3752 1390 acciderant

2152 1420 2270 1483 4O
2295 1418 2586 1488 parvitati;
2611 1419 2708 1472 sed
2731 1436 2801 1472 ne
2828 1423 3036 1490 putetis
3064 1439 3153 1477 me
3183 1423 3391 1478 frustra
3410 1441 3752 1478 commemo-

2151 1523 2305 1560 rasse
2331 1524 2454 1578 quae
2485 1507 2704 1562 evenire
2748 1525 2860 1563 non
2907 1518 3151 1581 possent,
3186 1513 3389 1568 idcirco
3418 1513 3568 1576 (licet
3605 1514 3749 1568 insi-

2150 1596 2310 1666 piens
2345 1596 2494 1657 ﬁam,
2528 1603 2718 1651 tamen
2746 1599 3036 1664 Dominus,
3065 1601 3159 1671 qui
3184 1609 3409 1657 secretae
3436 1603 3638 1657 mentis
3661 1609 3748 1658 est

2151 1685 2449 1756 inspector,
2484 1687 2637 1740 novit
2662 1703 2775 1740 non
2802 1705 2890 1741 me
2919 1705 3088 1742 causa
3108 1691 3414 1760 jactantize,
3446 1692 3544 1746 sed
3574 1693 3748 1746 vestri

473 1774 556 1828 les
583 1779 808 1828 centum
840 1775 925 1827 vel
955 1774 1265 1840 latronum;
1285 1790 1315 1826 e
1347 1773 1550 1842 quibus
1577 1771 1867 1826 confestim
1897 1769 2130 1852 timor“
2149 1775 2334 1844 gratia
2376 1776 2655 1846 profectus
2715 1776 2819 1830 hoc
2871 1777 3093 1846 facere),
3127 1796 3304 1850 pauca
3343 1781 3620 1852 replicabo
3674 1781 3748 1836 de

473 1861 693 1925 animae,
713 1861 967 1917 sensibus
981 1867 1173 1933 torpor
1193 1861 1467 1915 incutitur
1483 1879 1495 1926 ;
1511 1860 1700 1915 odium
1724 1858 2067 1914 Christiano—
2084 1837 2130 1897 B
2151 1863 2426 1934 plurimis.
2457 1865 2685 1928 Quoties
2708 1883 2796 1920 me
2830 1867 3018 1921 nimiis
3047 1868 3306 1923 laudibus
3336 1871 3532 1924 (ἀπιεῖ-τε)
3557 1869 3748 1925 conati

472 1969 618 2018 rum,
647 1952 1050 2006 monachorum
1088 1968 1298 2006 mceror
1333 1956 1393 2005 et
1419 1950 1667 2014 taedium,
1701 1965 1930 2003 suorum
1975 1965 2068 2002 re-
2149 1959 2300 2018 sunt,
2323 1971 2448 2008 cum
2471 1971 2506 2008 a
2530 1973 2619 2010 me
2648 1955 2703 2009 in
2723 1957 2947 2011 nomine
2969 1958 3190 2012 Domini
3219 1958 3513 2012 maledicta
3539 1959 3752 2029 recipe-

469 2041 737 2108 cordatio,
769 2047 954 2096 metus
981 2041 1198 2105 mortis,
1241 2041 1442 2112 cupido
1481 2039 1763 2111 nequitias,
1797 2038 2067 2093 lassitudo
2151 2044 2276 2092 rent
2309 2039 2413 2107 (59)
2449 2040 2461 2093 !
2497 2041 2716 2110 quoties
2754 2049 3058 2112 augmenta
3103 2043 3214 2097 Nili
3267 2043 3514 2098 ﬂuminis
3558 2045 3754 2098 futura

468 2127 711 2194 virtutis,
752 2127 935 2182 cordis
981 2126 1282 2182 hebetatio.
1317 2127 1376 2180 Si
1419 2124 1592 2195 igitur
1635 2131 1762 2196 post
1802 2123 2066 2178 timorem

469 2216 700 2272 horrore
719 2223 1068 2289 conceptum.
1090 2215 1420 2272 successerit
1433 2215 1703 2286 gaudium
1725 2220 1780 2268 et
1797 2213 1870 2268 ad
1887 2215 2066 2268 Deum

468 2307 676 2364 ﬁducia
712 2312 881 2378 atque
921 2307 1218 2361 inell‘abilis
1245 2305 1508 2371 charitas,
1558 2304 1776 2359 venisse
1823 2303 2066 2357 sciamus

467 2397 756 2464 auxilium,
777 2397 911 2468 quia
929 2396 1201 2450 securitas
1212 2395 1423 2450 animae
1444 2393 1736 2465 praesentis
1755 2391 2064 2462 majestatis

469 2484 740 2540 indicium
765 2489 868 2540 est.
902 2485 993 2540 Sic
1021 2501 1266 2556 namque
1309 2488 1367 2538 et
1410 2483 1696 2538 Abraham
1742 2483 2064 2554 patriarcha

469 2574 663 2628 videns
701 2575 902 2641 Deum,
932 2574 1158 2644 gavisus
1205 2579 1291 2628 est
1329 2575 1507 2640 (Joan.
1540 2574 1678 2642 VIII);
1721 2579 1778 2626 et
1820 2573 2064 2627 Joannes

469 2679 596 2718 cum
639 2663 878 2718 Mariam
928 2663 1314 2734 supervenisse
1371 2662 1624 2725 sentiret,
1657 2678 1778 2732 quze
1821 2661 1880 2714 in
1921 2661 2064 2715 sacri

469 2752 682 2806 ventris
730 2752 972 2824 hospitio
1020 2751 1402 2806 universitatis
1447 2749 1704 2820 gestabat
1749 2754 2058 2820 parentem,

470 2841 768 2896 exsultavit
792 2841 1030 2896 necdum
1088 2846 1255 2894 natus
1284 2840 1342 2894 in
1379 2839 1646 2910 gaudium
1704 2839 1872 2907 (Luca
1912 2845 1971 2902 1).
2004 2836 2062 2891 Si

471 2935 662 2986 autem
689 2929 914 2985 incussa
937 2930 1175 2985 formido
1213 2927 1605 3001 permanserit,
1645 2928 1822 2981 hostis
1851 2932 1938 2980 est
1967 2925 2061 2996 qui

471 3019 692 3074 videtur
722 3038 735 3074 :
767 3020 1033 3091 quoniam
1075 3037 1176 3074 nec
1213 3019 1461 3074 refovere
1509 3017 1682 3083 novit,
1715 3021 1780 3071 ut
1836 3015 2062 3070 Gabriel

471 3114 766 3180 paventem
812 3108 1099 3180 Virginem
1148 3125 1219 3163 ne
1263 3109 1463 3163 timeat
1499 3106 1664 3178 jubet
1695 3107 1862 3174 (Luca?
1889 3107 1964 3170 l);
2007 3109 2064 3159 et

2150 2128 2428 2196 dixerunt,
2478 2146 2608 2184 cum
2639 2147 2674 2183 a
2698 2148 2788 2184 me
2832 2131 3128 2186 audirent:
3164 2133 3233 2186 Et
3269 2133 3374 2187 hoc
3403 2133 3472 2186 ad
3504 2139 3755 2187 vestram

2150 2218 2284 2288 quid
2310 2221 2556 2290 pertinet
2580 2223 2814 2276 curam?
2842 2222 3060 2293 quoties
3100 2221 3423 2276 minitantes
3455 2227 3519 2276 ut
3542 2222 3756 2276 milites

2149 2305 2372 2368 armati,
2405 2306 2813 2377 scorpionibus,
2846 2308 3031 2377 equis,
3070 2307 3290 2372 belluis,
3325 2313 3383 2362 et
3420 2307 3590 2361 variis
3637 2325 3771 2382 ser-_

2145 2393 2406 2464 pentibus
2427 2395 2917 2451 circumdederunt
2932 2414 3040 2462 me,
3059 2402 3115 2450 et
3135 2397 3365 2450 domum
3383 2396 3441 2450 in
3463 2413 3573 2468 qua
3591 2413 3755 2450 eram

2145 2481 2518 2552 repleverunt,
2551 2501 2675 2538 cum
2729 2503 2832 2556 ego
2882 2502 2913 2540 e
2965 2490 3162 2539 contra
3211 2485 3506 2556 psallerem
3540 2504 3552 2538 :
3587 2485 3660 2539 Hi
3689 2485 3750 2540 in

2145 2571 2400 2626 curribus
2429 2578 2486 2626 et
2501 2574 2560 2626 hi
2581 2573 2638 2626 in
2669 2574 2960 2644 equis,nos
2981 2580 3171 2628 autem
3199 2573 3255 2627 in
3271 2574 3495 2627 nomine
3517 2573 3748 2628 Domini

2145 2659 2245 2713 Dei
2269 2661 2445 2714 nostri
2466 2661 2951 2731 magniﬁcabimur
2975 2665 3288 2730 (Psal-xxx).
3321 2663 3389 2716 Et
3416 2661 3606 2716 statim
3641 2663 3749 2716 Ini-

2145 2749 2444 2804 sericordia
2465 2751 2674 2806 Christi
2699 2752 3073 2822 fugabantur.‘
3092 2752 3346 2816 Quodam
3371 2757 3560 2806 autem
3594 2757 3745 2806 tem-

2144 2856 2278 2910 pore
2299 2857 2426 2894 cum
2448 2839 2660 2910 ingenti
2679 2841 2800 2896 luce
2813 2841 3116 2902 venientes,
3137 2841 3398 2896 dixerunt
3414 2860 3428 2894 :
3444 2841 3742 2904 Venimus,

2143 2927 2369 2994 Antoni,
2409 2934 2665 2983 nostrum
2710 2929 2812 2983 tibi
2867 2930 3113 3000 praebere
3159 2930 3454 3000 fulgorem.
3491 2931 3560 2984 Et
3608 2947 3743 3000 ego,

2144 3016 2347 3070 clausis
2375 3017 2569 3083 oculis,
2604 3019 2735 3088 quia
2763 3019 2942 3073 lucem
2975 3019 3179 3072 diaboli
3211 3019 3557 3089 dedignabar
3583 3021 3743 3091 aspi-

2143 3121 2288 3170 cere,
2324 3105 2576 3170 orabam,
2611 3113 2667 3160 et
2693 3107 2840 3161 dicto
2870 3107 3034 3162 citius
3063 3107 3365 3178 impiorum
3395 3108 3586 3162 lumen
3645 3126 3747 3162 ex-

469 3196 634 3252 sicuti
673 3201 926 3269 pastores
955 3197 1154 3254 nuntio
1183 3195 1452 3250 consolati
1481 3200 1615 3249 sunt
1646 3195 1851 3259 (Ibid).
1883 3192 2059 3256 Quin-
2077 3191 2120 3251 C
2142 3193 2549 3263 stinguebatur.
2572 3195 2707 3249 Post
2721 3212 2942 3249 menses
2957 3201 3145 3249 autem
3166 3212 3374 3266 paucos
3406 3212 3530 3250 cum
3549 3213 3750 3250 coram

468 3285 582 3341 imo
636 3303 898 3358 pavorem
955 3286 1221 3357 duplicat,
1263 3290 1322 3339 et
1374 3301 1551 3355 usque
1597 3283 1668 3337 ad
1724 3281 2060 3353 profundam

469 3374 776 3446 impietatis
814 3376 1046 3441 foveam,
1079 3379 1144 3430 ut
1187 3373 1291 3428 sibi
1335 3373 1592 3428 homines
1635 3376 2063 3443 prosternantur

468 3463 726 3536 impellit.
759 3464 968 3519 Exinde
997 3464 1202 3518 misera
1227 3462 1532 3532 gentilitas,
1563 3461 1854 3515 dominica:
1884 3459 2060 3513 inter-

469 3552 730 3607 dictionis
757 3553 974 3624 ignara,
1005 3552 1144 3608 falso
1189 3552 1470 3607 daemones
1507 3551 1642 3604 deos
1669 3549 1898 3621 opinata
1943 3555 2052 3605 est.

471 3641 918 3696 Christianorum
963 3647 1153 3696 autem
1199 3641 1434 3712 populos
1477 3639 1562 3693 his
1590 3639 1822 3693 fallaciis
1851 3637 2060 3692 irretiri

469 3747 582 3786 non
601 3748 798 3803 passus
823 3737 909 3786 est
927 3731 1215 3798 Dominus,
1245 3730 1340 3802 qui
1368 3729 1650 3784 diabolum
1679 3728 1737 3782 in
1762 3727 2059 3798 Evangelio

467 3821 734 3876 audacter
761 3821 875 3876 sibi
912 3820 1286 3893 principatum
1333 3819 1586 3874 omnium
1624 3822 2056 3890 praesumentem

468 3911 695 3982 repulit,
723 3911 914 3965 dicens
946 3929 958 3964 :
991 3910 1144 3964 Vade
1184 3914 1354 3975 retro,
1389 3909 1616 3964 Satana.
1662 3907 1942 3978 Scriptum
1974 3915 2060 3963 est

404 4001 620 4055 enim
652 4017 666 4054 :
696 3999 1000 4056 Dominum
1037 3999 1216 4053 Deum
1245 4003 1407 4052 tuum
1445 3996 1722 4063 adorabis,
1757 4003 1814 4051 et
1843 3997 1923 4051 illi
1954 3998 2056 4052 soli

468 4089 674 4144 servies
697 4089 910 4156 (Matth.
943 4102 1024 4154 Iv;
1057 4089 1212 4142 Deut.
1244 4101 1298 4141 v1
1329 4092 1375 4140 et
1405 4088 1483 4158 x).
1516 4087 1734 4141 Horum
1761 4085 2056 4142 verborum

468 4178 640 4234 etiam
660 4179 822 4233 nobis
843 4177 1070 4233 licentia
1088 4184 1173 4232 est
1193 4177 1424 4245 tributa;
1458 4177 1592 4248 quia
1608 4177 1811 4232 idcirco
1839 4177 2056 4234 locutus

469 4272 555 4322 est
602 4268 754 4336 talia,
801 4274 867 4323 ut
921 4267 1231 4324 similitudo
1279 4272 1758 4323 tentamentorum
1813 4269 2057 4325 auctoris

467 4358 646 4412 nostri
676 4357 1032 4430 frangeretur
1057 4359 1311 4432 eloquiis.

539 4449 668 4503 CAP.
691 4449 838 4504 XIX.
862 4487 924 4496 —
943 4451 1088 4505 Illud
1113 4466 1353 4522 quoque,
1378 4449 1489 4502 mei
1509 4448 1844 4517 charissimi,
1869 4449 2058 4504 admo-

2142 3299 2232 3335 me
2272 3284 2596 3353 psallerent,
2625 3289 2683 3338 et
2709 3284 2778 3337 de
2809 3284 3110 3354 Scripturis
3141 3284 3365 3338 sibimet
3393 3286 3748 3340 sermocina-

2143 3373 2358 3433 rentur,
2389 3386 2492 3439 ego
2526 3375 2794 3439 tanquam
2832 3369 3034 3423 surdus
3063 3386 3175 3424 non
3206 3369 3523 3424 audiebam.
3567 3369 3746 3424 Com-

2143 3463 2437 3512 moverunt
2476 3457 2776 3529 aliquando
2834 3459 3235 3513 monasterium
3289 3475 3476 3512 meum
3507 3456 3646 3527 (51),
3683 3466 3747 3513 et

2143 3563 2246 3616 ego
2277 3554 2465 3601 mente
2511 3547 2782 3602 immobili
2832 3548 3135 3602 Dominum
3179 3547 3534 3619 deprecabar.
3575 3549 3744 3620 Saepe

2143 3637 2424 3708 strepitus,
2461 3654 2604 3709 saepe
2643 3637 2986 3703 saltationes,
3044 3655 3189 3709 saepe
3243 3637 3436 3692 sibilos
3487 3637 3744 3708 ingesse-

2142 3731 2304 3790 runt;
2331 3733 2388 3780 et
2408 3739 2496 3780 me
2515 3727 2807 3798 psallente,
2831 3744 3002 3781 sonus
3025 3743 3219 3781 eorum
3241 3744 3300 3782 in
3325 3743 3488 3781 voces
3517 3725 3742 3781 flebiles

2139 3815 2476 3870 vertebatur.

2211 3905 2544 3970 Creditisne,
2576 3905 2755 3970 ﬁlioli,
2789 3905 2936 3978 quod
2967 3905 3218 3960 dicturus
3247 3923 3372 3960 sum
3393 3904 3581 3959 vobis?
3601 3905 3742 3960 Vidi

2140 3992 2439 4064 aliquando
2485 3994 2769 4050 diabolum
2815 3996 3093 4050 excelsum
3122 4012 3370 4066 corpore,
3404 3994 3500 4066 qui
3528 4011 3588 4048 se
3627 3995 3741 4049 Dei

2138 4082 2404 4138 virtutem
2429 4090 2486 4138 et
2500 4084 2907 4155 providentiam
2936 4103 3105 4140 ausus
3129 4091 3215 4139 est
3242 4085 3444 4148 dicere.
3470 4089 3526 4138 et
3557 4083 3640 4138 ait
3661 4085 3740 4140 ad

2139 4187 2228 4226 me
2255 4189 2268 4226 :
2299 4173 2441 4236 Quid
2468 4173 2567 4240 vis,
2592 4179 2657 4228 ut
2684 4191 2719 4228 a
2746 4191 2836 4229 me
2855 4174 2954 4228 tibi
2983 4175 3240 4241 donetur,
3264 4173 3506 4229 Antoni?
3524 4174 3601 4228 At
3626 4191 3741 4244 ego

2138 4264 2492 4334 sputaculum
2524 4263 2638 4334 (52)
2665 4265 2977 4320 maximum
3005 4265 3064 4320 in
3093 4265 3318 4336 os‘ejus
3355 4265 3741 4334 ingeminans,

2136 4357 2318 4408 totum
2348 4371 2437 4408 me
2467 4353 2525 4408 in
2554 4370 2682 4408 eum
2707 4355 2914 4409 Christi
2943 4355 3171 4408 nomine
3190 4361 3462 4419 armatus,
3487 4353 3738 4424 ingessi:

2139 4449 2194 4496 et
2221 4443 2412 4496 statim
2441 4443 2532 4498 ille
2574 4461 2838 4516 procerus
2863 4455 3089 4516 aspectu
3119 4443 3266 4499 inter
3287 4443 3501 4498 medias
3529 4461 3744 4500 manus

465 4556 591 4606 neo,
616 4545 680 4595 ut
702 4540 828 4595 vitae
856 4539 1035 4611 magis
1063 4539 1138 4594 sit
1164 4537 1338 4604 vobis,
1364 4555 1530 4610 quam
1553 4539 1838 4609 signorum
1859 4539 2058 4592 sollici-
2075 4533 2393 4608 Dexolevit.
2425 4533 2713 4604 Jejunanti
2761 4535 2932 4589 etiam
2960 4534 3099 4588 mihi
3128 4533 3278 4588 visus
3309 4539 3395 4588 est
3441 4537 3505 4588 ut
3533 4550 3742 4588 mona-

468 4629 622 4683 tudo.
639 4630 842 4684 Nullus
867 4647 933 4684 ex
959 4629 1112 4683 vobis
1140 4629 1258 4683 haec
1277 4628 1502 4694 faciens,
1527 4636 1626 4684 aut
1653 4629 1770 4700 ipse
1795 4628 2059 4700 superbia

466 4717 820 4785 intumescat,
835 4724 934 4772 aut
952 4718 1223 4790 despiciat
1241 4735 1336 4773 eos
1357 4718 1451 4790 qui
1471 4719 1652 4774 facere
1673 4735 1784 4774 non
1799 4722 2052 4790 possunt.

466 4807 958 4862 Conversationem
993 4807 1174 4878 magis
1211 4808 1538 4864 scrutamini
1568 4808 1916 4878 singulorum
1951 4824 1962 4860 :
1998 4807 2055 4862 in

467 4895 572 4950 hac
591 4896 706 4950 vita
723 4901 781 4950 et
797 4895 1006 4950 imitari
1022 4913 1118 4951 vos
1139 4913 1260 4968 quae
1279 4897 1524 4969 perfecta
1547 4902 1678 4952 sunt
1694 4897 1970 4963 convenit,
1995 4903 2052 4952 et

467 4985 702 5056 implere
735 5001 857 5056 quae
885 4985 1105 5040 desunt.
1128 4986 1272 5040 Nam
1302 4986 1464 5057 signa
1490 4986 1673 5040 facere
1701 5002 1809 5040 non
1837 4991 1925 5040 est
1954 5003 2056 5040 no-

465 5079 595 5128 stra:
625 5075 934 5146 parvitatis,
965 5076 1060 5129 sed
1089 5075 1315 5130 Domini
1341 5075 1652 5146 potestatis,
1685 5075 1780 5146 qui
1805 5075 1877 5128 ad
1899 5075 2058 5129 disci-

467 5163 630 5234 pulos
647 5163 972 5234 gloriantes,
989 5163 1047 5218 in
1067 5165 1365 5235 Evangelia
1381 5164 1486 5218 ait:
1512 5165 1596 5219 Ne
1613 5163 1906 5235 gaudeatis
1927 5165 2060 5235 quia

466 5253 748 5308 daemones
803 5252 956 5308 vobis
999 5252 1235 5323 subjecti
1289 5259 1440 5320 sunt,
1482 5253 1580 5307 sed
1636 5253 1785 5324 quod
1830 5253 2060 5308 nomina

466 5348 650 5397 vestra
679 5343 886 5414 scripta
931 5348 1065 5397 sunt
1099 5341 1159 5397 in
1205 5343 1358 5398 coelis
1415 5345 1587 5410 (Lucae
1636 5343 1710 5412 Χ).
1755 5342 2061 5397 Nominum

469 5432 616 5486 enim
646 5433 704 5486 in
723 5432 864 5487 libro
881 5433 1006 5488 vita:
1037 5432 1392 5503 conscriptio.
1414 5431 1802 5486 testimonium
1831 5439 1916 5487 est
1946 5433 2058 5487 vir-

471 5521 608 5576 tutis
639 5527 696 5575 et
739 5522 969 5587 meriti;
1019 5521 1268 5592 expulsio
1325 5526 1512 5575 autem
1563 5521 1802 5586 Satanm,
1833 5523 2058 5593 largitio

472 5610 772 5665 Salvatoris
801 5616 902 5664 est.
932 5610 1091 5666 Unde
1121 5610 1211 5664 his
1240 5609 1335 5680 qui
1365 5626 1478 5664 non
1509 5609 1568 5663 in
1603 5609 1725 5666 vita:
1755 5611 2054 5676 laboribus,

469 5699 566 5756 sed
597 5699 655 5755 in
682 5701 953 5772 prodigiis
971 5698 1349 5768 exsultabunt,
1381 5698 1698 5756 dicentibus
1733 5719 1746 5755 :
1777 5703 1977 5758 Nonne
1999 5701 2058 5756 in

2138 4623 2300 4691 chus;
2335 4629 2392 4677 et
2414 4641 2588 4695 panes
2606 4624 2956 4690 olferens,his
2985 4623 3336 4678 sermonibus
3366 4623 3642 4678 suadebat
3672 4629 3746 4678 ut

2139 4729 2408 4780 vescerer,
2427 4719 2484 4768 et
2506 4714 2642 4768 huic
2660 4714 2874 4785 aliquid
2901 4714 3254 4785 indulgerem
3275 4713 3632 4784 corpusculo:
3667 4713 3743 4769 Et

2137 4807 2221 4867 tu,
2244 4802 2445 4874 inquit,
2463 4803 2632 4858 homo
2653 4821 2732 4874 es,
2747 4809 2804 4858 et
2831 4805 3078 4859 humana
3095 4803 3399 4875 fragilitate
3423 4803 3743 4858 circumda-

2137 4893 2214 4947 ris
2237 4893 2425 4958 ;labor
2441 4894 2731 4964 paululum
2760 4887 3136 4966 conquiescat,
3160 4911 3232 4948 ne
3259 4893 3530 4965 aegritudo
3551 4893 3714 4948 subri
3730 4933 3766 4946 ..

2138 4983 2275 5054 piat.
2298 4983 2450 5038 Illico
2480 4984 2722 5038 luridam
2741 4983 2942 5038 faciem
2962 4983 3238 5055 serpentis
3261 4983 3496 5055 agnovi;
3521 4990 3579 5038 et
3606 5002 3744 5040 cum

2139 5073 2209 5126 ad
2221 5079 2486 5128 consueta
2499 5074 2708 5128 Christi
2719 5074 3072 5128 munimenta
3079 5073 3434 5144 confugerem
3444 5077 3752 5145 ,tanquam

2139 5179 2239 5232 per
2257 5161 2560 5216 fenestram
2578 5162 2768 5217 fumus
2788 5161 3490 5228 laberetur,evanuit.Auri
3512 5179 3753 5234 quoque

2139 5250 2452 5322 decipulam
2473 5251 2607 5304 mihi
2628 5251 2687 5305 in
2714 5251 2935 5306 deserto
2958 5253 3282 5322 frequenter
3307 5251 3568 5315 tetendit;
3591 5254 3758 5323 quod

2139 5339 2264 5395 ideo
2295 5340 2581 5406 offerebat,
2615 5346 2680 5394 ut
2733 5346 2832 5395 aut
2856 5341 2978 5396 visu
3032 5340 3282 5395 irretiret
3336 5357 3426 5394 me
3449 5345 3555 5394 aut
3583 5347 3756 5399 tactu

2139 5431 2592 5486 commacularet.
2625 5430 2782 5501 Step0
2811 5447 3032 5502 quoque
3061 5447 3152 5484 me
3181 5447 3216 5484 a
3249 5429 3596 5485 daemonibus
3629 5449 3756 5487 non

2139 5523 2354 5591 denego
2374 5520 2747 5576 verberatum.
2767 5520 3051 5576 Canebam
3070 5529 3260 5575 autem
3282 5521 3386 5574 sic:
3415 5521 3619 5574 Nullus
3649 5539 3754 5576 me

2141 5611 2424 5682 separabit
2475 5628 2509 5664 a
2536 5610 2810 5665 charitate
2849 5609 3054 5664 Christi
3083 5612 3256 5679 (Rom.
3285 5615 3423 5678 vm).
3456 5610 3542 5662 Ad
3573 5613 3748 5682 cujus

2139 5701 2285 5758 vocis
2313 5701 2586 5769 auditum,
2619 5700 2677 5756 in
2716 5717 2776 5756 se
2802 5699 3038 5756 invicem
3067 5699 3408 5769 defurentes,
3438 5716 3554 5756 non
3582 5717 3736 5770 meo,
