3958 6390
206 378 305 436 145

1280 402 1448 459 VITA
1487 405 1699 463 BEATI
1734 410 2038 467 ANTONII
2073 410 2399 467 ABBATIS.

3368 414 3474 475 146

195 509 551 611 .D‘omini
598 514 936 587 fugabantur
962 522 1217 594 imperio,
1252 528 1346 598 qui
1384 530 1462 585 ait
1494 533 1665 598 (Lucae
1692 531 2089 603 x):Anexuit.
2146 536 2269 591 Una
2324 541 2410 590 est
2464 553 2598 608 ergo
2652 538 2796 592 ratio
2854 539 3107 594 vincendi
3157 540 3468 611 inimicum,

196 598 324 652 Vidi
346 601 615 659 Satanam
647 608 806 677 quasi
830 609 1021 681 fulgur
1047 614 1340 671 cadentem
1372 619 1441 673 de
1472 620 1628 674 coelo.
1662 598 1793 677 Haec

197 704 350 758 ergo,
376 691 552 759 ﬁlioli,
587 699 879 766 apostolici
900 716 1117 757 memor
1134 705 1364 777 eloquii,
1396 708 1453 763 in
1486 726 1576 763 me
1600 715 1789 765 trans-

193 776 447 847 formavi,
499 788 564 837 ut
616 789 967 858 propositum
1018 798 1267 849 vostrum
1315 812 1417 851 nec
1471 798 1791 854 daemonum

190 870 393 935 terror,
424 886 527 925 nec
552 874 745 947 aliqua
770 878 1042 935 lassitudo
1073 882 1420 941 dissolveret.

262 957 374 1012 Sed
396 962 666 1031 quoniam
697 965 766 1020 ob
786 974 1029 1025 vestram
1050 972 1355 1029 utilitatem
1381 976 1562 1031 multa
1581 994 1791 1033 memo-

190 1048 387 1115 rando,
440 1050 716 1123 insipiens
756 1056 935 1112 factus
988 1078 1132 1128 sum,
1185 1069 1241 1117 et
1286 1064 1456 1136 hujus
1505 1066 1588 1121 rei
1635 1067 1789 1123 vobis

190 1135 470 1208 impertiri
500 1144 666 1213 cupio
698 1147 1003 1216 notionem,
1030 1168 1199 1221 quam
1229 1170 1416 1208 veram
1449 1172 1570 1210 esse
1600 1159 1788 1212 nullus

189 1225 442 1297 ambigat
455 1231 828 1289 audientium.
849 1236 1411 1313 Pulsavitaliquando
1432 1244 1652 1301 daemon
1672 1264 1789 1302 mo-

118 1380 123 1389 .
191 1317 425 1371 nasterii
454 1321 665 1376 ostium
690 1342 702 1378 :
725 1326 1040 1396 egrediens,
1064 1330 1222 1385 video
1251 1332 1538 1387 hominem
1570 1336 1784 1391 enormi

188 1403 553 1475 sublimitate,
574 1420 892 1481 porrectum
909 1424 1078 1488 caput
1096 1436 1273 1491 usque
1296 1422 1369 1475 ad
1394 1423 1614 1478 caelum.
1641 1425 1784 1480 Cum

187 1492 257 1546 ab
302 1494 409 1549 hoc
455 1499 715 1577 quisnam
763 1512 912 1560 esset
941 1506 1307 1578 inquirerem,
1340 1512 1421 1566 ait
1452 1530 1464 1565 :
1506 1513 1621 1583 Ego
1657 1531 1783 1568 sum

190 1581 448 1638 Satanas.
489 1587 559 1642 Et
588 1606 691 1660 ego
721 1609 733 1644 :
763 1592 925 1660 Quid,
969 1595 1221 1668 inquam,
1272 1600 1363 1654 hic
1392 1581 1640 1672 quaeris?
1681 1603 1785 1658 Re-

186 1673 449 1741 spondit:
487 1677 602 1731 Cur
627 1680 767 1735 mihi
793 1682 1007 1740 frustra
1033 1685 1317 1757 imputant
1343 1692 1649 1745 monachi?
1686 1709 1787 1747 cur

186 1761 325 1815 mihi
365 1781 560 1821 omnes
590 1768 1038 1828 Christianorum
1079 1777 1268 1846 populi
1300 1779 1687 1835 maledicunt?
1719 1782 1787 1836 Et

1874 627 2069 681 lmtitia
2098 627 2427 698 spirituahs,
2454 632 2511 680 et
2524 628 2726 682 animae
2742 628 3045 683 Dominum
3075 647 3298 703 semper
3324 634 3471 704 cogi-

1872 717 2046 770 tantis
2060 717 2214 787 jugis
2244 716 2555 771 recordatio
2581 736 2591 771 :
2628 733 2750 788 qua:
2778 718 3094 773 daemonum
3126 721 3287 776 ludos
3308 723 3468 793 quasi

1872 804 2088 860 fumum
2141 806 2441 875 expellens,
2472 813 2843 878 persequetur
2885 808 3234 864 adversarios
3278 812 3467 882 potius

1873 911 2039 965 quam
2072 895 2307 950 timebit.
2330 897 2456 951 Non
2485 900 2570 950 est
2590 896 2739 950 enim
2759 895 2979 951 nescius
2993 897 3230 953 Satanas
3248 899 3467 970 ignium

1869 983 2210 1050 futurorum,
2271 991 2329 1039 et
2382 985 2671 1042 aestuantis
2717 986 2989 1056 gehennae
3044 988 3268 1059 c0piosa
3312 990 3468 1044 novit

1871 1071 2149 1127 incendia.

1942 1162 2052 1217 Sed
2089 1168 2154 1217 ut
2181 1180 2309 1217 mea
2332 1165 2452 1234 jam
2479 1164 2774 1219 claudatur
2811 1167 3012 1234 oratio,
3042 1166 3183 1221 illud
3210 1167 3270 1222 in
3296 1169 3467 1223 ﬁnem

1869 1267 2281 1306 commemoro:
2318 1254 2459 1308 Cum
2499 1254 2690 1324 aliqua
2726 1271 2785 1308 se
2822 1254 2977 1309 vobis
3004 1255 3272 1311 obtulerit
3305 1257 3463 1324 visio,

1868 1341 2136 1395 audacter
2155 1342 2443 1412 requirite,
2469 1343 2595 1413 quis
2623 1344 2699 1397 sit
2722 1344 2834 1408 ille,
2860 1349 2918 1398 et
2944 1345 3094 1399 unde
3127 1346 3372 1412 venerit;
3403 1363 3467 1401 ac

1869 1429 1990 1483 sine
2020 1447 2197 1496 mora,
2234 1431 2283 1485 si
2318 1439 2643 1486 sanctorum
2680 1433 2851 1487 fuerit
2886 1433 3171 1501 revelatio,
3212 1435 3468 1504 angelica

1868 1520 2248 1575 consolatione
2267 1521 2440 1575 timor
2458 1526 2709 1576 vertetur
2734 1522 2793 1575 in
2812 1522 3103 1592 gaudium.
3128 1524 3187 1579 Si
3201 1541 3332 1579 vero
3353 1524 3470 1579 dia-

1866 1607 1978 1662 boli
2006 1608 2179 1663 fuerit
2207 1610 2395 1665 oblata
2422 1611 2679 1677 tentatio,
2714 1611 2894 1665 ﬁdelis
2922 1612 3123 1667 animae
3144 1619 3470 1684 percuncta-

1866 1697 2113 1753 tionibus
2148 1704 2475 1766 evanescet;
2507 1699 2639 1771 quia
2667 1701 2975 1755 maximum
3016 1708 3103 1756 est
3148 1703 3467 1758 securitatis

1866 1786 2154 1851 indicium,
2186 1788 2536 1858 interrogare
2565 1789 2825 1860 quisnam
2870 1796 2957 1844 est
3003 1796 3061 1845 et
3086 1791 3256 1846 unde.
3288 1792 3383 1848 Sic
3411 1799 3469 1848 et

186 1866 291 1950 cgq
339 1853 509 1953 uste
530 1856 761 1953 faciunt,
777 1860 890 1915 tuis
904 1863 1054 1917 enim
1075 1865 1398 1937 frequenter
1412 1870 1784 1924 molestantur
1798 1855 1844 1914 Β
1865 1876 2020 1930 Nave
2050 1877 2199 1931 ﬁlius
2225 1853 2620 1932 auxiliatorem
2645 1895 2809 1933 suum
2840 1879 3242 1950 interrogando
3263 1898 3465 1953 cogno—

186 1938 424 1996 insidiis.
447 1946 521 1998 At
548 1946 644 2000 ille
683 1947 796 2002 ait:
820 1950 974 2005 Nihil
998 1969 1101 2023 ego
1122 1953 1283 2021 facio,
1304 1956 1402 2010 sed
1421 1957 1529 2029 ipsi
1549 1976 1609 2012 se
1638 1958 1780 2013 invi-

185 2045 308 2083 cem
362 2032 611 2088 turbant.
663 2037 810 2092 Nam
856 2056 958 2110 ego
1007 2043 1345 2099 miserabilis
1395 2046 1576 2101 factus
1631 2065 1777 2105 sum.

186 2118 362 2190 Rogo,
380 2139 564 2178 nonne
584 2125 769 2197 legisti
788 2146 799 2181 :
828 2129 972 2193 Quia
989 2131 1313 2189 defecerunt
1325 2134 1539 2191 inimici
1556 2137 1781 2193 frameae

183 2209 244 2263 in
276 2212 467 2279 ﬁnem,
505 2218 563 2268 et
596 2215 849 2272 civitates
893 2236 1087 2275 eorum
1122 2222 1449 2278 destruxisti
1479 2227 1640 2293 (Psal.
1668 2228 1782 2294 Ix)?

182 2300 266 2354 En
286 2301 501 2356 nullum
516 2304 636 2373 jam
659 2305 835 2361 habeo
856 2308 1059 2378 locum,
1085 2312 1299 2367 nullam
1321 2298 1576 2385 possideo
1593 2316 1782 2372 civita-

178 2397 319 2456 tem,
336 2392 458 2460 jam
485 2394 623 2448 mihi
638 2396 794 2450 nulla
816 2403 950 2452 sunt
975 2416 1163 2455 arma:
1191 2419 1292 2473 per
1311 2419 1505 2458 omnes
1525 2406 1780 2461 nationes

179 2483 521 2552 cunctasque
540 2483 852 2554 provincias
876 2488 1085 2544 Christi
1106 2498 1371 2561 personat
1397 2509 1621 2561 nomen,
1655 2496 1781 2550 soli-

178 2568 406 2624 tudines
437 2588 659 2643 quoque
686 2578 1091 2634 monachorum
1120 2580 1405 2652 stipantur
1431 2583 1635 2638 choris.
1664 2585 1778 2656 Ipsi

178 2675 259 2723 se,
297 2675 504 2730 quaeso,
523 2667 807 2731 tueantur,
833 2671 889 2720 et
925 2684 1015 2721 me
1036 2668 1157 2723 sine
1177 2686 1349 2725 causa
1372 2688 1484 2726 non
1504 2673 1770 2729 lacerent.

182 2748 343 2802 Tunc
358 2766 461 2819 ego
490 2751 592 2806 Dei
612 2755 854 2823 gratiam
866 2774 995 2811 cum
1010 2758 1301 2814 alacritate
1325 2761 1583 2825 miratus,
1606 2763 1685 2817 sic
1704 2765 1775 2819 ad

176 2853 310 2891 eum
338 2838 558 2895 locutus
587 2859 745 2897 sum:
780 2845 904 2899 Non
932 2851 1043 2901 tua).
1076 2848 1314 2916 veritati,
1339 2868 1463 2922 quae
1483 2852 1639 2906 nulla
1666 2860 1768 2921 est,

173 2933 296 2980 tam
327 2945 527 2984 novam
558 2937 615 2986 et
642 2938 759 2987 tam
788 2934 1099 2991 inauditam
1150 2938 1369 2994 ascribo
1410 2942 1767 2997 sententiam.

173 3016 321 3071 Nam
372 3035 501 3073 cum
550 3020 780 3077 fallaciae
822 3030 990 3096 caput
1033 3027 1126 3094 sis,
1161 3029 1267 3082 hoc
1311 3030 1433 3085 sine
1478 3033 1769 3087 mendacio

171 3112 401 3162 coactus
430 3126 489 3163 es
519 3112 790 3167 conﬁteri.
823 3114 967 3168 Vere
997 3116 1148 3171 enim
1166 3119 1329 3173 Jesus
1360 3124 1487 3175 tuas
1515 3121 1769 3177 funditus

1862 1964 1942 2019 vit
1973 1968 2150 2035 (.losuc
2172 1968 2253 2035 v);
2278 1984 2382 2021 nec
2408 1967 2698 2022 Danielem
2719 1973 3143 2039 percontantem
3164 1970 3342 2027 latere
3361 1988 3465 2044 po-

1868 2054 1983 2109 tuit
2005 2054 2266 2110 inimicus
2296 2058 2459 2124 (Dan.
2491 2060 2541 2125 Χ)
2553 2097 2565 2110 .

1937 2144 2240 2215 Postquam
2270 2146 2548 2201 Antonius
2589 2147 2810 2201 dicendi
2836 2148 3004 2202 ﬁnem
3034 2148 3186 2215 fecit,
3217 2149 3462 2206 laetanti-

1863 2231 1968 2287 bus
1989 2234 2222 2300 cunctis,
2245 2235 2305 2288 in
2335 2234 2461 2290 aliis
2480 2236 2705 2291 virtutis
2725 2235 2927 2308 cupido
2956 2238 3370 2307 exardescebat,
3399 2240 3458 2295 in

1863 2322 1989 2376 aliis
2015 2322 2240 2377 inﬁrma
2259 2324 2608 2395 refovebatur
2632 2326 2788 2393 ﬁdes,
2813 2343 2878 2380 ex
2907 2327 3146 2382 aliorum
3174 2328 3461 2384 mentibus

1862 2411 2013 2466 falsae
2026 2413 2318 2483 opiniones
2342 2414 2712 2484 pellebantur,
2728 2432 2794 2469 ex
2805 2416 3047 2470 aliorum
3067 2416 3322 2472 sensibus
3342 2418 3462 2473 ina-

1861 2501 2019 2555 nium
2051 2508 2332 2557 terrorum
2361 2502 2677 2574 pellebatur
2698 2503 2951 2558 accensio
2981 2522 2992 2557 :
3026 2504 3308 2576 simulque
3335 2507 3460 2562 uni-

1860 2590 2023 2656 versi,
2056 2608 2185 2645 cum
2220 2593 2340 2661 jam
2370 2592 2690 2647 daemonum
2735 2592 2970 2647 insidias
3008 2598 3454 2661 contemnerent,

1859 2679 2212 2734 mirabantur
2238 2681 2299 2735 in
2326 2681 2572 2735 Antonio
2621 2687 2841 2736 tantam
2886 2683 3128 2753 gratiam
3154 2683 3456 2754 spirituum

1857 2768 2373 2834 discernendorum,
2382 2786 2551 2839 quam
2563 2770 2803 2824 Domino
2816 2770 3097 2826 tribuente
3105 2780 3452 2845 perceperat.

1929 2858 2060 2915 ΟΔΡ.
2093 2859 2239 2913 XXI.
2273 2889 2335 2899 -—
2380 2859 2555 2913 Erant
2594 2859 2769 2929 igitur
2797 2859 2856 2914 in
2892 2865 3083 2915 monte
3111 2863 3454 2919 monasteria

1854 2952 2126 3018 tanquam
2153 2947 2533 3015 tabernacula,
2568 2949 2736 3020 plena
2765 2948 2967 3004 divinis
2996 2949 3182 3006 choris
3213 2952 3455 3022 psallen-

1852 3037 1999 3092 tium
2029 3037 2161 3107 (53),
2206 3039 2536 3109 legentium,
2566 3040 2889 3095 orantium:
2922 3046 3256 3114 tantumque
3288 3045 3453 3115 jeju-

1851 3128 2025 3181 nandi
2056 3133 2113 3182 et
2155 3128 2474 3199 vigiliarum
2512 3129 2770 3184 ardorem
2805 3135 3135 3185 cunctorum
3164 3132 3450 3190 mentibus

74 3279 81 3285 ι
169 3195 397 3252 subruit
422 3199 587 3288 vires,
612 3206 670 3255 et
694 3201 906 3258 honore
932 3206 1177 3262 nudatus
1193 3209 1465 3279 angelico,
1500 3211 1768 3266 volutaris
1785 3215 2028 3275 Csermo
2058 3218 2182 3287 ejus
2213 3195 2531 3282 aﬁlaverat,
2574 3224 2640 3271 ut
2665 3217 2868 3271 futura:
2896 3217 3017 3288 spei
3044 3218 3332 3288 aviditate,
3365 3222 3438 3276 ad

168 3285 228 3339 in
282 3287 563 3343 sordibus.
608 3290 707 3344 Vix
744 3292 879 3347 dum
915 3290 1085 3350 verba
1125 3298 1554 3369 compleveram,
1589 3306 1646 3355 et
1673 3301 1767 3356 ille

167 3374 428 3430 sublimis
438 3385 665 3449 aspectu
678 3382 978 3438 Salvatoris
990 3386 1375 3442 nominatione
1386 3389 1636 3460 dejectus
1658 3397 1761 3445 est.

239 3466 377 3529 Quae
401 3484 535 3537 ergo
556 3470 698 3539 jam,
730 3487 762 3524 o
787 3471 961 3534 ﬁlioli,
1005 3476 1214 3545 poterit
1260 3478 1507 3532 residere
1535 3486 1764 3535 cuncta-

164 3555 284 3608 tio?
312 3572 437 3626 qnae
464 3558 764 3629 trepidatio
790 3561 1041 3617 manebit
1068 3564 1345 3621 ulterius?
1375 3567 1510 3631 Quis
1543 3585 1645 3624 nos
1675 3586 1766 3624 eo-

162 3660 293 3698 rum
322 3644 488 3699 turbo
514 3648 721 3718 poterit
748 3652 1104 3706 convellere?
1151 3654 1369 3711 Securae
1411 3657 1527 3712 sint
1560 3660 1763 3713 anima:

160 3734 520 3804 singulorum
555 3756 567 3791 :
617 3755 728 3793 non
768 3740 875 3794 sibi
926 3742 1103 3813 ﬁngat
1139 3760 1284 3799 vana
1323 3746 1588 3817 cogitatio
1616 3765 1761 3804 vana

160 3822 519 3893 discrimina;
549 3843 661 3882 non
689 3828 891 3901 aliquis
918 3831 1119 3888 timeat
1146 3850 1181 3888 a
1223 3833 1445 3890 diabolo
1474 3836 1758 3893 sublatum

159 3913 232 3966 ad
255 3915 567 3986 praecipitia
583 3933 643 3972 se
660 3935 823 3989 posse
847 3921 1069 3975 deferri.
1094 3923 1345 3979 Pellatur
1371 3925 1553 3980 omnis
1573 3928 1760 3981 anxie-

158 4010 273 4069 tas;
299 4006 576 4061 Dominus
604 4009 771 4075 enim,
795 4011 890 4082 qui
916 4017 1136 4068 nostros
1158 4017 1460 4085 prostravit
1479 4017 1754 4082 inimicos,

159 4111 417 4161 manens,
452 4103 515 4150 ut
543 4098 815 4168 promisit,
857 4100 916 4155 in
953 4102 1114 4157 nobis
1149 4105 1327 4170 (Joan.
1361 4108 1491 4177 XIV),
1525 4124 1560 4161 a
1591 4109 1757 4163 variis

156 4202 261 4239 nos
313 4186 537 4241 Satanae
584 4188 824 4244 munivit
853 4190 1189 4246 incursibus.
1220 4194 1302 4248 En
1332 4194 1449 4267 ipse
1478 4196 1749 4264 diabolus,

156 4274 255 4345 qui
284 4275 611 4346 hujusmodi
662 4295 787 4332 cum
833 4280 949 4334 suis
992 4282 1329 4337 satellitibus
1359 4291 1578 4340 exercet
1605 4293 1756 4342 astu-

156 4364 283 4430 tias,
312 4365 453 4420 nihil
481 4382 541 4420 se
571 4384 731 4438 posse
759 4374 956 4423 contra
981 4370 1329 4441 Christianos
1356 4373 1582 4429 fatetur.

1849 3306 2180 3360 charitatem
2194 3311 2449 3360 mutuam
2469 3306 2938 3361 etmisericordias
2960 3307 3344 3377 indigentibus
3357 3325 3449 3363 ex-

1848 3394 2254 3465 hibendasjugi
2270 3395 2456 3449 studio
2482 3395 2822 3460 laborarent,
2843 3395 2940 3466 qui
2962 3396 3243 3451 inﬁnitam
3260 3398 3445 3468 regio-

1847 3501 1976 3539 nem
2010 3484 2332 3555 quamdam,
2362 3488 2420 3538 et
2447 3484 2717 3555 Oppidum
2748 3501 2783 3538 a
2815 3484 3104 3539 mundana
3147 3501 3443 3543 conversa-

1844 3574 1999 3628 tione
2019 3574 2355 3644 sejunctum,
2372 3574 2601 3645 plenum
2617 3573 2842 3644 pietatis
2863 3579 2921 3627 et
2938 3574 3173 3644 justitiaa
3183 3575 3447 3632 videban-

1844 3668 1938 3717 tur
1964 3664 2226 3717 incolere.
2253 3663 2389 3727 Quis
2411 3668 2633 3717 tantum
2654 3663 3061 3718 monachorum
3074 3680 3279 3735 agmen
3299 3665 3446 3738 aspi-

1843 3752 2016 3815 ciens.
2037 3752 2163 3823 quis
2187 3751 2407 3806 virilem
2436 3752 2598 3806 illum
2626 3752 2935 3807 concordiae
2960 3757 3164 3807 coetum
3182 3769 3437 3821 cernens,

1841 3841 1899 3896 in
1921 3858 2031 3913 quo
2045 3841 2233 3895 nullus
2258 3857 2482 3907 nocens,
2507 3840 2664 3899 nulla
2682 3840 2956 3896 detractio
2974 3843 3315 3909 susurronis,
3339 3845 3440 3899 sed

1839 3929 2144 3984 multitudo
2165 3928 2571 3984 abstinentium
2588 3935 2645 3984 et
2654 3935 2941 3984 certamen
2961 3929 3273 3985 ofﬁciorum
3292 3938 3434 4000 erat,

1839 4036 1953 4073 non
1984 4018 2038 4072 in
2063 4019 2206 4072 hanc
2231 4019 2426 4073 statim
2453 4025 2777 4090 erumperet
2803 4036 2995 4073 vocem
3020 4037 3032 4073 :
3066 4019 3248 4084 Quam
3277 4020 3437 4077 bona:

1839 4108 2038 4162 domus
2056 4114 2186 4174 tuae,
2214 4107 2409 4162 Jacob!
2438 4107 2928 4175 tabernaculatua,
2953 4109 3436 4182 Israel,tanquam

1838 4214 2072 4252 nemora
2095 4197 2510 4263 obumbrantia,
2531 4203 2804 4269 tanquam
2830 4198 3124 4269 paradisus
3140 4216 3314 4270 super
3335 4202 3439 4256 ﬁu-

1841 4287 1974 4353 vios,
1997 4291 2269 4358 tanquam
2298 4287 2660 4342 tabernacula
2682 4304 2805 4358 qua:
2821 4288 2931 4341 ﬁxa
2957 4292 3093 4342 sunt
3113 4304 3149 4342 a
3174 4288 3434 4356 Domino,

1838 4381 2108 4447 tanquam
2133 4376 2285 4430 cedri
2316 4376 2462 4430 circa
2491 4393 2666 4448 aquas
2697 4377 2887 4445 (Num.
2922 4378 3110 4447 xxtv)!

227 4455 355 4508 Jam
377 4472 524 4511 cura:
554 4456 1005 4514 Christianorum
1043 4464 1099 4515 et
1126 4463 1530 4518 monachorum
1571 4463 1645 4520 sit
1681 4482 1752 4521 ne
1774 4501 1821 4559 Β
1908 4465 2037 4520 CAP.
2070 4466 2243 4520 XXII.
2296 4498 2329 4505 --
2370 4466 2519 4519 Dum
2568 4466 2685 4519 haec
2720 4465 2801 4520 ita
2817 4472 3113 4559 geruntur,
3141 4465 3346 4559 quibus
3374 4469 3434 4522 in

156 4560 260 4615 per
283 4561 483 4599 eorum
514 4545 776 4601 inertiam
822 4548 967 4603 vires
995 4548 1341 4605 damonibus
1370 4553 1751 4624 praebeantur.

157 4633 305 4687 Nam
335 4634 531 4705 quales
561 4652 661 4689 nos
690 4641 752 4690 et
774 4642 994 4692 nostras
1024 4640 1340 4710 repererint
1360 4642 1749 4712 cogitationes,

156 4722 301 4776 tales
332 4739 394 4777 se
420 4722 581 4777 nobis
606 4731 873 4795 praestare
900 4734 1327 4783 consueverunt.
1352 4731 1421 4784 Et
1449 4731 1495 4785 si
1527 4732 1675 4802 quod
1694 4732 1755 4787 in

156 4811 481 4883 pectoribus
497 4814 658 4869 malae
674 4816 877 4870 mentis
893 4823 950 4870 et
970 4818 1191 4888 pavoris
1206 4835 1397 4874 semen
1412 4820 1748 4889 invenerint,

154 4902 315 4972 quasi
366 4902 630 4967 latrones,
665 4904 760 4974 qui
806 4905 1029 4960 deserta
1058 4905 1315 4962 obtinent
1358 4909 1498 4976 loca,
1543 4917 1754 4981 caeptos

152 4992 449 5046 cumulant
475 4993 729 5060 timores,
759 5000 817 5049 et
843 4996 1145 5050 crudeliter
1172 4997 1550 5066 imminentes,
1575 4999 1755 5055 infeli-

154 5098 275 5135 cem
289 5080 533 5153 puniunt
545 5082 813 5137 animam.
832 5090 891 5150 ιι
902 5091 951 5149 τ
978 5085 1037 5140 Si
1048 5091 1238 5141 autem
1253 5087 1466 5143 alacres
1478 5089 1751 5144 fuerimus

156 5170 211 5225 in
240 5171 503 5239 Domino,
537 5177 595 5227 et
626 5173 939 5229 futurorum
971 5174 1247 5231 bonorum
1269 5177 1471 5248 cupido
1493 5194 1595 5233 nos
1623 5195 1752 5233 suc-

152 5261 435 5329 cenderit;
466 5262 515 5314 si
552 5278 776 5333 semper
802 5264 993 5318 omnia
1013 5265 1273 5320 manibus
1302 5266 1403 5320 Dei
1432 5268 1753 5322 committa-

155 5366 300 5415 mus,
347 5350 538 5405 nullus
587 5351 905 5407 daemonum
952 5354 1023 5408 ad
1069 5356 1503 5427 expugnandum
1546 5356 1755 5411 valebit

156 5439 452 5507 accedere;
486 5440 666 5511 magis
681 5442 849 5507 enim,
874 5459 1002 5497 cum
1020 5444 1239 5498 munita
1256 5445 1314 5499 in
1342 5445 1564 5500 Christo
1585 5446 1754 5501 corda

155 5528 564 5599 conspexerint.
596 5529 811 5584 confusi
841 5537 1214 5589 revertentur.
1237 5535 1323 5588 Ita
1351 5539 1409 5588 et
1435 5534 1538 5589 Job
1565 5536 1751 5589 ﬁrma-

156 5624 274 5672 tum
302 5619 360 5673 in
405 5619 647 5673 Domino
666 5618 921 5675 diabolus
946 5621 1154 5692 refugit
1177 5641 1189 5690 ;
1223 5629 1280 5678 et
1306 5623 1752 5679 infelicissimum

159 5707 353 5780 ludam
403 5709 776 5780 exspoliatum
826 5710 952 5777 ﬁde,
1001 5712 1235 5770 vinculis
1276 5713 1615 5789 captivitatis
1664 5714 1752 5769 in-

1837 4555 1960 4609 dies
1988 4554 2166 4609 beatae
2202 4555 2327 4609 vita:
2348 4556 2599 4623 studium
2627 4561 2919 4620 cresceret,
2958 4555 3241 4610 Antonius
3269 4573 3433 4611 man-

1836 4644 2059 4698 sionum
2107 4644 2167 4697 in
2216 4645 2353 4698 cmlo
2413 4645 2724 4714 positarum
2790 4644 3108 4711 recordans,
3180 4650 3239 4699 et
3289 4662 3434 4717 pras-

1837 4732 2011 4787 sentis
2031 4733 2156 4787 vitae
2172 4732 2483 4803 despiciens
2502 4732 2856 4799 inanitatem,
2881 4733 3041 4803 quasi
3062 4750 3233 4804 parva
3249 4740 3439 4789 essent

1838 4838 2204 4894 quaecumque
2224 4823 2344 4891 jam
2370 4827 2642 4891 gesserat,
2675 4827 2969 4893 separatus
2997 4840 3033 4877 a
3058 4823 3327 4879 fratribus
3354 4824 3437 4885 in-

1835 4911 2193 4966 stituebatur.
2226 4912 2479 4982 Cumque
2510 4927 2638 4965 eum
2671 4911 2787 4966 sive
2815 4911 3003 4966 cibum
3027 4913 3143 4968 sive
3174 4931 3433 4969 somnum

1835 5001 2127 5072 indulgere
2149 5000 2496 5073 corpusculo,
2518 5006 2616 5055 aut
2646 5000 2787 5055 alias
2807 5005 3023 5056 natura;
3051 5003 3435 5070 necessitates,

1834 5095 2062 5160 cogeret
2088 5089 2337 5144 humana
2364 5088 2629 5156 conditio,
2658 5088 2800 5144 miro
2828 5089 3181 5146 afﬁciebatur
3199 5092 3432 5162 pudore,

1837 5179 1986 5250 quod
2015 5184 2233 5233 tantam
2263 5178 2465 5233 animae
2508 5178 2826 5233 libertatem
2851 5179 3056 5234 modici
3091 5180 3277 5235 carnis
3318 5185 3434 5234 ter-

1838 5268 1975 5322 mini
1996 5273 2336 5323 coercerent.
2374 5268 2521 5322 Nam
2552 5268 2876 5339 frequenter
2903 5285 3030 5323 cum
3059 5267 3325 5323 fratribus
3352 5283 3436 5323 se-

1836 5358 1992 5422 dens,
2025 5374 2057 5413 a
2091 5357 2214 5413 ClbO
2260 5358 2350 5412 cui
2400 5357 2587 5413 fuerat
2623 5357 2930 5430 appositus,
2976 5356 3248 5412 memoria
3294 5373 3432 5412 esca

1836 5447 2164 5518 spiritualis,
2219 5447 2667 5502 abstrahebatur.
2723 5447 2936 5501 Edebat
2987 5450 3197 5513 tamen,
3240 5451 3436 5517 utpote

1835 5537 2024 5602 homo,
2053 5554 2198 5608 saepe
2227 5537 2397 5599 solus,
2430 5554 2576 5607 saepe
2609 5553 2737 5590 cum
2766 5533 3051 5589 fratribus.
3077 5536 3147 5590 Et
3165 5551 3294 5589 cum
3319 5536 3437 5592 haec

1836 5624 1981 5679 mira
1996 5627 2083 5692 (ut
2098 5624 2343 5696 praedixi)
2370 5630 2580 5695 ageret,
2612 5640 2740 5677 cum
2769 5622 3096 5677 confusione
3119 5622 3323 5680 animae
3344 5625 3439 5680 ad-

1836 5713 2138 5775 hibendam
2170 5730 2509 5791 magnopere
2529 5712 2748 5784 corpori
2769 5712 3122 5784 diligentiam
3138 5716 3439 5787 persuade-
