3958 6446
500 426 612 485 147

1521 420 1620 475 DE
1657 419 1845 476 VITIS
1884 419 2180 476 PATRUM
2217 419 2432 474 LIBER
2468 417 2755 474 PRIMUS.

3684 409 3778 466 148

511 553 609 608 bat
635 551 842 615 dicens,
875 565 977 602 nec
1005 563 1206 618 corpus
1237 563 1358 600 esse
1387 547 1611 618 penitus
1639 547 2005 611 enecandum,
2033 562 2104 599 ne
2119 545 2512 616 Aprzepositus
2535 543 2662 608 (59),
2687 543 2852 610 cujus
2871 541 2984 594 ﬁlia
3004 541 3281 594 immundi
3305 541 3539 612 spiritus
3556 536 3778 592 infesta-

507 640 760 712 operatio
781 642 976 692 contra
1002 636 1348 690 voluntatem
1371 637 1651 690 Creatoris
1671 637 2098 696 dissolveretur;

511 736 573 783 et
599 746 701 782 nec
730 726 800 780 ob
824 727 880 780 id
905 742 1072 779 omne
1093 725 1340 778 studium
1363 725 1563 778 animae
1587 725 2006 788 conferendum,
2031 741 2101 777 ne

507 817 656 872 vitiis
685 820 952 886 superata
979 815 1281 885 corporeis,
1334 815 1403 868 ad
1445 820 1682 868 aeternas
1711 813 1914 867 inferni
1943 820 2102 867 tene—

507 905 638 960 bras
666 905 1028 971 truderetur;
1078 903 1330 974 quinimo
1377 903 1660 956 indultum
1690 902 1795 955 sibi
1841 903 1900 956 in
1935 919 2104 956 carne

507 994 809 1066 imperium
829 993 1137 1059 vindicans,
1157 992 1504 1046 domicilium
1529 1008 1712 1056 suum,
1737 997 1802 1046 ut
1819 992 2104 1061 apostolus

509 1084 718 1138 Paulus
743 1085 822 1151 (II
846 1083 967 1136 Cor.
1001 1083 1124 1151 XII],
1157 1081 1228 1134 ad
1256 1081 1488 1134 tertium
1527 1081 1728 1133 cmlum
1767 1080 2100 1133 sublevaret.

511 1171 924 1241 Asserebatque
973 1171 1076 1223 hoc
1105 1187 1139 1223 a
1185 1169 1474 1223 Salvatore
1515 1175 1873 1240 praeceptum,
1907 1169 1963 1222 in
1995 1185 2102 1238 quo

512 1262 596 1314 ait
626 1279 637 1312 :
673 1260 859 1314 Nolite
899 1257 1121 1312 solliciti
1152 1275 1272 1311 esse
1302 1258 1504 1314 animae
1541 1263 1736 1310 vestrae
1765 1258 1896 1327 quid
1943 1274 2104 1310 man-

513 1349 729 1402 ducetis
758 1354 857 1402 aut
884 1347 1017 1418 quid
1047 1345 1269 1406 bibatis.
1302 1363 1403 1399 nec
1427 1347 1644 1416 corpori
1677 1347 1810 1416 quid
1831 1345 2107 1398 vestiami-

514 1439 593 1504 ni,
627 1437 759 1508 quia
784 1437 902 1491 haec
945 1443 1142 1506 gentes
1171 1443 1463 1506 quaerunt;
1505 1443 1688 1489 vester
1716 1442 1904 1490 autem
1941 1435 2108 1488 Pater

515 1527 668 1581 novit
697 1525 843 1596 quod
900 1525 1164 1594 indigetis
1211 1525 1297 1577 his
1345 1527 1622 1577 omnibus.
1683 1525 1923 1587 Quaerite
1969 1541 2102 1593 ergo

513 1616 759 1688 primum
787 1631 1022 1684 regnum
1064 1614 1164 1668 Dei
1193 1621 1250 1667 et
1273 1614 1550 1683 justitiam
1584 1616 1722 1682 ejus,
1759 1619 1816 1667 et
1846 1616 1959 1667 haec
1989 1630 2105 1666 om-

520 1705 618 1760 nia
637 1704 976 1774 adjicientur
1003 1702 1155 1756 vobis
1190 1704 1397 1758 (Matth.
1433 1706 1530 1764 vi).

2184 639 2430 692 tionibus
2452 637 2826 707 quatiebatur.
2850 635 3076 705 pulsans
3105 635 3312 688 ostium
3343 632 3690 696 obsecrabat,
3721 638 3780 683 ut

2185 745 2286 782 suo
2319 727 2536 798 pignori
2577 725 2914 787 subveniret,
2949 731 3007 777 et
3035 723 3242 788 exiens,
3293 723 3475 776 Deum
3523 737 3626 792 pro
3669 721 3778 774 ﬁlia

2185 824 2526 888 precaretur.
2555 815 2698 868 Tum
2719 814 2811 866 ille
2832 813 3049 883 aperire
3066 812 3293 882 quidem
3313 811 3548 866 minime
3564 809 3738 864 voluit
3761 827 3770 860 :

2189 906 2528 977 prospiciens
2559 921 2688 956 vero
2717 903 2980 972 desuper,
3001 902 3083 955 ait
3107 919 3118 954 :
3146 901 3192 955 Ο
3216 901 3408 967 homo,
3436 899 3573 970 quid
3592 915 3776 953 meum

2187 995 2367 1066 poscis
2397 994 2665 1047 auxilium
2683 993 2706 1044 ’ἶ
2739 992 2994 1044 mortalis
3015 996 3069 1044 et
3091 1007 3195 1060 ego
3215 1006 3363 1054 sum,
3386 995 3443 1042 et
3463 994 3577 1042 tua:
3599 987 3777 1042 socius

2187 1083 2502 1152 fragilitatis
2526 1101 2538 1134 :
2572 1083 2616 1136 si
2639 1089 2827 1134 autem
2851 1081 3029 1133 credis
3049 1079 3108 1133 in
3141 1079 3448 1143 Christum,
3472 1077 3563 1132 cui
3587 1077 3779 1130 deser-

2187 1174 2293 1234 vio,
2331 1173 2485 1224 vade.
2523 1181 2577 1222 et
2615 1171 2924 1224 secundum
2961 1169 3128 1222 ﬁdem
3166 1174 3324 1222 tuam
3363 1183 3464 1220 ora
3491 1167 3693 1224 Deum.
3725 1170 3780 1218 et

2187 1261 2481 1314 sanabitur
2511 1260 2623 1312 ﬁlia
2654 1267 2769 1312 tua.
2799 1257 3105 1311 Confestim
3136 1257 3229 1310 ille
3258 1257 3493 1309 credens
3521 1254 3696 1320 abiit;
3726 1260 3779 1307 et

2189 1351 2440 1402 invocato
2487 1350 2636 1410 Jesu,
2672 1349 2844 1400 ﬁliam
2882 1347 3104 1400 reduxit
3135 1345 3491 1398 incolumem.
3524 1343 3704 1397 Multa
3727 1351 3779 1396 et

2189 1439 2299 1491 alia
2331 1437 2606 1490 mirabilia
2635 1453 2733 1506 per
2775 1437 2932 1488 illum
2983 1434 3252 1488 Dominus
3293 1438 3556 1504 operatus
3593 1438 3699 1496 est,
3730 1440 3783 1486 et

2192 1529 2427 1591 merito;
2459 1527 2551 1595 qui
2583 1527 2731 1578 enim
2770 1525 3027 1593 promisit
3053 1523 3110 1576 in
3145 1521 3461 1589 Evangelia,
3497 1519 3699 1581 Pctite.
3730 1527 3786 1572 et

2189 1616 2412 1668 dabitur
2442 1616 2595 1668 vobis
2618 1615 2830 1674 (Malm.
2866 1625 2982 1678 vn),
3016 1613 3238 1665 invento
3259 1611 3352 1680 qui
3393 1611 3514 1679 ejus
3539 1609 3784 1677 gratiam

2190 1712 2502 1758 mereretur
2535 1704 2803 1773 accipere,
2855 1718 3015 1754 suam
3054 1699 3360 1771 potentiam
3391 1714 3504 1752 non
3535 1697 3781 1766 negavit.

585 1777 718 1849 ΟᾸΡ.
744 1793 946 1846 XXIII.
972 1821 1031 1830 -—-
1055 1792 1154 1845 His
1177 1791 1342 1844 rebus
1359 1792 1674 1855 transactis,
1699 1808 1825 1844 cum
1857 1808 2113 1862 persecu-
2130 1785 2175 1843 Β
2191 1795 2330 1846 Nam
2347 1795 2533 1863 plures
2545 1797 2804 1845 vexatoru
2813 1808 2865 1842 m
2878 1796 3007 1842 ante
3023 1788 3425 1842 monasterium
3438 1788 3582 1856 ejus,
3597 1786 3787 1838 clauso

513 1883 594 1936 tio
613 1881 947 1952 impiissima
965 1880 1288 1934 Maximiani
1303 1879 1411 1947 (5i:
1442 1880 1628 1933 furore
1643 1896 1841 1933 vesano
1863 1886 2108 1933 vastaret

519 1970 839 2036 Ecclesiam,
865 1969 1072 2023 sanctis
1098 1985 1318 2039 quoque
1350 1968 1690 2040 martyribus
1713 1969 2107 2022 Alexandriam

514 2058 816 2130 perductis,
847 2058 1040 2111 relicto
1069 2063 1126 2110 et
1150 2058 1269 2126 ipse
1298 2057 1638 2111 monasterio
1669 2063 1892 2110 secutus
1917 2062 2004 2110 est
2027 2057 2108 2110 fu-

511 2153 672 2202 turas
692 2146 901 2201 Christi
923 2145 1197 2208 victimas,
1225 2145 1448 2199 dicens:
1476 2145 1784 2214 Pergamus
1812 2146 1882 2198 ad
1907 2146 2108 2214 glorio-

513 2242 616 2292 sos”
640 2237 882 2290 fratrum
910 2235 1242 2305 triumphos,
1277 2239 1376 2288 aut
1402 2233 1508 2304 ipsi
1535 2234 1982 2301 congrediamur,
2013 2240 2111 2288 aut

513 2330 830 2397 spectemus
859 2325 999 2378 alios
1030 2325 1366 2396 praeliantes.
1393 2325 1472 2388 ,Et
1500 2340 1690 2376 amore
1725 2323 1949 2393 quidem
1987 2324 2104 2393 jam

514 2419 735 2486 martyr
762 2419 902 2479 erat,
938 2414 1034 2467 sed
1065 2430 1192 2466 cum
1215 2413 1439 2466 tradere
1468 2431 1527 2466 se
1557 2414 1706 2466 ultro
1737 2429 1848 2466 non
1877 2413 2103 2474 valeret,

515 2507 573 2556 et
596 2501 796 2556 sociari
825 2501 1232 2555 confessoribus
1261 2501 1317 2554 in
1341 2501 1579 2554 metallis
1601 2501 1686 2554 vel
1712 2501 1769 2554 in
1791 2500 2107 2554 carceribus

514 2591 854 2657 constitutis,
877 2607 1082 2660 magna
1109 2607 1234 2644 cum
1266 2589 1524 2643 libertate
1545 2596 1602 2642 et
1629 2607 1764 2644 cura
1791 2591 2109 2659 ingrediens

523 2680 590 2735 ad
605 2679 872 2750 judicem,
899 2679 1318 2738 exhortabatur,
1344 2695 1412 2730 ne
1441 2684 1657 2732 terrore
1674 2679 1971 2748 impiorum
1985 2679 2111 2732 sub-

519 2769 648 2833 acti,
663 2768 963 2823 Dominum
978 2771 1264 2836 negarent.
1280 2768 1516 2836 Jamque
1528 2767 1807 2820 sententia
1818 2773 2110 2820 coronatos

520 2857 822 2922 exsultans,
839 2856 999 2926 quasi
1027 2856 1146 2926 ipse
1159 2855 1399 2913 vicisset.
1429 2872 1604 2924 usque
1625 2856 1694 2908 ad
1724 2856 1904 2908 locum
1940 2857 2110 2909 felicis

519 2945 812 3016 sanguinis
827 2945 1287 3016 prosequebatur.
1311 2944 1686 3008 Quamobrem
1719 2950 1903 2997 motus
1917 2945 2105 3014 judex,

523 3035 592 3089 ob
619 3034 850 3090 Antonii
869 3035 1258 3104 sociorumque
1287 3035 1410 3104 ejus
1439 3034 1830 3088 constantiam.
1853 3039 2112 3104 prmeepnt

520 3123 736 3178 nullum
755 3123 978 3198 penitus
991 3124 1387 3176 monachorum
1403 3129 1502 3176 aut
1516 3122 1808 3176 observare
1815 3123 2108 3191 judicium,

2194 1883 2444 1944 introitu,
2469 1882 2832 1936 dormientes.
2859 1878 3114 1932 ﬁdelibus
3129 1894 3228 1948 per
3254 1893 3384 1930 eum
3404 1876 3474 1928 ad
3499 1875 3788 1928 Christum

2191 1971 2447 2042 precibus
2468 1970 2830 2023 curabuntur.
2857 1970 2985 2022 Haec
3005 1968 3086 2020 illi
3107 1965 3408 2019 multitudo
3422 1963 3786 2025 venientium,

2190 2061 2565 2112 desideratam
2596 2057 2954 2111 solitudinem
2985 2056 3262 2116 auferens,
3297 2054 3462 2107 taedio
3491 2053 3617 2107 fuit.

2267 2151 2512 2202 Metuens
2534 2149 2721 2217 itaque
2744 2163 2812 2199 ne
2835 2146 3121 2214 signorum
3145 2144 3367 2214 copiosa
3384 2141 3671 2196 concessio
3692 2147 3792 2196 aut

2192 2254 2322 2290 suos
2353 2238 2569 2289 animos
2599 2237 2905 2299 extolleret,
2946 2241 3046 2287 aut
3093 2233 3230 2286 alios
3275 2233 3400 2302 plus
3429 2231 3498 2285 de
3528 2248 3588 2284 se
3617 2246 3793 2300 quam

2193 2327 2448 2380 videbant
2479 2326 2532 2378 in
2577 2327 2696 2395 ipso
2725 2330 2948 2391 cogeret
2991 2323 3288 2384 aestimare,
3331 2320 3402 2374 ad
3439 2319 3793 2390 superiorem

2189 2415 2528 2470 Thebaidem
2557 2430 2788 2484 pergere
2816 2413 3098 2479 cogitavit,
3123 2410 3218 2464 ubi
3240 2409 3426 2464 nullus
3457 2425 3586 2463 eum
3620 2425 3795 2477 agno-

2191 2511 2386 2558 sceret.
2413 2505 2477 2558 Et
2501 2521 2532 2556 a
2558 2503 2823 2556 fratribus
2837 2501 3074 2571 acceptis
3097 2497 3599 2570 panibus,sedebat
3617 2515 3796 2568 super

2195 2594 2438 2647 fluminis
2467 2593 2664 2663 ripam,
2699 2591 2996 2645 transitum
3019 2589 3172 2643 navis
3191 2588 3510 2642 observans.
3532 2587 3635 2642 Illo
3655 2587 3798 2643 talia

2191 2684 2490 2751 cogitante.
2523 2699 2626 2734 vox
2680 2682 2749 2733 ad
2789 2697 2916 2733 eum
2952 2680 3192 2748 desuper
3223 2677 3368 2731 facta
3411 2681 3515 2739 est,
3551 2675 3748 2730 dicens
3779 2695 3790 2727 :

2194 2772 2420 2828 Antoni.
2437 2789 2546 2841 quo
2573 2771 2777 2840 pergis.
2803 2776 2859 2822 et
2878 2768 3086 2838 quare?
3106 2770 3180 2821 At
3203 2765 3604 2835 illeintrepide,
3626 2765 3797 2835 quasi

2193 2867 2518 2913 consuetam
2548 2877 2736 2912 vocem
2779 2857 3059 2927 loquentis
3088 2861 3415 2924 agnosceret
3446 2854 3746 2923 respondit
3781 2874 3794 2905 :

2193 2950 2469 3012 Quoniam
2499 2966 2610 3001 non
2623 2948 2808 3000 sinuni
2838 2964 2924 3000 me
2942 2946 3226 3016 quiescere
3244 2943 3450 3013 populi,
3482 2943 3694 2998 idcirco
3721 2943 3800 2996 ad

2194 3038 2537 3108 superiorem
2553 3037 2892 3090 Thebaidem
2909 3035 2988 3088 ire
3001 3035 3274 3104 optimum
3295 3033 3426 3086 duxi
3445 3050 3456 3092 ;
3483 3032 3798 3101 praecipue,

2195 3127 2325 3196 quia
2357 3143 2421 3179 ea
2453 3127 2646 3194 exigar
2681 3143 2802 3194 quae
2843 3125 3104 3176 virtutem
3135 3138 3271 3176 meae
3302 3121 3802 3192 pusillanimitatis

517 3218 618 3267 aut
655 3212 713 3266 in
743 3211 967 3266 civitate
998 3211 1224 3264 versari.
1260 3213 1327 3265 Et
1350 3211 1563 3265 caeteris
1595 3211 1820 3281 quidem
1850 3212 2172 3279 omnibusC,
2194 3217 2484 3269 excedunt.
2519 3216 2588 3268 Et
2617 3231 2715 3267 vox
2754 3214 2822 3266 ad
2871 3214 3030 3266 illum
3061 3212 3140 3264 ait
3173 3229 3185 3264 :
3219 3211 3276 3264 Si
3326 3211 3392 3264 ad
3443 3209 3803 3266 Thebaidem

518 3303 576 3356 in
597 3301 696 3356 illa
708 3301 800 3356 die
818 3303 874 3372 pl
885 3301 1038 3354 acuit
1051 3299 1314 3354 abscondi
1333 3320 1344 3366 ;
1379 3301 1653 3354 Antonius
1671 3308 1862 3354 autem
1882 3301 1956 3354 im
1964 3301 2112 3370 pavi-

518 3391 642 3456 dus,
675 3391 931 3460 neglecto
961 3390 1334 3460 persecutoris
1364 3389 1614 3460 imperio,
1644 3389 1778 3442 lavit
1796 3390 2111 3460 ependyten

521 3494 688 3533 suum
719 3478 850 3546 (55).
882 3479 949 3532 Et
979 3478 1090 3532 alia
1133 3478 1242 3542 die,
1295 3484 1451 3532 stans
1488 3478 1546 3531 in
1577 3479 1819 3548 quodam
1843 3478 2110 3532 eminenti

516 3568 658 3633 loco,
687 3573 812 3632 48
831 3567 1105 3620 candente
1133 3567 1462 3636 praecinctus
1485 3573 1636 3620 veste
1664 3567 1795 3635 (56),
1812 3568 2113 3637 proceden-

517 3663 633 3711 tem
658 3657 907 3727 judicem
937 3673 1038 3710 suo
1062 3655 1398 3726 provocabat
1425 3663 1673 3726 aspectu,
1695 3659 1940 3726 ﬂagrans
1961 3657 2110 3726 cupi-

517 3747 691 3800 ditate
713 3745 996 3816 martyrii:
1017 3745 1461 3815 ostendebatque
1473 3745 1650 3809 nobis,
1669 3752 2107 3816 contemptorem

516 3851 808 3907 poenarum
829 3839 886 3889 et
914 3834 1113 3887 mortis
1141 3834 1200 3887 in
1225 3834 1561 3888 Christianis
1585 3835 1834 3888 animum
1863 3852 2112 3904 perseve-

517 3941 645 3979 rare
663 3923 888 3988 debere,
910 3923 1210 3988 intantum,
1229 3928 1295 3976 ut
1313 3923 1743 3976 contristaretur
1759 3923 1892 3993 quia
1905 3923 2109 3976 volenti

516 4013 635 4084 pati
672 4028 774 4084 pro
803 4011 903 4066 Dei
943 4012 1170 4065 nomine
1200 4011 1534 4082 martyrium
1565 4028 1678 4064 non
1708 4011 1965 4064 dabatur.
2001 4012 2106 4065 Sed

515 4101 792 4155 Dominus
811 4100 907 4170 qui
923 4116 1024 4154 suo
1038 4099 1195 4169 gregi
1217 4099 1496 4169 parcebat,
1519 4100 1851 4168 magistrum
1873 4101 2111 4154 servavit

517 4187 846 4251 Antonium,
874 4193 938 4241 ut
972 4187 1298 4241 institutum
1335 4187 1513 4253 (sicuti
1544 4188 1749 4241 factum
1777 4193 1880 4254 est)
1913 4206 2107 4243 mona-

518 4278 753 4331 chorum
775 4292 886 4330 non
900 4277 1080 4330 solum
1107 4277 1358 4330 oratione
1371 4278 1512 4346 ejus,
1531 4277 1626 4330 sed
1649 4283 1705 4330 et
1722 4279 2108 4347 conspectibus

517 4368 860 4420 firmaretur.
888 4366 1210 4434 Numquam
1232 4373 1421 4419 tamen
1438 4383 1470 4418 a
1485 4373 1804 4420 sanctorum
1834 4367 2110 4422 confesso-

517 4471 646 4510 rum
667 4453 916 4524 vestigiis
952 4460 1246 4524 separatus
1293 4460 1395 4518 est,
1441 4455 1595 4525 quin,
1642 4455 1808 4509 anxia
1837 4457 1983 4510 circa
2015 4473 2108 4512 eos

2193 3305 2382 3363 vadas.
2414 3311 2470 3357 et
2498 3305 2567 3357 ad
2597 3302 2899 3372 pastoralia
2916 3299 3047 3370 (60),
3084 3307 3147 3354 ut
3171 3300 3402 3368 cogitas,
3435 3314 3656 3369 pergas,
3676 3315 3808 3352 ma-

2189 3396 2371 3463 jorem
2420 3409 2483 3445 ac
2523 3392 2798 3462 duplicem
2830 3390 3132 3444 sustinebis
3190 3387 3459 3442 laborem.
3493 3387 3552 3442 Si
3594 3394 3808 3442 autem

2195 3499 2321 3536 vere
2353 3483 2638 3553 quiescere
2662 3481 2839 3550 cupis.
2881 3479 3018 3533 vade
3049 3494 3197 3532 nunc
3227 3477 3298 3532 ad
3327 3476 3564 3532 interius
3591 3475 3808 3530 deser-

2193 3578 2331 3625 tum.
2369 3573 2622 3640 Cumque
2652 3569 2928 3623 Antonius
2957 3568 3204 3622 diceret:
3247 3565 3382 3629 Quis
3425 3563 3565 3620 mihi
3599 3563 3812 3619 locum

2193 3661 2376 3713 avium
2390 3659 2596 3730 poterit
2615 3659 2930 3716 ostendere.
2953 3657 3184 3724 ignarus
3195 3655 3344 3709 enim
3368 3670 3493 3708 sum
3506 3653 3814 3708 locorum?

2193 3749 2484 3802 confestim
2512 3755 2568 3801 et
2583 3748 2676 3818 qui
2707 3747 3040 3817 loquebatur
3060 3741 3667 3807 Saracenosindicavit,
3697 3745 3815 3812 qui

2196 3838 2476 3891 mercandi
2505 3838 2690 3906 gratia
2718 3836 2786 3890 ad
2810 3837 3111 3905 zEgyptum
3141 3833 3331 3887 venire
3358 3839 3813 3887 consueverant.

2195 3927 2293 3980 llis
2321 3927 2776 3996 appropinquans
2805 3924 3100 3986 Antonius,
3140 3914 3353 3991 rogavit
3385 3925 3447 3974 ut
3484 3937 3542 3974 se
3574 3921 3820 3990 pariter

2193 4016 2534 4069 abducerent
2575 4015 2631 4068 in
2682 4015 2962 4068 desertum
3026 4013 3224 4067 Nullus
3272 4010 3500 4064 obnisus
3547 4015 3656 4073 est,
3692 4012 3818 4065 sed

2191 4116 2459 4174 tanquam
2494 4122 2527 4158 a
2553 4106 2668 4157 Deo
2690 4104 2920 4157 missum
2948 4102 3208 4155 comitem
3240 4099 3624 4169 suscipientes,
3661 4117 3820 4153 am-

2191 4193 2340 4264 plexi
2370 4199 2503 4247 sunt
2530 4195 2652 4262 ejus
2681 4193 3030 4248 societatem.

2260 4283 2462 4338 Tribus
2484 4289 2671 4336 autem
2697 4281 2893 4335 diebus
2917 4287 2972 4334 et
3001 4279 3256 4335 noctibus
3280 4278 3481 4332 itinere
3511 4275 3818 4344 confecto,

2193 4372 2403 4426 invenit
2424 4378 2670 4425 montem
2686 4371 2742 4437 (6
2755 4370 2794 4438 l)
2818 4371 2974 4423 valde
2993 4369 3289 4432 excelsum,
3307 4367 3376 4420 ad
3397 4367 3558 4434 cujus
3571 4366 3826 4420 radices

2191 4463 2314 4514 fons
2335 4478 2492 4531 aqum
2515 4461 2690 4514 dulcis
2709 4458 3020 4522 labebatur,
3045 4465 3102 4512 et
3125 4472 3354 4526 campus
3379 4454 3528 4508 haud
3545 4471 3824 4524 magnus

516 4561 652 4599 cura
681 4549 738 4598 et
756 4543 1046 4598 charitatis
1063 4544 1296 4597 vinculis
1312 4544 1621 4613 colligatus.
1638 4546 1815 4616 magis
1827 4563 2108 4600 carcerem
2129 4540 2174 4596 D
2191 4555 2372 4602 totum
2396 4548 2647 4602 ambiens
2666 4546 3034 4615 montem,qui
3060 4544 3262 4615 palmis
3276 4541 3595 4613 perpaucis,
3621 4549 3682 4596 et
3702 4543 3828 4598 his

516 4633 837 4704 patiebatur
861 4633 1137 4686 exclusus.
1163 4633 1464 4703 Postquam
1483 4640 1671 4688 autem
1705 4636 2107 4705 persecutionis

513 4722 680 4776 turbo
720 4722 1050 4785 delituerat,
1083 4729 1140 4775 et
1195 4722 1358 4776 beato
1400 4723 1654 4794 episcopo
1681 4725 1846 4778 Petro
1887 4725 2006 4794 jam
2036 4724 2106 4778 ob

516 4811 774 4880 martyrii
799 4811 1038 4880 gloriam
1057 4818 1322 4866 coronato
1349 4811 1480 4880 (57),
1506 4813 1573 4865 ad
1601 4813 1899 4882 pristinum
1917 4830 2106 4867 mona-

513 4899 751 4953 sterium
772 4915 1078 4968 regressus,
1103 4901 1489 4970 quotidianum
1513 4903 1644 4954 ﬁdei
1665 4919 1730 4954 ac
1755 4902 2106 4956 conscientiae

512 4988 849 5060 martyrium
867 4987 1205 5053 merebatur,
1223 4990 1532 5044 acrioribus
1559 5008 1616 5043 se
1629 4990 1863 5060 jejuniis
1880 4991 2106 5060 vigiliis-

510 5091 619 5148 que
649 5077 948 5132 conﬁciens
971 5076 1100 5146 (58),
1136 5079 1470 5133 vestimento
1497 5079 1716 5132 cilicino
1745 5079 2100 5141 intrinsecus,

511 5165 752 5236 desuper
774 5166 994 5237 pellicio
1031 5167 1315 5231 utebatur,
1349 5184 1639 5239 nunquam
1671 5184 1870 5237 corpus
1891 5169 2100 5232 lavans,

510 5271 802 5326 nunquam
814 5255 1047 5326 pedibus
1066 5257 1257 5312 sordes
1274 5257 1524 5318 abluens,
1551 5256 1658 5310 nisi
1677 5273 1804 5309 cum
1821 5273 1922 5327 per
1933 5274 2107 5326 aquas

509 5345 752 5398 transire
765 5345 1065 5399 necessitas
1074 5345 1455 5415 compulisset.
1473 5345 1673 5398 Nullus
1685 5345 1924 5416 denique
1936 5349 2105 5401 Anto-

509 5433 592 5488 nii
601 5449 802 5504 corpus
811 5434 1350 5504 nudum,antequam
1363 5439 1943 5506 moreretur,unquam
1953 5437 2105 5489 vidit.

583 5523 714 5576 On.
749 5523 944 5576 XXIV.
976 5555 1029 5564 —-
1073 5523 1542 5586 Quodamautem
1573 5528 1845 5593 tempore,
1878 5542 2004 5578 cum
2034 5525 2104 5578 ab

514 5611 764 5665 omnium
797 5629 857 5665 se
906 5612 1204 5665 amovisset
1231 5611 1424 5673 oculis,
1462 5618 1516 5664 et
1547 5611 1734 5666 clauso
1763 5615 2102 5667 monasterio

511 5699 795 5754 neminem
840 5700 1068 5755 omnino
1090 5701 1415 5771 susciperet,
1447 5700 1815 5756 Martinianus
1860 5703 2102 5758 militum

2192 4639 2477 4705 neglectis,
2502 4637 2898 4691 consituserat.
2925 4636 3086 4690 Hunc
3106 4633 3382 4687 Antonius
3401 4633 3604 4695 locum,
3626 4635 3828 4701 quasi

2189 4745 2225 4780 a
2253 4729 2367 4780 Deo
2413 4726 2517 4779 sibi
2560 4729 2872 4789 otlerretur,
2907 4724 3194 4794 amplexus
3237 4727 3340 4775 est.
3382 4722 3436 4776 Is
3466 4719 3618 4773 enim
3667 4731 3836 4776 erat.

2191 4833 2356 4887 quem
2383 4816 2486 4868 sibi
2516 4816 2586 4868 ad
2617 4813 2864 4868 fluminis
2883 4813 3064 4882 ripam
3097 4810 3310 4864 sedenti
3331 4809 3426 4880 qui
3451 4808 3836 4878 loquebatur

2189 4906 2529 4958 ostenderat.
2567 4905 2634 4958 Et
2663 4904 2842 4974 primo
2875 4903 3100 4972 quidem
3130 4900 3406 4970 accipiens
3427 4916 3461 4954 a
3484 4898 3838 4955 comitibus

2187 5011 2377 5063 panes,
2411 4995 2562 5048 solus
2591 4993 2864 5046 remansit
2892 4993 2948 5046 in
2980 4997 3190 5057 monte,
3215 4989 3369 5044 nullo
3399 4987 3508 5042 alio
3536 5004 3670 5041 cum
3703 5007 3840 5044 co-

2187 5083 2313 5135 dem
2329 5091 2711 5136 conversante.
2728 5082 2897 5145 Quasi
2911 5081 3193 5150 propriam
3205 5079 3354 5132 enim
3370 5078 3603 5132 domum
3617 5095 3845 5148 agno-

2188 5187 2364 5230 scens.
2388 5171 2628 5224 habebat
2647 5173 2830 5224 locum
2861 5171 3036 5224 illum.
3057 5168 3320 5224 Saraceni
3336 5183 3558 5238 quoque
3589 5168 3844 5224 viden-

2188 5265 2274 5312 tes
2304 5261 2426 5329 ejus
2454 5260 2735 5320 tiduciam,
2768 5264 2959 5328 optato
3008 5275 3106 5328 per
3135 5272 3265 5312 eum
3311 5256 3577 5313 transitu.
3614 5274 3847 5327 panos.

2188 5349 2368 5402 eidem
2385 5365 2510 5401 cum
2529 5349 2724 5402 laetitia
2743 5347 3068 5402 deferebant
3086 5365 3100 5414 ;
3122 5363 3334 5401 necnon
3355 5347 3704 5416 palmarum,
3733 5350 3794 5404 li
3809 5382 3847 5392 -

2187 5444 2277 5490 cet
2304 5437 2587 5500 mediocri,
2605 5443 2852 5491 attamen
2877 5437 3164 5507 aliquanto
3185 5436 3384 5490 solatio
3406 5435 3814 5493 refovebatur
3828 5485 3844 5496 .

2260 5529 2390 5579 ωλι».
2428 5526 2594 5582 XXV.
2624 5553 2685 5562 —
2716 5527 2922 5582 Exinde
2968 5543 3094 5580 cum
3141 5526 3363 5591 fratres,
3403 5525 3600 5593 agnito
3643 5526 3844 5590 loco,

2185 5620 2453 5684 tanquam
2477 5615 2545 5668 ad
2577 5623 2792 5685 patrem
2823 5615 2941 5680 ﬁlii,
2961 5616 3196 5670 sollicite
3208 5615 3479 5672 alimenta
3496 5619 3855 5673 transmit-

2185 5709 2388 5767 terent,
2416 5705 2608 5758 videns
2635 5707 2912 5760 Antomus
2943 5705 3091 5776 quod
3122 5703 3192 5758 ob
3227 5721 3395 5760 suum
3424 5703 3852 5774 refrigerium
