  <div class='ocr_page' id='page_1' title='image "/cluster/home/n/w/nwhite01/storage/ocr_20150623/73/umn.31951002477366m/082.png"; bbox 0 0 3958 6394; ppageno 0'>
   <div class='ocr_carea' id='block_1_1' title="bbox 220 322 1806 389">
    <p class='ocr_par' dir='ltr' id='par_1_1' title="bbox 220 322 1806 388">
     <span class='ocr_line' id='line_1_1' title="bbox 220 322 1806 388; baseline 0.003 -7"><span class='ocrx_word' id='word_1_1' title='bbox 220 322 318 381; x_wconf 74' lang='grc'>149</span> <span class='ocrx_word' id='word_1_2' title='bbox 1295 331 1465 386; x_wconf 79' lang='lat' dir='ltr'><strong>VITA.</strong></span> <span class='ocrx_word' id='word_1_3' title='bbox 1499 331 1711 388; x_wconf 86' lang='grc' dir='ltr'><strong>ΒΕΛἹῚ</strong></span> <span class='ocrx_word' id='word_1_4' title='bbox 1750 332 1806 385; x_wconf 59' lang='lat' dir='ltr'>A‘</span> 
     </span>
    </p>
   </div>
   <div class='ocr_carea' id='block_1_2' title="bbox 1894 322 3493 389">
    <p class='ocr_par' dir='ltr' id='par_1_2' title="bbox 1894 331 3493 389">
     <span class='ocr_line' id='line_1_2' title="bbox 1894 331 3493 389; baseline 0 -3"><span class='ocrx_word' id='word_1_5' title='bbox 1894 332 2057 388; x_wconf 85' lang='grc' dir='ltr'>ὈΝΙΙ</span> <span class='ocrx_word' id='word_1_6' title='bbox 2096 332 2421 388; x_wconf 83' lang='lat' dir='ltr'>ABBATIS.</span> <span class='ocrx_word' id='word_1_7' title='bbox 3390 331 3493 389; x_wconf 75' lang='lat' dir='ltr'>uso</span> 
     </span>
    </p>
   </div>
   <div class='ocr_carea' id='block_1_3' title="bbox 214 452 3496 533">
    <p class='ocr_par' dir='ltr' id='par_1_3' title="bbox 214 452 3496 533">
     <span class='ocr_line' id='line_1_3' title="bbox 214 452 3496 533; baseline 0.001 -26"><span class='ocrx_word' id='word_1_8' title='bbox 214 452 410 508; x_wconf 88' lang='lat' dir='ltr'>multis</span> <span class='ocrx_word' id='word_1_9' title='bbox 437 469 710 510; x_wconf 86' lang='lat' dir='ltr'>onerosus</span> <span class='ocrx_word' id='word_1_10' title='bbox 728 454 888 510; x_wconf 88' lang='lat' dir='ltr'>labor</span> <span class='ocrx_word' id='word_1_11' title='bbox 910 456 1271 521; x_wconf 78' lang='lat' dir='ltr'>indiceretur,</span> <span class='ocrx_word' id='word_1_12' title='bbox 1296 462 1352 510; x_wconf 91' lang='lat' dir='ltr'>et</span> <span class='ocrx_word' id='word_1_13' title='bbox 1380 473 1613 527; x_wconf 84' lang='lat' dir='ltr'>parcens</span> <span class='ocrx_word' id='word_1_14' title='bbox 1636 458 1804 512; x_wconf 90' lang='lat' dir='ltr'>etiam</span> <span class='ocrx_word' id='word_1_15' title='bbox 1826 460 1876 520; x_wconf 80' lang='grc' dir='ltr'>Α</span> <span class='ocrx_word' id='word_1_16' title='bbox 1894 464 1950 513; x_wconf 90' lang='lat' dir='ltr'>et</span> <span class='ocrx_word' id='word_1_17' title='bbox 1962 459 2073 514; x_wconf 89' lang='lat' dir='ltr'>alia</span> <span class='ocrx_word' id='word_1_18' title='bbox 2089 459 2404 533; x_wconf 86' lang='lat' dir='ltr'>oritureum</span> <span class='ocrx_word' id='word_1_19' title='bbox 2433 458 2628 512; x_wconf 90' lang='lat' dir='ltr'>eodem</span> <span class='ocrx_word' id='word_1_20' title='bbox 2641 457 2802 511; x_wconf 90' lang='lat' dir='ltr'>hoste</span> <span class='ocrx_word' id='word_1_21' title='bbox 2815 456 3070 511; x_wconf 80' lang='lat' dir='ltr'>certatio.</span> <span class='ocrx_word' id='word_1_22' title='bbox 3096 455 3380 527; x_wconf 84' lang='lat' dir='ltr'>Operante</span> <span class='ocrx_word' id='word_1_23' title='bbox 3399 455 3496 511; x_wconf 86' lang='lat' dir='ltr'>illo</span> 
     </span>
    </p>
   </div>
   <div class='ocr_carea' id='block_1_4' title="bbox 210 541 3499 618">
    <p class='ocr_par' dir='ltr' id='par_1_4' title="bbox 210 541 3499 618">
     <span class='ocr_line' id='line_1_4' title="bbox 210 541 3499 618; baseline 0.001 -21"><span class='ocrx_word' id='word_1_24' title='bbox 210 541 270 597; x_wconf 92' lang='lat' dir='ltr'>in</span> <span class='ocrx_word' id='word_1_25' title='bbox 298 544 404 597; x_wconf 90' lang='lat' dir='ltr'>hoc</span> <span class='ocrx_word' id='word_1_26' title='bbox 429 545 737 611; x_wconf 87' lang='lat' dir='ltr'>monachis,</span> <span class='ocrx_word' id='word_1_27' title='bbox 752 546 970 615; x_wconf 81' lang='lat' dir='ltr'>rogavit</span> <span class='ocrx_word' id='word_1_28' title='bbox 997 562 1172 601; x_wconf 89' lang='lat' dir='ltr'>unum</span> <span class='ocrx_word' id='word_1_29' title='bbox 1195 546 1263 600; x_wconf 91' lang='lat' dir='ltr'>de</span> <span class='ocrx_word' id='word_1_30' title='bbox 1282 546 1725 611; x_wconf 80' lang='lat' dir='ltr'>advenientibus,</span> <span class='ocrx_word' id='word_1_31' title='bbox 1749 554 1814 603; x_wconf 93' lang='lat' dir='ltr'>ut</span> <span class='ocrx_word' id='word_1_32' title='bbox 1893 549 2052 614; x_wconf 83' lang='lat' dir='ltr'>(nam</span> <span class='ocrx_word' id='word_1_33' title='bbox 2080 566 2320 618; x_wconf 83' lang='lat' dir='ltr'>semper,</span> <span class='ocrx_word' id='word_1_34' title='bbox 2354 553 2418 602; x_wconf 92' lang='lat' dir='ltr'>ut</span> <span class='ocrx_word' id='word_1_35' title='bbox 2446 546 2793 601; x_wconf 85' lang='lat' dir='ltr'>venientibus</span> <span class='ocrx_word' id='word_1_36' title='bbox 2814 563 2914 616; x_wconf 90' lang='lat' dir='ltr'>pro</span> <span class='ocrx_word' id='word_1_37' title='bbox 2943 545 3031 601; x_wconf 91' lang='lat' dir='ltr'>his</span> <span class='ocrx_word' id='word_1_38' title='bbox 3061 562 3184 615; x_wconf 84' lang='lat' dir='ltr'>quae</span> <span class='ocrx_word' id='word_1_39' title='bbox 3211 544 3315 600; x_wconf 88' lang='lat' dir='ltr'>sibi</span> <span class='ocrx_word' id='word_1_40' title='bbox 3338 545 3499 600; x_wconf 88' lang='lat' dir='ltr'>detu-</span> 
     </span>
    </p>
   </div>
   <div class='ocr_carea' id='block_1_5' title="bbox 209 632 3495 707">
    <p class='ocr_par' dir='ltr' id='par_1_5' title="bbox 209 632 3495 707">
     <span class='ocr_line' id='line_1_5' title="bbox 209 632 3495 707; baseline 0.001 -21"><span class='ocrx_word' id='word_1_41' title='bbox 209 634 725 701; x_wconf 77' lang='lat' dir='ltr'>sarculumsibi,bis</span> <span class='ocrx_word' id='word_1_42' title='bbox 742 641 972 690; x_wconf 90' lang='lat' dir='ltr'>acutum</span> <span class='ocrx_word' id='word_1_43' title='bbox 985 652 1112 690; x_wconf 90' lang='lat' dir='ltr'>cum</span> <span class='ocrx_word' id='word_1_44' title='bbox 1126 635 1406 690; x_wconf 90' lang='lat' dir='ltr'>frumento</span> <span class='ocrx_word' id='word_1_45' title='bbox 1419 636 1807 706; x_wconf 77' lang='lat' dir='ltr'>deferret(6&#39;2).</span> <span class='ocrx_word' id='word_1_46' title='bbox 1894 639 2095 703; x_wconf 88' lang='lat' dir='ltr'>lerant,</span> <span class='ocrx_word' id='word_1_47' title='bbox 2122 639 2345 707; x_wconf 78' lang='lat' dir='ltr'>aliquod</span> <span class='ocrx_word' id='word_1_48' title='bbox 2379 637 2775 691; x_wconf 89' lang='lat' dir='ltr'>munusculum</span> <span class='ocrx_word' id='word_1_49' title='bbox 2800 635 3152 705; x_wconf 88' lang='lat' dir='ltr'>rependeret,</span> <span class='ocrx_word' id='word_1_50' title='bbox 3185 632 3495 703; x_wconf 82' lang='lat' dir='ltr'>laborabat)</span> 
     </span>
    </p>
   </div>
   <div class='ocr_carea' id='block_1_6' title="bbox 211 721 3497 797">
    <p class='ocr_par' dir='ltr' id='par_1_6' title="bbox 211 721 3497 797">
     <span class='ocr_line' id='line_1_6' title="bbox 211 721 3497 797; baseline 0.001 -22"><span class='ocrx_word' id='word_1_51' title='bbox 211 721 426 784; x_wconf 82' lang='lat' dir='ltr'>Quibus</span> <span class='ocrx_word' id='word_1_52' title='bbox 452 724 640 778; x_wconf 83' lang='lat' dir='ltr'>allatis</span> <span class='ocrx_word' id='word_1_53' title='bbox 667 725 1001 780; x_wconf 81' lang='lat' dir='ltr'>circumiens</span> <span class='ocrx_word' id='word_1_54' title='bbox 1037 730 1309 791; x_wconf 83' lang='lat' dir='ltr'>montem,</span> <span class='ocrx_word' id='word_1_55' title='bbox 1342 724 1491 780; x_wconf 93' lang='lat' dir='ltr'>haud</span> <span class='ocrx_word' id='word_1_56' title='bbox 1536 726 1811 794; x_wconf 89' lang='lat' dir='ltr'>grandem</span> <span class='ocrx_word' id='word_1_57' title='bbox 1894 728 2067 780; x_wconf 81' lang='lat' dir='ltr'>traxit</span> <span class='ocrx_word' id='word_1_58' title='bbox 2084 728 2312 797; x_wconf 89' lang='lat' dir='ltr'>quidam</span> <span class='ocrx_word' id='word_1_59' title='bbox 2329 726 2626 797; x_wconf 67' lang='lat' dir='ltr'>sportellae,</span> <span class='ocrx_word' id='word_1_60' title='bbox 2651 742 2819 796; x_wconf 87' lang='lat' dir='ltr'>quam</span> <span class='ocrx_word' id='word_1_61' title='bbox 2842 724 3081 789; x_wconf 80' lang='lat' dir='ltr'>texebat,</span> <span class='ocrx_word' id='word_1_62' title='bbox 3105 724 3364 779; x_wconf 87' lang='lat' dir='ltr'>tricinam</span> <span class='ocrx_word' id='word_1_63' title='bbox 3381 724 3497 779; x_wconf 90' lang='lat' dir='ltr'>sive</span> 
     </span>
    </p>
   </div>
   <div class='ocr_carea' id='block_1_7' title="bbox 208 811 1814 886">
    <p class='ocr_par' dir='ltr' id='par_1_7' title="bbox 208 811 1814 886">
     <span class='ocr_line' id='line_1_7' title="bbox 208 811 1814 886; baseline 0.002 -21"><span class='ocrx_word' id='word_1_64' title='bbox 208 811 445 867; x_wconf 67' lang='lat' dir='ltr'>culturae</span> <span class='ocrx_word' id='word_1_65' title='bbox 466 820 663 883; x_wconf 89' lang='lat' dir='ltr'>aptum</span> <span class='ocrx_word' id='word_1_66' title='bbox 683 814 893 885; x_wconf 88' lang='lat' dir='ltr'>reperit</span> <span class='ocrx_word' id='word_1_67' title='bbox 908 815 1110 881; x_wconf 90' lang='lat' dir='ltr'>locum,</span> <span class='ocrx_word' id='word_1_68' title='bbox 1128 816 1200 870; x_wconf 91' lang='lat' dir='ltr'>ad</span> <span class='ocrx_word' id='word_1_69' title='bbox 1211 832 1378 886; x_wconf 88' lang='lat' dir='ltr'>quem</span> <span class='ocrx_word' id='word_1_70' title='bbox 1398 814 1647 869; x_wconf 81' lang='lat' dir='ltr'>derivata</span> <span class='ocrx_word' id='word_1_71' title='bbox 1666 831 1814 885; x_wconf 88' lang='lat' dir='ltr'>aqua</span> 
     </span>
    </p>
   </div>
   <div class='ocr_carea' id='block_1_8' title="bbox 207 899 1812 975">
    <p class='ocr_par' dir='ltr' id='par_1_8' title="bbox 207 899 1812 975">
     <span class='ocr_line' id='line_1_8' title="bbox 207 899 1812 975; baseline 0.004 -23"><span class='ocrx_word' id='word_1_72' title='bbox 207 899 453 971; x_wconf 88' lang='lat' dir='ltr'>desuper</span> <span class='ocrx_word' id='word_1_73' title='bbox 480 910 703 973; x_wconf 77' lang='lat' dir='ltr'>poterat</span> <span class='ocrx_word' id='word_1_74' title='bbox 732 904 1005 971; x_wconf 81' lang='lat' dir='ltr'>influere;</span> <span class='ocrx_word' id='word_1_75' title='bbox 1038 904 1226 975; x_wconf 90' lang='lat' dir='ltr'>ibique</span> <span class='ocrx_word' id='word_1_76' title='bbox 1268 905 1602 971; x_wconf 82' lang='lat' dir='ltr'>seminavit;</span> <span class='ocrx_word' id='word_1_77' title='bbox 1645 912 1812 975; x_wconf 73' lang='lat' dir='ltr'>atque</span> 
     </span>
    </p>
   </div>
   <div class='ocr_carea' id='block_1_9' title="bbox 205 990 1814 1068">
    <p class='ocr_par' dir='ltr' id='par_1_9' title="bbox 205 990 1814 1068">
     <span class='ocr_line' id='line_1_9' title="bbox 205 990 1814 1068; baseline 0.004 -27"><span class='ocrx_word' id='word_1_78' title='bbox 205 990 407 1046; x_wconf 81' lang='lat' dir='ltr'>exinde</span> <span class='ocrx_word' id='word_1_79' title='bbox 422 1008 674 1048; x_wconf 89' lang='lat' dir='ltr'>annuum</span> <span class='ocrx_word' id='word_1_80' title='bbox 692 993 796 1047; x_wconf 88' lang='lat' dir='ltr'>sibi</span> <span class='ocrx_word' id='word_1_81' title='bbox 818 1010 1021 1068; x_wconf 79' lang='lat' dir='ltr'>panem</span> <span class='ocrx_word' id='word_1_82' title='bbox 1034 994 1313 1055; x_wconf 78' lang='lat' dir='ltr'>laborans,</span> <span class='ocrx_word' id='word_1_83' title='bbox 1337 994 1640 1063; x_wconf 77' lang='lat' dir='ltr'>gaudebat,</span> <span class='ocrx_word' id='word_1_84' title='bbox 1664 994 1814 1063; x_wconf 90' lang='lat' dir='ltr'>quod</span> 
     </span>
    </p>
   </div>
   <div class='ocr_carea' id='block_1_10' title="bbox 206 1079 1814 1155">
    <p class='ocr_par' dir='ltr' id='par_1_10' title="bbox 206 1079 1814 1155">
     <span class='ocr_line' id='line_1_10' title="bbox 206 1079 1814 1155; baseline 0.002 -22"><span class='ocrx_word' id='word_1_85' title='bbox 206 1079 329 1135; x_wconf 84' lang='lat' dir='ltr'>sine</span> <span class='ocrx_word' id='word_1_86' title='bbox 349 1082 687 1152; x_wconf 82' lang='lat' dir='ltr'>cujusquam</span> <span class='ocrx_word' id='word_1_87' title='bbox 707 1084 964 1137; x_wconf 84' lang='lat' dir='ltr'>molestia</span> <span class='ocrx_word' id='word_1_88' title='bbox 980 1100 1045 1136; x_wconf 89' lang='lat' dir='ltr'>ex</span> <span class='ocrx_word' id='word_1_89' title='bbox 1063 1086 1301 1155; x_wconf 78' lang='lat' dir='ltr'>propriis</span> <span class='ocrx_word' id='word_1_90' title='bbox 1328 1084 1585 1137; x_wconf 87' lang='lat' dir='ltr'>manibus</span> <span class='ocrx_word' id='word_1_91' title='bbox 1606 1083 1814 1138; x_wconf 80' lang='lat' dir='ltr'>viveret</span> 
     </span>
    </p>
   </div>
   <div class='ocr_carea' id='block_1_11' title="bbox 206 1168 1812 1244">
    <p class='ocr_par' dir='ltr' id='par_1_11' title="bbox 206 1168 1812 1244">
     <span class='ocr_line' id='line_1_11' title="bbox 206 1168 1812 1244; baseline 0.002 -21"><span class='ocrx_word' id='word_1_92' title='bbox 206 1168 266 1223; x_wconf 89' lang='lat' dir='ltr'>in</span> <span class='ocrx_word' id='word_1_93' title='bbox 284 1169 529 1225; x_wconf 75' lang='lat' dir='ltr'>deserto.</span> <span class='ocrx_word' id='word_1_94' title='bbox 554 1171 663 1225; x_wconf 89' lang='lat' dir='ltr'>Sed</span> <span class='ocrx_word' id='word_1_95' title='bbox 684 1187 812 1226; x_wconf 91' lang='lat' dir='ltr'>cum</span> <span class='ocrx_word' id='word_1_96' title='bbox 833 1188 1028 1227; x_wconf 84' lang='lat' dir='ltr'>rursus</span> <span class='ocrx_word' id='word_1_97' title='bbox 1047 1174 1217 1227; x_wconf 89' lang='lat' dir='ltr'>etiam</span> <span class='ocrx_word' id='word_1_98' title='bbox 1238 1173 1370 1227; x_wconf 88' lang='lat' dir='ltr'>illuc</span> <span class='ocrx_word' id='word_1_99' title='bbox 1385 1173 1612 1244; x_wconf 89' lang='lat' dir='ltr'>quidam</span> <span class='ocrx_word' id='word_1_100' title='bbox 1625 1174 1812 1226; x_wconf 86' lang='lat' dir='ltr'>venire</span> 
     </span>
    </p>
   </div>
   <div class='ocr_carea' id='block_1_12' title="bbox 204 1258 1811 1328">
    <p class='ocr_par' dir='ltr' id='par_1_12' title="bbox 204 1258 1811 1328">
     <span class='ocr_line' id='line_1_12' title="bbox 204 1258 1811 1328; baseline 0.002 -17"><span class='ocrx_word' id='word_1_101' title='bbox 204 1258 528 1327; x_wconf 62' lang='lat' dir='ltr'>coepissent,</span> <span class='ocrx_word' id='word_1_102' title='bbox 560 1260 825 1315; x_wconf 85' lang='lat' dir='ltr'>misertus</span> <span class='ocrx_word' id='word_1_103' title='bbox 843 1267 928 1315; x_wconf 89' lang='lat' dir='ltr'>est</span> <span class='ocrx_word' id='word_1_104' title='bbox 952 1262 1270 1317; x_wconf 83' lang='lat' dir='ltr'>lassitudini</span> <span class='ocrx_word' id='word_1_105' title='bbox 1293 1279 1508 1328; x_wconf 89' lang='lat' dir='ltr'>eorum,</span> <span class='ocrx_word' id='word_1_106' title='bbox 1537 1268 1593 1315; x_wconf 92' lang='lat' dir='ltr'>et</span> <span class='ocrx_word' id='word_1_107' title='bbox 1614 1262 1735 1316; x_wconf 88' lang='lat' dir='ltr'>olus</span> <span class='ocrx_word' id='word_1_108' title='bbox 1756 1264 1811 1315; x_wconf 90' lang='lat' dir='ltr'>in</span> 
     </span>
    </p>
   </div>
   <div class='ocr_carea' id='block_1_13' title="bbox 207 1351 1813 1421">
    <p class='ocr_par' dir='ltr' id='par_1_13' title="bbox 207 1351 1813 1421">
     <span class='ocr_line' id='line_1_13' title="bbox 207 1351 1813 1421; baseline 0.002 -21"><span class='ocrx_word' id='word_1_109' title='bbox 207 1362 378 1417; x_wconf 88' lang='lat' dir='ltr'>parvo</span> <span class='ocrx_word' id='word_1_110' title='bbox 403 1354 570 1404; x_wconf 78' lang='lat' dir='ltr'>teme</span> <span class='ocrx_word' id='word_1_111' title='bbox 599 1356 807 1419; x_wconf 80' lang='lat' dir='ltr'>cespite</span> <span class='ocrx_word' id='word_1_112' title='bbox 828 1351 1019 1416; x_wconf 87' lang='lat' dir='ltr'>coluit,</span> <span class='ocrx_word' id='word_1_113' title='bbox 1055 1357 1119 1407; x_wconf 91' lang='lat' dir='ltr'>ut</span> <span class='ocrx_word' id='word_1_114' title='bbox 1146 1357 1274 1421; x_wconf 90' lang='lat' dir='ltr'>post</span> <span class='ocrx_word' id='word_1_115' title='bbox 1296 1369 1559 1421; x_wconf 88' lang='lat' dir='ltr'>asperum</span> <span class='ocrx_word' id='word_1_116' title='bbox 1592 1352 1700 1405; x_wconf 89' lang='lat' dir='ltr'>iter</span> <span class='ocrx_word' id='word_1_117' title='bbox 1715 1352 1813 1404; x_wconf 89' lang='lat' dir='ltr'>ali-</span> 
     </span>
    </p>
   </div>
   <div class='ocr_carea' id='block_1_14' title="bbox 207 1437 1812 1505">
    <p class='ocr_par' dir='ltr' id='par_1_14' title="bbox 207 1437 1812 1505">
     <span class='ocr_line' id='line_1_14' title="bbox 207 1437 1812 1505; baseline 0.004 -16"><span class='ocrx_word' id='word_1_118' title='bbox 207 1451 317 1505; x_wconf 90' lang='lat' dir='ltr'>quo</span> <span class='ocrx_word' id='word_1_119' title='bbox 336 1437 625 1493; x_wconf 85' lang='lat' dir='ltr'>venientes</span> <span class='ocrx_word' id='word_1_120' title='bbox 653 1439 853 1493; x_wconf 90' lang='lat' dir='ltr'>solatio</span> <span class='ocrx_word' id='word_1_121' title='bbox 886 1439 1287 1495; x_wconf 88' lang='lat' dir='ltr'>refoverentur.</span> <span class='ocrx_word' id='word_1_122' title='bbox 1324 1442 1441 1495; x_wconf 82' lang='lat' dir='ltr'>Hoc</span> <span class='ocrx_word' id='word_1_123' title='bbox 1466 1441 1705 1495; x_wconf 82' lang='lat' dir='ltr'>fratrum</span> <span class='ocrx_word' id='word_1_124' title='bbox 1729 1458 1812 1495; x_wconf 89' lang='lat' dir='ltr'>re-</span> 
     </span>
    </p>
   </div>
   <div class='ocr_carea' id='block_1_15' title="bbox 1894 813 3499 886">
    <p class='ocr_par' dir='ltr' id='par_1_15' title="bbox 1894 813 3499 886">
     <span class='ocr_line' id='line_1_15' title="bbox 1894 813 3499 886; baseline 0 -17"><span class='ocrx_word' id='word_1_125' title='bbox 1894 816 2207 870; x_wconf 90' lang='lat' dir='ltr'>funiculum</span> <span class='ocrx_word' id='word_1_126' title='bbox 2241 815 2361 880; x_wconf 77' lang='lat' dir='ltr'>(6i).</span> <span class='ocrx_word' id='word_1_127' title='bbox 2395 816 2480 870; x_wconf 79' lang='lat' dir='ltr'>Ad</span> <span class='ocrx_word' id='word_1_128' title='bbox 2515 817 2675 886; x_wconf 83' lang='lat' dir='ltr'>cujus</span> <span class='ocrx_word' id='word_1_129' title='bbox 2720 820 2937 869; x_wconf 90' lang='lat' dir='ltr'>motum</span> <span class='ocrx_word' id='word_1_130' title='bbox 2984 830 3309 884; x_wconf 79' lang='lat' dir='ltr'>exsurgens,</span> <span class='ocrx_word' id='word_1_131' title='bbox 3359 813 3499 869; x_wconf 81' lang='lat' dir='ltr'>vidit</span> 
     </span>
    </p>
   </div>
   <div class='ocr_carea' id='block_1_16' title="bbox 1895 904 3491 975">
    <p class='ocr_par' dir='ltr' id='par_1_16' title="bbox 1895 904 3491 975">
     <span class='ocr_line' id='line_1_16' title="bbox 1895 904 3491 975; baseline -0.001 -16"><span class='ocrx_word' id='word_1_132' title='bbox 1895 905 2133 960; x_wconf 85' lang='lat' dir='ltr'>bestiam</span> <span class='ocrx_word' id='word_1_133' title='bbox 2165 905 2481 975; x_wconf 91' lang='lat' dir='ltr'>pubetenus</span> <span class='ocrx_word' id='word_1_134' title='bbox 2513 904 2820 959; x_wconf 86' lang='lat' dir='ltr'>humanam</span> <span class='ocrx_word' id='word_1_135' title='bbox 2849 904 3051 959; x_wconf 85' lang='lat' dir='ltr'>faciem</span> <span class='ocrx_word' id='word_1_136' title='bbox 3082 904 3491 975; x_wconf 70' lang='lat' dir='ltr'>praeferentem,</span> 
     </span>
    </p>
   </div>
   <div class='ocr_carea' id='block_1_17' title="bbox 1897 993 3496 1065">
    <p class='ocr_par' dir='ltr' id='par_1_17' title="bbox 1897 993 3496 1065">
     <span class='ocr_line' id='line_1_17' title="bbox 1897 993 3496 1065; baseline 0.001 -18"><span class='ocrx_word' id='word_1_137' title='bbox 1897 1012 2020 1064; x_wconf 78' lang='lat' dir='ltr'>quae</span> <span class='ocrx_word' id='word_1_138' title='bbox 2047 995 2244 1049; x_wconf 82' lang='lat' dir='ltr'>exinde</span> <span class='ocrx_word' id='word_1_139' title='bbox 2270 995 2329 1049; x_wconf 91' lang='lat' dir='ltr'>in</span> <span class='ocrx_word' id='word_1_140' title='bbox 2359 994 2582 1048; x_wconf 87' lang='lat' dir='ltr'>asinum</span> <span class='ocrx_word' id='word_1_141' title='bbox 2614 993 2934 1049; x_wconf 81' lang='lat' dir='ltr'>finiebatur.</span> <span class='ocrx_word' id='word_1_142' title='bbox 2967 996 3103 1048; x_wconf 90' lang='lat' dir='ltr'>Post</span> <span class='ocrx_word' id='word_1_143' title='bbox 3131 995 3291 1064; x_wconf 82' lang='lat' dir='ltr'>cujus</span> <span class='ocrx_word' id='word_1_144' title='bbox 3332 1009 3496 1065; x_wconf 78' lang='lat' dir='ltr'>aspe-</span> 
     </span>
    </p>
   </div>
   <div class='ocr_carea' id='block_1_18' title="bbox 1897 1083 3498 1153">
    <p class='ocr_par' dir='ltr' id='par_1_18' title="bbox 1897 1083 3498 1153">
     <span class='ocr_line' id='line_1_18' title="bbox 1897 1083 3498 1153; baseline -0.001 -15"><span class='ocrx_word' id='word_1_145' title='bbox 1897 1089 2069 1149; x_wconf 89' lang='lat' dir='ltr'>ctum,</span> <span class='ocrx_word' id='word_1_146' title='bbox 2096 1084 2352 1138; x_wconf 83' lang='lat' dir='ltr'>vexillum</span> <span class='ocrx_word' id='word_1_147' title='bbox 2380 1083 2559 1138; x_wconf 89' lang='lat' dir='ltr'>crucis</span> <span class='ocrx_word' id='word_1_148' title='bbox 2575 1084 2634 1138; x_wconf 94' lang='lat' dir='ltr'>in</span> <span class='ocrx_word' id='word_1_149' title='bbox 2650 1084 2830 1138; x_wconf 91' lang='lat' dir='ltr'>fronte</span> <span class='ocrx_word' id='word_1_150' title='bbox 2852 1100 2956 1137; x_wconf 86' lang='lat' dir='ltr'>sua</span> <span class='ocrx_word' id='word_1_151' title='bbox 2973 1083 3230 1153; x_wconf 86' lang='lat' dir='ltr'>pingens,</span> <span class='ocrx_word' id='word_1_152' title='bbox 3252 1084 3357 1137; x_wconf 91' lang='lat' dir='ltr'>hoc</span> <span class='ocrx_word' id='word_1_153' title='bbox 3375 1089 3498 1137; x_wconf 90' lang='lat' dir='ltr'>tan-</span> 
     </span>
    </p>
   </div>
   <div class='ocr_carea' id='block_1_19' title="bbox 1893 1173 3498 1235">
    <p class='ocr_par' dir='ltr' id='par_1_19' title="bbox 1893 1173 3498 1235">
     <span class='ocr_line' id='line_1_19' title="bbox 1893 1173 3498 1235; baseline -0.001 -7"><span class='ocrx_word' id='word_1_154' title='bbox 1893 1180 2018 1229; x_wconf 91' lang='lat' dir='ltr'>tum</span> <span class='ocrx_word' id='word_1_155' title='bbox 2049 1175 2156 1227; x_wconf 86' lang='lat' dir='ltr'>ait:</span> <span class='ocrx_word' id='word_1_156' title='bbox 2192 1174 2403 1228; x_wconf 86' lang='lat' dir='ltr'>Christi</span> <span class='ocrx_word' id='word_1_157' title='bbox 2430 1190 2621 1227; x_wconf 87' lang='lat' dir='ltr'>servus</span> <span class='ocrx_word' id='word_1_158' title='bbox 2642 1190 2786 1235; x_wconf 89' lang='lat' dir='ltr'>sum,</span> <span class='ocrx_word' id='word_1_159' title='bbox 2806 1174 2852 1227; x_wconf 90' lang='lat' dir='ltr'>si</span> <span class='ocrx_word' id='word_1_160' title='bbox 2878 1173 2949 1227; x_wconf 89' lang='lat' dir='ltr'>ad</span> <span class='ocrx_word' id='word_1_161' title='bbox 2967 1189 3057 1227; x_wconf 90' lang='lat' dir='ltr'>me</span> <span class='ocrx_word' id='word_1_162' title='bbox 3078 1174 3249 1226; x_wconf 90' lang='lat' dir='ltr'>missa</span> <span class='ocrx_word' id='word_1_163' title='bbox 3280 1189 3359 1235; x_wconf 89' lang='lat' dir='ltr'>es,</span> <span class='ocrx_word' id='word_1_164' title='bbox 3384 1189 3498 1227; x_wconf 91' lang='lat' dir='ltr'>non</span> 
     </span>
    </p>
   </div>
   <div class='ocr_carea' id='block_1_20' title="bbox 1895 1258 3497 1332">
    <p class='ocr_par' dir='ltr' id='par_1_20' title="bbox 1895 1258 3497 1332">
     <span class='ocr_line' id='line_1_20' title="bbox 1895 1258 3497 1332; baseline -0.002 -14"><span class='ocrx_word' id='word_1_165' title='bbox 1895 1264 2066 1332; x_wconf 85' lang='lat' dir='ltr'>fugio.</span> <span class='ocrx_word' id='word_1_166' title='bbox 2100 1258 2328 1317; x_wconf 84' lang='lat' dir='ltr'>Nullum</span> <span class='ocrx_word' id='word_1_167' title='bbox 2363 1264 2419 1317; x_wconf 89' lang='lat' dir='ltr'>in</span> <span class='ocrx_word' id='word_1_168' title='bbox 2450 1263 2635 1317; x_wconf 85' lang='lat' dir='ltr'>medio</span> <span class='ocrx_word' id='word_1_169' title='bbox 2666 1263 2932 1332; x_wconf 87' lang='lat' dir='ltr'>spatium,</span> <span class='ocrx_word' id='word_1_170' title='bbox 2952 1266 3010 1315; x_wconf 91' lang='lat' dir='ltr'>et</span> <span class='ocrx_word' id='word_1_171' title='bbox 3035 1262 3227 1316; x_wconf 88' lang='lat' dir='ltr'>statim</span> <span class='ocrx_word' id='word_1_172' title='bbox 3260 1262 3497 1316; x_wconf 85' lang='lat' dir='ltr'>informe</span> 
     </span>
    </p>
   </div>
   <div class='ocr_carea' id='block_1_21' title="bbox 1897 1350 3501 1424">
    <p class='ocr_par' dir='ltr' id='par_1_21' title="bbox 1897 1350 3501 1424">
     <span class='ocr_line' id='line_1_21' title="bbox 1897 1350 3501 1424; baseline -0.002 -17"><span class='ocrx_word' id='word_1_173' title='bbox 1897 1353 2215 1424; x_wconf 81' lang='lat' dir='ltr'>prodigium</span> <span class='ocrx_word' id='word_1_174' title='bbox 2242 1353 2391 1406; x_wconf 90' lang='lat' dir='ltr'>dicto</span> <span class='ocrx_word' id='word_1_175' title='bbox 2420 1353 2572 1406; x_wconf 87' lang='lat' dir='ltr'>ocius</span> <span class='ocrx_word' id='word_1_176' title='bbox 2594 1369 2721 1406; x_wconf 90' lang='lat' dir='ltr'>cum</span> <span class='ocrx_word' id='word_1_177' title='bbox 2747 1351 3054 1406; x_wconf 86' lang='lat' dir='ltr'>satellitum</span> <span class='ocrx_word' id='word_1_178' title='bbox 3070 1350 3234 1405; x_wconf 90' lang='lat' dir='ltr'>turba</span> <span class='ocrx_word' id='word_1_179' title='bbox 3265 1350 3501 1420; x_wconf 90' lang='lat' dir='ltr'>fugit,et</span> 
     </span>
    </p>
   </div>
   <div class='ocr_carea' id='block_1_22' title="bbox 1896 1441 3499 1496">
    <p class='ocr_par' dir='ltr' id='par_1_22' title="bbox 1896 1441 3499 1496">
     <span class='ocr_line' id='line_1_22' title="bbox 1896 1441 3499 1496; baseline -0.002 0"><span class='ocrx_word' id='word_1_180' title='bbox 1896 1442 1952 1496; x_wconf 92' lang='lat' dir='ltr'>in</span> <span class='ocrx_word' id='word_1_181' title='bbox 1980 1442 2164 1496; x_wconf 91' lang='lat' dir='ltr'>medio</span> <span class='ocrx_word' id='word_1_182' title='bbox 2193 1458 2359 1496; x_wconf 85' lang='lat' dir='ltr'>cursu</span> <span class='ocrx_word' id='word_1_183' title='bbox 2392 1458 2560 1496; x_wconf 89' lang='lat' dir='ltr'>ruens</span> <span class='ocrx_word' id='word_1_184' title='bbox 2587 1441 2926 1496; x_wconf 85' lang='lat' dir='ltr'>exstinctum</span> <span class='ocrx_word' id='word_1_185' title='bbox 2943 1446 3044 1494; x_wconf 90' lang='lat' dir='ltr'>est.</span> <span class='ocrx_word' id='word_1_186' title='bbox 3072 1441 3187 1494; x_wconf 87' lang='lat' dir='ltr'>Ista</span> <span class='ocrx_word' id='word_1_187' title='bbox 3204 1445 3393 1493; x_wconf 89' lang='lat' dir='ltr'>autem</span> <span class='ocrx_word' id='word_1_188' title='bbox 3410 1456 3499 1493; x_wconf 85' lang='lat' dir='ltr'>ex-</span> 
     </span>
    </p>
   </div>
   <div class='ocr_carea' id='block_1_23' title="bbox 203 1523 3501 1602">
    <p class='ocr_par' dir='ltr' id='par_1_23' title="bbox 203 1523 3501 1602">
     <span class='ocr_line' id='line_1_23' title="bbox 203 1523 3501 1602; baseline 0.002 -24"><span class='ocrx_word' id='word_1_189' title='bbox 203 1523 498 1594; x_wconf 86' lang='lat' dir='ltr'>frigerium</span> <span class='ocrx_word' id='word_1_190' title='bbox 528 1532 585 1581; x_wconf 89' lang='lat' dir='ltr'>et</span> <span class='ocrx_word' id='word_1_191' title='bbox 613 1528 1153 1597; x_wconf 87' lang='lat' dir='ltr'>parvulammessem</span> <span class='ocrx_word' id='word_1_192' title='bbox 1174 1529 1622 1600; x_wconf 78' lang='lat' dir='ltr'>bestiae,propter</span> <span class='ocrx_word' id='word_1_193' title='bbox 1636 1546 1810 1600; x_wconf 80' lang='lat' dir='ltr'>aquas</span> <span class='ocrx_word' id='word_1_194' title='bbox 1894 1532 2035 1602; x_wconf 88' lang='lat' dir='ltr'>plosi</span> <span class='ocrx_word' id='word_1_195' title='bbox 2068 1548 2217 1585; x_wconf 91' lang='lat' dir='ltr'>mors</span> <span class='ocrx_word' id='word_1_196' title='bbox 2254 1537 2423 1601; x_wconf 85' lang='lat' dir='ltr'>atque</span> <span class='ocrx_word' id='word_1_197' title='bbox 2454 1531 2671 1585; x_wconf 90' lang='lat' dir='ltr'>enecati</span> <span class='ocrx_word' id='word_1_198' title='bbox 2705 1529 2967 1601; x_wconf 79' lang='lat' dir='ltr'>prodigii.</span> <span class='ocrx_word' id='word_1_199' title='bbox 3017 1529 3335 1583; x_wconf 80' lang='lat' dir='ltr'>daemonum</span> <span class='ocrx_word' id='word_1_200' title='bbox 3377 1533 3501 1583; x_wconf 90' lang='lat' dir='ltr'>erat</span> 
     </span>
    </p>
   </div>
   <div class='ocr_carea' id='block_1_24' title="bbox 204 1614 3497 1691">
    <p class='ocr_par' dir='ltr' id='par_1_24' title="bbox 204 1614 3497 1691">
     <span class='ocr_line' id='line_1_24' title="bbox 204 1614 3497 1691; baseline 0.002 -23"><span class='ocrx_word' id='word_1_201' title='bbox 204 1614 341 1669; x_wconf 89' lang='lat' dir='ltr'>illuc</span> <span class='ocrx_word' id='word_1_202' title='bbox 356 1616 769 1681; x_wconf 49' lang='lat' dir='ltr'>convenientem</span> <span class='ocrx_word' id='word_1_203' title='bbox 786 1618 1031 1688; x_wconf 71' lang='lat' dir='ltr'>depasta:</span> <span class='ocrx_word' id='word_1_204' title='bbox 1048 1624 1174 1682; x_wconf 68' lang='lat'>49</span> <span class='ocrx_word' id='word_1_205' title='bbox 1192 1625 1353 1673; x_wconf 88' lang='lat' dir='ltr'>sunt:</span> <span class='ocrx_word' id='word_1_206' title='bbox 1372 1637 1401 1673; x_wconf 88' lang='lat' dir='ltr'>c</span> <span class='ocrx_word' id='word_1_207' title='bbox 1414 1618 1616 1690; x_wconf 85' lang='lat' dir='ltr'>quibus</span> <span class='ocrx_word' id='word_1_208' title='bbox 1638 1636 1809 1673; x_wconf 89' lang='lat' dir='ltr'>unam</span> <span class='ocrx_word' id='word_1_209' title='bbox 1893 1622 2205 1675; x_wconf 87' lang='lat' dir='ltr'>communis</span> <span class='ocrx_word' id='word_1_210' title='bbox 2236 1621 2527 1685; x_wconf 88' lang='lat' dir='ltr'>interitus;</span> <span class='ocrx_word' id='word_1_211' title='bbox 2561 1620 2655 1691; x_wconf 92' lang='lat' dir='ltr'>qui</span> <span class='ocrx_word' id='word_1_212' title='bbox 2668 1620 2821 1675; x_wconf 90' lang='lat' dir='ltr'>omni</span> <span class='ocrx_word' id='word_1_213' title='bbox 2842 1619 3031 1674; x_wconf 90' lang='lat' dir='ltr'>studio</span> <span class='ocrx_word' id='word_1_214' title='bbox 3055 1618 3364 1683; x_wconf 86' lang='lat' dir='ltr'>laborante,</span> <span class='ocrx_word' id='word_1_215' title='bbox 3379 1620 3497 1673; x_wconf 81' lang='lat' dir='ltr'>An-</span> 
     </span>
    </p>
   </div>
   <div class='ocr_carea' id='block_1_25' title="bbox 205 1705 3499 1773">
    <p class='ocr_par' dir='ltr' id='par_1_25' title="bbox 205 1705 3499 1773">
     <span class='ocr_line' id='line_1_25' title="bbox 205 1705 3499 1773; baseline 0.001 -16"><span class='ocrx_word' id='word_1_216' title='bbox 205 1705 637 1773; x_wconf 87' lang='lat' dir='ltr'>apprehendens</span> <span class='ocrx_word' id='word_1_217' title='bbox 662 1706 802 1761; x_wconf 85' lang='lat' dir='ltr'>dixit</span> <span class='ocrx_word' id='word_1_218' title='bbox 827 1706 1085 1762; x_wconf 88' lang='lat' dir='ltr'>omnibus</span> <span class='ocrx_word' id='word_1_219' title='bbox 1110 1726 1121 1760; x_wconf 91' lang='lat'>:</span> <span class='ocrx_word' id='word_1_220' title='bbox 1157 1709 1270 1762; x_wconf 90' lang='lat' dir='ltr'>Cur</span> <span class='ocrx_word' id='word_1_221' title='bbox 1299 1726 1389 1762; x_wconf 88' lang='lat' dir='ltr'>me</span> <span class='ocrx_word' id='word_1_222' title='bbox 1423 1709 1643 1773; x_wconf 77' lang='lat' dir='ltr'>lzcditis.</span> <span class='ocrx_word' id='word_1_223' title='bbox 1668 1709 1809 1762; x_wconf 88' lang='lat' dir='ltr'>nihil</span> <span class='ocrx_word' id='word_1_224' title='bbox 1892 1711 2111 1765; x_wconf 89' lang='lat' dir='ltr'>tonium</span> <span class='ocrx_word' id='word_1_225' title='bbox 2141 1727 2174 1763; x_wconf 91' lang='lat' dir='ltr'>a</span> <span class='ocrx_word' id='word_1_226' title='bbox 2203 1710 2423 1764; x_wconf 82' lang='lat' dir='ltr'>deserto</span> <span class='ocrx_word' id='word_1_227' title='bbox 2445 1710 2722 1763; x_wconf 89' lang='lat' dir='ltr'>deducere</span> <span class='ocrx_word' id='word_1_228' title='bbox 2743 1725 2857 1763; x_wconf 91' lang='lat' dir='ltr'>non</span> <span class='ocrx_word' id='word_1_229' title='bbox 2875 1708 3192 1763; x_wconf 89' lang='lat' dir='ltr'>valuerunt.</span> <span class='ocrx_word' id='word_1_230' title='bbox 3226 1707 3499 1765; x_wconf 80' lang='lat' dir='ltr'>Mirandis</span> 
     </span>
    </p>
   </div>
   <div class='ocr_carea' id='block_1_26' title="bbox 210 1783 2661 1870">
    <p class='ocr_par' dir='ltr' id='par_1_26' title="bbox 210 1783 2661 1870">
     <span class='ocr_line' id='line_1_26' title="bbox 210 1783 2661 1870; baseline 0.001 -21"><span class='ocrx_word' id='word_1_231' title='bbox 210 1809 248 1849; x_wconf 81' lang='lat' dir='ltr'>a</span> <span class='ocrx_word' id='word_1_232' title='bbox 274 1810 364 1847; x_wconf 91' lang='lat' dir='ltr'>me</span> <span class='ocrx_word' id='word_1_233' title='bbox 392 1794 579 1848; x_wconf 67' lang='lat' dir='ltr'>laesze?</span> <span class='ocrx_word' id='word_1_234' title='bbox 609 1794 777 1861; x_wconf 87' lang='lat' dir='ltr'>abite,</span> <span class='ocrx_word' id='word_1_235' title='bbox 806 1804 862 1850; x_wconf 88' lang='lat' dir='ltr'>et</span> <span class='ocrx_word' id='word_1_236' title='bbox 887 1796 942 1850; x_wconf 91' lang='lat' dir='ltr'>in</span> <span class='ocrx_word' id='word_1_237' title='bbox 975 1797 1201 1851; x_wconf 88' lang='lat' dir='ltr'>nomine</span> <span class='ocrx_word' id='word_1_238' title='bbox 1224 1798 1449 1852; x_wconf 89' lang='lat' dir='ltr'>Domini</span> <span class='ocrx_word' id='word_1_239' title='bbox 1483 1815 1551 1852; x_wconf 90' lang='lat' dir='ltr'>ne</span> <span class='ocrx_word' id='word_1_240' title='bbox 1584 1799 1691 1851; x_wconf 89' lang='lat' dir='ltr'>huc</span> <span class='ocrx_word' id='word_1_241' title='bbox 1716 1783 1871 1868; x_wconf 84' lang='lat' dir='ltr'>ap-B</span> <span class='ocrx_word' id='word_1_242' title='bbox 1893 1801 2017 1870; x_wconf 91' lang='lat' dir='ltr'>plus</span> <span class='ocrx_word' id='word_1_243' title='bbox 2049 1800 2307 1854; x_wconf 86' lang='lat' dir='ltr'>miranda</span> <span class='ocrx_word' id='word_1_244' title='bbox 2335 1799 2661 1853; x_wconf 88' lang='lat' dir='ltr'>succedunt.</span> 
     </span>
    </p>
   </div>
   <div class='ocr_carea' id='block_1_27' title="bbox 207 1883 1809 1957">
    <p class='ocr_par' dir='ltr' id='par_1_27' title="bbox 207 1883 1809 1957">
     <span class='ocr_line' id='line_1_27' title="bbox 207 1883 1809 1957; baseline 0.004 -22"><span class='ocrx_word' id='word_1_245' title='bbox 207 1883 478 1953; x_wconf 88' lang='lat' dir='ltr'>propietis</span> <span class='ocrx_word' id='word_1_246' title='bbox 500 1884 754 1939; x_wconf 88' lang='lat' dir='ltr'>ulterius.</span> <span class='ocrx_word' id='word_1_247' title='bbox 790 1885 925 1948; x_wconf 83' lang='lat' dir='ltr'>Quis</span> <span class='ocrx_word' id='word_1_248' title='bbox 954 1903 1064 1941; x_wconf 90' lang='lat' dir='ltr'>non</span> <span class='ocrx_word' id='word_1_249' title='bbox 1102 1886 1327 1949; x_wconf 49' lang='lat' dir='ltr'>credata</span> <span class='ocrx_word' id='word_1_250' title='bbox 1363 1894 1488 1957; x_wconf 83' lang='lat' dir='ltr'>post</span> <span class='ocrx_word' id='word_1_251' title='bbox 1528 1888 1670 1940; x_wconf 90' lang='lat' dir='ltr'>hanc</span> <span class='ocrx_word' id='word_1_252' title='bbox 1712 1889 1809 1942; x_wconf 92' lang='lat' dir='ltr'>de-</span> 
     </span>
    </p>
   </div>
   <div class='ocr_carea' id='block_1_28' title="bbox 208 1974 1810 2047">
    <p class='ocr_par' dir='ltr' id='par_1_28' title="bbox 208 1974 1810 2047">
     <span class='ocr_line' id='line_1_28' title="bbox 208 1974 1810 2047; baseline 0.004 -21"><span class='ocrx_word' id='word_1_253' title='bbox 208 1974 648 2031; x_wconf 79' lang='lat' dir='ltr'>nuntiationem.</span> <span class='ocrx_word' id='word_1_254' title='bbox 677 1976 836 2045; x_wconf 90' lang='lat' dir='ltr'>quasi</span> <span class='ocrx_word' id='word_1_255' title='bbox 850 1976 1132 2041; x_wconf 85' lang='lat' dir='ltr'>timentes,</span> <span class='ocrx_word' id='word_1_256' title='bbox 1160 1994 1446 2047; x_wconf 89' lang='lat' dir='ltr'>nunquam</span> <span class='ocrx_word' id='word_1_257' title='bbox 1462 1977 1594 2031; x_wconf 90' lang='lat' dir='ltr'>illuc</span> <span class='ocrx_word' id='word_1_258' title='bbox 1606 1978 1810 2032; x_wconf 86' lang='lat' dir='ltr'>bestias</span> 
     </span>
    </p>
   </div>
   <div class='ocr_carea' id='block_1_29' title="bbox 203 2063 1811 2136">
    <p class='ocr_par' dir='ltr' id='par_1_29' title="bbox 203 2063 1811 2136">
     <span class='ocr_line' id='line_1_29' title="bbox 203 2063 1811 2136; baseline 0.004 -22"><span class='ocrx_word' id='word_1_259' title='bbox 203 2063 1061 2133; x_wconf 74' lang='lat' dir='ltr'>appropinquasse&#39;ISICAntonio</span> <span class='ocrx_word' id='word_1_260' title='bbox 1073 2066 1521 2136; x_wconf 87' lang='lat' dir='ltr'>impenetrabilia</span> <span class='ocrx_word' id='word_1_261' title='bbox 1535 2068 1811 2121; x_wconf 89' lang='lat' dir='ltr'>montium</span> 
     </span>
    </p>
   </div>
   <div class='ocr_carea' id='block_1_30' title="bbox 204 2152 1805 2224">
    <p class='ocr_par' dir='ltr' id='par_1_30' title="bbox 204 2152 1805 2224">
     <span class='ocr_line' id='line_1_30' title="bbox 204 2152 1805 2224; baseline 0.002 -17"><span class='ocrx_word' id='word_1_262' title='bbox 204 2157 265 2207; x_wconf 82' lang='lat' dir='ltr'>et</span> <span class='ocrx_word' id='word_1_263' title='bbox 277 2152 484 2206; x_wconf 87' lang='lat' dir='ltr'>deserti</span> <span class='ocrx_word' id='word_1_264' title='bbox 499 2152 770 2208; x_wconf 85' lang='lat' dir='ltr'>interiora</span> <span class='ocrx_word' id='word_1_265' title='bbox 783 2156 1048 2224; x_wconf 76' lang='lat' dir='ltr'>captanti,</span> <span class='ocrx_word' id='word_1_266' title='bbox 1058 2156 1295 2209; x_wconf 86' lang='lat' dir='ltr'>orationi</span> <span class='ocrx_word' id='word_1_267' title='bbox 1304 2156 1404 2209; x_wconf 88' lang='lat' dir='ltr'>bus</span> <span class='ocrx_word' id='word_1_268' title='bbox 1416 2156 1586 2209; x_wconf 89' lang='lat' dir='ltr'>etiam</span> <span class='ocrx_word' id='word_1_269' title='bbox 1597 2157 1805 2220; x_wconf 91' lang='lat' dir='ltr'>dedito,</span> 
     </span>
    </p>
   </div>
   <div class='ocr_carea' id='block_1_31' title="bbox 202 2240 1805 2315">
    <p class='ocr_par' dir='ltr' id='par_1_31' title="bbox 202 2240 1805 2315">
     <span class='ocr_line' id='line_1_31' title="bbox 202 2240 1805 2315; baseline 0.004 -21"><span class='ocrx_word' id='word_1_270' title='bbox 202 2240 556 2296; x_wconf 87' lang='lat' dir='ltr'>introeuntes</span> <span class='ocrx_word' id='word_1_271' title='bbox 576 2242 779 2297; x_wconf 83' lang='lat' dir='ltr'>fratres</span> <span class='ocrx_word' id='word_1_272' title='bbox 800 2245 1016 2313; x_wconf 80' lang='lat' dir='ltr'>magnis</span> <span class='ocrx_word' id='word_1_273' title='bbox 1037 2244 1123 2298; x_wconf 86' lang='lat' dir='ltr'>vix</span> <span class='ocrx_word' id='word_1_274' title='bbox 1144 2244 1403 2315; x_wconf 90' lang='lat' dir='ltr'>precibus</span> <span class='ocrx_word' id='word_1_275' title='bbox 1434 2251 1805 2311; x_wconf 82' lang='lat' dir='ltr'>extorserunt,</span> 
     </span>
    </p>
   </div>
   <div class='ocr_carea' id='block_1_32' title="bbox 205 2330 1807 2404">
    <p class='ocr_par' dir='ltr' id='par_1_32' title="bbox 205 2330 1807 2404">
     <span class='ocr_line' id='line_1_32' title="bbox 205 2330 1807 2404; baseline 0.002 -20"><span class='ocrx_word' id='word_1_276' title='bbox 205 2336 271 2384; x_wconf 90' lang='lat' dir='ltr'>ut</span> <span class='ocrx_word' id='word_1_277' title='bbox 299 2330 478 2385; x_wconf 82' lang='lat' dir='ltr'>olivas</span> <span class='ocrx_word' id='word_1_278' title='bbox 506 2336 564 2385; x_wconf 90' lang='lat' dir='ltr'>et</span> <span class='ocrx_word' id='word_1_279' title='bbox 592 2332 854 2401; x_wconf 81' lang='lat' dir='ltr'>legumen</span> <span class='ocrx_word' id='word_1_280' title='bbox 885 2338 941 2387; x_wconf 93' lang='lat' dir='ltr'>et</span> <span class='ocrx_word' id='word_1_281' title='bbox 971 2334 1178 2398; x_wconf 90' lang='lat' dir='ltr'>oleum,</span> <span class='ocrx_word' id='word_1_282' title='bbox 1220 2335 1365 2403; x_wconf 90' lang='lat' dir='ltr'>quod</span> <span class='ocrx_word' id='word_1_283' title='bbox 1417 2341 1542 2404; x_wconf 88' lang='lat' dir='ltr'>post</span> <span class='ocrx_word' id='word_1_284' title='bbox 1588 2352 1807 2389; x_wconf 87' lang='lat' dir='ltr'>menses</span> 
     </span>
    </p>
   </div>
   <div class='ocr_carea' id='block_1_33' title="bbox 206 2419 1806 2494">
    <p class='ocr_par' dir='ltr' id='par_1_33' title="bbox 206 2419 1806 2494">
     <span class='ocr_line' id='line_1_33' title="bbox 206 2419 1806 2494; baseline 0.003 -21"><span class='ocrx_word' id='word_1_285' title='bbox 206 2419 429 2488; x_wconf 83' lang='lat' dir='ltr'>aliquot</span> <span class='ocrx_word' id='word_1_286' title='bbox 459 2420 875 2486; x_wconf 80' lang='lat' dir='ltr'>ministrabant,</span> <span class='ocrx_word' id='word_1_287' title='bbox 902 2422 1233 2492; x_wconf 79' lang='lat' dir='ltr'>dignaretur</span> <span class='ocrx_word' id='word_1_288' title='bbox 1261 2424 1529 2494; x_wconf 86' lang='lat' dir='ltr'>accipere,</span> <span class='ocrx_word' id='word_1_289' title='bbox 1558 2430 1612 2478; x_wconf 91' lang='lat' dir='ltr'>et</span> <span class='ocrx_word' id='word_1_290' title='bbox 1645 2424 1806 2477; x_wconf 89' lang='lat' dir='ltr'>senili</span> 
     </span>
    </p>
   </div>
   <div class='ocr_carea' id='block_1_34' title="bbox 207 2508 939 2565">
    <p class='ocr_par' dir='ltr' id='par_1_34' title="bbox 207 2508 939 2565">
     <span class='ocr_line' id='line_1_34' title="bbox 207 2508 939 2565; baseline 0.005 -5"><span class='ocrx_word' id='word_1_291' title='bbox 207 2508 492 2565; x_wconf 86' lang='lat' dir='ltr'>modicum</span> <span class='ocrx_word' id='word_1_292' title='bbox 522 2509 739 2565; x_wconf 81' lang='lat' dir='ltr'>laxaret</span> <span class='ocrx_word' id='word_1_293' title='bbox 766 2511 939 2565; x_wconf 65' lang='lat' dir='ltr'>aetati.</span> 
     </span>
    </p>
   </div>
   <div class='ocr_carea' id='block_1_35' title="bbox 278 2598 1809 2671">
    <p class='ocr_par' dir='ltr' id='par_1_35' title="bbox 278 2598 1809 2671">
     <span class='ocr_line' id='line_1_35' title="bbox 278 2598 1809 2671; baseline 0.002 -18"><span class='ocrx_word' id='word_1_294' title='bbox 278 2598 429 2653; x_wconf 84' lang='lat' dir='ltr'>Proh</span> <span class='ocrx_word' id='word_1_295' title='bbox 458 2598 650 2654; x_wconf 83' lang='lat' dir='ltr'>nefas!</span> <span class='ocrx_word' id='word_1_296' title='bbox 686 2606 925 2669; x_wconf 89' lang='lat' dir='ltr'>quantas</span> <span class='ocrx_word' id='word_1_297' title='bbox 955 2599 1032 2654; x_wconf 91' lang='lat' dir='ltr'>ibi</span> <span class='ocrx_word' id='word_1_298' title='bbox 1069 2618 1403 2656; x_wconf 89' lang='lat' dir='ltr'>conversans</span> <span class='ocrx_word' id='word_1_299' title='bbox 1430 2608 1694 2671; x_wconf 86' lang='lat' dir='ltr'>expertus</span> <span class='ocrx_word' id='word_1_300' title='bbox 1724 2608 1809 2656; x_wconf 89' lang='lat' dir='ltr'>est</span> 
     </span>
    </p>
   </div>
   <div class='ocr_carea' id='block_1_36' title="bbox 209 2686 1807 2761">
    <p class='ocr_par' dir='ltr' id='par_1_36' title="bbox 209 2686 1807 2761">
     <span class='ocr_line' id='line_1_36' title="bbox 209 2686 1807 2761; baseline 0.003 -22"><span class='ocrx_word' id='word_1_301' title='bbox 209 2686 412 2742; x_wconf 82' lang='lat' dir='ltr'>luctas.</span> <span class='ocrx_word' id='word_1_302' title='bbox 445 2688 608 2752; x_wconf 77' lang='lat' dir='ltr'>Vere,</span> <span class='ocrx_word' id='word_1_303' title='bbox 633 2689 939 2744; x_wconf 86' lang='lat' dir='ltr'>secundum</span> <span class='ocrx_word' id='word_1_304' title='bbox 966 2691 1115 2760; x_wconf 91' lang='lat' dir='ltr'>quod</span> <span class='ocrx_word' id='word_1_305' title='bbox 1144 2691 1415 2761; x_wconf 87' lang='lat' dir='ltr'>scriptum</span> <span class='ocrx_word' id='word_1_306' title='bbox 1447 2698 1547 2753; x_wconf 84' lang='lat' dir='ltr'>est,</span> <span class='ocrx_word' id='word_1_307' title='bbox 1584 2708 1696 2745; x_wconf 90' lang='lat' dir='ltr'>non</span> <span class='ocrx_word' id='word_1_308' title='bbox 1726 2692 1807 2744; x_wconf 93' lang='lat' dir='ltr'>illi</span> 
     </span>
    </p>
   </div>
   <div class='ocr_carea' id='block_1_37' title="bbox 203 2776 1801 2848">
    <p class='ocr_par' dir='ltr' id='par_1_37' title="bbox 203 2776 1801 2848">
     <span class='ocr_line' id='line_1_37' title="bbox 203 2776 1801 2848; baseline 0.004 -21"><span class='ocrx_word' id='word_1_309' title='bbox 203 2776 475 2830; x_wconf 88' lang='lat' dir='ltr'>adversus</span> <span class='ocrx_word' id='word_1_310' title='bbox 493 2793 718 2832; x_wconf 89' lang='lat' dir='ltr'>carnem</span> <span class='ocrx_word' id='word_1_311' title='bbox 736 2784 793 2831; x_wconf 91' lang='lat' dir='ltr'>et</span> <span class='ocrx_word' id='word_1_312' title='bbox 807 2779 1137 2848; x_wconf 83' lang='lat' dir='ltr'>sanguinem</span> <span class='ocrx_word' id='word_1_313' title='bbox 1149 2780 1320 2834; x_wconf 88' lang='lat' dir='ltr'>fuisse</span> <span class='ocrx_word' id='word_1_314' title='bbox 1332 2781 1801 2844; x_wconf 85' lang='lat' dir='ltr'>colluctationem,</span> 
     </span>
    </p>
   </div>
   <div class='ocr_carea' id='block_1_38' title="bbox 202 2865 1801 2939">
    <p class='ocr_par' dir='ltr' id='par_1_38' title="bbox 202 2865 1801 2939">
     <span class='ocr_line' id='line_1_38' title="bbox 202 2865 1801 2939; baseline 0.002 -20"><span class='ocrx_word' id='word_1_315' title='bbox 202 2865 305 2919; x_wconf 90' lang='lat' dir='ltr'>sed</span> <span class='ocrx_word' id='word_1_316' title='bbox 331 2865 600 2921; x_wconf 67' lang='lat' dir='ltr'>adversus</span> <span class='ocrx_word' id='word_1_317' title='bbox 624 2867 969 2938; x_wconf 87' lang='lat' dir='ltr'>principatus</span> <span class='ocrx_word' id='word_1_318' title='bbox 994 2874 1051 2921; x_wconf 90' lang='lat' dir='ltr'>et</span> <span class='ocrx_word' id='word_1_319' title='bbox 1088 2874 1395 2938; x_wconf 90' lang='lat' dir='ltr'>potestates</span> <span class='ocrx_word' id='word_1_320' title='bbox 1427 2871 1635 2937; x_wconf 60' lang='lat' dir='ltr'>(Ep/(rs.</span> <span class='ocrx_word' id='word_1_321' title='bbox 1676 2870 1765 2939; x_wconf 63' lang='lat' dir='ltr'>TI)</span> <span class='ocrx_word' id='word_1_322' title='bbox 1790 2888 1801 2936; x_wconf 90' lang='lat'><strong>;</strong></span> 
     </span>
    </p>
   </div>
   <div class='ocr_carea' id='block_1_39' title="bbox 204 2953 1805 3027">
    <p class='ocr_par' dir='ltr' id='par_1_39' title="bbox 204 2953 1805 3027">
     <span class='ocr_line' id='line_1_39' title="bbox 204 2953 1805 3027; baseline 0.002 -20"><span class='ocrx_word' id='word_1_323' title='bbox 204 2953 275 3007; x_wconf 90' lang='lat' dir='ltr'>ab</span> <span class='ocrx_word' id='word_1_324' title='bbox 316 2953 403 3008; x_wconf 87' lang='lat' dir='ltr'>his</span> <span class='ocrx_word' id='word_1_325' title='bbox 431 2954 527 3024; x_wconf 89' lang='lat' dir='ltr'>qui</span> <span class='ocrx_word' id='word_1_326' title='bbox 569 2955 639 3009; x_wconf 85' lang='lat' dir='ltr'>ad</span> <span class='ocrx_word' id='word_1_327' title='bbox 674 2973 801 3012; x_wconf 90' lang='lat' dir='ltr'>eum</span> <span class='ocrx_word' id='word_1_328' title='bbox 832 2956 1297 3025; x_wconf 82' lang='lat' dir='ltr'>ingrediebantur</span> <span class='ocrx_word' id='word_1_329' title='bbox 1331 2958 1677 3027; x_wconf 82' lang='lat' dir='ltr'>agnovimus.</span> <span class='ocrx_word' id='word_1_330' title='bbox 1718 2958 1805 3013; x_wconf 90' lang='lat' dir='ltr'>Illi</span> 
     </span>
    </p>
   </div>
   <div class='ocr_carea' id='block_1_40' title="bbox 204 3043 1800 3117">
    <p class='ocr_par' dir='ltr' id='par_1_40' title="bbox 204 3043 1800 3117">
     <span class='ocr_line' id='line_1_40' title="bbox 204 3043 1800 3117; baseline 0.003 -21"><span class='ocrx_word' id='word_1_331' title='bbox 204 3043 357 3097; x_wconf 86' lang='lat' dir='ltr'>enim</span> <span class='ocrx_word' id='word_1_332' title='bbox 380 3045 658 3099; x_wconf 88' lang='lat' dir='ltr'>tumultus</span> <span class='ocrx_word' id='word_1_333' title='bbox 675 3053 732 3099; x_wconf 89' lang='lat' dir='ltr'>et</span> <span class='ocrx_word' id='word_1_334' title='bbox 752 3063 909 3101; x_wconf 90' lang='lat' dir='ltr'>voces</span> <span class='ocrx_word' id='word_1_335' title='bbox 926 3047 1137 3117; x_wconf 89' lang='lat' dir='ltr'>populi,</span> <span class='ocrx_word' id='word_1_336' title='bbox 1155 3064 1555 3117; x_wconf 88' lang='lat' dir='ltr'>armorumque</span> <span class='ocrx_word' id='word_1_337' title='bbox 1567 3048 1800 3111; x_wconf 89' lang='lat' dir='ltr'>sonitus,</span> 
     </span>
    </p>
   </div>
   <div class='ocr_carea' id='block_1_41' title="bbox 1967 1888 3498 1959">
    <p class='ocr_par' dir='ltr' id='par_1_41' title="bbox 1967 1888 3498 1959">
     <span class='ocr_line' id='line_1_41' title="bbox 1967 1888 3498 1959; baseline -0.001 -15"><span class='ocrx_word' id='word_1_338' title='bbox 1967 1892 2098 1944; x_wconf 71' lang='lat' dir='ltr'>CAP.</span> <span class='ocrx_word' id='word_1_339' title='bbox 2132 1889 2354 1944; x_wconf 78' lang='lat' dir='ltr'><strong>XXVII.</strong></span> <span class='ocrx_word' id='word_1_340' title='bbox 2390 1920 2454 1930; x_wconf 95' lang='lat'><strong><em>—</em></strong></span> <span class='ocrx_word' id='word_1_341' title='bbox 2471 1890 2595 1943; x_wconf 90' lang='lat' dir='ltr'>Non</span> <span class='ocrx_word' id='word_1_342' title='bbox 2619 1888 2836 1957; x_wconf 85' lang='lat' dir='ltr'>grande</span> <span class='ocrx_word' id='word_1_343' title='bbox 2859 1893 2987 1957; x_wconf 89' lang='lat' dir='ltr'>post</span> <span class='ocrx_word' id='word_1_344' title='bbox 3024 1888 3135 1942; x_wconf 87' lang='lat' dir='ltr'>ista</span> <span class='ocrx_word' id='word_1_345' title='bbox 3156 1893 3382 1959; x_wconf 90' lang='lat' dir='ltr'>tempus</span> <span class='ocrx_word' id='word_1_346' title='bbox 3401 1904 3498 1942; x_wconf 82' lang='lat' dir='ltr'>ex-</span> 
     </span>
    </p>
   </div>
   <div class='ocr_carea' id='block_1_42' title="bbox 1894 1976 3500 2047">
    <p class='ocr_par' dir='ltr' id='par_1_42' title="bbox 1894 1976 3500 2047">
     <span class='ocr_line' id='line_1_42' title="bbox 1894 1976 3500 2047; baseline -0.001 -14"><span class='ocrx_word' id='word_1_347' title='bbox 1894 1985 2155 2043; x_wconf 85' lang='lat' dir='ltr'>cesserat,</span> <span class='ocrx_word' id='word_1_348' title='bbox 2184 1984 2241 2033; x_wconf 91' lang='lat' dir='ltr'>et</span> <span class='ocrx_word' id='word_1_349' title='bbox 2264 1984 2551 2032; x_wconf 86' lang='lat' dir='ltr'>tantarum</span> <span class='ocrx_word' id='word_1_350' title='bbox 2570 1978 2926 2032; x_wconf 89' lang='lat' dir='ltr'>victoriarum</span> <span class='ocrx_word' id='word_1_351' title='bbox 2938 1977 3106 2031; x_wconf 87' lang='lat' dir='ltr'>homo</span> <span class='ocrx_word' id='word_1_352' title='bbox 3126 1976 3361 2031; x_wconf 84' lang='lat' dir='ltr'>fratrum</span> <span class='ocrx_word' id='word_1_353' title='bbox 3374 1992 3500 2047; x_wconf 80' lang='lat' dir='ltr'>pre-</span> 
     </span>
    </p>
   </div>
   <div class='ocr_carea' id='block_1_43' title="bbox 1893 2066 3497 2137">
    <p class='ocr_par' dir='ltr' id='par_1_43' title="bbox 1893 2066 3497 2137">
     <span class='ocr_line' id='line_1_43' title="bbox 1893 2066 3497 2137; baseline -0.001 -16"><span class='ocrx_word' id='word_1_354' title='bbox 1893 2070 2049 2123; x_wconf 90' lang='lat' dir='ltr'>cibus</span> <span class='ocrx_word' id='word_1_355' title='bbox 2094 2069 2351 2122; x_wconf 80' lang='lat' dir='ltr'>vincitur.</span> <span class='ocrx_word' id='word_1_356' title='bbox 2394 2070 2441 2122; x_wconf 86' lang='lat' dir='ltr'><strong>A</strong></span> <span class='ocrx_word' id='word_1_357' title='bbox 2492 2067 2785 2121; x_wconf 88' lang='lat' dir='ltr'>monachis</span> <span class='ocrx_word' id='word_1_358' title='bbox 2823 2066 2974 2121; x_wconf 89' lang='lat' dir='ltr'>enim</span> <span class='ocrx_word' id='word_1_359' title='bbox 3016 2071 3269 2137; x_wconf 87' lang='lat' dir='ltr'>rogatus,</span> <span class='ocrx_word' id='word_1_360' title='bbox 3299 2070 3366 2120; x_wconf 92' lang='lat' dir='ltr'>ut</span> <span class='ocrx_word' id='word_1_361' title='bbox 3401 2083 3497 2119; x_wconf 90' lang='lat' dir='ltr'>eos</span> 
     </span>
    </p>
   </div>
   <div class='ocr_carea' id='block_1_44' title="bbox 1894 2156 3495 2227">
    <p class='ocr_par' dir='ltr' id='par_1_44' title="bbox 1894 2156 3495 2227">
     <span class='ocr_line' id='line_1_44' title="bbox 1894 2156 3495 2227; baseline -0.001 -16"><span class='ocrx_word' id='word_1_362' title='bbox 1894 2159 2224 2227; x_wconf 78' lang='lat' dir='ltr'>dignaretur</span> <span class='ocrx_word' id='word_1_363' title='bbox 2252 2157 2509 2219; x_wconf 84' lang='lat' dir='ltr'>invisere,</span> <span class='ocrx_word' id='word_1_364' title='bbox 2544 2174 2655 2211; x_wconf 87' lang='lat' dir='ltr'>una</span> <span class='ocrx_word' id='word_1_365' title='bbox 2684 2173 2809 2210; x_wconf 91' lang='lat' dir='ltr'>cum</span> <span class='ocrx_word' id='word_1_366' title='bbox 2840 2156 2928 2209; x_wconf 88' lang='lat' dir='ltr'>his</span> <span class='ocrx_word' id='word_1_367' title='bbox 2951 2156 3229 2227; x_wconf 83' lang='lat' dir='ltr'>profectus</span> <span class='ocrx_word' id='word_1_368' title='bbox 3250 2160 3355 2218; x_wconf 86' lang='lat' dir='ltr'>est,</span> <span class='ocrx_word' id='word_1_369' title='bbox 3386 2156 3495 2209; x_wconf 91' lang='lat' dir='ltr'>im-</span> 
     </span>
    </p>
   </div>
   <div class='ocr_carea' id='block_1_45' title="bbox 1895 2245 3497 2319">
    <p class='ocr_par' dir='ltr' id='par_1_45' title="bbox 1895 2245 3497 2319">
     <span class='ocr_line' id='line_1_45' title="bbox 1895 2245 3497 2319; baseline -0.001 -18"><span class='ocrx_word' id='word_1_370' title='bbox 1895 2249 2089 2319; x_wconf 84' lang='lat' dir='ltr'>positis</span> <span class='ocrx_word' id='word_1_371' title='bbox 2111 2248 2324 2300; x_wconf 85' lang='lat' dir='ltr'>camelo</span> <span class='ocrx_word' id='word_1_372' title='bbox 2353 2264 2501 2317; x_wconf 88' lang='lat' dir='ltr'>aqua</span> <span class='ocrx_word' id='word_1_373' title='bbox 2522 2252 2578 2300; x_wconf 89' lang='lat' dir='ltr'>et</span> <span class='ocrx_word' id='word_1_374' title='bbox 2600 2245 2855 2316; x_wconf 89' lang='lat' dir='ltr'>panibus,</span> <span class='ocrx_word' id='word_1_375' title='bbox 2881 2246 3014 2316; x_wconf 85' lang='lat' dir='ltr'>quia</span> <span class='ocrx_word' id='word_1_376' title='bbox 3032 2261 3333 2315; x_wconf 89' lang='lat' dir='ltr'>nusquam,</span> <span class='ocrx_word' id='word_1_377' title='bbox 3356 2262 3497 2315; x_wconf 75' lang='lat' dir='ltr'>prse-</span> 
     </span>
    </p>
   </div>
   <div class='ocr_carea' id='block_1_46' title="bbox 1891 2333 3494 2405">
    <p class='ocr_par' dir='ltr' id='par_1_46' title="bbox 1891 2333 3494 2405">
     <span class='ocr_line' id='line_1_46' title="bbox 1891 2333 3494 2405; baseline -0.002 -14"><span class='ocrx_word' id='word_1_378' title='bbox 1891 2344 1979 2391; x_wconf 88' lang='lat' dir='ltr'>ter</span> <span class='ocrx_word' id='word_1_379' title='bbox 2010 2336 2335 2391; x_wconf 85' lang='lat' dir='ltr'>monasterii</span> <span class='ocrx_word' id='word_1_380' title='bbox 2368 2337 2549 2390; x_wconf 91' lang='lat' dir='ltr'>locum</span> <span class='ocrx_word' id='word_1_381' title='bbox 2590 2353 2655 2389; x_wconf 84' lang='lat' dir='ltr'>ex</span> <span class='ocrx_word' id='word_1_382' title='bbox 2695 2352 2805 2405; x_wconf 92' lang='lat' dir='ltr'>quo</span> <span class='ocrx_word' id='word_1_383' title='bbox 2854 2336 3179 2399; x_wconf 86' lang='lat' dir='ltr'>hauserant,</span> <span class='ocrx_word' id='word_1_384' title='bbox 3232 2333 3494 2403; x_wconf 86' lang='lat' dir='ltr'>potabilis</span> 
     </span>
    </p>
   </div>
   <div class='ocr_carea' id='block_1_47' title="bbox 1891 2423 3495 2498">
    <p class='ocr_par' dir='ltr' id='par_1_47' title="bbox 1891 2423 3495 2498">
     <span class='ocr_line' id='line_1_47' title="bbox 1891 2423 3495 2498; baseline -0.001 -18"><span class='ocrx_word' id='word_1_385' title='bbox 1891 2444 2038 2498; x_wconf 87' lang='lat' dir='ltr'>aqua</span> <span class='ocrx_word' id='word_1_386' title='bbox 2062 2442 2163 2497; x_wconf 89' lang='lat' dir='ltr'>per</span> <span class='ocrx_word' id='word_1_387' title='bbox 2196 2431 2449 2479; x_wconf 88' lang='lat' dir='ltr'>arentem</span> <span class='ocrx_word' id='word_1_388' title='bbox 2476 2425 2618 2479; x_wconf 89' lang='lat' dir='ltr'>viam</span> <span class='ocrx_word' id='word_1_389' title='bbox 2637 2423 3040 2494; x_wconf 87' lang='lat' dir='ltr'>reperiebatur.</span> <span class='ocrx_word' id='word_1_390' title='bbox 3066 2424 3275 2478; x_wconf 87' lang='lat' dir='ltr'>Verum</span> <span class='ocrx_word' id='word_1_391' title='bbox 3302 2423 3360 2478; x_wconf 90' lang='lat' dir='ltr'>in</span> <span class='ocrx_word' id='word_1_392' title='bbox 3381 2440 3495 2478; x_wconf 89' lang='lat' dir='ltr'>me-</span> 
     </span>
    </p>
   </div>
   <div class='ocr_carea' id='block_1_48' title="bbox 1890 2512 3491 2569">
    <p class='ocr_par' dir='ltr' id='par_1_48' title="bbox 1890 2512 3491 2569">
     <span class='ocr_line' id='line_1_48' title="bbox 1890 2512 3491 2569; baseline -0.001 0"><span class='ocrx_word' id='word_1_393' title='bbox 1890 2517 1981 2569; x_wconf 93' lang='lat' dir='ltr'>dio</span> <span class='ocrx_word' id='word_1_394' title='bbox 2011 2516 2213 2569; x_wconf 89' lang='lat' dir='ltr'>itinere</span> <span class='ocrx_word' id='word_1_395' title='bbox 2245 2514 2467 2568; x_wconf 86' lang='lat' dir='ltr'>bibendi</span> <span class='ocrx_word' id='word_1_396' title='bbox 2508 2513 2759 2567; x_wconf 86' lang='lat' dir='ltr'>subsidia</span> <span class='ocrx_word' id='word_1_397' title='bbox 2802 2513 3144 2568; x_wconf 85' lang='lat' dir='ltr'>defecerunt.</span> <span class='ocrx_word' id='word_1_398' title='bbox 3184 2512 3368 2567; x_wconf 78' lang='lat' dir='ltr'>Ardor</span> <span class='ocrx_word' id='word_1_399' title='bbox 3403 2512 3491 2567; x_wconf 87' lang='lat' dir='ltr'>ni-</span> 
     </span>
    </p>
   </div>
   <div class='ocr_carea' id='block_1_49' title="bbox 1891 2602 3490 2668">
    <p class='ocr_par' dir='ltr' id='par_1_49' title="bbox 1891 2602 3490 2668">
     <span class='ocr_line' id='line_1_49' title="bbox 1891 2602 3490 2668; baseline -0.004 -10"><span class='ocrx_word' id='word_1_400' title='bbox 1891 2606 2059 2668; x_wconf 89' lang='lat' dir='ltr'>mius,</span> <span class='ocrx_word' id='word_1_401' title='bbox 2080 2602 2646 2665; x_wconf 77' lang='lat' dir='ltr'>aestusintolerabilis,</span> <span class='ocrx_word' id='word_1_402' title='bbox 2673 2609 2910 2656; x_wconf 88' lang='lat' dir='ltr'>mortem</span> <span class='ocrx_word' id='word_1_403' title='bbox 2923 2608 3124 2656; x_wconf 90' lang='lat' dir='ltr'>cuncta</span> <span class='ocrx_word' id='word_1_404' title='bbox 3135 2602 3490 2656; x_wconf 88' lang='lat' dir='ltr'>minitantur.</span> 
     </span>
    </p>
   </div>
   <div class='ocr_carea' id='block_1_50' title="bbox 1891 2690 3495 2765">
    <p class='ocr_par' dir='ltr' id='par_1_50' title="bbox 1891 2690 3495 2765">
     <span class='ocr_line' id='line_1_50' title="bbox 1891 2690 3495 2765; baseline -0.002 -18"><span class='ocrx_word' id='word_1_405' title='bbox 1891 2695 2274 2757; x_wconf 88' lang='lat' dir='ltr'>Circumeunt,</span> <span class='ocrx_word' id='word_1_406' title='bbox 2309 2698 2366 2746; x_wconf 90' lang='lat' dir='ltr'>et</span> <span class='ocrx_word' id='word_1_407' title='bbox 2400 2698 2661 2761; x_wconf 65' lang='lat' dir='ltr'>quaerunt</span> <span class='ocrx_word' id='word_1_408' title='bbox 2704 2693 2903 2745; x_wconf 88' lang='lat' dir='ltr'>saltem</span> <span class='ocrx_word' id='word_1_409' title='bbox 2951 2691 3240 2765; x_wconf 84' lang='lat' dir='ltr'>collectam</span> <span class='ocrx_word' id='word_1_410' title='bbox 3294 2690 3495 2761; x_wconf 88' lang='lat' dir='ltr'>pluviis</span> 
     </span>
    </p>
   </div>
   <div class='ocr_carea' id='block_1_51' title="bbox 1891 2779 3493 2851">
    <p class='ocr_par' dir='ltr' id='par_1_51' title="bbox 1891 2779 3493 2851">
     <span class='ocr_line' id='line_1_51' title="bbox 1891 2779 3493 2851; baseline -0.003 -15"><span class='ocrx_word' id='word_1_411' title='bbox 1891 2784 2147 2836; x_wconf 85' lang='lat' dir='ltr'>lacunam</span> <span class='ocrx_word' id='word_1_412' title='bbox 2158 2823 2171 2845; x_wconf 94' lang='lat'>,</span> <span class='ocrx_word' id='word_1_413' title='bbox 2186 2782 2323 2836; x_wconf 87' lang='lat' dir='ltr'>nihil</span> <span class='ocrx_word' id='word_1_414' title='bbox 2338 2798 2566 2851; x_wconf 87' lang='lat' dir='ltr'>prorsus</span> <span class='ocrx_word' id='word_1_415' title='bbox 2586 2780 2841 2845; x_wconf 88' lang='lat' dir='ltr'>remedii,</span> <span class='ocrx_word' id='word_1_416' title='bbox 2860 2780 3000 2835; x_wconf 85' lang='lat' dir='ltr'>nihil</span> <span class='ocrx_word' id='word_1_417' title='bbox 3015 2780 3258 2834; x_wconf 89' lang='lat' dir='ltr'>occurrit</span> <span class='ocrx_word' id='word_1_418' title='bbox 3268 2779 3493 2849; x_wconf 90' lang='lat' dir='ltr'>penitus</span> 
     </span>
    </p>
   </div>
   <div class='ocr_carea' id='block_1_52' title="bbox 1890 2870 3494 2940">
    <p class='ocr_par' dir='ltr' id='par_1_52' title="bbox 1890 2870 3494 2940">
     <span class='ocr_line' id='line_1_52' title="bbox 1890 2870 3494 2940; baseline -0.003 -14"><span class='ocrx_word' id='word_1_419' title='bbox 1890 2873 1961 2926; x_wconf 89' lang='lat' dir='ltr'>ad</span> <span class='ocrx_word' id='word_1_420' title='bbox 1992 2873 2251 2925; x_wconf 89' lang='lat' dir='ltr'>salutem.</span> <span class='ocrx_word' id='word_1_421' title='bbox 2274 2871 2534 2925; x_wconf 87' lang='lat' dir='ltr'>Camelus</span> <span class='ocrx_word' id='word_1_422' title='bbox 2556 2870 2715 2940; x_wconf 87' lang='lat' dir='ltr'>quasi</span> <span class='ocrx_word' id='word_1_423' title='bbox 2738 2870 3022 2939; x_wconf 90' lang='lat' dir='ltr'>periturus</span> <span class='ocrx_word' id='word_1_424' title='bbox 3044 2870 3231 2939; x_wconf 88' lang='lat' dir='ltr'>etipse</span> <span class='ocrx_word' id='word_1_425' title='bbox 3250 2874 3494 2925; x_wconf 67' lang='lat' dir='ltr'>aestuans</span> 
     </span>
    </p>
   </div>
   <div class='ocr_carea' id='block_1_53' title="bbox 1889 2957 3497 3029">
    <p class='ocr_par' dir='ltr' id='par_1_53' title="bbox 1889 2957 3497 3029">
     <span class='ocr_line' id='line_1_53' title="bbox 1889 2957 3497 3029; baseline -0.001 -15"><span class='ocrx_word' id='word_1_426' title='bbox 1889 2961 2215 3024; x_wconf 86' lang='lat' dir='ltr'>dimittitur,</span> <span class='ocrx_word' id='word_1_427' title='bbox 2248 2960 2537 3014; x_wconf 67' lang='lat' dir='ltr'>aestuantis</span> <span class='ocrx_word' id='word_1_428' title='bbox 2562 2958 3041 3029; x_wconf 80' lang='lat' dir='ltr'>pectusexuritur,</span> <span class='ocrx_word' id='word_1_429' title='bbox 3064 2964 3123 3013; x_wconf 90' lang='lat' dir='ltr'>et</span> <span class='ocrx_word' id='word_1_430' title='bbox 3152 2957 3276 3013; x_wconf 85' lang='lat' dir='ltr'>sitis</span> <span class='ocrx_word' id='word_1_431' title='bbox 3304 2958 3497 3026; x_wconf 85' lang='lat' dir='ltr'>despe-</span> 
     </span>
    </p>
   </div>
   <div class='ocr_carea' id='block_1_54' title="bbox 1887 3048 3495 3105">
    <p class='ocr_par' dir='ltr' id='par_1_54' title="bbox 1887 3048 3495 3105">
     <span class='ocr_line' id='line_1_54' title="bbox 1887 3048 3495 3105; baseline -0.002 -1"><span class='ocrx_word' id='word_1_432' title='bbox 1887 3050 2106 3104; x_wconf 86' lang='lat' dir='ltr'>ratione</span> <span class='ocrx_word' id='word_1_433' title='bbox 2136 3049 2408 3103; x_wconf 85' lang='lat' dir='ltr'>fervescit.</span> <span class='ocrx_word' id='word_1_434' title='bbox 2446 3048 2617 3103; x_wconf 82' lang='lat' dir='ltr'>Movit</span> <span class='ocrx_word' id='word_1_435' title='bbox 2645 3064 2836 3103; x_wconf 82' lang='lat' dir='ltr'>senem</span> <span class='ocrx_word' id='word_1_436' title='bbox 2867 3048 3109 3105; x_wconf 84' lang='lat' dir='ltr'>fratrum</span> <span class='ocrx_word' id='word_1_437' title='bbox 3140 3063 3328 3103; x_wconf 88' lang='lat' dir='ltr'>secum</span> <span class='ocrx_word' id='word_1_438' title='bbox 3340 3063 3495 3101; x_wconf 90' lang='lat' dir='ltr'>com-</span> 
     </span>
    </p>
   </div>
   <div class='ocr_carea' id='block_1_55' title="bbox 204 3134 3499 3207">
    <p class='ocr_par' dir='ltr' id='par_1_55' title="bbox 204 3134 3499 3207">
     <span class='ocr_line' id='line_1_55' title="bbox 204 3134 3499 3207; baseline 0.002 -23"><span class='ocrx_word' id='word_1_439' title='bbox 204 3149 441 3202; x_wconf 90' lang='lat' dir='ltr'>prorsus</span> <span class='ocrx_word' id='word_1_440' title='bbox 469 3134 697 3204; x_wconf 89' lang='lat' dir='ltr'>plenum</span> <span class='ocrx_word' id='word_1_441' title='bbox 730 3142 974 3189; x_wconf 89' lang='lat' dir='ltr'>montem</span> <span class='ocrx_word' id='word_1_442' title='bbox 1008 3136 1327 3191; x_wconf 76' lang='lat' dir='ltr'>dzemonum</span> <span class='ocrx_word' id='word_1_443' title='bbox 1357 3136 1716 3190; x_wconf 84' lang='lat' dir='ltr'>multitudine</span> <span class='ocrx_word' id='word_1_444' title='bbox 1744 3149 1861 3207; x_wconf 76' lang='lat' dir='ltr'>sec</span> <span class='ocrx_word' id='word_1_445' title='bbox 1890 3156 2060 3193; x_wconf 89' lang='lat' dir='ltr'>mune</span> <span class='ocrx_word' id='word_1_446' title='bbox 2103 3139 2423 3204; x_wconf 88' lang='lat' dir='ltr'>discrimen,</span> <span class='ocrx_word' id='word_1_447' title='bbox 2447 3144 2502 3191; x_wconf 90' lang='lat' dir='ltr'>et</span> <span class='ocrx_word' id='word_1_448' title='bbox 2518 3137 3004 3192; x_wconf 81' lang='lat' dir='ltr'>vehementissime</span> <span class='ocrx_word' id='word_1_449' title='bbox 3025 3135 3391 3191; x_wconf 88' lang='lat' dir='ltr'>contristatus</span> <span class='ocrx_word' id='word_1_450' title='bbox 3412 3136 3499 3191; x_wconf 91' lang='lat' dir='ltr'>in-</span> 
     </span>
    </p>
   </div>
   <div class='ocr_carea' id='block_1_56' title="bbox 206 3221 1803 3295">
    <p class='ocr_par' dir='ltr' id='par_1_56' title="bbox 206 3221 1803 3295">
     <span class='ocr_line' id='line_1_56' title="bbox 206 3221 1803 3295; baseline 0.005 -23"><span class='ocrx_word' id='word_1_451' title='bbox 206 3221 412 3276; x_wconf 84' lang='lat' dir='ltr'>vidisse</span> <span class='ocrx_word' id='word_1_452' title='bbox 443 3222 791 3279; x_wconf 88' lang='lat' dir='ltr'>referebant:</span> <span class='ocrx_word' id='word_1_453' title='bbox 824 3225 1011 3295; x_wconf 88' lang='lat' dir='ltr'>ipsum</span> <span class='ocrx_word' id='word_1_454' title='bbox 1027 3225 1195 3279; x_wconf 87' lang='lat' dir='ltr'>etiam</span> <span class='ocrx_word' id='word_1_455' title='bbox 1217 3226 1374 3295; x_wconf 85' lang='lat' dir='ltr'>quasi</span> <span class='ocrx_word' id='word_1_456' title='bbox 1404 3230 1600 3280; x_wconf 89' lang='lat' dir='ltr'>contra</span> <span class='ocrx_word' id='word_1_457' title='bbox 1619 3226 1803 3281; x_wconf 86' lang='lat' dir='ltr'>inimi-</span> 
     </span>
    </p>
   </div>
   <div class='ocr_carea' id='block_1_57' title="bbox 206 3311 1803 3381">
    <p class='ocr_par' dir='ltr' id='par_1_57' title="bbox 206 3311 1803 3381">
     <span class='ocr_line' id='line_1_57' title="bbox 206 3311 1803 3381; baseline 0.003 -18"><span class='ocrx_word' id='word_1_458' title='bbox 206 3327 300 3365; x_wconf 89' lang='lat' dir='ltr'>cos</span> <span class='ocrx_word' id='word_1_459' title='bbox 330 3311 518 3381; x_wconf 82' lang='lat' dir='ltr'>palam</span> <span class='ocrx_word' id='word_1_460' title='bbox 548 3313 899 3369; x_wconf 89' lang='lat' dir='ltr'>resistentem</span> <span class='ocrx_word' id='word_1_461' title='bbox 929 3320 987 3367; x_wconf 90' lang='lat' dir='ltr'>et</span> <span class='ocrx_word' id='word_1_462' title='bbox 1013 3314 1233 3368; x_wconf 88' lang='lat' dir='ltr'>fortiter</span> <span class='ocrx_word' id='word_1_463' title='bbox 1258 3315 1671 3369; x_wconf 87' lang='lat' dir='ltr'>colluctantem.</span> <span class='ocrx_word' id='word_1_464' title='bbox 1696 3315 1803 3378; x_wconf 91' lang='lat' dir='ltr'>Qui</span> 
     </span>
    </p>
   </div>
   <div class='ocr_carea' id='block_1_58' title="bbox 205 3402 1805 3469">
    <p class='ocr_par' dir='ltr' id='par_1_58' title="bbox 205 3402 1805 3469">
     <span class='ocr_line' id='line_1_58' title="bbox 205 3402 1805 3469; baseline 0.003 -14"><span class='ocrx_word' id='word_1_465' title='bbox 205 3408 400 3455; x_wconf 88' lang='lat' dir='ltr'>tamen</span> <span class='ocrx_word' id='word_1_466' title='bbox 420 3408 478 3455; x_wconf 92' lang='lat' dir='ltr'>et</span> <span class='ocrx_word' id='word_1_467' title='bbox 497 3402 856 3457; x_wconf 80' lang='lat' dir='ltr'>advenientes</span> <span class='ocrx_word' id='word_1_468' title='bbox 876 3420 975 3458; x_wconf 93' lang='lat' dir='ltr'>suo</span> <span class='ocrx_word' id='word_1_469' title='bbox 993 3404 1276 3458; x_wconf 86' lang='lat' dir='ltr'>refovebat</span> <span class='ocrx_word' id='word_1_470' title='bbox 1302 3406 1547 3469; x_wconf 84' lang='lat' dir='ltr'>hortatu,</span> <span class='ocrx_word' id='word_1_471' title='bbox 1573 3411 1630 3459; x_wconf 91' lang='lat' dir='ltr'>et</span> <span class='ocrx_word' id='word_1_472' title='bbox 1650 3406 1805 3459; x_wconf 76' lang='lat' dir='ltr'>flexis</span> 
     </span>
    </p>
   </div>
   <div class='ocr_carea' id='block_1_59' title="bbox 198 3489 1805 3562">
    <p class='ocr_par' dir='ltr' id='par_1_59' title="bbox 198 3489 1805 3562">
     <span class='ocr_line' id='line_1_59' title="bbox 198 3489 1805 3562; baseline 0.002 -19"><span class='ocrx_word' id='word_1_473' title='bbox 198 3489 462 3559; x_wconf 88' lang='lat' dir='ltr'>genibus,</span> <span class='ocrx_word' id='word_1_474' title='bbox 496 3491 671 3546; x_wconf 87' lang='lat' dir='ltr'>armis</span> <span class='ocrx_word' id='word_1_475' title='bbox 700 3509 919 3562; x_wconf 87' lang='lat' dir='ltr'>quoque</span> <span class='ocrx_word' id='word_1_476' title='bbox 964 3493 1281 3548; x_wconf 88' lang='lat' dir='ltr'>orationum</span> <span class='ocrx_word' id='word_1_477' title='bbox 1321 3511 1543 3548; x_wconf 87' lang='lat' dir='ltr'>omnem</span> <span class='ocrx_word' id='word_1_478' title='bbox 1587 3496 1805 3549; x_wconf 68' lang='lat' dir='ltr'>Satanze</span> 
     </span>
    </p>
   </div>
   <div class='ocr_carea' id='block_1_60' title="bbox 200 3579 1805 3653">
    <p class='ocr_par' dir='ltr' id='par_1_60' title="bbox 200 3579 1805 3653">
     <span class='ocr_line' id='line_1_60' title="bbox 200 3579 1805 3653; baseline 0.004 -22"><span class='ocrx_word' id='word_1_479' title='bbox 200 3579 599 3649; x_wconf 83' lang='lat' dir='ltr'>prosternebat</span> <span class='ocrx_word' id='word_1_480' title='bbox 613 3581 935 3636; x_wconf 86' lang='lat' dir='ltr'>exercitum.</span> <span class='ocrx_word' id='word_1_481' title='bbox 969 3582 1358 3638; x_wconf 87' lang='lat' dir='ltr'>Admiratione</span> <span class='ocrx_word' id='word_1_482' title='bbox 1390 3584 1550 3653; x_wconf 84' lang='lat' dir='ltr'>plane</span> <span class='ocrx_word' id='word_1_483' title='bbox 1572 3584 1805 3652; x_wconf 87' lang='lat' dir='ltr'>dignum</span> 
     </span>
    </p>
   </div>
   <div class='ocr_carea' id='block_1_61' title="bbox 198 3669 1805 3737">
    <p class='ocr_par' dir='ltr' id='par_1_61' title="bbox 198 3669 1805 3737">
     <span class='ocr_line' id='line_1_61' title="bbox 198 3669 1805 3737; baseline 0.002 -15"><span class='ocrx_word' id='word_1_484' title='bbox 198 3678 310 3731; x_wconf 84' lang='lat' dir='ltr'>est,</span> <span class='ocrx_word' id='word_1_485' title='bbox 340 3670 395 3722; x_wconf 91' lang='lat' dir='ltr'>in</span> <span class='ocrx_word' id='word_1_486' title='bbox 425 3678 542 3723; x_wconf 89' lang='lat' dir='ltr'>tam</span> <span class='ocrx_word' id='word_1_487' title='bbox 572 3669 802 3725; x_wconf 88' lang='lat' dir='ltr'>immani</span> <span class='ocrx_word' id='word_1_488' title='bbox 824 3671 1145 3737; x_wconf 89' lang='lat' dir='ltr'>solitudine,</span> <span class='ocrx_word' id='word_1_489' title='bbox 1181 3689 1357 3728; x_wconf 88' lang='lat' dir='ltr'>unum</span> <span class='ocrx_word' id='word_1_490' title='bbox 1389 3674 1671 3727; x_wconf 84' lang='lat' dir='ltr'>hominem</span> <span class='ocrx_word' id='word_1_491' title='bbox 1702 3691 1805 3728; x_wconf 90' lang='lat' dir='ltr'>nec</span> 
     </span>
    </p>
   </div>
   <div class='ocr_carea' id='block_1_62' title="bbox 203 3758 1804 3832">
    <p class='ocr_par' dir='ltr' id='par_1_62' title="bbox 203 3758 1804 3832">
     <span class='ocr_line' id='line_1_62' title="bbox 203 3758 1804 3832; baseline 0.002 -20"><span class='ocrx_word' id='word_1_492' title='bbox 203 3758 529 3814; x_wconf 67' lang='lat' dir='ltr'>daemonum</span> <span class='ocrx_word' id='word_1_493' title='bbox 559 3759 915 3829; x_wconf 89' lang='lat' dir='ltr'>quotidianas</span> <span class='ocrx_word' id='word_1_494' title='bbox 936 3761 1221 3831; x_wconf 83' lang='lat' dir='ltr'>expavisse</span> <span class='ocrx_word' id='word_1_495' title='bbox 1239 3763 1679 3832; x_wconf 83' lang='lat' dir='ltr'>congressiones,</span> <span class='ocrx_word' id='word_1_496' title='bbox 1704 3779 1804 3816; x_wconf 90' lang='lat' dir='ltr'>nec</span> 
     </span>
    </p>
   </div>
   <div class='ocr_carea' id='block_1_63' title="bbox 196 3847 1798 3921">
    <p class='ocr_par' dir='ltr' id='par_1_63' title="bbox 196 3847 1798 3921">
     <span class='ocr_line' id='line_1_63' title="bbox 196 3847 1798 3921; baseline 0.003 -20"><span class='ocrx_word' id='word_1_497' title='bbox 196 3854 495 3902; x_wconf 81' lang='lat' dir='ltr'>tantarum</span> <span class='ocrx_word' id='word_1_498' title='bbox 514 3847 835 3911; x_wconf 89' lang='lat' dir='ltr'>bestiarum,</span> <span class='ocrx_word' id='word_1_499' title='bbox 868 3850 1295 3921; x_wconf 87' lang='lat' dir='ltr'>quadrupedum</span> <span class='ocrx_word' id='word_1_500' title='bbox 1342 3852 1455 3905; x_wconf 86' lang='lat' dir='ltr'>sive</span> <span class='ocrx_word' id='word_1_501' title='bbox 1495 3852 1798 3921; x_wconf 84' lang='lat' dir='ltr'>reptilium,</span> 
     </span>
    </p>
   </div>
   <div class='ocr_carea' id='block_1_64' title="bbox 154 3937 1803 4005">
    <p class='ocr_par' dir='ltr' id='par_1_64' title="bbox 154 3937 1803 4005">
     <span class='ocr_line' id='line_1_64' title="bbox 154 3937 1803 4005; baseline 0.002 -16"><span class='ocrx_word' id='word_1_502' title='bbox 154 3968 167 3989; x_wconf 65' lang='grc' dir='ltr'><strong>ι</strong></span> <span class='ocrx_word' id='word_1_503' title='bbox 195 3937 438 3991; x_wconf 69' lang='lat' dir='ltr'>diversae</span> <span class='ocrx_word' id='word_1_504' title='bbox 465 3937 695 3992; x_wconf 88' lang='lat' dir='ltr'>cessisse</span> <span class='ocrx_word' id='word_1_505' title='bbox 725 3938 951 3994; x_wconf 85' lang='lat' dir='ltr'>feritati.</span> <span class='ocrx_word' id='word_1_506' title='bbox 993 3941 1150 3994; x_wconf 83' lang='lat' dir='ltr'>Juste</span> <span class='ocrx_word' id='word_1_507' title='bbox 1179 3940 1355 3995; x_wconf 80' lang='lat' dir='ltr'>David</span> <span class='ocrx_word' id='word_1_508' title='bbox 1402 3941 1636 3995; x_wconf 82' lang='lat' dir='ltr'>cecinit:</span> <span class='ocrx_word' id='word_1_509' title='bbox 1698 3941 1803 4005; x_wconf 85' lang='lat' dir='ltr'>Qui</span> 
     </span>
    </p>
   </div>
   <div class='ocr_carea' id='block_1_65' title="bbox 195 4027 1802 4092">
    <p class='ocr_par' dir='ltr' id='par_1_65' title="bbox 195 4027 1802 4092">
     <span class='ocr_line' id='line_1_65' title="bbox 195 4027 1802 4092; baseline 0.003 -12"><span class='ocrx_word' id='word_1_510' title='bbox 195 4027 498 4080; x_wconf 83' lang='lat' dir='ltr'>conﬁdunt</span> <span class='ocrx_word' id='word_1_511' title='bbox 522 4027 580 4082; x_wconf 88' lang='lat' dir='ltr'>in</span> <span class='ocrx_word' id='word_1_512' title='bbox 611 4028 866 4092; x_wconf 89' lang='lat' dir='ltr'>Domino,</span> <span class='ocrx_word' id='word_1_513' title='bbox 903 4029 1047 4083; x_wconf 89' lang='lat' dir='ltr'>sicut</span> <span class='ocrx_word' id='word_1_514' title='bbox 1070 4046 1231 4085; x_wconf 89' lang='lat' dir='ltr'>mons</span> <span class='ocrx_word' id='word_1_515' title='bbox 1260 4030 1391 4085; x_wconf 89' lang='lat' dir='ltr'>Sion</span> <span class='ocrx_word' id='word_1_516' title='bbox 1412 4047 1523 4085; x_wconf 91' lang='lat' dir='ltr'>non</span> <span class='ocrx_word' id='word_1_517' title='bbox 1554 4048 1802 4085; x_wconf 87' lang='lat' dir='ltr'>commo-</span> 
     </span>
    </p>
   </div>
   <div class='ocr_carea' id='block_1_66' title="bbox 197 4116 1805 4187">
    <p class='ocr_par' dir='ltr' id='par_1_66' title="bbox 197 4116 1805 4187">
     <span class='ocr_line' id='line_1_66' title="bbox 197 4116 1805 4187; baseline 0.005 -22"><span class='ocrx_word' id='word_1_518' title='bbox 197 4116 423 4171; x_wconf 79' lang='lat' dir='ltr'>vebitur</span> <span class='ocrx_word' id='word_1_519' title='bbox 451 4116 507 4171; x_wconf 91' lang='lat' dir='ltr'>in</span> <span class='ocrx_word' id='word_1_520' title='bbox 537 4123 809 4173; x_wconf 72' lang='lat' dir='ltr'>aeternum</span> <span class='ocrx_word' id='word_1_521' title='bbox 855 4120 1021 4185; x_wconf 74' lang='lat' dir='ltr'>(Psal.</span> <span class='ocrx_word' id='word_1_522' title='bbox 1082 4128 1286 4187; x_wconf 72' lang='lat' dir='ltr'>cxxrv).</span> <span class='ocrx_word' id='word_1_523' title='bbox 1340 4119 1689 4174; x_wconf 89' lang='lat' dir='ltr'>Immobilem</span> <span class='ocrx_word' id='word_1_524' title='bbox 1749 4126 1805 4174; x_wconf 90' lang='lat' dir='ltr'>et</span> 
     </span>
    </p>
   </div>
   <div class='ocr_carea' id='block_1_67' title="bbox 195 4205 1803 4275">
    <p class='ocr_par' dir='ltr' id='par_1_67' title="bbox 195 4205 1803 4275">
     <span class='ocr_line' id='line_1_67' title="bbox 195 4205 1803 4275; baseline 0.003 -16"><span class='ocrx_word' id='word_1_525' title='bbox 195 4205 568 4275; x_wconf 87' lang='lat' dir='ltr'>tranquillam</span> <span class='ocrx_word' id='word_1_526' title='bbox 598 4206 846 4263; x_wconf 89' lang='lat' dir='ltr'>retinens</span> <span class='ocrx_word' id='word_1_527' title='bbox 875 4208 1048 4262; x_wconf 90' lang='lat' dir='ltr'>animi</span> <span class='ocrx_word' id='word_1_528' title='bbox 1071 4208 1419 4274; x_wconf 84' lang='lat' dir='ltr'>ﬁrmitatem,</span> <span class='ocrx_word' id='word_1_529' title='bbox 1439 4216 1495 4263; x_wconf 91' lang='lat' dir='ltr'>et</span> <span class='ocrx_word' id='word_1_530' title='bbox 1523 4210 1803 4264; x_wconf 62' lang='lat' dir='ltr'>diemones</span> 
     </span>
    </p>
   </div>
   <div class='ocr_carea' id='block_1_68' title="bbox 201 4293 1803 4367">
    <p class='ocr_par' dir='ltr' id='par_1_68' title="bbox 201 4293 1803 4367">
     <span class='ocr_line' id='line_1_68' title="bbox 201 4293 1803 4367; baseline 0.004 -21"><span class='ocrx_word' id='word_1_531' title='bbox 201 4293 457 4363; x_wconf 82' lang='lat' dir='ltr'>tugabat,</span> <span class='ocrx_word' id='word_1_532' title='bbox 492 4302 551 4349; x_wconf 90' lang='lat' dir='ltr'>et</span> <span class='ocrx_word' id='word_1_533' title='bbox 569 4295 735 4361; x_wconf 85' lang='lat' dir='ltr'>feras,</span> <span class='ocrx_word' id='word_1_534' title='bbox 767 4296 910 4351; x_wconf 87' lang='lat' dir='ltr'>sicut</span> <span class='ocrx_word' id='word_1_535' title='bbox 940 4297 1207 4367; x_wconf 86' lang='lat' dir='ltr'>scriptum</span> <span class='ocrx_word' id='word_1_536' title='bbox 1240 4304 1325 4351; x_wconf 91' lang='lat' dir='ltr'>est</span> <span class='ocrx_word' id='word_1_537' title='bbox 1358 4301 1488 4363; x_wconf 68' lang='lat' dir='ltr'>(Joh.</span> <span class='ocrx_word' id='word_1_538' title='bbox 1526 4312 1803 4363; x_wconf 83' lang='lat' dir='ltr'>v),secum</span> 
     </span>
    </p>
   </div>
   <div class='ocr_carea' id='block_1_69' title="bbox 201 4383 1806 4458">
    <p class='ocr_par' dir='ltr' id='par_1_69' title="bbox 201 4383 1806 4458">
     <span class='ocr_line' id='line_1_69' title="bbox 201 4383 1806 4458; baseline 0.004 -22"><span class='ocrx_word' id='word_1_539' title='bbox 201 4383 560 4454; x_wconf 82' lang='lat' dir='ltr'>paciﬁcabat.</span> <span class='ocrx_word' id='word_1_540' title='bbox 580 4386 685 4439; x_wconf 89' lang='lat' dir='ltr'>Sed</span> <span class='ocrx_word' id='word_1_541' title='bbox 704 4384 1044 4452; x_wconf 89' lang='lat' dir='ltr'>etdiabolus,</span> <span class='ocrx_word' id='word_1_542' title='bbox 1060 4393 1121 4442; x_wconf 92' lang='lat' dir='ltr'>ut</span> <span class='ocrx_word' id='word_1_543' title='bbox 1141 4404 1313 4457; x_wconf 87' lang='lat' dir='ltr'>supra</span> <span class='ocrx_word' id='word_1_544' title='bbox 1332 4388 1512 4442; x_wconf 91' lang='lat' dir='ltr'>dictus</span> <span class='ocrx_word' id='word_1_545' title='bbox 1534 4389 1806 4458; x_wconf 88' lang='lat' dir='ltr'>propheta</span> 
     </span>
    </p>
   </div>
   <div class='ocr_carea' id='block_1_70' title="bbox 1884 3224 3488 3297">
    <p class='ocr_par' dir='ltr' id='par_1_70' title="bbox 1884 3224 3488 3297">
     <span class='ocr_line' id='line_1_70' title="bbox 1884 3224 3488 3297; baseline -0.002 -16"><span class='ocrx_word' id='word_1_546' title='bbox 1884 3228 2119 3297; x_wconf 85' lang='lat' dir='ltr'>gemuit.</span> <span class='ocrx_word' id='word_1_547' title='bbox 2154 3227 2364 3282; x_wconf 87' lang='lat' dir='ltr'>Dehinc</span> <span class='ocrx_word' id='word_1_548' title='bbox 2392 3227 2458 3281; x_wconf 90' lang='lat' dir='ltr'>ad</span> <span class='ocrx_word' id='word_1_549' title='bbox 2476 3226 2643 3281; x_wconf 91' lang='lat' dir='ltr'>solita</span> <span class='ocrx_word' id='word_1_550' title='bbox 2658 3242 2883 3296; x_wconf 90' lang='lat' dir='ltr'>precum</span> <span class='ocrx_word' id='word_1_551' title='bbox 2909 3225 3119 3283; x_wconf 85' lang='lat' dir='ltr'>auxilia</span> <span class='ocrx_word' id='word_1_552' title='bbox 3141 3224 3488 3294; x_wconf 85' lang='lat' dir='ltr'>confugiens,</span> 
     </span>
    </p>
   </div>
   <div class='ocr_carea' id='block_1_71' title="bbox 1888 3313 3490 3387">
    <p class='ocr_par' dir='ltr' id='par_1_71' title="bbox 1888 3313 3490 3387">
     <span class='ocr_line' id='line_1_71' title="bbox 1888 3313 3490 3387; baseline -0.002 -17"><span class='ocrx_word' id='word_1_553' title='bbox 1888 3318 2180 3387; x_wconf 86' lang='lat' dir='ltr'>paululum</span> <span class='ocrx_word' id='word_1_554' title='bbox 2202 3316 2272 3369; x_wconf 90' lang='lat' dir='ltr'>ab</span> <span class='ocrx_word' id='word_1_555' title='bbox 2301 3316 2381 3369; x_wconf 86' lang='lat' dir='ltr'>eis</span> <span class='ocrx_word' id='word_1_556' title='bbox 2404 3321 2658 3381; x_wconf 78' lang='lat' dir='ltr'>secessit;</span> <span class='ocrx_word' id='word_1_557' title='bbox 2692 3314 2899 3385; x_wconf 87' lang='lat' dir='ltr'>ibique,</span> <span class='ocrx_word' id='word_1_558' title='bbox 2918 3313 3157 3384; x_wconf 79' lang='lat' dir='ltr'>genibus</span> <span class='ocrx_word' id='word_1_559' title='bbox 3187 3313 3331 3376; x_wconf 81' lang='lat' dir='ltr'>fixis,</span> <span class='ocrx_word' id='word_1_560' title='bbox 3356 3330 3490 3383; x_wconf 91' lang='lat' dir='ltr'>sup-</span> 
     </span>
    </p>
   </div>
   <div class='ocr_carea' id='block_1_72' title="bbox 1892 3402 3493 3478">
    <p class='ocr_par' dir='ltr' id='par_1_72' title="bbox 1892 3402 3493 3478">
     <span class='ocr_line' id='line_1_72' title="bbox 1892 3402 3493 3478; baseline -0.004 -17"><span class='ocrx_word' id='word_1_561' title='bbox 1892 3409 2060 3478; x_wconf 88' lang='lat' dir='ltr'>plices</span> <span class='ocrx_word' id='word_1_562' title='bbox 2090 3423 2289 3460; x_wconf 88' lang='lat' dir='ltr'>manus</span> <span class='ocrx_word' id='word_1_563' title='bbox 2313 3406 2550 3459; x_wconf 85' lang='lat' dir='ltr'>tetendit</span> <span class='ocrx_word' id='word_1_564' title='bbox 2569 3406 2637 3459; x_wconf 90' lang='lat' dir='ltr'>ad</span> <span class='ocrx_word' id='word_1_565' title='bbox 2654 3405 2976 3459; x_wconf 87' lang='lat' dir='ltr'>Dominum.</span> <span class='ocrx_word' id='word_1_566' title='bbox 3001 3405 3116 3459; x_wconf 88' lang='lat' dir='ltr'>Nec</span> <span class='ocrx_word' id='word_1_567' title='bbox 3134 3419 3310 3468; x_wconf 88' lang='lat' dir='ltr'>mora,</span> <span class='ocrx_word' id='word_1_568' title='bbox 3340 3408 3401 3457; x_wconf 90' lang='lat' dir='ltr'>et</span> <span class='ocrx_word' id='word_1_569' title='bbox 3421 3402 3493 3456; x_wconf 87' lang='lat' dir='ltr'>ad</span> 
     </span>
    </p>
   </div>
   <div class='ocr_carea' id='block_1_73' title="bbox 1890 3491 3492 3568">
    <p class='ocr_par' dir='ltr' id='par_1_73' title="bbox 1890 3491 3492 3568">
     <span class='ocr_line' id='line_1_73' title="bbox 1890 3491 3492 3568; baseline -0.002 -19"><span class='ocrx_word' id='word_1_570' title='bbox 1890 3496 2362 3568; x_wconf 69' lang='lat' dir='ltr'>primasrogantis</span> <span class='ocrx_word' id='word_1_571' title='bbox 2379 3496 2671 3564; x_wconf 81' lang='lat' dir='ltr'>lncrymas,</span> <span class='ocrx_word' id='word_1_572' title='bbox 2696 3494 2749 3548; x_wconf 93' lang='lat' dir='ltr'>in</span> <span class='ocrx_word' id='word_1_573' title='bbox 2771 3494 3039 3548; x_wconf 89' lang='lat' dir='ltr'>orationis</span> <span class='ocrx_word' id='word_1_574' title='bbox 3056 3494 3176 3548; x_wconf 90' lang='lat' dir='ltr'>loco</span> <span class='ocrx_word' id='word_1_575' title='bbox 3196 3493 3319 3549; x_wconf 78' lang='lat' dir='ltr'>fons</span> <span class='ocrx_word' id='word_1_576' title='bbox 3340 3491 3492 3547; x_wconf 92' lang='lat' dir='ltr'>ebul-</span> 
     </span>
    </p>
   </div>
   <div class='ocr_carea' id='block_1_74' title="bbox 1889 3582 3490 3655">
    <p class='ocr_par' dir='ltr' id='par_1_74' title="bbox 1889 3582 3490 3655">
     <span class='ocr_line' id='line_1_74' title="bbox 1889 3582 3490 3655; baseline -0.002 -16"><span class='ocrx_word' id='word_1_577' title='bbox 1889 3587 2029 3640; x_wconf 92' lang='lat' dir='ltr'>liens</span> <span class='ocrx_word' id='word_1_578' title='bbox 2062 3586 2268 3655; x_wconf 90' lang='lat' dir='ltr'>erupit,</span> <span class='ocrx_word' id='word_1_579' title='bbox 2300 3584 2489 3654; x_wconf 88' lang='lat' dir='ltr'>ibique</span> <span class='ocrx_word' id='word_1_580' title='bbox 2520 3584 2795 3638; x_wconf 83' lang='lat' dir='ltr'>exstincta</span> <span class='ocrx_word' id='word_1_581' title='bbox 2824 3584 2965 3647; x_wconf 88' lang='lat' dir='ltr'>sitis,</span> <span class='ocrx_word' id='word_1_582' title='bbox 3000 3589 3057 3637; x_wconf 91' lang='lat' dir='ltr'>et</span> <span class='ocrx_word' id='word_1_583' title='bbox 3071 3582 3290 3637; x_wconf 88' lang='lat' dir='ltr'>arentia</span> <span class='ocrx_word' id='word_1_584' title='bbox 3312 3598 3490 3635; x_wconf 84' lang='lat' dir='ltr'>mem-</span> 
     </span>
    </p>
   </div>
   <div class='ocr_carea' id='block_1_75' title="bbox 1887 3672 3491 3742">
    <p class='ocr_par' dir='ltr' id='par_1_75' title="bbox 1887 3672 3491 3742">
     <span class='ocr_line' id='line_1_75' title="bbox 1887 3672 3491 3742; baseline -0.002 -15"><span class='ocrx_word' id='word_1_585' title='bbox 1887 3674 1987 3728; x_wconf 88' lang='lat' dir='ltr'>bra</span> <span class='ocrx_word' id='word_1_586' title='bbox 2020 3675 2225 3727; x_wconf 86' lang='lat' dir='ltr'>refecta</span> <span class='ocrx_word' id='word_1_587' title='bbox 2263 3680 2412 3735; x_wconf 89' lang='lat' dir='ltr'>sunt,</span> <span class='ocrx_word' id='word_1_588' title='bbox 2438 3680 2493 3727; x_wconf 92' lang='lat' dir='ltr'>et</span> <span class='ocrx_word' id='word_1_589' title='bbox 2518 3673 2697 3742; x_wconf 88' lang='lat' dir='ltr'>plenis</span> <span class='ocrx_word' id='word_1_590' title='bbox 2726 3672 2946 3726; x_wconf 89' lang='lat' dir='ltr'>utribus</span> <span class='ocrx_word' id='word_1_591' title='bbox 2978 3672 3265 3726; x_wconf 86' lang='lat' dir='ltr'>inventum</span> <span class='ocrx_word' id='word_1_592' title='bbox 3293 3676 3491 3741; x_wconf 84' lang='lat' dir='ltr'>potant</span> 
     </span>
    </p>
   </div>
   <div class='ocr_carea' id='block_1_76' title="bbox 1886 3760 3489 3823">
    <p class='ocr_par' dir='ltr' id='par_1_76' title="bbox 1886 3760 3489 3823">
     <span class='ocr_line' id='line_1_76' title="bbox 1886 3760 3489 3823; baseline -0.004 -6"><span class='ocrx_word' id='word_1_593' title='bbox 1886 3764 2183 3817; x_wconf 90' lang='lat' dir='ltr'>camelum.</span> <span class='ocrx_word' id='word_1_594' title='bbox 2213 3764 2296 3816; x_wconf 89' lang='lat' dir='ltr'>Ita</span> <span class='ocrx_word' id='word_1_595' title='bbox 2326 3762 2476 3815; x_wconf 90' lang='lat' dir='ltr'>enim</span> <span class='ocrx_word' id='word_1_596' title='bbox 2497 3778 2629 3816; x_wconf 88' lang='lat' dir='ltr'>casu</span> <span class='ocrx_word' id='word_1_597' title='bbox 2651 3766 2934 3823; x_wconf 88' lang='lat' dir='ltr'>evenerat,</span> <span class='ocrx_word' id='word_1_598' title='bbox 2949 3770 3012 3815; x_wconf 88' lang='lat' dir='ltr'>ut</span> <span class='ocrx_word' id='word_1_599' title='bbox 3030 3760 3277 3814; x_wconf 87' lang='lat' dir='ltr'>camelus</span> <span class='ocrx_word' id='word_1_600' title='bbox 3294 3775 3489 3812; x_wconf 88' lang='lat' dir='ltr'>errans</span> 
     </span>
    </p>
   </div>
   <div class='ocr_carea' id='block_1_77' title="bbox 1888 3848 3486 3922">
    <p class='ocr_par' dir='ltr' id='par_1_77' title="bbox 1888 3848 3486 3922">
     <span class='ocr_line' id='line_1_77' title="bbox 1888 3848 3486 3922; baseline -0.002 -17"><span class='ocrx_word' id='word_1_601' title='bbox 1888 3870 1989 3922; x_wconf 90' lang='lat' dir='ltr'>per</span> <span class='ocrx_word' id='word_1_602' title='bbox 2012 3868 2283 3918; x_wconf 80' lang='lat' dir='ltr'>oremum,</span> <span class='ocrx_word' id='word_1_603' title='bbox 2315 3851 2446 3904; x_wconf 87' lang='lat' dir='ltr'>dum</span> <span class='ocrx_word' id='word_1_604' title='bbox 2471 3850 2779 3905; x_wconf 91' lang='lat' dir='ltr'>funiculum</span> <span class='ocrx_word' id='word_1_605' title='bbox 2812 3849 3004 3911; x_wconf 86' lang='lat' dir='ltr'>trahit,</span> <span class='ocrx_word' id='word_1_606' title='bbox 3031 3848 3088 3905; x_wconf 92' lang='lat' dir='ltr'>in</span> <span class='ocrx_word' id='word_1_607' title='bbox 3130 3848 3371 3918; x_wconf 89' lang='lat' dir='ltr'>quodam</span> <span class='ocrx_word' id='word_1_608' title='bbox 3403 3848 3486 3902; x_wconf 84' lang='lat' dir='ltr'>1a-</span> 
     </span>
    </p>
   </div>
   <div class='ocr_carea' id='block_1_78' title="bbox 1888 3936 3487 4011">
    <p class='ocr_par' dir='ltr' id='par_1_78' title="bbox 1888 3936 3487 4011">
     <span class='ocr_line' id='line_1_78' title="bbox 1888 3936 3487 4011; baseline -0.002 -17"><span class='ocrx_word' id='word_1_609' title='bbox 1888 3942 2016 4011; x_wconf 87' lang='lat' dir='ltr'>pide</span> <span class='ocrx_word' id='word_1_610' title='bbox 2042 3941 2293 4008; x_wconf 74' lang='lat' dir='ltr'>ejusdem</span> <span class='ocrx_word' id='word_1_611' title='bbox 2310 3940 2633 4007; x_wconf 80' lang='lat' dir='ltr'>alligatione</span> <span class='ocrx_word' id='word_1_612' title='bbox 2653 3938 2881 3993; x_wconf 83' lang='lat' dir='ltr'>funiculi</span> <span class='ocrx_word' id='word_1_613' title='bbox 2905 3944 3213 3993; x_wconf 88' lang='lat' dir='ltr'>teneretur.</span> <span class='ocrx_word' id='word_1_614' title='bbox 3237 3936 3487 3992; x_wconf 87' lang='lat' dir='ltr'>Tandem</span> 
     </span>
    </p>
   </div>
   <div class='ocr_carea' id='block_1_79' title="bbox 1889 4027 3486 4097">
    <p class='ocr_par' dir='ltr' id='par_1_79' title="bbox 1889 4027 3486 4097">
     <span class='ocr_line' id='line_1_79' title="bbox 1889 4027 3486 4097; baseline -0.003 -13"><span class='ocrx_word' id='word_1_615' title='bbox 1889 4032 2138 4085; x_wconf 82' lang='lat' dir='ltr'>confecto</span> <span class='ocrx_word' id='word_1_616' title='bbox 2163 4030 2364 4084; x_wconf 87' lang='lat' dir='ltr'>itinere</span> <span class='ocrx_word' id='word_1_617' title='bbox 2394 4030 2463 4083; x_wconf 89' lang='lat' dir='ltr'>ad</span> <span class='ocrx_word' id='word_1_618' title='bbox 2496 4029 2797 4083; x_wconf 88' lang='lat' dir='ltr'>monachos</span> <span class='ocrx_word' id='word_1_619' title='bbox 2824 4027 2919 4097; x_wconf 86' lang='lat' dir='ltr'>qui</span> <span class='ocrx_word' id='word_1_620' title='bbox 2957 4027 3329 4082; x_wconf 80' lang='lat' dir='ltr'>invitaverant</span> <span class='ocrx_word' id='word_1_621' title='bbox 3358 4042 3486 4096; x_wconf 91' lang='lat' dir='ltr'>per-</span> 
     </span>
    </p>
   </div>
   <div class='ocr_carea' id='block_1_80' title="bbox 1888 4116 3490 4188">
    <p class='ocr_par' dir='ltr' id='par_1_80' title="bbox 1888 4116 3490 4188">
     <span class='ocr_line' id='line_1_80' title="bbox 1888 4116 3490 4188; baseline -0.002 -18"><span class='ocrx_word' id='word_1_622' title='bbox 1888 4121 2054 4174; x_wconf 90' lang='lat' dir='ltr'>venit.</span> <span class='ocrx_word' id='word_1_623' title='bbox 2090 4121 2243 4174; x_wconf 90' lang='lat' dir='ltr'>Tunc</span> <span class='ocrx_word' id='word_1_624' title='bbox 2266 4136 2393 4173; x_wconf 87' lang='lat' dir='ltr'>vero</span> <span class='ocrx_word' id='word_1_625' title='bbox 2426 4118 2582 4188; x_wconf 87' lang='lat' dir='ltr'>quasi</span> <span class='ocrx_word' id='word_1_626' title='bbox 2603 4118 2750 4188; x_wconf 86' lang='lat' dir='ltr'>patri</span> <span class='ocrx_word' id='word_1_627' title='bbox 2771 4134 2965 4173; x_wconf 90' lang='lat' dir='ltr'>omnes</span> <span class='ocrx_word' id='word_1_628' title='bbox 2998 4116 3216 4171; x_wconf 87' lang='lat' dir='ltr'>obviam</span> <span class='ocrx_word' id='word_1_629' title='bbox 3239 4131 3490 4169; x_wconf 88' lang='lat' dir='ltr'>occurre-</span> 
     </span>
    </p>
   </div>
   <div class='ocr_carea' id='block_1_81' title="bbox 1886 4205 3488 4275">
    <p class='ocr_par' dir='ltr' id='par_1_81' title="bbox 1886 4205 3488 4275">
     <span class='ocr_line' id='line_1_81' title="bbox 1886 4205 3488 4275; baseline -0.005 -11"><span class='ocrx_word' id='word_1_630' title='bbox 1886 4215 2021 4264; x_wconf 88' lang='lat' dir='ltr'>runt</span> <span class='ocrx_word' id='word_1_631' title='bbox 2049 4215 2105 4263; x_wconf 90' lang='lat' dir='ltr'>et</span> <span class='ocrx_word' id='word_1_632' title='bbox 2126 4209 2429 4263; x_wconf 79' lang='lat' dir='ltr'>honorifico</span> <span class='ocrx_word' id='word_1_633' title='bbox 2442 4209 2686 4263; x_wconf 85' lang='lat' dir='ltr'>salutatu</span> <span class='ocrx_word' id='word_1_634' title='bbox 2702 4208 2756 4262; x_wconf 92' lang='lat' dir='ltr'>in</span> <span class='ocrx_word' id='word_1_635' title='bbox 2780 4207 2971 4261; x_wconf 89' lang='lat' dir='ltr'>oscula</span> <span class='ocrx_word' id='word_1_636' title='bbox 2986 4208 3107 4275; x_wconf 86' lang='lat' dir='ltr'>ejus</span> <span class='ocrx_word' id='word_1_637' title='bbox 3129 4209 3188 4259; x_wconf 91' lang='lat' dir='ltr'>et</span> <span class='ocrx_word' id='word_1_638' title='bbox 3200 4205 3488 4275; x_wconf 82' lang='lat' dir='ltr'>amplexus</span> 
     </span>
    </p>
   </div>
   <div class='ocr_carea' id='block_1_82' title="bbox 1887 4293 3484 4367">
    <p class='ocr_par' dir='ltr' id='par_1_82' title="bbox 1887 4293 3484 4367">
     <span class='ocr_line' id='line_1_82' title="bbox 1887 4293 3484 4367; baseline -0.004 -16"><span class='ocrx_word' id='word_1_639' title='bbox 1887 4298 2142 4353; x_wconf 86' lang='lat' dir='ltr'>certatim</span> <span class='ocrx_word' id='word_1_640' title='bbox 2163 4303 2353 4352; x_wconf 89' lang='lat' dir='ltr'>ruunt.</span> <span class='ocrx_word' id='word_1_641' title='bbox 2386 4297 2676 4367; x_wconf 88' lang='lat' dir='ltr'>Proposito</span> <span class='ocrx_word' id='word_1_642' title='bbox 2698 4295 2931 4350; x_wconf 85' lang='lat' dir='ltr'>ferventi</span> <span class='ocrx_word' id='word_1_643' title='bbox 2950 4294 3160 4363; x_wconf 81' lang='lat' dir='ltr'>gaudet</span> <span class='ocrx_word' id='word_1_644' title='bbox 3178 4293 3484 4357; x_wconf 83' lang='lat' dir='ltr'>Antonius;</span> 
     </span>
    </p>
   </div>
   <div class='ocr_carea' id='block_1_83' title="bbox 1889 4382 3492 4453">
    <p class='ocr_par' dir='ltr' id='par_1_83' title="bbox 1889 4382 3492 4453">
     <span class='ocr_line' id='line_1_83' title="bbox 1889 4382 3492 4453; baseline -0.004 -12"><span class='ocrx_word' id='word_1_645' title='bbox 1889 4396 1947 4441; x_wconf 91' lang='lat' dir='ltr'>et</span> <span class='ocrx_word' id='word_1_646' title='bbox 1975 4387 2292 4442; x_wconf 63' lang='lat' dir='ltr'>laetantibus</span> <span class='ocrx_word' id='word_1_647' title='bbox 2322 4387 2391 4441; x_wconf 84' lang='lat' dir='ltr'>de</span> <span class='ocrx_word' id='word_1_648' title='bbox 2432 4387 2673 4440; x_wconf 88' lang='lat' dir='ltr'>adventu</span> <span class='ocrx_word' id='word_1_649' title='bbox 2704 4402 2804 4439; x_wconf 91' lang='lat' dir='ltr'>suo</span> <span class='ocrx_word' id='word_1_650' title='bbox 2834 4384 3067 4449; x_wconf 88' lang='lat' dir='ltr'>cunctis,</span> <span class='ocrx_word' id='word_1_651' title='bbox 3125 4383 3285 4453; x_wconf 88' lang='lat' dir='ltr'>quasi</span> <span class='ocrx_word' id='word_1_652' title='bbox 3331 4382 3492 4437; x_wconf 77' lang='lat' dir='ltr'>xenia</span> 
     </span>
    </p>
   </div>
   <div class='ocr_carea' id='block_1_84' title="bbox 200 4471 3489 4545">
    <p class='ocr_par' dir='ltr' id='par_1_84' title="bbox 200 4471 3489 4545">
     <span class='ocr_line' id='line_1_84' title="bbox 200 4471 3489 4545; baseline -0 -19"><span class='ocrx_word' id='word_1_653' title='bbox 200 4473 288 4526; x_wconf 88' lang='lat' dir='ltr'>ait</span> <span class='ocrx_word' id='word_1_654' title='bbox 314 4474 487 4538; x_wconf 62' lang='lat' dir='ltr'>(Psal.</span> <span class='ocrx_word' id='word_1_655' title='bbox 518 4476 684 4539; x_wconf 72' lang='lat' dir='ltr'>mu),</span> <span class='ocrx_word' id='word_1_656' title='bbox 712 4474 1013 4530; x_wconf 88' lang='lat' dir='ltr'>observans</span> <span class='ocrx_word' id='word_1_657' title='bbox 1034 4492 1183 4541; x_wconf 89' lang='lat' dir='ltr'>eum,</span> <span class='ocrx_word' id='word_1_658' title='bbox 1216 4477 1507 4531; x_wconf 83' lang='lat' dir='ltr'>frendebat</span> <span class='ocrx_word' id='word_1_659' title='bbox 1544 4477 1804 4532; x_wconf 89' lang='lat' dir='ltr'>dentibus</span> <span class='ocrx_word' id='word_1_660' title='bbox 1826 4471 2005 4544; x_wconf 80' lang='grc'>1)(65)</span> <span class='ocrx_word' id='word_1_661' title='bbox 2034 4477 2103 4531; x_wconf 90' lang='lat' dir='ltr'>de</span> <span class='ocrx_word' id='word_1_662' title='bbox 2139 4482 2327 4531; x_wconf 87' lang='lat' dir='ltr'>monte</span> <span class='ocrx_word' id='word_1_663' title='bbox 2376 4481 2624 4545; x_wconf 86' lang='lat' dir='ltr'>portans,</span> <span class='ocrx_word' id='word_1_664' title='bbox 2667 4473 2985 4544; x_wconf 87' lang='lat' dir='ltr'>spiritualia</span> <span class='ocrx_word' id='word_1_665' title='bbox 3024 4472 3349 4542; x_wconf 88' lang='lat' dir='ltr'>impartitur</span> <span class='ocrx_word' id='word_1_666' title='bbox 3385 4471 3489 4525; x_wconf 84' lang='lat' dir='ltr'>ali-</span> 
     </span>
    </p>
   </div>
   <div class='ocr_carea' id='block_1_85' title="bbox 198 4562 1805 4630">
    <p class='ocr_par' dir='ltr' id='par_1_85' title="bbox 198 4562 1805 4630">
     <span class='ocr_line' id='line_1_85' title="bbox 198 4562 1805 4630; baseline 0.004 -17"><span class='ocrx_word' id='word_1_667' title='bbox 198 4562 361 4624; x_wconf 86' lang='lat' dir='ltr'>suis;</span> <span class='ocrx_word' id='word_1_668' title='bbox 390 4568 447 4615; x_wconf 89' lang='lat' dir='ltr'>et</span> <span class='ocrx_word' id='word_1_669' title='bbox 474 4562 568 4618; x_wconf 90' lang='lat' dir='ltr'>ille</span> <span class='ocrx_word' id='word_1_670' title='bbox 610 4564 912 4621; x_wconf 63' lang='lat' dir='ltr'>Salvator-is</span> <span class='ocrx_word' id='word_1_671' title='bbox 950 4566 1177 4630; x_wconf 84' lang='lat' dir='ltr'>auxilio,</span> <span class='ocrx_word' id='word_1_672' title='bbox 1228 4565 1297 4620; x_wconf 90' lang='lat' dir='ltr'>ab</span> <span class='ocrx_word' id='word_1_673' title='bbox 1342 4566 1616 4621; x_wconf 82' lang='lat' dir='ltr'>universis</span> <span class='ocrx_word' id='word_1_674' title='bbox 1649 4573 1805 4621; x_wconf 90' lang='lat' dir='ltr'>tutus</span> 
     </span>
    </p>
   </div>
   <div class='ocr_carea' id='block_1_86' title="bbox 200 4651 1806 4726">
    <p class='ocr_par' dir='ltr' id='par_1_86' title="bbox 200 4651 1806 4726">
     <span class='ocr_line' id='line_1_86' title="bbox 200 4651 1806 4726; baseline 0.004 -23"><span class='ocrx_word' id='word_1_675' title='bbox 200 4651 602 4721; x_wconf 87' lang='lat' dir='ltr'>perseverabat</span> <span class='ocrx_word' id='word_1_676' title='bbox 629 4652 863 4707; x_wconf 86' lang='lat' dir='ltr'>insidiis.</span> <span class='ocrx_word' id='word_1_677' title='bbox 904 4654 1154 4717; x_wconf 88' lang='lat' dir='ltr'>Quadam</span> <span class='ocrx_word' id='word_1_678' title='bbox 1200 4672 1331 4723; x_wconf 84' lang='lat' dir='ltr'>ergo</span> <span class='ocrx_word' id='word_1_679' title='bbox 1358 4662 1659 4711; x_wconf 81' lang='lat' dir='ltr'>noctecum</span> <span class='ocrx_word' id='word_1_680' title='bbox 1678 4673 1806 4726; x_wconf 89' lang='lat' dir='ltr'>pcr-</span> 
     </span>
    </p>
   </div>
   <div class='ocr_carea' id='block_1_87' title="bbox 198 4740 1805 4808">
    <p class='ocr_par' dir='ltr' id='par_1_87' title="bbox 198 4740 1805 4808">
     <span class='ocr_line' id='line_1_87' title="bbox 198 4740 1805 4808; baseline 0.004 -16"><span class='ocrx_word' id='word_1_681' title='bbox 198 4740 339 4807; x_wconf 84' lang='lat' dir='ltr'>vigil</span> <span class='ocrx_word' id='word_1_682' title='bbox 367 4740 644 4796; x_wconf 80' lang='lat' dir='ltr'>Antonius</span> <span class='ocrx_word' id='word_1_683' title='bbox 672 4742 989 4798; x_wconf 90' lang='lat' dir='ltr'>obsecraret</span> <span class='ocrx_word' id='word_1_684' title='bbox 1015 4744 1336 4808; x_wconf 88' lang='lat' dir='ltr'>Dominum,</span> <span class='ocrx_word' id='word_1_685' title='bbox 1371 4750 1559 4799; x_wconf 87' lang='lat' dir='ltr'>tantos</span> <span class='ocrx_word' id='word_1_686' title='bbox 1598 4746 1655 4801; x_wconf 91' lang='lat' dir='ltr'>in</span> <span class='ocrx_word' id='word_1_687' title='bbox 1685 4763 1805 4800; x_wconf 90' lang='lat' dir='ltr'>mo-</span> 
     </span>
    </p>
   </div>
   <div class='ocr_carea' id='block_1_88' title="bbox 198 4830 1805 4903">
    <p class='ocr_par' dir='ltr' id='par_1_88' title="bbox 198 4830 1805 4903">
     <span class='ocr_line' id='line_1_88' title="bbox 198 4830 1805 4903; baseline 0.004 -19"><span class='ocrx_word' id='word_1_688' title='bbox 198 4830 516 4885; x_wconf 87' lang='lat' dir='ltr'>nasterium</span> <span class='ocrx_word' id='word_1_689' title='bbox 548 4832 671 4899; x_wconf 88' lang='lat' dir='ltr'>ejus</span> <span class='ocrx_word' id='word_1_690' title='bbox 696 4830 1000 4887; x_wconf 88' lang='lat' dir='ltr'>bestiarum</span> <span class='ocrx_word' id='word_1_691' title='bbox 1014 4850 1213 4903; x_wconf 84' lang='lat' dir='ltr'>greges</span> <span class='ocrx_word' id='word_1_692' title='bbox 1235 4834 1595 4899; x_wconf 81' lang='lat' dir='ltr'>coacervavit,</span> <span class='ocrx_word' id='word_1_693' title='bbox 1612 4841 1677 4890; x_wconf 90' lang='lat' dir='ltr'>ut</span> <span class='ocrx_word' id='word_1_694' title='bbox 1690 4852 1805 4890; x_wconf 89' lang='lat' dir='ltr'>om-</span> 
     </span>
    </p>
   </div>
   <div class='ocr_carea' id='block_1_89' title="bbox 196 4919 1804 4993">
    <p class='ocr_par' dir='ltr' id='par_1_89' title="bbox 196 4919 1804 4993">
     <span class='ocr_line' id='line_1_89' title="bbox 196 4919 1804 4993; baseline 0.002 -20"><span class='ocrx_word' id='word_1_695' title='bbox 196 4935 304 4973; x_wconf 87' lang='lat' dir='ltr'>nes</span> <span class='ocrx_word' id='word_1_696' title='bbox 326 4919 502 4973; x_wconf 89' lang='lat' dir='ltr'>eremi</span> <span class='ocrx_word' id='word_1_697' title='bbox 521 4919 733 4975; x_wconf 86' lang='lat' dir='ltr'>belluas</span> <span class='ocrx_word' id='word_1_698' title='bbox 758 4920 878 4991; x_wconf 78' lang='lat'>(63)</span> <span class='ocrx_word' id='word_1_699' title='bbox 890 4922 1103 4978; x_wconf 83' lang='lat' dir='ltr'>circum</span> <span class='ocrx_word' id='word_1_700' title='bbox 1125 4941 1184 4977; x_wconf 89' lang='lat' dir='ltr'>se</span> <span class='ocrx_word' id='word_1_701' title='bbox 1197 4923 1491 4993; x_wconf 83' lang='lat' dir='ltr'>aspiceret.</span> <span class='ocrx_word' id='word_1_702' title='bbox 1528 4926 1661 4987; x_wconf 68' lang='lat' dir='ltr'>Quze</span> <span class='ocrx_word' id='word_1_703' title='bbox 1677 4941 1804 4979; x_wconf 90' lang='lat' dir='ltr'>cum</span> 
     </span>
    </p>
   </div>
   <div class='ocr_carea' id='block_1_90' title="bbox 195 5008 1807 5081">
    <p class='ocr_par' dir='ltr' id='par_1_90' title="bbox 195 5008 1807 5081">
     <span class='ocr_line' id='line_1_90' title="bbox 195 5008 1807 5081; baseline 0.003 -20"><span class='ocrx_word' id='word_1_704' title='bbox 195 5009 346 5062; x_wconf 90' lang='lat' dir='ltr'>rictu</span> <span class='ocrx_word' id='word_1_705' title='bbox 378 5008 493 5062; x_wconf 91' lang='lat' dir='ltr'>oris</span> <span class='ocrx_word' id='word_1_706' title='bbox 531 5026 781 5064; x_wconf 90' lang='lat' dir='ltr'>morsum</span> <span class='ocrx_word' id='word_1_707' title='bbox 813 5011 1031 5081; x_wconf 92' lang='lat' dir='ltr'>corpori</span> <span class='ocrx_word' id='word_1_708' title='bbox 1072 5011 1491 5075; x_wconf 88' lang='lat' dir='ltr'>minitarentur,</span> <span class='ocrx_word' id='word_1_709' title='bbox 1535 5013 1807 5068; x_wconf 82' lang='lat' dir='ltr'>intellexit</span> 
     </span>
    </p>
   </div>
   <div class='ocr_carea' id='block_1_91' title="bbox 204 5097 1807 5170">
    <p class='ocr_par' dir='ltr' id='par_1_91' title="bbox 204 5097 1807 5170">
     <span class='ocr_line' id='line_1_91' title="bbox 204 5097 1807 5170; baseline 0.002 -19"><span class='ocrx_word' id='word_1_710' title='bbox 204 5097 392 5152; x_wconf 86' lang='lat' dir='ltr'>hostis</span> <span class='ocrx_word' id='word_1_711' title='bbox 430 5099 689 5160; x_wconf 83' lang='lat' dir='ltr'>astutias,</span> <span class='ocrx_word' id='word_1_712' title='bbox 722 5098 971 5170; x_wconf 83' lang='lat' dir='ltr'>dixitque</span> <span class='ocrx_word' id='word_1_713' title='bbox 996 5119 1006 5153; x_wconf 90' lang='lat'>:</span> <span class='ocrx_word' id='word_1_714' title='bbox 1041 5101 1099 5154; x_wconf 90' lang='lat' dir='ltr'>Si</span> <span class='ocrx_word' id='word_1_715' title='bbox 1129 5118 1164 5155; x_wconf 90' lang='lat' dir='ltr'>a</span> <span class='ocrx_word' id='word_1_716' title='bbox 1193 5102 1431 5157; x_wconf 89' lang='lat' dir='ltr'>Domino</span> <span class='ocrx_word' id='word_1_717' title='bbox 1461 5102 1517 5156; x_wconf 90' lang='lat' dir='ltr'>in</span> <span class='ocrx_word' id='word_1_718' title='bbox 1539 5119 1627 5157; x_wconf 89' lang='lat' dir='ltr'>me</span> <span class='ocrx_word' id='word_1_719' title='bbox 1657 5102 1807 5156; x_wconf 89' lang='lat' dir='ltr'>vobis</span> 
     </span>
    </p>
   </div>
   <div class='ocr_carea' id='block_1_92' title="bbox 203 5186 1806 5258">
    <p class='ocr_par' dir='ltr' id='par_1_92' title="bbox 203 5186 1806 5258">
     <span class='ocr_line' id='line_1_92' title="bbox 203 5186 1806 5258; baseline 0.004 -19"><span class='ocrx_word' id='word_1_720' title='bbox 203 5194 295 5240; x_wconf 86' lang='lat' dir='ltr'>est</span> <span class='ocrx_word' id='word_1_721' title='bbox 325 5186 539 5241; x_wconf 87' lang='lat' dir='ltr'>tributa</span> <span class='ocrx_word' id='word_1_722' title='bbox 564 5188 807 5253; x_wconf 87' lang='lat' dir='ltr'>licentia,</span> <span class='ocrx_word' id='word_1_723' title='bbox 831 5190 1092 5244; x_wconf 81' lang='lat' dir='ltr'>devorate</span> <span class='ocrx_word' id='word_1_724' title='bbox 1122 5208 1446 5246; x_wconf 90' lang='lat' dir='ltr'>concessum</span> <span class='ocrx_word' id='word_1_725' title='bbox 1476 5210 1487 5258; x_wconf 86' lang='lat'><strong>;</strong></span> <span class='ocrx_word' id='word_1_726' title='bbox 1537 5193 1585 5246; x_wconf 91' lang='lat' dir='ltr'>si</span> <span class='ocrx_word' id='word_1_727' title='bbox 1617 5198 1806 5246; x_wconf 87' lang='lat' dir='ltr'>autem</span> 
     </span>
    </p>
   </div>
   <div class='ocr_carea' id='block_1_93' title="bbox 201 5277 1805 5351">
    <p class='ocr_par' dir='ltr' id='par_1_93' title="bbox 201 5277 1805 5351">
     <span class='ocr_line' id='line_1_93' title="bbox 201 5277 1805 5351; baseline 0 -18"><span class='ocrx_word' id='word_1_728' title='bbox 201 5277 527 5333; x_wconf 65' lang='lat' dir='ltr'>daemonum</span> <span class='ocrx_word' id='word_1_729' title='bbox 560 5278 669 5332; x_wconf 89' lang='lat' dir='ltr'>huc</span> <span class='ocrx_word' id='word_1_730' title='bbox 700 5278 927 5333; x_wconf 87' lang='lat' dir='ltr'>venistis</span> <span class='ocrx_word' id='word_1_731' title='bbox 958 5280 1220 5350; x_wconf 89' lang='lat' dir='ltr'>impulsu,</span> <span class='ocrx_word' id='word_1_732' title='bbox 1262 5281 1593 5351; x_wconf 89' lang='lat' dir='ltr'>quantocius</span> <span class='ocrx_word' id='word_1_733' title='bbox 1637 5281 1805 5345; x_wconf 84' lang='lat' dir='ltr'>abite,</span> 
     </span>
    </p>
   </div>
   <div class='ocr_carea' id='block_1_94' title="bbox 202 5367 1811 5440">
    <p class='ocr_par' dir='ltr' id='par_1_94' title="bbox 202 5367 1811 5440">
     <span class='ocr_line' id='line_1_94' title="bbox 202 5367 1811 5440; baseline 0.003 -19"><span class='ocrx_word' id='word_1_734' title='bbox 202 5368 340 5437; x_wconf 86' lang='lat' dir='ltr'>quia</span> <span class='ocrx_word' id='word_1_735' title='bbox 369 5367 582 5422; x_wconf 84' lang='lat' dir='ltr'>Christi</span> <span class='ocrx_word' id='word_1_736' title='bbox 604 5367 847 5423; x_wconf 85' lang='lat' dir='ltr'>famulus</span> <span class='ocrx_word' id='word_1_737' title='bbox 877 5386 1021 5423; x_wconf 88' lang='lat' dir='ltr'>sum.</span> <span class='ocrx_word' id='word_1_738' title='bbox 1048 5371 1132 5424; x_wconf 84' lang='lat' dir='ltr'>Ita</span> <span class='ocrx_word' id='word_1_739' title='bbox 1156 5370 1362 5426; x_wconf 89' lang='lat' dir='ltr'>factum</span> <span class='ocrx_word' id='word_1_740' title='bbox 1384 5376 1487 5433; x_wconf 87' lang='lat' dir='ltr'>est,</span> <span class='ocrx_word' id='word_1_741' title='bbox 1509 5376 1705 5425; x_wconf 89' lang='lat' dir='ltr'>etcum</span> <span class='ocrx_word' id='word_1_742' title='bbox 1723 5372 1811 5440; x_wconf 87' lang='lat' dir='ltr'>ju-</span> 
     </span>
    </p>
   </div>
   <div class='ocr_carea' id='block_1_95' title="bbox 202 5457 1813 5531">
    <p class='ocr_par' dir='ltr' id='par_1_95' title="bbox 202 5457 1813 5531">
     <span class='ocr_line' id='line_1_95' title="bbox 202 5457 1813 5531; baseline 0.002 -20"><span class='ocrx_word' id='word_1_743' title='bbox 202 5458 391 5513; x_wconf 86' lang='lat' dir='ltr'>bentis</span> <span class='ocrx_word' id='word_1_744' title='bbox 410 5474 542 5510; x_wconf 89' lang='lat' dir='ltr'>voce</span> <span class='ocrx_word' id='word_1_745' title='bbox 562 5458 747 5512; x_wconf 90' lang='lat' dir='ltr'>omnis</span> <span class='ocrx_word' id='word_1_746' title='bbox 764 5457 1067 5513; x_wconf 87' lang='lat' dir='ltr'>bestiarum</span> <span class='ocrx_word' id='word_1_747' title='bbox 1099 5460 1418 5525; x_wconf 87' lang='lat' dir='ltr'>multitudo,</span> <span class='ocrx_word' id='word_1_748' title='bbox 1456 5460 1615 5531; x_wconf 86' lang='lat' dir='ltr'>quasi</span> <span class='ocrx_word' id='word_1_749' title='bbox 1643 5462 1813 5530; x_wconf 84' lang='lat' dir='ltr'>maje-</span> 
     </span>
    </p>
   </div>
   <div class='ocr_carea' id='block_1_96' title="bbox 203 5546 1262 5618">
    <p class='ocr_par' dir='ltr' id='par_1_96' title="bbox 203 5546 1262 5618">
     <span class='ocr_line' id='line_1_96' title="bbox 203 5546 1262 5618; baseline 0.001 -19"><span class='ocrx_word' id='word_1_750' title='bbox 203 5547 367 5603; x_wconf 83' lang='lat' dir='ltr'>statis</span> <span class='ocrx_word' id='word_1_751' title='bbox 402 5546 632 5602; x_wconf 84' lang='lat' dir='ltr'>verbere</span> <span class='ocrx_word' id='word_1_752' title='bbox 664 5547 989 5614; x_wconf 79' lang='lat' dir='ltr'>caederetur,</span> <span class='ocrx_word' id='word_1_753' title='bbox 1028 5548 1262 5618; x_wconf 88' lang='lat' dir='ltr'>aufugit.</span> 
     </span>
    </p>
   </div>
   <div class='ocr_carea' id='block_1_97' title="bbox 278 5636 1807 5707">
    <p class='ocr_par' dir='ltr' id='par_1_97' title="bbox 278 5636 1807 5707">
     <span class='ocr_line' id='line_1_97' title="bbox 278 5636 1807 5707; baseline 0.002 -16"><span class='ocrx_word' id='word_1_754' title='bbox 278 5638 414 5692; x_wconf 75' lang='lat' dir='ltr'>CAP.</span> <span class='ocrx_word' id='word_1_755' title='bbox 442 5636 645 5694; x_wconf 81' lang='lat' dir='ltr'><strong>XXVI.</strong></span> <span class='ocrx_word' id='word_1_756' title='bbox 672 5667 735 5678; x_wconf 91' lang='lat'><strong>—</strong></span> <span class='ocrx_word' id='word_1_757' title='bbox 767 5638 891 5693; x_wconf 88' lang='lat' dir='ltr'>Non</span> <span class='ocrx_word' id='word_1_758' title='bbox 914 5637 1075 5695; x_wconf 87' lang='lat' dir='ltr'>multi</span> <span class='ocrx_word' id='word_1_759' title='bbox 1091 5643 1218 5707; x_wconf 88' lang='lat' dir='ltr'>post</span> <span class='ocrx_word' id='word_1_760' title='bbox 1246 5638 1363 5693; x_wconf 79' lang='lat' dir='ltr'>haec</span> <span class='ocrx_word' id='word_1_761' title='bbox 1379 5640 1655 5694; x_wconf 80' lang='lat' dir='ltr'>tinxerant</span> <span class='ocrx_word' id='word_1_762' title='bbox 1670 5640 1807 5703; x_wconf 88' lang='lat' dir='ltr'>dies,</span> 
     </span>
    </p>
   </div>
   <div class='ocr_carea' id='block_1_98' title="bbox 1890 4562 3465 4625">
    <p class='ocr_par' dir='ltr' id='par_1_98' title="bbox 1890 4562 3465 4625">
     <span class='ocr_line' id='line_1_98' title="bbox 1890 4562 3465 4625; baseline -0.003 -4"><span class='ocrx_word' id='word_1_763' title='bbox 1890 4572 2099 4621; x_wconf 90' lang='lat' dir='ltr'>menta.</span> <span class='ocrx_word' id='word_1_764' title='bbox 2132 4566 2351 4621; x_wconf 88' lang='lat' dir='ltr'>Laudat</span> <span class='ocrx_word' id='word_1_765' title='bbox 2389 4571 2637 4619; x_wconf 88' lang='lat' dir='ltr'>veterum</span> <span class='ocrx_word' id='word_1_766' title='bbox 2669 4563 2875 4625; x_wconf 87' lang='lat' dir='ltr'>studia,</span> <span class='ocrx_word' id='word_1_767' title='bbox 2910 4562 3167 4616; x_wconf 85' lang='lat' dir='ltr'>hortator</span> <span class='ocrx_word' id='word_1_768' title='bbox 3193 4576 3465 4617; x_wconf 81' lang='lat' dir='ltr'>novorum</span> 
     </span>
    </p>
   </div>
   <div class='ocr_carea' id='block_1_99' title="bbox 1891 4650 3490 4726">
    <p class='ocr_par' dir='ltr' id='par_1_99' title="bbox 1891 4650 3490 4726">
     <span class='ocr_line' id='line_1_99' title="bbox 1891 4650 3490 4726; baseline -0.006 -15"><span class='ocrx_word' id='word_1_769' title='bbox 1891 4658 2151 4711; x_wconf 90' lang='lat' dir='ltr'>Sororem</span> <span class='ocrx_word' id='word_1_770' title='bbox 2190 4672 2412 4726; x_wconf 91' lang='lat' dir='ltr'>quoque</span> <span class='ocrx_word' id='word_1_771' title='bbox 2436 4658 2554 4724; x_wconf 87' lang='lat' dir='ltr'>jam</span> <span class='ocrx_word' id='word_1_772' title='bbox 2586 4653 2829 4707; x_wconf 86' lang='lat' dir='ltr'>vetulam</span> <span class='ocrx_word' id='word_1_773' title='bbox 2860 4651 3134 4719; x_wconf 88' lang='lat' dir='ltr'>virginem</span> <span class='ocrx_word' id='word_1_774' title='bbox 3172 4650 3384 4715; x_wconf 86' lang='lat' dir='ltr'>videns,</span> <span class='ocrx_word' id='word_1_775' title='bbox 3433 4655 3490 4703; x_wconf 90' lang='lat' dir='ltr'>et</span> 
     </span>
    </p>
   </div>
   <div class='ocr_carea' id='block_1_100' title="bbox 1890 4739 3492 4816">
    <p class='ocr_par' dir='ltr' id='par_1_100' title="bbox 1890 4739 3492 4816">
     <span class='ocr_line' id='line_1_100' title="bbox 1890 4739 3492 4816; baseline -0.006 -16"><span class='ocrx_word' id='word_1_776' title='bbox 1890 4746 2126 4800; x_wconf 88' lang='lat' dir='ltr'>aliarum</span> <span class='ocrx_word' id='word_1_777' title='bbox 2187 4745 2501 4816; x_wconf 87' lang='lat' dir='ltr'>puellarum</span> <span class='ocrx_word' id='word_1_778' title='bbox 2548 4742 2895 4809; x_wconf 84' lang='lat' dir='ltr'>magistram,</span> <span class='ocrx_word' id='word_1_779' title='bbox 2935 4740 3082 4797; x_wconf 87' lang='lat' dir='ltr'>mira</span> <span class='ocrx_word' id='word_1_780' title='bbox 3119 4739 3492 4794; x_wconf 83' lang='lat' dir='ltr'>exsultatione</span> 
     </span>
    </p>
   </div>
   <div class='ocr_carea' id='block_1_101' title="bbox 1887 4828 3494 4901">
    <p class='ocr_par' dir='ltr' id='par_1_101' title="bbox 1887 4828 3494 4901">
     <span class='ocr_line' id='line_1_101' title="bbox 1887 4828 3494 4901; baseline -0.002 -12"><span class='ocrx_word' id='word_1_781' title='bbox 1887 4834 2218 4889; x_wconf 88' lang='lat' dir='ltr'>sustollitur.</span> <span class='ocrx_word' id='word_1_782' title='bbox 2255 4833 2484 4894; x_wconf 80' lang='lat' dir='ltr'>Exinde,</span> <span class='ocrx_word' id='word_1_783' title='bbox 2521 4831 2679 4901; x_wconf 86' lang='lat' dir='ltr'>quasi</span> <span class='ocrx_word' id='word_1_784' title='bbox 2701 4831 2796 4885; x_wconf 90' lang='lat' dir='ltr'>diu</span> <span class='ocrx_word' id='word_1_785' title='bbox 2819 4829 3039 4885; x_wconf 89' lang='lat' dir='ltr'>abesset</span> <span class='ocrx_word' id='word_1_786' title='bbox 3056 4828 3127 4884; x_wconf 87' lang='lat' dir='ltr'>ab</span> <span class='ocrx_word' id='word_1_787' title='bbox 3145 4845 3356 4896; x_wconf 86' lang='lat' dir='ltr'>eremo,</span> <span class='ocrx_word' id='word_1_788' title='bbox 3372 4844 3494 4889; x_wconf 86' lang='lat' dir='ltr'>rur-</span> 
     </span>
    </p>
   </div>
   <div class='ocr_carea' id='block_1_102' title="bbox 1888 4922 2718 4979">
    <p class='ocr_par' dir='ltr' id='par_1_102' title="bbox 1888 4922 2718 4979">
     <span class='ocr_line' id='line_1_102' title="bbox 1888 4922 2718 4979; baseline -0.005 0"><span class='ocrx_word' id='word_1_789' title='bbox 1888 4941 2011 4979; x_wconf 88' lang='lat' dir='ltr'>sum</span> <span class='ocrx_word' id='word_1_790' title='bbox 2043 4923 2331 4978; x_wconf 85' lang='lat' dir='ltr'>festinavit</span> <span class='ocrx_word' id='word_1_791' title='bbox 2358 4922 2429 4977; x_wconf 83' lang='lat' dir='ltr'>ad</span> <span class='ocrx_word' id='word_1_792' title='bbox 2450 4928 2718 4977; x_wconf 89' lang='lat' dir='ltr'>montem.</span> 
     </span>
    </p>
   </div>
   <div class='ocr_carea' id='block_1_103' title="bbox 1960 5008 3488 5080">
    <p class='ocr_par' dir='ltr' id='par_1_103' title="bbox 1960 5008 3488 5080">
     <span class='ocr_line' id='line_1_103' title="bbox 1960 5008 3488 5080; baseline -0.001 -14"><span class='ocrx_word' id='word_1_793' title='bbox 1960 5014 2090 5066; x_wconf 76' lang='lat' dir='ltr'>CAP.</span> <span class='ocrx_word' id='word_1_794' title='bbox 2110 5012 2357 5068; x_wconf 75' lang='lat' dir='ltr'><strong>XXVIII.</strong></span> <span class='ocrx_word' id='word_1_795' title='bbox 2376 5044 2431 5051; x_wconf 90' lang='lat'>—-</span> <span class='ocrx_word' id='word_1_796' title='bbox 2452 5012 2715 5067; x_wconf 88' lang='lat' dir='ltr'>Plurimis</span> <span class='ocrx_word' id='word_1_797' title='bbox 2722 5012 2843 5080; x_wconf 86' lang='lat' dir='ltr'>jam</span> <span class='ocrx_word' id='word_1_798' title='bbox 2859 5011 3100 5069; x_wconf 88' lang='lat' dir='ltr'>adillum</span> <span class='ocrx_word' id='word_1_799' title='bbox 3118 5008 3488 5073; x_wconf 85' lang='lat' dir='ltr'>venientibus,</span> 
     </span>
    </p>
   </div>
   <div class='ocr_carea' id='block_1_104' title="bbox 1890 5096 3492 5165">
    <p class='ocr_par' dir='ltr' id='par_1_104' title="bbox 1890 5096 3492 5165">
     <span class='ocr_line' id='line_1_104' title="bbox 1890 5096 3492 5165; baseline -0.002 -10"><span class='ocrx_word' id='word_1_800' title='bbox 1890 5119 2016 5157; x_wconf 90' lang='lat' dir='ltr'>cum</span> <span class='ocrx_word' id='word_1_801' title='bbox 2058 5103 2227 5156; x_wconf 89' lang='lat' dir='ltr'>etiam</span> <span class='ocrx_word' id='word_1_802' title='bbox 2260 5102 2439 5156; x_wconf 87' lang='lat' dir='ltr'>vexati</span> <span class='ocrx_word' id='word_1_803' title='bbox 2469 5119 2503 5155; x_wconf 92' lang='lat' dir='ltr'>a</span> <span class='ocrx_word' id='word_1_804' title='bbox 2531 5100 2899 5165; x_wconf 68' lang='lat' dir='ltr'>daemonibus,</span> <span class='ocrx_word' id='word_1_805' title='bbox 2944 5101 3094 5157; x_wconf 87' lang='lat' dir='ltr'>malo</span> <span class='ocrx_word' id='word_1_806' title='bbox 3143 5096 3492 5156; x_wconf 86' lang='lat' dir='ltr'>necessitatis</span> 
     </span>
    </p>
   </div>
   <div class='ocr_carea' id='block_1_105' title="bbox 1891 5188 3491 5261">
    <p class='ocr_par' dir='ltr' id='par_1_105' title="bbox 1891 5188 3491 5261">
     <span class='ocr_line' id='line_1_105' title="bbox 1891 5188 3491 5261; baseline -0.004 -16"><span class='ocrx_word' id='word_1_807' title='bbox 1891 5192 2087 5255; x_wconf 83' lang='lat' dir='ltr'>coacti,</span> <span class='ocrx_word' id='word_1_808' title='bbox 2120 5193 2393 5245; x_wconf 83' lang='lat' dir='ltr'>auderent</span> <span class='ocrx_word' id='word_1_809' title='bbox 2412 5191 2637 5246; x_wconf 84' lang='lat' dir='ltr'>deserta</span> <span class='ocrx_word' id='word_1_810' title='bbox 2666 5198 2981 5261; x_wconf 85' lang='lat' dir='ltr'>penetrare;</span> <span class='ocrx_word' id='word_1_811' title='bbox 3012 5206 3152 5260; x_wconf 89' lang='lat' dir='ltr'>quos</span> <span class='ocrx_word' id='word_1_812' title='bbox 3184 5188 3274 5243; x_wconf 91' lang='lat' dir='ltr'>ille</span> <span class='ocrx_word' id='word_1_813' title='bbox 3294 5201 3491 5241; x_wconf 87' lang='lat' dir='ltr'>conso-</span> 
     </span>
    </p>
   </div>
   <div class='ocr_carea' id='block_1_106' title="bbox 1890 5273 3487 5350">
    <p class='ocr_par' dir='ltr' id='par_1_106' title="bbox 1890 5273 3487 5350">
     <span class='ocr_line' id='line_1_106' title="bbox 1890 5273 3487 5350; baseline -0.005 -15"><span class='ocrx_word' id='word_1_814' title='bbox 1890 5282 2033 5343; x_wconf 85' lang='lat' dir='ltr'>lans,</span> <span class='ocrx_word' id='word_1_815' title='bbox 2067 5286 2123 5335; x_wconf 89' lang='lat' dir='ltr'>et</span> <span class='ocrx_word' id='word_1_816' title='bbox 2151 5281 2435 5335; x_wconf 87' lang='lat' dir='ltr'>monachis</span> <span class='ocrx_word' id='word_1_817' title='bbox 2472 5282 2527 5335; x_wconf 93' lang='lat' dir='ltr'>in</span> <span class='ocrx_word' id='word_1_818' title='bbox 2571 5298 2867 5335; x_wconf 88' lang='lat' dir='ltr'>commune</span> <span class='ocrx_word' id='word_1_819' title='bbox 2889 5279 3232 5350; x_wconf 67' lang='lat' dir='ltr'>prsecipiens,</span> <span class='ocrx_word' id='word_1_820' title='bbox 3266 5273 3487 5331; x_wconf 87' lang='lat' dir='ltr'>aiebat:</span> 
     </span>
    </p>
   </div>
   <div class='ocr_carea' id='block_1_107' title="bbox 1897 5363 3495 5432">
    <p class='ocr_par' dir='ltr' id='par_1_107' title="bbox 1897 5363 3495 5432">
     <span class='ocr_line' id='line_1_107' title="bbox 1897 5363 3495 5432; baseline -0.006 -7"><span class='ocrx_word' id='word_1_821' title='bbox 1897 5371 2119 5425; x_wconf 86' lang='lat' dir='ltr'>Credite</span> <span class='ocrx_word' id='word_1_822' title='bbox 2148 5371 2201 5425; x_wconf 92' lang='lat' dir='ltr'>in</span> <span class='ocrx_word' id='word_1_823' title='bbox 2224 5372 2413 5425; x_wconf 87' lang='lat' dir='ltr'>Jesum</span> <span class='ocrx_word' id='word_1_824' title='bbox 2438 5370 2711 5425; x_wconf 79' lang='lat' dir='ltr'>fideliter:</span> <span class='ocrx_word' id='word_1_825' title='bbox 2746 5376 2872 5432; x_wconf 66' lang='lat'>50</span> <span class='ocrx_word' id='word_1_826' title='bbox 2900 5373 3196 5423; x_wconf 90' lang='lat' dir='ltr'>mentcma</span> <span class='ocrx_word' id='word_1_827' title='bbox 3225 5363 3386 5421; x_wconf 89' lang='lat' dir='ltr'>malis</span> <span class='ocrx_word' id='word_1_828' title='bbox 3406 5380 3495 5417; x_wconf 90' lang='lat' dir='ltr'>co-</span> 
     </span>
    </p>
   </div>
   <div class='ocr_carea' id='block_1_108' title="bbox 1893 5456 3490 5528">
    <p class='ocr_par' dir='ltr' id='par_1_108' title="bbox 1893 5456 3490 5528">
     <span class='ocr_line' id='line_1_108' title="bbox 1893 5456 3490 5528; baseline -0.004 -14"><span class='ocrx_word' id='word_1_829' title='bbox 1893 5459 2280 5528; x_wconf 82' lang='lat' dir='ltr'>gitationibus,</span> <span class='ocrx_word' id='word_1_830' title='bbox 2300 5477 2523 5516; x_wconf 88' lang='lat' dir='ltr'>carnem</span> <span class='ocrx_word' id='word_1_831' title='bbox 2543 5459 2613 5515; x_wconf 88' lang='lat' dir='ltr'>ab</span> <span class='ocrx_word' id='word_1_832' title='bbox 2637 5456 3005 5514; x_wconf 90' lang='lat' dir='ltr'>immunditiis</span> <span class='ocrx_word' id='word_1_833' title='bbox 3030 5461 3247 5510; x_wconf 89' lang='lat' dir='ltr'>servate</span> <span class='ocrx_word' id='word_1_834' title='bbox 3268 5469 3490 5523; x_wconf 86' lang='lat' dir='ltr'>puram,</span> 
     </span>
    </p>
   </div>
   <div class='ocr_carea' id='block_1_109' title="bbox 1897 5542 3497 5619">
    <p class='ocr_par' dir='ltr' id='par_1_109' title="bbox 1897 5542 3497 5619">
     <span class='ocr_line' id='line_1_109' title="bbox 1897 5542 3497 5619; baseline -0.003 -17"><span class='ocrx_word' id='word_1_835' title='bbox 1897 5556 1951 5604; x_wconf 89' lang='lat' dir='ltr'>et</span> <span class='ocrx_word' id='word_1_836' title='bbox 1979 5551 2141 5619; x_wconf 82' lang='lat' dir='ltr'>juxta</span> <span class='ocrx_word' id='word_1_837' title='bbox 2167 5549 2387 5619; x_wconf 85' lang='lat' dir='ltr'>eloquia</span> <span class='ocrx_word' id='word_1_838' title='bbox 2416 5549 2621 5611; x_wconf 90' lang='lat' dir='ltr'>divina,</span> <span class='ocrx_word' id='word_1_839' title='bbox 2655 5564 2724 5601; x_wconf 87' lang='lat' dir='ltr'>ne</span> <span class='ocrx_word' id='word_1_840' title='bbox 2746 5544 3091 5601; x_wconf 86' lang='lat' dir='ltr'>seducamini</span> <span class='ocrx_word' id='word_1_841' title='bbox 3119 5544 3177 5599; x_wconf 91' lang='lat' dir='ltr'>in</span> <span class='ocrx_word' id='word_1_842' title='bbox 3199 5542 3497 5599; x_wconf 86' lang='lat' dir='ltr'>saturitate</span> 
     </span>
    </p>
   </div>
   <div class='ocr_carea' id='block_1_110' title="bbox 1896 5633 3497 5704">
    <p class='ocr_par' dir='ltr' id='par_1_110' title="bbox 1896 5633 3497 5704">
     <span class='ocr_line' id='line_1_110' title="bbox 1896 5633 3497 5704; baseline -0.002 -11"><span class='ocrx_word' id='word_1_843' title='bbox 1896 5640 2106 5697; x_wconf 91' lang='lat' dir='ltr'>ventris</span> <span class='ocrx_word' id='word_1_844' title='bbox 2140 5642 2322 5696; x_wconf 67' lang='lat' dir='ltr'>(Prov.</span> <span class='ocrx_word' id='word_1_845' title='bbox 2368 5654 2530 5703; x_wconf 54' lang='lat' dir='ltr'>xxuvi,</span> <span class='ocrx_word' id='word_1_846' title='bbox 2591 5638 2739 5690; x_wconf 82' lang='lat' dir='ltr'>edite</span> <span class='ocrx_word' id='word_1_847' title='bbox 2788 5650 2988 5690; x_wconf 84' lang='lat' dir='ltr'>vanam</span> <span class='ocrx_word' id='word_1_848' title='bbox 3035 5633 3293 5704; x_wconf 82' lang='lat' dir='ltr'>gloriam,</span> <span class='ocrx_word' id='word_1_849' title='bbox 3341 5638 3497 5689; x_wconf 85' lang='lat' dir='ltr'>orate</span> 
     </span>
    </p>
   </div>
  </div>
