3958 6402
457 329 553 390 151

1473 334 1567 388 DE
1605 333 1792 388 VlTIS
1831 333 2127 390 PATRUM
2161 333 2375 388 LIBER
2413 331 2699 386 PRIMUS.

3621 327 3733 386 152

452 453 776 526 saepissime,
806 453 1025 526 psallite
1054 471 1301 527 vespere,
1334 463 1390 510 et
1419 473 1605 523 mane,
1629 463 1684 511 et
1711 458 1962 522 meridie,
1986 463 2044 512 et
2062 461 2113 519 Α
2133 457 2360 511 ferrent.
2385 457 2510 510 Non
2531 457 2679 510 enim
2701 455 2928 509 Antonii
2957 460 3057 508 aut
3068 455 3400 524 cujusquam
3429 453 3732 507 hominum

456 544 724 598 mandata
742 544 1158 614 Scripturarum
1169 547 1451 600 revolvite.
1467 547 1858 600 Recordamini
1869 551 2053 616 gesto—

457 649 602 697 rum,
637 649 759 703 quae
779 633 956 686 sancti
973 634 1180 704 quique
1199 635 1468 702 fecerunt,
1501 640 1564 689 ut
1584 636 1821 706 exempli
1843 651 2052 688 memo-

458 721 543 774 ria
565 721 810 774 animam
843 721 1039 776 incitet
1083 723 1153 776 ad
1188 722 1472 790 virtutem,
1509 723 1756 778 refrenet
1800 741 1834 778 a
1878 723 2046 777 vitiis.

458 808 740 864 Suadebat
749 809 916 864 etiam
923 811 944 881 j
952 810 1047 880 ugi
1057 811 1420 866 meditatione
1431 813 1684 867 retinend
1693 829 1726 866 u
1735 829 1788 866 m
1799 813 2050 883 Apostoli

402 904 415 918 ⁴
453 913 790 964 sermonem,
826 915 936 970 quo
973 900 1081 954 ait:
1114 901 1208 955 Sol
1236 917 1349 955 non
1380 901 1595 956 occidat
1627 918 1797 972 super
1824 901 2052 956 iracun-

454 985 608 1040 diam
635 993 881 1043 vestram
907 989 1123 1060 (Ephes.
1147 993 1245 1057 IV).
1275 991 1401 1044 Non
1419 995 1642 1045 tantum
1672 996 1862 1045 autem
1885 993 2054 1062 super

457 1075 807 1131 iracundiam
827 1078 1003 1132 solem
1024 1077 1275 1134 occidere
1301 1096 1413 1134 non
1475 1079 1678 1134 debere
1721 1079 2056 1151 interpreta-

455 1163 641 1232 batur,
671 1166 769 1220 sed
790 1172 848 1220 et
867 1183 1037 1238 super
1064 1168 1255 1222 omnia
1273 1169 1477 1223 delicta
1495 1169 1805 1233 hominum,
1829 1185 1901 1223 ne
1930 1186 2054 1240 pec-

459 1259 713 1310 catorum
742 1271 992 1326 unquam
1017 1261 1341 1311 nostrorum
1365 1263 1464 1312 aut
1500 1257 1560 1312 in
1589 1265 1750 1312 nocte
1769 1259 1921 1322 luna,
1955 1263 2056 1312 aut

459 1342 520 1396 in
548 1343 639 1398 die
677 1344 780 1410 sol,
813 1349 984 1398 testes
1014 1344 1394 1401 abscederent.
1427 1347 1584 1401 Illius
1616 1364 1837 1418 quoque
1866 1347 2056 1402 admo-

460 1430 633 1485 nebat
661 1433 922 1504 praecepti
952 1450 1230 1488 memores
1259 1451 1400 1501 esse,
1441 1436 1590 1506 quod
1632 1436 1766 1490 dicit
1806 1437 1875 1490 de
1927 1435 2048 1489 his:

462 1519 778 1590 Dijudicate
807 1523 1189 1594 vosmetipsos,
1215 1528 1274 1579 et
1300 1524 1532 1595 probate
1557 1525 1643 1596 (ΙΙ
1665 1527 1782 1579 Cor.
1817 1528 1964 1590 xm);
1994 1531 2058 1578 ut

463 1610 742 1664 rationem
770 1609 881 1664 diei
910 1611 1199 1683 noctisque
1227 1613 1512 1678 facientes,
1537 1614 1586 1668 si
1617 1613 1675 1668 in
1706 1631 1766 1667 se
1793 1613 2057 1668 delictum

465 1697 981 1770 deprehendissent,
1036 1717 1264 1773 peccare
1311 1702 1688 1769 desisterent;
1733 1703 1818 1757 sin
1866 1708 2054 1756 autem

463 1789 652 1842 nullus
681 1805 839 1844 error
865 1789 1192 1862 decepisset,
1215 1795 1636 1862 perseverantes
1664 1793 1941 1847 instarent
1963 1809 2060 1862 po-

2133 546 2362 600 omnino
2393 546 2534 599 hanc
2562 562 2685 599 esse
2714 543 3184 608 medicinam,sed
3201 543 3300 598 Dei
3331 542 3524 608 solius,
3544 542 3642 612 qui
3671 549 3734 596 et

2134 635 2335 704 quibus
2363 634 2546 700 vellet,
2572 640 2628 687 et
2647 649 2757 704 quo
2771 633 2939 687 vellet
2953 637 3202 702 tempore
3223 631 3384 685 daret
3400 630 3728 686 sanitatem.

2133 725 2222 778 Ita
2249 723 2626 777 consolatione
2655 739 2760 776 sua
2787 728 2844 776 et
2880 727 3105 776 vexatos
3155 720 3554 791 aequanimiter
3581 721 3733 773 terre

2133 812 2522 877 tentationem,
2554 823 2611 866 et
2626 813 2747 882 jam
2771 811 3054 878 liberatos,
3075 826 3187 865 non
3209 809 3335 876 sibi,
3357 809 3454 863 sed
3473 809 3590 862 Deo
3603 825 3734 878 gra-

2130 901 2242 956 tias
2270 901 2478 957 referre
2503 901 2755 955 docebat.

2208 991 2338 1044 er.
2370 991 2567 1044 XXIX.
2598 1018 2660 1028 --
2689 990 2896 1044 Fronto
2923 995 3113 1044 autem
3143 989 3390 1060 quidam,
3420 988 3506 1043 vir
3525 1005 3594 1044 ex
3621 989 3735 1043 Pa-

2135 1079 2386 1144 laestinis,
2423 1079 2518 1149 qui
2547 1078 2910 1132 infestissimo
2939 1079 3216 1133 dazmonio
3246 1078 3546 1133 vexabatur
3570 1080 3734 1148 (nam

2136 1175 2194 1222 et
2213 1169 2462 1238 linguam
2486 1170 2608 1238 ejus
2623 1167 2865 1223 laniabat
2881 1167 3164 1234 dentibus,
3199 1172 3256 1222 et
3282 1168 3572 1222 oculorum
3592 1167 3738 1222 nite-

2135 1257 2301 1312 batur
2321 1259 2508 1311 lumen
2530 1258 2924 1328 exstinguere),
2947 1257 3193 1328 perrexit
3205 1257 3274 1310 ad
3289 1263 3556 1322 montem,
3573 1272 3738 1326 roga-

2137 1345 2344 1417 batque
2370 1346 2599 1400 beatum
2630 1363 2821 1400 senem
2837 1352 2900 1400 ut
2931 1364 3032 1417 pro
3064 1363 3124 1400 se
3152 1346 3454 1400 Dominum
3483 1351 3734 1416 rogaret.

2139 1435 2334 1490 Oravit
2348 1435 2644 1501 Antonius,
2677 1435 2928 1507 dixitque
2949 1436 3019 1490 ad
3042 1453 3172 1489 eum
3201 1455 3212 1490 :
3242 1435 3396 1489 Vade
3422 1439 3477 1489 et
3504 1433 3740 1488 curabe-

2138 1524 2235 1578 ris.
2271 1524 2359 1578 Illi
2383 1525 2670 1578 incredulo
2700 1523 2825 1589 sibi,
2864 1531 2923 1578 et
2959 1525 3233 1578 violenter
3281 1523 3490 1578 ibidem
3537 1528 3741 1578 contra

2138 1619 2477 1684 praeceptum
2498 1613 2824 1678 remoranti,
2849 1613 3045 1668 eadem
3081 1613 3408 1684 geminabat
3433 1612 3736 1678 Antonius,

2139 1702 2358 1756 dicens:
2386 1702 2489 1757 Hic
2507 1703 2690 1756 curari
2718 1719 2830 1756 non
2859 1703 3096 1774 poteris:
3131 1703 3415 1772 egredere,
3447 1708 3504 1756 et
3522 1702 3742 1756 calcata

2139 1792 2400 1862 IEgypto,
2429 1791 2619 1846 statim
2639 1797 2696 1845 te
2707 1791 3091 1845 misericordia
3111 1791 3318 1846 Christi
3339 1797 3738 1862 consequetur.

464 1877 577 1932 tius
605 1877 846 1948 incepto,
875 1895 1043 1950 quam
1063 1881 1388 1950 arrogantia
1410 1881 1614 1935 tumidi
1645 1887 1745 1936 aut
1772 1881 1911 1935 alios
1927 1897 2059 1935 con-
2077 1879 2390 1954 BTandem
2417 1879 2671 1946 credidit,
2703 1885 2761 1934 et
2788 1881 3066 1951 profectus
3096 1887 3212 1948 est;
3237 1896 3303 1934 ac
3325 1880 3444 1934 visa
3471 1881 3738 1951 Egypto,

463 1970 799 2036 temnerent,
827 1973 929 2022 aut
953 1967 1059 2022 sibi
1081 1969 1360 2039 justitiam
1390 1970 1768 2034 vendicarent,
1793 1971 1956 2040 juxta
1972 1987 2062 2023 su-

463 2055 971 2126 pradictiDoctoris
997 2056 1281 2129 eloquium
1303 2059 1567 2113 dicentis:
1602 2059 1788 2114 Nolite
1807 2059 2062 2128 judicare

463 2149 596 2198 ante
623 2149 848 2215 tempus
875 2147 923 2215 (I
949 2146 1072 2200 Cor.
1105 2149 1181 2216 Iv)
1212 2147 1429 2217 ;magis
1456 2147 1660 2202 debere
1687 2165 1781 2202 eos
1829 2147 2056 2214 Christi,

465 2235 556 2288 cui
586 2233 691 2288 soli
719 2235 936 2289 occulta
962 2241 1177 2306 patent,
1209 2253 1494 2291 reservare
1523 2237 1737 2307 judicio
1771 2238 1942 2304 (Rom.
1975 2241 2060 2305 ιι).

467 2324 672 2378 Multas
701 2340 823 2378 esse
854 2327 941 2392 (ut
953 2325 1226 2396 scriptum
1250 2327 1351 2395 est)
1374 2325 1492 2380 vias
1523 2341 1646 2396 quae
1675 2325 1933 2380 videntur
1958 2325 2060 2383 ho-

467 2411 714 2468 minibus
735 2415 923 2484 justaa,
957 2414 1055 2468 sed
1076 2416 1216 2468 ﬁnes
1235 2431 1430 2469 earum
1444 2415 1514 2468 ad
1535 2414 1874 2485 profundum
1890 2414 2064 2484 respi-

466 2517 592 2556 cere
620 2502 822 2558 inferni
855 2505 1354 2573 (Prov.x1vetxv1);
1387 2520 1533 2574 saepe
1561 2509 1753 2558 nostra
1775 2519 1888 2557 non
1900 2520 2064 2574 posse

469 2608 572 2646 nos
599 2591 915 2661 intelligere
942 2596 1188 2662 peccata,
1217 2608 1362 2662 saepe
1406 2592 1522 2646 falli
1555 2591 1610 2646 in
1640 2592 1856 2646 ratione
1874 2597 2064 2661 gesto-

469 2697 598 2735 rum
629 2698 642 2747 ;
666 2680 820 2734 aliud
849 2696 971 2734 esse
990 2679 1092 2734 Dei
1121 2685 1320 2740 cuncta
1347 2681 1626 2735 cernentis
1649 2680 1946 2750 judicium,
1969 2679 2065 2751 qui

470 2786 584 2825 non
606 2786 672 2824 ex
699 2769 994 2840 superficie
1010 2785 1324 2840 corporum,
1349 2770 1447 2824 sed
1467 2786 1534 2822 ex
1559 2769 1832 2823 mentium
1851 2769 2068 2839 judicat

471 2859 710 2914 arcanis.
737 2858 984 2929 [Equum
1011 2863 1201 2912 autem
1225 2875 1348 2913 esse
1373 2874 1475 2912 nos
1506 2857 1666 2912 nobis
1705 2859 1968 2930 compati,
2012 2863 2069 2912 et

470 2947 710 3003 invicem
738 2963 911 3002 onera
937 2952 1132 3002 nostra
1158 2953 1382 3019 portare
1415 2949 1553 3015 (Gal.
1584 2950 1684 3016 vi),
1716 2951 1782 3002 ut
1807 2964 2066 3002 concesso

473 3037 728 3094 examine
775 3037 1069 3104 Salvatori,
1119 3035 1374 3107 proprias
1417 3035 1783 3090 conscientias
1819 3044 2066 3091 nosmet-

441 3173 452 3185 .
474 3129 625 3200 ipsos
647 3127 964 3200 judicantes
989 3125 1360 3180 intueremur.

547 3218 780 3273 Necnon
795 3215 1016 3271 dicebat
1034 3231 1298 3284 magnam
1315 3231 1435 3268 esse
1457 3213 1529 3267 ad
1543 3213 1807 3268 virtutem
1829 3214 1992 3279 viam,
2019 3214 2066 3268 si

475 3307 684 3378 singuli
707 3306 794 3362 vel
817 3303 1176 3360 observarent
1204 3303 1351 3374 quod
1367 3308 1649 3373 gererent,
1671 3303 1756 3356 vel
1780 3303 2068 3358 universas

475 3395 753 3451 mentium
779 3393 1143 3464 cogitationes
1161 3391 1426 3446 fratribus
1448 3392 1739 3446 referrent.
1769 3393 1896 3447 Non
1917 3392 2069 3446 enim

475 3501 638 3557 posse
656 3484 899 3555 aliquem
918 3498 1168 3554 peccare,
1199 3497 1326 3535 cum
1338 3480 1619 3534 relaturus
1637 3486 1784 3534 esset
1811 3481 1880 3534 ad
1895 3481 2069 3535 alium

477 3589 820 3648 quaecunque
831 3575 1132 3643 peccasset,
1148 3567 1400 3624 etsubirc
1421 3569 1690 3640 pudorem
1708 3569 1767 3623 in
1786 3569 2070 3640 publicum

473 3663 665 3736 turpia
682 3659 1017 3735 proferendi.
1035 3659 1288 3729 Denique
1305 3657 1524 3712 nullum
1549 3664 1870 3730 peccantem
1883 3675 2068 3713 coram

475 3753 586 3808 alio
615 3752 823 3808 audere
845 3765 1108 3822 peccare;
1138 3747 1359 3802 etiamsi
1406 3753 1615 3818 peccet,
1648 3753 1838 3802 tamen
1865 3753 2067 3802 testem

472 3843 651 3897 vitare
676 3835 906 3912 peccati,
942 3837 1170 3892 mentiri
1219 3836 1400 3907 magis
1428 3841 1486 3891 et
1532 3853 1758 3906 negare,
1809 3841 1866 3890 et
1913 3842 2069 3890 vetus

473 3931 742 3987 delictum
771 3945 912 3983 novo
940 3925 1230 3981 inﬁciandi
1249 3942 1456 3995 augere
1483 3925 1704 3979 delicto.
1721 3925 2068 3996 Igiturquasi

474 4020 580 4075 sub
608 4018 804 4085 oculis,
836 4015 1040 4082 aiebat,
1070 4014 1296 4079 nostris,
1325 4019 1384 4068 et
1409 4014 1654 4084 cogitatu
1677 4011 2072 4069 confundimur

477 4113 536 4162 et
562 4112 710 4172 actu,
743 4105 791 4160 si
821 4104 1011 4159 omnia
1032 4103 1327 4158 referenda
1344 4102 1636 4167 faciamus,
1672 4102 1849 4156 multo
1877 4108 2068 4157 autem

474 4194 675 4264 magis,
705 4194 754 4252 si
782 4198 1013 4264 peccata
1039 4198 1235 4248 nostra
1252 4191 1492 4245 ﬁdeliter
1511 4190 1888 4246 describentes
1918 4192 2070 4263 dige-

474 4300 669 4340 ramus
697 4283 757 4338 in
777 4282 1052 4338 ordinem.
1085 4281 1242 4334 Tunc
1263 4296 1393 4335 vero
1421 4280 1710 4334 annotatio
1739 4281 2068 4336 delictorum

472 4374 714 4428 fratrum
733 4370 1013 4426 videbitur
1025 4369 1222 4424 oculis.
1245 4369 1306 4424 Si
1335 4368 1658 4423 timebimus
1684 4371 1895 4440 peccati
1914 4389 2070 4426 ceras

2143 1969 2450 2023 secundum
2495 1968 2892 2040 professionem
2936 1970 3106 2034 senis,
3151 1985 3320 2040 quam
3369 1969 3420 2022 ei
3465 1967 3743 2023 Dominus

2143 2057 2327 2111 oranti
2355 2058 2714 2122 revelaverat,
2747 2058 3031 2112 infestatio
3059 2058 3295 2112 cessavit
3321 2057 3555 2113 inimici.

2215 2147 2348 2200 (πλε).
2379 2147 2545 2200 XXX.
2583 2177 2648 2188 ——
2677 2147 2840 2217 Virgo
2861 2164 2990 2201 vero
3014 2147 3288 2218 quaedam,
3323 2163 3446 2218 quae
3473 2147 3542 2200 de
3569 2147 3748 2201 Busi-

2144 2234 2222 2288 ris
2248 2235 2606 2306 Tripolitanae
2645 2236 2889 2306 regionis
2916 2234 3033 2307 (67)
3075 2236 3297 2290 civitate
3339 2235 3545 2290 ibidem
3592 2241 3741 2302 erat,

2144 2323 2414 2378 inauditis
2439 2341 2504 2378 ac
2519 2324 2798 2378 ﬂebilibus
2827 2324 3038 2379 morbis
3067 2324 3376 2380 laborabat.
3406 2325 3629 2380 Etenim
3644 2341 3747 2380 na-

2145 2412 2293 2467 rium
2323 2419 2714 2484 purgamenta,
2743 2415 3032 2468 oculorum
3070 2415 3351 2486 lacrymae,
3383 2415 3606 2468 aurium
3633 2431 3745 2487 pu-

2144 2501 2324 2556 tridus
2355 2503 2557 2556 humor
2581 2501 2640 2556 in
2658 2508 2870 2556 terram
2897 2503 3101 2556 cadens
3117 2502 3409 2557 confestim
3437 2502 3495 2557 in
3520 2519 3748 2559 vermes

2145 2589 2526 2645 vertebantur.
2559 2591 2816 2660 Augebat
2843 2591 3224 2646 calamitatem
3253 2608 3455 2662 corpus
3493 2594 3747 2665 paralysi

2147 2679 2499 2745 dissolutum,
2525 2680 2715 2734 oculos
2730 2697 2950 2750 quoque
2959 2697 3249 2751 perversos
3269 2688 3462 2736 contra
3478 2687 3748 2737 naturam

2151 2767 2381 2822 habens.
2413 2769 2570 2823 Hanc
2599 2775 2860 2840 parentes
2879 2771 3001 2840 ejus
3028 2770 3359 2837 deferentes,
3391 2788 3519 2824 cum
3540 2773 3611 2826 ad
3632 2774 3750 2827 An-

2148 2856 2368 2910 tonium
2396 2857 2700 2912 monachos
2729 2857 2810 2911 ire
2832 2857 3182 2926 didicissent;
3213 2859 3502 2914 credentes
3540 2860 3599 2914 in
3629 2861 3749 2916 Do-

2150 2945 2320 3011 mino,
2339 2947 2434 3016 qui
2459 2947 2799 3017 pertinacem
2820 2947 3109 3018 sanguinis
3129 2950 3340 3003 ﬂuxum
3369 2949 3426 3003 in
3445 2950 3750 3020 Evangelia

2148 3039 2303 3089 tactu
2330 3035 2563 3090 fimbriae
2593 3042 2742 3090 stare
2768 3042 3108 3108 praeceperat
3144 3039 3358 3104 (Matth.
3396 3039 3468 3108 Ix)
3509 3055 3749 3109 rogave-

2089 3131 2131 3192 C
2153 3130 2286 3178 runt
2313 3130 2378 3180 ut
2404 3124 2778 3179 miserabilem
2816 3127 2942 3181 ﬁlize
2994 3126 3323 3180 comitatum
3371 3127 3748 3200 susciperent.

2150 3213 2267 3268 Illis
2296 3213 2666 3268 renitentibus
2681 3231 2807 3268 eam
2819 3231 2996 3284 usque
3007 3215 3078 3268 ad
3089 3216 3401 3270 Antonium
3415 3217 3747 3288 perducere,

2150 3319 2472 3357 remansere
2501 3309 2762 3374 parentes
2791 3305 2912 3374 ejus
2933 3304 3066 3358 foris
3097 3321 3224 3358 cum
3256 3305 3374 3360 ﬁlia
3399 3305 3568 3360 debili
3594 3309 3750 3379 apud

2151 3391 2379 3446 beatum
2407 3393 2780 3447 confessorem
2801 3398 2855 3446 et
2870 3394 3202 3448 monachum
3214 3395 3593 3466 Paphnutium
3607 3395 3748 3466 (68),

2153 3481 2250 3552 qui
2281 3481 2495 3536 effossis
2520 3499 2620 3553 pro
2643 3483 2865 3536 Christo
2881 3482 3056 3537 oculis
3084 3483 3187 3537 sub
3203 3483 3532 3539 Maximiano
3559 3502 3755 3556 perse-

2153 3575 2363 3637 cutore,
2397 3571 2498 3625 tali
2533 3571 3031 3626 dehonestamento
3059 3571 3158 3643 (69,
3183 3573 3754 3645 corporisplurimum

2149 3659 3095 3731 gloriabatur.Perveneruntigitur
3121 3661 3192 3715 ad
3220 3663 3528 3717 Antonium
3556 3680 3758 3719 mona-

2150 3749 2260 3802 chi.
2291 3750 2544 3820 Cumque
2573 3749 2643 3804 de
2666 3749 2859 3804 morbo
2880 3751 3080 3822 puella:
3108 3751 3317 3806 referre
3339 3759 3399 3816 τί
3414 3759 3463 3818 ι.
3489 3752 3757 3824 dispone-

2148 3843 2294 3904 rent,
2327 3839 2658 3892 relationem
2686 3855 2880 3893 eorum
2930 3839 3080 3893 senis
3123 3855 3308 3894 sermo
3343 3841 3648 3912 praevenit;
3691 3851 3755 3899 et

2151 3943 2374 3982 omnem
2430 3927 2732 3981 debilitatis
2775 3933 2832 3982 et
2875 3928 3096 3982 itineris
3140 3945 3318 4000 usque
3362 3929 3434 3983 ad
3489 3935 3755 3988 sanctum

2151 4015 2531 4087 Paphnutium
2559 4032 2806 4082 causam,
2841 4017 3002 4088 quasi
3031 4017 3148 4088 ipse
3178 4017 3542 4088 interfuisset,
3572 4035 3754 4092 expo-

2151 4105 2284 4158 suit.
2301 4104 2648 4176 Rogantibus
2659 4111 2850 4159 autem
2861 4122 2990 4160 eum
3013 4106 3320 4173 monachis,
3345 4113 3410 4162 ut
3418 4109 3754 4179 parentibus

2151 4211 2278 4248 cum
2307 4195 2424 4248 filia
2442 4195 2869 4265 permitteretur
2889 4195 3195 4266 ingressus,
3208 4208 3320 4250 non
3341 4197 3630 4263 concessit,
3647 4199 3753 4254 sed

2152 4283 2260 4338 ait:
2295 4284 2398 4350 Ite,
2429 4288 2487 4338 et
2514 4283 2808 4338 invenietis
2837 4285 3099 4354 puellam,
3143 4284 3191 4338 si
3221 4301 3334 4338 non
3373 4291 3460 4339 est
3497 4292 3750 4356 mortua,

2154 4377 2422 4427 curatam.
2458 4373 2529 4427 Et
2556 4367 2762 4444 adjecit
2785 4391 2799 4426 :
2826 4373 3027 4428 Nullus
3055 4372 3222 4428 debet
3248 4374 3318 4428 ad
3347 4391 3530 4428 meam
3561 4374 3754 4432 humi-

477 4461 728 4518 conscias
751 4459 883 4529 (66),
925 4457 1033 4530 ipsi
1054 4475 1156 4513 nos
1185 4463 1424 4528 arguent
1469 4458 1671 4530 apices.
1693 4460 1760 4514 Et
1788 4461 2066 4532 quomodo
2087 4452 2365 4516 Dlitatem
2392 4461 2600 4528 venire,
2642 4461 2774 4533 quia
2823 4461 3046 4532 largitio
3092 4463 3444 4518 curationum
3491 4479 3603 4518 non
3661 4473 3754 4522 est

473 4549 862 4606 meretricibus
885 4547 1141 4603 membra
1169 4547 1486 4614 miscentes,
1533 4547 1950 4604 confunduntur
1993 4550 2064 4604 ad

470 4639 826 4713 praesentiam
853 4643 1201 4703 caeterorum,
1234 4637 1316 4691 ita
1349 4641 1406 4690 et
1443 4653 1545 4690 nos
1573 4637 1964 4693 erubescemus
1992 4639 2064 4694 ad

471 4731 716 4796 litteras,
737 4729 786 4784 si
813 4729 930 4783 haec
963 4744 1215 4798 agamus.
1265 4727 1422 4780 Hanc
1474 4727 1692 4782 virtutis
1736 4729 2066 4799 gradiamur

469 4820 638 4886 viam,
670 4825 729 4873 et
755 4833 991 4890 corpora
1009 4815 1289 4871 mentibus
1317 4815 1700 4886 subjugantes,
1724 4819 2066 4889 perniciosas

471 4907 679 4962 diaboli
726 4911 1086 4961 conteramus
1135 4905 1384 4960 insndias.
1433 4906 1660 4961 Talibus
1712 4907 2065 4962 sermonibus

468 4995 951 5066 hortamentisque
971 4999 1029 5049 et
1056 4994 1341 5050 venientes
1363 4996 1432 5049 ad
1456 5012 1516 5050 se
1545 4997 1847 5051 monachos
1863 4995 2064 5050 incita-

466 5085 565 5140 bat
583 5085 654 5140 ad
675 5084 942 5150 studium,
957 5088 1014 5138 et
1037 5083 1380 5155 patientibus
1391 5084 1741 5151 condolebat,
1757 5085 2059 5156 pluresque

463 5191 662 5230 eorum
692 5173 964 5228 Dominus
984 5189 1086 5244 per
1111 5173 1418 5228 Antonium
1447 5172 1723 5227 liberavit.
1757 5174 2058 5244 Nunquam

463 5268 657 5318 tamen
679 5265 779 5316 aut
797 5261 866 5316 de
880 5261 1264 5316 incolumitate
1281 5267 1604 5316 curatorum
1627 5266 1711 5315 est
1739 5261 1967 5315 inﬂatus
1987 5262 2058 5316 ad

460 5353 721 5423 gloriam,
753 5356 854 5406 aut
875 5351 1238 5406 contristatus
1258 5352 1326 5404 de
1348 5350 1588 5404 obsessis
1605 5349 1786 5403 adhuc
1809 5349 2057 5420 corpori-

459 5440 565 5496 bus
585 5441 986 5508 murmuravit;
1010 5441 1192 5511 magis
1207 5445 1396 5494 autem
1415 5439 1611 5494 eodem
1627 5455 1851 5510 semper
1867 5439 2056 5496 animo

2147 4550 2405 4605 humanae
2425 4550 2680 4616 miseriae,
2707 4551 2804 4604 sed
2824 4551 2852 4604 J
2857 4568 2956 4605 esu
2980 4550 3187 4606 Christi
3209 4551 3621 4618 misericordia},
3647 4555 3751 4626 qui

2145 4639 2353 4710 ubique
2365 4639 2424 4694 in
2434 4657 2494 4694 se
2506 4639 2864 4694 credentibus
2875 4645 3139 4711 praestare
3153 4642 3721 4698 consuevitauxilium
3731 4686 3744 4698 .

2149 4728 2525 4792 Quamobrem
2557 4736 2612 4782 et
2641 4728 2756 4795 illa,
2789 4745 2889 4800 pro
2919 4746 3032 4800 qua
3067 4729 3276 4800 petitis,
3333 4731 3448 4784 suis
3486 4731 3748 4802 precibus

2147 4817 2385 4872 liberata
2412 4823 2498 4872 est
2521 4836 2534 4886 ;
2567 4823 2625 4872 et
2643 4833 2770 4872 cum
2791 4817 2862 4872 ad
2892 4818 3191 4872 Dominum
3212 4835 3432 4874 orarem
3455 4837 3576 4890 ego,
3601 4822 3748 4877 mihi

2147 4907 2497 4978 praescientia
2523 4907 2780 4962 sanitatis
2793 4908 2915 4977 ejus
2937 4907 3160 4962 indulta
3183 4913 3288 4962 est.
3314 4908 3480 4975 Dixit,
3500 4914 3558 4964 et
3572 4911 3748 4967 verba

2147 4997 2269 5066 ejus
2299 4997 2497 5068 puellae
2525 4995 2883 5050 incolumitas
2912 5002 3105 5051 secuta
3133 5002 3238 5050 est.
3275 4997 3420 5051 Nam
3473 5005 3746 5056 exeuntes

2146 5084 2294 5140 foras
2321 5086 2392 5140 ad
2420 5085 2649 5140 beatum
2675 5085 3149 5156 Paphnutium,et
3168 5086 3343 5140 ﬁliam
3370 5087 3660 5158 sospitem,
3685 5097 3746 5146 et

2139 5180 2402 5246 parentes
2431 5175 2588 5229 laetos
2617 5180 2966 5244 repererunt.

2211 5264 2341 5318 CAP.
2369 5264 2565 5318 XXXI.
2614 5293 2677 5304 -
2709 5264 3054 5319 Nonmultos
3087 5269 3276 5320 autem
3301 5270 3427 5336 post
3457 5265 3566 5320 ista
3593 5267 3738 5332 dies,

2141 5368 2270 5406 cum
2298 5351 2517 5406 duobus
2545 5351 2812 5406 fratribus
2828 5353 3090 5408 euntibus
3118 5354 3742 5427 adAntoniumaquain

2139 5440 2345 5496 itinere
2375 5441 2881 5502 defecisset.etuno
2903 5443 2995 5498 siti
3026 5448 3267 5510 mortuo,
3301 5444 3740 5514 alterjaceretin

463 5534 522 5584 et
544 5531 702 5585 vultu
729 5547 982 5596 manens,
1013 5529 1226 5600 gratias
1253 5530 1368 5582 Deo
1389 5527 1683 5593 referebat,
1708 5529 1949 5582 suadens
1969 5545 2056 5582 oc-
2136 5535 2290 5584 terra
2318 5535 2558 5585 mortem
2569 5537 2914 5603 exspectans,
2943 5532 3220 5587 Antonius
3240 5533 3506 5587 sedensin
3517 5541 3734 5602 monte,

461 5617 676 5690 cupatis
706 5624 771 5676 ut
798 5618 1207 5690 oorreptionem
1229 5633 1342 5688 qua
1359 5615 1720 5684 vexabantur,
1751 5617 2056 5690 patientius
2138 5619 2396 5674 celeriter
2419 5620 2490 5675 ad
2515 5637 2574 5676 se
2603 5621 2744 5677 duos
2775 5622 3076 5677 monachos
3105 5622 3338 5689 vocavit,
3371 5622 3466 5693 qui
3477 5621 3621 5677 forte
3635 5623 3740 5680 ibi-
