3958 6422
258 348 358 406 153

1332 366 1500 422 VITA
1537 368 1749 425 BEATI
1787 371 2091 427 ANTONII
2129 373 2453 429 ABBATIS.

3434 382 3532 439 154

250 472 377 529 dem
406 482 543 533 sunt
572 483 820 552 reperti;
854 489 908 539 et
928 484 1191 542 festinato
1211 492 1478 564 praecepit
1497 499 1561 548 ut
1590 495 1851 566 lagenam
1874 498 1917 556 A
1935 500 2150 564 (Matth.
2185 506 2315 571 xlv).
2341 501 2469 555 Haec
2499 505 2689 556 autem
2717 503 3061 571 Theodorus,
3094 506 3371 578 promisso
3396 512 3535 563 tem-

251 579 412 634 aqua:
470 576 848 636 assumentes,
904 573 1235 631 invaderent
1266 580 1376 633 iter
1406 583 1555 652 quod
1583 584 1739 639 ducit
1779 586 1850 639 ad

249 653 576 726 Egyptum,
595 659 843 732 dixitque
863 681 875 716 :
894 679 1040 718 unus
1053 682 1083 719 e
1096 665 1363 724 fratribus
1381 670 1491 726 huc
1505 672 1848 729 advenienti-

252 740 355 796 bus
382 746 550 800 modo
581 747 843 818 migravit
871 753 941 807 ad
971 754 1274 811 Dominum
1298 758 1493 827 ;alter,
1525 762 1573 816 si
1594 779 1708 819 non
1729 781 1849 819 suc-

250 834 540 889 curreritis
560 837 827 907 addetur;
849 842 953 896 hoc
976 844 1128 899 enim
1150 846 1289 901 mihi
1316 865 1467 904 nunc
1489 852 1672 907 oranti
1700 870 1854 910 reve-

251 920 429 1011 latum
451 929 553 979 est.
580 925 671 982 Sic
683 928 764 983 ait
782 948 794 997 ;
814 935 871 985 et
890 932 1058 1003 juxta
1082 942 1425 1009 praeceptum
1447 941 1571 1011 ejus
1588 945 1850 999 monachi

249 1010 599 1083 festinantes,
617 1018 952 1076 exstinctum
974 1039 1177 1095 corpus
1188 1010 1499 1095 inveniunt,
1515 1035 1777 1104 terraque
1793 1034 1848 1089 id

251 1101 589 1172 aperientes,
604 1106 843 1162 alterum
859 1110 1229 1169 refocillatum
1248 1133 1350 1171 suo
1361 1118 1674 1188 junxerunt
1683 1124 1851 1178 comi-

249 1191 555 1247 tatui.Erat
570 1201 760 1250 autem
777 1198 1022 1269 spatium
1033 1201 1253 1259 itineris
1264 1206 1431 1261 unius
1443 1207 1575 1262 diei.
1589 1210 1850 1269 Fortasse

250 1278 456 1351 aliquis
484 1290 700 1353 quaerat
724 1304 735 1339 :
770 1288 884 1342 Cur
901 1306 1014 1344 non
1041 1284 1344 1364 antequam
1360 1305 1695 1367 moreretur,
1726 1302 1844 1356 An-

249 1369 440 1424 tonius
453 1371 692 1429 dixerit?
713 1376 1025 1449 Incongruo
1053 1399 1284 1453 prorsus
1316 1386 1653 1443 Christianis
1681 1407 1847 1462 argu-

249 1464 461 1527 mento,
486 1462 618 1532 quia
636 1480 750 1520 non
777 1467 1025 1534 Antonii,
1043 1472 1142 1525 sed
1162 1472 1263 1527 Dei
1287 1475 1563 1544 judicium
1580 1478 1704 1545 fuit,
1748 1481 1845 1552 qui

248 1551 306 1600 et
336 1548 405 1602 de
433 1552 747 1621 recedente,
771 1572 939 1626 quam
958 1559 1147 1627 voluit,
1175 1564 1512 1620 sententiam
1533 1568 1681 1633 tulit,
1706 1548 1845 1624 et—de

246 1635 477 1693 sitiente
498 1643 746 1697 revelare
765 1644 1028 1716 dignatus
1045 1654 1148 1703 est.
1165 1651 1281 1706 Hoc
1293 1657 1514 1709 tantum
1527 1656 1586 1710 in
1600 1658 1845 1713 Antonio

248 1724 506 1781 mirabile
560 1736 665 1797 est,
701 1735 849 1803 quod
878 1736 936 1790 in
967 1743 1157 1793 monte
1195 1742 1576 1799 remotissimo
1619 1748 1838 1814 sedens,

1931 604 2067 659 pore
2095 604 2207 643 non
2239 589 2397 657 dixit,
2423 596 2551 661 post
2573 593 2696 662 ejus
2716 599 2956 648 mortem
2980 596 3192 649 retulit.

2002 678 2259 732 Monachi
2279 696 2429 746 vero,
2464 681 2667 751 quibus
2692 682 2909 737 dixerat
2946 685 3225 739 Antonius
3252 686 3323 740 de
3351 692 3533 743 morte

1933 766 2244 834 Ammonis,
2268 773 2603 825 notaverunt
2614 770 2764 825 diem
2783 789 2793 824 :
2815 776 2872 826 et
2883 773 3235 829 venientibus
3255 776 3325 829 de
3344 775 3532 832 Nitria

1932 854 2200 912 fratribus
2228 863 2357 928 post
2389 858 2508 913 dies
2536 859 2790 931 triginta,
2823 862 3169 918 sciscitantes
3198 871 3533 936 repererunt

1931 944 2028 999 illo
2057 944 2147 1000 die
2177 946 2387 1017 illaque
2405 948 2545 1002 hora
2569 950 2843 1005 dormisse
2871 952 3228 1020 Ammonem,
3263 970 3374 1025 qua
3402 955 3529 1010 ani-

1933 1050 2086 1088 mam
2111 1036 2233 1106 ejus
2261 1036 2395 1091 ferri
2422 1054 2593 1093 senex
2618 1039 2853 1107 viderat;
2878 1041 3102 1113 utrique
3120 1042 3294 1113 igitur
3311 1044 3528 1115 purita-

1933 1127 2047 1177 tem
2078 1125 2283 1180 mentis
2299 1126 2356 1180 in
2376 1128 2621 1183 Antonio
2640 1129 2832 1184 mirati
2846 1136 2995 1197 sunt,
3020 1132 3299 1202 quomodo
3317 1133 3397 1187 rei
3408 1139 3526 1189 tam

1932 1212 2095 1284 longe
2115 1220 2287 1285 gesta
2308 1217 2501 1271 statim
2529 1218 2599 1272 ad
2628 1235 2758 1274 eum
2785 1219 2986 1275 fuisset
3012 1221 3230 1292 perlata
3259 1223 3524 1293 cognitio.

2001 1304 2129 1358 CAP.
2151 1304 2408 1360 XXXIII.
2443 1337 2508 1348 —
2539 1307 2845 1362 Archelaus
2895 1325 3116 1379 quoque
3157 1327 3363 1375 comes,
3399 1328 3526 1366 cum

1928 1399 2058 1436 eum
2086 1383 2396 1441 invenisset
2423 1386 2483 1441 in
2512 1388 2774 1442 exteriori
2804 1393 2994 1442 monte
3045 1388 3179 1457 (73),
3209 1390 3428 1460 rogavit
3455 1396 3520 1445 ut

1927 1478 2117 1527 oraret
2143 1489 2244 1545 pro
2274 1474 2592 1547 Polycratia
2616 1476 2746 1545 (74),
2766 1493 2889 1547 quae
2908 1477 2967 1531 in
2987 1477 3265 1533 Laodicea
3280 1479 3527 1549 erat(75)

1929 1560 1997 1613 ad
2005 1560 2146 1616 mira
2155 1562 2249 1617 bili
2272 1569 2329 1618 et
2344 1564 2566 1619 Christo
2580 1565 2772 1620 dedita
2784 1566 3018 1636 virgine.
3034 1566 3362 1622 Patiebatur
3375 1568 3525 1622 enim

1926 1651 2199 1720 pessimos
2242 1654 2518 1708 stomachi
2549 1659 2607 1708 et
2632 1654 2826 1710 lateris
2847 1656 3086 1723 dolores,
3120 1673 3258 1726 quos
3292 1657 3526 1728 jejuniis

1925 1739 2116 1794 nimiis
2129 1742 2444 1813 vigiliisque
2463 1749 2834 1811 contraxerat,
2856 1750 2913 1799 et
2926 1751 3049 1799 erat
3058 1746 3282 1817 penitus
3296 1752 3417 1800 toto
3434 1747 3521 1800 de-

247 1815 416 1869 corde
456 1819 710 1891 pervigili
763 1831 960 1880 cuncta
990 1829 1184 1898 procul
1205 1831 1407 1901 posita,
1432 1833 1670 1889 Domino
1700 1836 1842 1891 indi-
1859 1817 1904 1878 Β
1928 1827 2051 1883 bilis
2066 1846 2316 1902 corpore.
2338 1822 2640 1904 Oravitque
2658 1835 2956 1900 Antonius,
2980 1841 3037 1889 et
3053 1815 3201 1889 diem
3220 1852 3330 1906 quo
3347 1835 3525 1891 oratio

245 1909 429 1971 caute,
459 1917 837 1977 cognosceret.

321 1994 452 2048 CAP.
472 1997 695 2054 XXXII.
709 2032 774 2045 -
785 2003 909 2058 Alio
925 2022 1122 2063 rursus
1142 2008 1201 2063 in
1216 2014 1469 2083 tempore
1481 2031 1608 2069 cum
1622 2017 1846 2073 sederet

245 2079 307 2135 in
323 2090 533 2153 monte,
553 2092 612 2141 et
628 2090 821 2146 oculus
832 2092 1016 2149 subito
1029 2098 1359 2154 tetendisset
1379 2101 1435 2155 in
1455 2105 1680 2172 coelum,
1704 2107 1844 2163 vidit

245 2173 434 2228 nescio
463 2192 632 2246 quam
666 2179 935 2249 animam,
960 2184 1282 2243 laetantibus
1300 2189 1359 2243 in
1384 2192 1507 2261 ejus
1548 2209 1840 2251 occursum

244 2263 481 2331 angelis,
499 2265 570 2319 ad
581 2268 783 2323 coelum
814 2287 1065 2342 pergere.
1082 2276 1255 2348 Cujus
1275 2283 1580 2350 spectaculi
1594 2285 1841 2341 novitate

244 2350 607 2422 stupefactus.
623 2355 851 2414 beatum
871 2361 1344 2422 dixitsanctorum
1363 2369 1614 2438 chorum,
1632 2376 1839 2430 oravit-

246 2455 357 2529 que
386 2448 450 2495 ut
476 2443 581 2498 sibi
602 2447 684 2500 rei
710 2452 1005 2518 praesentis
1033 2455 1248 2524 agnitio
1268 2458 1629 2529 panderetur.
1653 2464 1841 2520 Etsta-

243 2528 350 2583 tim
379 2546 481 2585 vox
510 2533 582 2587 ad
611 2550 741 2590 eum
770 2536 917 2593 facta
947 2547 1049 2608 est,
1081 2543 1342 2616 inquiens
1363 2547 1534 2604 istam
1557 2567 1678 2606 esse
1700 2554 1838 2609 Am-

245 2619 430 2673 monis
447 2624 708 2679 monachi
730 2627 979 2683 animam
1012 2631 1119 2698 (70)
1143 2634 1239 2704 qui
1254 2635 1451 2691 Nitriae
1473 2640 1803 2697 morabatur
1817 2688 1829 2701 .

245 2704 385 2760 Erat
414 2715 602 2765 autem
627 2713 870 2771 Ammon
897 2717 983 2771 vir
998 2721 1351 2790 grandaevus,
1370 2726 1462 2796 qui
1483 2744 1841 2798 perseveran-

244 2799 337 2848 ter
356 2813 391 2849 a
418 2801 662 2869 pueritia
679 2819 857 2875 usque
876 2808 946 2861 ad
975 2815 1326 2866 senectutem
1354 2814 1413 2869 in
1428 2818 1726 2875 sanctitate
1756 2822 1840 2876 vi-

244 2890 405 2940 xerat
428 2889 684 2957 (Rufﬂn.,
712 2896 1015 2963 1.11.0.28;
1048 2900 1288 2969 Pallad.,
1326 2907 1461 2970 c..7,
1502 2907 1579 2975 8).
1631 2908 1841 2965 Itinere

244 2989 469 3070 quoque
496 2977 715 3035 dierum
739 2984 1006 3040 tredecim
1024 2987 1161 3058 (71),
1181 2991 1429 3058 aNitria,
1456 2996 1610 3051 locus
1639 2997 1699 3054 in
1728 3016 1839 3070 quo

241 3063 476 3120 sedebat
490 3068 788 3138 Antonius,
821 3074 1465 3138 dividebatur.Videntes
1486 3092 1676 3141 autem
1707 3063 1836 3143 eum

1925 1917 2109 1973 fuerat
2135 1919 2283 1975 facta
2319 1924 2610 1979 annotavit
2637 1923 2963 1978 Archelaus.
2985 1924 3151 1979 Redit
3168 1924 3520 1991 Laodiceam,

1926 2014 1981 2063 et
2014 2008 2230 2072 invenit
2257 2014 2529 2085 virginem
2562 2013 2924 2067 incolumem.
2974 2013 3341 2068 Percontatus
3371 2015 3523 2069 diem

1924 2105 2200 2170 sanitatis,
2235 2104 2447 2176 reperit
2464 2110 2688 2175 tempus
2736 2103 2965 2157 medelas
3002 2119 3129 2157 cum
3158 2104 3522 2157 annotatione

1923 2219 2232 2273 congruere
2244 2202 2453 2265 52.1%
2479 2217 2675 2256 omnes
2694 2200 2957 2254 admirati
2982 2205 3132 2267 sunt,
3156 2205 3521 2270 agnoscentes

1925 2310 1990 2347 eo
2005 2298 2259 2364 tempore
2277 2292 2435 2346 illam
2453 2309 2487 2345 a
2505 2290 2744 2346 Domino
2764 2290 2934 2345 fuisse
2952 2306 2987 2344 a
3004 2289 3291 2344 doloribus
3313 2288 3519 2343 libera-

1923 2386 2062 2447 tam,
2083 2398 2192 2452 quo
2206 2397 2374 2436 orans
2417 2380 2695 2435 Antonius
2724 2396 2825 2451 pro
2838 2379 2961 2450 ipsa
2979 2378 3291 2433 bonitatem
3306 2428 3307 2433 η
3324 2377 3519 2432 Salva-

1922 2470 2059 2525 toris
2083 2470 2438 2524 invocaverat
2450 2514 2463 2526 .

1994 2560 2125 2614 Cxp.
2156 2558 2407 2613 XXXIV.
2432 2594 2495 2605 -
2522 2558 2681 2628 Saepe
2728 2558 2899 2612 etiam
2941 2557 3011 2611 ad
3059 2575 3119 2612 se
3175 2555 3519 2610 venientium

1923 2648 2238 2714 turbarum,
2254 2652 2385 2701 ante
2404 2648 2523 2701 dies
2544 2652 2601 2701 et
2619 2663 2858 2708 menses.
2894 2653 2951 2700 et
2977 2663 3174 2701 causas
3185 2643 3439 2717 pmdiﬁt
3464 2648 3522 2698 et

1922 2744 2199 2809 tempora.
2221 2738 2367 2792 Nam
2398 2737 2671 2808 quosdam
2685 2728 2907 2790 videndi
2919 2752 3048 2790 eum
3064 2740 3283 2789 tantum
3298 2732 3519 2787 deside-

1921 2826 2238 2893 rium,alios
2267 2825 2641 2890 imbecillitas,
2657 2825 2957 2880 nonnullos
2980 2824 3208 2879 obsessa
3237 2841 3270 2877 a
3300 2823 3512 2876 daemo-

1923 2908 2088 2970 nibus
2115 2932 2349 2987 corpora
2377 2914 2781 2986 pertrahebant
2812 2933 2824 2968 :
2855 2931 3020 2969 nemo
3045 2919 3237 2968 tamen
3266 2926 3518 2983 unquam

1924 3005 2267 3060 vexationem
2300 3010 2401 3059 aut
2417 3004 2820 3059 detrimentum
2841 3003 3106 3058 laboriosi
3146 3002 3366 3057 itineris
3385 3016 3518 3055 cena

1923 3100 2154 3165 questus
2165 3093 2737 3164 est,regrediebantur
2747 3110 2942 3147 omnes
2952 3093 3191 3165 spiritali
3205 3092 3327 3146 cibo
3343 3090 3514 3162 pleni.

243 3155 506 3211 monachi
525 3157 923 3230 admirantem,
958 3166 1054 3236 qui
1077 3176 1364 3238 venerant,
1399 3173 1681 3244 deprecati
1706 3177 1901 3240 suntC
1923 3155 2112 3237 Atille
2133 3155 2512 3253 praecipiebat,
2544 3198 2657 3236 non
2684 3198 2802 3236 sua:
2830 3155 3159 3236 laudihanc
3184 3178 3517 3233 admiratio-

242 3249 308 3297 ut
335 3260 563 3300 causam
592 3247 893 3308 hilaritatis
920 3255 1180 3311 ediceret.
1197 3259 1410 3324 Quibus
1427 3263 1508 3317 ait
1526 3265 1692 3320 modo
1706 3268 1840 3321 Am-

242 3347 470 3387 monem
492 3336 767 3406 quievisse
796 3358 962 3413 quem
991 3353 1222 3418 propter
1247 3349 1601 3421 frequentem
1618 3356 1740 3426 ejus
1767 3357 1838 3411 ad

240 3422 551 3480 Antonium
580 3438 974 3499 commeatum,
1004 3440 1060 3489 et
1086 3444 1316 3508 propter
1341 3422 1726 3499 celebritatem
1755 3446 1841 3501 in-

239 3510 527 3568 dultorum
557 3517 662 3572 eia
686 3519 926 3575 Domino
951 3523 1241 3593 signorum
1279 3529 1489 3600 Optime
1519 3541 1809 3590 noverant.

313 3602 395 3656 De
426 3604 628 3676 quibus
659 3607 828 3663 etiam
842 3611 946 3666 hoc
960 3629 1138 3668 unum
1154 3616 1455 3673 dicendum
1468 3626 1551 3675 est
1568 3640 1580 3675 :
1598 3623 1839 3680 Necesse

242 3692 294 3746 ei
324 3693 433 3749 fuit
452 3695 755 3769 aliquando
768 3701 977 3756 flumen
1002 3705 1229 3760 nomine
1258 3707 1472 3779 Lycum
1497 3710 1608 3781 (72)
1633 3712 1837 3768 subitis

242 3784 405 3855 aquis
423 3785 759 3843 inundatum
789 3792 1151 3848 transvadare
1178 3796 1406 3867 (Ruf/in.
1427 3804 1477 3852 et
1495 3802 1837 3869 Pallad.,su-

239 3877 364 3943 pra)
389 3894 402 3941 ;
432 3877 760 3949 rogavitque
779 3880 1155 3951 Theodorum,
1191 3885 1288 3956 qui
1310 3902 1436 3941 cum
1456 3887 1578 3959 ipso
1609 3897 1748 3957 erat,
1774 3897 1841 3947 ut

243 3963 535 4032 paululum
564 3983 599 4020 a
615 3984 717 4022 suo
736 3976 1097 4040 separaretur
1119 3979 1366 4044 aspectu,
1417 3993 1488 4030 ne
1516 3979 1839 4036 nuditatem

242 4055 494 4125 corporis
549 4056 785 4112 invicem
841 4064 1081 4131 uterque
1135 4064 1537 4134 conspicerent.
1588 4068 1841 4124 Recessit

239 4143 582 4212 Theodorus,
600 4146 965 4203 nihilominus
976 4149 1072 4204 ille
1088 4151 1335 4222 seipsum
1352 4171 1479 4209 cum
1498 4156 1715 4212 nudare
1726 4159 1838 4212 vel-

241 4230 341 4298 let,
360 4232 601 4289 erubuit.
622 4236 975 4307 Cogitantem
990 4244 1179 4294 autem
1193 4257 1321 4296 eum
1331 4243 1390 4297 in
1405 4244 1643 4299 alteram
1654 4246 1836 4318 ripam

238 4321 419 4377 virtus
447 4323 634 4379 divina
661 4328 1024 4399 transposuit.
1051 4329 1375 4403 Rursusque
1390 4333 1838 4403 Theodorus,vir

1920 3287 2050 3325 nem
2065 3271 2135 3324 ab
2165 3271 2246 3325 eis
2277 3271 2549 3342 applicari
2569 3270 2774 3325 debere
2815 3289 2828 3337 ;
2878 3270 2977 3325 sed
3007 3269 3252 3334 Domini,
3285 3267 3382 3337 qui
3428 3266 3518 3320 sui

1921 3360 2212 3414 notionem
2243 3360 2565 3415 hominibus
2584 3377 2686 3432 pro
2715 3361 3025 3431 capacitate
3044 3356 3406 3413 mortalitatis
3434 3355 3520 3409 in-

1889 3504 1893 3509 _
1921 3448 2178 3504 dulserit.

1995 3538 2128 3592 CAP.
2159 3537 2383 3592 XXXV.
2425 3569 2489 3579 -
2523 3538 2779 3603 Quodam
2824 3543 3014 3592 autem
3057 3543 3332 3609 tempore,
3389 3551 3516 3590 cum

1923 3626 2127 3682 exisset
2155 3627 2225 3680 ad
2254 3627 2532 3681 exteriora
2570 3628 2933 3694 monasteria,
2967 3634 3023 3681 et
3050 3632 3281 3698 rogatus
3310 3628 3458 3680 esset
3484 3640 3519 3677 a

1920 3716 2187 3771 fratribus
2217 3721 2280 3771 ut
2308 3717 2367 3771 in
2396 3716 2524 3771 navi
2547 3717 2790 3787 quadam
2819 3734 2947 3772 cum
2976 3716 3265 3771 monachis
3293 3713 3517 3787 proﬁci-

1921 3805 2205 3860 scentibus
2223 3810 2429 3872 oraret,
2445 3806 2715 3871 ascendit,
2736 3811 2793 3860 et
2811 3806 2964 3861 solus
2992 3821 3058 3860 ex
3089 3803 3349 3859 omnibus
3379 3802 3516 3857 odo-

1921 3911 2041 3949 rem
2073 3895 2249 3949 sensit
2269 3894 2642 3949 teterrimum.
2671 3894 3014 3949 Asserebant
3042 3893 3245 3959 cuncti,
3279 3891 3517 3964 piscium

1919 3984 2196 4038 salsorum
2217 3989 2274 4038 et
2299 3985 2645 4039 tarichorum
2665 3983 2776 4055 (76)
2789 3985 2848 4039 in
2868 3984 2996 4039 navi
3018 3984 3331 4056 positorum
3366 3982 3517 4036 hunc

1922 4090 2043 4127 esse
2070 4078 2350 4144 putorem.
2381 4076 2457 4129 At
2483 4074 2575 4127 ille
2605 4074 2836 4129 alterius
2857 4074 2938 4128 rei
2967 4074 3202 4128 fetorem
3226 4089 3285 4126 se
3307 4071 3519 4126 sentire

1922 4162 2239 4216 affirmavit.
2261 4163 2459 4218 Adhuc
2486 4164 2751 4234 loquente
2777 4164 2891 4230 illo,
2934 4163 3255 4218 adolescens
3286 4161 3515 4233 quidam

1919 4268 2209 4323 possessus
2233 4270 2268 4306 a
2295 4253 2571 4319 daemone,
2590 4254 2687 4324 qui
2705 4253 3000 4325 procidens
3016 4254 3179 4323 juxta
3189 4251 3438 4309 carinam
3454 4266 3514 4304 se

1916 4342 2074 4396 navis
2104 4341 2474 4397 absconderat
2513 4347 2763 4414 repente,
2792 4342 3140 4397 exclamavit.
3169 4342 3290 4406 Quo
3320 4339 3514 4395 statim

238 4416 297 4463 et
324 4410 444 4482 ipse
463 4412 579 4467 Deo
598 4414 849 4483 devotus,
862 4417 1142 4473 transiens
1153 4420 1223 4474 ad
1241 4436 1433 4476 senem
1449 4424 1642 4479 mirari
1665 4428 1834 4499 coepit
1854 4500 1884 4502 _
1918 4447 2020 4502 per
2046 4432 2355 4486 Antonium
2376 4432 2435 4486 in
2454 4432 2683 4486 nomine
2704 4432 2927 4487 Domini
2940 4432 3117 4487 nostri
3146 4432 3174 4484 J
3179 4448 3280 4485 esu
3301 4429 3513 4485 Christi

235 4500 387 4570 quod
409 4506 527 4556 tam
556 4503 820 4559 velociter
835 4506 1069 4562 ﬂuvium
1102 4512 1535 4567 transvadasset.
1578 4516 1832 4588 Cumque
1853 4500 2132 4588 Dcurato,
2155 4521 2479 4576 intellexere
2508 4521 2772 4585 universi,
2806 4520 3013 4575 diaboli
3034 4521 3193 4575 illum
3221 4519 3393 4574 fuisse
3406 4535 3511 4591 pu-

235 4588 379 4642 nihil
406 4590 656 4647 humoris
675 4593 734 4648 in
746 4594 999 4666 pedibus,
1021 4599 1177 4653 nulla
1188 4599 1245 4654 in
1266 4601 1514 4658 vestibus
1528 4604 1577 4674 ej
1586 4621 1650 4659 us
1668 4622 1830 4677 aqua;

231 4677 398 4748 signa
415 4682 777 4753 conspiceret,
809 4686 1027 4755 rogavit
1056 4703 1185 4742 eum
1204 4695 1270 4744 ut
1300 4696 1418 4745 tam
1445 4692 1830 4750 incredibilem

228 4768 660 4826 translationem
691 4774 850 4843 quasi
902 4776 1018 4830 tilio
1047 4783 1211 4848 pater
1238 4786 1558 4851 exponeret.
1590 4784 1830 4842 Nolente

228 4856 328 4911 illo
343 4858 529 4913 dicere
560 4863 1031 4933 queeacciderant,
1062 4868 1351 4938 amplexus
1372 4876 1459 4924 est
1486 4873 1654 4943 pedes
1684 4875 1825 4944 ejus,

220 4948 547 5019 juravitque
584 4967 697 5005 non
744 4969 804 5007 se
850 4953 1237 5024 dimissurum,
1270 4959 1598 5031 priusquam
1629 4962 1736 5017 sibi
1772 4963 1829 5018 id

227 5037 377 5108 quod
407 5038 625 5095 celabat
637 5041 887 5096 referret.
903 5044 1110 5100 Videns
1131 5063 1263 5119 ergo
1293 5065 1460 5103 senex
1483 5052 1831 5108 contentiose

222 5126 447 5182 vincere
476 5129 753 5185 volentem
797 5131 1049 5201 fratrem,
1088 5137 1274 5206 exegit
1294 5137 1539 5193 vicissim
1573 5140 1643 5194 ab
1672 5157 1738 5196 eo
1764 5147 1829 5197 ut

1915 4614 2117 4752 mgf;
2145 4698 2394 4753 XXXVI.
2430 4730 2495 4740 —
2524 4699 2684 4755 Alius
2714 4715 2937 4771 quoque
2960 4699 3031 4754 ad
3052 4714 3182 4753 eum
3223 4698 3327 4764 vir,
3361 4698 3512 4752 inter

1914 4802 2046 4840 suos
2061 4785 2283 4852 nobilis,
2309 4787 2682 4842 daemoniosus
2693 4788 3011 4855 adducitur,
3030 4794 3189 4843 tanta
3209 4804 3509 4861 oppressus

1912 4874 2154 4941 insania,
2172 4880 2359 4929 utnon
2378 4876 2547 4930 sciret
2562 4893 2622 4930 se
2638 4894 2760 4931 esse
2781 4878 2931 4950 apud
2955 4878 3507 4945 Antonium,necnon
3612 4922 3619 4929 .

1910 4969 1969 5018 et
1988 4965 2237 5036 corporis
2257 4965 2344 5019 sui
2355 4966 2644 5036 superﬂua
2657 4968 2996 5023 eomederet.
3014 4968 3395 5033 Quamobrem
3423 4984 3511 5023 ro-

1910 5059 2077 5124 gatus
2099 5070 2266 5108 senex
2294 5053 2365 5108 ab
2409 5055 2495 5109 his
2536 5055 2627 5126 qui
2664 5072 2793 5110 eum
2825 5058 3176 5113 adduxerant
3193 5063 3257 5113 ut
3281 5075 3382 5129 pro
3412 5058 3508 5113 illo

1909 5143 2209 5197 Dominum
2223 5144 2719 5208 oraret,intantum
2732 5146 3504 5215 juvenismiserieecondoluit,

223 5216 367 5270 nulli
403 5217 507 5272 hoc
517 5224 650 5274 ante
668 5237 829 5275 suam
846 5228 1087 5278 mortem
1101 5225 1394 5294 indicaret;
1410 5234 1579 5299 atque
1591 5230 1671 5284 ita
1689 5248 1823 5285 con-
1906 5236 1973 5286 ut
1991 5237 2110 5286 tota
2130 5238 2293 5287 nocte
2320 5233 2656 5305 pervigilans
2676 5251 2804 5289 cum
2827 5252 2912 5301 eo,
2944 5236 3212 5291 adversus
3241 5236 3508 5307 patientis

224 5306 409 5361 fessus
440 5313 528 5362 est
546 5325 606 5363 se
627 5309 813 5364 subito
826 5311 884 5365 in
901 5313 1138 5367 alteram
1161 5315 1344 5387 ripam
1363 5316 1537 5373 fuisse
1563 5325 1825 5392 transpo-
1909 5321 2186 5376 insaniam
2204 5322 2505 5378 laboraret.
2549 5324 2658 5379 Sed
2678 5341 2805 5379 cum
2829 5326 2950 5394 jam
2979 5306 3305 5391 lucesceret,
3322 5330 3377 5379 et
3406 5324 3508 5381 ob-

223 5395 418 5465 situm,
448 5414 635 5470 neque
675 5401 907 5456 omnino
952 5402 1120 5457 undis
1166 5404 1516 5477 impressisse
1551 5409 1823 5479 vestigia;
1909 5426 2115 5477 sessus,
2133 5411 2347 5484 impetu
2381 5414 2439 5468 in
2462 5414 2769 5468 Antonium
2798 5413 2962 5475 facto.
2989 5414 3348 5469 vehementer
3376 5431 3506 5471 eum

221 5486 500 5542 Dominici
521 5489 773 5560 corporis
782 5490 1285 5548 hoctantummodo
1301 5495 1655 5567 privilegium
1674 5515 1821 5553 asse-
1910 5499 2242 5571 impulisset,
2265 5502 2430 5558 irasci
2442 5509 2734 5575 ceperunt
2754 5503 2850 5575 qui
2863 5520 2993 5559 eum
3010 5503 3379 5572 adduxerant,
3407 5522 3507 5561 cur

222 5593 369 5645 rens,
391 5583 450 5632 et
478 5595 678 5633 eorum
697 5579 901 5652 quibus
923 5581 1059 5653 ipse,
1082 5588 1147 5638 ut
1177 5586 1430 5655 apostolo
1452 5587 1638 5655 Petro,
1656 5588 1828 5642 dona-
1910 5589 2031 5642 seni
2058 5589 2280 5647 fecisset
2305 5592 2593 5665 injuriam.
2619 5592 2836 5658 Quibus
2865 5593 3143 5648 Antonius
3166 5595 3249 5648 ait
3272 5613 3283 5648 :
3320 5596 3507 5650 Nolite

220 5668 437 5726 vcritut
457 5685 739 5742 aquarum
760 5669 972 5726 levitati
985 5673 1293 5729 humanum
1312 5691 1519 5747 corpus
1538 5676 1823 5734 insisteret
1906 5678 2149 5735 alienam
2169 5682 2391 5754 culpam
2414 5682 2608 5754 juveni
2638 5683 2844 5739 misero
2870 5681 3180 5738 ascribere:
3216 5684 3374 5741 furor
3398 5684 3506 5740 iste
