3958 6390
475 335 582 390 155

1486 331 1580 386 DE
1617 331 1805 388 VITIS
1843 331 2141 386 PATRUM
2182 328 2398 387 LIBER
2436 327 2725 384 PRIMUS.

3645 315 3752 378 156

480 461 787 516 obsidentis
826 464 930 522 est,
973 475 1086 514 non
1117 457 1347 511 obsessi.
1381 455 1591 512 Idcirco
1619 462 1809 512 autem
1843 456 1900 510 in
1930 457 2072 510 hanc
2093 460 2134 515 Α
2153 471 2412 525 adnubes
2435 471 2782 524 “uouentem
2804 487 2816 526 ς
2840 467 2978 520 vidit
2995 467 3164 520 etiam
3187 472 3460 537 pennams
3476 463 3749 535 quosdam

480 550 700 622 proruit
725 549 919 602 dolens
974 548 1154 604 hostis
1193 547 1507 609 audaciam,
1540 545 1673 615 quia
1701 545 1975 598 Dominus
2003 545 2071 598 ad

479 638 996 706 aridamregionem
1014 636 1098 689 ire
1121 652 1250 690 eum
1281 635 1486 704 jussit;
1528 640 1586 688 et
1628 634 2074 704 expulsiSatanae

407 717 414 726 ’
477 727 742 789 indicium
763 727 871 782 iste
901 726 1198 780 adversum
1229 742 1318 778 me
1342 725 1586 794 impetus
1616 722 1738 777 fuit.
1766 723 1934 777 Nulla
1951 727 2074 792 post

475 817 651 874 verba
681 831 856 881 mora,
917 815 1240 870 adolescens
1280 818 1500 882 recepto
1538 827 1726 876 sensu,
1759 816 1815 864 et
1864 811 2075 880 gratias

479 920 652 975 agens
680 905 814 968 Deo,
848 909 906 958 et
932 904 1115 958 locum
1147 903 1241 956 ubi
1271 908 1435 967 esset,
1451 901 1695 970 agnovit,
1729 907 1786 954 et
1827 905 1944 953 toto
1967 901 2076 956 An-

475 994 693 1049 tonium
725 995 1078 1064 complexans
1106 992 1460 1045 deosculatus
1481 995 1566 1044 est
1600 989 1824 1044 affectu.

549 1083 680 1137 CAP.
701 1082 1342 1136 XXXVIl.-Innmnera
1366 1079 1546 1134 etalia
1575 1079 1890 1133 istiusmodi
1915 1109 1928 1126 .~
1947 1079 2070 1146 igua

481 1176 631 1237 sunt,
666 1189 792 1242 qua:
812 1171 1211 1226 monachorum
1233 1169 1491 1223 concordi
1511 1185 1659 1238 saepe
1678 1168 1950 1222 relatione
1979 1185 2071 1221 co—

479 1259 797 1328 gnovimus.
826 1259 1040 1314 Verum
1084 1275 1194 1312 non
1227 1263 1446 1312 tantum
1479 1257 1565 1311 his
1613 1255 1963 1310 adhibendus
1987 1261 2072 1308 est

480 1353 695 1419 stupor,
713 1348 843 1418 quia
862 1348 1038 1402 multo
1061 1347 1186 1417 plus
1203 1363 1328 1417 qua:
1349 1351 1658 1416 sequentur
1695 1345 2068 1401 conditionem

481 1436 1320 1506 nostrmtragilitatisexcedunt.
1339 1436 1490 1490 Hora
1516 1434 1738 1488 circiter
1767 1450 1916 1490 nona
1939 1434 2067 1501 (77),

481 1542 610 1580 cum
641 1532 772 1580 ante
800 1525 984 1579 cibum
1007 1541 1168 1578 orare
1197 1525 1473 1594 cmpisset,
1499 1527 1720 1592 raptum
1742 1539 1802 1576 se
1823 1521 1995 1578 sensit
2015 1521 2069 1578 in

479 1615 702 1686 spiritu,
737 1620 794 1668 et
805 1613 874 1667 ab
895 1613 1108 1681 angelis
1127 1613 1183 1667 in
1205 1612 1442 1667 sublime
1455 1611 1659 1668 deferri
1684 1629 1694 1662 :
1724 1610 2071 1682 prohibenti-

477 1703 586 1758 bus
625 1708 929 1757 transntum
980 1702 1126 1756 aeris
1175 1701 1540 1764 diemonibus,
1573 1707 1861 1771 cceperunt
1883 1699 2070 1767 angeli

2155 561 2266 627 (80)
2297 577 2356 612 se
2381 561 2596 612 elevare
2627 557 2914 628 cupientes
2943 557 3013 610 ad
3064 556 3265 610 cmlum
3295 556 3560 626 (Pallad.,
3580 550 3700 607 ο.ἳῖ
3735 570 3748 617 ;

2155 650 2366 711 Pasch.,
2401 665 2445 701 c.
2483 645 2566 710 19,
2604 664 2662 700 η.
2696 647 2772 715 4),
2805 653 2972 716 atque
3011 645 3170 698 illum
3217 644 3459 698 extensis
3491 640 3752 696 manibus

2158 737 2451 808 prohibere
2473 742 2884 804 transgressum
2911 753 2922 790 :
2951 752 2980 787 e
3001 733 3204 804 quibus
3221 734 3359 787 alios
3373 732 3752 803 apprehensos

2157 826 2401 879 elidebat
2419 825 2490 878 ad
2506 831 2715 878 terram
2729 829 2853 889 ἥδ
2873 824 3009 876 alios
3025 825 3235 876 frustra
3252 821 3495 876 retinere
3523 824 3753 873 conten-

2158 915 2314 976 dens,
2343 914 2568 968 dolebat
2595 930 2766 983 super
2803 929 2862 965 se
2908 912 2979 965 ad
3009 912 3259 966 celestis
3295 910 3664 971 transvolare,
3694 912 3752 960 et

2157 1004 2463 1057 maximum
2479 1003 2748 1070 gaudium
2764 1003 3000 1055 mixtum
3015 1017 3249 1054 maerore
3261 1000 3390 1053 victi
3401 1000 3750 1067 victoresque

2155 1091 2496 1147 tribuebant.
2527 1091 2843 1160 Statimque
2863 1091 2934 1144 ad
2963 1107 3092 1143 eum
3120 1106 3224 1142 vox
3244 1091 3390 1142 tacta
3419 1093 3508 1141 est
3534 1086 3745 1140 dicens:

2156 1181 2553 1235 Animadverte
2583 1180 2730 1250 quod
2769 1179 2926 1232 vites.
2957 1180 3027 1233 Et
3052 1185 3187 1232 tunc
3225 1179 3392 1248 coepit
3430 1175 3750 1230 illuminato

2153 1270 2318 1323 corde
2349 1269 2668 1337 intelligere
2697 1268 3012 1322 animarum
3033 1285 3152 1320 esse
3167 1270 3620 1330 conscensum,et
3632 1263 3751 1317 dia-

2157 1357 2344 1412 bolum
2375 1358 2764 1428 prohibentem
2790 1375 2802 1424 ;
2829 1357 2924 1426 qui
2957 1363 3015 1410 et
3044 1356 3151 1410 sibi
3167 1357 3440 1410 retineret
3457 1353 3750 1418 obnoxios,

2156 1453 2213 1500 et
2241 1447 2297 1501 in
2319 1452 2658 1506 sanctorum.
2684 1463 2822 1516 quos
2851 1446 3106 1516 decipere
3134 1462 3246 1499 non
3276 1449 3514 1514 poterat,
3537 1442 3754 1496 crucia-

2158 1542 2314 1590 retur
2344 1537 2545 1590 volatu.
2568 1536 2666 1589 His
2681 1535 2957 1588 visionum
2988 1534 3544 1606 exemplisincitatus,
3568 1532 3754 1601 quoti-

2155 1625 2245 1679 die
2275 1626 2347 1680 ad
2378 1625 2609 1678 meliora
2635 1623 2937 1677 crescebat.

2227 1715 2358 1768 CAP.
2393 1714 2710 1767 XXXIX.—
2735 1713 2928 1782 Neque
2957 1728 3087 1766 vero
3115 1713 3189 1776 id,
3234 1711 3381 1782 quod
3407 1709 3514 1764 sibi
3541 1709 3755 1763 revela-

449 1860 453 1864 .
480 1793 921 1847 contradicentes
951 1791 1235 1861 περαίνετε
1257 1806 1381 1859 (Ιιλδὲ
1411 1795 1558 1844 esset
1578 1805 1747 1844 causa
1766 1789 2068 1854 retinendi,
2090 1777 2134 1836 Β
2157 1807 2275 1856 tum
2307 1802 2511 1867 fuerat,
2533 1819 2701 1855 causa
2710 1803 2996 1870 jactantia:
3016 1800 3282 1854 fratribus
3295 1798 3579 1853 indicabat
3603 1816 3617 1863 ;
3649 1797 3752 1850 sed

480 1882 653 1936 nullis
682 1879 1046 1934 existentibus
1066 1880 1123 1934 in
1150 1879 1394 1934 Antonio
1414 1878 1762 1934 criminibus.
1795 1879 1912 1934 Illis
1943 1895 2072 1932 vero

479 1970 551 2026 ab
579 1971 803 2024 exordio
851 1969 1157 2023 nativitatis
1186 1969 1461 2038 replicare
1489 1973 1714 2038 peccata
1742 1967 2069 2032 nitentibus,

477 2059 821 2114 calumniosa
859 2057 1043 2128 angeli
1073 2074 1173 2111 ora
1200 2058 1539 2119 clauserunt,
1564 2056 1810 2110 dicentes
1838 2073 1951 2110 non
1981 2056 2074 2108 de-

479 2147 612 2202 bere
637 2165 732 2202 eos
753 2165 787 2201 a
811 2147 1104 2204 nativitate
1135 2147 1257 2214 ejus
1285 2145 1486 2198 delicta
1517 2160 1768 2208 narrare,
1806 2161 1929 2216 qua:
1953 2146 2072 2215 jam

481 2237 689 2292 Christi
719 2240 908 2291 essent
927 2234 1176 2290 bonitate
1206 2235 1422 2304 sopita;
1447 2233 1493 2288 si
1515 2249 1627 2303 qua
1656 2241 1844 2287 autem
1867 2230 2074 2287 scirent

480 2343 545 2382 ex
561 2341 626 2380 eo
646 2331 896 2395 tempore
913 2341 1022 2394 quo
1044 2325 1222 2378 factus
1238 2329 1384 2376 esset
1409 2323 1715 2377 monachus
1737 2322 1864 2388 (78),
1882 2329 1937 2376 et
1958 2324 2071 2376 Deo

479 2431 538 2468 se
567 2418 962 2476 consecrasset,
992 2413 1158 2466 licere
1197 2411 1447 2481 proferri.
1483 2411 1834 2466 Accusabant
1861 2411 2070 2464 daemo-

479 2519 580 2560 nes
607 2503 786 2559 multa
814 2502 1118 2572 procaciter
1149 2501 1484 2554 mentientes
1523 2519 1535 2566 ;
1569 2505 1626 2554 et
1654 2517 1780 2554 cum
1813 2501 2074 2555 deessent

481 2591 852 2662 probamenta
891 2589 1202 2654 fallacibus,
1255 2589 1396 2642 liber
1435 2588 1680 2644 Antonio
1737 2605 2074 2644 conscensus

482 2679 752 2750 aperitur.
781 2679 848 2734 Et
875 2678 1064 2732 statim
1097 2677 1319 2731 rediens
1343 2677 1396 2731 in
1429 2695 1506 2742 se,
1543 2677 1601 2734 in
1633 2694 1697 2730 eo
1725 2678 1844 2730 loco
1875 2678 1930 2732 in
1963 2695 2071 2747 quo

481 2774 634 2823 stare
662 2773 924 2838 coeperat,
955 2767 1059 2820 hoc
1080 2783 1138 2819 se
1159 2783 1382 2821 rursum
1403 2766 1537 2818 vidit
1559 2784 1680 2820 esse
1695 2767 1842 2836 quod
1867 2767 2068 2820 fuerat.

485 2858 643 2912 Tunc
664 2874 794 2909 vero
813 2855 1014 2909 oblitus
1045 2873 1201 2919 escae,
1227 2872 1291 2908 ex
1315 2855 1410 2908 illa
1445 2856 1584 2908 hora
1612 2862 1831 2910 noctem
1860 2857 2072 2922 gemitu

481 2963 546 3002 ac
569 2945 968 3002 lamentatione
990 2944 1283 3013 transegit,
1312 2950 1582 3015 reputans
1597 2962 1784 2998 secum
1807 2945 2074 2999 humano-

482 3051 607 3090 rum
637 3035 881 3089 hostium
913 3034 1348 3100 multitudinem,
1370 3038 1427 3087 et
1441 3033 1888 3088 colluctationem
1931 3035 2073 3089 tanti

481 3124 773 3188 exercitus,
801 3129 857 3177 et
902 3123 1242 3176 laboriosum
1273 3138 1372 3194 per
1399 3123 1706 3176 acremiter
1734 3123 1804 3176 ad
1847 3124 2069 3189 coelum,

481 3220 538 3269 et
564 3215 670 3268 hoc
693 3213 942 3282 Apostoli
965 3212 1194 3276 dictum,
1229 3229 1338 3282 quo
1359 3211 1439 3265 ait
1461 3230 1472 3264 :
1499 3212 1622 3265 Non
1650 3218 1735 3265 est
1765 3212 1928 3266 nobis
1967 3213 2074 3266 col-

481 3303 713 3358 luctatio
742 3301 1007 3356 adversus
1021 3317 1244 3354 carnem
1256 3306 1313 3353 et
1322 3301 1672 3370 sanguinem,
1694 3301 1790 3355 sed
1810 3302 2074 3356 adversus

484 3391 794 3461 principem
843 3389 1136 3460 potestatis
1179 3389 1348 3458 hujus
1400 3390 1546 3442 aeris
1597 3392 1802 3457 (Ephcs.
1835 3395 1932 3456 vx).
1966 3390 2071 3454 Qui

483 3480 663 3534 sciens
689 3496 884 3532 aereas
914 3484 1218 3548 potestates
1231 3477 1298 3529 ob
1329 3477 1382 3530 id
1405 3483 1859 3548 sempertentare
1902 3479 2075 3531 lucta-

481 3568 530 3622 ri
573 3574 630 3622 et
657 3567 1012 3630 contendere,
1050 3584 1120 3620 ne
1153 3566 1314 3620 nobis
1337 3566 1475 3620 liber
1527 3567 1801 3620 transitus
1828 3573 1976 3624 esset
2004 3567 2074 3621 ad

479 3657 698 3720 caelum,
723 3656 1053 3710 hortabatur
1076 3672 1308 3708 monens
1335 3656 1651 3710 :Assumite
1679 3673 1840 3710 arma
1868 3656 1984 3719 Dei,
2008 3663 2068 3709 ut

481 3745 704 3817 possitis
733 3746 995 3800 resistere
1026 3745 1084 3798 in
1113 3745 1200 3798 die
1219 3745 1366 3798 mala
1384 3747 1634 3814 (Ibidem)
1660 3763 1673 3813 ;
1698 3751 1761 3798 ut
1776 3745 1913 3798 nihil
1941 3745 2074 3798 mali

482 3835 696 3890 habens
726 3835 872 3905 quod
902 3834 971 3886 de
1001 3833 1157 3888 vobis
1185 3833 1369 3888 dicere
1395 3834 1571 3904 possit
1591 3833 1852 3888 inimicus
1872 3834 2072 3904 (Titii)

481 3925 873 3980 confundetur.
889 3924 1002 3976 Nos
1022 3928 1211 3976 autem
1231 3922 1518 3992 apostolici
1531 3923 1805 3978 sermonis
1826 3923 2078 3976 recorde-

485 4026 631 4075 mur,
663 4011 932 4066 dicentis:
979 4011 1105 4064 Sive
1151 4011 1206 4064 in
1249 4027 1498 4081 corpore,
1522 4011 1638 4064 sive
1663 4017 1820 4064 extra
1849 4028 2069 4082 corpus,

483 4099 687 4165 nescio,
714 4100 865 4154 Deus
883 4099 988 4152 scit
1023 4100 1236 4158 (IIUor.
1261 4103 1380 4164 xu).
1408 4101 1476 4152 Et
1491 4100 1698 4153 Paulus
1719 4100 1945 4170 quidem
1976 4118 2070 4154 us-

483 4205 593 4258 que
613 4188 682 4242 ad
711 4187 940 4241 tertium
958 4188 1156 4241 ctelum
1187 4194 1382 4257 raptus
1402 4193 1506 4254 est,
1528 4187 1714 4258 ibique
1725 4189 1934 4243 auditis
1949 4207 2069 4243 ver-

483 4276 568 4330 bis
599 4275 994 4340 inetl‘abilibus,
1019 4275 1306 4330 descendit
1331 4294 1343 4342 ;
1378 4277 1654 4330 Antonius
1675 4283 1862 4332 autem
1895 4295 2070 4350 usque

481 4365 554 4420 ad
602 4380 828 4420 aereum
882 4363 1153 4431 sublatus,
1187 4371 1313 4434 post
1340 4365 1786 4421 colluctationem
1808 4366 1949 4422 liber
1978 4385 2072 4439 ap-

479 4455 686 4525 paruit.

555 4543 1004 4599 CAP.XXXVIII.
1035 4574 1099 4582 —
1134 4543 1392 4597 Habebat
1419 4545 1589 4598 etiam
1633 4545 1950 4600 istiusmodi
1971 4547 2071 4601 do-

483 4650 618 4690 num
653 4652 665 4686 :
699 4633 744 4687 si
774 4635 935 4703 cujus
965 4633 1044 4686 rei
1077 4633 1276 4687 sedens
1296 4633 1355 4686 in
1381 4639 1570 4690 monte
1600 4635 1832 4705 ignarus
1851 4636 2066 4700 fuisset,

483 4728 540 4776 et
569 4723 691 4790 ejus
719 4739 907 4776 secum
935 4721 1246 4792 inquireret
1288 4723 1592 4786 notionem,
1617 4725 1800 4778 oranti
1827 4725 1878 4779 ei
1909 4742 1942 4778 a
1967 4726 2073 4778 Do-

483 4810 637 4866 mino
659 4811 1039 4878 revelabatur;
1061 4817 1116 4864 et
1144 4817 1284 4875 erat,
1297 4812 1604 4868 secundum
1622 4813 1768 4884 quod
1796 4814 2071 4883 scriptum

483 4904 586 4965 est,
619 4900 776 4952 aDeo
807 4899 1003 4952 doctus
1031 4901 1214 4962 (Joan.
1249 4914 1302 4955 v1
1331 4919 1342 4966 ;
1369 4903 1627 4971 lsa.x..1v).
1661 4902 1914 4972 Denique
1945 4919 2070 4956 cum

479 5004 515 5042 a
539 4987 809 5042 fratribus
834 4987 1136 5042 haberetur
1155 4989 1259 5042 iste
1287 4996 1583 5053 tractatus,
1617 4996 1674 5043 et
1694 4990 1763 5044 ab
1784 5007 1849 5045 eo
1879 4991 2069 5045 sedule

481 5077 898 5132 sciscitarentur
917 5077 1386 5147 quemadmodum
1409 5097 1469 5132 se
1495 5086 1622 5150 post
1647 5080 1894 5150 corporis
1905 5081 2070 5134 sarci-

482 5181 613 5218 nam
627 5165 815 5220 anima
834 5172 1076 5234 gereret,
1113 5167 1277 5236 quive
1296 5166 1346 5220 ei
1391 5168 1542 5221 locus
1567 5173 1694 5238 post
1715 5167 1922 5222 exitum
1945 5184 2071 5224 con-

483 5254 777 5308 cederetur
803 5271 818 5318 ;
868 5255 1118 5325 proxima
1139 5261 1300 5308 nocte
1325 5273 1426 5309 vox
1445 5256 1686 5326 desuper
1707 5273 1908 5310 nomen
1949 5258 2070 5325 ejus

480 5343 853 5406 inclamitans,
879 5345 988 5396 ait:
1033 5345 1261 5410 Antoni,
1293 5361 1548 5414 exsurge.
1581 5345 1666 5398 exi
1697 5351 1753 5398 et
1780 5345 1922 5398 vide.
1963 5347 2068 5410 Qui

478 5449 772 5502 exurgens,
791 5450 1048 5503 egressus
1065 5438 1146 5488 est
1177 5455 1187 5494 ;
1211 5433 1422 5488 sciebat
1438 5433 1586 5486 enim
1612 5433 1814 5503 quibus
1837 5451 2067 5505 respon-

482 5521 614 5574 dere
655 5521 900 5576 deberet.
941 5522 1009 5579 Et
1047 5521 1274 5576 elevatis
1333 5522 1402 5574 ad
1448 5523 1646 5576 coelum
1684 5523 1876 5590 oculis,
1932 5525 2069 5578 vidit

481 5611 778 5678 quemdam
800 5611 1028 5680 longum
1047 5615 1217 5681 atque
1236 5609 1544 5667 terribilem
1569 5611 1875 5682 (79),caput
1889 5630 2066 5683 usque

2153 1907 2282 1945 cum
2311 1908 2478 1945 orans
2503 1891 2714 1960 jugiter
2747 1891 2846 1944 Dei
2877 1891 3133 1944 laudaret
3176 1889 3466 1952 auxilium,
3505 1887 3754 1941 interro-

2153 1980 2310 2050 ganti
2320 1979 2422 2034 bus
2437 1979 2884 2049 compellebatur
2898 1980 3136 2040 edicere;
3159 1977 3590 2049 necspirituales
3607 1975 3755 2028 filios

2157 2086 2298 2138 pura
2325 2069 2383 2122 in
2419 2069 2638 2123 Christo
2673 2069 2863 2122 anima
2881 2069 3160 2122 occultare
3181 2067 3485 2138 quidquam
3504 2063 3750 2130 volebat,

2155 2158 2464 2228 praesertim
2483 2174 2608 2211 cum
2630 2158 2951 2226 hujusmodi
2977 2157 3266 2226 signorum
3296 2156 3494 2210 relatio
3521 2161 3578 2207 et
3596 2169 3757 2207 amo—

2156 2263 2273 2300 rem
2299 2246 2645 2300 ministraret
2675 2246 2982 2316 proposito,
3003 2251 3058 2298 et
3074 2245 3316 2299 fructum
3339 2243 3547 2297 laboris
3562 2249 3755 2295 osten-

2155 2335 2640 2405 deret..\'unquam
2657 2335 2750 2388 ille
2772 2341 2872 2388 aut
2900 2335 2986 2388 ira
3003 2333 3189 2388 subita
3209 2334 3520 2387 concitatus
3531 2331 3757 2402 patien-

2155 2423 2293 2478 tiam
2319 2424 2488 2492 rupit.
2510 2430 2608 2477 aut
2621 2424 2994 2478 humilitatem
3029 2423 3206 2476 erexit
3235 2423 3294 2476 in
3315 2421 3571 2491 gloriam.
3606 2421 3756 2474 Nam

2156 2528 2350 2566 omnes
2372 2513 2603 2566 clericos
2633 2529 2809 2581 usque
2838 2513 2906 2566 ad
2929 2511 3192 2566 ultimum
3211 2511 3451 2581 gradum
3469 2509 3583 2582 (81)
3618 2515 3756 2562 ante

2155 2618 2214 2654 se
2271 2618 2432 2654 orare
2479 2603 2836 2672 compellens,
2871 2600 3379 2670 episcopisquoque
3400 2606 3569 2668 atque
3599 2614 3759 2668 pres-

2157 2689 2388 2759 byteris,
2424 2691 2583 2759 quasi
2615 2690 2949 2744 humilitatis
2970 2689 3295 2760 discipulus,
3325 2689 3397 2741 ad
3419 2687 3758 2741 benedicen-

2155 2778 2286 2832 dum
2319 2796 2376 2832 se
2405 2786 2573 2849 caput
2620 2778 2988 2833 submittebat
3013 2777 3141 2844 (8‘2).
3187 2778 3456 2832 Diacones
3470 2793 3620 2840 vero,
3655 2775 3758 2845 qui

2154 2868 2224 2922 ad
2256 2884 2384 2920 eum
2399 2867 2660 2922 utilitatis
2677 2884 2842 2920 causa
2863 2867 3178 2928 veniebant,
3203 2883 3330 2919 cum
3349 2883 3449 2936 pro
3466 2865 3756 2933 adjutorio

2156 2973 2349 3012 eorum
2373 2957 2494 3025 ejus
2523 2956 2889 3027 praesentibus
2903 2956 3235 3025 disputaret,
3251 2955 3321 3008 ad
3341 2954 3614 3007 orandum
3636 2954 3756 3006 Do-

2160 3044 2376 3098 minum
2407 3045 2511 3098 sibi
2541 3045 2921 3115 praeponebat,
2948 3061 3058 3097 non
3081 3043 3434 3108 erubescens,
3458 3048 3517 3096 et
3533 3043 3655 3113 ipse
3670 3041 3757 3094 di-

2159 3151 2330 3190 scere.
2351 3136 2493 3190 Nam
2515 3142 2571 3188 et
2590 3133 2973 3204 interrogabat
2988 3133 3312 3202 frequenter
3340 3148 3435 3186 eos
3457 3147 3586 3185 cum
3615 3129 3749 3201 qui-

2155 3223 2258 3278 bus
2279 3227 2402 3276 erat
2421 3241 2432 3286 ;
2449 3228 2505 3278 et
2534 3223 2580 3276 si
2603 3223 2814 3294 aliquid
2845 3221 2915 3276 ab
2943 3222 3021 3276 eis
3055 3221 3432 3276 necessarium
3460 3219 3748 3285 audierat,

2155 3331 2214 3367 se
2242 3312 2524 3368 fatebatur
2549 3313 2827 3382 adjutum.

2228 3403 2358 3456 CAP.
2380 3401 2492 3457 XL.
2527 3433 2589 3442 --
2617 3401 2874 3455 Habebat
2906 3406 3096 3455 autem
3125 3405 3183 3454 et
3206 3400 3262 3454 in
3292 3399 3446 3452 vultu
3479 3413 3753 3466 magnam

2155 3489 2416 3557 gratiam,
2441 3494 2497 3541 et
2511 3489 2578 3544 ad
2588 3489 2844 3543 mirabile
2866 3507 2899 3543 a
2921 3491 3207 3544 Salvatore
3231 3487 3400 3542 etiam
3415 3487 3523 3540 hoc
3540 3501 3755 3540 munus

2157 3584 2466 3648 acceperat.
2485 3578 2678 3648 Siquis
2710 3580 2860 3633 enim
2888 3579 3117 3648 ignarus
3147 3579 3290 3646 ejus,
3323 3577 3472 3630 inter
3495 3575 3755 3629 multitu-

2156 3667 2343 3720 dmem
2376 3667 2775 3721 monachorum
2806 3684 2934 3722 eum
2954 3667 3142 3720 videre
3170 3666 3560 3728 desiderasset,
3593 3663 3758 3719 nullo

2157 3755 2456 3820 indicante,
2490 3755 2703 3808 caeteris
2733 3755 3140 3826 praetermissis,
3156 3754 3226 3808 ad
3243 3753 3545 3809 Antonium
3563 3768 3760 3806 curre-

2157 3842 2270 3908 bat,
2303 3851 2360 3898 et
2385 3843 2586 3898 animae
2616 3845 2918 3914 puritatem
2942 3843 3280 3913 agnoscebat
3307 3859 3373 3898 ex
3385 3843 3560 3904 vultu,
3579 3847 3638 3894 et
3651 3857 3758 3911 per

2156 3933 2441 4004 speculum
2480 3933 2727 4003 corporis
2773 3933 3015 4003 gratiam
3059 3939 3262 3988 sanctae
3317 3931 3522 3988 mentis
3569 3930 3758 3986 intue-

2157 4020 2340 4075 batur.
2375 4022 2514 4074 Nam
2537 4037 2758 4090 semper
2787 4021 3023 4074 hilarem
3052 4020 3250 4074 faciem
3287 4035 3509 4089 gerens,
3533 4017 3756 4088 liquido

2155 4109 2484 4164 ostendebat
2501 4125 2559 4164 se
2589 4109 2658 4162 de
2670 4109 2983 4164 cmlestibus
3015 4109 3279 4178 cogitare,
3303 4106 3756 4176 sicutScriptura

2152 4199 2264 4252 ait:
2300 4199 2478 4252 Corde
2516 4199 2740 4253 laetante
2759 4199 2946 4253 vultus
2973 4201 3156 4263 ﬂoret,
3189 4204 3246 4250 et
3269 4197 3326 4250 in
3348 4211 3586 4252 maerore
3606 4211 3748 4252 con-

2155 4287 2384 4342 stitutus
2423 4289 2683 4342 tristatur
2726 4286 2900 4351 (Prov.
2933 4289 3091 4356 xvu).
3125 4288 3212 4342 Ita
3237 4290 3294 4340 et
3320 4284 3490 4339 Jacob
3519 4285 3756 4353 agnovit

2154 4371 2346 4426 Laban
2387 4389 2640 4426 socerum
2671 4389 2835 4426 suum
2882 4372 3112 4426 insidias
3158 4370 3267 4424 sibi
3308 4369 3750 4430 machinantem,

2093 4449 2135 4508 ll
2159 4461 2346 4515 dicens
2366 4462 2436 4514 ad
2458 4461 2602 4515 tilias
2632 4463 2753 4530 ejus
2779 4479 2789 4514 :
2811 4462 2935 4515 Non
2967 4466 3055 4514 est
3079 4460 3246 4514 facies
3272 4459 3447 4532 patris
3473 4458 3643 4514 vestri
3671 4459 3753 4514 si-

2154 4555 2250 4603 cut
2278 4550 2398 4602 heri
2451 4555 2508 4603 et
2555 4550 2962 4604 nudiustertius
3019 4550 3170 4616 (Gen.
3204 4551 3380 4615 xxxx).
3410 4548 3500 4602 Sic
3521 4547 3753 4602 Samuel

2153 4638 2384 4708 agnovit
2411 4639 2589 4692 David
2614 4656 2627 4692 :
2659 4639 2992 4694 Lmtiticatos
3008 4639 3156 4692 enim
3189 4637 3431 4692 habebat
3458 4636 3668 4702 oculos,
3694 4643 3756 4690 et

2153 4727 2350 4780 dentes
2400 4727 2544 4780 sicut
2591 4727 2676 4780 lac
2717 4727 2985 4781 candidos
3053 4729 3418 4794 (lllcg.xv1).
3475 4725 3754 4780 Similiter

2154 4815 2560 4884 agnoscebatur
2647 4816 2943 4879 Antonius,
3035 4816 3165 4886 quia
3217 4832 3439 4886 semper
3487 4813 3752 4868 eamdem

2153 4904 2350 4958 faciem
2377 4904 2525 4960 inter
2545 4920 2813 4974 prospera
2841 4911 2898 4958 et
2923 4905 3160 4958 adversa
3197 4905 3466 4969 retinens,
3517 4919 3621 4956 nec
3665 4920 3752 4957 se-

2153 4993 2349 5046 cundis
2374 4992 2765 5058 extollebatur,
2801 5010 2902 5047 nec
2936 4993 3303 5062 frangebatur
3328 4991 3574 5046 adversis
3612 4991 3754 5046 Erat

2154 5082 2303 5136 enim
2335 5087 2394 5134 et
2421 5083 2478 5136 in
2508 5082 2662 5136 vultu
2684 5082 2959 5150 amabilis,
2994 5088 3052 5137 et
3078 5084 3135 5137 in
3163 5083 3290 5138 ﬁdei
3309 5081 3556 5153 puritate
3577 5080 3752 5136 mira-

2095 5153 2106 5162 ’
2153 5169 2299 5224 bilis.

2224 5261 2354 5314 CAP.
2389 5259 2529 5314 XLI.
2577 5292 2590 5297 ο
2631 5260 3426 5330 Nunquamschismaticorum
3445 5277 3503 5314 se
3525 5261 3756 5316 miscuit

2151 5349 2551 5412 communioni,
2569 5349 2858 5418 antiquam
2885 5367 3076 5404 eorum
3100 5349 3280 5404 sciens
3304 5350 3637 5420 pravitatem
3667 5357 3754 5406 at-
3835 5385 3856 5396 ι

2152 5454 2260 5507 que
2287 5438 2807 5507 transgressionem.
2843 5439 3142 5509 Nunquam
3183 5438 3617 5508 \lanichmisl83)
3649 5448 3754 5495 aut

2151 5526 2278 5580 aliis
2307 5527 2582 5580 haereticis
2611 5528 2807 5582 saltem
2841 5528 3158 5582 amicabilia
3189 5528 3356 5582 verba
3381 5529 3621 5598 largitus
3639 5537 3748 5590 est.

2149 5615 2254 5670 nisi
2271 5621 2490 5670 tantum
2505 5632 2571 5672 ea
2583 5633 2705 5687 quae
2725 5634 2820 5671 eos
2839 5623 3066 5688 possent
3093 5617 3163 5672 ab
3192 5617 3506 5688 iniquitatis
3554 5635 3749 5674 errore
