3958 6422
263 362 367 419 157

1344 375 1515 433 VITA
1551 378 1762 434 BEATI
1798 336 2101 441 AN:I‘ONII
2139 381 2461 441 ABBATIS.

3440 387 3542 443 158

256 521 542 574 revocare,
570 510 909 569 denuntians
928 514 1127 570 talium
1147 516 1422 571 amicitias
1448 524 1618 588 atque
1648 536 1857 575 sermo-
1883 508 1921 563 Α
1940 521 2010 558 ne
2043 511 2098 559 et
2128 522 2231 575 ego
2260 523 2531 562 corruens
2549 507 2846 565 inteream-
2881 511 3000 567 Ηοο
3023 509 3237 581 avdito,
3261 508 3539 565 mirabilis

258 612 359 649 nes
389 598 764 666 perditionem
793 620 911 657 esse
942 605 1163 661 animae.
1200 607 1291 659 Sic
1313 607 1483 661 etiam
1500 608 1740 663 Arianos
1767 610 1859 663 de-

258 686 593 754 testabatur,
618 696 680 747 ut
702 692 962 746 omnibus
982 694 1193 750 diceret
1212 713 1313 749 nec
1327 698 1495 765 juxta
1515 715 1609 751 eos
1631 697 1859 768 quidem

258 790 385 829 esse
417 779 816 834 accedendum.
837 783 981 836 Nam
1012 800 1141 839 cum
1157 786 1437 840 venissent
1456 788 1685 857 quidam
1703 788 1860 842 Ario-

258 865 486 919 manitze
519 867 648 935 (84),
681 877 904 940 reperta
924 888 1116 929 eorum
1132 880 1259 944 post
1287 877 1759 932 examinationem
1776 878 1859 932 in-

257 952 588 1011 ﬁdelissima
633 964 803 1024 secta,
846 961 1109 1028 ell‘ugavit
1160 979 1254 1016 eos
1295 963 1364 1016 de
1404 970 1614 1032 monte,
1667 966 1857 1020 dicens

256 1043 438 1096 multo
469 1046 825 1115 serpentibus
848 1049 1153 1105 deteriores
1171 1052 1370 1106 horum
1393 1070 1512 1106 esse
1545 1072 1852 1109 sermones.

258 1131 552 1189 Mentienti
561 1133 659 1187 bus
672 1141 862 1191 autem
880 1139 1103 1194 Arianis
1124 1142 1220 1207 (85]
1238 1141 1306 1193 ali
1317 1143 1536 1211 quando
1551 1144 1853 1196 Antonium

258 1219 338 1273 ita
355 1226 419 1274 ut
439 1239 498 1275 se
514 1224 760 1289 credere,
781 1225 1093 1283 admiratus
1108 1246 1302 1283 eorum
1319 1231 1630 1297 audaciam,
1654 1240 1711 1285 et
1719 1234 1858 1302 justi

258 1308 468 1363 doloris
489 1311 573 1365 ira
590 1322 924 1380 commotus,
951 1324 1293 1388 rogatusque
1312 1318 1381 1372 ab
1401 1320 1674 1391 episcopis
1688 1328 1857 1391 atque

259 1399 537 1453 universis
558 1402 1244 1470 l‘ratribus,Alexandriam
1272 1409 1561 1462 descendit
1590 1410 1696 1479 «86)
1723 1430 1734 1477 ;
1759 1410 1860 1463 ibi-

258 1504 367 1556 que
395 1490 777 1546 Ariomanitas
806 1493 1025 1564 publico
1055 1513 1311 1550 sermone
1341 1498 1753 1565 condemnavit,
1779 1500 1859 1552 ul-

257 1579 457 1631 timam
484 1580 628 1634 hanc
648 1598 769 1635 esse
788 1583 1046 1639 hmresim
1070 1592 1125 1639 et
1146 1603 1547 1656 praecursorem
1580 1589 1858 1642 Antichri-

255 1666 331 1720 sti
363 1666 652 1723 aﬂirman‘s
678 1689 689 1737 ;
712 1673 1143 1743 praedicavitquc
1167 1675 1225 1728 in
1257 1676 1462 1745 populo
1498 1676 1702 1729 Filium
1733 1678 1852 1738 Dei,

1943 612 2107 649 senex
2164 614 2197 649 a
2249 598 2411 651 nobis
2460 599 2801 664 admonitus,
2854 602 3043 655 volens
3071 607 3265 657 tamen
3305 604 3363 657 et
3401 599 3539 671 ipse,

1943 686 2233 755 paululum
2251 686 2783 759 substitit.Cumque
2798 691 3288 761 appropinquante
3301 687 3541 744 muliere

1942 775 2130 845 puella
2149 776 2367 845 jaceret
2387 778 2637 848 explosa,
2672 779 2852 833 oravit
2879 779 3085 833 tacitus
3116 779 3422 835 Dominum
3446 777 3540 833 Je—

1941 880 2087 929 sum,
2123 870 2179 918 et
2198 865 2267 918 ad
2298 866 2790 923 comminationem
2822 869 2946 939 ejus
2967 869 3159 923 statim
3176 867 3412 939 spiritus
3439 866 3542 923 im-

1941 970 2117 1023 purus
2163 971 2420 1024 egressus
2460 961 2561 1009 est.
2612 957 2806 1013 Puella
2847 957 3161 1021 incolumis,
3204 958 3443 1029 populus
3481 956 3541 1010 in

1940 1043 2338 1109 laudibusDei,
2368 1058 2549 1099 mater
2570 1046 2625 1103 in
2646 1047 2852 1116 gaudio
2882 1048 3004 1102 fuit.
3038 1048 3161 1118 Ipse
3178 1051 3368 1101 autem
3392 1047 3542 1099 laeta-

1942 1131 2125 1195 batur,
2160 1133 2291 1203 quia
2319 1135 2389 1188 ad
2419 1134 2793 1190 desideratam
2824 1136 3181 1191 solitudinem
3211 1135 3536 1206 repedabat.

1944 1223 2077 1274 Erat
2104 1230 2294 1279 autem
2325 1224 2483 1278 valde
2512 1225 2756 1297 sapiens,
2790 1231 2848 1279 et
2870 1226 2974 1280 hoc
2998 1227 3055 1280 in
3086 1243 3145 1278 se
3169 1224 3422 1279 mirabile
3446 1225 3542 1279 ha-

1941 1310 2126 1377 bebat,
2151 1312 2281 1384 quia
2303 1329 2429 1367 cum
2460 1314 2675 1368 litteras
2696 1331 2808 1368 non
2835 1315 3138 1381 didicisset,
3163 1313 3543 1383 ingeniosissi-

1943 1418 2068 1457 mus
2101 1410 2157 1456 et
2186 1403 2655 1473 prudentissimus
2687 1411 2826 1457 erat.

2014 1492 2142 1544 CAP.
2177 1493 2365 1546 XLIV.
2404 1526 2455 1535 —
2491 1488 2807 1565 Aliquando
2839 1495 3049 1552 etenim
3081 1493 3403 1565 philosophi
3432 1491 3542 1546 duo

1944 1578 2049 1649 (87)
2079 1581 2325 1649 gentiles
2354 1587 2630 1637 venerunt
2666 1585 2736 1637 ad
2766 1601 2916 1647 eum;
2941 1590 3204 1655 putantes
3234 1582 3541 1637 Antonium

1940 1686 1998 1722 se
2036 1687 2196 1740 posse
2237 1671 2512 1743 decipere.
2551 1673 2686 1727 Erat
2738 1690 2868 1727 vero
2901 1674 2957 1729 in
2997 1671 3274 1745 superiori
3328 1677 3536 1726 monte.

260 1771 375 1809 non
402 1756 698 1823 facturam,
736 1777 845 1814 non
888 1778 953 1815 ex
985 1763 1155 1817 nullis
1196 1764 1682 1830 exstantibus,sed
1724 1782 1856 1837 pro—
1879 1830 1920 1837 _
1941 1758 2091 1823 QUOS
2117 1776 2243 1813 Cum
2282 1760 2529 1827 Vidisset:
2563 1779 2811 1833 PaganOs
2840 1764 3118 1817 ίηίθηωίίῑ
3154 1780 3219 1817 ex
3249 1762 3405 1815 ναίω
3439 1780 3452 1828 ;
3486 1767 3544 1814 et

258 1845 465 1914 prium,
488 1846 655 1901 unius
674 1866 801 1903 cum
828 1850 996 1905 Patre
1017 1851 1363 1920 substantiae,
1392 1868 1464 1907 ne
1486 1860 1746 1908 creatura
1764 1872 1860 1926 po-

1949 1848 2249 1918 procedens
2280 1850 2349 1903 ad
2380 1866 2493 1916 eos,
2520 1830 2621 1920 per
2640 1830 3015 1922 interpretem
3041 1852 3144 1914 (SS)
3168 1857 3249 1905 ita
3277 1851 3445 1921 coepit
3465 1851 3543 1904 lo-

260 1933 392 1998 tius,
428 1942 525 1988 aut
550 1937 798 2008 adoptio,
831 1946 931 1993 aut
958 1941 1262 2011 appellatio
1292 1942 1597 2007 videretur,
1624 1943 1859 2014 impium

259 2039 383 2075 esse
409 2023 598 2079 dicens
626 2026 709 2079 vel
751 2034 937 2082 mente
967 2030 1259 2100 concipere
1284 2050 1295 2083 :
1333 2032 1466 2084 Erat
1494 2033 1717 2101 quando
1747 2050 1860 2086 non

258 2118 400 2175 erat,
421 2130 549 2167 cum
561 2114 804 2189 Verbum
817 2117 916 2171 Dei
940 2120 1106 2183 Deus,
1131 2120 1223 2189 qui
1244 2126 1329 2173 est
1345 2138 1583 2191 semper,
1623 2122 1775 2176 Patri
1789 2123 1862 2176 sit

259 2210 590 2268 coaeternus,
625 2205 761 2273 quia
788 2223 853 2259 ex
881 2223 946 2260 eo
977 2215 1143 2277 natus
1175 2216 1260 2262 est
1290 2210 1477 2275 Patre,
1512 2211 1608 2280 qui
1638 2228 1861 2281 semper

259 2297 364 2343 est.
402 2291 559 2344 Unde
588 2292 802 2347 aiebat:
835 2297 974 2349 Cum
1001 2297 1225 2351 Arianis
1256 2299 1406 2351 voois
1439 2300 1598 2352 nulla
1625 2301 1697 2353 sit
1726 2318 1860 2354 con-

254 2369 495 2448 junctlo.
532 2381 666 2445 Quae
695 2384 847 2437 enim
885 2386 1123 2440 societas
1160 2388 1271 2440 luci
1310 2388 1377 2441 ad
1412 2388 1722 2442 tenebras?
1751 2390 1861 2443 Vos

266 2469 511 2523 ﬁdeliter
533 2472 842 2538 credentes,
878 2475 1181 2531 Christiani
1202 2476 1335 2530 estis
1361 2496 1371 2544 ς
1404 2477 1483 2530 illi
1514 2477 1779 2543 Verbum,
1805 2479 1861 2531 id

265 2564 352 2610 est
382 2559 605 2626 Filium,
631 2562 725 2630 qui
754 2579 819 2615 ex
839 2563 953 2616 Deo
982 2565 1150 2617 Patre
1172 2571 1275 2633 est,
1310 2572 1627 2621 creaturam
1656 2568 1858 2621 docen-

263 2653 367 2711 tes,
400 2649 558 2702 nullo
578 2650 870 2704 intervallo
892 2669 926 2704 a
951 2653 1214 2721 gentibus
1244 2661 1597 2725 separantur,
1614 2657 1708 2726 qui
1740 2674 1859 2710 ser-

261 2736 419 2790 viunt
451 2745 722 2792 creatura:
752 2741 938 2810 potius
970 2759 1135 2812 quam
1168 2744 1437 2807 Creatori,
1465 2745 1561 2814 qui
1583 2752 1669 2798 est
1696 2744 1861 2800 bene-

261 2825 442 2880 dictus
488 2827 547 2881 in
596 2830 798 2883 saecula
828 2832 994 2897 (Rom.
1041 2835 1097 2901 ι).
1133 2833 1278 2902 Ipsa,
1314 2833 1452 2886 mihi
1484 2834 1713 2899 credite,
1746 2834 1859 2887 ira-

259 2922 498 2969 scuntur
516 2917 815 2981 elementa,
840 2925 896 2972 et
907 2922 1090 2975 omnis
1109 2928 1305 2975 contra
1320 2923 1592 2977 Arianum
1613 2923 1860 2978 furorem

259 3004 576 3059 secundum
635 3008 887 3076 Apostoli
945 3008 1176 3075 dictum,
1234 3011 1550 3080 ingemiscit
1602 3018 1863 3067 creatura

267 3095 438 3160 (flown.
476 3098 614 3161 vni),
648 3098 794 3166 quod
844 3097 947 3150 sibi
996 3098 1297 3154 Dominum
1330 3117 1515 3168 suum,
1558 3118 1658 3171 per
1693 3118 1861 3171 quem

265 3182 476 3248 omnia,
505 3191 564 3236 et
588 3184 648 3237 in
681 3201 789 3255 quo
822 3187 1012 3241 omnia
1040 3188 1187 3241 facta
1205 3194 1337 3243 sunt
1366 3192 1535 3257 (Rom.
1559 3198 1652 3257 ιι),
1678 3190 1862 3244 videat

258 3273 576 3342 aggregari.
1214 3324 1223 3331 .

334 3361 465 3415 CAP.
501 3363 671 3417 XLII.
797 3365 927 3419 Haec
967 3366 1112 3420 tanti
1141 3367 1242 3421 viri
1267 3368 1587 3438 praedicatio
1627 3368 1862 3438 exprimi

260 3466 375 3505 non
403 3456 591 3521 potest
611 3458 885 3522 quantum
923 3455 994 3508 ad
1025 3456 1192 3509 fidem
1223 3457 1459 3527 populos
1488 3457 1856 3512 roboraverit.

260 3539 625 3596 laetabantur
670 3542 877 3613 quippe
918 3544 1178 3599 hostilem
1226 3550 1282 3598 et
1310 3547 1534 3600 Christo
1570 3546 1858 3601 inimicam

263 3629 521 3683 lmresim
538 3632 1001 3686 anathematizari
1021 3633 1091 3686 ab
1114 3635 1369 3688 ECClesia:
1397 3636 1674 3688 columna.
1691 3637 1859 3690 Nulla

262 3724 400 3771 tunc
429 3726 582 3784 aetas,
618 3721 804 3775 nullus
851 3739 1015 3776 sexus
1060 3724 1210 3776 domi
1255 3725 1546 3778 remansit.
1579 3726 1758 3779 Taceo
1792 3725 1860 3778 de

266 3807 638 3863 Christianis:
670 3811 876 3879 pagani
900 3828 1122 3882 quoque
1153 3820 1208 3866 et
1236 3813 1341 3883 ipsi
1364 3813 1642 3867 idolorum
1675 3830 1861 3867 sacer-

268 3897 434 3950 dotes
474 3898 544 3951 ad
575 3898 913 3954 dominicum
946 3901 1244 3971 imperium
1271 3902 1658 3969 convolabant,
1683 3904 1868 3957 dicen-

268 3992 354 4039 tes
379 4003 391 4036 :
427 3987 730 4042 Precamur
751 3996 813 4043 ut
835 3991 1121 4045 videamus
1152 3992 1438 4047 hominem
1471 3993 1592 4059 Dei,
1609 3994 1741 4063 quia
1764 3995 1869 4046 hoc

268 4076 421 4146 apud
460 4077 748 4131 universos
800 4080 1161 4150 conspicuum
1202 4088 1324 4135 erat
1367 4099 1571 4136 nomen
1611 4082 1858 4137 Antonii.

268 4165 608 4221 Ambiebant
628 4184 849 4238 quoque
872 4171 1071 4223 saltem
1096 4170 1373 4225 ﬁmbriam
1398 4172 1716 4225 vestimenti
1741 4174 1863 4242 ejus

267 4254 566 4324 attingere,
583 4258 823 4312 multum
841 4259 943 4312 sibi
963 4264 1020 4312 et
1038 4264 1251 4313 tactum
1273 4262 1537 4331 prodesse
1550 4263 1860 4315 credentes.

270 4344 418 4407 Quot
437 4352 573 4400 tunc
591 4346 865 4401 diabolica
888 4348 1173 4403 obsidione
1195 4356 1251 4403 et
1264 4350 1428 4404 variis
1442 4350 1865 4405 inﬁrmitatibus

268 4432 491 4488 liberati
518 4436 530 4487 Ζ
564 4442 700 4505 quot
719 4436 1032 4491 simulacris
1053 4444 1245 4508 erepta
1274 4445 1405 4493 sunt
1433 4441 1630 4510 spolia!
1662 4442 1859 4512 quanti

1944 1938 2039 2008 qui
2066 1956 2075 1990 :
2099 1938 2283 2001 Quare
2300 1943 2415 1993 tam
2429 1940 2592 2010 longe
2605 1940 2675 1994 ad
2697 1941 2931 1994 stultum
2954 1940 3242 1995 hominem
3258 1939 3541 2010 sapientes

1942 2043 2002 2079 se
2032 2043 2229 2081 vexare
2248 2029 2549 2082 voluerunt
2563 2030 2586 2081 ?
2601 2029 2719 2084 Illis
2747 2029 3079 2095 dicentibus,
3096 2046 3207 2082 non
3232 2046 3355 2083 esse
3380 2029 3541 2083 illum

1942 2114 2199 2181 stultum,
2243 2117 2339 2170 sed
2380 2122 2436 2171 et
2464 2117 2700 2173 nimium
2750 2119 3079 2188 sapientem,
3122 2117 3418 2187 vigilanter
3446 2133 3538 2170 re-

1943 2205 2198 2275 spondit:
2234 2206 2375 2261 Siad
2400 2207 2636 2261 stultum
2660 2208 2909 2271 venistis,
2934 2208 3252 2278 superﬂuus
3273 2212 3360 2260 est
3384 2205 3542 2260 labor

1942 2300 2127 2349 vester
2160 2314 2171 2357 ;
2205 2295 2250 2348 si
2280 2302 2468 2349 autem
2509 2297 2720 2370 putatis
2749 2314 2839 2351 me
2858 2297 3168 2367 sapientem
3198 2313 3338 2362 esse,
3372 2302 3428 2350 et
3457 2312 3543 2349 sa-

1946 2384 2214 2454 pientiam
2248 2384 2472 2451 habere,
2489 2385 2702 2440 bonum
2725 2393 2810 2441 est
2837 2392 2902 2439 ut
2922 2385 3221 2439 imitemini
3252 2386 3400 2456 quod
3418 2402 3544 2455 pro-

1946 2472 2107 2537 batis,
2144 2473 2275 2544 quia
2304 2473 2448 2527 bona
2479 2475 2985 2529 convenitimitari.
3021 2475 3079 2529 Si
3098 2491 3200 2543 ego
3231 2475 3301 2528 ad
3331 2490 3427 2527 vos
3454 2491 3544 2529 ve-

1946 2562 2173 2622 nissem,
2217 2580 2312 2616 vos
2343 2563 2627 2618 imitarer:
2658 2564 2755 2617 sed
2778 2564 2911 2634 quia
2936 2581 3033 2617 vos
3061 2564 3131 2617 ad
3161 2580 3250 2617 me
3281 2563 3441 2633 quasi
3473 2563 3543 2616 ad

1944 2652 2254 2722 sapientem
2287 2653 2535 2718 venistis,
2559 2654 2907 2715 estote,sicut
2927 2670 3029 2723 ego
3047 2670 3191 2717 sum,
3214 2652 3540 2709 Christiani.

1944 2741 2345 2795 Abscesserunt
2358 2740 2375 2810 Ι
2384 2742 2700 2813 philosophi
2732 2782 2745 2807 ,
2780 2749 3084 2813 utrumque
3138 2742 3408 2795 mirantes
3434 2780 3447 2807 ,
3489 2747 3547 2795 et

1944 2847 2182 2885 acumen
2209 2831 2443 2900 ingenii,
2473 2837 2530 2884 et
2558 2832 2881 2885 daemonum
2911 2832 3284 2901 expulsiones.

2008 2918 2146 2973 CAP.
2180 2920 2348 2975 XLV.
2390 2952 2437 2959 —
2474 2920 2630 2974 Alios
2662 2937 2885 2991 quoque
2916 2920 3175 2974 similiter
3216 2918 3411 2973 mundi
3452 2933 3545 2972 sa-

1944 3007 2160 3079 pientes
2174 3008 2414 3079 (89),qui
2441 3026 2569 3063 eum
2591 3008 3160 3080 irriderecupiehant,
3182 3008 3545 3078 quialitteras

1944 3097 2250 3167 ignoraret;
2296 3098 2394 3151 tali
2424 3098 2802 3169 disputatione
2845 3099 3144 3168 colligavit,
3177 3098 3405 3152 dicens:
3432 3098 3543 3151 Re-

1944 3187 2213 3256 spondete
2245 3187 2402 3251 mihi,
2426 3186 2560 3257 quid
2583 3187 2759 3258 prius,
2777 3204 2975 3240 sensus
2996 3203 3069 3240 an
3084 3187 3311 3240 litterae?
3333 3192 3389 3240 et
3409 3185 3544 3256 quid

1883 3270 1926 3329 C
1946 3280 2106 3345 cujus
2134 3277 2451 3331 exordium?
2470 3279 2677 3332 Sensus
2706 3294 2771 3330 ex
2799 3277 3101 3341 litteris,an
3130 3276 3330 3330 litterae
3359 3274 3547 3329 oriun-

1943 3374 2040 3421 tur
2067 3384 2131 3420 ex
2186 3367 2379 3421 sensu?
2418 3367 2535 3421 Illis
2563 3366 2943 3420 asscrentibus
2988 3366 3122 3435 quia
3162 3381 3362 3420 sensus
3397 3369 3546 3421 esset

1946 3464 2141 3510 auctor
2169 3462 2339 3526 atque
2367 3457 2623 3510 inventor
2651 3456 2991 3521 litterarum,
3024 3454 3133 3508 ait:
3164 3454 3343 3523 Igitur
3372 3454 3419 3507 si
3454 3454 3545 3511 cui

1945 3563 2142 3599 sensus
2174 3544 2469 3599 incolumis
2501 3550 2604 3611 cst,
2630 3545 2717 3598 hic
2738 3545 2953 3598 litteras
2983 3560 3093 3597 non
3116 3543 3372 3614 requirit.
3408 3542 3544 3607 Quis

1944 3636 2302 3707 pnesentium
2337 3642 2463 3705 post
2494 3637 2637 3691 hanc
2658 3635 3107 3689 colluctationem
3138 3651 3250 3688 non
3266 3634 3544 3687 exclama-

1948 3726 2239 3791 verit,cum
2270 3724 2666 3794 obstupuerint
2686 3730 2743 3778 et
2770 3725 2882 3794 ipsi
2904 3723 3141 3793 quivicti
3159 3727 3538 3786 sunt,tantam

1947 3815 2005 3867 in
2024 3814 2259 3884 imperio
2272 3814 2587 3867 litterarum
2599 3814 2959 3882 sagacitatem
2978 3812 3151 3865 animi
3174 3810 3545 3869 admirantes"?

1946 3905 2143 3973 Neque
2173 3903 2341 3969 enim,
2382 3908 2445 3955 ut
2473 3903 2529 3956 in
2559 3902 2857 3956 solitudine
2875 3907 2932 3955 et
2956 3900 3239 3955 montibus
3267 3905 3540 3964 versatus,

1948 3998 2117 4062 atque
2147 4008 2369 4045 omnem
2402 3991 2607 4045 ibidem
2641 3991 2866 4060 exigens
2896 3991 3089 4055 vitam,
3123 3989 3360 4059 agrestis
3377 3994 3434 4041 et
3472 3988 3545 4042 ri-

1946 4082 2110 4151 gidus
2140 4087 2279 4145 erat,
2305 4081 2696 4149 sedojucundus
2725 4087 2893 4150 atque
2914 4079 3169 4144 affabilis,
3197 4094 3537 4142 sermonem,

1947 4171 2255 4224 secundum
2309 4169 2559 4240 Apostoli
2607 4178 2967 4240 praeceptum,
3015 4168 3200 4222 divino
3256 4167 3543 4221 conditum

1947 4261 2063 4313 sale
2088 4264 2299 4321 (Uoloss.
2329 4262 2408 4327 ιν)
2436 4259 2773 4330 proferebat,
2797 4258 2877 4313 ita
2897 4263 2961 4313 ut
2989 4258 3197 4312 invidia
3228 4261 3462 4321 careret,
3488 4262 3545 4311 et

1948 4366 2139 4403 amore
2170 4349 2422 4403 omnium
2454 4349 2749 4419 potiretur.

2020 4440 2149 4493 CAP.
2186 4439 2374 4493 XLVI.
2403 4468 2467 4478 —
2497 4439 2652 4493 Inter
2673 4438 2809 4503 haec,
2850 4436 3012 4506 quasi
3042 4452 3244 4506 parum
3275 4439 3423 4488 esset
3453 4434 3541 4487 bis

270 4523 441 4577 etiam
456 4523 525 4576 ab
540 4541 729 4578 errore
739 4527 1035 4595 gentilium
1059 4528 1308 4594 retracti,
1335 4536 1527 4582 nostro
1533 4510 1715 4599 juncti
1734 4536 1866 4584 sunt
1886 4510 1934 4572 Ῑ)
1947 4528 2322 4600 gentilitatem
2343 4526 2513 4580 fuisse
2534 4532 2869 4597 separatam,
2897 4533 2953 4579 et
2968 4525 3134 4579 tertio
3147 4528 3421 4579 venerunt
3440 4523 3543 4577 viri

265 4613 424 4682 gregi
450 4613 461 4665 !
496 4614 659 4667 Tanti
700 4622 869 4680 certe,
904 4623 967 4669 ut
995 4634 1302 4686 paucorum
1341 4619 1560 4673 dierum
1586 4620 1768 4689 spatio
1798 4637 1863 4674 ex

269 4701 547 4765 idolorum
600 4708 700 4759 54
738 4706 1134 4775 superstitione
1171 4708 1459 4761 conversio
1499 4726 1725 4763 omnem
1764 4727 1863 4779 per

268 4806 478 4845 annum
508 4794 855 4849 credentium
896 4795 1142 4849 vinceret
1163 4796 1407 4850 turbam.
1437 4798 1714 4852 Praeterea
1736 4816 1861 4853 cum

266 4879 575 4935 irruentem
606 4884 1024 4938 multitudinem
1055 4886 1288 4939 comites
1326 4887 1681 4956 repellerent,
1713 4888 1863 4941 msti-

268 4975 487 5024 mantes
519 4971 683 5025 taedio
713 4972 789 5026 illi
822 4981 1155 5031 conventum
1186 4976 1373 5045 populi
1406 4976 1541 5041 fore,
1584 4976 1676 5030 ille
1706 4982 1865 5032 tran-

266 5060 439 5129 quillo
452 5060 639 5114 animo
666 5061 887 5116 dicebat
909 5081 919 5114 :
946 5064 1211 5134 Nunquid
1236 5064 1327 5117 hic
1346 5071 1525 5118 cultus
1546 5066 1862 5120 daemonum

266 5150 450 5217 major
470 5156 555 5202 est
581 5150 798 5203 turbis?
825 5153 1074 5223 nunquid
1099 5153 1529 5224 obsequentium
1562 5156 1866 5209 multitudo

263 5238 692 5294 colluctatorum
732 5241 789 5294 in
812 5248 1003 5295 monte
1033 5249 1351 5297 nostrorum
1381 5244 1619 5298 catervis
1651 5252 1737 5319 est
1767 5262 1867 5299 nu-

264 5329 580 5383 merosior?

336 5419 674 5474 CAP.XLIII.
698 5420 965 5473 «Accidit
978 5421 1149 5476 etiam
1172 5428 1234 5476 ut
1248 5440 1374 5477 cum
1397 5425 1860 5478 eumr'edeuntem

259 5510 411 5563 circa
435 5517 651 5581 portam
677 5527 1203 5580 prosequeremur,a
1214 5519 1371 5582 tergo
1383 5516 1635 5585 quaedam
1658 5515 1860 5569 mulier

258 5596 816 5653 clamitm'et.diccns:
835 5599 1297 5668 Exspecta,homo
1312 5602 1431 5661 Dei,
1452 5601 1567 5654 ﬁlia
1581 5618 1706 5653 mea
1719 5609 1866 5654 atro-

256 5686 484 5741 cissimo
506 5692 749 5741 vexatur
771 5687 1868 5762 daemonio;exspecta,obsecro:exspecta

1946 4619 2017 4672 ad
2049 4634 2176 4670 eum
2208 4617 2390 4671 omnis
2416 4616 2682 4669 secularis
2709 4615 3019 4685 prudentiae
3049 4613 3195 4668 nube
3223 4613 3434 4677 czecati,
3463 4619 3545 4675 at-

1947 4724 2054 4777 que
2094 4705 2365 4759 universis
2412 4704 2774 4775 philosophia:
2828 4704 3028 4757 studiis
3065 4703 3273 4761 artium
3311 4718 3544 4759 suarum

1947 4795 2316 4849 mstimatione
2346 4793 2670 4847 doctissimi.
2699 4792 2767 4846 Hi
2789 4809 2916 4846 cum
2939 4792 3213 4847 rationem
3243 4791 3314 4845 ab
3339 4808 3404 4845 eo
3435 4792 3545 4846 exi-

1948 4888 2148 4955 gerent
2177 4882 2325 4937 ﬁdei.
2357 4899 2527 4952 quam
2560 4882 2616 4935 in
2646 4882 2868 4936 Christo
2898 4882 3185 4947 habemus,
3211 4887 3268 4937 et
3297 4882 3544 4939 niteren-

1949 4982 2043 5028 tur
2069 4978 2270 5042 arguta
2308 4972 2714 5042 sophismatum
2762 4971 3201 5042 interrogatione
3248 4971 3316 5024 de
3355 4971 3542 5026 divina

1948 5080 2112 5119 cruce
2134 5079 2262 5116 eum
2286 5061 2540 5126 illudere,
2566 5061 2622 5114 in
2634 5061 2919 5116 silentium
2938 5062 3231 5132 paululum
3254 5078 3384 5115 voce
3397 5078 3545 5117 com-

1950 5152 2411 5224 pressa,primum
2427 5167 2621 5205 eorum
2638 5151 2937 5207 miseratus
2952 5167 3201 5205 errorem
3215 5157 3319 5209 est;
3340 5150 3542 5204 deinde

1950 5260 2050 5314 per
2100 5242 2489 5311 interpretem,
2534 5240 2629 5310 qui
2658 5242 2780 5310 ejus
2825 5239 2993 5293 verba
3019 5238 3445 5309 diligentissime
3484 5240 3539 5297 in

1954 5333 2207 5386 Graecum
2240 5330 2457 5384 solebat
2494 5330 2804 5399 exprimere
2834 5345 3172 5391 sermonem,
3204 5328 3283 5381 ita
3313 5342 3543 5383 exorsus

1950 5433 2053 5487 est,
2087 5422 2302 5476 dicens:
2342 5421 2487 5485 Quid
2537 5420 2823 5491 pulchrius
2853 5425 2956 5483 est,
2994 5418 3195 5487 quidve
3226 5417 3538 5483 honestius,

1946 5529 2169 5567 crucem
2186 5512 2465 5565 colere.an
2480 5507 3253 5579 adulteria,parricidium,ch
3270 5507 3542 5562 incestum

1948 5602 2034 5655 his
2060 5602 2346 5671 assignare
2373 5617 2516 5671 quos
2544 5599 2756 5665 colitis;
2780 5615 2905 5652 cum
2936 5598 2993 5652 in
3024 5597 3201 5651 altero
3218 5596 3550 5651 sitcontem-

1948 5697 2077 5762 ptus
2097 5691 2293 5746 mortis
2318 5690 2538 5760 insigne
2555 5690 2844 5755 virtutum,
2870 5687 2924 5749 in
2946 5687 3124 5741 altero
3144 5686 3326 5757 turpis
3349 5686 3547 5756 religio
