3958 6418
437 377 547 435 159

1449 379 1544 435 DE
1582 380 1770 437 VITIS
1805 381 2107 439 PATRUM
2145 383 2360 438 LIBER
2395 382 2684 438 PRIMUS.

3596 367 3707 424 160

439 518 800 574 obscenitatis
829 519 1102 591 magistra
1122 520 1148 574 ?
1169 520 1315 586 Quid
1338 522 1543 578 melius
1563 529 1649 578 est
1669 525 1854 579 dicere
1881 526 2028 596 quod
2050 510 2097 569 Α
2111 525 2325 579 inserta
2353 529 2500 589 sunt,
2523 521 2786 577 etiisdem
2799 515 3173 572 voluminibus
3191 513 3553 568 continentur
3567 527 3706 582 prae-

437 607 540 662 Dei
568 608 832 674 Verbum,
869 626 1104 664 manens
1133 615 1199 664 ut
1230 615 1372 677 erat,
1405 611 1474 665 ob
1503 613 1745 667 salutem
1775 621 2030 669 nostram

437 697 749 750 humanum
778 715 979 769 corpus
1002 701 1388 770 assumpserit,
1409 706 1472 754 ut
1491 701 1755 756 societate
1785 703 2032 757 mortali-

437 785 572 839 tatis
589 802 690 839 nos
721 787 982 842 eveheret
1011 789 1085 842 ad
1115 789 1336 854 caelum,
1370 789 1780 863 partisipesque
1811 797 2028 847 natura:

437 874 675 928 caelestis
705 875 977 944 efﬁceret;
1013 893 1105 943 an,
1136 883 1202 932 ut
1221 877 1328 948 ipsi
1344 879 1612 945 asseritis,
1647 879 1846 935 divinae
1867 898 2030 936 men-

436 963 510 1018 tis
542 963 810 1019 haustum
838 965 971 1036 (90),
1003 967 1074 1020 ad
1104 971 1332 1021 terrena
1360 968 1679 1023 veneranda
1699 975 1866 1041 caput
1896 971 2030 1025 sub-

437 1050 746 1118 mittere,et
761 1055 1038 1124 pecudum
1060 1059 1228 1127 atque
1243 1062 1569 1127 serpentum
1581 1057 1776 1113 formis
1809 1060 2032 1114 cmleste

437 1155 644 1196 nomen
672 1141 1000 1197 includere?
1023 1144 1144 1208 Quo
1173 1161 1270 1199 ore
1299 1145 1750 1202 Christianorum
1785 1149 2024 1202 creduli~

437 1232 616 1283 tatem
641 1230 861 1286 audetis
887 1231 1120 1287 irridere
1147 1233 1280 1305 (91),
1303 1233 1610 1290 dicentium
1639 1236 1925 1291 Christum
1946 1238 2031 1292 Fi-

439 1313 580 1369 lium
609 1317 711 1371 Dei
739 1318 860 1372 sine
889 1321 978 1375 sui
998 1320 1357 1388 detrimento,
1392 1327 1450 1376 et
1476 1324 1708 1394 ccepisse
1733 1340 1852 1378 esse
1882 1325 2031 1395 quod

445 1419 560 1458 non
596 1410 743 1472 erat,
787 1412 845 1460 et
874 1409 1146 1463 mansisse
1185 1409 1332 1480 quod
1371 1409 1580 1478 fuerat;
1619 1428 1746 1466 cum
1773 1411 1880 1482 ipsi
1907 1413 2032 1468 ani-

443 1507 597 1546 mam
613 1493 682 1548 de
711 1495 1026 1550 coelestibus
1053 1497 1430 1565 detrahentes,
1457 1517 1568 1554 non
1598 1506 1822 1554 tantum
1849 1501 2032 1556 homi-

2111 615 2274 668 conia
2308 613 2623 682 majestatis
2663 615 2720 664 et
2752 608 2948 662 mortis
2992 605 3284 659 dedecora.
3319 599 3705 666 Quamobrem

2111 703 2258 768 odio,
2290 719 2400 772 quo
2427 701 2628 755 imbuti
2657 698 2810 764 estis,
2845 697 3082 766 abjecto,
3119 691 3414 747 invenietis
3454 689 3624 754 illico,
3647 692 3708 742 et.

2111 794 2290 848 Deum
2317 808 2509 845 verum
2540 806 2661 844 esse
2681 790 2706 842 J
2713 804 2892 852 esum,
2923 790 2979 838 et
3006 782 3202 837 salutis
3229 782 3490 835 humana:
3518 776 3708 848 gratia

2109 881 2364 951 fragilem
2389 878 2754 950 assumpsisse
2784 881 3064 930 naturam.

2181 971 2312 1026 CAP.
2345 965 2902 1023 XLVII.-—Vestram
2919 967 3108 1015 tamen
3133 957 3311 1022 nobis,
3333 955 3378 1010 si
3399 971 3510 1010 non
3529 955 3709 1026 pudet

2112 1064 2336 1113 narrate
2351 1056 2696 1127 religionem.
2716 1053 2824 1108 Sed
2854 1067 2997 1124 quas
3009 1065 3166 1105 error
3179 1047 3369 1102 infelix
3397 1045 3608 1116 poterit
3624 1059 3709 1096 re-

2112 1149 2256 1202 ferre
2285 1147 2531 1201 culturas
2560 1145 2628 1198 de
2659 1149 2816 1198 tanta
2844 1157 3032 1196 rerum
3064 1138 3312 1192 foeditate
3333 1140 3500 1205 atque
3521 1149 3710 1186 vecor-

2112 1237 2248 1292 dia?
2275 1236 2384 1290 nisi
2415 1235 2555 1290 forte
2579 1237 2664 1302 (ut
2690 1233 2881 1299 audio)
2916 1229 3132 1284 fabulas
3163 1225 3431 1281 asseratis
3469 1223 3708 1277 deorum

2114 1331 2454 1393 vestrorum,
2484 1330 2540 1378 et
2554 1322 3011 1386 obscenitates,et
3029 1317 3472 1380 crudelitates,et
3492 1311 3712 1365 vanita-

2113 1420 2217 1479 tes,
2253 1419 2310 1468 et
2334 1419 2560 1478 mortes,
2591 1416 2844 1481 tegentes
2875 1425 2970 1462 eas
2993 1404 3305 1476 allegoricis
3334 1397 3712 1454 velaminibus

2117 1503 2262 1571 (100)
2288 1520 2302 1570 ;
2330 1502 2542 1557 Libera:
2581 1505 2825 1571 raptum,
2859 1503 3070 1552 terram
3094 1493 3270 1564 (101);
3297 1488 3708 1546 semiclaudum

444 1596 583 1635 num
612 1583 709 1637 sed
733 1589 789 1638 et
809 1586 1155 1656 serpentium
1187 1593 1245 1640 et
1259 1587 1532 1658 pecudum
1554 1589 1780 1644 soleatis
1795 1590 2032 1661 sepelire
2115 1593 2429 1647 Vulcanum
2447 1598 2503 1644 et
2517 1589 2775 1652 debilem,
2800 1587 2984 1657 ignem
3009 1583 3172 1653 (102);
3200 1584 3497 1644 lunonem,
3515 1593 3712 1632 aerem

443 1671 770 1740 corporibus
821 1671 922 1740 (9'2)
965 1674 989 1726 ?
1028 1675 1349 1730 Christiana
1385 1677 1686 1732 credulitas
1720 1694 1820 1750 pro
1852 1679 2034 1732 salute
2112 1679 2262 1753 (103)
2297 1699 2310 1748 ;
2343 1680 2656 1751 Apollinem
2687 1717 2702 1743 ,
2735 1677 2910 1730 solem
2942 1679 2956 1743 (
2994 1671 3092 1729 101
3120 1676 3139 1741 )
3167 1691 3179 1738 ;
3213 1671 3475 1733 Dianam,
3510 1668 3710 1722 lunam

443 1759 641 1813 mundi
671 1761 851 1815 Deum
875 1778 1045 1817 suum
1066 1764 1281 1818 venisse
1312 1770 1571 1832 testatur;
1602 1783 1700 1820 vos
1721 1783 1849 1821 vero
1879 1766 2036 1821 inna—
2055 1826 2100 1840 ἢ
2119 1769 2265 1838 (105)
2293 1788 2306 1836 ;
2345 1770 2691 1840 Neptunum,
2725 1765 2904 1819 maria
2931 1759 3106 1830 (106);
3149 1769 3205 1814 et
3229 1753 3527 1812 libidinum
3549 1755 3710 1827 prin—

445 1850 562 1901 tam
592 1847 837 1904 animam
855 1851 1236 1922 pradicantes,
1253 1854 1399 1908 ultro
1428 1826 1680 1926 citroque
1702 1856 2032 1910 transfertis.
2055 1826 2102 1885 B
2118 1826 2304 1930 cipem
2313 1826 2525 1921 Jovem,
2545 1826 2810 1911 aetherem
2831 1826 2972 1922 (1οῗ)
2985 1826 3438 1921 interpretantes.
3458 1826 3572 1900 Nec
3584 1848 3715 1914 post

447 1935 768 1992 Christiana
805 1939 962 2006 ﬁdes,
998 1957 1121 2011 quae
1149 1943 1617 2014 omnipotentiam
1657 1945 1760 1999 Dei
1789 1945 2035 2000 clemen-
2118 1948 2262 2002 hanc
2283 1945 2654 2001 excusationis
2671 1943 3064 2016 procacitatem
3077 1937 3377 2003 Deum,sed
3399 1941 3712 1996 creaturas,

441 2025 1888 2102 tiamqueveneratur,consequenterincarnationem
1902 2034 2038 2088 dicit
2117 2041 2437 2107 contempto
2469 2035 2754 2099 Creatore,
2777 2030 3078 2102 suscipitis.
3103 2026 3263 2092 Quod
3285 2025 3330 2079 si
3350 2021 3716 2096 pulchritudo

444 2113 560 2168 Deo
571 2113 744 2170 fuisse
761 2117 1102 2188 possibilem,
1126 2119 1208 2174 ita
1225 2125 1436 2187 tamen,
1462 2125 1528 2175 ut
1554 2138 1666 2176 non
1688 2123 2038 2178 evacuaverit
2117 2141 2214 2179 vos
2241 2123 2731 2178 elementorumad
2758 2137 2919 2175 suam
2939 2118 3112 2174 traxit
3131 2115 3571 2177 venerationem,
3593 2126 3718 2164 mo-

443 2201 695 2272 dignatio
727 2205 1181 2275 dignitatem;vos
1211 2209 1306 2280 qui
1328 2209 1576 2264 animam
1609 2228 1679 2265 ex
1709 2211 2038 2282 splendidis-
2117 2214 2252 2268 dum
2275 2214 2356 2266 fas
2376 2219 2498 2266 erat
2516 2211 2824 2276 custodire;
2855 2215 2914 2263 et
2934 2205 3231 2278 oportebat
3249 2201 3446 2258 mirari
3462 2205 3713 2264 tantum,

443 2289 589 2346 simo
608 2293 710 2347 Dei
730 2293 884 2348 fonte
905 2301 1226 2352 manentem
1250 2297 1491 2369 turpiter
1511 2299 1781 2353 decidisse
1789 2299 2034 2370 jactatis,
2119 2319 2221 2357 nec
2248 2302 2450 2366 colere,
2484 2317 2553 2354 ne
2582 2301 2810 2354 facturae
2837 2295 3122 2351 veneratio
3153 2291 3436 2348 Creatoris
3466 2294 3614 2344 esset
3631 2289 3721 2342 in—

445 2379 540 2450 qui
581 2381 907 2438 mutabilem
937 2390 995 2438 et
1020 2386 1438 2441 convertibilem
1468 2404 1591 2442 eam
1612 2394 1739 2458 post
1757 2389 1844 2442 sui
1869 2388 2034 2443 dimi-
2113 2392 2433 2462 juria.Nam
2445 2385 3272 2454 secundumistiusmodi,quam
3286 2376 3718 2450 vossequimini,

443 2467 734 2524 nutionem
763 2471 983 2527 audetis
1005 2491 1274 2541 asserere,
1302 2477 1421 2546 jam
1441 2476 1596 2530 illam
1627 2493 1848 2548 quoque
1869 2482 2036 2532 natu-

444 2571 565 2610 ram
594 2558 882 2615 dominam
926 2563 1255 2618 saaculorum
1295 2581 1396 2636 per
1423 2565 1626 2619 animae
1668 2565 2038 2620 contumelias

442 2643 618 2716 impia
639 2647 832 2718 lingua
852 2652 1160 2706 temeratis.
1191 2653 1382 2722 Imago
1399 2653 1570 2718 enim,
1592 2670 1715 2725 quae
1733 2655 2040 2708 secundum

444 2749 542 2788 vos
563 2738 878 2792 naturalem
893 2739 1320 2795 similitudinem
1345 2743 1431 2796 sui
1445 2743 1650 2796 retinet
1675 2743 2040 2809 auctoris,cui

447 2838 561 2876 una
589 2828 675 2878 est
691 2841 757 2879 ex
773 2843 882 2896 quo
911 2828 1142 2882 deﬂuxit
1167 2829 1474 2901 eademque
1505 2831 1838 2897 substantia,
1863 2832 2042 2886 humi-

446 2910 635 2966 litates
664 2915 920 2986 proprias
961 2923 1020 2970 et
1050 2917 1286 2988 injurias
1315 2925 1725 2991 consequenter
1765 2920 1836 2974 ad
1877 2937 2039 2975 suam

445 2999 721 3070 originem
733 3005 992 3064 remittit.
1015 3007 1648 3076 Igituranimadvertite,
1672 3009 2036 3064 contumelias

445 3089 784 3157 animarum,
799 3093 868 3146 ad
889 3099 1108 3166 patrem
1134 3097 1223 3166 (ut
1240 3097 1560 3168 appellatis)
1585 3101 1685 3154 ω
1711 3115 1907 3153 earum
1937 3115 2038 3171 per

2120 2481 2397 2534 rationem
2416 2484 2834 2551 praeposteram,
2865 2481 2922 2530 et
2937 2473 3227 2529 architecti
3253 2472 3434 2524 honor
3448 2467 3722 2537 migravit

2127 2569 2196 2624 ad
2214 2569 2526 2634 domum;et
2547 2567 2744 2621 medici
2764 2565 2999 2619 scientia
3019 2563 3088 2617 ad
3105 2560 3353 2615 remedia
3372 2557 3716 2619 conferetur,

2122 2658 2372 2738 omnium
2404 2673 2626 2728 quoque
2643 2656 2918 2709 artiﬁcum
2934 2651 3134 2706 merita
3145 2649 3436 2704 vellaudes
3455 2647 3526 2700 ad
3543 2661 3724 2716 opera

2121 2747 2550 2802 transferentur.
2583 2744 2726 2809 Quid
2766 2743 2836 2797 ad
2864 2743 2982 2796 haec
3011 2741 3215 2804 dicitis,
3252 2743 3316 2793 ut
3343 2751 3723 2808 agnoscamus

2123 2853 2246 2907 qua:
2273 2836 2349 2890 sit
2367 2835 2546 2890 crucis
2572 2832 2817 2888 ridiculae
2843 2830 2996 2886 vobis
3017 2828 3393 2900 ignominiosa
3413 2823 3722 2880 confessio?

2159 2923 2700 2981 CAP.XLVIII.-Hac
2712 2920 3088 2992 disputatione
3101 2913 3550 2972 convertentibus
3565 2913 3724 2966 inter

2123 3028 2182 3065 se
2212 3009 2554 3082 philosophis
2574 3006 3068 3076 oculos,si1nulque
3083 2997 3722 3063 mussitantibus,subri-

2121 3099 2260 3154 dens
2270 3097 2548 3152 Antonius
2560 3112 2783 3150 rursum
2797 3111 2898 3166 per
2907 3094 3268 3164 interpretem
3281 3087 3721 3144 aitzprzedurum

446 3183 689 3234 vestram
729 3179 1136 3253 blasphemiam
1159 3185 1494 3241 redundare.
2055 3182 2099 3242 Ο
2121 3188 2265 3255 (108)
2279 3203 2522 3258 namque
2533 3190 2732 3240 cuncto
2745 3184 2967 3238 videtur
2978 3177 3156 3253 operi,
3178 3180 3396 3252 quoties
3410 3179 3565 3247 justo
3586 3175 3720 3230 uni-

516 3268 665 3322 Crux
712 3270 920 3326 Christi
959 3273 1185 3328 Domini
1231 3275 1333 3329 Dei
1382 3275 1560 3330 nostri
1603 3276 1694 3330 hic
1741 3275 1901 3330 nobis
1949 3276 2038 3331 in-
2119 3276 2592 3332 versaereitenore
2609 3274 2839 3338 calcato,
2873 3271 3083 3326 laboris
3113 3269 3314 3323 merita
3341 3267 3500 3322 factis
3531 3265 3720 3334 magis

441 3356 677 3424 geritur.
710 3359 886 3430 Rogo,
928 3379 1051 3432 quze
1082 3363 1198 3418 haec
1236 3369 1323 3418 est
1360 3364 1650 3434 religionis
1669 3365 1984 3420 obscenitas
2013 3365 2038 3417 'I
2120 3382 2286 3438 quam
2299 3363 2601 3419 factoribus
2615 3361 3260 3416 astruuntur.Elementa
3273 3357 3722 3428 quidem,utme—

443 3459 630 3500 nonne
685 3449 871 3518 potius
924 3457 1010 3505 est
1073 3469 1295 3506 crucem
1351 3458 1450 3508 aut
1521 3453 1757 3524 alicujus
1811 3453 2034 3524 generis
2119 3452 2874 3523 moravi,exipsoconspectu
2905 3465 3066 3502 suam
3094 3444 3460 3516 comprobant
3479 3443 3721 3497 servitu-

445 3539 688 3590 mortem
717 3580 730 3602 ,
783 3537 853 3592 ab
900 3539 1111 3610 iniquis
1150 3541 1472 3596 hominibus
1499 3542 1714 3597 illatam
1755 3543 2038 3614 patienter

445 3623 722 3679 sustinere
755 3665 768 3688 ,
802 3643 970 3698 quam
1009 3629 1170 3684 Isidis
1202 3629 1310 3700 (93)
1352 3631 1617 3702 plangere
1664 3637 1791 3702 post
1831 3631 2033 3686 Osirim

447 3709 558 3780 (94)
581 3729 750 3784 vagos
769 3715 1124 3788 incertosque
1141 3718 1450 3773 discursus?
1465 3720 1700 3786 Pudeat,
1716 3737 1923 3791 quaeso,
1941 3737 2036 3775 vos

441 3798 771 3858 insidiarum
792 3804 1076 3877 Typhonis
1100 3806 1234 3879 (95);
1259 3809 1469 3880 pudeat
1507 3809 1736 3864 Saturni
1759 3808 1866 3878 (96)
1891 3809 2036 3878 fugae

445 3894 503 3943 et
529 3890 903 3948 devorationis
931 3896 1332 3952 crudelissima:
1350 3897 1677 3952 liberorum.
1715 3897 2036 3952 Erubescite

441 3994 536 4049 par
546 3979 803 4036 ricidium
815 3983 843 4036 J
848 3983 964 4037 ovis
977 3984 1082 4054 (97)
1097 3991 1153 4039 et
1168 3986 1464 4052 incestum,
1481 3985 1792 4041 erubescite
1811 3992 2036 4058 raptum

444 4068 568 4137 ejus
596 4074 654 4122 et
669 4071 875 4124 coitum
892 4073 1194 4127 mulierum
1217 4079 1386 4144 atque
1401 4091 1726 4146 puerorum.
1750 4075 1870 4140 Ille,
1891 4075 2037 4130 sicut

444 4156 614 4210 vestri
644 4158 865 4229 ﬁngunt
889 4165 1085 4230 poeta},
1126 4162 1198 4216 ad
1237 4163 1572 4234 explendum
1617 4163 2037 4218 immanissima:

444 4243 971 4314 libidinisfurorem,
990 4249 1186 4303 molles
1215 4250 1372 4304 dedit
1387 4251 1444 4306 in
1465 4267 1658 4306 amore
1670 4253 1910 4322 vagitus;
1943 4253 2036 4307 ille

444 4331 504 4386 in
542 4333 763 4389 Danaes
795 4333 900 4406 (98)
930 4337 1094 4392 ﬂuxit
1120 4338 1294 4406 sinus,
1356 4339 1474 4410 ipse
1528 4346 1748 4395 amator
1796 4347 1853 4396 et
1906 4359 2036 4414 pre-

2116 3549 2232 3598 tem
2242 3543 2370 3597 .Sed
2381 3540 2643 3612 quoniam
2657 3557 2750 3592 vos
2759 3537 3143 3592 observatione
3159 3535 3449 3589 dialectica
3458 3548 3724 3586 necessa-

2119 3632 2200 3686 ria
2207 3636 2293 3703 ,ut
2310 3629 2779 3702 putatis,qua2que
2801 3625 3078 3696 colligitis,
3101 3625 3205 3679 hoc
3233 3640 3453 3696 quoque
3473 3621 3722 3676 artiﬁcio

2119 3721 2288 3774 etiam
2308 3736 2412 3773 nos
2439 3723 2690 3772 nostram
2711 3716 3038 3786 religionem
3058 3713 3392 3785 compellitis
3405 3710 3718 3766 afﬁrmare.

2119 3809 2470 3880 Respondete
2502 3806 2658 3860 mihi:
2693 3805 2949 3876 Cognitio
2963 3804 3064 3859 Dei
3089 3800 3558 3875 quemadmodum
3589 3816 3720 3853 ma-

2120 3898 2374 3952 nifestius
2395 3895 2756 3969 approbatur,
2783 3911 2882 3965 per
2896 3893 3278 3948 collectionem
3297 3889 3614 3956 verborum,
3637 3905 3720 3943 an

2118 4005 2219 4060 per
2247 3987 2631 4058 operationem
2666 3983 2835 4037 ﬁdei?
2863 3987 2920 4037 et
2946 3981 3081 4053 quid
3109 3979 3394 4052 antiquius
3423 3977 3568 4043 (109)
3601 3984 3714 4044 est,

2119 4075 2368 4148 operatio
2400 4075 2550 4140 ﬁdei,
2582 4090 2655 4128 an
2683 4071 2988 4143 disputatio
3018 4087 3118 4142 per
3145 4073 3478 4140 argumenta
3520 4083 3718 4137 proce-

2119 4165 2296 4219 dens?
2344 4163 2464 4219 Illis
2505 4159 2971 4232 respondentibus
3005 4159 3315 4213 ﬁrmiorem
3359 4154 3720 4210 sermonibus

2119 4253 2502 4326 operationem
2529 4267 2668 4316 esse,
2691 4255 2750 4304 et
2769 4249 2914 4302 hanc
2936 4248 3206 4319 liquidam
3218 4247 3287 4300 de
3305 4247 3422 4300 Deo
3443 4244 3720 4315 cognitio-

2118 4360 2267 4408 nem,
2293 4341 2433 4395 bene
2453 4357 2550 4395 eos
2579 4345 2637 4394 et
2664 4339 2781 4410 ipse
2800 4338 3002 4391 dixisse
3032 4335 3332 4401 consensit,
3358 4334 3489 4406 quia
3509 4350 3716 4405 opera-

444 4421 610 4489 tium;
653 4423 748 4478 ille
792 4425 1112 4481 modulatus
1141 4428 1258 4482 ales
1294 4429 1518 4484 Ledaeos
1551 4429 1652 4500 (99)
1685 4431 1882 4502 petivit
1911 4448 2085 4502 am-_
2115 4433 2478 4502 tionem,qua3
2491 4447 2555 4482 ex
2571 4429 2680 4482 ﬁde
2693 4425 3180 4492 descendit,animi
3195 4430 3431 4495 generat
3453 4423 3712 4489 allectus,

442 4510 656 4581 plexus;
671 4512 832 4568 illein
858 4516 1148 4586 proprium
1169 4517 1400 4572 saeviens
1420 4535 1635 4584 sexum,
1659 4520 1877 4590 regium
1896 4537 2034 4592 pue—
2050 4499 2099 4558 D
2117 4499 2409 4575 dialectica
2431 4535 2561 4572 vero
2597 4515 2975 4588 disputatione
3001 4532 3065 4568 ex
3097 4515 3333 4569 artiﬁcio
3369 4528 3711 4583 componen-

441 4615 570 4654 rum
601 4603 875 4658 ministris
897 4604 1091 4659 avibus
1119 4606 1338 4677 polluit.
1361 4607 1492 4663 Haec
1519 4625 1615 4662 vos
1641 4609 1885 4675 creditis,
1918 4610 2036 4664 haec
2119 4610 2255 4664 tium
2281 4607 2520 4679 sumpsit
2549 4605 2912 4677 Oppositionis
2941 4604 3250 4659 exordium.
3282 4605 3425 4658 Cum
3453 4619 3574 4672 ego,
3603 4603 3708 4669 ait,

442 4688 642 4756 colitis,
667 4691 784 4746 haec
809 4699 944 4748 sunt
972 4700 1285 4749 vestrorum
1311 4703 1645 4752 ornamenta
1663 4698 2024 4769 templorum.
2111 4698 2495 4770 operationem
2523 4695 2652 4749 ﬁdei
2679 4695 2866 4748 animo
2887 4695 3050 4748 sitam
3067 4693 3192 4764 quis
3216 4692 3496 4759 habuerit,
3512 4707 3718 4762 super-

443 4776 645 4848 Equo,
675 4780 960 4851 deprecor,
1023 4799 1124 4853 pro
1169 4790 1354 4838 vestra
1381 4785 1581 4852 salute,
1641 4792 1835 4840 nostra
1882 4787 2034 4842 dicta

444 4871 677 4939 pensate
691 4868 922 4938 judicio.
941 4871 1172 4938 Cuncta,
1193 4889 1266 4926 an
1277 4873 1416 4928 nihil
1428 4874 1765 4929 credendum
1795 4875 1853 4930 in
1875 4876 2033 4931 libris

445 4955 780 5011 Christianis
810 4959 922 5012 est?
950 4959 1008 5015 Si
1033 4959 1192 5026 nihil,
1225 4978 1327 5016 nec
1353 4964 1530 5018 crucis
1559 4981 1798 5035 quoque,
1831 4965 1920 5018 cui
1937 4965 2035 5019 de-

443 5045 900 5111 trahitis,nomen
913 5049 1297 5118 agnoscitis.Si
1312 5053 1572 5106 universa
1585 5053 1862 5107 credenda
1883 5059 2032 5121 sunt,

443 5150 562 5202 cur,
587 5135 788 5189 cumin
807 5135 1006 5191 iisdem
1021 5137 1178 5193 libris
1193 5141 1342 5194 cruci
1363 5147 1696 5195 resurrectio
1722 5142 2033 5213 copuletur,

442 5223 764 5295 passionem
794 5224 1042 5280 divinam
1069 5227 1270 5283 stolido
1291 5229 1550 5284 laceratis
1579 5230 1820 5301 eloquio,
1852 5236 1910 5284 et
1924 5247 2038 5286 non

443 5314 634 5368 statim
653 5315 893 5384 jungitis
903 5332 1175 5371 caecorum
1199 5318 1404 5384 visum,
1421 5319 1723 5374 surdorum
1752 5319 2029 5387 auditum,

443 5402 774 5458 claudorum
802 5421 1081 5475 gressum,
1105 5405 1272 5478 lepra
1292 5407 1770 5474 emundationem,
1792 5409 2038 5463 serviens

444 5490 881 5548 ambulantiDeo
907 5510 1009 5548 suo
1021 5511 1193 5560 mare,
1211 5495 1527 5550 daemonum
1552 5495 1733 5566 fugas,
1754 5513 2032 5553 resurrec-

442 5579 656 5634 tionem
691 5587 1042 5637 mortuorum
1071 5589 1128 5636 et
1154 5584 1542 5639 defunctorum
1564 5584 1634 5638 ab
1661 5585 1854 5640 inferis
1884 5587 2032 5641 redi-

443 5667 562 5724 tus?
591 5668 720 5727 Haec
731 5671 920 5729 omnia
931 5671 1235 5743 Scripturis
1263 5672 1482 5742 divinis,
1500 5690 1639 5746 quas
1659 5675 2030 5750 interpolatis,

2117 4790 2231 4842 ﬁua
2250 4787 2358 4841 erit
2383 4785 2671 4840 verborum
2700 4783 3047 4854 compositio,
3068 4800 3168 4854 per
3197 4799 3365 4854 quam
3386 4787 3716 4852 conceptam

2117 4893 2286 4931 sensu
2310 4881 2501 4930 nostro
2529 4872 2918 4928 credulitatem
2932 4872 3162 4926 tentatis
3182 4872 3438 4936 evellere,
3453 4876 3510 4924 et
3520 4876 3720 4925 tamen

2119 4981 2264 5036 saepe
2292 4969 2514 5018 nostras
2527 4962 2810 5034 explicare
2831 4961 3236 5032 intelligentias
3247 4978 3358 5015 non
3379 4959 3593 5014 valetis.
3628 4961 3721 5014 Ita

2118 5053 2383 5108 solidiora
2393 5058 2525 5107 sunt
2543 5051 2747 5106 mentis
2758 5066 3124 5121 opera,quam
3139 5050 3546 5121 sophismatum
3557 5047 3719 5104 frau-

2119 5143 2351 5199 dulenta
2381 5141 2680 5196 conclusio.

2151 5293 2159 5303 '
2190 5231 2690 5286 CAP.XLIX.-NOS
2701 5229 3006 5285 Christiani
3021 5229 3352 5301 mysterium
3365 5228 3492 5282 vita:
3510 5235 3720 5283 nostrae

2121 5338 2233 5376 non
2255 5321 2314 5374 in
2342 5320 2618 5390 sapientia
2649 5314 2843 5373 mundi
2874 5319 3146 5372 habemus
3175 5318 3505 5389 repositum,
3535 5317 3635 5372 sed
3658 5318 3720 5372 in

2123 5410 2328 5464 virtute
2349 5408 2497 5474 ﬁdei,
2532 5425 2655 5478 quae
2683 5408 2843 5462 nobis
2872 5425 2907 5462 a
2929 5409 3044 5462 Deo
3061 5407 3276 5462 tributa
3303 5422 3405 5478 per
3425 5407 3717 5461 Christum

2115 5505 2217 5553 est.
2255 5499 2410 5553 Hanc
2427 5497 2697 5551 orationis
2729 5514 2866 5552 meae
2883 5497 3196 5562 veritatem,
3217 5513 3560 5566 rerum,quae
3581 5513 3722 5566 quo-

2115 5587 2251 5641 tidie
2277 5591 2571 5657 geruntur,
2599 5586 2736 5641 ordo
2765 5587 3138 5652 commendat;
3172 5584 3333 5640 nobis
3364 5584 3642 5655 imperitis
3659 5591 3720 5639 et

2115 5677 2435 5731 litterarum
2475 5680 2790 5730 vestrarum
2830 5675 3044 5744 ignaris
3083 5674 3154 5730 ad
3187 5674 3289 5728 Dei
3333 5673 3718 5746 cognitionem
