3958 6394
221 358 316 417 161

1303 354 1475 409 VITA
1510 352 1722 408 ΒΕΑΤΙ
1760 352 2065 410 ANTONII
2102 355 2425 412 ABBATIS.

3391 366 3499 422 162

211 486 336 556 ejus
360 485 545 539 solum
574 482 745 537 verba
774 482 1079 537 sufﬁciunt.
1096 482 1234 537 Ecce
1260 497 1363 536 nos
1382 487 1467 537 tot
1483 480 1879 553 gentilitatisA
1898 485 2087 537 tumor
2116 483 2252 537 talia
2278 483 2442 554 signa
2469 489 2771 539 mereatur.
2805 486 3102 557 Confugite
3131 489 3203 543 ad
3234 490 3497 547 Cruciﬁxi

209 575 477 645 gregibus
497 572 784 639 abstracti,
802 571 859 626 in
878 570 1200 626 universum
1215 571 1407 626 orbem
1425 570 1673 635 quotidie
1694 586 1818 641 pro-

210 679 513 736 pagamur;
534 662 690 717 vobis
711 679 840 717 vero
861 667 986 733 post
1006 661 1308 715 adventum
1331 661 1575 727 Domini,
1593 661 1815 715 nodosa:

210 753 626 824 sepliismatum
656 751 981 806 defecerunt
1000 750 1276 805 versutia}.
1299 750 1436 804 Ecce
1458 765 1578 815 nos,
1602 748 1815 820 simpli-

211 859 335 896 cem
363 841 542 897 Chisti
586 841 755 894 ﬁdem
786 840 1069 905 docentes,
1102 838 1480 893 idololatriam
1519 837 1815 892 debellavi-

212 937 423 997 mus,et
433 948 535 1002 per
544 929 1002 1002 praedicationem
1018 928 1407 999 ignominiosae
1420 928 1601 981 crucis
1614 932 1815 981 aurata

211 1021 425 1091 templa
445 1020 790 1074 ceciderunt.
813 1018 944 1084 Vos,
964 1017 1010 1072 si
1037 1017 1290 1089 potestis,
1310 1017 1589 1072 ostendite
1612 1015 1814 1087 quibus

212 1110 567 1164 contextione
588 1106 883 1163 verborum
894 1106 1270 1177 gentilitatem
1284 1106 1511 1161 Christo
1532 1121 1817 1177 praepone-

214 1216 274 1253 re
298 1198 611 1254 suaseritis.
633 1198 742 1252 Per
762 1213 957 1251 omnes
993 1197 1115 1266 jam
1130 1201 1312 1249 terras
1333 1211 1497 1249 verus
1519 1194 1620 1248 Dei
1640 1193 1815 1248 Filius

215 1289 474 1342 Christus
489 1292 578 1341 est
599 1286 843 1358 agnitus.
867 1285 1021 1340 Nihil
1039 1285 1360 1356 eloquentia
1378 1283 1808 1355 sophismatum,

215 1378 356 1432 nihil
383 1376 694 1448 disputatio
722 1375 1087 1447 philosophia:
1108 1374 1459 1429 multitudini
1475 1379 1604 1438 ὅθ
1632 1376 1816 1443 potest

213 1466 407 1521 obesse
416 1464 1133 1521 credentium.Cruciﬁxum
1146 1463 1371 1517 nomina
1379 1467 1588 1527 mus,et
1596 1460 1815 1515 univer-

216 1556 581 1622 sidtemones,
617 1571 757 1626 quos
781 1569 873 1607 vos
908 1559 973 1607 ut
998 1553 1131 1607 deos
1148 1552 1348 1616 colitis,
1372 1551 1624 1621 rugiunt,
1642 1556 1811 1621 atque

214 1662 281 1699 ex
308 1644 552 1699 obsessis
586 1641 912 1715 corporibus
944 1642 1015 1696 ad
1036 1643 1282 1712 primum
1310 1639 1605 1694 dominicae
1629 1638 1812 1693 crucis

211 1732 437 1805 signum
457 1734 743 1804 fugantur.
764 1731 869 1786 Ubi
888 1736 1021 1785 sunt
1034 1731 1133 1784 illa
1151 1729 1405 1784 fabulosa
1423 1728 1651 1783 oracula
1669 1727 1693 1781 ?
1716 1727 1811 1782 ubi

1897 571 2103 642 legem,
2130 589 2343 643 nosque
2361 575 2483 643 ejus
2504 572 2804 628 imitamini
2825 576 3064 631 famulos
3084 596 3095 644 ;
3119 583 3177 631 et
3197 578 3301 633 hoc
3315 597 3496 635 scnen—

1897 660 1989 715 tiae
2020 662 2131 715 ﬁne
2159 664 2427 728 contenti,
2469 663 2625 717 nulla
2667 663 2929 737 deinceps
2957 667 3240 722 szecularis
3286 669 3497 741 impru-

1896 750 2098 806 dentiae
2123 757 2461 821 argumenta
2489 752 2771 823 quaeratis.
2824 754 3104 811 Hactenus
3134 758 3379 813 Antonio
3407 758 3495 813 di-

1896 844 2056 892 cente
2088 878 2103 905 ,
2165 839 2308 892 miro
2356 839 2675 912 philosophi
2731 847 2960 913 stupore
3022 845 3301 915 perculsi,
3363 864 3495 902 eum

1898 926 2203 981 honoriﬁco
2231 929 2479 983 salutatu
2508 929 2577 983 ab
2610 947 2675 984 eo
2704 932 3045 1000 recedentes,
3094 934 3336 989 multum
3372 937 3495 1007 ejus

1897 1015 2003 1069 sibi
2024 1016 2346 1073 fatebantur
2372 1019 2645 1089 profuisse
2671 1027 3048 1093 conspectum.

1970 1105 2103 1159 CAP.
2137 1106 2200 1161 L.
2226 1136 2291 1146 —
2321 1108 2438 1161 Hoc
2466 1108 2525 1162 in
2547 1125 2612 1163 eo
2635 1126 2764 1163 vero
2803 1110 3063 1165 mirabile
3085 1118 3187 1179 est,
3221 1117 3287 1167 ut
3311 1113 3495 1168 homi-

1898 1210 2029 1248 nem
2058 1194 2116 1249 in
2155 1200 2403 1250 extremo
2450 1198 2647 1252 mundi
2674 1199 2852 1253 limite
2900 1201 3210 1268 conditum,
3244 1208 3302 1256 et
3341 1202 3496 1257 favor

1894 1281 2230 1353 principum,
2264 1289 2322 1337 et
2345 1285 2527 1339 omnis
2547 1285 2855 1341 celebraret
2869 1288 3000 1342 aula
3021 1290 3246 1360 regalis.
3262 1291 3409 1345 Nam
3440 1295 3496 1346 et

1896 1371 2298 1427 Constantinus
2318 1375 2607 1445 Augustus
2631 1374 2795 1445 (113),
2831 1382 2888 1431 et
2903 1379 2952 1448 ej
2961 1394 3025 1431 us
3040 1377 3201 1432 liberi
3220 1380 3494 1434 Constans

1896 1465 2068 1531 atque
2117 1460 2501 1529 Constantius,
2532 1464 2671 1517 talia
2715 1471 3132 1535 cognoscentes,
3182 1467 3378 1522 crebro
3423 1469 3496 1523 ad

1897 1566 2048 1606 eum.
2082 1551 2241 1622 quasi
2270 1551 2341 1605 ad
2371 1557 2610 1622 patrem,
2642 1552 2825 1607 missis
2856 1554 3078 1621 litteris,
3126 1555 3497 1612 obsecrabant

1896 1644 1961 1692 ut
1984 1640 2282 1710 reciprocis
2311 1658 2406 1694 eos
2434 1641 2657 1713 scriptis
2686 1642 2975 1697 hilararet.
2994 1645 3069 1699 At
3095 1644 3189 1699 ille
3218 1647 3495 1716 ejusmodi

1897 1743 2151 1795 manens,
2176 1729 2358 1800 qualis
2388 1734 2446 1784 et
2457 1737 2761 1802 antequam
2780 1731 2980 1787 littera:
3000 1733 3070 1787 ad
3092 1749 3221 1788 eum
3241 1735 3497 1789 venirent

211 1823 604 1895 :Egyptiorum
656 1821 1066 1875 incantationes
1113 1819 1251 1886 (1‘10)
1272 1819 1296 1872 ?
1342 1835 1452 1889 quo
1515 1834 1809 1887 magorum
1829 1814 1875 1874 B
1894 1816 2095 1884 fuerat,
2115 1835 2216 1873 nec
2245 1819 2582 1874 salutatione
2598 1819 2913 1892 principum
2927 1822 3273 1889 movebatur,
3289 1829 3346 1878 et
3365 1828 3493 1878 tan-

209 1912 493 1983 profecere
522 1910 776 1968 carmina
824 1911 868 1977 (1
890 1909 906 1965 1
926 1908 968 1978 1)
994 1908 1018 1962 ?
1051 1909 1215 1963 Certe
1259 1913 1395 1962 tunc
1433 1912 1652 1961 vastata
1676 1911 1813 1961 sunt
1895 1924 2063 1977 quam
2090 1924 2203 1962 non
2226 1909 2468 1979 acceptis
2488 1908 2712 1975 litteris,
2727 1910 3045 1966 convocatis
3066 1912 3355 1967 monachis
3375 1913 3492 1967 aie-

210 2002 421 2065 omnia,
455 2018 583 2055 cum
609 2000 679 2054 de
720 2016 823 2054 sua
859 1999 1035 2053 Cruce
1092 1997 1302 2052 mundo
1352 1996 1612 2051 Christus
1668 1995 1812 2049 into-
1893 1994 1990 2050 bat
2023 2014 2033 2049 :
2069 1998 2249 2068 Reges
2274 1998 2460 2052 saeculi
2490 1998 2754 2069 epistolas
2803 1998 2873 2053 ad
2911 2016 3014 2054 nos
3042 2000 3335 2066 miserunt,
3368 2018 3493 2073 quae

202 2091 347 2145 nuit.
390 2090 769 2145 Nihilominus
804 2106 916 2156 vos,
958 2086 1358 2160 prietermissis,
1377 2084 1811 2140 debilitatorum
1894 2085 1983 2139 hic
2003 2086 2336 2141 Christianis
2364 2087 2683 2142 adhibenda
2700 2087 2922 2143 miratio
2939 2088 3226 2144 est?Licet
3239 2090 3389 2144 enim
3410 2091 3492 2146 di-

199 2179 777 2250 catervis,gloriosam
806 2180 939 2233 Jesu
964 2182 1206 2231 mortem
1237 2174 1475 2230 irridere
1505 2174 1803 2229 conamini.

274 2269 421 2323 Illud
440 2275 633 2323 autem
646 2269 809 2340 quale
831 2273 935 2333 est,
951 2267 1101 2338 quod
1120 2281 1432 2336 numquam
1447 2263 1805 2318 infestatione

202 2360 382 2430 regali
410 2376 679 2413 concussa
702 2358 1010 2429 gentilitas,
1042 2356 1155 2410 imo
1186 2356 1389 2410 saeculo
1416 2355 1588 2409 chara
1617 2358 1674 2407 et
1702 2353 1806 2406 ho-

205 2448 423 2503 minum
436 2448 712 2521 praesidiis
733 2447 890 2514 fulta,
908 2447 1029 2514 jam
1051 2445 1281 2500 corruit.
1301 2445 1417 2498 Nos
1433 2442 1629 2497 famuli
1644 2441 1807 2496 Chri-

202 2538 279 2592 sti
312 2554 423 2609 quo
452 2538 577 2609 plus
595 2536 997 2608 premimur,eo
1010 2534 1191 2605 magis
1210 2533 1557 2604 assurgimus
1571 2538 1629 2586 et
1648 2534 1809 2586 ﬂore-

205 2644 355 2681 mus.
378 2627 580 2681 Vestra
598 2626 899 2680 simulacra
917 2624 1131 2679 ornatis
1145 2623 1428 2694 quondam
1450 2627 1611 2693 septa
1631 2621 1811 2692 parie-

209 2715 506 2786 tibus,jam
536 2720 811 2771 vetustate
842 2714 1087 2784 collapsa
1124 2718 1275 2766 sunt.
1309 2711 1519 2765 Christi
1549 2726 1678 2764 vero
1707 2710 1808 2764 do-

1889 2191 2051 2229 versa
2073 2176 2422 2247 sitdignitas,
2457 2183 2710 2231 attamen
2733 2178 2929 2232 eadem
2955 2179 3220 2233 nascendi
3241 2180 3490 2235 morien-

1888 2264 2057 2335 dique
2087 2266 2331 2320 conditio
2362 2272 2466 2321 est.
2498 2267 2614 2321 Ista
2638 2272 2773 2321 sunt
2795 2267 3154 2322 veneratione
3185 2268 3339 2323 omni
3360 2286 3490 2340 per-

1890 2354 2140 2421 colenda,
2164 2355 2260 2409 illa
2284 2360 2403 2409 toto
2435 2356 2610 2409 animi
2634 2356 2837 2411 aﬁectu
2856 2357 3150 2412 retinenda
3169 2363 3320 2423 sunt,
3339 2359 3490 2429 quod

1890 2444 2207 2498 hominibus
2226 2445 2376 2499 Deus
2400 2445 2582 2515 legem
2613 2446 2917 2517 scripserit,
2962 2446 3111 2517 quod
3140 2464 3242 2518 per
3281 2447 3488 2503 Filium

1890 2551 2053 2587 suum
2075 2534 2317 2605 propriis
2339 2534 2609 2588 Ecclesias
2628 2535 2890 2589 ditaverit.
2921 2536 3176 2606 eloquiis.
3201 2536 3334 2601 Quae
3372 2553 3490 2591 mo-

1892 2623 2087 2677 nachis
2108 2629 2194 2677 est
2220 2624 2365 2677 ratio
2392 2641 2519 2677 cum
2550 2624 2797 2695 epistolis
2828 2641 3027 2694 regum
3045 2625 3071 2678 ?
3095 2642 3194 2678 cur
3216 2626 3488 2697 accipiam

1890 2711 2128 2780 litteras,
2150 2712 2352 2783 quibus
2372 2719 2642 2767 consueta
2671 2713 2917 2767 nesciam
2940 2714 3174 2768 reddere
3191 2715 3489 2769 salutatio-

213 2805 419 2872 ctrina,
444 2822 567 2876 quae
591 2803 747 2859 vobis
767 2803 1009 2857 stultitia
1037 2802 1257 2856 videtur
1277 2806 1333 2854 et
1351 2800 1535 2866 ludus,
1564 2799 1696 2855 licet
1723 2804 1808 2870 ty-

208 2895 441 2948 rannica
457 2894 910 2965 persequentium
926 2892 1240 2964 principum
1252 2894 1605 2945 tenlamenta
1621 2894 1807 2959 pertu-

205 2984 501 3049 lerit,licet
514 2984 682 3037 variis
703 2983 776 3037 sit
793 2982 1077 3037 incursata
1090 2979 1417 3045 terroribus,
1437 2979 1590 3033 nullo
1609 2984 1803 3031 tamen
1885 2996 1987 3050 per
2014 2979 2300 3034 silentium
2317 2982 2439 3050 ejus
2461 2986 2947 3051 exasperarentur,
2972 2981 3043 3035 ad
3064 2987 3355 3053 susceptas
3367 2982 3488 3053 epi-

205 3079 487 3126 terrarum
506 3070 642 3125 orbe
672 3068 1038 3135 concluditur,
1071 3069 1226 3123 nullo
1252 3068 1509 3138 gentium
1541 3065 1806 3120 barbara-
1830 3133 1867 3141 ﬂ
1885 3069 2057 3123 stolas
2069 3070 2457 3123 convenientia
2468 3069 3051 3140 rescripsit.Laudavit
3063 3070 3488 3141 primum,quod

206 3178 335 3217 rum
363 3163 475 3216 ﬁne
503 3159 850 3232 prohibetur.
882 3133 1119 3224 Quando
1147 3133 1298 3213 enim
1329 3157 1527 3212 divinae
1557 3156 1803 3212 scientize
1821 3133 1868 3197 Ο
1887 3159 2174 3213 Christum
2193 3159 2459 3224 colerent,
2480 3133 2681 3213 deinde
2694 3158 2966 3213 salutaria
2978 3133 3489 3229 persuasit,nve.ma-

1890 2801 1979 2855 nis
2004 2801 2272 2873 obsequia
2287 2803 2310 2854 ?
2325 2802 2505 2872 Igitur
2516 2807 2746 2872 rogatus
2767 2802 2837 2856 ab
2855 2802 3129 2857 universis
3140 2803 3407 2858 fratribus
3425 2809 3490 2858 ut

1890 2891 2240 2945 Christianos
2258 2908 2417 2961 reges
2438 2891 2556 2944 suis
2571 2892 2774 2945 litteris
2784 2892 3163 2962 refrigeraret,
3189 2909 3259 2946 ne
3279 2893 3490 2948 scilicet

204 3264 403 3313 tantus
431 3257 699 3329 splendor
716 3255 933 3311 illuxit?
955 3255 1179 3328 quando
1206 3259 1294 3309 tot
1320 3253 1489 3308 simul
1510 3254 1569 3307 in
1583 3270 1642 3307 se
1672 3270 1803 3307 con-

205 3364 409 3403 venere
438 3344 713 3401 virtutes?
744 3345 1102 3413 Continentia
1138 3345 1196 3398 in
1243 3342 1603 3398 matrimonio
1631 3342 1677 3409 (1
1698 3342 1802 3411 12),

206 3437 498 3508 virginitas
516 3437 576 3490 in
596 3434 857 3490 Ecclesia.
882 3435 1071 3489 Floret
1089 3439 1406 3505 martyrum
1437 3449 1537 3503 pro
1568 3432 1807 3486 Domino

210 3543 314 3581 suo
341 3526 587 3597 gloriosa
607 3524 944 3591 constantia,
959 3540 1199 3595 quorum
1229 3522 1486 3577 omnium
1501 3537 1636 3575 crux
1652 3520 1809 3575 Chri-

207 3616 280 3670 sti
312 3614 652 3687 principium
683 3618 785 3668 est.

280 3705 425 3760 Cum
454 3702 683 3758 interim
713 3719 809 3757 vos
829 3702 977 3757 inter
994 3706 1183 3756 tantos
1196 3701 1469 3755 virtutum
1479 3699 1680 3754 choros
1700 3697 1808 3770 syl-

208 3793 577 3865 logismorum
597 3791 743 3846 retia
760 3790 1010 3857 tenditis,
1033 3796 1090 3845 et
1108 3807 1297 3845 veram
1314 3806 1505 3843 rerum
1527 3789 1708 3843 lucem
1728 3794 1809 3841 te-

207 3882 466 3937 nebrosis
510 3881 792 3937 conamini
857 3879 1444 3952 argumentationibus
1492 3877 1803 3942 obvolvere,

208 3988 339 4026 ecce
366 3988 490 4038 nos,
522 3977 586 4026 ut
613 3970 756 4026 dixit
773 3971 981 4025 Doctor
1001 3975 1213 4037 noster,
1243 3986 1356 4024 non
1386 3969 1442 4022 in
1457 3966 1656 4037 gentili
1676 3983 1806 4038 per-

206 4062 472 4117 suasione
494 4064 540 4133 (I
576 4061 697 4117 Cor.
718 4062 769 4129 ιι)
779 4060 898 4127 ,sed
917 4059 978 4115 in
989 4059 1098 4115 ﬁde
1110 4058 1468 4131 apertissima
1481 4056 1802 4122 suademus,

205 4167 331 4223 qum
366 4150 666 4206 verborum
697 4148 1132 4205 afﬁrmationem
1160 4147 1469 4220 praevenire
1497 4146 1804 4202 consuevit.

206 4241 433 4295 Adsunt
461 4240 667 4312 quippe
688 4239 965 4311 patientes
994 4255 1030 4293 a
1055 4237 1403 4294 daemonibus
1430 4236 1631 4291 vexati.
1656 4235 1807 4300 Quos

206 4347 339 4385 cum
358 4330 416 4385 in
434 4330 680 4385 medium
700 4328 1071 4401 produxisset,
1087 4326 1545 4399 verbarepetivit.
1571 4325 1761 4379 dicens
1786 4341 1798 4376 :

1885 3264 2053 3319 gnam
2101 3253 2367 3319 putarent
2412 3247 2624 3317 regiam
2681 3252 3038 3318 potestatem,
3086 3264 3157 3301 ne
3195 3248 3487 3319 praesentis

1888 3337 2071 3392 carnis
2097 3336 2332 3407 imperio
2361 3341 2664 3401 tumentes,
2700 3342 2757 3389 et
2776 3353 2835 3390 se
2863 3336 3119 3390 homines
3153 3353 3273 3390 esse
3302 3335 3485 3390 nesci-

1889 3432 2035 3492 rent,
2052 3431 2109 3480 et
2131 3426 2465 3496 judicandos
2486 3443 2520 3478 a
2539 3424 2763 3479 Christo
2779 3424 3266 3492 obliviscerentur;
3292 3425 3362 3479 ad
3386 3442 3487 3496 po-

1889 3523 2187 3578 stremum,
2205 3514 2515 3568 clementia:
2536 3514 2683 3567 circa
2702 3514 2982 3585 subjectos
2997 3520 3054 3567 et
3071 3513 3323 3584 justitize,
3340 3531 3487 3569 cura;

1891 3621 2113 3675 quoque
2125 3604 2356 3674 inopum
2372 3603 2684 3669 admonuit,
2709 3608 2879 3674 atque
2893 3620 3067 3657 unum
3078 3602 3488 3673 sempiternum

1889 3710 2011 3748 esse
2041 3694 2255 3763 Regem
2286 3692 2541 3747 omnium
2588 3691 2921 3746 seculorum
2967 3692 3161 3745 Jesum
3201 3690 3488 3748 Christum

1890 3781 2139 3852 epistolis
2177 3786 2417 3835 testatus
2445 3786 2548 3834 est.
2578 3781 2677 3834 His
2705 3780 2986 3850 principes
3021 3779 3294 3849 susceptis
3317 3779 3488 3833 vehe-

1889 3870 2237 3925 mentissime
2250 3868 2601 3923 laetabantur.
2620 3870 2827 3923 Sancta
2847 3884 3068 3939 quoque
3090 3868 3240 3938 apud
3258 3873 3488 3921 cunctos

1889 3959 2119 4013 Antonii
2143 3958 2419 4029 flagrabat
2437 3958 2646 4029 opinio,
2661 3957 2743 4011 ita
2756 3963 2821 4011 ut
2839 3958 2887 4027 ej
2896 3974 2960 4010 us
2982 3974 3041 4010 se
3054 3956 3197 4012 ﬁlios
3217 3962 3490 4027 cuperent

1890 4048 2169 4103 nominari
2207 4048 2415 4119 Magna
2448 4046 2654 4101 etenim
2686 4064 2813 4101 cum
2840 4045 3266 4101 advenientibus
3292 4044 3489 4100 aﬁ‘abi-

1888 4139 2019 4193 litas
2048 4138 2301 4193 omnium
2330 4137 2391 4191 in
2421 4154 2481 4191 se
2509 4137 2759 4192 studium
2799 4140 3167 4190 converterat.

1962 4230 2091 4283 CAP.
2111 4228 2202 4282 LI.
2214 4258 2277 4268 —
2292 4227 2598 4298 Postquam
2621 4243 2753 4297 ergo
2773 4225 3015 4297 gentiles
3031 4224 3490 4295 confutati,reges

1889 4317 2185 4384 admoniti,
2209 4316 2411 4372 fratres
2432 4316 2502 4370 ab
2520 4333 2586 4371 eo
2607 4321 2739 4370 sunt
2754 4314 3135 4369 consolatione
3154 4313 3489 4381 relevati,ad

209 4421 372 4475 Nunc
385 4437 483 4475 vos
502 4418 922 4475 collectionibus
937 4418 1148 4483 vestris,
1158 4424 1216 4473 et
1235 4434 1344 4489 quo
1371 4416 1538 4471 vultis
1552 4415 1804 4469 maleﬁco
1869 4407 2213 4461 interiorem
2225 4407 2530 4472 montem“
2550 4405 2564 4461 Ι
2577 4404 2767 4466 418ῒῖιά
2782 4405 3023 4475 rigorem
3035 4403 3262 4457 solitum
3276 4419 3491 4473 regres-

209 4510 461 4565 carmine
490 4509 624 4563 deos
661 4512 897 4573 vestros,
942 4524 1081 4579 quos
1130 4506 1362 4578 putatis,
1395 4504 1655 4577 expellite
1679 4523 1692 4571 ;
1722 4504 1810 4559 sin
1836 4499 1987 4554 Dsus
2006 4504 2109 4559 est,
2132 4496 2320 4567 ibique
2349 4513 2494 4566 saepe
2516 4511 2643 4549 cum
2672 4492 3091 4565 introeuntibus
3118 4491 3489 4545 deambulans

209 4605 403 4653 autem
436 4614 548 4652 non
575 4596 826 4668 potestis,
862 4595 1033 4651 victas
1052 4594 1368 4651 submittite
1398 4610 1620 4660 manus,
1654 4598 1711 4647 et
1737 4593 1809 4648 ad

210 4688 422 4743 Christi
442 4686 692 4758 trophzea
703 4684 1001 4755 confugite,
1022 4690 1079 4738 et
1096 4684 1288 4738 statim
1320 4681 1579 4738 Cruciﬁxi
1608 4681 1809 4737 credu-

209 4776 429 4832 litatem
452 4774 765 4846 majestatis
780 4774 1031 4846 potentia
1050 4778 1438 4845 prosequetur.
1458 4772 1627 4837 Dixit,
1651 4777 1710 4825 et
1727 4770 1809 4825 in-

208 4871 405 4921 vocato
433 4864 661 4920 nomine
688 4864 977 4929 Jesu,cum
1010 4862 1175 4918 vitale
1202 4862 1429 4933 signum
1447 4860 1507 4915 in
1527 4877 1685 4915 sacro
1708 4877 1810 4916 nu-

208 4972 367 5011 mero
393 4952 690 5010 Trinitatis
718 4952 1017 5024 pressisset
1039 4952 1099 5006 in
1126 4950 1422 5016 frontibus,
1442 4967 1556 5005 una
1572 4966 1700 5004 cum
1719 4966 1809 5003 ex-

209 5044 385 5117 pulsis
414 5041 763 5099 dzemonibus
789 5058 930 5097 vana
958 5041 1319 5113 praesentium
1350 5039 1809 5112 phiIOSOphorum

206 5134 505 5189 confutata
527 5132 808 5204 sapientia
834 5136 936 5187 est.
954 5132 1310 5203 Expaverunt
1336 5130 1489 5185 enim
1518 5134 1809 5201 stupentes

208 5224 517 5288 hominem,
541 5222 632 5276 cui
653 5227 779 5293 post
799 5225 1019 5276 tantum
1034 5220 1325 5291 ingenium
1341 5219 1603 5274 afﬂueret
1620 5218 1811 5289 signo-

208 5330 333 5369 rum
360 5313 549 5367 divina
568 5310 809 5381 largitio.
832 5310 1015 5365 Atille
1042 5310 1304 5366 universa
1330 5309 1575 5375 Christo,
1599 5308 1695 5379 qui
1709 5324 1808 5362 cu-

208 5410 314 5467 rat,
347 5401 653 5467 ascribens,
679 5416 814 5454 usus
829 5404 916 5454 est
940 5394 1114 5454 'aﬁ‘atu
1139 5399 1441 5471 reciproco,
1474 5404 1531 5453 et
1553 5397 1633 5451 ait
1666 5416 1678 5451 :
1702 5398 1812 5451 No-

212 5494 305 5548 lite
345 5511 435 5547 me
467 5497 668 5563 putare
699 5489 786 5543 his
817 5489 1121 5544 sanitatem
1149 5489 1388 5548 dedisse.
1425 5488 1681 5543 Christus
1712 5502 1816 5558 per

210 5601 397 5638 servos
416 5598 549 5637 suos
563 5579 698 5635 facit
716 5579 825 5633 ista
843 5579 1132 5633 miracula.
1166 5578 1391 5634 Credite
1422 5585 1481 5633 et
1508 5595 1623 5645 vos,
1652 5581 1711 5630 et
1737 5576 1814 5630 vi-

215 5672 416 5728 debitis
446 5671 583 5743 quia
597 5669 802 5724 devota
824 5669 940 5724 Deo
969 5669 1126 5736 ﬁdes,
1144 5685 1258 5725 non
1286 5667 1619 5741 eloquentiae
1638 5682 1813 5722 vanus

1892 4604 1957 4642 ac
1985 4586 2236 4641 residens
2254 4585 2534 4656 stupebat,
2569 4583 2732 4637 sicuti
2762 4582 2819 4636 in
2840 4581 3069 4636 Daniele
3101 4580 3373 4651 scriptum
3402 4585 3490 4634 est

1893 4678 2056 4745 (Dan.
2073 4675 2222 4746 vm);
2242 4681 2298 4729 et
2317 4675 2481 4744 interj
2490 4673 2626 4727 ectis
2638 4672 2903 4726 horarum
2921 4669 3490 4741 spatiis,consequen-

1888 4767 1972 4821 tia
1991 4762 2382 4836 respondebat,
2414 4767 2481 4816 ut
2499 4758 3111 4830 intelligereturaliqua
3130 4759 3490 4814 revelationis

1890 4856 2093 4910 vidisse
2122 4863 2354 4908 secreta.
2393 4852 2537 4906 Nam
2559 4857 2617 4905 et
2636 4850 2690 4905 in
2714 4855 2905 4904 monte
2925 4849 3160 4921 positus,
3188 4865 3256 4903 ea
3275 4866 3399 4921 quae
3429 4848 3491 4904 in

1889 4947 2129 5018 Egypto
2154 4944 2319 5015 longe
2338 4940 2701 5013 gerebantur,
2719 4945 2842 5006 5'1
2874 4939 3205 5011 praevidens,
3229 4939 3488 5011 episcopo

1892 5034 2184 5107 Serapioni
2217 5032 2260 5099 (1
2280 5032 2366 5100 15)
2385 5030 2459 5085 ibi
2476 5030 2780 5085 constituto
2810 5030 3078 5085 narravit.

1962 5121 2363 5181 Lamentabilis
2384 5120 2640 5192 sequitur
2675 5118 2812 5174 visio
2843 5119 3011 5188 (116),
3053 5124 3109 5173 et
3137 5117 3291 5173 omni
3313 5117 3490 5188 lacry-

1892 5231 2114 5269 marum
2136 5215 2286 5267 tonte
2308 5209 2792 5283 plangenda.Cum
2813 5208 2963 5262 enim
2976 5206 3242 5261 fratribus
3261 5206 3411 5260 circa
3428 5222 3490 5260 se

1890 5302 2215 5360 sedentibus
2236 5305 2580 5373 operaretur,
2607 5298 2822 5351 intente
2847 5296 2966 5350 ﬁxit
2983 5296 3171 5375 oculos
3189 5295 3246 5348 in
3262 5294 3485 5361 caelum,

1889 5411 2122 5464 gemens
2141 5398 2309 5464 atque
2330 5390 2643 5461 suspirans;
2668 5392 2724 5440 et
2737 5391 2864 5456 post
2874 5384 3223 5455 aliquantum
3244 5382 3490 5452 spatium

1893 5482 2251 5538 revelationis
2279 5482 2532 5551 incoepta:
2570 5477 2742 5531 nimio
2788 5475 2979 5529 dolore
3018 5472 3382 5537 contremuit;
3432 5478 3491 5528 et

1896 5573 2088 5628 statim
2132 5571 2255 5625 ﬁxis
2293 5569 2531 5640 genibus
2570 5574 2702 5622 ante
2739 5564 2839 5620 Dei
2896 5563 3113 5617 vultum
3161 5563 3488 5632 provolutus

1895 5662 2093 5728 oravit,
2126 5667 2193 5718 ut
2217 5659 2515 5716 clementia
2541 5674 2645 5713 sua
2672 5655 2931 5711 futurum
2968 5651 3149 5707 scelus
3188 5655 3488 5710 averteret.
