3958 6430
449 393 550 456 163

1462 381 1556 437 DE
1593 373 1782 435 VITIS
1819 369 2115 430 PATRUM
2153 371 2367 430 LIBER
2404 370 2692 431 PRIMUS.

3619 375 3722 428 164

447 519 762 576 Succedunt
791 511 1030 567 orationi
1071 510 1350 570 lacrvmze,
1386 507 1567 556 metus
1598 502 1796 570 ingens
1825 495 2430 558 invaditAccssm-um,
2463 504 2519 551 ει
2549 500 2616 551 επ]
2649 500 2854 553 Christi
2909 501 3008 554 Dei
3057 502 3232 554 nostri
3273 500 3725 553 nominationem

447 614 765 681 praesentes,
790 603 1168 663 obsecrant,ut
1189 601 1357 648 tantae
1378 591 1710 646 calamitatis
1743 593 2042 658 eri-poneret

447 675 1032 759 visionemSingultus
1053 690 1330 754 occupant
1357 697 1567 741 vocem,
1595 680 1784 747 lingua
1819 675 2040 728 ﬂetibus

448 785 804 859 przepeditur,
829 787 886 833 et
914 779 970 833 in
990 776 1176 830 medio
1205 778 1407 826 conatu
1425 784 1608 822 sermo
1632 766 1842 831 gemitu
1863 765 2040 862 inter-

447 857 746 944 rumpitur.
771 870 872 922 Vix
885 875 1080 921 tamen
1101 879 1226 917 cum
1244 859 1635 913 vociferatione
1657 857 1907 908 luctuosa
1923 857 2032 904 ait:

447 965 646 1020 Melius
678 965 818 1023 erat,
843 975 875 1010 ο
899 951 1420 1022 ﬁlioli,impendcns
1437 947 1714 1018 piaculum
1733 945 1838 996 cita
1863 948 2041 994 morte

447 1051 673 1108 lucrari.
708 1050 797 1104 Sic
825 1045 1098 1115 incipiens
1126 1055 1351 1094 rursum
1385 1035 1646 1105 lacrymis
1683 1033 1941 1094 vincitur,
1987 1037 2042 1082 et

446 1144 596 1198 inter
624 1155 773 1206 aegra
808 1133 1049 1204 suspiria
1077 1130 1304 1184 tandem
1338 1125 1548 1196 pectori
1579 1121 1940 1176 commodans
1955 1136 2043 1171 vo-

449 1247 570 1286 cem
596 1246 607 1282 :
636 1229 922 1296 Magnum,
939 1221 1137 1290 inquit,
1156 1213 1435 1288 quoddam
1457 1220 1512 1266 et
1533 1211 1806 1264 universis
1828 1208 2043 1262 szeculis

452 1319 769 1374 inauditum
791 1311 1047 1366 imminet
1063 1308 1235 1361 nefas.
1257 1305 1458 1371 Magno
1476 1301 1612 1355 fides
1632 1299 1902 1353 catholica
1923 1304 2044 1350 tur-

451 1409 582 1463 bine
601 1404 974 1462 subvertetur,
990 1404 1047 1452 et
1067 1395 1320 1450 homines
1333 1393 1394 1460 ju
1403 1391 1602 1444 mentis
1617 1389 1826 1441 similes
1838 1384 2045 1440 Christi

455 1501 649 1552 sancta
666 1493 951 1562 diripient.
987 1486 1112 1538 Vidi
1143 1484 1292 1538 enim
1323 1483 1500 1534 altare
1519 1477 1740 1532 Domini
1763 1477 2043 1528 mulorum

455 1583 862 1640 circumdatum
888 1573 1243 1630 multitudine
1262 1569 1313 1639 (l
1335 1575 1344 1620 I
1363 1571 1436 1638 ἶ),
1463 1568 1556 1638 qui
1587 1566 1793 1620 crebris
1811 1564 2044 1616 calcium

457 1674 657 1730 ictibus
687 1667 876 1725 omnia
904 1663 1270 1734 dissipabunt.
1296 1661 1422 1714 Haec
1438 1665 1522 1711 est
1539 1672 1706 1709 causa
1732 1655 2044 1720 gemituum

2122 604 2344 656 semper
2375 589 2630 640 universa
2659 591 2898 658 perfecta
2929 594 3078 642 sunt.
3103 591 3278 642 Nemo
3295 590 3619 659 sapientum
3639 605 3728 641 sa-

2125 677 2361 728 nitatum
2386 678 2814 730 admiratirmem
2837 679 3456 732 ascribatAntonio.sed
3481 678 3728 730 Domino

2122 766 2273 829 Jesu,
2300 765 2390 834 qui
2424 767 2642 818 solitam
2675 784 2807 832 erga
2837 774 3122 819 creaturas
3153 785 3281 819 suas
3322 766 3591 819 exhibens
3622 765 3728 818 be-

2123 855 2526 916 nevolentiam,
2583 873 2728 908 nunc
2768 873 2988 926 quoque
3033 874 3132 926 per
3169 858 3402 908 electum
3442 857 3726 907 famulum

2123 959 2285 995 suum
2307 945 2660 1011 indulgenter
2675 947 2935 1000 exercuit.
2954 947 3231 998 Antonius
3252 951 3472 998 tantum
3501 945 3723 1004 orabat,

2125 1039 2181 1084 et
2210 1033 2280 1083 ob
2309 1033 2431 1084 vitae
2456 1035 2577 1101 ejus
2600 1035 2796 1086 merita
2826 1042 3024 1087 cuncta
3053 1035 3320 1087 Dominus
3349 1033 3723 1099 largiebatur.

2195 1125 2326 1173 Cir.
2348 1123 2491 1175 LIII.
2521 1153 2583 1162 --
2605 1125 2760 1192 Saipe
2796 1128 3002 1176 autem.
3038 1129 3092 1176 et
3123 1130 3316 1176 contra
3347 1124 3722 1178 voluntatem.

2126 1211 2192 1263 ad
2229 1211 2558 1264 exteriorem
2585 1218 2830 1264 montem
2849 1215 2866 1280 (
2885 1213 2992 1268 l'Zl)
3027 1231 3059 1265 a
3087 1213 3352 1265 fratribus
3382 1211 3730 1282 perduceba-

2128 1307 2238 1353 tur.
2276 1301 2342 1353 Et
2367 1317 2490 1352 cum
2517 1301 2753 1368 judiees,
2790 1303 2882 1370 qui
2923 1302 2992 1354 ad
3033 1302 3269 1354 interius
3324 1300 3725 1353 arcliisterium

2125 1389 2271 1457 (122)
2306 1395 2532 1458 propter
2547 1391 2903 1458 asperitatem
2930 1390 3162 1454 itineris,
3191 1397 3247 1443 et
3274 1389 3342 1442 ob
3363 1389 3726 1459 sequentium

2128 1478 2566 1530 multitudinem.
2603 1485 2658 1531 et
2680 1479 2962 1530 horridam
2986 1479 3344 1532 solitudinem
3373 1479 3453 1530 ire
3477 1494 3588 1530 non
3623 1494 3726 1546 po-

2130 1573 2332 1626 terant,
2359 1567 2731 1635 pervenirent,
2761 1575 2812 1619 et
2833 1575 3146 1636 qiuererent
3169 1574 3229 1620 ut
3256 1570 3377 1636 ejus
3400 1568 3732 1618 fruerentur

2129 1655 2462 1724 aspectibus,
2487 1671 2583 1707 nec
2612 1656 2911 1724 impetrare
2935 1657 3314 1725 possent.quia
3335 1655 3730 1707 molestissime

459 1777 731 1824 meorum,
766 1774 902 1828 quos
924 1752 1174 1807 audistis.
1209 1752 1274 1804 Et
1301 1750 1440 1801 facta
1473 1753 1557 1799 est
1589 1762 1684 1796 vox
1713 1743 1930 1797 Domini
1963 1742 2047 1793 di-

2146 1743 2344 1796 "erebat
2383 1745 2726 1796 vexationem
2785 1746 3160 1802 discuisuum.
3213 1746 3361 1814 ipsos
3410 1750 3723 1801 ca‘enatos,

459 1869 591 1908 cens
624 1871 637 1906 ;
671 1811 1096 1903 Abolminabitur
1111 1839 1372 1894 altarium
1397 1852 1603 1889 meum.
1638 1835 1750 1886 Nec
1773 1848 1948 1893 mora,
1976 1831 2049 1882 vi-
2074 1811 2118 1866 Β
2134 1850 2270 1902 quos
2300 1839 2396 1885 aut
2417 1834 2686 1890 noxietas.
2719 1839 2817 1886 aut
2842 1834 2992 1900 vigor
3020 1834 3270 1903 publicus
3288 1833 3727 1896 constrinxerat,

458 1943 674 1996 sionem
695 1935 950 2006 sequitur
969 1933 1229 1991 elfectus;
1257 1943 1386 1979 nam
1407 1929 1532 1994 post
1551 1938 1726 1975 annos
1746 1921 1885 1972 duos
1905 1919 2045 1986 (118)
2132 1923 2200 1974 ad
2232 1934 2357 1974 eum
2388 1922 2761 1980 destinabant,
2801 1923 3036 1974 εςίρηίρς
3067 1923 3205 1975 mles
3236 1923 3304 1974 ἕιι)
3335 1922 3581 1974 Antonio
3611 1937 3728 1974 non

460 2043 605 2085 saeva
633 2026 969 2080 Arianorum
999 2017 1204 2088 irrupit
1235 2015 1472 2069 insania.
1505 2013 1660 2064 Tunc
1689 2009 2048 2063 ecclesiarum
2132 2027 2294 2088 posse
2326 2011 2644 2074 contemni;
2673 2028 2909 2080 quorum
2929 2011 3150 2064 ﬂetibus
3181 2017 3480 2080 superatus
3503 2016 3730 2080 pertra-

457 2121 688 2174 fueruut
706 2113 934 2183 rapiam,
959 2115 1093 2164 tunc
1113 2087 1428 2159 divinorum
1451 2099 1746 2155 temeratio
1767 2114 2046 2152 vasorum.
2105 2087 2372 2151 .hebatur
2400 2100 2466 2151 ad
2497 2101 2823 2152 exteriorem
2850 2107 3114 2158 montem,
3143 2116 3448 2167 agnoscens
3476 2097 3734 2152 laborem

459 2215 594 2263 tunc
617 2202 842 2276 pollutis
862 2197 1212 2253 ethnicorum
1233 2191 1492 2246 manibus
1514 2205 1671 2242 sacra
1691 2186 1902 2257 polluta
1923 2191 2054 2238 sunt
2136 2204 2298 2240 suum
2331 2189 2521 2240 utilem
2560 2189 2776 2242 miseris
2823 2190 2966 2242 fore:
3015 2189 3394 2258 suadebatque
3421 2188 3730 2258 judicibus,

461 2275 1294 2356 ministeria,tuncpagan0rum
1313 2280 1572 2350 opificum
1587 2275 1846 2348 przesidia
1865 2275 2055 2328 adver-
2137 2278 2232 2347 qui
2263 2293 2390 2329 eum
2419 2278 2804 2338 invitaverant,
2832 2279 2971 2330 utin
2999 2278 3650 2348 sententiaproferenda.
3681 2284 3740 2331 et

461 2399 557 2440 sus
572 2382 856 2438 Christum
869 2378 1192 2444 comparata
1207 2387 1331 2424 cum
1349 2367 1728 2437 assumptione
1742 2365 2056 2435 palmarum
2139 2365 2264 2419 odio
2285 2372 2340 2418 et
2363 2367 2575 2433 gratim,
2601 2367 2698 2419 Dei
2722 2367 2978 2419 timorem
3000 2371 3433 2437 anteponerent:
3456 2383 3554 2419 nec
3577 2367 3740 2434 igno-

463 2473 631 2546 (quod
648 2466 976 2524 idololatria-2
1007 2463 1154 2534 apud
1174 2458 1567 2514 Alexandriam
1593 2455 1809 2521 insigne
1823 2459 1952 2546 est),
1986 2452 2055 2505 ad
2140 2471 2264 2546 rare
2290 2455 2614 2546 eosdebere
2643 2457 2791 2546 quod
2821 2457 3097 2546 scriptum
3123 2462 3207 2546 est
3238 2475 3248 2507 :
3275 2457 3620 2546 Quocumque
3637 2457 3740 2523 ju-

464 2543 756 2618 ecclesiam
808 2570 1041 2628 pergere
1093 2547 1572 2620 compellebantur
1627 2543 1953 2606 Christiani,
1994 2549 2058 2594 ut
2139 2544 2712 2612 diciojudicaveritis.
2744 2545 2800 2597 in
2818 2545 3322 2612 eojudicabiturde
3339 2544 3491 2596 vobis
3518 2545 3734 2596 «Matth.

463 2651 800 2706 Arianorum
828 2641 1018 2715 populi
1049 2640 1410 2693 crederentur
1439 2635 1602 2702 (1|9).
1649 2633 1797 2686 Proh
1843 2631 2052 2684 scelus!
2139 2636 2235 2700 vn)
2260 2652 2270 2686 :
2303 2640 2550 2685 attamen
2576 2634 2722 2685 inter
2751 2634 2962 2686 medios
2975 2651 3259 2686 sermones
3281 2632 3575 2685 charzesibi
3599 2633 3743 2684 soli-

468 2741 660 2794 horret
692 2734 913 2788 animus
935 2729 1205 2799 replicare
1235 2741 1356 2795 qua:
1385 2730 1545 2791 gesta
1573 2726 1705 2774 sunt
1737 2739 1748 2772 :
1778 2720 2058 2785 virginum
2140 2721 2350 2774 tudinis
2381 2721 2794 2774 recordabatur.
2834 2722 2963 2774 Post
2984 2731 3232 2774 coactam
3264 2722 3454 2790 itaque
3484 2737 3744 2790 praesen-

469 2831 969 2890 matronarumque
991 2821 1216 2887 ereptus
1235 2815 1416 2884 pudor
1433 2837 1440 2872 :
1459 2811 1685 2879 sanguis
1697 2810 1882 2862 ovium
1905 2809 2060 2861 Chri-
2143 2811 2300 2870 tiam,
2336 2827 2500 2879 quam
2533 2811 2689 2863 ducis
2715 2828 2923 2880 preces,
2958 2815 3030 2866 et.
3056 2811 3202 2880 quod
3225 2810 3409 2862 verius
3437 2817 3540 2871 est,
3565 2809 3744 2862 inise-

467 2917 539 2971 sti
567 2916 624 2968 in
655 2911 860 2967 Christi
889 2907 1099 2977 templo
1123 2906 1330 2956 elfusus
1359 2901 1672 2953 veneranda
1693 2897 1958 2968 respersit
1977 2897 2060 2949 al-
2145 2916 2333 2952 rerum
2369 2901 2531 2952 lletus
2562 2906 2887 2958 extorserat,
2922 2905 3044 2970 post
3067 2899 3337 2952 salutaria
3351 2899 3581 2962 monita,
3611 2904 3746 2968 post

466 3005 638 3060 taria:
659 2998 1046 3071 baptisterium
1061 3011 1160 3065 pro
1172 2993 1456 3045 voluntate
1475 2988 1766 3056 gentilium
1788 2985 2060 3056 pollutum
2145 3004 2365 3040 reorum
2397 2989 2956 3053 commendationem,
2981 2989 3349 3058 quorumdam
3372 2988 3540 3040 etiam
3573 2986 3747 3040 abso-

468 3100 571 3151 est.
606 3090 756 3146 Nihil
777 3087 954 3142 defuit
983 3082 1208 3137 visionis
1227 3079 1466 3144 veritati,
1490 3084 1554 3130 ut.
1582 3075 1909 3130 monstravit
1930 3075 2062 3126 ell‘e-
2145 3077 2436 3134 lutiimcm,
2468 3077 2774 3146 postulanti
2813 3077 2958 3139 duci,
2995 3084 3056 3129 ut
3092 3077 3256 3146 paulo
3303 3077 3512 3145 largius
3553 3075 3744 3129 eidem

467 3187 608 3246 ctus,
645 3179 793 3252 quod
831 3172 1242 3230 calcitrantium
1290 3167 1596 3222 multorum
1628 3163 2061 3234 indisciplinatio
2078 3200 2126 3263 Ο
2147 3182 2304 3219 suam
2327 3166 2680 3235 przesentiam
2705 3165 3127 3235 indulgeret.ait
3144 3182 3426 3235 nonposse
3449 3181 3506 3218 se
3525 3164 3746 3218 diutius

467 3273 803 3328 Arianorum
835 3270 980 3319 esset
1002 3261 1278 3332 impietas.
2084 3253 2122 3263 ν
2147 3264 2269 3318 δ’ἐκ
2297 3254 2501 3306 ibidem
2524 3255 2750 3314 morari,
2769 3263 2930 3322 grato
2951 3271 3084 3308 usus
3109 3255 3378 3324 exemplo,
3405 3253 3555 3324 quod
3575 3253 3746 3307 sicuti

541 3358 651 3413 Sed
698 3357 864 3410 istam
921 3351 1208 3406 tristitiam
1264 3344 1656 3415 consequentis
1707 3340 2064 3394 revelationis
2147 3345 2325 3414 pisces
2355 3343 2424 3395 ab
2456 3360 2600 3412 aqua
2619 3343 2868 3407 extracti,
2900 3360 3024 3396 mox
3071 3343 3130 3399 in
3163 3344 3343 3396 arenti
3375 3348 3526 3395 terra
3552 3359 3746 3396 more-

469 3446 840 3519 prosperitate
873 3443 1084 3495 solatus
1115 3444 1218 3495 est,
1254 3442 1309 3490 et
1331 3435 1411 3488 ait
1441 3451 1452 3486 :
1489 3433 1692 3490 Nolite.
1727 3430 2064 3519 lilioli,m<1--
2147 3439 2344 3484 rentur
2396 3436 2620 3498 (l’rtug.,
2651 3436 2687 3486 t.
2724 3447 2780 3493 ιι,
2819 3449 2874 3484 η.
2911 3434 2978 3494 ὅ),
3031 3432 3108 3484 ita
3155 3441 3209 3484 et
3259 3433 3558 3485 monachos
3611 3448 3748 3484 cum

476 3518 590 3590 rori
621 3551 718 3588 vos
746 3533 970 3604 penitus
999 3529 1164 3592 dare;
1198 3532 1264 3578 ut
1291 3523 1437 3577 enim
1463 3523 1641 3574 iratus
1663 3526 1748 3571 est
1773 3518 2060 3580 Dominus,

2149 3521 2503 3573 saecularibus
2525 3522 2895 3584 retardantes,
2918 3521 3178 3574 humanis
3198 3523 3386 3574 statim
3401 3520 3598 3573 resolvi
3613 3537 3749 3574 con-

473 3625 552 3678 sic
582 3637 806 3676 rursum
831 3616 1206 3678 miserebitur,
1241 3619 1298 3666 et
1334 3625 1497 3665 suum
1519 3610 1629 3662 cito
1653 3607 1892 3661 Ecclesia
1912 3622 2060 3659 recu-

2151 3609 2600 3662 tiibulationibus.
2627 3609 2710 3662 0b
2733 3610 2782 3662 id
2812 3627 2962 3679 ergo,
2989 3610 3464 3679 inquit,convenit
3483 3616 3541 3662 ut.
3561 3609 3749 3680 pisces

471 3713 691 3785 perabit
723 3714 984 3763 ornatum
1011 3724 1023 3770 ;
1047 3719 1274 3773 eosque.
1300 3701 1394 3771 qui
1418 3701 1474 3753 in
1499 3695 1978 3769 persecutionibus
2000 3697 2066 3748 ὓ·-
2151 3699 2218 3750 ad
2248 3715 2420 3762 mare,
2455 3699 2534 3750 ita
2558 3715 2656 3750 nos
2686 3699 2754 3750 ad
2785 3706 3032 3751 montem
3051 3699 3479 3758 festineniusme
3508 3698 3748 3752 tardan-

474 3803 601 3857 dem
631 3798 854 3855 Domini
875 3793 1238 3855 servaverint,
1274 3789 1438 3842 solito
1473 3787 1725 3840 videbitis
1749 3786 1962 3853 fulgore
1986 3801 2069 3837 re-
2151 3787 2300 3839 tibus
2334 3785 2491 3838 nobis
2521 3787 2710 3855 aliqua
2739 3786 3005 3856 propositi
3033 3788 3290 3840 succedat
3329 3787 3528 3839 oblivio
3568 3786 3722 3854 (123)

475 3892 742 3946 lucentes.
803 3887 1175 3941 Revertentur
1228 3880 1297 3932 ad
1354 3879 1540 3931 foveas
1585 3893 1715 3928 suas
1757 3879 2063 3944 serpentes,
2152 3876 2258 3928 Pro
2289 3881 2447 3927 tanta
2476 3875 2718 3928 hominis
2748 3877 3021 3944 sapientia
3042 3876 3150 3928 dux
3173 3876 3429 3934 miratus.
3439 3877 3652 3943 justam
3675 3877 3750 3928 de

477 3984 534 4034 et
559 3979 754 4047 religio
784 3975 1005 4042 longius
1033 3963 1434 4042 propagabitur
1457 3985 1468 4031 ;
1515 3969 1737 4018 tantum
1765 3963 1964 4025 videte,
1999 3977 2060 4013 ne

2152 3981 2217 4017 eo
2248 3964 2379 4016 tulit
2399 3981 2694 4033 veramque
2717 3965 3071 4028 sententiam,
3106 3965 3296 4018 dicens
3328 3983 3338 4017 :
3372 3965 3514 4017 Vere
3523 3966 3751 4033 justum

479 4068 607 4124 fidei
646 4070 844 4118 vestrae
880 4059 1173 4114 sinceritas
1211 4055 1420 4110 Ariana
1457 4053 1580 4106 labe
1609 4053 1912 4105 sordescat.
1947 4052 2070 4104 Non
2154 4069 2276 4106 esse
2306 4053 2405 4106 Dei
2435 4053 2726 4116 famulum,
2765 4071 2864 4107 nec
2901 4054 2959 4106 in
2990 4055 3198 4107 rustico
3229 4054 3454 4107 homine
3495 4054 3754 4123 potuisse

481 4155 880 4228 apostolorum,
913 4149 1010 4202 sed
1040 4148 1358 4201 daemonum
1379 4148 1436 4196 et
1455 4130 1628 4212 patris
1658 4157 1850 4193 eorum
1865 4137 2070 4192 diaboli
2155 4148 2368 4194 tantam
2420 4142 2723 4210 aliquando
2759 4143 2938 4196 inesse
2982 4144 3335 4212 sapientiam,
3396 4143 3504 4196 nisi
3559 4142 3754 4197 divino

479 4245 590 4299 ista
607 4241 958 4297 doctrinaest
977 4256 989 4302 ;
1009 4236 1078 4290 ob
1097 4235 1154 4288 id
1177 4249 1276 4305 per
1294 4230 1676 4301 insipientiam
1688 4231 2072 4298 jumentorum
2155 4247 2345 4284 amore
2373 4237 2680 4296 regeretur.

481 4331 680 4388 similis
709 4328 987 4401 pecudum
1018 4339 1211 4378 eorum
1242 4335 1536 4392 expressus
1565 4325 1652 4371 est
1670 4318 1911 4372 animus.
2087 4323 2116 4352 ε’
2146 4350 2160 4368 ι
2183 4321 2356 4372 κρυ).
2393 4320 2539 4375 LIV.
2580 4349 2644 4358 —
2677 4320 2954 4372 Prmterea
2983 4336 3109 4372 cum
3143 4320 3398 4373 Balacius
3440 4319 3602 4386 (1'24),
3651 4323 3753 4390 qui

552 4423 682 4476 Car.
713 4419 828 4473 LII.
853 4446 917 4456 -—-
939 4415 1237 4482 Hucusque
1258 4408 1551 4464 Antonius.
1577 4407 1684 4461 Sed
1723 4423 1822 4460 nos
1845 4406 2073 4459 minime
2094 4401 2141 4458 D
2156 4409 2258 4461 sub
2289 4409 2546 4461 Nestorio
2569 4410 2826 4478 pra-tecto
2848 4407 3196 4462 Alexandria:
3226 4409 3336 4462 dux
3365 4409 3590 4479 xiigypti
3620 4409 3751 4473 fuit,

480 4509 739 4567 convenit
758 4505 1033 4567 diffidere,
1048 4509 1164 4556 tam
1190 4499 1404 4570 grande
1425 4497 1758 4550 miraculum
1783 4495 2073 4565 perhomi-

480 4615 610 4657 nem
629 4598 880 4670 potuisse
901 4591 1158 4666 portendi
1169 4631 1178 4643 .
1189 4586 1490 4643 Salvatoris
1502 4585 1650 4639 enim
1663 4584 1956 4655 promissio
1969 4589 2070 4649 est,

482 4691 563 4744 ita
591 4687 826 4742 dicentis
850 4704 864 4738 :
887 4683 944 4737 Si
967 4679 1275 4735 habueritis
1295 4676 1463 4730 tidem
1497 4681 1560 4728 ut
1577 4690 1818 4742 granum
1842 4673 2072 4742 sinapis,

482 4776 684 4832 dicetis
708 4774 836 4829 huic
867 4769 1068 4834 monti,
1098 4765 1364 4821 Transfer
1391 4769 1466 4829 te,
1509 4770 1566 4817 et
1601 4763 1988 4824 transferetur,
2021 4766 2079 4815 et

483 4866 624 4921 nihil
643 4861 984 4934 impossibile
1016 4858 1124 4912 erit
1149 4855 1302 4910 vobis
1325 4855 1537 4921 (Matth.
1563 4853 1725 4920 xvn).
1743 4852 1808 4905 Et
1828 4851 2034 4904 iterum
2059 4868 2071 4902 :
2093 4925 2096 4932 ι

484 4957 664 5010 Amen
693 4967 858 5006 amen
878 4948 1001 5002 dico
1013 4945 1186 5012 vobis,
1206 4959 1371 4998 omne
1397 4942 1544 5012 quod
1565 4940 1838 5012 petieritis
1852 4941 2077 4992 Patrem

485 5043 542 5096 in
576 5039 802 5096 nomine
854 5051 1000 5100 meo,
1043 5033 1196 5087 dabit
1251 5031 1425 5086 vobis.
1473 5030 1656 5084 Petito
1697 5035 1754 5082 et
1796 5027 2078 5099 accipietis

488 5133 668 5198 (Joan.
700 5131 837 5194 xvr).
869 5124 994 5195 Ipse
1027 5121 1177 5177 enim
1223 5121 1340 5175 suis
1388 5118 1678 5190 discipulis
1721 5123 1780 5171 et
1821 5117 2078 5170 universo

487 5217 836 5275 credentium
865 5214 1022 5285 gregi
1053 5227 1202 5266 nunc
1222 5209 1624 5280 subjectionem
1655 5205 2076 5270 daemoniorum,

487 5324 635 5365 nunc
664 5307 946 5361 variarum
978 5303 1370 5356 inﬁrmitatum
1401 5297 1670 5368 pollicens
1708 5294 2078 5361 curationem,

485 5399 672 5454 aiebat
690 5416 703 5452 :
722 5395 909 5450 Gratis
929 5391 1239 5462 accepistis,
1254 5387 1428 5458 gratis
1445 5387 1574 5438 date
1592 5385 1798 5450 (Matth.
1819 5384 2084 5450 x).Num-—

487 5488 620 5558 quid
632 5503 745 5539 suae
759 5483 976 5538 virtutis
992 5479 1227 5550 imperio
1241 5475 1475 5530 curabat
1487 5472 1762 5526 Antonius
1773 5473 1881 5525 tNu
1891 5489 1941 5524 in
1949 5473 2080 5541 quid

488 5591 604 5628 suae
641 5571 1026 5644 possibilitatis
1062 5565 1444 5620 arbitrabatur
1491 5579 1612 5614 esse
1654 5561 1802 5630 quod
1832 5561 2082 5614 fecerat?

489 5661 868 5726 Orationibus,
883 5673 996 5714 non
1018 5654 1306 5728 praeceptis
1329 5651 1476 5722 (120)
1494 5652 1774 5705 daemones
1789 5649 2080 5721 morbique

2156 4498 2322 4550 homo
2349 4498 2570 4550 Arianae
2603 4497 2916 4567 iniquitatis
2947 4498 3387 4552 studiosissimus
3432 4499 3634 4562 fautor,
3671 4499 3756 4552 ita

2158 4585 2704 4639 Christi-Ecclesiam
2737 4593 3185 4655 persequeretur,
3229 4593 3290 4639 ut
3327 4587 3517 4640 animo
3548 4603 3754 4642 vesano

2163 4674 2400 4742 virgines
2416 4675 2830 4743 monachosque
2843 4675 3080 4727 nudatos
3099 4675 3414 4728 verberaret
3434 4677 3489 4729 in
3507 4676 3751 4746 publico,

2159 4763 2229 4816 ad
2247 4779 2374 4816 cum
2391 4763 2669 4817 Antonius
2696 4763 2915 4816 litteras
2945 4763 3114 4828 misit,
3141 4781 3379 4835 quarum
3400 4764 3508 4818 ista
3529 4771 3756 4820 senten-

2159 4851 2241 4905 tia
2269 4857 2354 4905 est
2378 4871 2388 4905 :
2425 4852 2598 4905 Video
2615 4852 2756 4905 iram
2788 4852 2886 4906 Dei
2915 4853 3229 4906 venientem
3252 4870 3421 4924 super
3442 4860 3518 4919 te,
3559 4855 3755 4908 desine

2159 4941 2418 5011 persequi
2446 4941 2816 5008 Christianos,
2837 4957 2908 4994 ne
2931 4946 2986 4994 te.
3009 4942 3093 4994 ira
3120 4947 3368 5013 occupet,
3407 4959 3528 5013 quae
3565 4944 3755 5013 proxi-

2160 5046 2314 5084 mum
2323 5030 2443 5098 jam
2467 5029 2567 5083 tibi
2587 5030 2836 5084 minatur
2853 5031 3331 5100 interitum.Legit
3346 5031 3532 5085 infelix
3553 5032 3759 5102 episto-

2161 5119 2307 5184 lam;
2343 5124 2400 5172 et
2437 5118 2632 5181 irrisit,
2661 5125 2828 5188 atque
2859 5120 2918 5172 in
2946 5136 3069 5172 eam
3100 5137 3395 5191 exspucns,
3441 5121 3678 5191 projecit
3697 5122 3756 5176 in

2163 5213 2407 5273 terram;
2441 5207 2738 5276 portitores
2761 5225 2980 5278 quoque
3005 5209 3197 5262 multis
3231 5209 3480 5262 afficiens
3509 5210 3752 5278 injuriis,

2164 5296 2406 5350 Antonio
2423 5297 2559 5350 talia
2573 5297 2883 5350 renuntiari
2907 5298 3195 5368 praecepit:
3213 5299 3488 5361 Quoniam
3508 5315 3642 5352 cura
3654 5299 3755 5352 tibi

2167 5391 2456 5454 tantopere
2482 5386 2879 5440 monachorum
2903 5393 3006 5452 est,
3031 5387 3202 5440 etiam
3231 5388 3300 5440 ad
3319 5393 3378 5440 te
3415 5388 3526 5440 mei
3551 5387 3757 5456 vigoris

2163 5474 2424 5526 transibit
2435 5474 2566 5526 disci
2575 5475 2859 5544 plinaSed
2873 5477 3104 5529 confesti
3115 5494 3168 5529 m
3183 5477 3517 5530 minatorcm
3531 5493 3757 5546 oppres-

2164 5563 2239 5615 sit
2265 5563 2620 5632 supplicium,
2648 5571 2705 5616 et
2744 5571 2869 5634 post
2903 5565 3148 5635 quiane
3177 5565 3296 5618 dies
3325 5582 3386 5617 os
3420 5567 3757 5618 effrenatam

2161 5651 2300 5705 ultio
2322 5652 2511 5706 divina
2527 5654 2888 5724 compescuit.
2922 5653 3220 5724 Egreditur
3238 5653 3388 5708 enim
3413 5654 3486 5708 ad
3513 5653 3755 5725 primam
