3958 6418
243 404 342 463 165

1316 398 1485 456 νΙΤΑ
1524 396 1734 455 BEATI
1773 398 2077 455 ΑΝΤΟΝῙΙ
2115 398 2440 456 ABBATIS.

3414 364 3546 454 166'

237 527 589 582 mansionem
617 526 985 591 Alexandriae,
1020 542 1144 596 quae
1182 526 1499 597 appellatur
1541 527 1836 581 Chaereum
1857 520 2291 598 Alaerymzeque
2323 527 2474 581 dicta
2502 530 2797 583 maerentia
2834 524 3147 584 consecutae
3188 536 3341 584 sunt.
3384 528 3521 584 Am-

243 616 409 685 (l‘25),
442 632 572 671 cum
609 617 930 689 supradicto
978 615 1202 687 Egypti
1246 616 1506 687 praefecto
1552 616 1834 671 Nestorio.

240 707 537 761 Vehurtur
579 708 757 777 equis,
794 724 932 777 quos
962 706 1109 759 inter
1148 722 1342 759 omnes
1371 705 1647 771 Bal-acius,
1679 706 1839 775 cujus

242 802 420 860 erant,
456 796 940 850 mansuetissimos
970 796 1266 850 nutrierat.
1295 797 1433 848 Cum
1465 813 1597 864 ergo
1627 795 1841 865 pariter

239 885 404 938 solito
424 884 649 939 sibimet
674 885 801 955 equi
824 884 1159 945 alluderent,
1183 885 1389 947 mitior,
1419 901 1527 954 quo
1546 883 1839 937 Nestorius

235 974 563 1039 vehebatur,
584 991 774 1028 morsu
786 974 1081 1045 repentino
1097 972 1381 1027 Balacium
1399 972 1645 1026 decussit
1658 976 1716 1027 in
1732 978 1842 1026 ter-

238 1078 381 1131 ram,
427 1068 485 1118 et
514 1065 592 1119 sic
621 1063 676 1117 in
710 1080 836 1117 eum
867 1062 1111 1128 inhians,
1152 1063 1363 1115 femora
1409 1063 1530 1131 ejus
1577 1063 1842 1115 laceravit

236 1156 409 1223 atque
439 1154 694 1219 corrosit,
730 1158 793 1207 ut
834 1152 1026 1205 statim
1058 1152 1268 1205 relatus
1305 1151 1374 1204 ad
1405 1150 1685 1204 civimtem
1717 1158 1843 1222 post

234 1240 468 1297 tertium
494 1243 642 1297 diem
694 1248 1043 1306 moreretur;
1077 1240 1432 1309 universique
1475 1246 1844 1309 agnoscerent

234 1332 519 1386 minarum
541 1331 611 1385 ab
636 1332 879 1385 Antonio
904 1330 1294 1407 praedictarum
1324 1330 1584 1383 eil‘ectum
1608 1335 1842 1399 quanto-

235 1421 359 1475 cius
389 1428 772 1485 consecutum,
803 1421 972 1489 digno
1004 1418 1378 1490 persecutoris
1410 1420 1519 1471 fine
1542 1418 1836 1489 completo.

307 1508 441 1560 CAP.
460 1508 570 1561 LV.
611 1538 639 1545 ο-
674 1509 919 1560 Caeteros
940 1507 1009 1559 ad
1028 1522 1086 1559 se
1109 1506 1392 1559 venientes
1415 1506 1557 1557 mira
1577 1522 1704 1558 cum
1730 1522 1843 1558 mo-

238 1596 425 1649 destia
455 1596 731 1649 Antonius
752 1595 1103 1659 admonebat,
1127 1601 1209 1655 ut,
1243 1594 1417 1648 oblita
1449 1594 1631 1648 szecuh
1664 1593 1843 1663 digni-

238 1689 377 1745 tate,
400 1685 716 1739 remotioris
737 1685 859 1738 vitae
874 1685 1279 1738 beatitudinem
1297 1689 1644 1754 appeterent.
1666 1684 1723 1735 Si
1746 1682 1840 1752 qui

241 1781 436 1827 autem
466 1774 666 1843 majori
696 1778 972 1844 potestate
1004 1774 1420 1844 premebantur,
1449 1789 1550 1825 nec
1578 1776 1841 1842 poterant

1923 616 2291 687 plexabantur
2322 634 2448 671 eum
2485 618 2744 681 universi,
2772 621 2927 690 quasi
2955 621 3073 689 jam
3106 620 3174 673 de
3206 621 3407 674 saeculo
3438 636 3522 672 re-

1921 722 2230 759 cessurum.
2256 707 2329 760 At
2357 706 2468 772 ille,
2489 713 2757 778 tanquam
2784 708 2967 761 aliena
2986 710 3266 765 deserens.
3286 708 3354 763 ad
3390 727 3522 780 pro-

1924 796 2099 864 priam
2132 796 2371 865 patriam
2404 796 2995 867 profecturus,magua
3021 814 3145 851 cum
3176 798 3524 869 lzetitiaprm-

1922 883 2176 953 cipiebat,
2212 884 2485 938 desidiam
2518 884 2777 939 instituto
2810 903 2919 939 non
2950 886 3153 940 debere
3195 887 3516 958 subrepere.

1924 972 2018 1025 sed
2042 979 2310 1043 tanquam
2333 974 2578 1043 quotidie
2599 976 2921 1036 morituros,
2941 982 3144 1030 utante
3166 978 3489 1047 przedixerat
3504 1019 3515 1040 ,

1924 1077 1956 1113 a
1985 1061 2222 1115 sordidis
2255 1061 2691 1131 cogitationibus
2726 1065 2974 1117 animam
2997 1066 3296 1131 custodire,
3325 1072 3382 1119 et
3408 1083 3523 1120 om-

1924 1166 2053 1203 nem
2076 1150 2491 1204 aemulationem
2518 1151 2588 1205 ad
2609 1159 2830 1206 sanctos
2852 1170 3072 1223 quoque
3094 1161 3435 1219 convertere,
3452 1156 3521 1210 ad

1924 1238 2304 1293 schismaticos
2329 1257 2459 1293 vero
2492 1257 2559 1294 ne
2592 1257 2764 1311 prope
2794 1242 3018 1312 quidem
3050 1243 3330 1296 accedere.
3358 1244 3522 1297 Scitis

1925 1329 2094 1393 enim,
2112 1326 2316 1392 aiebat,
2342 1345 2537 1383 eorum
2560 1329 2850 1400 antiquam
2868 1331 3290 1401 perversitatem
3314 1348 3523 1402 meque

1923 1434 2051 1471 cum
2081 1418 2304 1472 Arianis
2335 1419 2726 1473 communione
2744 1420 3084 1489 jungamini,
3112 1422 3243 1491 quia
3263 1421 3523 1492 impietas

1926 1524 2121 1560 eorum
2147 1507 2267 1577 jam
2298 1508 2557 1561 omnibus
2589 1509 2886 1563 mrmil‘esta
2916 1515 3017 1563 est.
3054 1510 3153 1563 His
3185 1511 3356 1564 etiam
3384 1511 3523 1566 illud

1925 1596 2406 1663 addebat,nullum
2424 1597 2626 1651 debere
2641 1602 2767 1662 δεῇ
2781 1599 3257 1661 Christ1anum,cu
3268 1617 3320 1653 m
3337 1602 3523 1655 saeculi

1922 1685 2123 1738 viderit
2152 1691 2455 1756 potestates
2503 1704 2604 1757 pro
2644 1688 2980 1741 Arianorum
3013 1692 3068 1741 et
3098 1690 3525 1744 Meletianorum

1924 1773 2074 1839 (1'28)
2098 1791 2347 1844 pugnare
2378 1776 2646 1845 nequitia,
2671 1793 2702 1829 a
2731 1777 2937 1831 Christi
2959 1778 3219 1831 territum
3239 1778 3525 1833 discedere

241 1863 498 1917 obtinere
514 1863 814 1933 justitiam.
829 1864 909 1917 ita
930 1881 1023 1916 eos
1044 1862 1247 1915 obnixe
1268 1861 1618 1925 defendebat,
1640 1868 1702 1914 ut
1722 1862 1841 1931 ipse
1863 1847 1908 1906 Β
1925 1864 2185 1930 veritate;
2216 1864 2537 1917 mortalium
2560 1865 2714 1918 illam
2735 1882 2855 1919 esse
2878 1866 3277 1932 defensionem,
3303 1885 3405 1921 nec
3426 1868 3525 1922 diu

241 1969 346 2023 pro
389 1952 500 2006 illis
528 1953 643 2023 pati
674 1952 960 2006 videretur
997 1952 1281 2022 injuriam.
1318 1952 1509 2004 Multis
1538 1952 1692 2004 utilis
1738 1951 1844 2004 fuit

240 2042 497 2113 praeclari
513 2042 661 2095 senis
681 2042 861 2096 oratio
883 2060 895 2107 ;
922 2042 1103 2106 multi,
1122 2040 1340 2110 magnis
1360 2040 1568 2094 divitiis
1585 2046 1641 2093 et
1655 2040 1841 2093 altiori

237 2131 426 2201 gradu
460 2132 674 2185 militia:
707 2132 989 2196 derelicto,
1023 2132 1143 2200 ejus
1176 2132 1387 2184 haerere
1425 2130 1714 2183 curriculis
1744 2146 1840 2182 cu-

235 2221 488 2291 piebant.
507 2222 575 2274 Et
590 2226 651 2274 ut
670 2221 890 2274 inﬁnita
906 2220 1055 2273 brevi
1073 2236 1330 2273 sermone
1346 2219 1835 2289 comprehendam,

236 2310 452 2363 bonum
481 2309 722 2381 {Egypto
745 2309 1023 2363 medicum
1056 2310 1310 2363 Christus
1338 2309 1668 2361 indulserat.
1705 2308 1841 2370 Quis

234 2415 354 2453 non
376 2400 665 2453 tristitiam
689 2398 835 2469 apud
858 2399 1162 2453 Antonium
1186 2398 1423 2451 mutavit
1447 2397 1503 2450 in
1523 2396 1793 2466 gaudium
1815 2397 1839 2442 ἲ)

236 2489 370 2558 quis
386 2505 497 2542 non
527 2489 669 2542 iram
690 2489 854 2541 vertit
876 2488 931 2541 in
954 2505 1145 2558 pacem
1160 2488 1183 2539 ‘?
1202 2488 1328 2557 quis
1347 2486 1603 2539 orbitatis
1622 2487 1836 2538 luctum

236 2590 353 2631 non
372 2579 442 2631 ad
473 2580 596 2647 ejus
620 2578 953 2648 temperavit
974 2577 1289 2647 aspectum?
1313 2577 1438 2646 quis
1459 2592 1570 2629 non
1599 2592 1835 2629 mcerore

234 2668 608 2738 paupertatis,
634 2684 744 2737 quo
770 2666 1147 2737 premebatur,
1171 2665 1406 2735 abjecto,
1441 2666 1631 2718 statim
1665 2670 1722 2718 et
1748 2665 1835 2717 di-

227 2758 412 2810 vitum
434 2758 689 2828 despexit
713 2757 1041 2827 opulentias,
1071 2763 1127 2809 et
1146 2756 1201 2808 in
1234 2772 1337 2808 sua
1356 2757 1573 2808 lzetatus
1597 2760 1682 2808 est
1701 2770 1834 2824 pau-

230 2847 494 2917 pertate?
514 2847 640 2916 quis
671 2852 800 2916 post
821 2845 1208 2899 lassitudinem
1236 2845 1539 2898 monachus
1570 2860 1682 2896 non
1714 2844 1836 2912 ejus

228 2940 530 3004 vegetatus
552 2941 639 2989 est
669 2936 1071 2988 hortamentis?
1102 2934 1227 3004 quis
1253 2934 1574 2987 adolescens
1605 2949 1836 2985 succen-

230 3041 334 3079 sus
352 3024 664 3090 ardoribus,
691 3042 798 3078 non
825 3039 888 3078 ex
922 3025 1043 3094 ejus
1074 3023 1363 3077 admonitu
1385 3022 1665 3092 pudicitiae
1687 3037 1838 3075 ama-

188 3175 199 3180 -
232 3122 331 3167 tor
358 3114 498 3168 fuit?
519 3115 644 3184 quis
674 3120 901 3167 vexatus
925 3131 959 3166 a
979 3112 1218 3178 diabolo,
1240 3112 1359 3165 sine
1388 3112 1607 3164 medela
1638 3110 1837 3164 rediit?

234 3204 380 3268 Quis
400 3204 613 3258 inimici
636 3202 1067 3273 cogitationibus
1085 3202 1523 3267 distractus,non
1542 3217 1684 3255 caeca
1700 3207 1839 3254 tem—
1856 3212 1895 3268 (ζ

234 3298 460 3364 pestate
490 3293 689 3364 sopita,
714 3309 912 3346 sereno
934 3307 1221 3361 regressus
1252 3296 1340 3343 est
1368 3290 1556 3344 animo
1576 3290 1600 3342 ?
1621 3289 1842 3343 Sciebat

236 3384 397 3436 enim
444 3398 554 3452 quo
585 3382 820 3452 quisque
851 3381 1134 3434 laboraret
1154 3380 1493 3435 incommoda
1514 3420 1526 3444 ,
1560 3384 1617 3432 et
1655 3396 1720 3432 ex
1742 3378 1839 3432 vite

240 3471 465 3525 meritis
476 3472 869 3525 discretionem
885 3470 1184 3541 spirituum
1204 3467 1841 3539 agnoscens,adhibebat

239 3560 601 3627 morborum,
625 3565 792 3631 prout
838 3565 1001 3613 erant
1031 3560 1283 3621 vulnera,
1326 3558 1647 3612 sanitatem.
1682 3558 1840 3610 Unde

238 3651 503 3704 effectum
536 3657 621 3703 est
651 3654 714 3702 ut
738 3655 862 3719 post
892 3650 1013 3716 ejus
1046 3648 1359 3701 doctrinam
1398 3664 1592 3699 omnes
1633 3644 1839 3699 diaboli

235 3738 868 3811 panderenturinsidim.
893 3739 1070 3791 \lultze
1084 3753 1304 3807 quoque
1327 3736 1675 3805 desponsatze
1692 3737 1841 3804 puel-

235 3829 308 3883 lae
320 3827 493 3896 (126%,
508 3829 576 3881 ad
597 3829 718 3898 ejus
734 3833 1099 3897 conspectum
1115 3826 1184 3879 ab
1204 3826 1320 3896 ipso
1339 3841 1479 3894 pene
1494 3825 1740 3876 thalamo
1757 3840 1842 3877 re-

235 3918 523 3979 cedentes,
556 3918 614 3971 in
656 3916 907 3971 Ecclesiae
954 3915 1149 3968 matris
1187 3915 1405 3983 gremio
1442 3913 1834 3967 consederunt.

236 4007 387 4071 Quid
420 4008 579 4077 plura
600 4006 625 4059 ἶ)
646 4006 841 4060 Totius
872 4004 1021 4057 orbis
1051 4004 1306 4057 homines
1337 4004 1407 4057 ad
1429 4020 1557 4056 eum
1588 4004 1835 4055 conflue-

238 4097 397 4161 bant,
430 4102 487 4150 et
514 4097 897 4150 universarum
930 4094 1185 4162 gentium
1215 4093 1453 4147 varietas
1483 4092 1835 4146 bellicosissi-

236 4202 399 4239 mum
429 4191 625 4239 contra
649 4186 928 4239 daemones
948 4184 1130 4238 virum
1153 4183 1473 4253 conspicere
1495 4182 1830 4250 gestiebant.

238 4276 446 4329 Nullus
472 4292 531 4329 se
554 4277 764 4329 frustra
782 4275 915 4328 illuc
934 4274 1150 4327 venisse
1172 4275 1513 4343 conquestus
1541 4278 1641 4329 est.
1667 4271 1843 4325 omni-

239 4365 348 4418 bus
364 4364 692 4418 delectabile
710 4370 878 4434 atque
893 4364 1207 4433 jucundum
1225 4361 1431 4415 laboris
1443 4361 1843 4414 commercium

1922 1952 2175 2006 fallacem
2197 1970 2526 2034 permanere
2555 1971 2715 2024 posse
2744 1955 3121 2024 phantasiam.
3148 1956 3517 2028 Quapropter,

1924 2041 2127 2105 aiebat,
2154 2042 2519 2095 custodienda
2530 2042 2716 2112 estpia
2737 2043 2945 2096 ﬁdesin
2959 2044 3201 2107 Christo,
3227 2050 3284 2098 et
3296 2052 3521 2116 patrum

1922 2131 2189 2199 religiosa
2217 2131 2446 2185 traditio
2482 2131 2644 2199 (129),
2691 2149 2858 2202 quam
2892 2149 2955 2185 ex
2982 2133 3401 2203 Scripturarum
3434 2136 3523 2189 le—

1923 2221 2105 2273 ctione
2136 2224 2191 2273 et
2220 2220 2413 2273 crebro
2438 2238 2573 2274 mea:
2593 2222 2883 2291 parvitatis
2912 2222 3183 2276 didicistis
3205 2224 3515 2278 admonitu.

1993 2310 2124 2363 CAP.
2144 2310 2361 2363 LXVII.
2390 2340 2453 2349 -—
2478 2309 2663 2363 Finito
2688 2327 2963 2376 sermone,
2980 2312 3180 2366 fratres
3205 2329 3329 2367 eum
3352 2314 3519 2368 vehe-

1922 2398 2269 2452 mentissime
2318 2397 2699 2463 retardabant,
2731 2399 2975 2469 glorioso
3005 2398 3185 2455 Patris
3231 2402 3518 2473 cupientes

1920 2487 2161 2540 termino
2190 2487 2461 2540 decorari.
2497 2487 2603 2541 Sed
2630 2489 2835 2541 multas
2857 2488 2927 2541 ob
2955 2506 3171 2555 causas,
3198 2507 3336 2561 quas
3367 2497 3423 2544 et
3449 2491 3520 2544 si-

1920 2576 2093 2630 lentio
2125 2576 2571 2636 demonstrabat,
2620 2577 2895 2647 praacipue
2928 2582 3119 2631 tamen
3148 2578 3217 2631 ob
3246 2597 3519 2649 prmsum-

1918 2668 2073 2735 ptarn
2094 2665 2320 2735 (Ἐξερῐὶ
2337 2666 2798 2719 consuetudinem
2816 2667 3293 2721 contradixit.Mos
3310 2670 3519 2723 etenim

1918 2754 2192 2824 IEgyptiis
2222 2760 2327 2819 est,
2360 2755 2633 2808 nobilium
2661 2760 2717 2807 et
2738 2755 3013 2826 praecipue
3046 2755 3337 2811 beatorum
3367 2775 3518 2812 mar-

1918 2848 2107 2913 tyrum
2140 2859 2376 2913 corpora
2405 2843 2729 2898 linteamine
2761 2845 2984 2915 quidem
3031 2844 3319 2899 obvolvere
3355 2847 3514 2914 (l30),

1920 2937 1976 2985 et
2003 2932 2247 2986 studium
2278 2932 2463 2986 funeri
2492 2933 2717 2987 solitum
2772 2950 2883 2987 non
2928 2951 3167 3003 negare;
3208 2939 3360 2989 terra
3390 2954 3519 2991 vero

1919 3037 2033 3073 non
2060 3021 2421 3085 abscondere,
2457 3023 2551 3075 sed
2582 3040 2752 3093 super
2778 3023 3010 3076 lectulos
3040 3024 3189 3077 domi
3220 3026 3402 3095 posita
3429 3043 3520 3080 re-

1920 3127 2142 3164 servare
2172 3110 2335 3178 (l3l).
2372 3110 2531 3165 Hunc
2575 3112 2844 3165 honorem
2890 3112 3301 3181 quiescentibus
3339 3115 3517 3182 reddi,

1920 3199 2241 3253 inveterata)
2278 3200 2698 3253 consuetudinis
2737 3200 2956 3254 vanitas
3002 3201 3255 3255 tradidit.
3305 3203 3385 3256 De
3416 3203 3520 3257 hoc

1922 3288 2200 3342 Antonius
2232 3305 2377 3358 saepe
2411 3294 2467 3342 et
2504 3289 2793 3359 episcopos
2827 3288 3157 3359 deprecatus
3188 3298 3290 3356 est,
3326 3297 3389 3344 ut
3418 3310 3517 3363 po-

1924 3378 2083 3448 pulos
2096 3377 2471 3430 ccclesiastica
2484 3378 2887 3431 contestatione
2900 3378 3262 3447 corrigerent;
3280 3384 3335 3434 et
3350 3380 3519 3435 laicos

1922 3467 2069 3520 viros
2099 3484 2162 3519 ac
2192 3467 2455 3520 mulieres
2484 3466 2718 3535 rigidius
2740 3466 2858 3536 ipse
2884 3468 3159 3534 convenit,
3192 3468 3398 3533 dicens,
3418 3487 3521 3524 nec

1923 3556 2137 3609 licitum
2158 3555 2261 3608 hoc
2285 3572 2423 3617 esse,
2450 3572 2553 3608 nec
2574 3556 2687 3609 Deo
2718 3557 2985 3626 placitum
3011 3576 3021 3609 :
3051 3558 3258 3628 quippe
3284 3575 3409 3613 cum
3426 3578 3523 3631 pa-

1921 3645 2295 3698 triarcharum
2326 3650 2383 3698 et
2410 3645 2808 3715 prophetarum
2842 3646 3115 3716 sepulcra,
3153 3664 3275 3717 qua)
3319 3650 3387 3701 ad
3420 3666 3520 3703 nos

1922 3749 2101 3803 usque
2130 3734 2459 3803 perdurant,
2484 3734 2601 3787 haec
2632 3735 2777 3787 facta
2809 3735 3218 3788 convincerent.
3242 3737 3521 3791 Dominici

1925 3840 2143 3892 quoque
2163 3822 2408 3892 corporis
2429 3824 2743 3892 exemplum
2765 3828 3021 3893 oportere
3044 3823 3251 3877 intueri
3264 3825 3519 3893 jubebat,

1924 3912 2071 3981 quod
2100 3911 2157 3964 in
2187 3912 2441 3981 sepulcro
2472 3911 2736 3981 positum,
2788 3911 2970 3982 lapide
3002 3929 3179 3983 usque
3215 3914 3286 3967 ad
3329 3928 3518 3968 resur-

1923 4000 2185 4053 rectionis
2216 4001 2363 4054 diem
2396 4001 2626 4054 tertium
2676 4002 2929 4055 clausum
2969 4002 3138 4056 fuerit
3175 4004 3359 4067 (Joan.
3396 4019 3517 4070 va;

1922 4092 2114 4143 Matth.
2133 4096 2322 4159 xxvn).
2348 4091 2530 4160 Atque
2550 4089 2635 4142 his
2653 4090 2833 4144 modis
2853 4090 3050 4147 vitium
3068 4093 3215 4146 circa
3234 4093 3522 4148 defunctos

1918 4179 2144 4249 Egypti
2178 4177 2342 4249 ([32),
2383 4179 2603 4232 etiamsi
2634 4186 2827 4233 sancta
2857 4187 3045 4234 essent
3074 4198 3329 4253 corpora,
3372 4171 3524 4237 coar-

1927 4269 2155 4337 guebat,
2200 4268 2391 4323 dicens
2423 4287 2433 4321 :
2484 4268 2628 4333 Quid
2658 4271 2841 4340 majus
2871 4276 2970 4325 aut
3011 4271 3256 4326 sanctius
3293 4288 3525 4344 corpore

1929 4363 2111 4428 potest
2158 4374 2278 4411 esse
2324 4359 2633 4424 Dominico,
2671 4358 2817 4430 quod
2863 4360 3022 4430 juxta
3061 4363 3525 4417 consuetudinem

241 4454 369 4510 fuit.
392 4453 666 4522 Fatigatio
685 4453 833 4506 enim
853 4452 1069 4505 itineris
1090 4450 1535 4503 emolumentum
1555 4449 1739 4502 viatici
1762 4466 1845 4502 re-
1863 4448 2179 4517 Dgentium
2220 4454 2549 4501 cecterarum
2592 4449 2761 4501 humo
2791 4448 3082 4503 conditum
3112 4466 3233 4503 csse
3266 4450 3472 4505 scimus
3500 4452 3526 4504 ’ἶ

242 4542 525 4615 portabat,
551 4542 695 4596 sicut
714 4542 794 4595 rei
820 4541 1074 4612 probavit
1098 4542 1343 4593 elfectus.
1368 4540 1509 4592 Nam
1533 4544 1660 4609 post
1686 4555 1845 4592 reso-

244 4632 521 4687 lutionem
544 4632 685 4701 ejus,
719 4631 876 4701 quasi
900 4630 1183 4685 communi
1207 4630 1435 4683 vulnere
1466 4628 1721 4681 orbitatis
1750 4644 1845 4681 ex-

244 4727 431 4792 cepto,
464 4721 752 4793 proprium
782 4721 989 4791 singuli
1020 4725 1311 4791 parentem
1349 4719 1630 4772 luxerunt.

322 4812 452 4876 Car,
488 4811 627 4865 LVI.
675 4840 740 4851 -—
771 4810 908 4875 Quis
945 4815 1135 4864 autem
1166 4809 1294 4862 finis
1339 4808 1465 4862 vita:
1495 4809 1617 4878 ejus
1655 4807 1843 4867 fuerit,

245 4902 485 4969 dignum
515 4907 600 4955 est
621 4905 783 4953 etme
804 4914 1265 4965 commemorare,
1286 4902 1343 4951 et
1370 4914 1466 4951 vos
1487 4914 1614 4952 cum
1635 4897 1848 4950 deside-

245 4991 334 5044 rio
356 4989 573 5056 audire,
607 4990 741 5061 quia
771 4996 829 5043 et
856 4988 962 5043 hoc
992 4988 1049 5042 in
1078 5005 1143 5042 eo
1176 4986 1449 5042 imitabile
1477 4986 1693 5040 cunctis
1720 4986 1842 5039 fuit.

244 5081 415 5133 Juxta
439 5098 465 5130 ρ
484 5079 901 5133 mutetudinem
924 5079 993 5132 ad
1015 5077 1273 5132 visendos
1294 5076 1496 5130 fratres
1513 5077 1607 5146 qui
1623 5076 1680 5129 in
1699 5080 1851 5129 exte-

245 5169 385 5223 riori
405 5175 597 5223 monte
622 5174 801 5235 erant,
826 5167 993 5231 venit,
1019 5166 1207 5237 ibique
1228 5184 1261 5219 a
1288 5165 1849 5236 divinaprovidentia

246 5258 317 5312 de
346 5275 452 5312 sua
472 5262 650 5311 morte
678 5257 1023 5323 condiscens,
1055 5256 1136 5309 ita
1157 5272 1386 5309 exorsus
1409 5261 1530 5309 est:
1556 5254 1843 5317 Ultimam,

249 5347 426 5409 ἢῐῖ.›11,
461 5346 639 5417 patris
669 5347 857 5399 au-lite
888 5345 1247 5411 sententiam,
1282 5362 1395 5397 non
1425 5344 1575 5397 enim
1606 5342 1852 5396 arbitror

250 5438 397 5507 quod
425 5437 483 5490 in
512 5438 619 5489 hoc
645 5437 846 5489 sazculo
874 5435 1078 5489 iterum
1111 5451 1203 5487 vos
1236 5434 1408 5486 visuri
1454 5434 1648 5487 simus.
1688 5433 1854 5498 Cogit

249 5526 495 5580 mnditia
509 5532 742 5589 naturae,
753 5531 813 5578 ut
824 5532 948 5596 post
960 5524 1347 5578 centenarium
1360 5539 1655 5577 numerum
1668 5538 1852 5591 ,quem

251 5616 412 5670 annis
439 5616 691 5686 quinque
713 5614 1111 5685 supergredior
1140 5612 1307 5679 (127),
1328 5614 1447 5682 jam
1481 5613 1743 5665 resolvar.
1770 5611 1855 5665 Ita

254 5705 488 5773 locutus,
523 5704 879 5759 audientium
918 5708 1148 5774 pectora
1175 5701 1529 5757 contristavit
1560 5720 1572 5755 :
1608 5701 1856 5771 gemitus

1929 4536 2057 4589 Haec
2081 4537 2236 4606 justa
2264 4536 2549 4605 persuasio
2569 4536 2882 4590 multorum
2901 4537 3130 4591 insitum
3164 4539 3348 4592 evellit
3375 4556 3528 4593 erro-

1929 4641 2069 4690 rem,
2086 4631 2141 4677 et
2158 4625 2416 4693 repositis
2436 4625 2492 4678 in
2509 4630 2661 4678 terra
2673 4626 3035 4679 cadaveribus
3062 4627 3298 4680 Domino
3311 4629 3526 4698 gratias

1930 4731 2029 4784 pro
2061 4713 2205 4765 bono
2235 4713 2560 4782 magisterio
2593 4714 2907 4767 retulerunt
2956 4715 3213 4769 Metuens
3234 4734 3367 4787 ergo
3399 4734 3527 4772 con-

1932 4802 2286 4856 suetudinem
2315 4803 2715 4872 supradictam,
2748 4820 2819 4857 ne
2850 4803 3044 4857 eodem
3088 4805 3257 4860 etiam
3289 4806 3436 4861 circa
3465 4824 3526 4861 se

1931 4892 2257 4946 laberentur
2305 4907 2513 4957 errore,
2547 4892 2803 4947 celeriter
2850 4892 3165 4948 valedicens
3215 4897 3523 4963 monachis,

1932 4982 2027 5052 qui
2057 4982 2457 5045 conﬂuxerant,
2494 4981 2564 5035 ad
2613 4982 2857 5037 amicum
2886 4983 3107 5039 virtutis
3146 4982 3528 5040 habitaculum

1934 5070 2237 5142 repedavit.

2002 5161 2131 5214 Cu).
2158 5159 2562 5214 LVIII.—-Post
2585 5176 2806 5213 menses
2825 5168 3012 5215 autem
3037 5179 3397 5232 paucos,cum
3414 5179 3527 5217 non

1930 5250 2211 5303 mediocre
2252 5248 2667 5302 incommodum
2714 5250 2912 5304 senilia
2943 5251 3194 5304 membra
3222 5250 3522 5317 turbasset,

1937 5338 2141 5393 vocatis
2173 5339 2243 5392 ad
2283 5355 2341 5391 se
2384 5337 2600 5391 duobus
2636 5338 2901 5393 fratribus
2947 5339 3108 5405 (133),
3147 5357 3286 5409 quos
3323 5340 3529 5397 ibidem
3598 5373 3607 5382 -

1935 5436 2066 5483 ante
2106 5428 2423 5500 quindecim
2453 5444 2629 5481 annos
2668 5428 2883 5481 modico
2922 5428 3213 5481 intervallo
3247 5430 3529 5498 sejunctos

1937 5518 2279 5585 instituerat,
2303 5519 2512 5588 quique
2542 5518 2710 5570 etiam
2740 5518 2789 5569 ei
2816 5518 2931 5587 jam
2964 5518 3083 5570 seni
3114 5524 3400 5588 ett-perant
3429 5523 3540 5576 mi-

1938 5610 2195 5671 nistrare,
2222 5610 2303 5661 ait
2327 5627 2337 5660 ε
2369 5610 2482 5675 Ego
2504 5607 2749 5679 quidem,
2778 5607 2951 5668 lilioli,
2971 5608 3277 5661 secundum
3308 5609 3531 5682 eloquia

1940 5699 2358 5769 Scripturarum
2382 5700 2555 5767 (Iosue
2574 5710 2705 5751 xxm
2730 5715 2742 5763 ;
2773 5696 2861 5751 ΙΙΙ
2885 5700 3006 5766 Reg.
3037 5704 3116 5768 II),
3142 5702 3369 5769 patrum
3397 5717 3530 5772 ἕνα..
