3958 6466
1774 201 1800 224 ο

379 403 478 462 167
525 425 532 430 ‘

1395 397 1489 452 DE
1525 396 1716 452 VITIS
1751 394 2050 452 PATRUM
2087 397 2302 454 LIBER
2337 396 2629 454 PRIMUS.

3551 397 3667 456 168

372 528 498 582 dior
516 527 692 593 viam;
710 527 830 596 jam
844 523 994 578 enim
1014 521 1288 577 Dominus
1308 536 1398 576 me
1416 519 1634 586 invitat,
1651 521 1772 591 jam
1801 519 1965 590 cupio
1984 519 2034 580 A
2052 521 2322 593 accipere,
2347 519 2651 576 Antonium
2679 519 2738 573 in
2758 519 2986 574 Antonii
3015 518 3344 574 muneribus
3363 520 3668 592 amplecti-

371 617 560 671 videre
595 597 858 669 cdelestia.
902 611 1008 666 Sed
1038 627 1150 671 vos,
1185 626 1217 662 ο
1248 609 1460 663 viscera
1495 626 1638 675 mea,
1668 608 1961 673 admoneo,

376 723 445 759 ne
471 705 614 759 tanti
644 701 914 774 temporis
951 699 1201 754 laborem
1231 704 1460 771 repente
1489 698 1755 769 perdatis.
1788 697 1966 751 Hodie

373 811 469 848 vos
507 793 830 863 religiosum
861 789 1111 845 studium
1159 788 1466 860 arripuisse
1505 785 1876 853 arbitremini,
1909 792 1967 840 et

376 883 533 953 quasi
563 887 756 952 coepta:
786 879 1088 934 voluntatis
1114 877 1383 932 fortitudo
1411 881 1739 931 succrescet.
1770 875 1967 929 Varias

373 971 689 1025 daemonum
715 969 897 1023 nostis
916 967 1168 1032 insidias,
1191 966 1408 1020 vidistis
1433 983 1628 1020 eorum
1650 971 1707 1018 et
1725 965 1968 1036 impetus

374 1059 602 1124 feroces,
637 1065 696 1112 ct
727 1059 876 1112 vires
927 1056 1293 1111 effeminatus.
1344 1056 1536 1109 Jesum
1575 1054 1872 1126 suspirate,
1911 1058 1968 1107 et

372 1148 767 1202 credulitatem
785 1147 1029 1201 nominis
1049 1146 1170 1216 ejus
1189 1144 1388 1198 vestris
1405 1144 1560 1214 ﬁgite
1585 1143 1886 1208 mentibus,
1911 1149 1968 1197 et

374 1254 410 1291 a
435 1241 590 1292 certa
621 1237 728 1290 ﬁde
748 1236 992 1290 universi
1020 1235 1300 1288 daemones
1329 1232 1691 1304 fugabuntur.
1716 1233 1968 1286 Memen-

373 1331 491 1380 tote
521 1326 692 1379 ctiam
715 1324 781 1378 ad
791 1324 1163 1378 monitionum
1188 1339 1442 1376 mearum
1465 1328 1521 1377 et
1541 1322 1764 1377 incertae
1782 1321 1968 1376 condi-

376 1413 568 1480 tionis,
599 1414 775 1468 vitam
805 1413 1053 1484 quotidie
1097 1412 1394 1483 ancipitem
1425 1416 1742 1477 retractate,
1775 1416 1832 1465 et
1860 1427 1971 1464 coa-

375 1504 515 1557 leste
555 1502 709 1556 vobis
756 1501 1047 1572 praemium
1100 1501 1219 1555 sine
1275 1501 1628 1555 cunctamine
1671 1499 1968 1554 tribuetur.

381 1591 873 1647 Schismaticorum
901 1607 1122 1662 quoque
1153 1597 1210 1644 et
1239 1590 1626 1646 haereticorum
1649 1606 1863 1644 venena
1891 1589 1969 1642 vi-

379 1674 516 1743 tate,
558 1696 857 1750 meumque
895 1679 1042 1734 circa
1080 1696 1174 1734 eos
1229 1679 1419 1733 odium
1470 1678 1782 1743 sectamini,
1839 1677 1976 1749 quia

2047 615 2166 676 tur;
2193 616 2250 664 et
2268 616 2538 681 tanquam
2560 625 2766 679 magna
2789 608 3113 663 hmreditate
3141 609 3371 674 ditatus,
3393 609 3669 664 laetanter

2048 716 2148 769 per
2175 703 2306 764 ﬁo
2330 699 2729 753 vestimentum
2758 697 3084 751 recordatur
3113 697 3417 768 imaginem
3449 699 3668 753 sancti-

2047 788 2181 842 tatis
2209 787 2382 860 (140).

2121 875 2252 934 CAP.
2286 876 2398 930 LX.
2434 903 2496 913 -ο
2522 875 2626 928 Hic
2648 874 2892 929 Antonio
2921 875 3045 929 vitae
3077 875 3511 946 terminus'quit.
3544 875 3669 930 ista

2048 963 2324 1035 principia
2343 963 2673 1018 meritorum
2701 983 2713 1018 :
2739 980 2862 1034 quae
2881 964 3012 1017 licet
3035 965 3292 1035 parciori,
3311 971 3376 1019 ut
3397 963 3663 1036 praedixi,

2049 1069 2308 1107 sermone
2331 1053 2890 1115 narraverim,t.imcn
2909 1053 3078 1112 exﬁhis
3106 1055 3339 1124 potestis
3361 1054 3668 1108 advertere

2049 1142 2293 1212 qualiter
2305 1143 2474 1196 homo
2495 1141 2596 1196 Dei
2623 1159 2656 1195 a
2675 1141 2916 1212 pueritia
2933 1142 3003 1195 ad
3030 1149 3311 1196 senectam
3329 1159 3508 1213 usque
3524 1159 3667 1213 per-

2049 1231 2291 1298 venerit;
2326 1236 2382 1284 et
2412 1230 2559 1302 quod
2592 1229 2744 1284 omni
2773 1247 2996 1301 semper
3024 1231 3375 1286 dubitatione
3416 1233 3659 1295 calcata,

2053 1337 2155 1374 nec
2177 1320 2560 1390 languori,nec
2581 1319 2840 1388 longmvae
2859 1319 3166 1391 quidquam
3185 1320 3336 1375 aetati
3353 1321 3667 1392 aliquando

2053 1410 2409 1463 concesserit.
2434 1409 2611 1479 Magis
2639 1415 2830 1464 autem
2859 1409 3236 1480 aequalitatem
3265 1409 3539 1481 propositi
3569 1415 3666 1463 te—

2053 1515 2194 1552 nens
2227 1499 2394 1567 (141),
2449 1515 2553 1553 nec
2595 1497 2989 1552 vestimentum
3045 1499 3306 1567 mutavit,
3335 1515 3437 1553 nec
3485 1499 3668 1570 pedes

2054 1587 2208 1653 lavit,
2239 1604 2342 1642 nec
2371 1605 2554 1642 escam
2585 1596 2835 1644 sectatus
2865 1594 2953 1643 est
2981 1589 3324 1654 molliorem;
3363 1587 3666 1642 oculorum

2055 1693 2277 1748 quoque
2299 1677 2494 1739 aciem,
2522 1684 2580 1732 et
2594 1696 2894 1733 numerum
2917 1678 3192 1742 dentium,
3206 1678 3339 1732 licet
3361 1677 3668 1748 paululum

382 1769 590 1823 Christi
619 1775 751 1824 sunt
787 1768 1016 1824 inimici.
1052 1768 1214 1822 Scitis
1270 1767 1375 1839 ipsi
1415 1767 1564 1838 quod
1619 1768 1806 1821 nullus
1835 1766 1974 1820 mihi
1995 1833 2033 1839 _
2057 1765 2127 1819 ob
2156 1771 2379 1820 aetatem
2411 1767 2735 1822 viderentur
2761 1767 2964 1832 attriti,
2991 1783 3205 1821 necnon
3237 1773 3294 1820 et
3321 1766 3528 1837 pedum
3569 1765 3668 1819 in-

381 1875 484 1912 nec
505 1857 766 1928 paciﬁcus
790 1857 1014 1928 quidem
1031 1873 1212 1910 sermo
1228 1873 1353 1911 cum
1369 1857 1448 1910 eis
1462 1856 1764 1927 aliquando
1782 1857 1971 1920 fuerit,
1995 1833 2040 1892 B
2059 1871 2294 1916 cessum,
2319 1856 2492 1911 totius
2523 1858 2694 1911 etiam
2711 1857 2958 1928 corporis
2988 1855 3334 1912 ﬁrmitatem.
3353 1855 3434 1909 ita
3461 1861 3670 1909 contra

381 1951 854 2019 propter'pravam
877 1963 1070 2000 eorum
1098 1946 1468 2010 voluntatem,
1493 1951 1550 2000 et
1569 1945 1826 2016 pertinax
1843 1961 1976 1999 con-
2053 1943 2186 2013 jura
2213 1951 2429 2000 natura:
2460 1947 2789 2000 meritorum
2818 1945 3004 2016 gratia
3031 1944 3350 2007 custodivit,
3381 1949 3448 1998 ut
3465 1944 3669 1998 lauto-

379 2041 469 2089 tra
494 2035 777 2090 Christum
799 2034 1027 2088 bellum.
1052 2035 1117 2089 In
1137 2035 1242 2091 hoc
1260 2040 1451 2088 autem
1468 2035 1647 2104 magis
1669 2040 1846 2088 estote
1871 2033 1976 2087 sol-

380 2123 530 2188 liciti,
567 2129 630 2176 ut
657 2121 880 2178 Domini
909 2129 1186 2194 praecepta
1205 2123 1455 2186 servetis,
1483 2128 1549 2178 ut
1577 2129 1704 2194 post
1735 2128 1978 2177 mortem

382 2219 622 2267 vestram
677 2212 856 2266 sancti
887 2212 1110 2282 quique,
1142 2211 1331 2282 quasi“
1351 2212 1562 2266 amicos
1605 2217 1663 2266 et
1703 2218 1885 2277 notos,
1919 2211 1978 2265 in

379 2308 590 2356 aeterna
624 2318 720 2355 vos
761 2301 1035 2372 recipiant
1078 2301 1445 2355 tabernacula
1485 2303 1660 2368 (Lucae
1689 2303 1818 2368 xvr).
1852 2301 1980 2354 Haec

381 2391 638 2462 cogitate,
679 2389 792 2444 hanc
838 2391 1036 2461 sapite,
1083 2391 1200 2444 haec
1245 2390 1512 2457 retexite;
1546 2396 1602 2444 et
1639 2389 1686 2443 si
1717 2405 1830 2460 qua
1867 2389 1978 2444 mei

381 2479 536 2534 vobis
567 2497 719 2543 cura,
749 2479 796 2532 si
829 2495 942 2550 qua
970 2479 1148 2550 patris
1177 2479 1450 2534 memoria
1479 2484 1583 2544 est,
1609 2479 1656 2533 si
1681 2479 1818 2532 mihi
1837 2478 1977 2532 vica-

380 2569 528 2623 rium
545 2568 886 2640 repraestatis
907 2569 1167 2622 affectum
1192 2567 1361 2638 (134),
1375 2569 1564 2622 nullus
1581 2568 1653 2622 ad
1677 2569 1979 2639 [Egyptum

387 2675 539 2711 meas
569 2658 814 2728 perferat
842 2657 1126 2727 reliquias,
1152 2674 1223 2711 ne
1245 2674 1386 2711 vano
1411 2674 1612 2728 corpus
1634 2657 1845 2711 honore
1867 2673 1980 2710 ser-

388 2752 566 2810 vetur,
584 2763 653 2800 ne
677 2745 992 2816 vituperati,
1012 2751 1076 2800 ut
1094 2746 1290 2808 nostis,
1313 2764 1348 2799 a
1369 2763 1459 2800 me
1480 2731 1625 2800 ritus
1645 2747 1817 2800 etiam
1835 2746 1980 2800 circa

393 2852 482 2887 me
512 2840 806 2888 serventur
823 2833 1108 2905 obsequia.
1142 2835 1324 2905 llujus
1355 2835 1502 2888 enim
1537 2835 1620 2888 rei
1646 2835 1832 2906 gratia
1859 2851 1980 2888 ma-

388 2923 536 2976 xime
559 2923 666 2976 huc
687 2939 812 2976 sum
837 2923 1267 2993 regressus.Vos
1289 2923 1462 2993 igitur
1485 2934 1656 2978 numo
1672 2923 1863 2994 tegite,
1886 2940 1982 2977 vos

387 3010 563 3082 patris
601 3011 814 3080 operite
851 3013 1262 3082 corpusculum.
1301 3018 1359 3066 et
1395 3012 1533 3066 illud
1571 3029 1792 3084 quoque
1833 3012 1982 3066 senis

388 3095 556 3148 vestri
583 3095 858 3149 custodite
878 3096 1228 3162 mandatum,
1249 3102 1314 3150 ut
1334 3114 1499 3151 nemo
1521 3103 1724 3168 praeter
1737 3103 1980 3152 vestram

2059 2049 2186 2086 rum
2237 2050 2558 2104 corporum,
2599 2052 2722 2104 quae
2752 2033 2967 2088 balneis
3013 2039 3182 2104 atque
3213 2031 3427 2086 deliciis
3471 2032 3670 2086 confo-

2058 2128 2278 2187 ventur,
2305 2123 2541 2176 hilarior
2569 2125 2691 2194 ejus
2719 2140 2849 2177 caro
2879 2122 3180 2176 videretur.

2131 2212 2262 2266 CAP.
2286 2212 2425 2266 LXI.
2447 2243 2511 2252 —
2543 2213 2660 2266 Hoc
2683 2212 2874 2276 etiam,
2901 2211 3124 2274 fratres,
3158 2210 3306 2282 quod
3333 2227 3433 2282 per
3460 2227 3668 2264 omnes

2059 2301 2370 2372 provincias
2400 2317 2560 2355 amor
2586 2302 2708 2371 ejus
2742 2299 3002 2371 famaque
3031 2299 3300 2363 volitavit,
3333 2315 3503 2370 quem
3556 2316 3672 2353 nec

2057 2389 2327 2444 librorum
2348 2389 2840 2444 disseminatorum
2863 2389 3042 2444 oratio
3063 2389 3347 2444 luculenta
3364 2386 3532 2457 (H2),
3557 2405 3672 2443 nec

2058 2479 2354 2533 mundanae
2375 2479 2664 2550 sapientiae
2685 2479 3120 2550 disputatio,nec
3139 2477 3400 2532 nobilitas
3411 2479 3668 2547 generis,

2059 2585 2164 2623 nec
2191 2585 2362 2639 opum
2391 2569 2614 2623 inﬁnita
2660 2569 2945 2638 congestio
2973 2566 3400 2632 commendavit,
3429 2565 3519 2621 cui
3544 2583 3675 2621 om-

2060 2659 2218 2712 nium
2247 2675 2342 2712 ore
2379 2663 2466 2712 est
2492 2658 2903 2722 ascribendum,
2935 2657 3042 2711 nisi
3074 2658 3320 2720 Christo,
3355 2657 3516 2727 cujus
3556 2656 3674 2711 hoc

2061 2747 2267 2801 donum
2289 2747 2409 2801 est?
2431 2747 2526 2818 qui
2547 2748 2775 2802 devotos
2799 2749 2922 2818 ejus
2941 2746 3159 2800 animos
3180 2764 3316 2817 erga
3343 2763 3506 2800 suam
3527 2763 3676 2816 prae-

2062 2835 2252 2890 videns
2291 2837 2666 2906 majestatem,
2697 2836 2988 2890 hominem
3021 2836 3131 2889 alio
3162 2852 3304 2906 pene
3335 2834 3468 2888 orbe
3515 2834 3675 2888 cela-

2061 2929 2204 2987 tum,
2239 2931 2295 2979 et
2323 2925 2470 2980 inter
2517 2932 2704 2980 tantas
2761 2926 3005 2996 positum
3057 2925 3222 2978 soliti:
3249 2925 3409 2990 lines,
3441 2922 3667 2988 Africae,

2064 3013 2366 3084 Hispaniae,
2400 3014 2613 3079 Galliae,
2649 3015 2842 3079 Italiae,
2875 3015 3118 3085 Illyrico,
3167 3013 3274 3084 ipsi
3303 3012 3495 3076 etiam,
3533 3029 3672 3083 qua:

2061 3101 2282 3156 urbium
2314 3108 2483 3173 caput
2510 3109 2614 3171 est,
2648 3103 2836 3157 Romae
2867 3102 3032 3172 (143),
3065 3107 3129 3156 ut
3157 3101 3216 3156 in
3263 3101 3492 3156 exordio
3531 3118 3674 3172 pro-

387 3183 746 3238 dilectionem
783 3184 966 3238 locum
995 3185 1200 3238 tumuli
1233 3185 1342 3238 mei
1372 3185 1606 3239 noverit.
1639 3187 1870 3240 Conﬁdo
1923 3182 2036 3240 inf‘.
2059 3191 2754 3256 miserat,demonstravit.
2772 3191 3056 3246 Creatoris
3081 3197 3168 3246 est
3187 3191 3296 3244 ista
3316 3190 3666 3261 benignitas.

388 3272 646 3335 Domino,
665 3273 798 3344 quia
815 3273 1128 3328 necessario
1150 3275 1574 3330 resurrectionis
1603 3280 1854 3346 tempore
1877 3276 1982 3330 hoc

391 3363 782 3432 corpusculum
803 3369 1059 3433 resurget
1079 3362 1482 3434 incorruptum.
1504 3364 1979 3420 Vestimentorum

385 3456 573 3504 autem
617 3468 869 3505 meorum
899 3451 972 3506 sit
1015 3451 1124 3506 ista
1161 3453 1356 3506 divisio
1389 3453 1535 3520 ([333)
1569 3469 1582 3506 :
1625 3453 1885 3508 Melotem
1925 3460 1984 3509 et

389 3539 622 3608 pallium
651 3539 868 3600 tritum,
893 3539 982 3593 cui
1012 3541 1354 3611 superjacco,
1385 3542 1693 3596 Athanasio
1723 3542 1982 3614 episcopo

389 3626 539 3689 date,
554 3628 701 3698 quod
725 3627 860 3682 mihi
878 3644 1081 3682 novum
1095 3629 1212 3700 ipse
1235 3629 1513 3684 detulerat
1527 3628 1692 3701 (136).
1713 3631 1984 3702 Serapion

388 3715 680 3787 episcopus
706 3715 858 3786 (137)
889 3718 1059 3772 aliam
1087 3717 1325 3789 accipiat
1352 3719 1644 3784 melotem;
1675 3737 1768 3774 vos
1809 3720 1983 3774 cilici-

387 3821 524 3859 num
557 3805 818 3860 habetote
849 3807 1262 3871 vestimentum,
1287 3814 1344 3862 et
1371 3809 1568 3876 valete,
1603 3809 1808 3863 viscera
1829 3826 1980 3877 mea;

387 3894 666 3949 Antonius
696 3895 843 3950 enim
877 3897 1102 3967 migrat,
1135 3902 1192 3951 et
1215 3897 1334 3968 jam
1373 3913 1482 3952 non
1515 3898 1624 3952 erit
1642 3898 1700 3952 in
1729 3898 1987 3970 praesenti

386 3984 589 4038 saeculo
620 3984 924 4041 vobiscum.

460 4073 598 4130 CAP.
637 4073 778 4128 LIX.
821 4101 885 4113 --
921 4073 1104 4128 Verba
1129 4075 1369 4140 ﬁnierat,
1409 4082 1468 4130 et
1507 4075 1885 4130 osculantibus
1928 4094 1988 4131 se

388 4158 697 4231 discipulis,
720 4161 1024 4217 extendens
1042 4163 1335 4234 paululum
1357 4165 1544 4236 pedes,
1565 4170 1805 4220 mortem
1827 4166 1987 4220 laetus

388 4248 608 4319 aspexit
639 4246 806 4318 (138);
835 4249 916 4304 ita
941 4256 1006 4304 ut
1024 4267 1090 4305 ex
1118 4251 1403 4307 hilaritate
1430 4254 1617 4308 vultus
1646 4255 1788 4325 ejus,
1813 4272 1987 4326 ange-

385 4337 574 4391 lorum
595 4342 936 4404 sanctorum,
972 4339 1068 4410 qui
1101 4340 1174 4394 ad
1191 4341 1578 4412 perferendam
1599 4342 1846 4398 animam
1865 4346 1986 4416 ejus

387 4425 812 4492 descenderant,
844 4429 1144 4499 praesentia
1190 4435 1540 4489 nosceretur.
1581 4433 1694 4486 Hos
1736 4432 1981 4502 intuens,

2064 3280 2158 3352 qui
2188 3281 2425 3335 famulos
2451 3298 2601 3344 suos.
2634 3281 2764 3336 licet
2791 3282 3066 3345 nolentes,
3097 3279 3395 3334 nobilitare
3425 3295 3668 3334 consue-

2065 3370 2157 3436 vit,
2181 3375 2244 3424 ut
2269 3370 2442 3424 virtus
2470 3370 2744 3442 possibilis
2773 3388 2876 3425 nec
2903 3377 3060 3425 extra
3083 3369 3390 3424 humanam
3415 3385 3540 3423 esse
3561 3384 3664 3422 na-

2065 3465 2248 3514 turam
2260 3465 2580 3515 sanctorum
2602 3460 2870 3514 doceatur
2882 3459 3174 3531 exemplis,
3189 3465 3246 3514 et
3259 3459 3330 3513 ad
3345 3458 3521 3513 beatae
3533 3457 3668 3512 vita

2061 3547 2456 3615 imitationem,
2475 3565 2553 3603 .ex
2573 3549 2756 3603 fructu
2786 3549 2992 3604 laboris
3019 3549 3263 3621 optimus
3293 3548 3530 3619 quisque
3556 3548 3668 3603 im-

2066 3637 2326 3708 pellatur.

2137 3726 2268 3780 er.
2308 3726 2476 3780 LXII.
2505 3755 2570 3766 -—-
2603 3726 2763 3780 Hunc
2792 3725 2984 3798 itaque
3013 3725 3282 3780 fratribus
3310 3724 3516 3779 librum
3546 3739 3674 3777 ma-

2064 3830 2312 3885 gnopere
2331 3815 2616 3886 perlegere
2637 3821 2849 3882 curate,
2866 3821 2950 3881 ut,
2974 3815 3166 3886 agnita
3185 3814 3334 3868 ﬁdeli
3360 3814 3474 3867 vita
3491 3811 3672 3866 subli-

2070 3904 2247 3957 mium
2274 3905 2722 3959 Christianorum
2752 3911 2810 3958 et
2849 3905 3270 3970 monachorum,
3303 3903 3485 3956 sciant
3513 3901 3672 3972 quod

2070 3993 2324 4047 Salvator
2348 3999 2542 4048 noster
2562 3995 2590 4048 J
2595 4011 2724 4048 esus
2744 3994 3000 4048 Christus
3018 3993 3395 4063 gloriﬁcantes
3419 4008 3479 4045 se
3495 3990 3674 4060 glori-

2070 4083 2217 4148 ﬁcat,
2252 4088 2310 4136 et
2353 4083 2722 4137 servientibus
2771 4082 3014 4149 sibimet,
3059 4099 3172 4137 non
3226 4088 3448 4136 tantum
3487 4096 3673 4150 regna

2069 4172 2356 4235 caelorum,
2389 4172 2487 4226 sed
2525 4172 2695 4226 etiam
2727 4172 2817 4226 hic
2843 4171 2903 4228 in
2945 4171 3080 4243 ipsis
3121 4171 3400 4226 montium
3433 4169 3670 4224 secretis

2067 4259 2242 4315 latere
2263 4260 2636 4332 cupientibus,
2653 4261 2812 4316 famae
2822 4261 3020 4316 tribuit
3030 4260 3380 4316 nobilitatem
3396 4279 3408 4326 ;
3427 4258 3662 4326 scilicet,

2066 4355 2131 4404 ut
2144 4354 2201 4404 et
2222 4349 2329 4421 ipsi
2349 4349 2610 4404 fruantur
2632 4350 2796 4404 laude
2816 4351 3166 4416 meritorum,
3182 4355 3240 4404 et
3258 4348 3444 4404 caiteri
3463 4363 3663 4403 eorum

2066 4445 2434 4508 provocentur
2452 4439 2738 4511 exemplis.
2765 4439 2822 4494 Si
2851 4445 3040 4494 autem
3063 4439 3442 4494 necessarium
3464 4437 3659 4503 fuerit,

385 4519 659 4587 tanquam
689 4517 902 4572 amicos
929 4517 1158 4584 videret,
1199 4519 1446 4574 animam
1476 4522 1770 4586 exhalavit,
1805 4529 1862 4578 et
1889 4524 1986 4579 ad-
2004 4535 2052 4594 1)
2066 4531 2122 4580 et
2134 4527 2395 4597 gentibus
2417 4529 2604 4599 legite,
2619 4534 2684 4584 ut
2702 4529 2787 4582 vel
2809 4529 2889 4583 sic
2909 4534 3216 4600 agnoscant
3233 4528 3367 4600 quia
3385 4526 3662 4582 Dominus

387 4603 538 4659 ditus
555 4611 642 4660 est
661 4607 914 4678 patribus
941 4608 1250 4662 secundum
1271 4609 1524 4664 ordinem
1545 4611 1979 4684 Scripturarum.

389 4694 760 4751 Servaverunt
787 4697 1054 4751 mandata
1081 4697 1339 4769 discipuli
1363 4699 1537 4770 (139),
1557 4701 1866 4757 involutum
1901 4705 1986 4768 (ut

387 4789 744 4855 praeceperat)
773 4804 975 4858 corpus
1003 4787 1173 4842 humo
1193 4788 1536 4860 operientes;
1560 4797 1618 4846 et
1640 4808 1805 4847 nemo
1837 4793 1982 4848 inte-

386 4871 498 4926 rim
525 4889 702 4944 usque
731 4875 802 4928 ad
827 4875 970 4930 hanc
997 4877 1167 4939 diem,
1198 4884 1403 4949 preter
1428 4897 1541 4946 eos,
1566 4880 1662 4935 ubi
1693 4881 1766 4935 sit
1795 4882 1982 4936 condi-

387 4965 532 5027 tum,
548 4963 720 5017 novit.
741 4964 1068 5034 Legatarius
1093 4972 1283 5022 autem
1303 4969 1532 5024 Antonii
1561 4969 1858 5038 benedicti,
1884 4971 1980 5042 qui

387 5050 587 5104 tritum
618 5051 850 5122 pallium
875 5070 1002 5108 cum
1031 5055 1234 5111 melote
1271 5057 1506 5130 imperio
1535 5060 1658 5130 ejus
1696 5067 1981 5116 meruerat

2066 4621 2260 4670 noster
2301 4618 2463 4672 Jesus
2514 4617 2770 4672 Christus
2840 4635 2953 4672 non
3001 4619 3182 4673 solum
3223 4623 3309 4672 est
3356 4617 3524 4683 Deus,
3555 4614 3660 4670 Dei

2065 4705 2256 4768 Filius,
2290 4707 2387 4760 sed
2433 4706 2604 4761 etiam
2653 4707 2740 4760 bis
2777 4706 2873 4778 qui
2913 4723 3040 4762 eum
3089 4707 3324 4762 sollicite
3356 4707 3566 4773 colunt,
3601 4711 3663 4759 et

2062 4794 2122 4850 in
2148 4812 2277 4850 eum
2301 4796 2542 4850 ﬁdeliter
2573 4797 2826 4861 credunt,
2860 4796 3004 4850 hanc
3024 4796 3180 4851 dedit
3207 4800 3562 4867 potestatem,
3595 4799 3664 4848 ut

2063 4884 2362 4950 daemones,
2387 4902 2526 4957 quos
2545 4885 2625 4939 illi
2649 4885 2785 4940 deos
2805 4901 2926 4940 esse
2947 4885 3312 4950 arbitrantur,
3329 4883 3663 4939 conculcent

2059 4978 2229 5045 atque
2284 4973 2528 5045 ejiciant,
2577 4975 2902 5046 deceptores
2956 4975 3176 5028 scilicet
3223 4974 3546 5038 hominum,
3603 4977 3664 5028 et

2059 5063 2232 5118 totius
2255 5064 2630 5136 corruptionis
2667 5063 2929 5119 artiﬁces.

1564 5253 1825 5295 EPILOGUS
1851 5253 2072 5296 EVAGRH
2110 5256 2480 5300 INTERPBBTIS.

460 5409 654 5482 Itaque
676 5411 999 5482 prudentes,
1022 5414 1118 5486 qui
1145 5415 1330 5485 legere
1358 5417 1638 5472 voluerint
1665 5418 1808 5474 hanc
1836 5420 2190 5493 scripturam,
2224 5421 2580 5478 obsecramus
2604 5428 2668 5476 ut
2693 5422 2828 5477 dent
2846 5424 3086 5491 veniam,
3111 5425 3159 5478 si
3180 5425 3355 5480 Graeci
3381 5424 3663 5479 sermonis

389 5496 500 5550 vim
527 5499 839 5568 exprimere
857 5517 970 5554 non
989 5501 1294 5572 potuimus,
1312 5507 1712 5561 transferentes
1733 5525 1859 5563 eum
1880 5510 1938 5564 in
1957 5511 2215 5565 Latinam
2239 5511 2509 5581 linguam,
2533 5511 2664 5566 licet
2683 5518 2878 5568 contra
2894 5519 3147 5568 nostrum
3170 5513 3518 5584 pr0positum
3538 5513 3662 5568 haec

390 5585 704 5642 fecerimus.
723 5591 829 5645 Sed
852 5608 962 5644 non
983 5592 1140 5662 quasi
1158 5593 1470 5649 invidentes
1486 5595 1813 5650 nolebamus
1824 5598 2024 5664 facere,
2041 5600 2139 5653 sed
2162 5599 2504 5654 sufﬁcienter
2519 5601 2700 5655 sciens
2717 5607 2986 5673 quantam
3002 5603 3394 5659 inﬁrmitatem
3415 5604 3660 5658 sustinet

392 5677 620 5732 Graecus
638 5695 822 5734 sermo
839 5681 1148 5736 translatus
1165 5681 1226 5736 in
1239 5681 1620 5752 Latinitatem;
1635 5690 1825 5741 tamen
1844 5687 2149 5744 maluimus
2164 5689 2419 5746 Graecum
2435 5707 2752 5748 sermonem
2769 5693 2874 5748 hoc
2890 5692 3188 5760 sustinere,
3202 5709 3372 5764 quam
3394 5692 3658 5750 fraudem
