3958 6390
155 312 264 370 17⁸1

1054 308 1228 369 VITA
1262 306 1476 368 BEA'H
1509 307 1820 368 ΛΝΤΟΝΠ
1853 307 2180 380 ABBATIS,
2209 306 2552 368 NOTATIO.

3273 305 3281 311 ’
3342 307 3452 368 1⁸18

161 456 420 506 monum,
453 439 552 524 qui
575 439 790 524 dicitur
815 439 1036 524 igneus:
1067 439 1213 524 Sunt
1249 436 1400 492 enim
1443 435 1765 524 daemonum
1781 437 2001 501 Anatio
2017 435 2228 524 Christi
2248 435 2392 520 facta
2413 441 2501 492 est
2517 435 2575 492 in
2592 435 2781 524 Eri-is,
2800 452 2902 493 nos
2923 436 3276 524 sine'viribus
3291 404 3450 512 pror-

163 529 412 596 quoque,
446 509 593 568 icut
616 509 909 596 hominum
933 509 1277 596 differentiae,
1301 526 1413 596 non
1442 515 1659 596 mutata
1682 527 1766 596 es-

161 581 262 641 sen
271 581 366 650 tia,
399 602 596 640 verum
617 592 807 640 mente
824 585 1064 640 diversa.
1097 603 1118 636 ι
1141 582 1280 638 Vide
1300 581 1452 636 dicta
1469 582 1541 638 ad
1561 598 1683 655 cap.
1705 583 1758 650 4,

155 675 312 713 num.
352 659 447 712 14.

222 729 315 797 (39
326 730 530 797 )Adpri
535 745 686 782 mum
701 731 948 798 quodque
959 731 1140 782 erucis
1151 729 1376 795 signum
1389 727 1762 799 evanescunt]

154 803 324 864 Nota,
358 801 638 863 haeretice,
664 801 811 872 signi
828 801 1006 855 crucis
1025 799 1349 872 efﬁcaciam,
1381 799 1542 872 cujus
1573 815 1762 854 exem-

155 875 248 946 pla
279 873 580 946 manifesta
607 873 665 945 in
689 870 794 926 hac
825 872 1068 946 Antonii
1074 871 1202 946 Vita
1233 870 1405 946 habes
1433 871 1602 946 etiam
1635 889 1756 946 cap.

163 942 243 1009 18,
277 952 340 1000 et
366 961 489 1016 cap.
519 942 700 1009 ‘26,'et
726 943 908 1015 capite
930 945 1013 1016 49.
1038 944 1218 1016 Plura
1236 943 1306 996 de
1331 942 1498 1016 ihisin
1514 943 1762 1016 operasis

158 1017 412 1072 Gretzeri
436 1015 612 1072 nostri
634 1017 703 1070 de
731 1017 907 1071 Cruce
928 1015 1105 1069 libris.
1125 1015 1225 1068 Vel
1240 1032 1304 1068 ex
1330 1015 1434 1068 hoc
1449 1015 1568 1068 loco
1583 1015 1761 1070 Flacci

155 1089 367 1162 Illyrici
399 1089 760 1162 redarguitur
779 1087 1154 1152 mendacium,
1181 1086 1355 1162 quiin
1383 1087 1636 1162 catalogo
1656 1094 1764 1141 tes-

152 1158 302 1216 tium
329 1161 602 1222 veritatis,
653 1159 796 1213 libro
836 1175 892 1221 ιι,
943 1175 1056 1213 non
1091 1159 1304 1212 veritus
1349 1163 1433 1212 est
1473 1158 1756 1213 scribere:

161 1251 188 1284 α
217 1233 398 1288 Multa
428 1231 498 1286 de
525 1231 758 1288 Antonii
783 1231 944 1286 luetis
961 1247 1088 1285 cum
1112 1231 1323 1285 Satana
1341 1230 1465 1300 lego
1485 1248 1498 1298 ;
1515 1231 1611 1284 sed
1631 1247 1762 1285 nus-

159 1319 330 1375 quam
356 1303 428 1358 de
457 1319 606 1374 aqua
629 1302 940 1366 benedicta,
975 1319 1157 1375 cruce,
1190 1318 1337 1375 cera,
1363 1308 1424 1375 _et
1449 1301 1638 1356 herbis
1667 1319 1758 1356 sa-

159 1373 349 1430 cratis.
389 1396 413 1427 ι
443 1373 660 1446 Nempe
687 1381 802 1428 tam
828 1375 1056 1428 oculeus
1085 1373 1192 1428 fuit
1220 1373 1510 1446 Illyricus,
1541 1380 1605 1428 ut
1632 1391 1761 1429 cum

159 1447 329 1502 variis
344 1445 621 1518 capitibus
640 1447 919 1501 Antonius
947 1445 1450 1518 cruciseﬂicaciam
1481 1445 1761 1518 depraedia

159 1520 321 1580 carit,
352 1517 587 1590 ejusque
615 1519 882 1574 vexillum
913 1517 1193 1584 extulerit,
1226 1534 1298 1572 ne
1327 1534 1505 1572 unum
1534 1517 1760 1589 quidem

163 1591 528 1663 perspexerit.

225 1663 536 1728 (40Hlamo
549 1664 733 1716 erucis
752 1667 814 1716 ut
825 1663 1008 1725 draco,
1024 1663 1380 1716 aduncatusa
1400 1663 1632 1716 Domino
1644 1662 1764 1733 est]

161 1734 378 1788 Alludit
397 1734 467 1788 ad
489 1733 614 1789 Jobi
635 1750 756 1804 cap.
781 1749 871 1797 XL,
905 1748 960 1788 ν.
997 1733 1102 1788 20:
1136 1736 1222 1788 An
1253 1735 1536 1787 extrahere
1562 1737 1765 1804 poteris

162 1807 462 1874 Lceiathan
493 1803 816 1860 hamoifubi
838 1805 897 1860 in
917 1805 1110 1860 Graeco
1139 1821 1152 1860 :
1177 1804 1348 1866 'AEszg
1372 1805 1424 1857 δὲ
1446 1805 1690 1874 δράκοντα
1715 1803 1762 1858 ἐν

167 1873 435 1949 ἆγκίστρῳ;
461 1879 630 1932 Duces
651 1882 836 1930 autem
851 1879 1142 1949 draconem
1159 1879 1222 1929 in
1239 1877 1438 1949 hamo?
1458 1873 1764 1949 Gregorius

159 1947 468 2020 Nyssenus,
494 1955 622 2003 orat
673 1963 712 2014 Ι,
745 1949 814 2002 de
841 1947 1250 2020 resurrectione
1271 1947 1516 2009 Domini,
1543 1965 1644 2018 per
1663 1947 1762 2002 lia-

161 2019 317 2074 mum
339 2023 691 2075 divinitatem
713 2020 920 2075 Christi
943 2037 1052 2092 qua
1071 2019 1328 2074 diabolus
1343 2027 1538 2090 captus
1559 2026 1660 2083 est,
1679 2021 1760 2076 in-

161 2093 362 2163 telligit
389 2110 402 2164 :
428 2110 452 2143 ι
473 2092 880 2164 Duminhians,
904 2093 1105 2164 inquit,
1124 2092 1193 2146 ad
1211 2093 1394 2145 carnis
1411 2109 1595 2164 escam
1617 2092 1761 2162 aspi-

158 2169 264 2228 rat,
296 2163 606 2218 divinitatis
628 2163 796 2218 hamo
827 2163 1130 2218 transﬁxus
1161 2169 1264 2229 est,
1284 2169 1454 2234 atque
1483 2163 1562 2217 ita
1590 2164 1758 2218 draco

157 2252 258 2306 per
284 2235 515 2290 hamum
547 2235 750 2290 ductus
788 2241 891 2300 est,
932 2241 998 2290 ut
1023 2236 1105 2290 ait
1122 2234 1245 2298 Job,
1273 2236 1366 2306 qui
1389 2252 1491 2304 per
1505 2251 1582 2300 se,
1609 2235 1758 2306 quod

156 2307 409 2362 futurum
424 2312 565 2373 erat,
579 2324 770 2379 praanu
778 2308 966 2361 ntians
985 2326 996 2362 :
1021 2309 1222 2370 Hamo,
1239 2307 1442 2378 inquit,
1455 2307 1759 2361 dracon‘em

159 2379 346 2434 duces.
374 2398 400 2431 ι
431 2379 546 2433 Nec
565 2379 732 2433 aliter
751 2379 988 2448 Magnus
1017 2379 1354 2449 Gregorius:
1396 2398 1417 2428 ι
1451 2379 1757 2432 Leviathan

159 2450 264 2504 iste
279 2451 445 2524 hamo
454 2456 660 2524 captus
678 2455 781 2513 est,
802 2451 933 2522 quia
947 2450 1005 2504 in
1021 2451 1137 2504 Red
1145 2456 1396 2524 emptore
1415 2458 1611 2524 nostro
1619 2451 1691 2524 du
1702 2465 1755 2524 m

157 2539 259 2594 per
285 2521 554 2576 satellites
575 2539 708 2576 suos
729 2521 914 2576 escam
941 2522 1193 2594 corporis
1214 2521 1536 2594 momordit,
1560 2521 1759 2594 divini-

161 2593 292 2647 tatis
320 2594 478 2648 illum
507 2594 737 2648 aculeus
763 2593 1080 2664 perforavit.
1117 2593 1288 2658 Quasi
1319 2595 1518 2647 hamus
1549 2593 1758 2664 quippe

159 2665 347 2720 fauces
365 2665 661 2736 glutientis
682 2665 884 2720 tenuit.
899 2666 1033 2719 dum
1055 2666 1112 2719 in
1131 2665 1226 2719 illo
1243 2671 1300 2718 et
1317 2681 1444 2719 esca
1463 2665 1648 2719 carnis
1665 2682 1761 2736 pa-

161 2737 292 2801 tuit,
317 2753 486 2808 quam
514 2737 813 2792 devorator
830 2743 1155 2808 appeteret;
1190 2743 1247 2790 et
1261 2737 1522 2790 divinitas
1544 2738 1760 2806 passio-

157 2809 246 2882 nis
272 2814 525 2882 tempore
547 2809 731 2874 latuit,
757 2827 879 2882 qua:
899 2815 1142 2864 necaret.
1179 2829 1201 2860 ι
1229 2809 1336 2882 Qui
1358 2809 1560 2862 deinde
1592 2809 1761 2882 hujus

157 2880 310 2934 hami
332 2880 539 2935 lineam
557 2898 658 2952 per
677 2880 1035 2952 antiquorum
1054 2881 1422 2952 prOpaginem
1441 2886 1646 2952 tortam
1658 2881 1761 2933 do-

158 2957 264 3006 cet.
302 2952 441 3006 Vide
473 2951 734 3006 eumdem
765 2951 834 3007 de
856 2953 1020 3006 hamo
1043 2953 1112 3006 ad
1146 2951 1368 3006 versum
1399 2951 1522 3006 Jobi
1551 2969 1758 3022 preece-

156 3023 405 3078 dentem.
441 3025 679 3079 Sanctus
699 3025 977 3078 Antonius
1001 3024 1168 3078 hamo
1197 3040 1412 3077 crucem
1435 3029 1753 3094 comparat;

159 3095 691 3167 Olympiodorus,in
721 3096 933 3150 Catena
952 3096 1273 3150 Graecorum
1295 3099 1470 3150 clavos
1491 3095 1751 3167 eiaptat:

161 3183 197 3240 cf
218 3165 468 3240 Isenim,
501 3167 599 3231 ait,
614 3183 781 3240 carne
804 3185 906 3222 sua
927 3168 1084 3240 quasi
1102 3167 1344 3238 quadam
1367 3183 1494 3240 esca
1513 3165 1752 3240 objecta,

154 3239 326 3311 clavis
357 3239 492 3302 suis,
525 3239 688 3311 quasi
716 3239 918 3304 hamis,
947 3239 1160 3310 piscem
1190 3239 1452 3311 captavit.
1486 3258 1512 3291 ››

229 3308 340 3377 (41)
364 3311 416 3366 Ν
416 3328 450 3363 u
459 3327 526 3364 nc
541 3308 881 3364 iniserabilis
901 3308 1163 3379 utpasscr
1182 3308 1296 3365 ad'l
1303 3313 1477 3364 udum
1500 3313 1756 3365 irretitus

153 3383 437 3454 aChristo
467 3383 588 3454 est.]
616 3383 693 3436 Ex
721 3383 917 3437 eodem
957 3382 1080 3437 Jobi
1127 3382 1308 3454 capite
1348 3382 1710 3453 desumptum
1741 3399 1754 3436 :

155 3453 429 3522 Nunquid
448 3453 647 3507 illudes
667 3457 716 3507 ei
737 3457 902 3523 quasi
917 3458 1028 3519 avi,
1047 3459 1147 3508 aut
1169 3453 1366 3519 [ir/abis
1386 3471 1508 3506 eum
1530 3457 1759 3508 ancillis

159 3527 272 3578 tuis
297 3531 321 3577 ?
346 3525 464 3580 Hoc
492 3530 808 3580 queruntur
833 3526 1114 3580 daemones
1137 3527 1193 3580 in
1213 3526 1339 3580 Vita
1352 3526 1530 3579 sancti
1552 3526 1760 3579 Pacho-

155 3595 275 3668 mii,
310 3595 570 3668 cap/ii):
615 3597 751 3668 (Ex
779 3615 890 3668 quo
920 3597 1192 3652 mirabilis
1216 3597 1529 3651 incarnatio
1549 3597 1758 3651 Christi

155 3667 306 3723 facta
333 3675 420 3723 est
443 3667 500 3722 in
527 3667 846 3740 ten-istnos
875 3669 995 3724 sine
1027 3669 1235 3724 viribus
1264 3685 1493 3740 prorsus
1520 3669 1760 3724 existere

157 3741 466 3813 cupimus;
498 3740 577 3796 ita
598 3745 662 3795 ut
689 3739 758 3794 ab
787 3741 875 3795 his
905 3741 999 3813 qui
1021 3739 1344 3796 credunt’in
1376 3739 1754 3813 nomineejus,

157 3810 468 3885 illudamur
483 3817 548 3866 ut
562 3827 834 3884 passeres.
862 3833 890 3863 ιι
920 3810 1091 3885 Ἁριιά
1115 3814 1482 3885 Clementem,
1499 3810 1758 3866 libro’vm

159 3882 399 3956 Constit.
430 3882 704 3956 Apostol.,
737 3885 918 3956 capite
945 3882 997 3949 7,
1020 3885 1078 3940 in
1095 3883 1477 3938 obsecratione
1490 3901 1590 3956 pro
1602 3899 1761 3956 ener-

160 3955 446 4043 gumenis,
469 3955 820 4043 respiciendo
839 3956 908 4043 ad
929 3956 1040 4010 vim
1062 3956 1504 4043 exorcismorum
1528 3974 1540 4009 :
1577 3955 1642 4009 Ὁ
1671 3955 1760 4023 τὴν

164 4025 577 4098 ἀνθρωποκτόνοῦ
604 4025 710 4096 ὅφιν
739 4029 998 4097 δεσμώτην
1029 4027 1278 4098 παραδοὺς
1306 4030 1443 4095 ἡμῖν,
1477 4029 1545 4089 ὡς
1583 4045 1762 4098 στρου-

161 4101 263 4153 θίον
293 4099 526 4180 nesciat?
555 4116 583 4151 ι
613 4098 720 4162 Qui
749 4099 952 4180 dedisti
983 4099 1143 4180 nobis
1171 4099 1507 4153 homicidam
1537 4115 1763 4180 serpen-

159 4177 275 4226 tem
304 4169 544 4242 vinculis
567 4169 948 4235 constrictum,
981 4171 1127 4226 sicut
1155 4187 1439 4242 passerem
1485 4169 1696 4242 pueris.
1731 4191 1756 4221 ι

161 4243 343 4308 Quam
357 4241 650 4296 exorcismi
665 4242 773 4296 vim
785 4248 980 4296 contra
993 4241 1262 4310 diabolos,
1277 4244 1412 4298 deos
1441 4241 1733 4310 gentilium
1743 4283 1756 4310 ,

161 4313 390 4386 egregie
419 4319 586 4387 urget
607 4313 1004 4387 Tertullianus,
1027 4315 1283 4387 Apolog.,
1304 4331 1426 4385 cap.
1441 4313 1513 4387 23
1541 4333 1596 4387 τᾳ
1622 4313 1762 4369 Sub-

155 4385 310 4458 jecta
333 4389 421 4458 est
436 4385 773 4458 Christianis
791 4385 1051 4441 divinitas
1063 4385 1264 4458 vestra.
1275 4405 1310 4458 ί»)
1329 4387 1406 4458 ίΕι
1422 4385 1755 4458 Cyprianus,

157 4457 356 4530 contra
387 4457 830 4524 Demetrianum,
870 4474 990 4530 cap;
1024 4458 1091 4513 6:
1131 4476 1157 4509 α
1185 4457 1414 4512 Videbis
1437 4457 1543 4530 nos
1572 4457 1760 4527 rogari

155 4529 227 4584 ab
244 4530 338 4602 _eis
363 4534 585 4602 quostu
603 4545 785 4602 rogas.
815 4551 838 4578 ιι
858 4529 1226 4602 Augustinus,
1251 4530 1311 4584 in
1333 4529 1611 4601 psalmum
1637 4543 1753 4596 cm,

154 4615 208 4654 ν.
238 4599 334 4663 ‘27,
368 4599 440 4654 de
466 4599 690 4655 diabolo
709 4600 914 4656 virtute
935 4599 1142 4656 Christi
1169 4599 1434 4656 enerv'ato
1462 4602 1611 4656 hunc
1637 4617 1758 4655 ver-

154 4673 398 4746 siculum
432 4671 664 4746 accipit:
703 4691 726 4723 ι
761 4673 941 4746 Draco
969 4673 1059 4746 hic
1090 4691 1254 4746 quem
1285 4673 1491 4746 tinxisti
1516 4673 1586 4746 ad
1625 4673 1758 4746 illu-

155 4744 408 4798 dendum
438 4742 509 4798 ei.
535 4742 661 4799 Jam
692 4747 750 4798 tu
771 4743 945 4799 illude
961 4742 1226 4813 draconi;
1259 4745 1329 4799 ad
1360 4745 1464 4799 hoc
1491 4745 1638 4799 enim
1669 4745 1761 4801 hic

153 4816 338 4870 factus
360 4821 446 4888 est
455 4815 642 4888 draco.
665 4835 687 4888 ξ
703 4815 784 4870 De
801 4833 911 4888 qua
925 4815 1185 4872 illusione
1204 4817 1430 4872 consule
1442 4816 1694 4888 Magistr.
1718 4830 1761 4872 II

153 4893 326 4960 sent.,
351 4885 592 4958 dist.3,§
622 4885 864 4960 Ideoque.
881 4889 1035 4942 Idem
1049 4889 1416 4960 Augustinus,
1441 4885 1608 4943 serm.
1643 4887 1756 4955 [97,

153 4959 224 5014 de
243 4957 834 5032 Temporeéqniest?
864 4957 1169 5015 Dominicaé
1191 4961 1388 5032 primm
1409 4967 1536 5032 post
1555 4960 1759 5032 festum

154 5030 527 5102 sanctissime
543 5029 852 5102 Trinitatis.
874 5032 985 5086 alia
999 5029 1366 5087 similitudine
1375 5029 1530 5088 canis
1547 5031 1762 5102 alligati

157 5101 369 5158 diaboli
397 5101 788 5176 impotentiam
819 5104 1092 5174 explicat:
1140 5123 1163 5155 ε
1198 5104 1474 5176 Alligatus
1517 5110 1603 5159 est
1631 5101 1762 5158 tan-

161 5191 334 5301 quam
355 5173 510 5227 canis
536 5173 770 5228 innexus
781 5173 1013 5238 catenis,
1037 5181 1094 5230 et
1112 5173 1395 5230 neminem
1418 5181 1604 5248 potest
1617 5192 1764 5230 mor-

202 5263 324 5301 ere.
351 5245 460 5299 nisi
494 5261 622 5298 eum
645 5245 741 5301 qui
762 5262 822 5300 se
860 5247 940 5300 illi
968 5248 1255 5301 mortifera
1301 5249 1602 5301 securitate
1627 5264 1762 5301 con-

202 5263 324 5310 ere,
351 5245 460 5299 nisi
494 5261 622 5298 eum
645 5245 741 5316 qui
762 5262 822 5300 se
860 5247 940 5300 illi
968 5248 1255 5302 mortifera
1301 5245 1602 5303 securitate
1627 5264 1762 5302 con-

155 5316 432 5402 jgnxerit.
455 5317 1048 5402 Jamvidete,_fratres,
1078 5336 1246 5402 quam
1271 5321 1477 5402 stultus
1494 5327 1579 5402 est
1596 5321 1766 5402 homo

159 5388 257 5444 ille
279 5405 449 5463 quem
470 5388 622 5444 canis
652 5389 711 5443 in
742 5394 937 5463 catena
976 5388 1190 5463 positus
1218 5392 1454 5448 mordet.
1495 5393 1580 5449 Tu
1608 5398 1665 5446 te
1685 5391 1768 5448 illi

159 5461 602 5536 perjoluntates
621 5465 678 5514 et
695 5461 1030 5536 cupiditates
1051 5463 1238 5518 saeculi
1267 5465 1384 5520 noli
1403 5465 1765 5536 conjungere,

161 5533 334 5607 etille
346 5533 418 5590 ad
441 5539 498 5588 te
518 5549 630 5588 non
653 5534 943 5607 praesumit
967 5536 1249 5607 accedere.
1298 5533 1531 5594 Latrare
1562 5533 1766 5607 petest,

161 5605 466 5730 sollicitare
496 5609 698 5677 potest,
727 5606 986 5662 mordere
1024 5606 1252 5664 omnino
1287 5623 1401 5663 non
1431 5605 1617 5682 potest
1660 5607 1768 5663 nisi

161 5691 225 5730 vo
249 5684 460 5730 entem.
492 5695 518 5729 »

158 5684 460 5732 volentem.
492 5695 518 5729 »

237 5749 348 5820 (42)
381 5751 417 5804 Α
427 5750 716 5824 dceniente
743 5750 976 5805 Domino
1006 5751 1314 5824 destructus
1343 5756 1421 5824 est
1454 5751 1769 5824 inimicus.]

162 5819 288 5875 Mox
314 5819 335 5894 τῇ
357 5840 388 5894 ε
407 5821 539 5894 quia
567 5822 898 5894 inﬁrmatus
911 5838 970 5880 es
989 5840 1023 5879 a
1041 5823 1300 5880 Domino.
1324 5843 1350 5878 n
1376 5823 1548 5894 Intra,
1563 5824 1621 5880 in
1642 5819 1775 5880 Vita

164 5893 341 5950 sancti
354 5892 664 5965 Pachomii,
697 5910 818 5968 cap.
842 5893 948 5953 ’19:
989 5915 1011 5949 ι
1043 5895 1123 5954 Ex
1153 5911 1264 5970 quo
1290 5893 1565 5953 mirabilis
1587 5895 1774 5954 incar-

1847 527 1942 584 sus
1960 509 2199 584 existere
2219 509 2506 584 ccepimus.
2543 509 2927 584 »_Cassianus,
2961 510 3147 566 collat.
3188 509 3445 584 vnfcap.

1845 581 1948 638 23:
1990 599 2017 632 (ι
2060 582 2280 635 Virtute
2309 581 2490 636 crucis
2521 581 2690 635 etiam
2731 581 2956 636 deserta
2986 588 3339 654 penetrante,
3388 581 3450 639 et

1845 654 2054 727 ubique
2083 655 2204 725 ejus
2229 657 2413 727 gratia
2441 659 2787 727 coruscante,
2832 660 3023 708 retusa
3070 661 3156 709 est
3196 656 3452 727 nequitia

1845 726 2182 798 daemonum.
2213 744 2238 778 ν
2267 726 2405 780 Vide
2431 725 2580 780 dicta
2607 726 2676 779 ad
2695 742 2991 798 numerum
3016 725 3444 798 praecedentem.

1917 797 2197 870 (43)ουιά
2229 802 2416 852 clauso
2451 801 2586 870 ostio
2615 797 2926 870 interiore]
2975 797 3038 870 In
3069 815 3134 852 ea
3183 799 3449 870 opinione

1842 869 1950 924 fuit
1976 869 2277 941 aliquando
2307 869 2622 924 Alexander
2641 869 2711 922 ab
2741 869 3145 931 Alexandro,ut
3172 869 3290 941 ipse
3317 877 3452 937 εἶθ

1843 943 2034 1008 refert,
2068 941 2286 996 Genial.
2320 941 2459 995 dier.
2482 942 2520 996 l.
2555 955 2606 1006 v,
2631 957 2679 994 c.
2703 941 2756 1007 2,
2780 941 2995 996 nullum
3019 941 3275 997 videlicet
3302 959 3337 996 a
3365 943 3448 996 le-

1844 1014 2101 1068 muribus
2123 1013 2432 1084 periculum
2455 1030 2575 1068 esse
2599 1013 2758 1067 ostiis
2774 1013 3094 1068 obsecratis.
3133 1014 3242 1068 Sed
3275 1030 3448 1084 quam

1845 1103 1972 1140 eum
2001 1101 2104 1139 sua
2132 1085 2392 1140 fefellerit
2418 1085 2624 1156 opinio,
2659 1091 2854 1138 narrat
2883 1085 3002 1156 ipse
3050 1085 3247 1139 eodem
3292 1085 3443 1142 loco.

1842 1157 2064 1212 Videsis
2089 1157 2388 1284 'Iéleyrzeum
2417 1163 2695 1226 nostrum,
2725 1157 2795 1211 de
2823 1157 2985 1212 Locis
3012 1156 3248 1224 infestis,
3285 1163 3448 1229 parte

1842 1243 1928 1284 Ill.
1961 1246 2082 1284 can.
2193 1274 2206 1284 .

1841 1243 1928 1286 Ill.
1961 1246 2082 1286 cap.
2117 1243 2206 1286 0U.

2233 1301 2496 1375 theatrali
2515 1303 2834 1375 _mutatione
2866 1299 3242 1375 formarit-nn]
3271 1299 3448 1375 Obvia

1843 1372 2209 1445 similitudine
2228 1373 2476 1427 diversas
2497 1373 2813 1427 daemonum
2839 1372 3052 1445 species
3073 1378 3130 1427 et
3144 1372 3450 1445 apparitio-

1843 1461 1943 1518 nes
1970 1444 2236 1518 illustrat.
2258 1445 2438 1518 Notus
2457 1445 2666 1518 theatri
2695 1443 2982 1516 scenaeque
2997 1461 3135 1510 mos,
3161 1443 3289 1518 cum
3323 1443 3448 1518 quis

1846 1517 2126 1589 diversam
2145 1516 2384 1571 formam
2414 1517 2598 1571 induit
2628 1533 3039 1589 personamque
3067 1517 3325 1572 sustinet.

1919 1587 2037 1656 (45)
2057 1591 2260 1656 Magna
2280 1591 2540 1642 adversus
2551 1587 2847 1642 deinonem
2863 1587 3027 1642 arfna
3047 1595 3177 1642 sunt
3201 1593 3317 1642 vita
3335 1590 3451 1642 sin-

1847 1665 2042 1734 ςςζίι-ᾳι
2064 1663 2394 1734 intemerata
2409 1664 2468 1713 in
2489 1662 2663 1734 Deum
2683 1659 2862 1734 βάξις]
2877 1660 3064 1734 Delrio
3085 1665 3448 1734 nost_er,ton_l.

1849 1731 1927 1785 III
1963 1730 2206 1804 Disquis.
2239 1732 2462 1804 Magia,
2494 1731 2636 1785 libro
2661 1745 2737 1797 γι,
2769 1730 2890 1804 cap.
2926 1730 2979 1804 ‘2,
3013 1739 3149 1804 sect.
3201 1731 3252 1790 3.
3283 1750 3337 1804 q.
3391 1731 3444 1798 3,

1846 1819 2018 1872 agens
2037 1803 2106 1874 de
2127 1803 2392 1856 remediis
2412 1803 2936 1874 supernaturalibus
2951 1803 3150 1858 divinis
3163 1821 3262 1860 seu
3279 1803 3451 1858 eccle-

1845 1873 2089 1946 siasticis
2114 1880 2310 1928 contra
2334 1873 2626 1946 maleficia,
2659 1875 2769 1930 duo
2796 1875 2914 1930 haec
2941 1876 3190 1929 remedia
3221 1876 3398 1946 ponit.

1913 1945 2185 2009 Primum,
2221 1945 2422 2017 inquit,
2446 1946 2758 2000 remedium
2789 1947 2848 2000 in
2877 1947 2981 2000 hoc
3003 1963 3210 2016 genere
3222 1945 3364 2002 ivera
3391 1951 3450 2002 et

1840 2017 1964 2090 viva
1985 2017 2142 2081 ﬁdes,
2172 2017 2278 2070 hoc
2315 2023 2417 2090 est,
2446 2018 2720 2090 charitate
2745 2019 2846 2072 Dei
2869 2025 2928 2090 et
2947 2019 3184 2090 proximi
3215 2019 3444 2076 vallata.

1842 2089 1960 2162 Hoc
1989 2095 2211 2162 scutum
2240 2089 2401 2162 nobis
2433 2089 2658 2160 praefert
2693 2095 2752 2144 et
2776 2089 2988 2162 praebet
3031 2089 3190 2144 divus
3236 2090 3447 2145 Paulus

1841 2161 1912 2214 ad
1946 2161 2213 2232 Ephesios
2243 2161 2490 2214 scribens
2524 2163 2729 2229 (Ep/ws.
2763 2161 2882 2232 vi);
2917 2163 3062 2215 hanc
3099 2162 3331 2216 loricam
3381 2168 3447 2217 ut

1839 2233 2362 2287 Thessalonicenses
2390 2233 2645 2298 induant,
2677 2239 2843 2304 urget
2873 2234 2913 2303 (Ι
2964 2235 3138 2288 Thess.
3171 2241 3260 2301 v);
3301 2233 3447 2288 hanc

1841 2304 1958 2358 suis
1978 2304 2265 2375 discipulis
2299 2305 2658 2358 commendat
2675 2321 2914 2374 magnus
2932 2305 3027 2359 ille
3038 2305 3336 2359 Antonius.
3353 2305 3447 2361 Sic

1842 2376 2123 2447 Cypriano
2154 2392 2358 2446 magno
2379 2376 2596 2430 daemon
2617 2376 2924 2447 respondit,
2963 2397 2985 2428 ι
3011 2392 3070 2430 se
3103 2377 3312 2431 Christi
3334 2377 3446 2432 ﬁde

1841 2447 2074 2502 munitis
2085 2463 2285 2500 nocere
2297 2463 2406 2500 non
2421 2464 2580 2518 posse
2599 2449 2889 2509 (Nazians.
2903 2492 2914 2512 ,
2929 2453 3072 2501 orat.
3090 2451 3151 2502 in
3165 2449 3376 2517 Cypr.).
3413 2468 3440 2501 »

1841 2519 1932 2574 Sic
1950 2519 2099 2590 apud
2123 2519 2454 2572 Cassianum
2478 2519 2588 2573 duo
2620 2519 2955 2590 philosophi,
2974 2535 3097 2574 cum
3124 2520 3445 2574 dannonum

1840 2590 2140 2662 praestigiis
2171 2591 2477 2644 Antonium
2504 2591 2835 2661 perturbare
2873 2608 2986 2644 non
3013 2595 3260 2662 possent.
3289 2608 3445 2646 com-

1840 2661 2152 2734 probarunt
2173 2681 2197 2712 «
2215 2679 2479 2732 magnam
2493 2662 2820 2734 professioni
2838 2661 3288 2734 Christianorum
3302 2663 3448 2734 ines-

1841 2733 1902 2787 se
1930 2733 2193 2806 virtutem
2210 2733 2511 2798 (Cassium,
2527 2739 2709 2806 caligat.
2735 2749 2851 2799 vm,
2871 2752 2988 2802 cap.
3012 2733 3119 2803 18).
3138 2754 3166 2806 γ»
3186 2735 3276 2788 Sic
3296 2733 3446 2806 apud

1843 2805 2167 2860 Cornelium
2196 2806 2590 2877 Kempensem,
2625 2805 2768 2859 libro
2798 2820 2856 2859 Ill
2897 2806 2967 2860 de
3008 2805 3222 2877 origine
3251 2813 3310 2861 et
3332 2805 3446 2862 situ

1841 2877 2054 2940 Frisiae,
2087 2894 2208 2950 cap.
2243 2875 2303 2950 3i
2345 2875 2360 2877 ⁷
2386 2895 2413 2928 α
2443 2875 2712 2950 Albarum
2744 2875 3122 2949 nympharum
3148 2879 3446 2950 prazstigiae

1841 2949 2234 3030 postagnitum
2255 2949 2535 3030 sincerum
2557 2949 2656 3003 Dei
2674 2950 3035 3030 Evangelium
3049 2949 3397 3030 evanperunt
3414 2970 3441 3001 ι)

1841 3019 1900 3073 in
1932 3019 2112 3092 Frisia
2139 3036 2241 3092 per
2267 3021 2521 3074 chartam
2554 3021 2732 3074 sancti
2783 3021 3027 3092 Odulphi
3067 3022 3137 3075 de
3165 3021 3445 3077 Trinitate

1840 3091 2124 3162 scriptam,
2143 3091 2217 3145 et
2243 3109 2344 3163 per
2369 3093 2638 3162 parcecias
2667 3093 2899 3146 missam
2929 3091 2986 3146 et
3014 3093 3237 3148 lectam.

1913 3163 2232 3218 Secundum
2259 3169 2343 3218 est
2373 3165 2483 3216 vita
2515 3164 2751 3218 sincera.
2786 3165 2867 3218 De
2907 3165 3304 3220 mandatorum
3339 3164 3444 3220 Dei

1777 3222 1822 3284 G
1839 3233 2195 3289 observantia
2221 3240 2279 3288 et
2314 3234 2441 3289 vitm
2469 3235 2809 3298 innocentia,
2841 3251 3009 3306 quam
3025 3236 3100 3289 sit
3128 3237 3324 3290 efficax
3352 3253 3445 3290 re-

1839 3306 2110 3372 medium,
2143 3307 2342 3360 docere
2365 3313 2600 3378 possunt
2627 3307 2788 3360 divus
2809 3307 3124 3378 Cyprianus
3151 3309 3230 3362 ad“
3247 3308 3446 3364 Fortu-

1840 3385 2058 3442 natum,
2081 3379 2150 3450 de
2171 3379 2556 3450 exhortatione
2575 3379 2862 3450 martyrii;
2890 3379 3232 3450 Lactantius,
3258 3378 3350 3432 lib.
3378 3391 3439 3446 II,

1840 3451 2022 3576 capite
2065 3447 2159 3518 16;
2193 3456 2250 3506 et
2277 3449 2606 3504 Ambrosius
2635 3447 2964 3517 Ansbertus,
2990 3449 3131 3506 libro
3154 3465 3208 3518 v,
3229 3451 3288 3506 in
3301 3453 3448 3523 Apo-

1840 3539 1905 3576 ca
1927 3539 2020 3576 vn.
2055 3539 2176 3576 can.
2210 3536 2286 3576 x1.

2050 3536 2288 3650 ῗῧρὲιῧέ
2304 3594 2426 3648 Nili
2443 3595 2815 3648 inundatione
2833 3595 3112 3720 solemni
3130 3595 3300 3661 Intra,
3319 3611 3442 3668 cap.

1840 3662 1946 3720 20:
1983 3684 2007 3717 ε
2041 3665 2270 3720 Quoties
2294 3670 2600 3720 augmenta
2630 3664 2743 3720 Nili
2776 3667 3026 3720 ﬂuminis
3095 3672 3264 3720 utura
3289 3667 3442 3720 dixe-

1838 3662 1946 3720 20:
1983 3684 2007 3717 ε
2041 3665 2270 3730 Quoties
2294 3670 2600 3734 augmenta
2630 3664 2743 3720 Nili
2776 3667 3026 3721 ﬂuminis
3071 3662 3264 3720 futura
3289 3662 3446 3722 dixe-

1841 3737 2002 3808 runt!
2020 3755 2045 3791 )›
2071 3737 2151 3792 De
2175 3736 2534 3808 praedictione
2545 3737 2864 3791 daemonum
2885 3738 3008 3792 vide
3022 3737 3442 3794 Onomasticon.

1913 3807 2014 3874 (47)
2047 3807 2260 3880 Indieto
2297 3809 2405 3862 sibi
2447 3809 2714 3880 silentia]
2765 3809 2912 3862 Luce
2955 3809 3242 3880 Evangelii
3286 3825 3447 3864 corn.

1842 3885 2054 3946 scante,
2109 3879 2390 3934 idolorum
2451 3879 2702 3934 defecere
2747 3881 3000 3940 oracula.
3079 3879 3438 3948 Prudentius,

1841 3952 2047 4024 Apoth.
2080 3967 2132 4004 v.
2159 3951 2266 4007 503
2289 3970 2300 4006 :

1967 4057 2155 4124 Exquo
2183 4059 2432 4124 mortalem
2452 4058 2757 4124 praestrinxit
2783 4059 3200 4124 Spiritusgalvum,

1970 4122 2186 4185 _Spiritus
2213 4122 2295 4170 ille
2326 4122 2428 4178 Dei,
2451 4122 2578 4172 Dens
2603 4137 2616 4181 ;
2643 4129 2754 4171 otse
2785 4122 2978 4185 corpore
2999 4122 3167 4172 Matris

1968 4183 2157 4248 Induit,
2187 4190 2327 4248 atque
2350 4185 2593 4234 hominem
2619 4185 2674 4233 de
2697 4183 2971 4246 virginitate
2995 4186 3192 4243 creavit,

1964 4247 2198 4310 Delphica
2227 4247 2470 4298 damnatis
2495 4253 2746 4298 tacuerunt
2771 4248 2981 4298 sortibus
3011 4254 3165 4299 antra.

1841 4345 2416 4431 Vide‘pusebium‘de
2435 4347 2741 4431 Praeparat.
2775 4349 3063 4431 Evangel.,
3096 4349 3444 4431 lib._v,_o.p8,

1881 4418 1939 4474 ui
1967 4418 2256 4473 Plutarchi
2284 4418 2492 4474 librum
2522 4418 2661 4476 citat
2696 4421 2766 4476 de
2802 4418 3160 4478 oraculorum
3193 4418 3445 4480 Deiectu.

1893 4489 1982 4566 ide
2000 4496 2058 4546 et
2078 4490 2408 4566 Suidam,in
2426 4493 2710 4566 Augusto;
2735 4492 2992 4566 Nicepb.,
3007 4493 3108 4566 lib.
3129 4511 3168 4566 ι,
3197 4511 3318 4566 cap.
3341 4493 3412 4550 17
3430 4513 3445 4562 ;

1775 4552 1824 4614 D
1843 4562 2182 4638 Cedren‘um,
2214 4563 2274 4616 in
2299 4552 2607 4638 Compeud.
2622 4552 2753 4618 hist.
2787 4552 2911 4638 Quo
2927 4552 3068 4619 illud
3083 4552 3188 4638 Job
3208 4552 3330 4638 (κεῖρε
3354 4552 3445 4632 XL;

1839 4647 1893 4687 γ.
1924 4633 2013 4707 29,
2046 4633 2230 4688 facere
2259 4633 2453 4707 volunt
2476 4635 2814 4707 interpretes
2838 4654 2850 4688 :
2872 4634 2964 4692 An
2991 4633 3450 4706 extrahere—pote-

1840 4707 1922 4759 ris
1950 4705 2251 4760 Leniat/mn
2281 4706 2464 4772 hamo,
2495 4712 2543 4761 et
2570 4705 2707 4775 fune
2737 4709 2936 4776 ligabis
2957 4709 3216 4776 linguam
3244 4705 3360 4778 ejus
3378 4713 3404 4762 ?

1915 4791 2026 4861 (48)
2058 4795 2383 4869 Integritate
2413 4811 2524 4864 qua
2551 4801 2688 4850 nata
2717 4796 2842 4869 est.)
2870 4796 2962 4852 Ita
2984 4797 3090 4855 Ms.
3140 4803 3199 4854 et
3221 4797 3450 4856 Cimone

1844 4871 2031 4922 textus
2045 4911 2057 4924 .
2097 4865 2266 4932 Editi,
2300 4873 2518 4922 renata.

1917 4955 2032 5036 (49)
2074 4958 2352 5036 Bonorum
2389 4960 2700 5036 spirituum
2728 4961 3452 5036 maiorumquediscrctim]

1845 5027 2034 5104 Delrio
2062 5030 2803 5104 nosterstomqu‘Disquis.
2837 5027 3061 5104 Magio;
3087 5033 3184 5089 lib.
3217 5049 3290 5103 Iv,
3321 5051 3369 5090 c.
3400 5027 3447 5102 ι;

1846 5117 1900 5172 q.
1936 5099 1987 5166 3,
2013 5106 2168 5182 _sect:_
2183 5100 2234 5166 6,
2264 5101 2584 5182 de_indiciis
2613 5099 2803 5182 petitis
2841 5121 2877 5182 a
2904 5099 3324 5182 ravelationunr
3339 5099 3450 5160 Cir-'-

1845 5173 2221 5236 cumstantiis,
2248 5189 2314 5227 ex
2343 5173 2448 5228 hac
2471 5173 2703 5230 Ambivii
2742 5177 3016 5245 d'octrina,
3059 5178 3222 5233 docet
3250 5177 3450 5231 adver-

1845 5245 2078 5298 tendum
2104 5261 2174 5298 an
2199 5261 2321 5316 quae
2340 5245 2500 5300 initio
2516 5253 2762 5301 mentem
2785 5249 2979 5303 laetitia
2997 5249 3360 5314 demulserat,
3385 5264 3454 5303 ea

1850 5317 1925 5371 sit
1951 5322 2146 5388 postea
2165 5317 2223 5371 in
2248 5317 2536 5372 horrorem
2552 5323 2610 5372 et
2630 5335 2931 5376 maerorem
2951 5338 3130 5375 versa.
3155 5321 3296 5376 Item
3313 5336 3453 5376 num

1849 5389 1948 5514 pui
1979 5389 2146 5461 erepit
2171 5406 2206 5444 a
2234 5389 2527 5463 principio,
2567 5390 2776 5445 sensim
2827 5391 3028 5446 horror
3065 5397 3288 5446 amotus
3338 5405 3452 5448 non

1875 5461 2038 5514 uerit.
2072 5461 2166 5514 sed
2190 5468 2450 5514 constans
2475 5461 2864 5514 permanserit.
2883 5463 3018 5514 Duas
3047 5464 3198 5514 enim
3219 5468 3353 5514 sunt
3366 5463 3452 5514 hae

1875 5461 2038 5534 'uerit,
2069 5461 2166 5534 sed
2190 5461 2450 5517 constans
2475 5461 2864 5534 permanserit.
2883 5463 3018 5519 Dua':
3047 5464 3198 5518 enim
3219 5468 3353 5519 sunt
3366 5463 3452 5519 ha:

1851 5533 2254 5608 revelationum
2286 5533 2556 5608 falsarum
2585 5542 2749 5608 notae.
2787 5535 2885 5591 Sin
2907 5541 3102 5608 autem
3135 5535 3298 5591 initio
3325 5534 3452 5608 qui-

1851 5605 1979 5680 dem
2009 5606 2177 5680 homo
2199 5606 2578 5680 perturbetur,
2612 5613 2669 5663 et
2699 5607 2948 5680 horroris
2977 5608 3189 5680 aliquid
3220 5605 3452 5680 pars—en-

1850 5678 2036 5751 tiscat,
2069 5678 2164 5732 sed
2187 5679 2544 5751 postmodum
2559 5681 2661 5734 hac
2679 5679 2936 5734 molestia
2959 5685 3016 5734 et
3030 5678 3313 5735 anxietate
3336 5679 3455 5736 ani-

1854 5750 1931 5826 mi
1945 5750 2200 5813 detersa,
2216 5750 2510 5826 dulcedine
2537 5752 2779 5826 quadam
2804 5752 3028 5826 interna
3057 5752 3449 5826 perfundatur,

1856 5821 2082 5892 signum
2103 5839 2223 5878 esse
2243 5823 2440 5898 divinae
2450 5821 2865 5898 consolationis.
2889 5821 3076 5898 Cujus
3086 5821 3456 5898 reinaturalis

1856 5909 2026 5950 causa
2053 5909 2175 5951 esse
2202 5895 2426 5953 videtur
2459 5897 2778 5972 antipathia
2805 5915 2928 5972 quae
2968 5895 3055 5956 est
3078 5897 3295 5956 homini
3325 5907 3454 5954 cum
