3912 6388
567 337 672 394 20⁸7

1577 335 1670 389 DE
1707 335 1896 390 VlTlS
1935 335 2228 392 PATRUM
2268 338 2484 392 LIBER
2520 334 2810 394 PRIMUS.

3703 340 3785 397 208

638 466 746 532 Qui
776 465 965 516 navali
987 461 1220 532 pratia.)
1238 459 1584 532 Ambrosius,
1609 458 1751 532 libro
1773 473 1791 512 Ι
1812 459 1993 532 Ot'lic.,
2025 477 2146 530 cap.
2168 465 2216 520 Α
2239 462 2681 516 Christianorum
2699 462 3353 532 imperatorumtempore
3367 462 3656 515 exaltatam
3669 471 3786 518 retu-

567 530 668 592 1οΞ
705 555 727 585 ¢
763 533 870 597 Qui
890 549 1086 586 navem
1113 531 1171 585 in
1200 531 1341 584 mari
1369 547 1562 600 regere
1590 530 1987 600 gubernaculis
2029 537 2152 584 stu-

563 606 674 670 det,
709 606 793 658 vel
821 603 987 657 remis
1024 603 1246 667 ducere,
1281 601 1437 672 prius
1478 601 1752 672 innlluvio
1801 602 2077 670 praeludit.
2123 621 2150 653 »

559 676 791 732 Labitur
803 675 1086 754 Erasmus,
1113 673 1208 754 qui
1229 671 1295 754 est
1313 674 1415 726 hac
1432 671 1797 725 similitudine
1817 671 2154 754 existimavit

559 748 964 817 Hieronymum
994 744 1437 817 subsignil‘icare,
1474 749 1869 817 argumentum
1909 744 2011 796 hoc
2040 760 2153 796 non

559 835 678 872 esse
707 813 936 878 serium,
971 816 1070 868 sed
1099 814 1439 868 exercitandi
1469 813 1598 882 styli
1645 829 1813 866 causa
1840 819 2148 882 sumptum.

555 888 724 952 Quasi
745 904 875 941 vero
891 892 1163 956 repugnet
1183 885 1391 939 serium
1409 884 1542 954 quid
1559 901 1701 946 esse,
1717 891 1777 956 et
1797 884 1943 937 idem
1961 893 2150 956 tamen

555 958 766 1013 assumi
812 958 883 1011 ad
922 955 1337 1012 eiercitandum
1378 956 1605 1024 stylum.
1663 955 1820 1007 Serio
1867 955 2149 1021 cogitabat

553 1031 932 1099 Hieronymus
943 1027 1013 1081 de
1034 1027 1279 1080 historiw
1300 1025 1698 1080 Ecclesiasticw
1715 1026 2142 1099 compositione;

551 1117 720 1171 quam
738 1096 802 1154 u't
819 1116 921 1171 pro
937 1099 1208 1171 dignitate
1227 1103 1472 1152 tractare
1485 1102 1692 1171 posset,
1714 1096 1914 1171 maluit
1932 1102 2062 1150 ante
2085 1101 2148 1150 in

620 1188 735 1237 rvo,
769 1167 839 1225 ut
860 1167 1062 1242 inquit,
1084 1185 1248 1242 ope-re
1279 1167 1543 1242 exerceri,
1577 1183 1749 1236 quam
1787 1169 1874 1242 ad
1891 1171 2146 1221 latiorem

586 1245 844 1296 istoriam
873 1237 1226 1312 perveniret;
1267 1239 1414 1293 serio
1455 1237 1650 1308 utique
1695 1237 1990 1308 utrobique
2029 1256 2148 1292 rem

557 1317 687 1367 actu
693 1329 789 1368 rus
802 1353 816 1367 .

636 1385 741 1438 Ms.
772 1382 1229 1447 Audomarensis,
1247 1381 1404 1434 initio
1424 1379 1594 1449 hujus
1609 1378 1825 1448 capitis,
1855 1381 2152 1449 praemitte-

566 1453 664 1508 bat
692 1455 812 1508 haec
837 1453 1040 1508 verba:
1076 1457 1182 1521 Qui
1211 1455 1359 1518 legis,
1387 1455 1611 1504 imitare
1640 1453 1783 1518 quod
1811 1455 1959 1516 legis.

635 1519 1104 1580 Persecutionibus
1128 1523 1400 1591 creverit]
1423 1521 1814 1592 Hieronymus.
1849 1521 2008 1592 epist.
2059 1519 2147 1583 6‘2.

563 1595 636 1648 ad
663 1595 1033 1665 Theophilum
1065 1595 1330 1648 adversus
1359 1609 1576 1665 errores
1611 1592 1844 1665 Joannis
1872 1593 2106 1665 Jerosol.
2135 1612 2145 1646 :

563 1683 606 1744 ¢_
620 1663 929 1744 Fupdehdo
957 1666 1306 1744 sanguinem,
1325 1663 1662 1744 et‘pa‘tiendo
1685 1663 2060 1744 magianuam.
2074 1664 2153 1717 fa-

560 1737 758 1790 ciendo
786 1733 1172 1800 contumelias,
1215 1733 1422 1789 Christi
1451 1733 1684 1786 fundata
1731 1741 1816 1787 est
1858 1735 2100 1788 Ecclesia
2135 1754 2146 1800 ;

561 1807 1040 1877 persecutionibus
1064 1806 1254 1868 crevit,
1282 1805 1567 1875 martyriis
1595 1811 1862 1858 coronata
1885 1811 1987 1860 est.
2017 1829 2038 1852 ι

631 1879 698 1932 Et
707 1883 989 1946 postquam
1003 1880 1076 1930 ad
1090 1879 1161 1931 Uli
1169 1880 1328 1929 ristia
1336 1893 1427 1928 nos
1439 1879 1712 1944 principes
1728 1879 1934 1928 venerit
1955 1887 1965 1938 ι
1974 1877 2156 1929 Eccle-

561 1947 663 2010 sia)
689 1951 932 2017 potentia
951 1950 1170 2016 quidem
1193 1953 1240 2000 et
1268 1949 1481 2000 divitiis
1507 1951 1704 2017 major.
1739 1947 1828 1999 sed
1857 1949 2157 2000 virtutibus

561 2015 750 2072 minor
775 2022 922 2086 facta
945 2015 1064 2088 sit]
1085 2017 1342 2072 Hazretici
1358 2015 1611 2070 moderni
1629 2017 1787 2069 avide
1801 2017 1916 2088 haec
1937 2025 1993 2070 et
2005 2019 2157 2071 simi-

557 2088 642 2161 lia,
664 2090 990 2161 Hieronymi
1015 2087 1364 2158 aliorumque
1385 2089 1616 2141 Patrum
1640 2088 1758 2140 loca
1781 2087 2079 2158 arripiunt.

631 2160 842 2226 Primo,
875 2159 939 2214 ut
966 2161 1220 2214 Ecclesiae
1240 2164 1501 2213 ornatum
1522 2165 1579 2211 et
1607 2174 1739 2210 vasa
1765 2175 1924 2211 sacra
1952 2159 2154 2228 pretio-

557 2231 1054 2302 sioraimprobent.
1071 2231 1221 2294 Quos
1237 2230 1459 2300 egregie
1471 2229 1768 2302 repercutit
1782 2229 2152 2302 Bellarminus

559 2308 752 2356 noster
778 2299 932 2356 tomo
964 2303 1036 2367 II,
1069 2308 1315 2356 controv.
1345 2301 1594 2371 general.
1625 2315 1700 2364 1v,
1735 2299 1878 2353 libro
1920 2315 2001 2364 ll],
2056 2301 2151 2371 qui

561 2379 647 2426 est
675 2374 755 2427 De
782 2374 935 2427 cultu
962 2379 1303 2437 sanctorum,
1335 2368 1458 2442 cap.
1487 2368 1540 2434 6,
1574 2371 1668 2425 ubi
1699 2371 1818 2438 agit
1853 2371 1921 2423 de
1951 2368 2154 2426 ornatu

559 2449 682 2509 θα
709 2445 1070 2509 templorum.
1096 2443 1163 2497 Et
1186 2449 1338 2496 tomo
1368 2443 1445 2496 IlI
1476 2447 1723 2495 controv.
1768 2443 2016 2509 generali
2065 2457 2148 2509 Ill,

562 2531 686 2583 quae
709 2521 795 2568 est
813 2512 882 2568 de
912 2514 1280 2577 Eucharistia,
1313 2513 1454 2566 libro
1483 2528 1543 2576 ιι,
1577 2513 1646 2566 de
1681 2512 1871 2574 Missa,
1903 2529 2024 2582 cap.
2058 2515 2148 2578 14,

559 2584 656 2638 ubi
688 2585 806 2654 agit
826 2585 896 2638 de
923 2585 1069 2637 vasis
1099 2585 1288 2638 sacris.
1323 2585 1445 2647 Quo
1469 2584 1638 2637 etiam
1669 2583 1799 2654 facit
1823 2583 1881 2637 in
1902 2589 2151 2654 tempore

561 2653 775 2708 dictum
806 2655 1222 2725 apophthegma
1241 2654 1418 2725 sancti
1448 2654 1744 2725 Bonifacii,
1768 2653 1836 2707 de
1855 2671 1962 2723 quo
1979 2653 2151 2708 habes

562 2725 633 2778 de
661 2723 1067 2780 consecrfdist.
1102 2723 1154 2789 l,
1179 2743 1301 2796 cap.
1333 2723 1436 2796 lii:
1463 2745 1484 2776 α
1507 2724 1821 2796 Bonifacius
1853 2730 2068 2795 martyr
2097 2732 2151 2780 et

561 2795 856 2866 episcopus
883 2795 1278 2864 interrogatus,
1308 2795 1356 2848 si
1387 2795 1580 2848 liceret
1609 2795 1664 2848 in
1694 2795 1932 2848 vasculis
1951 2796 2151 2864 ligneis

561 2867 925 2921 Sacramenta
950 2870 1240 2930 coniicere,
1273 2866 1597 2936 respondit:
1641 2867 1933 2929 Quondam
1961 2883 2147 2920 sacer-

559 2937 720 2991 dotes
749 2938 905 2991 aurei
931 2937 1130 3006 ligneis
1155 2937 1418 2991 calicibus
1443 2936 1746 2990 utebantur
1768 2955 1780 3002 ;
1808 2953 1954 2990 nunc
1971 2954 2144 2991 econ-

557 3007 753 3074 trario,
779 3008 948 3078 lignei
979 3009 1295 3062 sacerdotes
1325 3008 1512 3062 aureis
1540 3013 1778 3061 utuntur
1804 3008 2086 3061 calicibus.
2116 3026 2141 3061 ι

558 3079 718 3150 Quod
731 3077 1088 3150 desumptum
1105 3086 1271 3133 estex
1285 3077 1516 3132 concilio
1528 3078 1893 3142 Triburiensi,
1913 3096 2032 3149 cap.
2054 3079 2140 3134 18.

2237 533 2381 596 lerit,
2418 547 2528 586 non
2543 530 3107 586 omnino—aberrabit:
3133 530 3238 585 Pro
3257 549 3314 583 eo
3333 535 3475 600 quod
3502 535 3786 600 fuistidere-

2236 608 2386 667 (icta,
2413 610 2460 656 et
2484 607 2604 656 odio
2627 606 2831 666 habita,
2858 610 2904 656 et
2937 619 3047 656 non
3076 608 3192 654 erat
3221 606 3320 670 qui
3339 619 3436 670 per
3458 608 3504 655 te
3535 609 3783 668 transiret,

2233 691 2431 742 ponam
2449 680 2494 727 te
2509 679 2567 727 in
2577 678 2892 742 superbiam
2903 691 3037 726 sercu
3045 677 3165 725 Iaru
3175 690 3222 725 m
3235 713 3247 736 ,
3254 675 3520 738 gaudium
3533 676 3592 726 in
3601 692 3788 741 genera-

2238 749 2438 798 tionem
2468 751 2516 798 et
2539 749 2970 810 generationem,
2992 750 3039 797 et
3060 761 3214 810 suges
3237 749 3321 797 lae
3339 747 3602 810 gentium,
3621 753 3664 798 et
3693 763 3788 798 ma-

2237 833 2286 867 1n
2299 819 2397 869 illa
2415 833 2604 882 regum
2621 819 2928 881 laetaberis,
2964 822 3011 868 et
3028 819 3156 867 scies
3169 832 3237 882 qu
3248 818 3301 867 ia
3318 833 3408 881 ego
3421 817 3676 869 Dominus
3704 822 3788 870 sal-

2233 903 2367 938 rans
2386 893 2450 951 te,
2472 893 2520 939 et
2537 889 2845 954 redemptor
2865 893 2920 939 tu
2931 904 2990 938 us
3002 889 3161 952 fortis
3172 887 3383 954 Jacob.(
3385 888 3451 939 Is.
3476 890 3560 950 1.x)
3573 928 3584 938 .
3602 887 3665 940 Et
3676 887 3786 940 illud

2233 957 2506 1024 ejusdem:
2525 959 2586 1010 Et
2609 964 2772 1010 erunt
2790 975 2932 1024 reges
2947 959 3292 1019 nulritiitm‘,
3309 963 3355 1009 et
3369 960 3786 1023 reginxnutriees

2232 1034 2364 1081 tua':
2395 1031 2552 1080 milia
2581 1033 2641 1080 in
2667 1033 2876 1081 terram
2907 1030 3135 1080 demisso
3153 1029 3465 1080 adorabunt
3489 1034 3554 1086 te.
3581 1035 3625 1080 et
3639 1033 3789 1095 putre-

2230 1114 2346 1150 rein
2373 1101 2511 1166 pedu
2521 1116 2573 1150 m
2593 1104 2816 1151 tuorum
2829 1102 2910 1152 lin
2917 1104 3041 1162 gent
3055 1101 3183 1164 (Isa.
3197 1098 3365 1160 xux).
3382 1097 3521 1151 Vide
3533 1098 3786 1168 epistolam

2229 1169 2420 1222 kEneae
2447 1169 2600 1222 Silvii
2621 1175 2742 1222 tum
2772 1169 3090 1232 cardinalis,
3120 1174 3314 1238 postea
3343 1168 3426 1221 Pii
3461 1170 3509 1223 ll
3525 1169 3784 1239 pontiﬁcis.

2233 1257 2358 1309 qum
2385 1239 2707 1292 inscribitur
2731 1243 2801 1294 De
2831 1243 3072 1293 moribus
3102 1241 3428 1304 Germania,
3471 1257 3580 1310 qua
3615 1241 3788 1294 refutat

2232 1311 2414 1363 varias
2444 1311 2668 1364 Martini
2700 1311 2849 1373 Meir,
2907 1311 3001 1380 qui
3039 1310 3454 1379 archiepiscopo
3497 1311 3787 1380 Moguntina

2234 1382 2599 1435 cancellarius
2615 1381 3054 1444 fuit,calumnias
3065 1387 3260 1433 contra
3269 1381 3785 1445 curiamRomanam,

2234 1451 2542 1522 probatque
2560 1453 2730 1505 variis
2743 1452 3052 1505 rationibus
3067 1452 3344 1504 Romanos
3360 1453 3620 1522 praesules
3629 1455 3788 1505 divites

2233 1529 2280 1575 et
2305 1529 2542 1590 potentes
2581 1539 2700 1576 esse
2722 1530 2999 1593 oportere,
3035 1539 3097 1574 ac
3127 1523 3481 1592 potissimum
3510 1523 3578 1576 ad
3600 1523 3696 1576 tria
3721 1524 3788 1576 di-

2233 1594 2396 1646 vitias
2435 1593 2701 1663 requirit:
2729 1617 2748 1640 ι
2778 1595 2828 1647 lo
2857 1595 2927 1646 ad
2958 1601 3168 1646 statum
3191 1593 3487 1647 honestum
3501 1593 3789 1662 etdignitati

2232 1665 2653 1718 convenientem
2671 1665 2974 1717 tenendum
2999 1683 3011 1729 ;
3035 1663 3186 1735 '2?7ad
3209 1665 3438 1716 alendos
3460 1681 3732 1735 pauperes,
3745 1673 3787 1716 et

2232 1736 2492 1788 ecclesias
2523 1753 2691 1788 manu
2730 1735 3028 1799 tenendas;
3063 1734 3119 1790 3°
3140 1735 3209 1788 ad
3241 1734 3584 1789 coercendos
3597 1735 3788 1789 malefa-

2165 1810 2212 1870 Β
2233 1813 2432 1872 ctores,
2459 1806 2554 1875 qui
2589 1806 2716 1858 ﬁdei
2746 1806 3052 1859 sinceritati
3079 1806 3352 1860 officiunt.
3389 1826 3414 1857 »

2309 1879 2636 1945 Maronias.]
2661 1878 2744 1930 Ita
2773 1877 3139 1946 manuscripti
3177 1883 3234 1929 et
3261 1883 3420 1930 vetus
3432 1877 3620 1931 editio.
3643 1877 3790 1945 Vulgo

2238 1949 2516 2000 .llaronia.
2551 1948 2850 2001 Ptolemaeo
2888 1955 3021 2001 nota
3060 1947 3233 2018 Syria:
3270 1948 3465 2001 civitas
3507 1949 3787 2018 Μαρωνείας.

2239 2019 2342 2071 Hic
2363 2019 2574 2071 viculus
2603 2018 2828 2071 dicitur.
2863 2019 3002 2072 Vide
3033 2019 3457 2075 Onomasticon.
3576 2069 3583 2077 .
3805 2063 3812 2074 .

2307 2091 2391 2142 Ad
2415 2106 2566 2157 papa:
2595 2090 2868 2158 Eragrii.]
2898 2089 3204 2142 Antiochiae
3232 2089 3526 2160 episcopus
3552 2089 3651 2143 fuit
3677 2089 3790 2142 Eva-

2233 2160 2408 2242 grius,
2428 2161 2766 2242 Ilienonyum
2787 2160 3196 2242 perfamiliaris,
3218 2161 3557 2242 de‘quo‘ip‘se
3573 2160 3791 2242 cataloge

2235 2229 2404 2284 illust.
2441 2229 2692 2284 Ecclesiae
2713 2229 3080 2300 Scriptorum,
3103 2247 3223 2300 cap.
3247 2229 3374 2286 1'25.
3407 2229 3549 2284 Vide
3579 2231 3714 2285 dicta
3736 2230 3791 2282 ad

2235 2302 2513 2355 Praeludia
2541 2304 2598 2354 in
2628 2302 2809 2354 Vitam
2837 2303 3014 2355 sancti
3045 2301 3296 2366 Antonii,
3340 2318 3404 2359 η.
3439 2303 3494 2356 4.
3541 2303 3620 2356 De
3661 2317 3790 2372 papae

2235 2373 2460 2426 nomine
2480 2372 2538 2425 in
2561 2373 2936 2426 Onomastico.

2309 2445 2366 2498 L't
2384 2460 2568 2496 revera
2583 2446 2817 2510 ejusdem
2832 2449 2929 2496 (om
2949 2445 3046 2495 ind
3052 2444 3252 2512 igena.]
3267 2444 3610 2514 Rosweydus
3621 2441 3766 2496 habet
3781 2459 3790 2492 :

2232 2519 2299 2578 et,
2344 2521 2402 2567 ut
2433 2516 2612 2585 rebar,
2643 2531 2774 2584 pro:
2811 2520 2869 2567 ut
2899 2530 3106 2571 revera.
3135 2515 3544 2585 lectionemque
3556 2531 3705 2568 suam
3724 2528 3794 2565 se-

2235 2584 2535 2655 quentibus
2579 2591 2830 2638 annotat.
2862 2586 3014 2638 Enrr.
3057 2615 3119 2626 —
3153 2587 3237 2649 Et,
3276 2590 3336 2637 ut
3368 2584 3550 2651 rebar,
3590 2587 3792 2653 ejusdem

2235 2660 2339 2708 loci
2353 2656 2661 2726 indigena.]
2679 2657 2763 2709 Ita
2780 2657 2875 2726 Ms.
2891 2661 3115 2708 etvetus
3129 2655 3318 2708 editio.
3341 2656 3794 2710 Coloniensiscum

2235 2726 2484 2791 Erasmo,
2506 2733 2562 2780 et
2581 2724 2767 2779 rerera
2791 2724 3066 2797 αὐτόχοῳν,
3084 2727 3230 2795 quod
3256 2727 3444 2780 nescio
3467 2744 3540 2780 an
3562 2728 3792 2797 Erasmus

2233 2814 2296 2850 ex
2327 2797 2572 2867 ingenio,
2605 2814 2676 2850 an
2699 2814 2762 2849 ex
2793 2795 3292 2850 Mssiubstituerit.
3329 2799 3397 2851 H.
3425 2797 3660 2851 Gravius
3685 2795 3796 2849 dicit

2233 2869 2402 2921 etiam
2431 2869 2490 2921 in
2502 2867 2832 2937 quibusdam
2848 2867 3146 2936 librislegi,
3170 2870 3517 2922 Thebastonis
3542 2870 3792 2933 indigena.

2230 2939 2471 3001 Quidam
2493 2940 2595 2992 Ms.
2627 2956 2726 3008 pro
2745 2941 2905 2991 rebar
2935 2937 3105 2991 habet
3125 2945 3260 2991 erat.
3279 2939 3388 2992 Sed
3404 2956 3537 2992 vera
3564 2939 3715 2992 lectio
3730 2943 3796 2990 est

2228 3026 2395 3079 quam
2412 3009 2558 3062 dedi.
2581 3009 2820 3062 Putabat
2841 3009 3065 3078 quidem
3094 3009 3494 3080 Hioronymus,
3521 3010 3791 3080 Malchurn,

2226 3078 2320 3150 qui
2352 3081 2615 3134 Maronis:
2662 3080 3006 3144 versabatur,
3056 3078 3516 3149 ejusdemlfuisse
3544 3081 3648 3134 loci
3673 3078 3794 3132 indi-

556 3149 784 3204 Monere
809 3149 1066 3204 videlicet
1091 3151 1263 3204 voluit
1290 3151 1374 3203 vir
1401 3155 1626 3222 sanctus
1655 3156 1715 3204 ut
1745 3166 1946 3222 aureas
1975 3151 2198 3222 simula
2221 3149 2446 3220 genam,
2481 3151 2592 3222 sed
2638 3167 2764 3204 mox
2801 3168 2835 3204 a
2875 3151 3090 3204 Malcho
3133 3152 3365 3204 docetur
3391 3151 3791 3222 Nisibenumse

551 3227 770 3276 mentes
811 3221 881 3274 ad
927 3222 1104 3275 altare
1153 3222 1470 3275 sacerdotes
1514 3221 1768 3274 afferant.
1822 3221 2142 3275 Imitatione

589 3293 792 3346 uadum
823 3293 1095 3362 expressit
1122 3293 1226 3346 hoc
1256 3292 1671 3363 apophthegma
1713 3291 2056 3345 Trithemius
2082 3293 2141 3346 in

581 3363 826 3417 lhronico
847 3380 950 3417 suo
973 3364 1393 3432 Hirsaugiensu
1421 3382 1445 3414 (ι
1477 3363 1707 3416 Veteres
1727 3363 1860 3417 olim
1883 3363 2140 3416 monachi

548 3433 716 3504 cellas
746 3433 992 3504 quidem,
1013 3435 1272 3488 ecclesias
1293 3441 1352 3487 et
1371 3433 1508 3486 alias
1531 3433 1847 3486 mansiones
1863 3433 2143 3487 habebant

549 3503 910 3571 tenebrosus;
948 3505 1046 3558 sed
1072 3521 1265 3558 eorum
1295 3505 1462 3558 corda
1489 3510 1652 3557 erant
1689 3503 1872 3556 lucida
1901 3504 2058 3556 valde
2085 3504 2140 3557 in

549 3588 739 3646 amore
767 3574 868 3628 Dei
898 3574 1316 3646 omnipotentis,
1359 3580 1416 3628 et
1466 3574 1526 3628 in
1553 3575 1786 3646 scientia
1825 3574 2139 3628 divinarum

546 3644 964 3716 Scripturarum
1019 3644 1210 3699 Nostri
1251 3650 1439 3699 autem
1489 3645 1766 3705 ecclesias,
1806 3645 1992 3709 cellas,
2032 3645 2134 3716 do-

542 3715 795 3786 mosque,
825 3721 882 3770 et
901 3733 1094 3770 omnes
1113 3717 1431 3771 mansiones
1449 3717 1568 3786 jam
1593 3715 1963 3769 lucidissimas
1975 3715 2139 3770 fabri-

541 3791 673 3857 cant
695 3805 708 3852 ;
740 3787 837 3840 sed
863 3788 1033 3841 corda
1061 3804 1257 3842 eorum
1276 3787 1421 3842 vitiis
1451 3794 1508 3841 et
1533 3786 1746 3840 desidia
1770 3787 1952 3857 plena,
1986 3792 2138 3841 tene-

540 3853 708 3928 brosa
728 3864 861 3912 sunt
885 3876 896 3912 :
928 3859 1193 3928 quoniam
1224 3875 1325 3912 nec
1354 3859 1558 3925 Deum,
1606 3857 1751 3912 sicut
1771 3853 2128 3923 'debuerant,

538 3927 798 3998 diligunt,
829 3945 931 3983 nec
948 3927 1288 3983 lectionibus
1318 3928 1733 3998 Scripturarum
1763 3928 2014 3982 animum
2040 3929 2128 3982 in-

537 3997 796 4070 tendunt.
815 3998 901 4070 Ita
921 4015 1142 4070 quoque
1157 4017 1282 4054 cum
1300 3997 1500 4053 calices
1522 4005 1710 4070 essent
1724 3999 1934 4068 cuprei,
1950 4016 2128 4052 sacer-

535 4067 696 4122 dotes
720 4069 877 4122 aurei
905 4067 1152 4127 fuerunt.
1167 4070 1346 4124 Hodie
1371 4075 1560 4124 autem
1582 4069 1782 4123 calices
1796 4067 1926 4122 sunt
1947 4071 2121 4136 aurei,

535 4143 594 4191 et
617 4139 810 4208 cuprei
837 4140 1176 4196 sacerdotes.
1209 4159 1236 4193 ι)

605 4209 878 4272 Secundo,
903 4216 968 4264 ut
989 4211 1319 4266 clericorum
1341 4211 1562 4266 divitias
1576 4212 1920 4265 insectentur
1946 4211 2122 4266 etim-

533 4279 790 4352 probent.
821 4281 944 4345 Qua
972 4281 1041 4352 in
1060 4298 1120 4335 re
1141 4288 1456 4352 sequuntur
1482 4288 1697 4336 veteres
1727 4282 2032 4352 haereticos,
2059 4288 2124 4338 ut

530 4351 840 4424 Arnaldum
867 4352 936 4424 die
956 4351 1158 4424 Brixia.
1172 4351 1267 4424 qui
1296 4353 1430 4407 vixit
1447 4370 1538 4407 an.
1572 4353 1778 4408 Christi
1807 4351 1960 4418 H39,
1978 4359 2121 4408 tem-

528 4437 665 4494 pore
696 4422 937 4494 Conradi
966 4423 1114 4492 regis
1141 4422 1542 4482 Romanorum.
1579 4424 1674 4494 qui
1704 4423 1923 4478 dicebat
1953 4426 2121 4494 (teste

2223 3240 2362 3275 esse.
2399 3221 2688 3276 Labuntur
2715 3238 2841 3275 cum
2875 3222 3104 3291 Erasmo
3131 3222 3555 3276 Centuriatores
3593 3220 3793 3291 Μεδάβ-

2223 3291 2545 3374 burgeuses,
2569 3293 2804 3374 cent},
2826 3310 2947 3374 cap.
2978 3289 3058 3358 lO,
3091 3293 3186 3362 qui
3214 3292 3374 3346 aiunt
3397 3289 3792 3348 Malchum'ori-

2223 3365 2436 3417 undum
2464 3381 2528 3416 ex
2557 3365 2673 3417 vico
2704 3365 2975 3418 Maronia.

2295 3437 2374 3506 :lli
2404 3441 2545 3499 nate,
2586 3437 2824 3489 Nisibeni.
2862 3437 3032 3500 agelli
3063 3433 3336 3506 colonus.]
3359 3435 3461 3489 Ms.
3489 3434 3665 3506 sancti
3684 3433 3790 3487 Flo-

2223 3505 2397 3558 riani:
2420 3508 2499 3558 .lli
2529 3511 2672 3569 nate,
2696 3508 2946 3559 .l'isirelli
2963 3510 3125 3571 agelli
3142 3505 3386 3560 colonus.
3411 3506 3518 3558 Ms.
3540 3505 3792 3559 Audoma-

2221 3576 2433 3629 rensis:
2467 3578 2714 3629 Mat/teni
2755 3579 2931 3628 sibeni
2960 3580 3132 3642 agello
3163 3581 3404 3638 colonus,
3426 3577 3578 3646 quod
3610 3574 3793 3630 coaluit

2222 3663 2285 3699 ex
2315 3651 2395 3699 mi
2426 3652 2550 3699 nate
2580 3648 2851 3699 Misibeni.
2888 3646 3006 3700 Erit
3036 3647 3177 3700 forte
3223 3645 3525 3717 quispiam,
3565 3647 3656 3717 qui
3683 3645 3792 3698 hinc

2221 3719 2396 3770 Mat/ie
2418 3719 2668 3771 Nisibeni
2687 3717 2990 3786 exsculpat,
3005 3723 3062 3770 et
3081 3718 3261 3771 locum
3279 3717 3359 3770 ita
3375 3717 3589 3771 dictum
3605 3718 3661 3770 in
3679 3731 3792 3782 agro

2218 3787 2486 3841 Nisibeno
2507 3788 2796 3840 arioletur.
2820 3788 2999 3855 Vulgo
3021 3788 3137 3841 loco
3167 3790 3418 3842 Nisibeni
3433 3788 3675 3842 habetur
3690 3789 3792 3840 Μα-

2219 3863 2454 3912 roniaci.
2487 3858 2648 3929 Apud
2670 3858 3088 3929 Metaphrasten
3109 3858 3348 3912 habetur
3377 3859 3667 3913 Sevennia.

2285 3931 2368 3983 Ad
2405 3928 2648 3982 arentum
2689 3928 3020 4000 Chalcidos]
3060 3930 3157 3983 Est
3184 3929 3404 3982 Chalcis
3444 3931 3584 3983 urbs
3616 3928 3788 4000 Syrize,

2208 3998 2266 4052 in
2311 4001 2538 4070 regione
2569 3999 2903 4053 Chalcidica.
2946 3998 3111 4070 Apud
3140 4000 3505 4053 Ammianum
3529 3998 3786 4054 Marcelli-

2208 4085 2361 4136 num,
2405 4070 2738 4142 libroixxw,
2781 4070 2954 4123 habes
3001 4071 3258 4125 Chalcida
3292 4071 3583 4142 Syriacam
3614 4071 3787 4125 civita-

2207 4146 2341 4197 tem.
2375 4141 2516 4195 Vide
2547 4141 2964 4196 Onomasticon.
3336 4141 3344 4142 ί
3378 4184 3391 4195 ,

2277 4215 2402 4279 θυεερ
2429 4216 2577 4293 inter
2591 4214 2796 4293 [minas
2826 4214 3148 4293 81.901??an
3166 4211 3368 4293 ‘.]_Ita
3393 4212 3690 4293 legendum
3729 4225 3784 4263 ex

2204 4283 2861 4354 Manuscriptis.Quidam
2873 4283 2960 4338 Ma
2967 4282 3150 4336 nuscri
3156 4282 3236 4353 pti
3251 4282 3533 4340 habebant
3546 4287 3761 4354 Veraain
3769 4325 3780 4354 ε

2204 4355 2438 4408 solemni
2475 4349 2847 4424 quorumdam
2884 4360 3136 4425 veterum
3156 4349 3346 4420 _more,
3387 4356 3714 4425 ponentium
3742 4349 3782 4402 V

2203 4425 2323 4478 loco
2346 4426 2406 4479 Β.
2435 4426 2496 4479 In
2526 4425 2864 4478 editionibus
2889 4424 3169 4478 veteribus
3197 4431 3335 4489 erat,
3363 4424 3652 4494 quaeinter
3677 4427 3778 4480 1m-

528 4491 734 4574 Qttone
753 4491 1282 4575 Frisingensitlibro
1303 4510 1364 4560 II,
1383 4491 1616 4575 cap._‘20,
1645 4496 1713 4549 de
1732 4495 1916 4548 Gestis
1929 4491 2119 4575 F‘ride-
2142 4517 2189 4575 D
2207 4513 2322 4549 mas
2352 4501 2399 4550 et
2427 4499 2636 4575 [ἐρ-ωας.
2658 4497 2722 4575 In
2745 4496 3063 4575 Coloniensi
3082 4495 3346 4575 editione.
3369 4491 3488 4564 qua:
3513 4501 3660 4551 inter
3678 4498 3777 4550 lm-

525 4562 625 4617 rici
650 4563 847 4637 imp.)7:
887 4585 910 4616 ι
942 4562 1057 4619 Nec
1087 4566 1320 4620 clericos
1337 4562 1756 4637 proprietatem,
1784 4583 1884 4620 nec
1905 4567 2121 4637 episco-

522 4649 624 4707 pos
654 4636 883 4706 regalia,
916 4653 1018 4690 nec
1063 4638 1367 4692 monachos
1414 4636 1788 4707 possessiones
1826 4636 2116 4703 habentes,

525 4704 945 4779 aliquaLratione
961 4725 1121 4778 posse
1143 4709 1365 4762 salvari.
1387 4704 1762 4779 {Sequuntur
1775 4715 1832 4762 et
1845 4709 2118 4763 Joannem

526 4773 842 4847 Wiclefum,
877 4773 1037 4847 cujus
1066 4779 1121 4832 in
1149 4779 1384 4833 concilio
1414 4773 1848 4844 Confstantiensi,
1871 4780 2117 4833 sessione

523 4840 579 4910 8,
611 4840 862 4900 damnati
885 4840 1103 4902 hiwsunt
1129 4850 1352 4904 articuli
1383 4865 1554 4904 xxxu.
1589 4851 1779 4904 Ditare
1808 4840 2018 4904 clerum
2032 4855 2119 4904 est

523 4920 718 4988 contra
747 4919 999 4988 regulam
1015 4920 1222 4974 Christi
1266 4935 1460 4975 xxxm.
1484 4921 1752 4976 Silvester
1774 4927 1830 4974 et
1847 4921 2116 4975 Constan-

523 4985 676 5039 tinus
703 4985 964 5062 errarunt
988 4990 1287 5044 Ecclesium
1315 4992 1564 5046 ditando.
1583 5007 1762 5046 xxxxx.
1800 4993 2113 5062 Imperator

521 5062 578 5129 et
604 5058 883 5113 seculares
910 5064 1042 5113 sunt
1078 5062 1291 5116 seducti
1337 5079 1372 5116 a
1417 5062 1658 5129 diabolo,
1699 5068 1763 5116 ut
1811 5058 2112 5116 Ecclesiam

519 5126 770 5208 ditarent
797 5129 961 5208 bonis
973 5132 1392 5208 temporalibus.
1419 5154 1444 5186 »
1469 5135 1588 5208 Sed
1599 5126 2107 5208 recteAmbrosius,

516 5197 658 5272 libro
689 5213 787 5254 VIII
818 5201 876 5254 in
905 5197 1198 5272 capite—xix
1226 5204 1405 5271 Lucae,
1435 5221 1548 5258 non
1575 5205 1633 5258 in
1651 5203 1859 5257 divitiis
1876 5197 2107 5269 crimen,

515 5267 702 5350 sed‘in
732 5272 878 5350 male
907 5267 1193 5350 utentibus
1221 5267 1414 5350 ponit:
1449 5292 1477 5326 α
1511 5275 1739 5350 Discant
1775 5267 2110 5350 divitesnon

513 5340 586 5414 ing
605 5340 964 5414 facultatibus
995 5340 1470 5411 crimen-haerere,
1495 5346 1592 5399 sed
1611 5346 1668 5399 in
1698 5345 1767 5398 iis
1798 5345 1894 5414 qui
1914 5345 1996 5398 uti
2017 5362 2112 5399 ne-

512 5411 1075 5490 sciantfacultatibus.
1103 5417 1246 5470 Nam
1263 5417 1468 5490 divitiae
1484 5423 1548 5470 ut
1563 5411 1965 5490 impedimenta
1979 5423 2112 5470 sunt

511 5482 812 5558 improbis,
833 5485 1100 5558 itagbonis
1124 5493 1257 5541 sunt
1285 5487 1611 5558 adjumenta
1637 5482 1878 5540 virtutis.
1916 5503 1945 5539 ι

582 5500 587 5533 ι
633 5499 800 5550 roms,
833 5499 912 5538 ita
942 5499 1100 5540 bonis
1124 5499 1257 5541 sunt
1285 5499 1611 5558 adJumenta
1637 5499 1878 5540 virtutis.
1916 5503 1945 5539 ι

582 5499 741 5626 ἆυοᾴ
769 5555 817 5626 si
838 5556 966 5626 quis
995 5557 1152 5612 Isaia
1179 5558 1523 5623 vaticinium,
1549 5559 1619 5610 ad
1645 5557 1942 5612 Ecclesium
1971 5558 2105 5612 olim

2204 4585 2352 4620 mam
2379 4573 2426 4620 et
2456 4569 2666 4620 Essam.
2695 4566 2908 4620 Abutar
2937 4567 3071 4630 otio,
3095 4566 3142 4619 si
3162 4574 3507 4638 monstrosas
3531 4581 3777 4638 quorum-

2201 4639 2330 4691 dam
2361 4637 2866 4708 manuscriptorum
2896 4643 2953 4691 et
2983 4638 3262 4690 editorum
3303 4635 3577 4692 librorum
3607 4635 3778 4691 lectio-

2201 4724 2300 4782 nes
2330 4715 2745 4782 repraesentem.
2779 4709 3104 4782 EtulmasAet
3141 4710 3320 4782 Beraja
3361 4708 3420 4762 in
3450 4709 3633 4782 Syria,
3671 4723 3778 4778 qum

2199 4779 2328 4834 huic
2359 4780 2476 4833 loco
2505 4780 2800 4848 quadrant.
2827 4779 2967 4832 Vide
3000 4778 3416 4834 Onomasticon.

2274 4852 2339 4922 Ut
2356 4852 2489 4904 dum
2509 4845 2815 4904 adviveret’
2830 4850 3051 4920 mater.]
3074 4851 3160 4904 Ita
3182 4850 3597 4922 manuscriptus
3616 4845 3780 4922 sancti

2197 4921 2442 4975 Floriani
2465 4921 2621 4986 editi,
2659 4923 2718 4976 Et
2741 4923 2876 4975 dum
2900 4918 3082 4974 adhuc
3109 4925 3308 4975 viveret
3350 4918 3547 4974 mater.
3579 4918 3781 4975 Tertul-

2197 4991 2396 5057 lianus,
2431 4991 2500 5045 de
2527 4993 2748 5046 Corona
2772 4991 2957 5058 milit.,
2981 5008 3102 5062 cap.
3123 4993 3152 5045 7
3179 5009 3192 5046 :
3219 5010 3243 5043 α
3269 4993 3442 5046 Porro
3462 4993 3508 5046 si
3534 5009 3656 5062 qua:
3673 4989 3781 5062 alia:

2195 5062 2609 5144 idoli‘siaciant,
2638 5064 2708 5144 ad
2733 5064 3019 5144 daemones
3041 5059 3589 5144 pertinentnquant—o
3617 5059 3782 5144 magis

2195 5134 2342 5204 quod
2366 5134 2487 5203 ipsa
2510 5133 2615 5187 sibi
2636 5134 2786 5187 idola
2807 5129 3075 5196 fecerunt,
3095 5151 3223 5188 cum
3247 5129 3590 5188 adviverent.
3627 5152 3667 5204 »γ
3686 5129 3779 5184 Ubi

2194 5203 2304 5258 non
2335 5211 2484 5258 recte
2519 5205 2792 5271 Latinius,
2827 5222 2956 5258 cum
2985 5205 3164 5259 adhuc
3192 5207 3453 5268 viverent,
3480 5203 3716 5276 reponit.

2264 5277 2336 5328 De
2353 5278 2532 5329 Βεναά
2546 5277 2798 5329 Edessam
2808 5276 3204 5344 pergentibus.]
3228 5276 3313 5329 Ita
3329 5283 3478 5330 recte
3490 5271 3624 5330 Mss.
3649 5271 3780 5328 Male

2192 5345 2541 5399 Coloniensis
2571 5346 2768 5400 editio:
2802 5349 2873 5400 De
2893 5349 3088 5400 Berria
3116 5348 3189 5399 ad
3211 5347 3398 5399 Essam
3416 5347 3776 5415 pergentibus.

2193 5417 2288 5488 Est
2317 5417 2509 5470 Bercea
2534 5417 2622 5470 hic
2653 5418 2826 5488 Syria;
2850 5417 3062 5482 civitas,
3079 5417 3136 5470 in
3161 5417 3518 5488 Cyrrhestica
3537 5416 3776 5486 regione.

2192 5487 2400 5540 Edessa
2426 5504 2646 5558 quoque
2677 5487 2765 5541 hic
2795 5489 2968 5560 Syriae
2990 5495 3075 5542 est
3095 5487 3306 5542 civitas.

2273 5552 2533 5626 l'icino'pu
2544 5552 2590 5611 bl
2597 5563 2674 5611 ico
2689 5552 2883 5612 itineri
2893 5563 3016 5612 solit
3025 5561 3145 5621 udo,
3154 5575 3250 5628 per
3259 5577 3426 5628 quam.
3440 5559 3709 5614 Sarracen
3721 5552 3776 5622 ιζ]

510 5619 614 5676 sub
643 5619 880 5680 ethnicis
908 5627 1343 5698 imperatoribus
1394 5619 1554 5700 quasi
1593 5628 1936 5696 derelictam,
1977 5637 2106 5701 post
2185 5619 2592 5685 Tenditur-haec
2611 5629 2886 5685 latissima
2899 5619 3212 5686 eremus'ab
3242 5619 3401 5686 India
3429 5632 3500 5686 ad
3517 5619 3777 5686 Maurita¥

578 5799 887 5884 '“Sicnlee't
912 5805 1254 5881 Rosweydus
1275 5825 1378 5882 pro
1397 5808 1642 5880 Baream,
1670 5825 1795 5882 qua:
1823 5814 1910 5866 est
1931 5807 2098 5866 lectio

505 5869 780 5932 Vallarsii.
802 5869 974 5933 Enrr.

2248 5805 2273 5844 ²
2299 5808 2444 5867 Loco
2472 5808 2890 5882 adhucviveret,
2917 5809 3066 5885 quod
3091 5807 3264 5870 habet
3279 5807 3772 5869 Vallarsius.Emr.
