3912 6412
1977 468 2138 512 JUN‘II
2181 468 2284 510 XII.

839 622 1282 770 VITA
1390 623 2086 770 SANCTI
2194 615 3190 767 ONUPHRII
3281 699 3417 785 υ),

1847 861 2395 951 ΕΒΕΜΙΤᾸΕ.

2008 1043 2369 1117 ΑΒΒΑΤΕ,
2460 1041 3004 1104 INTERPRETE
3087 1038 3551 1102 ANONYMO.

725 1052 1124 1117 AUCTORE
1213 1047 1726 1113 PAPHNUTIO
1807 1047 1919 1128 (2),

1034 1337 1697 1513 prologue
1779 1332 2528 1508 interpretis
2605 1329 3250 1502 anonnmi.

573 1616 708 1684 ω
733 1619 892 1672 Beati
921 1617 1196 1689 Onuphrii
1227 1617 1414 1671 Vitam
1439 1617 1586 1670 inter
1605 1616 1926 1669 Graecorum
1949 1614 2266 1665 commenta
2279 1608 2545 1678 scriptam
2574 1621 2767 1676 nuper
2790 1606 2996 1675 reperi,
3032 1613 3093 1659 ut
3116 1606 3398 1676 quondam
3419 1622 3455 1660 a
3473 1603 3770 1660 venerabili

510 1721 575 1762 ac
606 1707 1017 1778 prudentisimo
1064 1707 1201 1772 viro,
1259 1705 1470 1760 scilicet
1516 1703 1785 1775 Gregorio
1823 1701 1924 1774 (3),
1969 1699 2145 1770 ipsius
2201 1703 2362 1768 gesta
2413 1700 2697 1759 narrante,
2760 1695 3012 1763 cognovi.
3062 1695 3220 1748 Hanc
3273 1694 3650 1765 Paphnutius,
3697 1695 3772 1748 vir

509 1813 732 1872 quoque
758 1796 1161 1855 sanctissimus.
1196 1797 1387 1851 Graeco
1417 1811 1673 1849 sermone
1703 1792 1904 1846 retexit
1931 1789 2002 1844 ab
2030 1788 2275 1841 exordio.
2305 1785 2483 1850 Quem
2516 1799 2618 1853 ego
2651 1788 2898 1848 secutus,
2936 1799 2966 1835 e
3001 1783 3192 1838 Graeco
3222 1783 3488 1838 transtuli
3532 1784 3593 1838 in
3629 1784 3771 1838 Lati-

509 1871 664 1951 num,
677 1885 956 1955 largiente
972 1886 1210 1940 Domino
1258 1890 1322 1940 ut
1340 1887 1463 1954 ejus
1482 1883 1786 1955 probabilis
1817 1881 1932 1945 vita
1957 1877 2264 1932 secundum
2282 1875 2425 1928 vires
2444 1890 2598 1927 meas
2619 1872 3000 1937 manifestata,
3015 1871 3448 1927 admirationem
3464 1871 3773 1942 legentibus

507 1973 752 2045 praebeat
781 1980 837 2028 et
861 1973 1254 2028 imitationem.
1275 1975 1401 2028 Non
1421 1973 1766 2045 perpendite,
1789 1986 1994 2041 quaeso,
2013 1968 2122 2022 mei
2152 1965 2426 2019 sermonis
2453 1961 2850 2026 rusticitatem,
2877 1961 2976 2014 sed
3002 1963 3146 2016 tanti
3168 1963 3376 2016 laboris
3389 1963 3586 2017 am‘mo
3613 1963 3776 2018 revol-

505 2062 616 2119 vite
643 2062 1129 2135 longanimitatem
1157 2082 1168 2116 :
1195 2079 1365 2134 quam
1395 2063 1479 2132 vir
1505 2063 1620 2116 Deo
1641 2063 1840 2133 plenus
1875 2059 2153 2131 patienter
2176 2052 2463 2120 sustinuit,
2495 2051 2632 2104 dum
2652 2051 2949 2104 mundanae
2979 2052 3242 2106 vanitatis
3271 2052 3513 2121 gloriam
3547 2053 3772 2123 sprevit,

509 2149 567 2207 et
593 2152 818 2207 caeleste
845 2170 1088 2224 regnum
1113 2151 1365 2207 districte
1393 2150 1626 2206 vivendo
1649 2150 1878 2204 sibimet
1893 2145 2260 2204 hmreditavit.

1843 2469 2420 2606 VITA.

587 2690 778 2744 Beatte
811 2686 1096 2742 memoria!
1132 2686 1484 2756 Paphnutius
1519 2685 1777 2756 quaedam
1814 2687 2176 2756 cogitatio-A
2187 2698 2418 2760 geretur
2441 2691 2538 2763 (5).
2570 2693 2680 2747 Pro
2695 2692 3027 2748 vestimento
3053 2697 3276 2760 quoque
3301 2687 3452 2743 foliis
3486 2688 3783 2759 herbisque

519 2788 657 2850 num
689 2783 746 2833 et
791 2781 1024 2844 actuum
1060 2789 1291 2830 suorum
1345 2779 1559 2828 secreta
1594 2773 1786 2828 taliter
1821 2777 2108 2844 reseravit,

518 2863 710 2924 dicens
739 2886 750 2922 :

589 2959 723 3012 Cn.
739 2957 786 3012 Ῑ.
809 2985 876 2997 --
895 2956 1152 3021 Quodam
1177 2953 1288 3018 die,
1313 2954 1447 3008 dum
1468 2969 1572 3023 ego
1600 2953 1950 3024 Paphnutius
1966 2955 2116 3010 solus

517 3045 834 3117 tacitusque
861 3043 1133 3106 sederem,
1165 3041 1403 3112 cogitavi
1432 3041 1491 3094 in
1517 3042 1681 3096 corde
1710 3057 1834 3096 meo
1859 3044 2005 3114 quod
2026 3044 2118 3098 de-

519 3137 673 3190 serta
707 3137 978 3207 peterem,
1011 3139 1068 3188 et
1096 3131 1360 3187 universa
1395 3131 1516 3185 loca
1549 3137 1872 3186 sanctorum
1919 3147 2116 3186 mona-

517 3225 771 3289 chorum,
805 3225 1022 3296 piasque
1050 3220 1486 3276 conversationis
1512 3219 1768 3275 habitum
1792 3220 2113 3287 lustrarem,

519 3331 586 3368 ac
615 3313 858 3386 qualiter
895 3313 1012 3367 Deo
1050 3311 1456 3376 ministrarent,
1488 3310 1920 3365 considerarem.
1958 3311 2117 3365 Unde

517 3402 728 3458 factum
748 3404 834 3456 est
861 3404 926 3455 ut
950 3401 1154 3456 tacitus
1183 3401 1293 3454 iter
1325 3400 1649 3471 arriperem,
1685 3405 1742 3453 et
1777 3398 1836 3452 in
1865 3411 2117 3454 eremum

521 3501 690 3549 cursu
723 3485 1079 3546 desiderabili
1120 3500 1500 3562 properarem.
1533 3487 1713 3542 Panes
1753 3488 1944 3560 itaque
1989 3501 2119 3543 cum

521 3596 674 3651 aqua
697 3576 902 3650 exigua
927 3594 1150 3633 mecum
1177 3576 1412 3648 portavi,
1448 3593 1518 3631 ne
1547 3573 1844 3630 deﬁcerem
1865 3593 1901 3630 a
1927 3575 2118 3630 labore

522 3669 742 3724 itineris
771 3669 958 3740 coepti.
989 3668 1201 3732 Quarto
1231 3672 1422 3720 autem
1457 3666 1547 3720 die
1577 3672 1822 3737 peracto,
1849 3667 2119 3721 alimenta

524 3768 647 3832 qum
697 3771 917 3812 mecum
961 3756 1178 3828 sumpsi
1216 3756 1559 3822 defeceiunt,
1592 3768 1830 3827 meaque
1866 3755 2120 3809 membra

522 3847 678 3904 nullo
697 3846 846 3902 victu
875 3843 1183 3901 refocillata
1199 3845 1344 3900 vires
1369 3843 1755 3916 perdiderunt.
1784 3843 2010 3914 Moxque
2039 3843 2121 3897 di-

523 3939 653 4000 vina
681 3929 1007 3995 illustrante‘
1025 3935 1230 4006 gratia,
1264 3951 1417 3997 mors
1445 3931 1746 3992 imminens
1783 3931 1970 3988 ablata
2000 3939 2118 4002 est;

524 4027 940 4099 assumptisque
973 4024 1186 4078 viribus
1214 4023 1324 4077 iter
1349 4023 1584 4092 arripui,
1633 4027 1802 4092 atque
1833 4022 1952 4076 dies
1979 4023 2118 4076 alios

525 4119 768 4187 quatuor
781 4111 922 4167 nihil
940 4112 1219 4184 gustando
1243 4111 1451 4182 peregi.
1477 4108 1576 4164 His
1591 4111 1782 4182 itaqUe
1803 4112 2114 4182 completis,

525 4201 765 4274 nimium
786 4199 986 4266 fessus,
1001 4201 1173 4254 humo
1190 4205 1502 4272 prostratus
1517 4199 1668 4270 jacui
1680 4202 1832 4254 velut
1844 4207 2116 4255 mortuus.

525 4291 816 4362 Extemplo
837 4307 1058 4361 quoque
1078 4287 1290 4343 caelesti
1312 4289 1522 4343 solatus
1544 4287 1844 4359 adjutorio,
1859 4290 2119 4344 assistere

525 4379 666 4436 mihi
695 4379 807 4434 vidi
837 4379 1036 4445 virum,
1068 4379 1251 4447 gloria
1279 4377 1616 4445 mirabilem,
1638 4379 1932 4450 splendore
1958 4379 2119 4432 terri-

521 4469 714 4540 bilem,
727 4464 1512 4542 pulchritudinelaudabilem,
1529 4468 1914 4537 magnitudine
1931 4485 2122 4539 proce-

521 4576 670 4627 rum,
694 4564 924 4632 aspectu
942 4555 1292 4635 praeclarum.
1308 4557 1487 4621 Quem
1512 4563 1575 4610 ut
1595 4556 1803 4628 aspexi,
1828 4557 2122 4612 vehemen-

521 4656 612 4705 ter
636 4648 936 4720 obstupui;
962 4647 1060 4701 sed
1078 4652 1270 4702 tamen
1297 4647 1392 4700 ille
1413 4647 1569 4700 vultu
1594 4643 1810 4718 placido
1829 4647 2118 4714 accedens,

523 4749 672 4793 nunc
695 4733 914 4803 manus,
946 4750 1097 4791 nunc
1123 4735 1272 4791 labia
1299 4747 1428 4790 mea
1453 4736 1660 4805 tetigit.
1699 4736 1950 4807 mihique
1975 4735 2120 4790 vires

521 4827 784 4898 potenter
818 4825 1156 4880 restauravit
1203 4824 1482 4897 (Joannes,
1540 4827 1720 4880 libello
1762 4837 1846 4890 III,
1889 4841 1948 4878 η.
2007 4823 2116 4891 12).

521 4914 802 4970 Continuo
829 4913 990 4968 latus
1019 4911 1252 4979 surrexi,
1278 4909 1507 4984 Deoque
1537 4913 1774 4980 favente,
1791 4929 1892 4988 per
1921 4911 2117 4967 solitu-

519 5003 712 5059 dinem
739 5003 939 5058 exinde
967 5003 1160 5056 decem
1192 5007 1249 5056 et
1273 5009 1488 5073 septem
1521 5003 1738 5056 dierum
1779 5018 2006 5055 cursum
2033 5001 2120 5055 di-

519 5094 659 5166 rexi,
693 5108 986 5164 quousque
1015 5091 1086 5146 ad
1128 5091 1312 5151 locum
1342 5109 1511 5162 quem
1547 5091 1821 5146 Dominus
1850 5091 1988 5144 mihi
2037 5090 2120 5144 fa-

520 5183 675 5238 mulo
717 5198 819 5236 suo
866 5181 1098 5252 indigno
1143 5179 1470 5252 providebat
1497 5180 1811 5245 ostendere,
1844 5179 2071 5250 perveni
2105 5198 2118 5246 ;

519 5273 634 5328 illic
657 5271 728 5326 ab
763 5271 982 5326 itineris
1010 5269 1202 5325 labore
1229 5269 1458 5324 cessavi.

2196 2779 2478 2848 utebatur,
2503 2782 2708 2853 quibus
2737 2778 3053 2835 subteriora
3079 2793 3279 2832 renum
3308 2777 3384 2848 (6)
3399 2773 3787 2832 tantummodo

2196 2869 2472 2939 cingebat.
2505 2872 2626 2926 Tali
2659 2871 2772 2924 viso
2803 2869 3052 2935 homine,
3094 2867 3270 2922 nimio
3302 2867 3646 2938 perterritus
3674 2883 3790 2920 sum

2197 2964 2432 3026 terrore,
2456 2961 2722 3014 anxiatus
2749 2961 2899 3014 ultra
2925 2974 3094 3028 quam
3120 2957 3275 3010 credi
3307 2961 3491 3027 potest
3511 2957 3723 3010 timore
3741 2961 3790 3008 et

2201 3047 2590 3115 admiratione,
2623 3046 2886 3120 quoniam
2915 3051 3032 3101 tam
3062 3046 3207 3100 mira
3243 3045 3422 3098 forma
3451 3046 3602 3100 meis
3629 3045 3790 3099 oculis

2199 3153 2488 3208 nunquam
2516 3132 2622 3192 fuit
2654 3143 2878 3191 ostensa
2907 3136 2964 3190 in
2995 3133 3244 3190 humana
3282 3134 3487 3205 specie.
3519 3133 3678 3198 Quid
3717 3133 3790 3186 fa-

2198 3242 2383 3280 cerem
2420 3225 2709 3296 ignoravi;
2740 3226 2838 3279 sed
2880 3232 3156 3295 quantum
3191 3223 3361 3290 valui,
3410 3223 3613 3292 fugam
3643 3222 3787 3294 petii,

2198 3321 2562 3386 montemque
2587 3315 2963 3387 propinquum
2983 3313 3200 3367 concito
3229 3329 3396 3366 cursu
3425 3313 3677 3378 ascendi;
3703 3311 3790 3365 ibi-

2200 3420 2308 3473 que
2328 3405 2690 3458 tremefactus
2710 3403 2915 3470 corrui,
2951 3409 3120 3473 atque
3135 3419 3225 3455 me
3246 3400 3348 3456 sub
3369 3401 3662 3456 frondium
3673 3393 3790 3454 den-

2201 3491 2366 3545 sitate
2402 3507 2437 3546 a
2482 3491 2621 3546 facie
2647 3491 2797 3546 illius
2829 3491 3114 3558 abscondi,
3147 3491 3326 3546 multa
3353 3490 3494 3544 dans
3535 3491 3786 3562 suspiria.

2208 3585 2392 3646 ιω
2419 3581 2607 3635 Defeci
2637 3598 2778 3652 pene
2806 3587 2970 3634 aetate
2995 3587 3052 3634 et
3074 3579 3264 3634 labore
3283 3577 3665 3635 abstinentiae.
3698 3579 3788 3634 Hic

2199 3685 2330 3721 vero
2359 3669 2493 3722 dum
2524 3685 2613 3722 me
2643 3669 2905 3723 cernebat
2934 3670 2992 3723 in
3015 3675 3206 3722 monte
3229 3670 3539 3739 jacentem,
3564 3685 3696 3722 voce
3717 3668 3793 3721 ni-

2201 3757 2316 3810 mia
2339 3757 2616 3824 clamavit,
2649 3764 2706 3811 et
2732 3757 2873 3812 dixit
2896 3778 2907 3812 :
2933 3758 3036 3811 Vir
3053 3757 3173 3823 Dei,
3195 3756 3468 3811 descende
3496 3757 3570 3810 de
3589 3759 3788 3811 monte.

2203 3845 2329 3898 Noli
2355 3846 2582 3912 timere;
2607 3863 2708 3916 ego
2733 3847 2886 3901 enim
2916 3863 3044 3902 sum
3067 3845 3236 3901 homo
3277 3843 3562 3916 passibilis
3592 3846 3696 3900 tibi
3727 3845 3790 3899 si-

2203 3934 2371 3989 milis.
2405 3936 2504 3988 His
2532 3935 2724 4006 itaque
2754 3936 3073 3990 consolatus
3087 3934 3289 4000 verbis,
3322 3941 3576 3990 mentem
3605 3935 3787 4006 recipi,

2203 4039 2442 4093 moxque
2461 4025 2741 4092 descendi,
2775 4030 2833 4078 et
2851 4025 2922 4078 ad
2941 4025 3123 4078 virum
3153 4030 3411 4078 sanctum
3429 4025 3681 4094 perveni,
3712 4027 3791 4076 at-

2203 4128 2311 4183 que
2349 4113 2582 4183 pedibus
2605 4115 2727 4183 ejus
2759 4129 2848 4167 me
2877 4113 3107 4168 timidus
3129 4111 3424 4184 prostravi.
3451 4111 3552 4166 Ille
3575 4124 3788 4183 quoque

2202 4217 2291 4254 me
2319 4201 2620 4272 prohibens
2652 4209 2782 4256 ante
2813 4220 2870 4256 se
2888 4204 3098 4273 jacere,
3129 4203 3325 4271 Surge,
3358 4199 3564 4271 inquit,
3603 4217 3786 4271 surge;

2200 4296 2264 4344 tu
2293 4291 2444 4344 enim
2475 4308 2532 4345 es
2562 4292 2661 4345 Dei
2687 4307 2900 4356 servus,
2932 4296 2988 4344 et
3016 4291 3232 4344 vocaris
3258 4289 3633 4360 Paphnutius,
3669 4305 3790 4344 san-

2201 4385 2418 4434 ctorum
2447 4381 2680 4434 amicus.
2706 4379 2910 4434 Statim
2938 4380 3187 4445 surrexi;
3223 4384 3279 4432 et
3315 4379 3571 4449 quamvis
3600 4380 3785 4440 fessus,

2199 4478 2388 4522 tamen
2420 4468 2579 4524 laetus
2601 4479 2732 4523 ante
2753 4485 2882 4523 eum
2913 4467 3052 4534 sedi,
3079 4469 3200 4539 jam
3227 4467 3462 4523 ferventi
3491 4466 3784 4530 desiderio,

2202 4557 2328 4628 quis
2363 4559 2502 4628 ipse,
2543 4563 2599 4612 et
2624 4557 2806 4629 qualis
2836 4559 2956 4627 ejus
2985 4563 3133 4611 esset
3171 4556 3302 4622 vita,
3335 4557 3569 4629 cupiens
3596 4557 3788 4627 digno-

2203 4664 2376 4712 scere,
2411 4647 2600 4702 dicens
2630 4665 2641 4700 :
2681 4647 2817 4701 Ecce
2841 4651 3034 4700 votum
3076 4645 3418 4717 adimplevit,
3453 4646 3549 4716 qui
3579 4663 3672 4702 me
3699 4660 3790 4717 per

2202 4735 2347 4789 hanc
2375 4735 2882 4790 eremum‘direxit.
2917 4735 2999 4788 En
3029 4741 3186 4789 artus
3217 4735 3327 4789 mei
3355 4735 3678 4790 fatiscentes
3701 4734 3791 4789 ali-

2203 4823 2351 4895 quod
2373 4825 2626 4878 sentiunt
2643 4821 2926 4890 solatium,
2960 4820 3057 4877 sed
3079 4839 3237 4878 mens
3266 4820 3549 4878 sitibunda
3568 4841 3683 4878 non
3708 4821 3794 4877 ad-

2202 4906 2311 4970 huc
2363 4913 2578 4968 invenit
2613 4911 2989 4984 refrigerium.
3033 4909 3244 4967 Idcirco
3275 4916 3350 4981 te,
3384 4911 3590 4981 senior,
3637 4911 3793 4968 corde

2203 5003 2400 5057 devoto
2428 5004 2715 5074 deprecor,
2747 5009 2918 5072 atque
2947 5019 3048 5072 per
3071 5003 3253 5058 illum.
3279 5002 3350 5056 ob
3369 5004 3528 5073 cujus
3549 5017 3791 5056 amorem

2204 5091 2375 5162 hujus
2417 5091 2734 5146 solitudinis
2771 5091 2994 5144 deserta
3029 5090 3270 5159 habitas,
3302 5098 3358 5146 te
3388 5097 3690 5159 contestor,
3736 5094 3793 5144 ut

2203 5181 2352 5234 unde
2380 5181 2456 5234 sis
2485 5187 2585 5236 aut
2616 5180 2894 5251 quomodo
2923 5181 3156 5247 voceris,
3189 5198 3289 5237 seu
3320 5181 3544 5252 quando
3572 5182 3682 5236 huc
3709 5179 3794 5233 ad-

2136 5305 2179 5366 C
2202 5270 2440 5330 veneris,
2481 5270 2691 5340 apertis
2722 5269 2862 5322 mihi
2907 5269 3086 5322 verbis
3138 5267 3455 5324 denunties.
3489 5271 3560 5324 Et
3588 5270 3673 5324 vir
3699 5269 3792 5324 Dei

589 5359 722 5418 CAP.
755 5361 828 5416 ΙΙ.
863 5390 928 5400 -
977 5359 1159 5430 Igitur
1188 5359 1323 5413 dum
1359 5358 1542 5411 fessus
1583 5357 2014 5427 requiescerem,
2061 5363 2118 5410 et
2142 5357 2178 5366 “”
2198 5375 2602 5428 recognoscens
2624 5375 2793 5428 quam
2814 5357 3011 5411 libenti
3033 5359 3222 5412 animo
3254 5359 3595 5413 sententiam
3616 5359 3702 5413 sui
3722 5358 3792 5411 la-

519 5467 692 5522 quam
745 5466 892 5521 agre
933 5447 1008 5516 (4)
1043 5447 1324 5520 profectus
1366 5463 1547 5500 essem
1579 5446 1902 5515 cogitarem,
1935 5446 2120 5515 virum

517 5539 712 5612 procul
731 5543 958 5610 aspectu
975 5536 1289 5592 terribilem
1303 5535 1432 5601 vidi,
1449 5535 1509 5588 in
1529 5534 1760 5589 modum
1778 5535 1969 5588 bestiae
1989 5535 2116 5608 pilis

516 5627 764 5698 undique
783 5628 1216 5696 circumseptum
1232 5643 1244 5689 ;
1263 5624 1352 5678 cui
1371 5629 1530 5678 tanta
1550 5623 1760 5678 scilicet
1783 5624 2114 5694 capillorum

515 5715 806 5788 prolixitas
826 5721 966 5782 erat,
985 5720 1049 5769 ut
1067 5730 1268 5784 corpus
1288 5713 1439 5767 illius
1453 5713 1705 5784 ipsorum
1728 5713 2022 5768 diffusione
2034 5718 2115 5766 te-

2199 5445 2348 5500 boris
2379 5447 2652 5511 audirem,
2677 5447 2820 5500 dixit
2847 5447 2985 5500 mihi
3009 5466 3021 5500 :

2272 5537 2401 5589 CAP.
2454 5536 2556 5590 III.
2609 5565 2673 5574 ——
2717 5536 2992 5600 Quoniam
3038 5542 3115 5601 te,
3159 5537 3336 5591 frater
3369 5538 3586 5602 dilecte,
3638 5535 3791 5590 avida

2196 5629 2384 5677 mente
2412 5624 2538 5678 vitae
2567 5641 2705 5678 meae
2743 5625 2942 5693 longas
2971 5642 3252 5680 aerumnas
3280 5627 3418 5680 velle
3448 5627 3591 5680 scire
3611 5625 3784 5686 video,

2195 5719 2448 5782 repetere
2477 5729 2566 5766 me
2594 5713 2696 5768 tibi
2735 5730 2846 5766 non
2885 5712 3105 5770 dubites
3137 5717 3240 5771 has
3277 5716 3348 5771 ab
3376 5715 3621 5770 exordio.
3655 5714 3784 5782 Ego,
