3912 6458
168 351 281 407 ‘213

1174 358 1344 413 VITA
1382 358 1641 415 SANCTI
1679 358 2056 424 ONUPHRII,
2096 356 2452 411 EREMIT/E.

3348 352 3457 411 214

167 479 304 532 licet
322 478 660 543 immeritus,
693 495 861 533 vocor
889 481 1235 552 Onuphnus.
1268 484 1337 537 Et
1366 500 1491 538 ecce
1529 502 1642 539 non
1672 469 1993 545 mi¥Atium
2016 487 2235 536 constat
2253 498 2348 534 eos
2371 480 2577 534 habere
2597 481 2848 535 divinum
2883 481 2978 549 (9).
3003 481 3073 534 Et
3095 481 3143 534 si
3173 480 3451 535 esuriunt’

163 585 281 622 nus
342 574 477 622 sunt
543 586 712 639 quam
777 571 1136 640 septuaginta
1200 573 1333 626 anni
1391 575 1482 640 (7),
1538 577 1687 645 quod
1715 576 1775 630 in

164 659 279 711 hoc
306 658 530 711 deserto
578 658 856 712 laboriose
888 659 1015 713 vixi.
1070 661 1212 714 Cum
1252 661 1386 715 feris
1414 670 1774 718 conversatus

166 760 303 799 sum
333 745 605 814 crebrius,
663 762 765 817 pro
794 763 940 817 pane
994 749 1211 803 comedi
1234 750 1448 820 jugiter
1472 752 1774 807 herbarum

163 834 408 900 fructus,
442 836 503 889 in
548 835 833 890 montibus
861 842 920 891 et
946 838 1007 891 in
1035 838 1313 909 speluncis
1354 845 1411 894 et
1437 842 1496 894 in
1538 842 1775 896 vallibus

162 940 365 978 meum
394 924 659 980 reclinavi
684 924 1002 980 miserabile
1047 930 1268 999 corpus.
1317 929 1423 983 Tot
1474 931 1637 984 annis
1674 948 1774 984 ne-

164 1014 390 1068 minem
418 1015 527 1068 nisi
557 1020 614 1068 te
643 1013 825 1069 solum
882 1016 1129 1087 adspexi,
1187 1018 1518 1073 alimentum
1552 1036 1586 1073 a
1621 1021 1777 1075 nullo

165 1103 471 1157 hominum
493 1102 728 1174 sumpsi.
754 1105 811 1157 in
840 1107 1183 1159 monasterio
1214 1108 1597 1178 Hermopolim
1629 1110 1777 1165 dicto

165 1193 441 1257 nutritus,
503 1194 561 1246 in
594 1193 875 1264 provincia
920 1195 1207 1249 Thebaida
1237 1195 1311 1261 (8)
1341 1198 1648 1264 nominata,
1682 1198 1778 1253 ubi

166 1283 347 1336 simul
371 1298 515 1353 pene
532 1288 758 1336 centum
789 1284 1048 1338 monachi
1096 1285 1397 1354 degebant.
1455 1287 1630 1341 Porro
1663 1289 1777 1342 vita

167 1372 403 1425 illorum
458 1372 590 1425 talis
636 1372 866 1439 exstitit,
896 1379 963 1427 ut
994 1390 1149 1427 more
1180 1381 1237 1428 et
1263 1376 1481 1430 actione
1533 1379 1778 1447 aequani-

165 1460 346 1514 miter
374 1476 568 1515 omnes
606 1462 873 1526 viverent,
907 1468 964 1516 et
991 1478 1103 1516 uno
1136 1464 1302 1517 corde
1336 1470 1392 1518 et
1406 1481 1520 1519 uno
1550 1466 1772 1536 spiritu,

159 1552 310 1620 jugo
341 1566 406 1603 ac
422 1550 726 1621 disciplinae
746 1557 951 1606 sancta:
962 1553 1172 1621 regulae
1194 1554 1338 1607 colla
1356 1554 1770 1622 submitterent,

166 1646 347 1709 atque
375 1641 575 1693 ﬂuctus
598 1640 767 1710 hujus
786 1641 971 1695 saeculi
993 1641 1222 1695 omnino
1242 1658 1355 1696 non
1382 1643 1769 1700 formidarent.

168 1728 462 1798 Quidquid
521 1729 622 1782 uni
667 1729 939 1800 placebat,
992 1731 1209 1784 cunctis
1256 1732 1527 1802 placebat.
1588 1734 1776 1788 Mente

1860 574 1984 645 quis
2002 574 2081 625 cis
2108 588 2311 642 panem
2333 571 2512 623 dabit?
2530 572 2586 624 Si
2607 571 2825 635 sitiunt,
2844 571 2969 641 quis
2998 571 3080 624 eis
3112 584 3318 642 aquam
3346 571 3451 624 tri-

1856 661 1998 727 buit,
2026 660 2121 714 ubi
2150 660 2312 730 panis
2343 668 2400 714 et
2430 676 2577 730 aqua
2600 676 2712 714 non
2744 660 2872 713 est?
2903 660 3179 714 Maximus
3203 660 3363 714 labor
3394 661 3456 715 in

1856 751 2093 805 desertis
2110 749 2244 804 locis
2273 766 2394 804 esse
2423 764 2535 803 non
2563 748 2874 814 dubitatur,
2906 749 3003 803 ubi
3025 749 3165 803 nihil
3194 762 3454 806 necessa-

1857 841 2003 894 rium
2025 839 2320 911 reperitur.
2355 838 2608 893 Primum
2636 853 2791 909 ergo,
2825 838 3047 909 quando
3071 839 3128 893 in
3152 839 3454 895 solitudine

1859 929 2138 983 deﬁniunt
2172 928 2446 991 habitare,
2477 928 2536 982 in
2566 928 2669 982 Dei
2698 928 2903 982 timore
2953 933 3176 984 certant
3213 930 3455 985 firmiter

1861 1024 2028 1073 stare.
2061 1020 2126 1072 In
2157 1018 2307 1072 fame
2330 1023 2389 1071 et
2415 1017 2530 1083 siti,
2564 1017 2624 1071 in
2649 1017 2839 1072 labore
2863 1022 2919 1072 et
2948 1019 3456 1094 passionecorpora

1861 1124 1965 1161 sua
1992 1108 2273 1174 cruciant;
2308 1111 2504 1161 contra
2536 1106 2840 1162 diabolicas
2860 1107 3093 1162 insidias
3112 1108 3349 1162 viriliter
3366 1108 3453 1163 di-

1860 1198 2075 1251 micant
2100 1216 2112 1261 ;
2155 1203 2212 1251 et
2240 1201 2303 1250 ut
2328 1195 2573 1260 vincant,
2599 1202 2796 1250 contra
2818 1196 2933 1251 tela
2951 1191 3458 1267 nequissimlignea

1857 1286 2061 1358 gladiis
2097 1285 2481 1356 spiritualibus
2513 1291 2785 1356 pugnant.
2819 1286 3101 1355 Antiquus
3128 1286 3338 1342 etenim
3362 1286 3458 1341 ille

1859 1376 2233 1441 hostis,totius
2260 1375 2518 1429 inventor
2536 1375 2869 1445 iniquitatis,
2899 1375 3089 1429 studet
3106 1390 3202 1429 eos
3226 1375 3456 1430 subver-

1857 1472 1997 1529 tere,
2029 1470 2087 1519 et
2114 1466 2172 1519 in
2191 1465 2535 1518 consortium
2564 1464 2796 1517 malitia:
2817 1480 2931 1519 suae
2960 1463 3270 1534 implicare,
3288 1469 3459 1535 atque

1858 1555 1927 1607 de
1948 1554 2095 1608 bona
2122 1554 2428 1621 voluntate,
2455 1567 2624 1625 quam
2653 1552 3010 1618 inchoabant,
3037 1553 3326 1607 retrahere
3352 1572 3366 1621 ;
3401 1558 3461 1608 et

1856 1649 2074 1697 mentes
2095 1660 2292 1697 eorum
2304 1643 2603 1697 mundanis
2628 1641 3006 1713 Voluptatibus
3021 1642 3460 1697 iterumirretire

1858 1737 1921 1785 ut
1949 1731 2007 1785 in
2024 1748 2191 1801 opere
2218 1734 2255 1797 Ι
2270 1738 2333 1795 0
2348 1737 2385 1796 ι
2427 1737 2604 1801 coepto
2635 1730 2897 1784 fatiscant
2918 1730 3236 1801 persistere.
3261 1730 3459 1786 Omni—

165 1824 388 1879 sancta,
447 1818 557 1871 fide
613 1834 773 1889 pura.
808 1820 1081 1873 charitate
1111 1820 1358 1891 perfecta
1417 1829 1547 1876 ante
1597 1824 1776 1877 Deum
1795 1824 2056 1905 Bpotens
2087 1834 2219 1889 ergo
2248 1821 2416 1885 Deus,
2452 1821 2548 1890 qui
2568 1837 2682 1873 non
2711 1820 3053 1890 derelinquit
3075 1827 3368 1891 sperantes
3400 1820 3461 1875 in

165 1907 530 1971 incedebant,
561 1908 651 1961 cui
709 1908 800 1962 die
848 1915 1129 1979 noctuque
1157 1910 1311 1963 omni
1342 1913 1775 1966 mansuetudine

165 2003 224 2049 et
254 1997 532 2066 patientia
562 1998 885 2051 ministrare
929 2013 1041 2051 non
1089 1999 1398 2053 cessabant.
1459 2002 1640 2054 Tanta
1689 2002 1776 2055 his

164 2092 293 2139 erat
338 2087 693 2140 taciturnitas
711 2102 839 2141 cum
867 2087 1227 2153 abstinentia,
1252 2093 1317 2141 ut
1336 2090 1523 2143 nullus
1543 2091 1777 2145 auderet

162 2176 273 2228 nisi
306 2192 437 2228 cum
462 2177 618 2245 justa
644 2176 1103 2247 interrogatione,
1153 2177 1239 2231 vel
1287 2185 1440 2231 recto
1478 2194 1770 2250 responso,

164 2266 409 2318 reddere
436 2265 686 2319 verbum.
706 2264 787 2319 Ibi
804 2280 1025 2336 quoque
1049 2266 1319 2336 pabulum
1336 2274 1540 2322 sanctae
1567 2269 1775 2323 doctri-

163 2370 251 2407 nae
284 2354 358 2407 ab
379 2355 757 2408 adolescentia
787 2356 1036 2425 suscepi;
1082 2354 1157 2408 ibi
1187 2357 1465 2425 regularis
1487 2358 1611 2411 vitae
1641 2374 1773 2412 nor-

162 2460 317 2496 mam
350 2461 384 2496 a
414 2443 680 2497 fratribus
706 2442 896 2508 didici,
929 2460 962 2497 a
989 2443 1189 2514 quibus
1215 2445 1536 2499 amabiliter
1573 2447 1773 2516 dilige-

162 2532 284 2600 bar;
306 2532 378 2585 ab
402 2534 505 2597 his,
537 2533 778 2602 qualiter
814 2532 1072 2587 instituta
1101 2534 1496 2588 mandatorum
1523 2536 1623 2589 Dei
1654 2553 1773 2589 ser-

163 2638 297 2675 vare
319 2623 390 2675 de
422 2622 634 2688 berem,
671 2622 971 2692 diligenter
1000 2622 1341 2678 instruebar.

236 2713 371 2764 CAP.
410 2712 502 2765 IV.
533 2741 600 2752 —
632 2712 884 2765 Profecto
934 2712 1105 2766 vitam
1164 2712 1311 2766 beati
1371 2713 1553 2767 Patris
1592 2714 1769 2768 nostri

165 2801 299 2855 Elia;
329 2801 675 2855 venerabiles
693 2801 894 2855 fratres
916 2814 1071 2855 meos
1092 2801 1279 2855 audivi
1306 2802 1629 2872 frequenter
1646 2805 1770 2858 lau—

164 2890 319 2952 dare,
349 2891 447 2962 qui
465 2907 523 2943 se
543 2892 604 2945 in
632 2906 820 2945 eremo
849 2891 907 2944 in
936 2892 1097 2944 tanta
1117 2890 1457 2945 abstinentia
1482 2899 1539 2945 et
1566 2893 1772 2947 oratio-

165 2996 233 3034 ne
266 2981 489 3034 studuit
508 2980 779 3051 afiligcre,
795 2986 860 3034 ut
872 2981 1174 3034 maximam
1194 2981 1506 3035 virtutema
1525 2982 1764 3037 Domino

163 3070 465 3123 meruisset
493 3070 743 3140 accipere
779 3088 791 3123 :
821 3069 1063 3138 etigneo
1088 3086 1257 3124 curru
1276 3073 1765 3142 transvectus,spi-

1859 1928 1936 1975 se,
1971 1910 2283 1964 circumdat
2307 1928 2401 1964 eos
2430 1910 2604 1963 armis
2622 1926 2735 1963 suze
2765 1909 3117 1980 potentimmt
3144 1911 3248 1964 hos
3275 1910 3462 1964 incur-

1860 2000 1941 2054 sio
1996 2001 2218 2054 Satanaa
2246 2017 2359 2053 non
2388 2000 2572 2053 valeat
2616 2004 2991 2070 prosternere,
3033 2015 3175 2068 quos
3213 2000 3460 2069 protegit

1857 2088 2128 2143 celsitudo
2173 2090 2377 2143 divinae
2416 2088 2832 2142 misericordiae.
2879 2088 3235 2158 Quapropter
3264 2088 3335 2142 ad
3363 2105 3459 2142 eos

1858 2179 2043 2249 angeli
2070 2178 2169 2232 Dei
2194 2179 2409 2248 jug’iter
2428 2178 2752 2242 mittuntur,
2778 2194 2843 2230 ac
2869 2191 2970 2248 per
2998 2193 3201 2231 manus
3228 2177 3456 2232 illorum

1858 2284 2203 2338 quiscunque
2228 2268 2543 2321 necessaria
2565 2266 2815 2320 crebrius
2846 2267 2928 2320 eis
2964 2266 3452 2321 administrantur.

1856 2358 2076 2426 Aquam
2107 2357 2176 2409 de
2206 2362 2367 2426 petra
2394 2355 2680 2420 hauriunt,
2703 2355 2853 2425 quod
2881 2356 3289 2424 interpretatur
3300 2356 3458 2410 Chri-

1857 2450 1996 2501 stus.
2024 2446 2307 2516 Scriptum
2332 2450 2415 2499 est
2454 2445 2635 2498 enim:
2672 2444 2863 2498 Sancti
2880 2444 2977 2515 qui
3003 2449 3235 2514 sperant
3252 2444 3311 2498 in
3339 2445 3471 2499 Do-‘

1857 2535 2031 2595 mino,
2079 2535 2366 2588 habebunt
2391 2534 2799 2598 fortitudinem,
2833 2539 3123 2587 assument
3146 2549 3360 2603 pennas
3388 2540 3454 2588 ut

1855 2624 2075 2694 aquilae;
2104 2624 2389 2691 volabunt,
2414 2630 2470 2677 et
2499 2639 2611 2676 non
2638 2623 2916 2689 deficient;
2943 2627 3190 2685 current,
3221 2626 3278 2675 et
3294 2632 3453 2691 gres-

1853 2730 1948 2766 sus
2007 2726 2201 2767 eorum
2254 2730 2367 2767 non
2422 2713 2683 2766 labentur
2732 2713 2893 2780 (Isa.
2924 2715 3057 2775 XL).
3128 2712 3198 2765 Et
3252 2710 3386 2764 alibi
3439 2729 3450 2763 :

1856 2803 1962 2866 Qui
1991 2803 2208 2865 sitiunt,
2260 2804 2328 2856 de
2356 2818 2600 2873 superno
2640 2802 2793 2856 fonte
2846 2800 3187 2854 condiuntur
3218 2797 3351 2867 (10),
3397 2804 3456 2855 et

1853 2891 2159 2945 herbarum
2186 2892 2321 2946 folia
2342 2892 2401 2945 in
2428 2908 2525 2945 ore
2555 2905 2750 2945 eorum
2776 2894 3046 2961 tanquam
3086 2888 3241 2942 favus
3270 2889 3452 2943 mellis

1852 2981 2198 3035 dulcescunt.
2232 2981 2289 3036 Si
2342 2986 2529 3035 autem
2559 2980 2861 3051 aliquando
2899 2977 3156 3032 diabolus
3182 2978 3451 3033 adversus

1846 3086 1940 3123 eos
1964 3071 2316 3136 colluctatur,
2372 3070 2627 3141 protinus
2654 3073 2895 3139 surgunt
2924 3085 2936 3121 :
2988 3080 3190 3121 manus
3218 3080 3349 3121 suas
3377 3067 3449 3121 ad

161 3159 306 3213 ritus
353 3160 530 3212 sancti
563 3159 711 3212 dona
764 3172 887 3229 quae
920 3158 1212 3225 habuerat,
1247 3159 1517 3231 discipulo
1555 3162 1762 3232 impar—
1782 3160 2146 3229 CDominum
2168 3160 2508 3230 expendunt,
2541 3176 2733 3229 preces
2755 3162 2885 3211 ante
2913 3156 3157 3210 divinam
3185 3157 3451 3226 majesta-

160 3248 274 3312 tiri,
310 3264 375 3302 ac
431 3249 614 3302 adhuc
643 3249 923 3317 longaevus
975 3248 1150 3315 senio,
1182 3250 1379 3303 mortis
1400 3262 1623 3320 pinnam
1648 3265 1760 3304 non

159 3338 368 3391 videre.
396 3338 633 3408 Insuper
655 3337 725 3390 ad
764 3337 1105 3407 exemplum,
1169 3338 1395 3392 beatum
1447 3336 1759 3409 Baptistam

158 3427 435 3480 Joannem
466 3428 841 3497 protulerunt,
872 3421 968 3497 qui
998 3427 1057 3480 in
1085 3427 1213 3481 novi
1242 3429 1587 3482 Testamenti
1615 3429 1759 3482 serie

159 3516 433 3569 clarissim
442 3532 506 3569 us
526 3516 753 3582 effulsit,
787 3528 997 3587 perque
1026 3516 1270 3586 plurima
1282 3514 1559 3571 annorum
1578 3519 1761 3588 spatia

158 3605 348 3658 divino
379 3605 727 3675 mancipatus
755 3604 956 3669 officio,
990 3620 1192 3676 corpus
1221 3620 1387 3659 suum
1428 3608 1753 3673 maceravit,

159 3694 338 3748 donec
364 3694 424 3748 in
448 3695 709 3749 Jordanis
737 3694 890 3748 unda
918 3695 1349 3765 Redemptorem
1402 3697 1595 3750 mundi
1624 3696 1757 3767 bap-

158 3783 333 3836 tizare
360 3776 566 3853 dignus
622 3783 904 3849 existeret,
955 3788 1126 3854 atque
1164 3785 1350 3854 ipsum
1379 3785 1479 3837 Dei
1529 3787 1754 3854 Agnum

158 3888 279 3924 esse
308 3872 483 3941 digito
503 3888 604 3926 suo
635 3872 1066 3926 demonstraret.

227 3961 359 4013 CAP.
393 3960 459 4013 ν.
481 3990 542 4000 -
578 3962 693 4031 Ego
721 3976 849 4015 vero
869 3975 998 4014 cum
1020 3961 1159 4015 talia
1188 3978 1283 4015 eos
1315 3959 1615 4016 recitantes
1651 3977 1754 4015 au-

159 4050 358 4109 direm,
391 4050 646 4103 dicebam
677 4050 787 4103 illis
812 4070 822 4103 :
860 4050 1319 4113 Quare,seniores
1341 4051 1473 4115 mei,
1497 4052 1666 4105 vitam
1700 4056 1756 4104 et

158 4137 427 4191 miracula
455 4132 651 4193 eorum
679 4132 1110 4210 obstupescitis?
1140 4145 1239 4193 aut
1261 4141 1593 4195 curillorum
1608 4140 1755 4194 facta

157 4235 273 4281 tam
293 4228 514 4282 assidue
543 4228 1034 4282 commemoratis?
1050 4230 1137 4283 An
1159 4230 1451 4283 suntvobis
1471 4230 1750 4295 fortiores,

159 4318 253 4388 qui
282 4318 568 4371 desertum
596 4312 874 4384 habitant,
908 4330 979 4371 an
1011 4318 1273 4372 leviores?
1302 4321 1377 4372 At
1405 4316 1486 4372 illi
1516 4335 1752 4390 respon-

159 4406 371 4467 dentes.
402 4406 665 4460 dixerunt
697 4425 707 4459 :
733 4407 857 4471 Fili,
882 4407 1141 4461 fortiores
1169 4407 1329 4461 nobis
1350 4414 1500 4474 sunt,
1524 4409 1656 4479 quia
1678 4408 1749 4462 si-

1844 3255 1960 3302 tem
1978 3248 2220 3302 fideliter
2244 3248 2507 3315 fundunt;
2542 3263 2673 3302 mox
2694 3246 2901 3301 auxilio
2923 3245 3135 3300 caelesti
3155 3244 3448 3299 sublevan-

1841 3343 2017 3403 tur,et
2040 3336 2236 3392 dolosa
2253 3336 2670 3408 jaculainimici
2686 3335 2910 3406 penitus
2920 3335 3445 3390 destruuntur.Non

1842 3427 2130 3497 intelligis,
2164 3427 2261 3492 ﬁli,
2279 3427 2522 3498 qualiter
2544 3426 2604 3479 in
2625 3426 2847 3479 Psalmo
2878 3424 3087 3495 legitur
3117 3442 3128 3476 :
3162 3423 3442 3487 Quoniam

1842 3532 1954 3571 non
1984 3515 2040 3571 in
2068 3518 2239 3570 finem
2265 3516 2465 3570 oblivio
2483 3516 2592 3569 erit
2620 3514 2903 3585 pauperis,
2928 3513 3204 3584 patientia
3227 3529 3440 3585 paupe-

1840 3622 1968 3659 rum
1988 3622 2102 3659 non
2123 3605 2328 3676 peribit
2356 3606 2414 3659 in
2442 3612 2714 3659 aeternum
2736 3604 2909 3671 (Psal.
2959 3604 3035 3672 Ix)
3058 3603 3083 3655 Τ
3114 3609 3171 3657 et
3198 3602 3434 3657 iterum:

1841 3695 2138 3748 Exaudivit
2166 3712 2261 3749 eos
2308 3695 2581 3748 Dominus
2632 3693 2691 3747 in
2719 3693 2809 3747 die
2846 3691 3249 3755 tribulationis,
3283 3696 3341 3745 et
3367 3692 3438 3745 de

1838 3784 1991 3837 omni
2022 3784 2285 3853 angustia
2328 3782 2592 3837 liberavit
2644 3799 2740 3836 eos
2766 3784 2937 3849 (Psal.
2969 3787 3096 3844 ενι).
3142 3780 3436 3834 Enimvero

1836 3873 2220 3943 unusquisque
2248 3872 2534 3943 propriam
2589 3871 2906 3925 mercedem
2934 3869 3189 3940 accipiet,
3232 3884 3433 3923 secun-

1837 3962 1973 4015 dum
2013 3978 2178 4015 suum
2232 3961 2481 4015 laborem
2510 3962 2559 4025 (Ι
2595 3962 2716 4014 σον.
2746 3962 2846 4029 III).
2908 3959 3116 4012 Beatus
3163 3963 3249 4012 est
3280 3958 3433 4012 enim

1836 4052 1921 4104 vir
1979 4052 2074 4122 qui
2112 4066 2337 4121 semper
2379 4056 2465 4104 est
2499 4049 2730 4121 pavidus
2760 4086 2774 4114 ,
2827 4055 2888 4103 et
2929 4048 3275 4101 voluntatem
3331 4047 3434 4101 Dei

1835 4141 1895 4194 in
1946 4142 2051 4195 hac
2105 4140 2369 4211 priesenti
2436 4139 2550 4193 vita
2593 4144 2652 4192 et
2696 4138 2884 4208 fragili
2955 4137 3239 4192 studiosus
3313 4136 3436 4207 agit

1838 4232 2017 4298 (Prov.
2053 4235 2261 4299 xxvnl).
2294 4229 2619 4284 Certissime
2648 4228 2811 4292 scias,
2844 4236 2878 4282 'o
2907 4227 3003 4293 fili,
3040 4226 3306 4297 quoniam
3336 4237 3435 4281 an-

1834 4320 1944 4389 geli
1965 4317 2065 4374 Dei
2089 4320 2297 4374 sanctis
2326 4336 2391 4373 ac
2414 4318 2584 4389 justis
2607 4318 2740 4372 viris
2782 4316 3031 4388 quotidie
3062 4316 3428 4383 famulantur,

1832 4416 2002 4480 atque
2026 4410 2232 4463 virtute
2262 4424 2508 4479 superna
2533 4424 2769 4479 corpora
2789 4413 2847 4461 et
2876 4406 3076 4461 animae
3101 4407 3198 4461 illo
3233 4408 3433 4476 jurum

158 4511 226 4549 ne
252 4496 531 4565 adjutorio
562 4497 810 4550 humano
861 4492 1070 4550 vivunt.
1128 4498 1241 4550 Nos
1288 4496 1479 4568 itaque
1508 4499 1653 4551 alter
1676 4498 1746 4551 ab
1764 4492 1976 4569 Dgiter
2004 4500 2416 4553 illuminantur.

160 4585 333 4637 altero
381 4582 776 4655 conSpicimur,
810 4586 1135 4656 pariterque
1162 4587 1415 4640 divinum
1438 4586 1683 4641 officium
1715 4598 1750 4641 a

160 4673 313 4727 nobis
344 4673 680 4728 celebratur.
713 4675 771 4728 Si
803 4676 1026 4744 quando
1055 4675 1237 4729 cibum
1272 4676 1545 4747 cupimus,
1581 4692 1747 4747 para-

158 4769 275 4815 tum
305 4763 617 4833 reperimus
638 4782 649 4829 ;
680 4762 727 4816 si
744 4765 968 4834 quando
988 4764 1287 4818 infirmitas
1308 4772 1407 4819 aut
1425 4765 1615 4835 aliqua
1633 4783 1752 4819 cor-

160 4851 305 4921 poris
317 4851 668 4906 imbecillitas
686 4852 1195 4923 irrepserit,statim
1215 4868 1347 4908 cura
1363 4855 1600 4909 fratrum
1622 4870 1748 4909 cum

160 4941 307 4994 omni
356 4941 733 4995 sollicitudine
764 4959 866 4996 nos
895 4938 1143 5014 adjuvat.
1187 4945 1250 4997 In
1277 4944 1526 4998 aediﬁciis
1568 4945 1750 4999 lucide

158 5031 487 5085 constructis
516 5030 855 5101 habitamus,
887 5032 946 5085 in
974 5032 1176 5102 quibus
1216 5039 1273 5087 et
1327 5028 1396 5087 ab
1449 5040 1586 5088 aestu
1618 5035 1751 5088 solis

159 5120 402 5190 cooperti
425 5130 641 5185 sumus,
668 5126 725 5174 et
752 5120 821 5174 ab
848 5122 1216 5176 inundatione
1248 5121 1468 5193 pluvia),
1502 5130 1559 5177 et
1587 5140 1620 5177 a
1638 5130 1753 5178 tur-

160 5211 279 5265 bine
310 5211 460 5264 venti
487 5226 550 5265 ac
582 5216 914 5282 tempestate
927 5209 1463 5268 manemusdefen’si.
1498 5211 1755 5269 Monachi

162 5318 298 5367 vero,
328 5300 425 5371 qui
454 5301 513 5354 in
551 5301 773 5355 deserto
804 5307 957 5368 sunt,
994 5302 1133 5355 nihil
1159 5304 1557 5358 consolationis
1592 5304 1697 5357 nisi
1722 5320 1758 5357 a

160 5392 264 5444 Deo
285 5390 651 5461 recipiunt.Si
672 5392 896 5461 quando
925 5392 1213 5461 angustias
1239 5399 1338 5446 aut
1363 5392 1755 5447 tribulationes

162 5480 401 5551 perpessi
432 5480 664 5546 fuerint,
690 5480 776 5534 vel
810 5492 938 5535 cum
971 5481 1192 5535 diabolo
1248 5483 1479 5553 antiquo
1519 5483 1754 5536 humani

76 5604 85 5611 -
162 5570 370 5638 generis
424 5569 655 5623 inimico
686 5582 939 5640 pugnare
966 5571 1254 5641 coeperint,
1284 5572 1409 5641 quis
1438 5572 1519 5626 eis
1550 5576 1700 5625 astat
1729 5571 1754 5623 Υ

203 5668 305 5731 quo
329 5658 698 5728 adjuvantur?
730 5659 838 5714 Sed
860 5658 1061 5731 quibus
1092 5660 1406 5714 humanum
1421 5663 1581 5715 deest
1609 5662 1753 5715 sola-

1903 4590 2035 4643 ΟΛι).
2067 4589 2162 4642 VI.
2195 4618 2263 4631 -—
2300 4587 2422 4640 Tali
2437 4585 3023 4656 deniqueiationeego
3050 4600 3267 4654 pauper
3281 4582 3433 4638 Onu-

1832 4678 2028 4748 phrius
2056 4692 2091 4730 a
2118 4675 2487 4730 sanctissimis
2518 4673 2778 4728 Patribus
2828 4673 2887 4726 in
2932 4682 3059 4725 meo
3090 4673 3432 4726 monasterio

1831 4766 2116 4823 subtiliter
2160 4766 2489 4829 instructus,
2546 4763 2691 4833 caepi
2745 4761 2919 4815 tacita
2951 4767 3141 4815 mente
3188 4765 3432 4817 tractare

1834 4872 2003 4926 quam
2047 4854 2293 4924 gloriosa
2346 4852 2609 4907 felicitate
2655 4849 3022 4922 perfruuntur
3048 4850 3108 4905 in
3135 4850 3291 4905 coalis
3336 4851 3434 4922 qui

1832 4945 2144 4999 certamina
2172 4942 2449 4997 laboriosa
2476 4946 2705 5012 propter
2718 4950 2970 4995 amorem
2990 4940 3217 4995 Domini
3236 4940 3438 4996 tolera-

1834 5041 1967 5089 runt
1988 5035 2045 5089 in
2072 5033 2239 5088 terris
2271 5052 2282 5086 :
2317 5034 2413 5086 co'r
2434 5046 2622 5085 meum
2642 5030 2894 5096 ardebat,
2930 5040 3089 5085 mens
3132 5046 3261 5085 mea
3283 5030 3433 5085 desi-

1836 5124 2162 5179 derabiliter
2181 5121 2431 5175 fervebat
2446 5121 2643 5175 mundi
2669 5121 2879 5191 gaudia
2892 5121 3116 5191 penitus
3144 5136 3429 5191 spernere,

1837 5215 2033 5287 patriae
2086 5212 2299 5266 caelesti
2352 5210 2485 5264 totis
2526 5210 2735 5264 viribus
2782 5210 3254 5281 apprOpinquare,
3288 5208 3436 5264 sicut

1838 5302 2137 5359 Psalmista
2185 5302 2398 5363 edocet,
2432 5300 2661 5353 dicens:
2725 5298 2862 5353 Mihi
2912 5304 3102 5353 autem
3146 5298 3437 5352 adhaerere

1838 5396 1953 5449 Deo
1984 5394 2191 5447 bonum
2223 5396 2327 5458 est,
2359 5406 2569 5461 ponere
2595 5388 2653 5442 in
2682 5388 3049 5442 DominoDeo
3066 5403 3225 5458 spem
3251 5396 3440 5443 meam

1841 5486 2007 5549 (Psal.
2044 5485 2228 5549 Lxxn).

1908 5573 2036 5627 Car.
2071 5573 2193 5626 VII.
2315 5571 2574 5640 Dumque
2604 5569 2719 5622 haec
2739 5566 3008 5622 sollicitus
3028 5566 3435 5637 excogitarem,

1834 5668 1998 5716 nocte
2059 5662 2247 5717 silenti
2313 5659 2561 5715 concitus
2627 5656 2864 5723 surrexi,
2931 5662 3166 5727 parvum
3231 5672 3439 5728 panem
