3912 6424
461 336 564 390 215

1471 335 1562 391 DE
1601 337 1788 391 VlTIS
1829 337 2124 393 PATRUM
2162 341 2377 396 LIBER
2417 339 2707 396 PRIMUS.

3631 337 3732 393 ‘216

464 476 682 514 mecum
731 461 904 514 detuli
960 475 1084 512 cum
1141 458 1359 528 exiguis
1415 458 1811 528 leguminibus,
1862 465 1926 512 ut
1965 460 2395 520 vixAdeberem
2449 463 2650 526 vivere,
2684 459 2888 514 divinis
2916 460 3175 530 alloquiis
3205 475 3316 514 non
3353 457 3613 514 cessabat
3636 461 3731 514 ad-

461 567 638 620 usque
673 549 729 602 in
751 555 1005 619 quartam
1029 548 1177 601 diem
1200 548 1513 613 sufficeret;
1540 547 1728 618 sicque
1747 549 2053 601 secundum

459 639 559 692 Dei
589 637 1063 708 dispensationem
1084 641 1141 690 et
1167 638 1289 706 ejus
1319 637 1586 708 pietatem
1611 636 1890 707 profectus
1905 653 2049 703 sum,

459 732 523 781 ut
549 727 688 780 mihi
717 727 1042 780 ostenderet
1071 742 1208 779 meae
1251 725 1614 779 habitationis
1643 726 1845 779 locum.
1882 726 2054 796 Egre-

459 815 646 869 diente
675 821 866 870 autem
884 831 973 870 me
1004 815 1072 868 de
1093 814 1430 868 monasterio
1460 814 1518 867 in
1540 819 1826 879 montana,
1859 815 1983 868 veni
1998 815 2054 868 in

457 906 779 972 desertum;
827 904 1190 974 cogitansque
1244 909 1305 958 ut
1336 920 1624 958 manerem
1653 903 1749 968 ibi,
1783 904 2050 958 continuo

457 994 648 1048 lumen
694 993 1048 1064 splendidum
1078 997 1208 1046 ante
1236 1009 1348 1060 me,
1398 993 1557 1063 quasi
1605 991 1833 1046 obvians
1888 993 2046 1058 mihi,

456 1082 589 1136 vidi.
624 1082 746 1146 Quo
774 1083 910 1150 viso,
954 1082 1110 1136 valde
1137 1081 1320 1135 timui.
1365 1081 1575 1135 Idcirco
1601 1098 1826 1152 quoque
1857 1082 2050 1152 putavi

458 1188 549 1225 me
605 1169 809 1224 debere
865 1171 935 1224 ad
991 1170 1396 1224 monasterium
1427 1171 1668 1240 regredi,
1698 1171 1847 1224 unde
1887 1171 2048 1224 exivi.

459 1261 750 1330 Extemplo
775 1265 962 1313 autem
988 1259 1057 1314 de
1085 1260 1240 1313 radio
1254 1260 1504 1330 praeclari
1539 1260 1766 1314 luminis
1783 1260 1866 1313 vir
1886 1277 2051 1330 aspe-

459 1354 553 1402 ctu
600 1347 1011 1419 pulcherrimus
1069 1349 1302 1402 accessit
1329 1349 1398 1401 ad
1453 1364 1560 1414 me,
1596 1355 1652 1401 et
1679 1347 1817 1401 dixit
1854 1349 1993 1402 mihi
2035 1367 2046 1402 :

460 1437 586 1491 Noli
619 1453 931 1508 pavescere,
975 1453 1076 1506 ego
1107 1437 1258 1490 enim
1287 1453 1410 1490 sum
1441 1437 1540 1490 Dei
1565 1437 1814 1505 angelus,
1857 1437 1958 1490 tibi
1983 1437 2054 1490 ad

463 1525 892 1579 custodiendum
926 1525 996 1578 ab
1044 1531 1168 1578 ortu
1199 1530 1297 1577 tuo
1333 1525 1373 1592 (l
1396 1525 1444 1594 Ι)
1482 1526 1830 1596 provndentia
1868 1526 2056 1578 divina

462 1614 792 1679 destinatus,
828 1620 890 1668 ut
903 1613 1138 1684 jubente
1159 1614 1274 1667 Deo
1300 1619 1486 1667 tecum
1517 1621 1885 1678 mancrem,et
1915 1622 1968 1666 te
1998 1614 2055 1667 in

462 1704 606 1756 hanc
637 1720 888 1756 ercmum
918 1703 1199 1756 ducerem.
1233 1703 1516 1756 Perfectus
1555 1707 1692 1769 esto,
1713 1703 1939 1757 humilis
1973 1703 2055 1756 in-

463 1791 793 1846 cedecoram
814 1791 1070 1858 Domino,
1101 1807 1229 1844 cum
1251 1791 1458 1860 gaudio
1478 1791 1688 1858 labora,
1705 1797 1972 1846 cortuum
2000 1792 2057 1846 in

461 1881 615 1934 omni
647 1880 899 1934 custodia
926 1896 1210 1944 conserva,
1251 1880 1366 1933 vive
1397 1880 1517 1933 sine
1548 1881 1794 1950 querela,
1821 1880 1878 1934 in
1911 1880 2057 1934 bono

463 1986 630 2040 opere
654 1985 964 2040 persevera.
991 1969 1104 2037 Ego
1137 1985 1266 2022 vero
1295 1973 1350 2022 te
1380 1985 1492 2022 non
1519 1969 1927 2039 derelinquam,
1957 1970 2058 2023 do-

461 2075 563 2110 nec
589 2057 836 2131 animam
869 2063 1024 2110 tuam
1054 2057 1112 2110 in
1128 2057 1483 2127 praesentiam
1495 2074 1726 2110 summa:
1747 2057 2057 2128 majestatis

463 2147 714 2200 offeram.
733 2148 864 2200 Haec
883 2147 1101 2200 locutus
1121 2150 1206 2198 est
1231 2145 1369 2198 mihi
1400 2146 2058 2218 angelus,iterinceptum

461 2251 682 2289 mecum
703 2235 1017 2290 comitatus.

535 2325 666 2378 CAP.
697 2325 840 2379 VIII.
877 2355 940 2364 —
963 2325 1340 2394 Pergebamus
1366 2326 1446 2379 ita
1470 2325 1638 2378 simul
1669 2341 1766 2378 sex
1798 2324 2060 2378 milliaria

462 2413 548 2466 vel
574 2418 808 2484 septem,
837 2418 895 2467 et
923 2414 993 2467 ad
1021 2415 1326 2484 quamdam
1347 2415 1601 2468 venimus
1629 2415 1951 2486 speluncam
1969 2413 2057 2466 ni-

466 2502 571 2556 mis
597 2503 877 2556 decoram.
909 2503 1266 2574 Appropiavi,
1303 2504 1488 2556 volens
1519 2502 1810 2567 sciscitari,
1844 2503 1890 2555 si
1914 2502 2056 2556 forte

465 2591 746 2662 quispiam
775 2591 927 2645 intus
947 2598 1218 2646 maneret.
1252 2593 1569 2646 Secundum
1599 2591 2060 2646 consuetudinem

468 2680 872 2734 monachorum
903 2681 1148 2734 clamare
1175 2681 1334 2751 cmpi,
1377 2679 1822 2734 benedictionem
1853 2680 2061 2733 humil-

469 2769 603 2822 lime
633 2769 768 2839 petii
811 2769 943 2840 (12).
977 2770 1112 2824 Inde
1134 2770 1311 2824 virum
1327 2769 1739 2824 sanctissimum
1768 2769 1916 2821 exire
1929 2767 2059 2834 vidi,

471 2874 639 2928 quem
680 2863 996 2928 prostratus
1023 2859 1194 2912 humo
1215 2864 1380 2912 tenus
1411 2857 1657 2912 adoravi.
1691 2857 1790 2911 Ille
1811 2873 1940 2909 vero
1952 2873 2065 2909 ma-

473 2963 580 3000 nus
609 2963 739 3000 suas
767 2947 905 3000 mihi
934 2948 1198 3018 porrexit,
1232 2949 1301 3001 de
1329 2953 1480 3000 terra
1511 2964 1600 3000 me
1621 2946 1874 3010 elevavit,
1910 2962 2071 2998 oscu-

2138 567 2383 604 ΙῙΙΟΠΘΙὊ.

2208 641 2343 693 CAP.
2373 639 2802 703 IX.—Quodam
2831 643 3022 691 autem
3036 643 3309 708 tempore,
3330 632 3736 708 juna‘éonsue-

2137 729 2391 782 tudinem
2427 729 2496 782 ad
2554 745 2644 781 me
2701 727 2948 792 veniens,
2981 727 3130 780 inter
3157 726 3328 780 verba
3383 727 3734 781 salutationis

2137 824 2452 888 prostratus
2480 819 2538 872 in
2558 823 2768 871 terram
2799 815 3043 870 corruit:
3077 816 3428 886 Dominoque
3444 817 3734 870 remittens

2132 907 2401 973 animam,
2426 906 2777 961 obdormivit.
2798 905 2958 968 Quod
2975 921 3102 958 cum
3120 905 3388 970 viderem,
3417 903 3592 958 nimis
3615 923 3731 959 sum

2133 997 2496 1050 contristatus
2530 1015 2543 1061 ;
2603 1001 2661 1048 et
2705 994 2999 1048 devolutus
3027 993 3205 1058 humi,
3233 993 3498 1063 lacrymis
3527 992 3732 1046 obortis

2133 1084 2415 1138 uberrime
2463 1084 2605 1138 flevi.
2643 1085 2860 1154 Corpus
2895 1084 3016 1152 ejus
3063 1098 3191 1136 mox
3241 1081 3447 1152 accepi,
3483 1086 3544 1136 et
3579 1098 3732 1136 secus

2135 1174 2536 1228 Calidiomeam
2561 1180 2725 1226 terrae
2747 1171 3154 1226 commendavi.

2206 1264 2338 1317 ΟΑΡ.
2365 1263 2440 1318 Χ.
2474 1292 2537 1303 -
2568 1263 2712 1316 Dum
2741 1266 2932 1314 autem
2973 1277 3075 1330 ego
3131 1260 3484 1330 Paphnutius
3531 1276 3566 1313 a
3621 1261 3730 1314 viro

2134 1351 2486 1404 sanctissimo
2511 1349 3063 1420 Onuphrio,rationis
3084 1349 3252 1418 hujus
3281 1349 3564 1419 loquelam
3584 1349 3730 1402 audi-

2137 1456 2276 1504 rem,
2305 1440 2534 1510 inquam
2563 1439 2634 1492 ad
2664 1455 2792 1492 eum
2823 1456 2834 1490 :
2885 1439 3055 1491 Pater
3084 1444 3295 1503 sancte,
3335 1437 3590 1491 laborem
3612 1455 3726 1491 esse

2137 1545 2248 1581 non
2281 1528 2560 1582 modicum
2585 1529 2705 1597 jam
2735 1527 2935 1592 sentio,
2971 1543 3137 1597 quem
3165 1544 3267 1596 pro
3288 1527 3518 1580 nomine
3532 1525 3731 1580 Christi

2137 1617 2392 1671 tolerasti
2423 1617 2481 1670 in
2512 1618 2614 1670 hac
2639 1616 2964 1670 ei‘emo.\’ir
2993 1622 3218 1670 sanctus
3249 1615 3559 1686 respondit:
3580 1615 3728 1681 Mihi,

2139 1707 2332 1769 frater,
2365 1705 2527 1758 crede
2548 1705 2909 1758 dilectissime
2937 1723 2948 1758 :
3008 1706 3066 1759 in
3113 1705 3336 1758 deserto
3383 1704 3647 1769 sustinui,
3679 1709 3734 1757 ut

2083 1777 2342 1865 Bsazpius
2371 1801 2628 1865 putarem
2661 1811 2748 1847 me
2796 1800 2978 1848 morte
3017 1793 3294 1864 superari.
3327 1792 3544 1864 Abspes
3574 1793 3732 1848 etiam

2142 1883 2257 1950 (16)
2276 1882 2562 1936 multoties
2591 1883 2738 1947 vitae,
2761 1888 2825 1935 ut
2844 1881 2932 1934 vix
2951 1881 3190 1934 halitum
3213 1881 3271 1934 in
3302 1897 3539 1950 corpore
3565 1879 3729 1933 senti-

2140 1988 2258 2024 rem
2287 1987 2598 2024 remanere.
2632 1971 2739 2024 Per
2763 1971 2906 2024 diem
2939 1977 3077 2024 aestu
3103 1976 3160 2023 et
3180 1970 3308 2040 igne
3331 1969 3466 2022 solis
3493 1969 3736 2022 ardentis

2140 2059 2362 2124 urebar,
2405 2076 2506 2129 per
2527 2063 2746 2112 noctem
2769 2076 2894 2112 rore
2922 2065 2979 2111 et
2999 2058 3203 2128 pruina
3222 2058 3481 2122 infectus,
3516 2058 3659 2110 fame
3686 2063 3738 2110 et

2143 2149 2236 2202 siti
2267 2148 2536 2202 defectus.
2571 2149 2618 2201 Ο
2644 2152 2854 2218 quanta
2892 2155 2948 2201 et
2979 2147 3167 2217 qualia
3196 2164 3394 2217 passus
3415 2163 3544 2200 sum
3581 2147 3592 2198 !
3618 2147 3734 2200 Non

2144 2237 2369 2302 sufficit,
2397 2253 2579 2307 neque
2626 2237 2947 2306 quempiam
2994 2236 3156 2288 decet
3195 2236 3387 2306 plagas
3427 2251 3493 2287 ac
3531 2232 3739 2287 labores

2143 2342 2426 2390 enarrare,
2478 2342 2616 2396 quos
2668 2326 2835 2378 homo
2878 2325 3186 2378 moriturus
3233 2339 3334 2394 pro
3371 2323 3473 2377 Dei
3515 2323 3736 2376 viventis

2141 2431 2330 2467 amore
2381 2413 2546 2467 debet
2575 2415 2834 2468 tolerare.
2869 2413 3086 2467 Reddet
3115 2412 3386 2466 Dominus
3430 2411 3736 2464 mercedem

2138 2502 2394 2556 laborum
2423 2511 2745 2556 sanctorum
2795 2519 3024 2556 suorum
3057 2500 3206 2569 (Sep.
3231 2501 3302 2570 x).
3329 2501 3506 2571 Cujus
3537 2499 3734 2554 divitia

2144 2593 2288 2645 sicut
2310 2609 2423 2646 non
2442 2597 2739 2659 augentur,
2773 2593 2851 2645 ita
2872 2607 3227 2661 nequaquam
3257 2590 3606 2643 minuentur.
3641 2589 3737 2642 Per

2146 2698 2312 2751 quem
2335 2681 2483 2734 enim
2529 2680 2756 2745 famem,
2800 2680 2972 2747 sitim,
3005 2679 3180 2749 frigus
3221 2684 3278 2733 et
3317 2685 3542 2743 :estum,
3583 2685 3739 2748 atque

2147 2769 2580 2838 multigenarum
2595 2769 2975 2836 cruciamenta
2989 2767 3372 2821 molestiarum
3387 2765 3740 2836 sustinui,po-

2145 2865 2272 2912 tens
2293 2864 2378 2911 est
2407 2875 2533 2911 cum
2567 2857 2773 2911 divitiis
2800 2856 3118 2911 ccelestibus
3139 2857 3288 2910 inter
3301 2856 3638 2925 angelorum
3661 2870 3739 2907 ca-

2153 2953 2337 3001 tervas
2367 2964 2456 3000 me
2485 2947 2761 3000 consolari
2796 2965 2806 2998 :
2837 2946 3108 2999 alimenta
3128 2961 3260 2998 vero
3288 2944 3474 3014 sprevi
3497 2958 3741 3014 corpora-

473 3036 591 3089 lum
610 3035 748 3089 mihi
763 3035 913 3106 pacis
933 3036 1130 3091 tribuit
1161 3035 1290 3108 (l3).
1317 3042 1485 3107 atque
1512 3036 1655 3090 dixit
1684 3055 1695 3090 :
1731 3036 1814 3088 Tu
1842 3051 1900 3087 es
1922 3034 2072 3087 enim
2094 3093 2132 3108 ﬁ
2155 3036 2250 3102 lia,
2283 3041 2347 3089 ut
2375 3036 2578 3106 dignus
2624 3036 2933 3106 acciperem
2989 3034 3283 3105 spiritalia.
3328 3034 3571 3088 Sanctus
3601 3033 3738 3084 enim

471 3123 644 3178 frater
671 3141 846 3191 meus,
875 3127 1173 3180 eremiticze
1216 3131 1545 3197 coaperator
1586 3125 1726 3188 vitae,
1757 3140 1790 3177 ο
1819 3123 1915 3186 fili,
1984 3123 2073 3176 in-

470 3214 726 3283 gredere.
781 3215 931 3268 Deus
985 3215 1087 3269 tibi
1133 3216 1420 3280 concedat,
1472 3219 1534 3268 ut
1577 3215 1748 3267 timor
1771 3214 1892 3283 ejus
1931 3212 1989 3266 in
2017 3218 2073 3266 te

470 3310 966 3376 permaneat,opus
985 3310 1144 3358 tuum
1165 3304 1222 3358 in
1237 3305 1384 3358 illius
1398 3309 1696 3374 conspectu
1707 3303 2066 3372 complaceat.

473 3390 678 3446 Statim
707 3408 836 3446 cum
866 3409 931 3446 eo
951 3409 1179 3463 specum
1207 3392 1450 3457 introivi,
1470 3391 1701 3462 diesque
1722 3391 1910 3460 plures
1923 3389 2072 3460 apud

474 3479 635 3532 illum
657 3482 906 3550 pausavi,
931 3498 1102 3552 opera
1130 3482 1252 3550 ejus
1273 3481 1501 3551 cupiens
1531 3481 1762 3542 discere,
1795 3484 1852 3532 et
1877 3478 2070 3532 solita-

477 3567 620 3621 riam
633 3568 1037 3624 habitationem
1058 3570 1332 3623 curiosius
1352 3568 1832 3638 investigaregipse
1849 3584 2070 3638 quoque

478 3661 544 3710 ut
569 3673 757 3712 meum
787 3658 1129 3713 desiderium
1161 3659 1406 3728 agnovit,
1432 3657 1726 3711 consilium
1743 3655 2069 3710 honorabile

480 3745 618 3798 mihi
643 3745 880 3817 prmbuit
903 3764 1000 3814 ;ac
1029 3747 1271 3818 qualiter
1293 3747 1526 3801 insidias
1569 3745 1774 3800 diaboli
1803 3761 2070 3816 superare

477 3833 735 3888 deberem
745 3835 946 3902 ,verbis
957 3836 1300 3890 charitativis
1315 3841 1608 3905 gratanter
1621 3835 2076 3906 patefecit.'l‘ran-

478 3923 644 3977 saetis
671 3924 862 3994 itaque
893 3924 1227 3995 quibusdam
1257 3924 1472 3988 diebus,
1522 3923 1726 3977 talibus
1781 3922 2075 3975 admonuit

453 4023 570 4065 ‘me
601 4011 799 4077 verbis,
830 4013 1020 4066 dicens
1053 4032 1064 4066 :
1099 4012 1222 4078 Fili,
1251 4029 1436 4082 surge,
1472 4027 1690 4065 mecum
1713 4027 1882 4081 perge
1909 4010 2076 4076 ;inte-

481 4101 634 4154 riora
661 4100 868 4154 deserti
889 4101 1057 4154 debes
1085 4102 1318 4168 intrare,
1341 4107 1398 4154 et
1427 4101 1484 4153 in
1513 4099 1625 4152 alia
1649 4097 2074 4170 speluncasolus

481 4188 736 4243 habitare
769 4207 781 4242 :
823 4189 900 4242 ibi
930 4189 974 4243 si
997 4189 1229 4242 viriliter
1256 4189 1507 4253 dimicas,
1542 4188 1730 4242 omnia
1769 4187 2074 4242 daemonio-

480 4294 608 4332 rum
639 4283 988 4332 tentamenta
1015 4295 1265 4348 superas.
1302 4277 1510 4332 Idcirco
1535 4294 1664 4331 vero
1698 4279 1845 4331 Deus
1875 4277 1931 4330 in
1971 4277 2074 4330 hoc

477 4367 700 4420 deserto
732 4367 848 4421 vult
877 4372 932 4422 te
984 4367 1244 4438 probare,
1277 4368 1323 4420 si
1355 4367 1632 4420 mandatis
1682 4367 1804 4436 ejus
1835 4366 2076 4420 fideliter

2091 3093 2134 3152 C

2157 3125 2390 3194 angelus
2438 3125 2688 3194 quotidie
2718 3141 2918 3194 panem
2971 3123 3110 3176 mihi
3141 3121 3424 3187 offerebat,
3460 3129 3520 3176 et
3548 3136 3740 3192 aquam

2158 3230 2258 3284 pro
2280 3230 2545 3266 mensura
2573 3212 3228 3282 ministrabat,utcorpus
3257 3227 3448 3264 meum
3481 3210 3740 3264 conforta-

2153 3308 2328 3368 retur,
2354 3319 2425 3355 ne
2449 3303 2728 3367 deﬁceret,
2754 3307 2810 3356 et
2840 3301 3056 3371 jugiter
3080 3301 3137 3354 in
3167 3300 3331 3354 laude
3361 3300 3463 3354 Dei
3496 3314 3740 3371 perseve-

2153 3398 2324 3444 raret.
2359 3390 2599 3445 Arbores
2629 3391 2945 3462 palmarum
2974 3390 3182 3444 ibidem
3211 3389 3533 3443 constituta;-
3571 3392 3737 3451 erant,

2154 3497 2276 3550 quas
2306 3480 2604 3534 duodecies
2625 3479 2683 3533 in
2713 3497 2859 3533 anno
2881 3480 3232 3550 dactylorum
3253 3478 3466 3532 fructus
3477 3477 3744 3548 germina-

2153 3569 2288 3623 bant
2320 3570 2445 3638 (l7).
2479 3569 2630 3632 Quos
2660 3585 2759 3639 per
2779 3568 3028 3638 singulos
3041 3567 3160 3621 dies
3189 3567 3478 3637 colligens,
3500 3583 3600 3637 pro
3613 3581 3742 3636 pane

2152 3657 2404 3723 edebam,
2433 3659 2635 3711 mixtos
2685 3657 2985 3711 herbarum
3040 3656 3204 3722 foliis,
3264 3662 3321 3710 et
3349 3662 3518 3709 erant
3559 3655 3616 3708 in
3657 3668 3742 3707 ore

2157 3763 2280 3800 meo
2309 3752 2578 3817 tanquam
2609 3746 2764 3800 favus
2793 3747 2994 3800 mellis.
3027 3746 3172 3800 Nam
3195 3746 3254 3799 in
3293 3745 3594 3814 Evangelia
3614 3742 3741 3812 legi-

2155 3841 2265 3889 tur:
2289 3837 2412 3889 Non
2427 3835 2484 3888 in
2499 3836 2615 3888 solo
2643 3851 2786 3906 pane
2819 3835 2950 3888 vivit
2973 3835 3164 3903 homo,
3195 3835 3294 3888 sed
3317 3835 3378 3888 in
3409 3834 3570 3888 omni
3591 3831 3741 3884 verbo

2156 3925 2300 3993 quod
2325 3924 2576 3994 procedit
2611 3924 2680 3977 de
2728 3940 2824 3977 ore
2852 3923 2954 3978 Dei
3008 3924 3222 3986 (Matth.
3247 3925 3340 3991 ιν).
3397 3923 3596 3976 Frater
3652 3921 3741 3974 Pa-

2157 4013 2680 4084 phnuti,siimplere
2709 4013 2902 4066 studes
2923 4013 3268 4066 voluntatem
3291 4011 3413 4077 Dei,
3448 4011 3635 4064 omnia
3647 4007 3737 4062 tibi

2157 4102 2472 4156 necessaria
2528 4107 2918 4172 prmparantur
2967 4101 3036 4154 ab
3066 4118 3152 4154 eo.
3203 4101 3362 4155 Unde
3387 4100 3515 4170 ipsa
3536 4098 3740 4152 Veritas

2156 4192 2441 4256 admonet,
2485 4190 2675 4244 dicens
2711 4209 2721 4242 :
2768 4191 2851 4244 Ne
2893 4189 3113 4243 solliciti
3153 4189 3276 4242 sitis
3314 4188 3517 4242 animae
3562 4193 3740 4241 vestrae

2157 4279 2291 4350 quid
2347 4279 2716 4344 manducetis,
2743 4283 2842 4332 aut
2872 4278 3006 4348 quid
3049 4277 3272 4343 bibatis,
3305 4293 3488 4347 neque
3537 4273 3739 4346 corpori

2157 4373 2340 4421 vestro
2362 4367 2496 4438 quid
2523 4367 2855 4433 induamini,
2883 4367 2986 4421 scit
3034 4366 3186 4420 enim
3224 4367 3391 4420 Pater
3410 4371 3596 4418 vester
3623 4362 3742 4434 quia

477 4455 612 4510 velis
639 4455 886 4510 obedire.
918 4456 1130 4510 Fidelia
1174 4456 1365 4510 omnia
1389 4456 1655 4510 mandata
1700 4457 1840 4525 ejus,
1873 4448 2241 4510 confir-Dhis
2271 4456 2533 4510 omnibus
2555 4455 3093 4525 indigetis.Quaerite
3123 4455 3369 4526 primum
3395 4469 3630 4523 regnum
3650 4449 3737 4505 Dei

479 4550 635 4599 mata
661 4545 720 4598 in
744 4547 1010 4600 saeculum
1041 4546 1248 4611 saeculi,
1290 4546 1434 4599 facta
1457 4545 1515 4598 in
1546 4544 1778 4598 veritate
1803 4550 1861 4598 et
1898 4543 2072 4614 aequi-

474 4641 591 4689 tate
632 4637 796 4706 (Psal.
829 4640 940 4706 cx).
965 4635 1065 4688 Vir
1091 4640 1280 4689 autem
1312 4639 1537 4688 sanctus
1561 4635 1674 4688 haec
1701 4633 1910 4700 dicens,
1954 4650 2074 4686 sur-

477 4723 640 4790 rexit,
668 4730 726 4778 et
754 4741 973 4778 mecum
1012 4725 1072 4778 in
1103 4724 1371 4778 interiora
1411 4723 1617 4777 deserti
1669 4723 1775 4776 iter
1831 4728 2074 4793 quatuor

478 4811 698 4865 dierum
720 4813 982 4883 perrexit.
1031 4813 1240 4877 Quinta
1266 4830 1397 4867 vero
1426 4813 1516 4866 die
1544 4812 1868 4866 devenimus
1898 4812 1956 4864 in
1987 4811 2072 4864 lo-

477 4917 605 4954 cum
635 4900 730 4971 qui
763 4899 868 4971 (14)
901 4901 1245 4955 Calidiomea
1271 4902 1493 4968 dicitur,
1515 4901 1591 4955 ibi
1622 4901 1820 4972 palmae
1848 4899 2072 4970 propin-

480 5005 602 5060 quae
633 4991 972 5043 erant.Tunc
998 4989 1082 5042 vir
1108 4990 1210 5044 Dei
1235 4991 1452 5060 inquit:
1505 4991 1664 5055 Ecce,
1701 4989 1799 5052 fili,
1840 4988 1965 5042 vide
1995 4988 2072 5041 lo-

477 5094 608 5132 cum
639 5094 806 5148 quem
835 5077 938 5132 tibi
967 5079 1238 5133 Dominus
1259 5080 1587 5150 pmparavit
1617 5079 1688 5132 ad
1707 5077 2068 5131 manendum.

475 5167 606 5221 Fuit
633 5172 823 5221 autem
844 5167 938 5220 ille
969 5184 1185 5222 mecum
1209 5168 1389 5239 Spatio
1415 5169 1646 5238 triginta
1671 5167 1909 5231 dierum,
1947 5167 2074 5220 edo-

475 5273 606 5310 cens
635 5273 726 5310 me
748 5273 970 5310 servare
991 5263 1162 5311 cauta
1189 5257 1482 5328 diligentia
1494 5259 1543 5328 (1
1556 5258 1612 5325 ὃ)
1643 5255 1956 5309 doctrinam
1969 5255 2070 5309 Dei

475 5345 869 5400 mandatorum
879 5345 1110 5410 .Quibus
1130 5347 1208 5400 ita
1231 5347 1486 5416 peractis,
1496 5345 1749 5398 oratione
1763 5360 1865 5397 sua
1879 5351 2072 5397 sancta

472 5434 710 5488 Domino
734 5441 773 5501 1
788 5440 915 5500 (η
946 5453 1036 5488 me
1058 5434 1486 5501 commendavit;
1519 5439 1878 5504 etseparatus
1909 5450 2066 5499 ame,

473 5523 543 5575 ad
571 5523 798 5594 propria
823 5525 1112 5578 remeavit.
1132 5525 1241 5576 Per
1259 5523 1510 5592 singulos
1529 5539 1659 5576 vero
1677 5538 1852 5575 annos
1867 5522 2062 5576 solitus

469 5616 592 5663 erat
620 5628 709 5666 me
738 5611 981 5676 visitare,
1015 5630 1079 5666 ac
1109 5612 1260 5683 quali
1315 5611 1592 5665 industria
1619 5615 1676 5664 et
1704 5611 2060 5680 simplicitate

2155 4552 2212 4599 et
2251 4545 2532 4615 justitiam
2563 4547 2705 4615 ejus,
2735 4551 2793 4598 et
2841 4545 2956 4599 haec
2985 4543 3176 4599 omnia
3233 4543 3572 4614 adjicientur
3599 4539 3737 4594 vobis

2159 4634 2366 4702 (Matth.
2391 4637 2485 4702 Vl).

2227 4723 2358 4776 CAP.
2390 4723 2485 4776 XI.
2513 4749 2548 4760 -
2596 4722 2851 4792 Cumque
2900 4722 3005 4775 hoc
3033 4737 3067 4774 a
3093 4720 3257 4775 beato
3304 4720 3420 4774 viro
3461 4715 3735 4789 Onuphrio

2153 4811 2424 4865 intentius
2449 4812 2844 4877 auscultarem,
2878 4811 3090 4864 mirans
3115 4811 3176 4864 in
3203 4809 3556 4863 sermonibus
3577 4812 3631 4860 et
3652 4819 3734 4858 ac-

2153 4900 2304 4954 tibus
2340 4917 2404 4953 ac
2427 4899 2710 4954 laboribus
2743 4899 2911 4965 illius,
2946 4899 3059 4951 dixi
3089 4917 3100 4951 :
3162 4899 3330 4952 Pater
3363 4897 3620 4966 benigne,
3652 4892 3730 4947 die

2155 4989 2444 5045 Dominico
2484 4989 2570 5042 vel
2615 4987 2858 5043 Sabbato
2915 4987 3368 5042 communionem
3407 4981 3734 5058 percipiebas

2159 5080 2262 5148 ([8)
2305 5077 2374 5131 ab
2405 5077 2639 5148 aliquo?
2684 5078 2760 5130 At
2790 5077 2884 5130 ille
2913 5077 3280 5147 respondens,
3304 5076 3386 5130 ait
3417 5095 3428 5130 :
3475 5073 3636 5129 Omni
3656 5069 3733 5123 die

2155 5167 2443 5222 Dominico
2472 5167 2555 5220 vel
2588 5165 2830 5220 Sabbato
2861 5165 3126 5236 angelum
3156 5165 3380 5220 Domini
3397 5170 3651 5236 paratum
3664 5159 3734 5212 in-

2151 5256 2331 5322 venio,
2380 5260 2797 5310 sacrosanctum
2853 5271 3053 5326 corpus
3075 5261 3131 5308 et
3152 5254 3486 5324 sanguinem
3527 5245 3732 5305 Domini

2151 5345 2328 5399 nostri
2356 5346 2489 5399 Jesu
2536 5343 2742 5398 Christi
2793 5360 2985 5396 secum
3030 5343 3416 5396 deferentem:
3479 5341 3547 5394 de
3591 5338 3731 5405 cujus

2153 5449 2324 5487 manu
2353 5434 2492 5487 mihi
2523 5432 2924 5502 pretiosissima
2955 5433 3236 5486 donantur
3254 5429 3730 5495 munera.vitaaque

2145 5538 2283 5575 mete
2303 5523 2454 5575 salus
2473 5528 2765 5592 perpetua.
2796 5523 3000 5575 Verum
3028 5521 3200 5576 etiam
3221 5536 3416 5574 omnes
3445 5518 3539 5590 qui
3575 5515 3730 5568 vitam

2145 5609 2457 5679 spiritalem
2484 5611 2697 5663 ducunt
2715 5610 2774 5664 in
2805 5626 2994 5663 eremo
3011 5609 3269 5664 monachi
3291 5609 3392 5662 tali
3409 5604 3725 5679 participan-
