3912 6400
159 347 246 408 217

1119 349 1288 405 VITA.
1326 349 1587 404 SANCTI
1627 347 2006 414 ONUPHRII,
2048 347 2405 404 EREMITIE.

3303 348 3408 406 218

158 483 240 532 tur
259 474 475 547 gaudio.
503 473 573 527 Hi
598 488 729 528 vero
751 473 930 528 sancti
959 474 1226 540 oremitae,
1250 475 1345 546 qui
1373 476 1516 530 hanc
1537 475 1786 535 solitu—A
1810 491 1983 546 regno
2021 476 2290 529 caelorum
2321 481 2542 529 mternae
2585 475 2928 530 haereditatis
2965 492 3136 547 capax
3181 476 3296 530 fiet.
3350 477 3408 529 Si

157 567 327 623 dinem
353 563 628 628 habitant,
657 563 705 616 si
745 563 981 616 fortasse
1007 563 1308 634 aliquando
1332 565 1516 618 videre
1547 563 1732 642 homi-

158 671 272 710 nem
311 653 649 718 desiderant,
683 652 832 706 illico
860 653 917 706 in
955 653 1158 708 coelum
1188 653 1258 706 ab
1297 655 1498 724 angelo
1527 655 1731 726 depor-

156 749 331 801 tantur
355 759 366 792 :
395 743 667 797 visionem
704 742 814 796 illic
841 742 1043 797 animae
1073 744 1377 813 justorum,
1397 744 1733 814 fulgentium

157 835 282 890 sicut
311 833 389 886 sol
425 832 485 886 in
527 848 702 903 regno
731 817 919 887 Patris
947 848 1162 898 eorum,
1195 831 1273 886 ibi
1311 833 1732 888 multitudinem

157 922 586 992 contemplantur
605 921 954 992 angelorum,
982 938 1226 992 suasque
1256 922 1476 976 animas
1495 922 1731 978 coetibus

158 1012 340 1067 mixtas
367 1010 680 1064 beatorum.
731 1011 916 1074 Quare
953 1027 1146 1064 omnes
1175 1011 1271 1082 qui
1299 1011 1359 1066 in
1399 1028 1578 1081 agone
1606 1029 1736 1066 con-

158 1100 393 1166 tendunt,
433 1105 556 1154 tota
591 1104 797 1164 mente,
846 1104 964 1154 toto
1008 1099 1196 1163 corde,
1238 1099 1372 1154 totis
1415 1099 1628 1154 viribus
1676 1100 1734 1154 in

158 1190 287 1244 bono
312 1205 476 1260 opere
517 1188 750 1254 fervent,
783 1194 1060 1260 quatenus
1101 1189 1340 1260 gloriam
1371 1190 1609 1244 caelestis
1637 1207 1732 1261 pa-

157 1280 266 1333 tria:
289 1295 413 1332 cum
450 1278 674 1332 Christo
709 1283 765 1332 et
787 1295 914 1332 cum
955 1279 1174 1332 sanctis-
1199 1284 1527 1333 mereantur
1561 1279 1736 1350 possi-

159 1369 294 1423 dere.
315 1368 428 1422 Ista
455 1367 698 1438 denique
719 1368 925 1432 omnia,
950 1368 1264 1422 venerando
1295 1369 1588 1440 Onuphrio
1609 1385 1737 1422 nar-

159 1461 321 1520 rante,
351 1455 584 1524 cognovi
598 1455 761 1525 juxta
789 1441 1171 1509 summitatem
1213 1455 1390 1526 ipsius
1432 1455 1737 1510 monticelli

161 1544 280 1615 (19),
309 1543 400 1596 ubi
431 1543 672 1598 obviavit
704 1543 963 1598 mihi.Ita
990 1544 1521 1616 videlicetgaudium
1547 1561 1735 1599 meum

155 1633 428 1703 impletum
461 1639 566 1698 est,
591 1638 654 1687 ut
681 1649 905 1687 omnem
935 1633 1347 1698 adversitatem,
1371 1650 1541 1704 quam
1562 1633 1620 1688 in
1643 1635 1738 1688 iti-

155 1737 274 1775 nere
291 1723 552 1788 tuleram,
576 1722 859 1776 traderem
887 1721 1169 1776 oblivioni.

1814 563 1937 634 quis
1966 581 2096 618 vero
2125 563 2468 618 oblationem
2489 580 2600 618 non
2623 565 2768 619 valet
2786 564 3004 631 offerre,
3036 565 3117 619 vel
3145 582 3260 637 prae
3293 565 3412 619 ino-

1813 652 1906 723 pia
1930 653 2226 720 redimere,
2261 653 2311 707 is
2342 653 2400 706 in
2435 653 2660 707 nomine
2689 654 2913 708 Domini
2951 659 3008 708 et
3037 655 3108 708 ad
3139 654 3410 709 honorem

1814 741 1965 796 illius
1985 743 2396 814 eleemosynam
2411 741 2530 813 (22)
2534 743 2767 814 pauperi
2787 742 3016 810 tribuat,
3037 749 3096 798 et
3109 761 3212 814 ego
3239 743 3410 798 orabo

1816 847 1916 902 pro
1941 847 2006 885 eo
2027 832 2084 885 in
2113 837 2412 902 conspectu
2431 831 2552 897 Dei,
2579 837 2646 885 ut
2661 832 2866 903 dignus
2882 832 2939 886 in
2969 833 3288 888 caelestibus
3300 833 3416 888 vita

1817 936 2062 990 superna
2102 919 2316 992 perfrui
2343 921 2540 975 valeat.
2577 920 2634 976 Si
2666 921 2791 991 quis
2821 937 3002 992 neque
3030 921 3370 977 oblationem
3395 963 3409 988 ,

1816 1025 1920 1063 nec
1949 1010 2366 1080 eleemosynam
2385 1014 2571 1081 potest
2599 1010 2818 1075 oli‘erre,
2847 1027 2948 1082 pro
2981 1011 3254 1065 charitate
3286 1028 3415 1066 mea

1816 1098 2107 1152 incensum
2137 1098 2375 1152 Domino
2404 1099 2520 1152 Deo
2550 1105 2742 1153 nostro
2769 1099 2829 1153 in
2859 1100 3089 1154 odorem
3123 1101 3414 1154 suavitatis

1816 1187 2102 1253 accendat,
2137 1192 2193 1242 et
2220 1204 2323 1258 ego
2353 1204 2487 1258 rogo
2515 1205 2616 1259 pro
2651 1205 2736 1254 eo,
2770 1193 2835 1242 ut
2869 1189 3140 1258 gaudium
3169 1206 3416 1260 perenne

1817 1277 2118 1348 possideat.
2153 1277 2257 1331 Cui
2294 1276 2524 1348 inquam
2547 1295 2558 1329 :
2579 1278 2746 1330 Pater
2763 1278 2861 1342 mi,
2894 1294 2965 1331 ne
2997 1277 3258 1332 irascaris
3279 1279 3418 1332 silo-

1819 1381 1999 1436 quar:
2033 1365 2094 1420 Si
2125 1366 2417 1420 incensum
2456 1382 2560 1420 nec
2598 1365 2722 1436 quis
2769 1365 2957 1432 habet,
2996 1383 3098 1420 nec
3136 1367 3418 1422 facultatis

1821 1453 2054 1524 aliquid,
2078 1455 2227 1508 unde
2261 1455 2442 1509 Deum
2489 1455 2711 1526 placare
2739 1461 2926 1526 potest
2962 1453 3094 1525 (23),
3141 1460 3206 1510 ut
3230 1461 3419 1509 tamen

1820 1547 1920 1597 tua
1943 1543 2329 1598 benedictione
2351 1561 2464 1598 non
2491 1549 2699 1610 careat,
2723 1543 2782 1598 in
2815 1561 3148 1614 quacunque
3176 1544 3418 1598 tribula-

1820 1633 1974 1687 tione
2003 1639 2056 1687 te
2073 1633 2318 1686 invocat?
2345 1634 2502 1687 Tunc
2529 1633 2624 1686 ille
2646 1633 2959 1704 respondit:
2987 1634 3046 1688 Si
3065 1633 3190 1704 quis
3209 1649 3423 1705 pauper

1821 1722 1880 1776 in
1909 1722 2151 1790 deserto,
2199 1723 2284 1776 vel
2313 1721 2372 1776 in
2417 1722 2606 1793 aliquo
2647 1721 2755 1776 alio
2788 1723 2907 1777 loco
2951 1723 3424 1777 oblationem'aut
3503 1760 3509 1766 ι

215 1812 336 1868 CAP.
359 1812 481 1866 XII.
516 1839 582 1851 —
613 1812 810 1878 Credo,
849 1811 1099 1882 inquam,
1133 1813 1320 1879 Pater,
1363 1813 1513 1867 inter
1552 1812 1802 1894 felicesB
1821 1811 2254 1883 eleemosynam,
2286 1828 2386 1866 seu
2415 1811 2703 1865 incensum
2742 1828 2856 1866 non
2887 1812 3096 1866 habeat
3123 1813 3194 1866 ad
3224 1803 3428 1866 immo?

155 1916 235 1954 me
261 1900 537 1970 deputari,
587 1900 720 1970 quia
747 1900 936 1954 videre
979 1907 1035 1954 te
1065 1907 1123 1954 et
1169 1917 1340 1972 opera
1371 1907 1473 1956 tua
1515 1903 1743 1972 egregia

159 1989 448 2060 promerui.
473 1988 658 2042 Verba
689 1995 788 2043 tua
817 1989 986 2043 nimis
1003 1990 1256 2060 pulchra,
1279 1991 1433 2045 omni
1449 1991 1742 2046 dulcedine

154 2079 372 2144 mellita,
404 2078 488 2132 ita
514 2077 625 2132 mei
665 2083 964 2148 penetrant
987 2079 1172 2133 cordis
1193 2079 1413 2146 intima,
1447 2086 1512 2134 ut
1532 2080 1740 2152 possim

155 2167 326 2220 dicere
351 2183 480 2222 cum
512 2167 812 2221 Psalmista
838 2187 851 2222 :
885 2168 1067 2232 Quam
1099 2169 1284 2224 dulcia
1321 2168 1574 2223 faucibus
1603 2169 1742 2222 meis

156 2257 363 2326 eloquia
398 2262 520 2320 tua,
560 2273 730 2326 super
770 2257 881 2310 mel
925 2263 982 2312 et
1035 2258 1226 2312 favum
1267 2259 1351 2312 ori
1395 2275 1520 2312 meo
1575 2261 1741 2326 (Psal.

155 2346 372 2416 cxvm)!
415 2345 525 2409 Qui
567 2346 690 2400 ait:
736 2345 860 2412 Fili,
907 2362 1131 2400 mecum
1169 2346 1336 2414 vade;
1367 2347 1555 2400 locum
1605 2363 1747 2400 meae

157 2433 509 2488 habitationis
559 2435 836 2506 conspice,
882 2451 1178 2506 parcamus
1223 2436 1516 2506 paululum
1543 2435 1746 2490 verbis.

159 2523 424 2579 Continuo
450 2523 716 2590 surrexit,
748 2523 984 2595 praeivit,
1017 2529 1240 2579 secutus
1271 2541 1418 2578 sum.
1460 2523 1629 2578 Duxit
1659 2541 1749 2578 me

157 2629 334 2666 secum
363 2613 528 2684 quasi
557 2613 732 2667 trium
749 2611 1142 2667 milliariorum
1161 2613 1295 2684 iter:
1323 2613 1579 2667 venimus
1608 2613 1752 2666 Cali-

159 2701 423 2755 diomeam
456 2701 517 2756 in
549 2703 859 2774 spiritalem
881 2703 1086 2769 locum,
1118 2682 1412 2756 arboribus
1435 2703 1751 2773 palmarum

155 2795 437 2858 gratanter
477 2796 763 2845 ornatum.
817 2789 902 2845 Ibi
949 2807 1140 2862 preces
1185 2791 1424 2844 Domino
1465 2791 1748 2859 fudimus;

133 2910 142 2920 υ
161 2877 340 2950 eisque
361 2879 660 2950 completis
679 2880 736 2933 in
751 2885 962 2934 terram
991 2879 1258 2946 sedimus,
1290 2879 1350 2933 in
1365 2879 1569 2933 divinis
1589 2880 1756 2934 alter-

157 2973 340 3022 cantes
369 2969 632 3039 eloquiis.
667 2969 794 3022 Sole
816 2970 1168 3040 jamjamque
1205 2969 1265 3023 in
1287 2985 1546 3024 occasum
1572 2986 1750 3036 verso,

159 3057 264 3110 vidi
291 3074 500 3129 panem
533 3059 778 3129 positum
822 3075 949 3112 cum
992 3074 1140 3129 aqua
1169 3059 1387 3128 exigua.
1418 3059 1520 3112 Vir
1547 3059 1758 3112 etenim

1823 1901 2076 1966 landum,
2101 1906 2317 1970 surgat,
2343 1906 2400 1954 et
2427 1917 2628 1954 manus
2650 1917 2780 1954 suas
2805 1901 2876 1954 ad
2898 1901 3198 1955 Dominum
3229 1908 3424 1955 exten-

1825 1989 1940 2056 dat,
1965 1995 2052 2044 ter
2085 1989 2425 2042 Dominicam
2446 1989 2778 2056 orationem,
2804 1989 2860 2043 id
2885 1995 2987 2056 est,
3012 1991 3182 2044 Pater
3206 1997 3418 2057 noster,

1824 2095 1926 2149 pro
1967 2095 2055 2132 me
2087 2093 2214 2132 cum
2257 2078 2475 2132 intenta
2517 2083 2724 2145 mente,
2769 2084 2825 2132 et
2854 2078 2911 2132 in
2948 2079 3172 2132 nomine
3217 2085 3425 2134 sanctae

1824 2167 2120 2222 Trinitatis
2157 2167 2380 2238 psallat.
2414 2168 2530 2236 Ego
2563 2185 2688 2221 vero
2728 2184 2828 2238 pro
2865 2167 2986 2238 ipso
3015 2169 3086 2222 ad
3123 2169 3425 2222 Dominum

1829 2257 2134 2324 intercedo,
2168 2263 2232 2310 ut
2259 2257 2383 2310 vitae
2404 2257 2644 2310 caelestis
2673 2263 2960 2311 mereatur
2981 2257 3260 2329 particeps
3298 2258 3424 2313 fieri

1829 2363 1958 2400 cum
1971 2345 2232 2400 omnibus
2253 2346 2460 2400 sanctis
2480 2346 2620 2400 Dei.‘

1905 2437 2036 2490 CAP.
2069 2435 2214 2490 XIV.
2238 2465 2302 2476 ——
2323 2436 2536 2489 Iterum
2556 2435 2670 2490 dixi
2691 2435 2760 2490 ad
2805 2451 2966 2489 eum:
2991 2436 3246 2502 Domine,
3278 2436 3327 2490 si
3348 2437 3430 2490 di-

1832 2541 1977 2595 gnus
2005 2541 2208 2592 essem,
2241 2531 2344 2578 aut
2367 2524 2414 2578 si
2447 2525 2610 2578 donis
2640 2525 2837 2594 gratia:
2875 2530 2986 2578 tua:
3035 2525 3172 2578 mihi
3211 2525 3424 2592 liceret,

1833 2619 1961 2684 post
1989 2613 2203 2667 obitum
2222 2618 2385 2667 tuum
2414 2613 2598 2667 locum
2630 2613 2801 2666 istum
2821 2613 3190 2667 libentissime
3219 2613 3454 2684 obtine:

1835 2719 1976 2756 rem.
2005 2703 2079 2756 At
2105 2702 2198 2756 ille
2223 2703 2340 2756 ait:
2372 2703 2744 2773 Nequaquam
2784 2701 2906 2768 tibi,
2951 2703 3052 2767 ﬁli,
3085 2703 3429 2770 conceditur,

1835 2790 2158 2844 necidcirco
2188 2791 2342 2844 misit
2371 2796 2427 2844 te
2453 2791 2603 2844 Deus
2632 2791 2688 2844 in
2720 2791 3225 2862 peregrinationem
3271 2792 3434 2846 istius

1837 2880 2174 2947 solitudinis,
2202 2887 2266 2934 ut
2292 2879 2384 2934 hic
2403 2880 2686 2934 obtineres
2702 2881 2886 2934 locum
2907 2879 3303 2948 habitationis;
3335 2881 3434 2935 sed

1840 2977 1904 3024 ut
1917 2988 2042 3024 cum
2060 2971 2233 3041 justis
2253 2970 2350 3042 qui
2383 2971 2438 3024 in
2461 2971 2683 3024 deserto
2713 2975 2846 3024 sunt
2858 2971 3163 3040 gratularis
3189 2989 3199 3023 :
3223 2976 3280 3025 et
3301 2971 3435 3025 inti-

1829 3077 1998 3114 mare
2028 3077 2095 3114 ea
2125 3061 2352 3114 studeas
2381 3060 2612 3126 mundo,
2643 3076 2766 3130 quae
2797 3059 3105 3130 cognovisti
3135 3060 3194 3113 in
3225 3076 3433 3114 eremo.

158 3146 250 3202 Dei
289 3148 548 3202 sentiens
577 3164 666 3201 me
695 3146 938 3217 fatigari,
972 3147 1113 3202 dixit
1140 3147 1280 3201 mihi
1316 3165 1327 3198 :
1353 3147 1625 3214 Profecto,
1653 3147 1752 3214 ﬁli,
1773 3154 1817 3214 Ο
1837 3151 1902 3204 In
1952 3151 2253 3220 Aigvptum
2302 3165 2473 3220 perge
2497 3167 2508 3202 :
2543 3148 2620 3202 ibi
2649 3154 2768 3202 esto
2802 3165 2980 3218 usque
3009 3148 3080 3201 ad
3108 3149 3279 3202 ﬁnem
3311 3149 3437 3202 vitae

157 3251 314 3291 cerno
348 3243 406 3292 te
429 3236 763 3310 periclitari,
797 3237 906 3290 nisi
954 3235 1140 3290 cibum
1163 3235 1370 3307 capias.
1415 3238 1592 3307 Surge
1621 3253 1754 3306 ergo

157 3331 210 3380 et
235 3327 492 3381 comede.
533 3325 638 3380 Cui
681 3326 952 3396 inquam:
998 3325 1150 3380 Vivit
1189 3325 1460 3379 Dominus
1485 3327 1597 3392 (ΙΙΙ
1628 3327 1751 3393 Reg.

159 3419 301 3482 xvii),
342 3422 400 3470 et
428 3413 762 3469 benedictus
800 3413 1073 3468 Dominus
1099 3414 1249 3467 Deus
1279 3429 1458 3478 meus,
1500 3413 1559 3467 in
1596 3415 1758 3484 cujus

158 3511 448 3576 conspectu
479 3504 720 3572 erimus;
747 3519 860 3557 non
881 3503 1176 3567 manduco,
1203 3519 1386 3573 neque
1407 3501 1555 3568 bibo,
1581 3503 1760 3556 donec

160 3593 422 3648 charitate
456 3609 608 3666 pura
642 3593 856 3664 pariter
891 3591 1078 3646 cibum
1131 3592 1426 3646 sumimus.
1462 3591 1643 3662 Igitur
1670 3591 1759 3644 vix

159 3697 280 3736 eum
316 3683 478 3754 coegi
529 3687 594 3736 ut
623 3682 832 3736 faceret
871 3681 1019 3752 quod
1061 3679 1227 3735 volui.
1259 3681 1665 3734 Verumtamen
1696 3686 1761 3734 ut

161 3788 338 3825 meum
382 3771 622 3842 agnovit
675 3770 1036 3836 desiderium,
1091 3785 1298 3840 panem
1328 3769 1518 3840 fregit,
1561 3769 1763 3824 tribuit

159 3860 306 3928 mihi;
331 3859 800 3916 manducavimus
827 3865 882 3912 et
906 3858 1146 3912 saturati
1162 3874 1358 3912 sumus
1379 3863 1561 3924 [03
1581 3857 1764 3912 nobis-

161 3967 260 4020 que
277 3951 603 4022 fragmenta
612 3949 1011 4020 superfuerunt
1029 3948 1344 4002 edentibus.
1358 3948 1591 4002 Noctem
1607 3947 1762 4001 illam

159 4039 469 4094 insomnem
492 4055 640 4111 pene
655 4039 936 4104 duximus,
954 4037 1270 4108 divinisque
1288 4037 1762 4091 laudibusimmo-

158 4131 259 4184 rati
286 4147 507 4185 sumus.

231 4220 358 4274 CAP.
395 4221 554 4275 XIII.
591 4249 657 4260 —-
683 4217 848 4271 Mane
888 4217 1052 4271 facto.
1085 4219 1213 4286 post
1237 4216 1435 4270 horam
1471 4215 1761 4282 orationis,

165 4309 415 4364 videbam
449 4309 672 4363 vultum
703 4308 824 4378 ejus
853 4307 1067 4378 pallore
1095 4305 1178 4358 ita
1206 4309 1508 4372 mutatum,
1546 4310 1603 4358 et
1630 4304 1766 4375 quid

163 4398 422 4454 acciderit
468 4397 702 4469 quaesivi
729 4395 800 4472 ab
829 4412 914 4450 eo.
955 4395 1062 4459 Qui
1087 4394 1203 4448 ait:
1255 4395 1382 4448 Non
1411 4410 1758 4464 expavescas,

1837 3245 1981 3306 tuae;
2016 3256 2156 3310 opus
2184 3238 2393 3292 bonum
2423 3239 2649 3310 perfice,
2673 3242 2728 3292 et
2757 3237 2996 3308 accipies
3023 3253 3286 3291 coronam
3316 3254 3440 3308 per-

1837 3333 2019 3399 petuae
2046 3329 2258 3397 gloriae.

1911 3418 2041 3472 CAP.
2075 3418 2192 3471 XV.
2229 3449 2294 3458 —
2328 3419 2458 3472 Haec
2484 3434 2610 3472 cum
2642 3417 2810 3472 homo
2838 3419 2941 3472 Dei
2968 3419 3312 3490 loqueretur,
3346 3418 3442 3473 ad-

1839 3507 2062 3562 volutus
2083 3523 2206 3560 sum
2229 3506 2466 3578 pedibus
2491 3508 2632 3578 ejus,
2663 3507 2888 3562 dicens:
2920 3509 3088 3576 Pater
3107 3508 3294 3574 chare,
3327 3509 3441 3562 scio

1843 3597 1992 3650 enim
2021 3597 2155 3668 quia
2185 3595 2454 3666 quidquid
2487 3596 2716 3666 petieris
2739 3613 2774 3649 a
2805 3597 2938 3661 Deo,
2963 3596 3117 3650 dabit
3136 3595 3236 3650 tibi
3255 3596 3442 3650 Domi-

1842 3702 1948 3740 nus
1973 3690 2201 3757 propter
2229 3685 2568 3738 immensum
2607 3685 2857 3738 laborem
2887 3685 3210 3738 certaminis
3233 3683 3444 3754 longis-

1841 3774 1988 3840 simi,
2014 3790 2122 3844 quo
2145 3790 2348 3844 corpus
2380 3778 2542 3826 tuum
2583 3771 2832 3826 afﬂixisti
2877 3772 3237 3843 septuaginta
3281 3771 3444 3825 annis

1843 3879 1944 3934 pro
1969 3863 2195 3916 nomine
2225 3861 2480 3916 Domini:
2509 3860 2692 3932 praebe
2723 3877 2857 3929 ergo
2889 3860 3027 3914 mihi
3060 3876 3297 3914 munera
3333 3864 3444 3914 tum

1847 3957 2054 4006 sanctae
2075 3950 2498 4017 benedictionis,
2525 3955 2802 4021 quatenus
2822 3949 2922 4004 tibi
2944 3949 3002 4003 in
3023 3949 3225 4003 virtute
3236 3948 3448 4002 efﬁciar

1846 4039 2063 4104 similis,
2098 4046 2155 4094 et
2175 4045 2276 4094 tua
2294 4039 2700 4094 interventione
2730 4039 2962 4110 spiritus
2983 4055 3141 4092 meus
3172 4038 3450 4109 dirigatur

1847 4129 1978 4184 etin
2005 4129 2196 4183 futuro
2243 4135 2428 4184 tecum
2480 4129 2805 4200 participari
2855 4145 3094 4182 merear.
3162 4128 3270 4192 Qui
3322 4145 3448 4181 mox

1847 4227 2075 4272 econtra
2088 4219 2452 4290 respondens,
2479 4217 2713 4288 protulit
2735 4217 2875 4273 ista:
2902 4217 3206 4288 Paphnuti,
3241 4234 3311 4271 ne
3322 4234 3450 4271 con-

1846 4307 2116 4362 tristeris:
2143 4308 2340 4380 petitio
2370 4313 2488 4373 tua,
2505 4307 2789 4362 tribuente
2805 4307 3063 4372 Domino,
3089 4307 3198 4360 erit
3213 4306 3448 4360 stabilis.

1851 4397 1947 4452 Sta
1978 4397 2035 4451 in
2056 4397 2185 4463 ﬁde,
2217 4397 2454 4451 viriliter
2481 4413 2604 4466 age,
2636 4396 2826 4450 oculos
2840 4413 2967 4450 cum
2982 4396 3251 4450 mentead
3271 4397 3452 4450 Deum

162 4486 325 4542 frater
367 4486 681 4560 Paphnuti,
729 4485 994 4557 quoniam
1024 4483 1380 4555 omnipotens
1433 4485 1582 4537 Deus
1612 4475 1828 4536 rectoD
1849 4486 2085 4556 erige,in
2101 4487 2383 4541 mandatis
2403 4484 3002 4552 corroborare,bonum
3021 4484 3456 4554 facereimpiger

161 4575 354 4631 itinere
381 4578 444 4631 in
471 4577 623 4630 hanc
651 4574 1012 4630 solitudinem
1043 4572 1248 4628 direxit
1278 4578 1354 4639 te,
1374 4577 1439 4626 ut
1459 4572 1766 4627 honoriﬁce

165 4667 393 4738 sepelias
414 4683 532 4732 me,
565 4670 737 4736 atque
767 4680 969 4735 corpus
985 4678 1174 4716 meum
1205 4661 1562 4716 commendes
1579 4666 1763 4716 terrae.

167 4755 275 4809 Hac
297 4757 513 4810 etenim
541 4755 683 4808 hora
718 4754 909 4807 anima
933 4751 1117 4806 carnis
1149 4750 1384 4804 vinculis
1409 4749 1718 4805 absolvitur
1753 4771 1765 4819 ;

166 4849 324 4916 atque
354 4847 428 4900 ad
448 4849 765 4898 creatorem
797 4858 961 4896 suum
975 4841 1033 4894 in
1063 4840 1286 4894 caeleste
1307 4856 1545 4909 regnum
1575 4840 1771 4912 depor-

163 4939 327 4987 tatur.
357 4935 566 4989 Frater
579 4931 982 4996 amantissime,
1009 4930 1146 4995 (scio
1169 4945 1412 5000 namque
1427 4929 1771 4984 desiderium

163 5024 332 5092 tuum)
367 5022 605 5094 quando
631 5020 866 5075 redieris
894 5020 952 5073 in
984 5019 1272 5090 IEgytum,
1316 5034 1633 5072 memorare
1663 5017 1773 5072 mei

163 5109 215 5164 in
235 5111 546 5183 praesentia
561 5110 798 5164 fratrum
813 5113 1126 5174 tuorum,et
1137 5107 1193 5161 in
1206 5111 1505 5177 conspectu
1518 5106 1772 5160 omnium

165 5201 448 5256 Christum
481 5199 808 5254 colentium.
847 5199 978 5252 Haec
1007 5203 1094 5250 est
1134 5195 1438 5268 postulatio
1471 5212 1593 5250 mea
1624 5196 1763 5266 (‘20);

164 5306 326 5360 quam
359 5288 667 5362 impetravi
693 5305 728 5342 a
750 5287 989 5342 Domino
1019 5287 1154 5340 Deo.
1191 5285 1249 5340 Si
1271 5284 1398 5355 quis
1422 5284 1765 5340 oblationem

165 5377 228 5432 ob
257 5395 522 5434 amorem
573 5376 816 5430 nominis
863 5375 974 5430 mei
1005 5380 1137 5429 ante
1165 5379 1526 5444 conspectum
1555 5374 1779 5428 Domini

168 5469 336 5522 nostri
367 5469 509 5522 Jesu
543 5465 774 5532 Christi,
800 5471 858 5519 et
873 5465 943 5518 ad
965 5464 1189 5518 laudem
1209 5463 1332 5532 ejus
1359 5461 1470 5529 (2'1)
1494 5462 1768 5530 immolat,

168 5556 230 5610 ab
259 5557 414 5612 omni
457 5555 775 5610 tentationa
803 5553 1031 5620 diaboli,
1070 5558 1128 5606 et
1164 5568 1199 5606 a
1227 5551 1449 5605 vinculo
1479 5553 1774 5622 pravitatis

169 5645 423 5702 humana:
453 5645 605 5700 liber
631 5643 837 5709 existit,
869 5648 1039 5714 atque
1069 5657 1198 5696 cum
1237 5640 1446 5694 sanctis
1471 5643 1688 5710 angelis
1716 5641 1776 5697 in

1849 4576 2142 4641 contende,
2168 4581 2225 4630 et
2239 4575 2408 4629 vitam
2432 4580 2702 4628 aeternam
2717 4573 3074 4644 apprehende
3091 4575 3142 4640 (Ι
3169 4573 3292 4626 Cor.
3313 4575 3448 4642 va).

1850 4666 2156 4734 Protegant
2181 4669 2240 4718 te
2275 4663 2462 4734 angeli
2491 4662 2612 4728 Dei,
2664 4668 2721 4716 et
2749 4668 3079 4716 conservent
3103 4666 3161 4715 te
3198 4659 3268 4714 ab
3298 4661 3454 4715 omni

1851 4752 2079 4807 consilio
2101 4752 2410 4824 pravitatis,
2443 4757 2506 4806 ut
2535 4767 2710 4822 purus
2739 4757 2870 4804 ante
2897 4751 3076 4804 Deum
3103 4756 3161 4804 et
3180 4749 3454 4804 immacu-

1853 4843 2002 4896 latus
2030 4841 2089 4894 in
2120 4841 2210 4894 die
2241 4839 2327 4894 sui
2358 4839 2633 4894 examinis
2663 4838 2986 4892 inveniaris.
3021 4839 3156 4892 Post
3183 4839 3300 4892 haec
3331 4855 3453 4893 sur-

1854 4931 2020 4997 rexit,
2039 4935 2096 4984 et
2114 4929 2186 4984 ad
2206 4929 2510 4984 Dominum
2527 4929 2844 5000 lacrymans
2856 4928 3052 4995 oravit,
3080 4928 3453 4997 geruaﬂexit,

1856 5025 2025 5092 atque
2045 5019 2228 5074 subito
2249 5019 2408 5072 dixit:
2435 5019 2498 5072 In
2523 5035 2723 5072 manus
2751 5024 2898 5080 tuas,
2923 5018 3089 5082 Deus,
3124 5017 3456 5072 commendo

1855 5109 2118 5182 spiritum
2140 5124 2346 5162 meum.
2365 5108 2620 5177 Cumque
2639 5107 2756 5161 haec
2786 5107 3036 5172 dixisset,
3061 5107 3250 5160 lumen
3269 5105 3457 5176 splen-

1855 5201 2048 5254 didum
2065 5214 2268 5270 corpus
2289 5198 2412 5267 ejus
2444 5194 2816 5259 obumbravit,
2842 5201 2900 5248 et
2919 5195 2976 5249 in
2997 5195 3170 5266 ipsius
3203 5193 3457 5248 claritate

1857 5289 2089 5346 luminis
2109 5288 2300 5343 anima
2328 5292 2524 5340 sancta
2552 5301 2719 5339 carne
2749 5285 2933 5339 soluta
2957 5291 3060 5338 est.

1931 5381 2062 5434 CAP.
2094 5379 2240 5432 XVI.
2263 5377 2564 5446 -Repente
2598 5390 2726 5428 vero
2756 5390 2943 5427 vocem
2959 5372 3289 5442 angelorum
3307 5371 3456 5425 mul-

1853 5475 2042 5524 torum
2061 5465 2268 5530 audivi,
2287 5463 2639 5519 laudantium
2660 5463 2861 5527 Deum,
2887 5467 2944 5515 et
2971 5461 3028 5514 in
3059 5459 3309 5514 discessu
3331 5477 3458 5514 san-

1855 5553 2116 5607 ctissima:
2153 5551 2358 5605 animae
2412 5549 2591 5604 sancti
2635 5546 2934 5618 Onuphrii,
2997 5546 3210 5600 aethera
3246 5545 3459 5600 scilicet

1857 5641 2125 5713 angelicis
2140 5641 2373 5696 canticis
2387 5637 2709 5694 resonantia
2729 5636 2838 5708 (24)
2849 5677 2865 5703 ,
2885 5635 3157 5705 gaudium
3177 5633 3459 5689 ineffabile
