3912 6450
409 371 518 428 223

1079 586 1329 640 PRETE.

677 729 1048 789 Cassiodorus,
1085 729 1264 782 Inslit.
1293 730 1468 782 divin.
1493 746 1612 798 cap.
1647 729 1734 786 ‘33.

481 853 782 924 Dionysius
808 854 1133 919 monachus,
1159 854 1367 925 Scytha
1385 855 1611 908 natione
1641 855 1738 909 sed
1757 855 2006 911 moribus

411 942 640 996 omnino
662 943 966 1007 Romanus,
993 942 1052 996 in
1071 947 1310 1014 utraque
1338 943 1533 1014 lingua
1559 945 1720 998 valde
1745 945 2004 998 doctissi-

411 1047 556 1096 mus,
583 1031 822 1084 reddens
844 1029 1156 1084 actionibus
1169 1032 1307 1097 suis,
1332 1049 1500 1103 quam
1521 1032 1580 1086 in
1604 1032 1762 1086 libris
1779 1034 2002 1088 Domini

412 1120 625 1189 legerat
644 1120 996 1190 aequitatem;
1032 1120 1127 1191 qui
1159 1121 1476 1192 Scripturas
1505 1121 1722 1176 divinas
1738 1127 1898 1176 tanta
1917 1139 2007 1176 cu-

411 1209 663 1262 riositate
685 1208 1025 1262 discusserat
1053 1213 1222 1280 atque
1243 1209 1612 1275 intellexerat,
1633 1216 1698 1263 ut
1725 1211 2008 1264 undecun-

414 1313 522 1368 que
539 1297 916 1366 interrogatus
932 1297 1147 1364 fuisset,
1161 1304 1420 1368 paratum
1439 1297 1672 1352 haberet
1687 1305 2007 1369 competens

413 1386 534 1439 sine
565 1385 753 1456 aliqua
790 1369 1057 1439 dilatione
1077 1403 1433 1458 responsum;
1463 1387 1557 1457 qui
1588 1404 1807 1441 mecum
1826 1388 2008 1441 diale-

415 1475 616 1528 cticam
643 1475 796 1544 legit,
829 1479 886 1528 et
905 1475 961 1528 in
983 1475 1234 1546 exemplo
1255 1475 1484 1544 gloriosi
1505 1477 1813 1546 magisterii
1841 1477 2012 1548 pluri-

414 1578 539 1616 mos
567 1578 744 1616 annos
765 1563 936 1616 vitam
965 1579 1146 1630 suam,
1172 1568 1471 1633 praestante
1492 1564 1748 1629 Domino,
1767 1565 2009 1634 gloriose

413 1651 713 1719 transegit.
749 1651 926 1704 Pudet
947 1667 1034 1704 me
1065 1651 1133 1706 de
1161 1659 1417 1708 consorte
1445 1653 1630 1707 dicere
1660 1654 1806 1725 quod
1832 1654 1890 1708 in
1920 1670 2010 1706 me

415 1754 634 1810 nequeo
660 1739 924 1810 reperire.

1442 376 1535 431 DE
1570 369 1760 432 VITIS
1797 374 2093 432 PATRUM
2129 371 2343 428 LIBER
2379 369 2668 425 PRIMUS.

410 499 505 552 DE
533 499 876 554 DIONYSIO
909 498 1179 553 EXIGUO
1247 500 1471 554 HUJUS
1526 501 1714 556 VIT1E
1757 501 2072 560 INTER-A

3597 362 3700 419 22’s

2348 499 2401 550 V.
2427 496 2584 560 Buta,
2608 495 2671 547 de
2695 495 2912 546 ratione
2946 492 3149 558 Temp.,
3178 506 3296 558 cap.
3329 489 3417 546 45.

2161 585 2339 642 Primi
2364 581 2885 639 decemnovennalis
2923 579 3114 633 circuli
3153 597 3318 634 versu
3359 585 3701 649 temporum

2091 677 2226 730 ordo
2251 674 2582 746 prieﬁgitur,
2617 689 2782 742 quem
2814 670 2992 724 Grzeci
3020 669 3382 722 calculatores
3402 685 3441 722 a
3467 667 3701 722 Diocle-

2089 766 2228 820 tiani
2248 763 2516 836 principis
2541 761 2703 814 annis
2722 759 3112 824 observavere;
3137 759 3232 810 sed
3249 757 3590 828 Dionysius,
3617 773 3704 808 ve-

2088 854 2353 910 nerabilis
2373 852 2544 906 abbas
2571 852 2835 904 Romanae
2859 848 3033 914 urbis,
3055 854 3113 901 et
3139 847 3434 918 utriusque
3457 846 3696 915 linguae,

2089 945 2292 999 Graecae
2334 942 2592 996 videlicet
2628 946 2685 994 et
2731 939 2963 1002 Latinae,
2994 953 3108 991 non
3149 935 3378 1006 ignobili
3416 934 3700 1006 pmditus

2089 1033 2339 1099 scientia,
2362 1032 2636 1086 Paschates
2661 1031 2900 1082 scribens
2927 1029 3180 1092 circulos,
3209 1025 3390 1078 noluit
3414 1024 3505 1079 eis
3531 1023 3700 1090 (sicut

2088 1123 2206 1193 ipse
2234 1125 2490 1186 testatur)
2505 1117 2834 1172 memoriam
2863 1115 3021 1186 impii
3041 1113 3414 1186 persecutoris
3444 1113 3703 1166 innecte-

2090 1229 2168 1272 re,
2201 1211 2296 1263 sed
2329 1208 2507 1278 magis
2536 1207 2692 1276 eligit
2727 1205 2798 1258 ab
2826 1203 3212 1258 incarnatione
3252 1202 3482 1256 Domini
3519 1201 3701 1254 nostri

2091 1302 2117 1355 J
2125 1317 2222 1354 esu
2239 1298 2445 1354 Christi
2466 1302 2721 1366 tempora
2742 1299 3074 1365 praanotare,
3098 1298 3377 1362 quatenus
3397 1290 3704 1344 exordium

2092 1389 2208 1460 spei
2241 1394 2445 1442 nostrae
2465 1386 2654 1440 notius
2674 1383 2836 1438 nobis
2865 1383 3147 1445 existeret,
3177 1386 3234 1434 et
3260 1397 3431 1434 causa
3463 1396 3705 1451 repara-

2093 1479 2261 1532 tionis
2299 1477 2577 1540 humanae,
2609 1474 2662 1527 id
2705 1477 2808 1538 est,
2852 1471 3038 1544 passio
3074 1469 3476 1542 Redemptoris
3523 1467 3704 1522 nostri

2094 1567 2404 1622 evidentius
2433 1566 2697 1618 eluceret.

2093 1658 2420 1724 Sigebertus,
2461 1657 2704 1722 catalogo
2729 1655 2936 1706 illustr.
2971 1652 3164 1705 Eccles.
3190 1651 3416 1718 Script.,
3452 1665 3581 1716 cap.
3611 1645 3699 1702 27.

2162 1745 2460 1816 Dionysius
2489 1743 2661 1796 abbas
2690 1742 2996 1806 Romanus,
3015 1745 3387 1809 cognomento
3419 1737 3697 1806 Exiguus,

488 1828 618 1882 Fuit
646 1829 794 1882 enim
817 1829 874 1882 in
909 1829 1004 1883 illo
1035 1846 1160 1883 cum
1190 1832 1468 1901 sapientia
1506 1849 1712 1900 magna
1740 1832 2008 1903 simplici-
2033 1835 2318 1917 Bgemina
2344 1833 2578 1887 scientia
2607 1832 2798 1885 Graece
2838 1836 2895 1883 et
2924 1829 3118 1883 Latine
3157 1829 3360 1893 clarus,
3398 1827 3702 1880 transtulit

416 1919 523 1980 tas,
551 1933 680 1970 cum
702 1917 957 1970 doctrina
977 1918 1284 1978 humilitas.
1307 1937 1430 1972 cum
1464 1920 1725 1988 facundia
1747 1921 2009 1991 loquendi

416 2005 686 2074 parcitas;
722 2011 780 2059 ut
812 2007 869 2059 in
899 2007 1052 2060 nullo
1081 2024 1140 2060 se
1175 2009 1259 2061 vel
1299 2009 1562 2062 extremis
1591 2009 1815 2062 famulis
1858 2015 2012 2063 ante-

415 2093 604 2161 ferret,
643 2113 770 2149 cum
819 2097 1022 2167 dignus
1063 2104 1212 2152 esset
1257 2115 1453 2168 regum
1501 2100 1622 2152 sine
1663 2098 2012 2152 dubitatione

415 2183 724 2254 colloquiis.
758 2186 1099 2240 Interveniat
1127 2203 1227 2257 pro
1257 2187 1435 2253 nobis,
1461 2189 1555 2258 qui
1575 2187 1866 2241 nobiscum
1895 2204 2015 2240 ora-

414 2289 476 2325 re
513 2285 906 2341 consueveral;
953 2282 1014 2328 ut
1042 2277 1203 2346 cujus
1235 2276 1325 2329 hic
1360 2293 1556 2331 sumus
1601 2277 1853 2330 oratione
1896 2276 2011 2330 suf-

414 2360 561 2426 fulti,
591 2364 712 2432 ejus
733 2363 1013 2434 possimus
1035 2381 1182 2418 nunc
1210 2365 1428 2419 meritis
1455 2366 1727 2435 adjuvari.

487 2451 594 2515 Qui
624 2451 832 2522 petitus
872 2469 907 2506 a
945 2453 1228 2524 Stephano
1268 2455 1525 2525 episcOpo
1567 2454 1911 2520 Salonitano,
1945 2472 2012 2508 ex

419 2539 627 2592 Graecis
648 2541 1058 2612 exemplaribus
1075 2545 1316 2596 Uanoncs
1337 2545 1824 2614 Ecclesiasticos(d)
1847 2543 2016 2597 mori-

418 2625 524 2680 bus
553 2627 687 2692 suis,
721 2635 786 2682 ut
807 2635 930 2683 erat
945 2631 1146 2700 planus
1167 2637 1335 2701 atque
1364 2632 1626 2698 disertus,
1660 2649 1876 2702 magna:
1906 2633 2015 2686 elo-

421 2715 663 2785 quentia)
689 2717 812 2770 luce
830 2720 1161 2788 composuit,
1183 2737 1320 2790 quos
1337 2721 1498 2774 hodie
1526 2737 1630 2774 usu
1649 2720 2013 2775 celeberrimo

422 2804 666 2858 Ecclesia
697 2807 949 2861 Romana
989 2809 1395 2880 complectitur.
1439 2812 1554 2864 Hos
1601 2811 1769 2864 etiam
1796 2816 2016 2881 oportet

419 2909 516 2946 vos
544 2894 767 2949 assidue
798 2896 1003 2965 legere,
1036 2914 1104 2951 ne
1131 2898 1428 2952 videamini
1465 2905 1577 2953 tam
1608 2900 1882 2953 salutares
1912 2901 2014 2954 Ec-

419 2982 759 3037 clesiasticas
787 2987 1012 3054 regulas
1043 2986 1396 3058 culpabiliter
1424 2988 1702 3058 ignorare.

488 3071 615 3124 Alia
630 3089 850 3143 quoque
875 3078 1052 3128 multa
1071 3093 1134 3128 c1:
1160 3076 1338 3131 Grch
1362 3080 1654 3130 transtulit
1676 3081 1738 3130 in
1750 3079 2012 3131 Latinum

2093 1925 2162 1978 de
2193 1924 2384 1978 Grch
2415 1923 2471 1975 in
2498 1921 2756 1976 Latinum
2811 1922 3050 1974 Protcrii
3079 1918 3152 1988 (Γ)
3182 1918 3568 1972 .41e.ramlrini
3595 1919 3703 1984 cpi-

2092 2016 2238 2082 scopi
2255 2015 2460 2080 scripta
2481 2011 2550 2064 ad
2572 2011 2813 2064 Leonem
2836 2025 3037 2079 papam
3060 2009 3122 2060 de
3145 2007 3468 2060 celebrando
3491 2005 3700 2058 Pascha

2093 2102 2151 2156 in
2183 2118 2330 2154 anno
2361 2099 2582 2154 Domini
2611 2097 2734 2153 455.
2766 2097 3077 2154 Transtulit
3113 2095 3283 2148 etiam
3313 2094 3382 2147 de
3409 2095 3615 2146 Graeco
3645 2092 3701 2144 in

2095 2191 2357 2244 Latinum
2389 2192 2596 2242 librum
2630 2189 2882 2252 Gregorii
2911 2187 3146 2251 Nysseni
3175 2185 3238 2236 de
3265 2184 3588 2236 conditione
3613 2182 3702 2233 ho-

2097 2283 2268 2332 minis
2292 2278 2380 2345 {(1),
2411 2283 2468 2331 et
2503 2279 2677 2330 Vitam
2712 2276 2994 2330 Pachmnii
3018 2275 3228 2326 abbatis
3260 2271 3353 2343 (h
3381 2271 3628 2341 Scripsit
3647 2274 3702 2322 et

2095 2369 2235 2440 ipse,
2264 2373 2389 2438 post
2419 2365 2708 2436 Cyrillum,
2746 2365 2970 2430 Cyctum
3004 2365 3247 2430 quinque
3277 2363 3590 2427 cyclorum,
3614 2357 3701 2411 in-

2096 2458 2305 2528 cipiens
2337 2455 2405 2510 ab
2438 2472 2585 2509 anno
2616 2454 2733 2508 nati
2762 2455 2894 2507 Jesu
2929 2451 3136 2505 Christi
3169 2447 3272 2506 532
3302 2448 3398 2519 qui
3438 2453 3530 2501 est
3568 2445 3702 2500 ulti-

2097 2564 2221 2600 mus
2247 2562 2430 2599 annus
2458 2543 2647 2614 magni
2675 2542 2834 2614 cycli,
2858 2541 2954 2612 qui
2977 2546 3063 2594 est
3090 2555 3364 2593 annorum
3395 2550 3594 2592 Dxxxu
3623 2551 3703 2588 se-

2097 2637 2207 2690 mel
2239 2634 2415 2689 exacti
2446 2651 2480 2688 a
2501 2633 2792 2687 nativitate
2814 2630 3041 2696 Christi,
3065 2634 3172 2682 eis.

2363 2724 2715 2786 Trithcmius,
2752 2723 2893 2774 libro
2925 2721 2988 2772 de
3017 2719 3218 2786 Script.
3253 2718 3450 2771 Eccles.

2168 2813 2486 2884 Dionysius,
2503 2811 2674 2864 abbas
2688 2811 2990 2872 Romanus,
3012 2813 3382 2876 cognomento
3400 2807 3488 2872 (ut
3501 2805 3698 2868 fertur)

2097 2903 2361 2973 Exiguus,
2385 2901 2470 2954 vir
2497 2906 2647 2954 certe
2667 2898 2892 2969 ingenio
2913 2903 2970 2951 et
2988 2895 3222 2950 scientia
3252 2911 3494 2964 magnus
3526 2899 3698 2964 atque

2094 2989 2520 3055 clarissimus,in
2543 2987 2844 3058 Scripturis
2859 2985 3066 3039 sanctis
3087 2983 3363 3048 eruditus,
3383 2988 3442 3036 et
3458 2983 3519 3036 in
3538 2981 3696 3035 disci-

2093 3081 2248 3152 plina
2273 3078 2623 3135 saecularium
2644 3077 2959 3130 litterarum
2980 3073 3242 3128 nobiliter
3261 3073 3477 3136 doctus,
3499 3072 3696 3125 Graeco

422 3160 510 3229 (ο),
545 3176 668 3230 quae
705 3161 936 3216 utilitati
977 3171 1212 3234 possunt
1255 3165 1510 3218 Ecclesia:
1555 3166 1872 3231 convenire.
1903 3167 2011 3230 Qui
2032 3179 2074 3238 ο
2095 3177 2152 3224 et
2179 3169 2376 3224 Latino
2422 3167 2643 3238 eloquio
2672 3166 2874 3224 clarus,
2905 3162 3243 3233 computista
3289 3166 3346 3214 et
3381 3161 3693 3214 calculator

418 3252 578 3304 tanta
605 3249 924 3305 Latinitatis
940 3258 996 3306 et
1011 3253 1322 3308 Graecitatis
1351 3255 1551 3326 peritia
1571 3255 1926 3326 fungebatur,
1949 3263 2013 3311 ut

420 3353 781 3410 quoscunque
799 3340 968 3395 libros
993 3342 1212 3396 Graecos
1233 3343 1289 3397 in
1312 3343 1570 3398 manibus
1596 3345 1890 3416 aeciperet,
1913 3346 2013 3399 La-

419 3427 535 3481 tine
549 3428 666 3482 sine
679 3430 979 3486 otTensione
997 3437 1424 3498 transcurreret,
1444 3433 1762 3504 iterumque
1783 3434 2012 3488 Latinos

419 3515 603 3570 Attico
629 3535 885 3573 sermone
913 3521 1206 3591 relegeret,
1237 3528 1300 3574 ut
1323 3523 1577 3576 crederes
1607 3521 1710 3576 hoc
1739 3540 1860 3576 esse
1886 3540 2015 3576 con-

421 3605 714 3676 scriptum,
737 3609 885 3678 quod
906 3626 968 3663 os
979 3613 1026 3679 ej
1036 3627 1099 3663 us
1125 3611 1396 3664 inotl‘ensa
1415 3612 1706 3666 velocitate
1723 3611 2011 3666 fundebat.

491 3695 745 3766 Longum
771 3703 857 3751 est
879 3699 948 3752 de
977 3699 1072 3752 illo
1101 3699 1217 3753 viro
1238 3705 1436 3754 cuncta
1462 3706 1730 3767 retexere,
1751 3701 1844 3772 qui
1867 3702 2014 3754 inter

420 3783 665 3854 reliquas
690 3785 924 3841 virtutes
947 3788 1051 3842 hoc
1072 3787 1330 3842 habuisse
1352 3789 1622 3860 probatur
1640 3790 1926 3856 eximium,
1951 3795 2016 3845 ut

420 3887 545 3925 cum
575 3890 635 3926 se
652 3878 836 3954 totum
861 3877 976 3930 Deo
1005 3878 1346 3944 tradidisset,
1362 3895 1474 3932 non
1500 3885 2012 3950 aSpernaretursae-

419 3960 692 4016 cularium
706 3965 1217 4020 conversationibus
1230 3967 1519 4023 interesse.
1540 3968 1740 4022 Castus
1752 3967 2008 4034 nimium,

419 4065 546 4102 cum
575 4051 786 4105 alienas
816 4055 1064 4122 quotidie
1093 4055 1306 4108 videret
1319 4072 1546 4123 uxores;
1581 4057 1732 4110 mitis
1752 4073 1878 4110 cum
1899 4057 2013 4110 fere

417 4137 671 4206 gentium
687 4155 889 4194 vesano
916 4141 1140 4196 turbine
1162 4145 1499 4214 pulsaretur.
1527 4145 1816 4198 Fundebat
1837 4146 2012 4215 lacry-

420 4241 542 4278 mas
564 4232 746 4280 motus
759 4230 1202 4299 compunctione,
1227 4248 1352 4285 cum
1376 4233 1596 4286 audiret
1605 4233 2010 4302 garrulaverba

420 4313 648 4368 laetitiae.
671 4316 972 4385 Jejunabat
992 4318 1112 4372 sine
1141 4320 1566 4391 exprobratione
1589 4323 2006 4392 prandentium,

419 4406 478 4455 et
505 4401 629 4455 ideo
657 4404 918 4458 conviviis
935 4412 1230 4476 gratanter
1255 4408 1544 4474 intererat,
1571 4415 1634 4463 ut
1653 4409 1801 4463 inter
1821 4427 2012 4482 corpo-

2094 3266 2411 3330 temporum
2444 3255 2720 3326 egregius.
2757 3252 2990 3324 Scripsit
3029 3251 3227 3306 Latino
3255 3265 3518 3304 sermone
3549 3264 3691 3304 non-

2095 3348 2246 3402 nulla
2257 3344 2618 3416 opuscula,de
2637 3342 2835 3414 quibus
2853 3357 2954 3411 ego
2971 3344 3194 3393 tantum
3212 3338 3397 3410 reperi
3411 3337 3688 3409 subjecta:

2167 3436 2392 3502 Cyclum
2447 3434 2756 3488 Paschalcm
2804 3445 3074 3498 magnum
3123 3443 3406 3482 annorum
3479 3439 3690 3488 nxxxn,

2096 3525 2190 3579 lib.
2219 3540 2273 3592 1;

2166 3617 2238 3668 De
2269 3616 2484 3667 ratione
2511 3614 2636 3680 festi
2662 3611 2960 3673 Paschalis,
2985 3607 3128 3674 lib.I;
3158 3607 3431 3660 Paschalis
3459 3608 3590 3674 festi
3610 3620 3696 3658 ra-

2098 3706 2299 3756 tionem
2311 3743 2322 3755 .

2165 3792 2244 3846 De
2281 3790 2494 3845 caeteris
2519 3791 2582 3861 (ἰ)
2612 3789 2748 3843 nihil
2777 3787 2980 3859 reperi.
3023 3787 3335 3841 Transtulit
3375 3790 3570 3838 autem
3623 3783 3689 3836 de

2097 3881 2286 3934 Graeco
2311 3881 2367 3934 in
2398 3880 2692 3940 Latinum:
2734 3880 2907 3932 Vitam
2937 3879 3117 3930 sancti
3144 3877 3427 3930 Pachomii
3445 3875 3686 3928 abbatis:

2098 3971 2302 4024 librum
2327 3986 2538 4038 quoque
2570 3969 2821 4034 Gregorii
2844 3967 3136 4030 Emisseni,
3166 3966 3228 4018 de
3258 3965 3571 4018 conditione
3607 3963 3692 4014 ho-

2097 4062 2287 4123 minis;
2321 4064 2369 4112 ει
2406 4061 2611 4127 scripta
2641 4059 2896 4120 Protcrii,
2930 4053 3309 4110 Alexandrini
3337 4055 3590 4122 episcopi,
3621 4050 3691 4104 ad

2099 4147 2315 4199 Leonem
2340 4163 2542 4214 papam
2573 4143 2658 4212 (j).
2689 4145 2754 4198 Et
2773 4145 3020 4212 quantum
3059 4145 3176 4195 alia
3199 4142 3294 4210 (λ’).

2163 4234 2449 4288 Inchoavit
2475 4239 2664 4287 autem
2695 4233 2925 4304 Cyclum
2951 4248 3115 4284 suum
3137 4246 3284 4285 anno
3301 4230 3523 4284 Domini
3557 4228 3623 4284 53
3642 4229 3676 4289 ‘.

2093 4323 2188 4394 qui
2208 4323 2315 4378 fuit
2338 4323 2571 4377 ultimus
2591 4339 2770 4376 annus
2791 4320 2980 4389 magni
3002 4320 3139 4392 cycli
3164 4320 3458 4391 paschalis,
3482 4319 3578 4390 qui
3601 4335 3679 4372 se-

2093 4413 2203 4466 mel
2224 4418 2450 4467 exactus
2477 4412 2535 4466 in
2565 4411 2824 4465 eumdem
2852 4426 3073 4480 semper
3101 4409 3420 4462 revertitur.

419 4491 566 4544 rales
595 4493 788 4563 epulas
819 4493 1136 4564 inquisitus,
1165 4497 1445 4567 spiritales
1465 4499 1652 4570 copias
1673 4516 1896 4570 semper
1923 4517 2014 4553 ex-
2033 4501 2080 4558 D
2165 4501 2380 4556 Claruit
2417 4517 2550 4570 ergo
2580 4498 2683 4553 sub
2726 4498 3042 4553 Iustiniano
3089 4497 3224 4570 imp.
3279 4513 3501 4566 magno,
3533 4510 3678 4551 anno

419 4579 654 4635 hiberet.
688 4582 846 4646 Quod
871 4584 918 4638 si
941 4589 1131 4639 tamen
1150 4586 1451 4656 aliquando
1480 4588 1816 4656 comederet,
1841 4606 2010 4660 parvo

419 4670 644 4740 quidem
670 4671 812 4738 cibo,
829 4673 928 4726 sed
944 4679 1133 4728 tamen
1157 4675 1695 4732 esciscommunibus
1723 4677 2005 4732 utebatur.

430 4764 470 4822 Ι
482 4763 610 4823 08
627 4760 786 4814 Unde
805 4779 1088 4818 summum
1103 4781 1281 4834 genus
1303 4765 1517 4819 aestimo
1531 4767 1836 4836 patientiae,
1862 4767 2010 4821 inter

418 4845 696 4900 humanas
716 4865 835 4903 esse
851 4851 1095 4918 delicias,
1121 4859 1177 4906 et
1196 4853 1546 4909 abstinentiae
1558 4855 1838 4909 custodire
1863 4872 2014 4910 men-

420 4950 632 4988 suram.
667 4937 793 5003 Sed,
827 4945 892 4992 ut
916 4939 1061 4994 bona
1077 4933 1292 4996 'mentis
1318 4945 1438 5012 ejus
1466 4944 1713 4998 infucata
1741 4945 1904 4998 laude
1929 4961 2014 4998 re-

418 5023 686 5084 feramus.
705 5030 829 5079 erat
854 5032 1006 5082 totus
1035 5029 1372 5098 Catholicus,
1404 5038 1556 5087 totus
1582 5033 1832 5104 paternis
1852 5050 2014 5103 regu-

420 5113 488 5168 lis
543 5121 967 5184 perseveranter
1013 5118 1286 5186 addictus,
1344 5127 1400 5175 et
1459 5123 1728 5193 quidquid
1781 5128 2015 5194 possunt

423 5203 671 5273 legentes
691 5221 792 5275 per
811 5205 1057 5260 diversos
1082 5224 1349 5278 quaerere,
1365 5210 1423 5264 in
1448 5211 1598 5265 illius
1624 5212 1858 5266 scientia
1886 5227 2014 5280 cog-

414 5293 750 5348 noscebatur
801 5312 964 5366 posse
1015 5296 1246 5367 fulgere.
1307 5300 1480 5369 Cujus
1542 5301 1757 5354 nomini
1825 5299 2014 5370 aliqua

417 5382 572 5451 pravi
603 5383 859 5437 homines
894 5385 1237 5442 calumniose
1266 5387 1526 5442 nituntur
1553 5388 1828 5457 ingerere,
1863 5389 2012 5442 unde

417 5486 522 5524 sua
544 5471 837 5526 videantur
865 5480 1052 5528 errata
1081 5476 1437 5546 aliquatenus
1466 5493 1748 5531 excusare.
1779 5477 1886 5532 Sed
1917 5477 2010 5531 ille

411 5558 530 5628 jam
555 5561 738 5614 saeculi
755 5563 1115 5632 perversitate
1124 5565 1408 5632 derelicta,
1425 5570 1726 5636 praestante
1749 5566 2008 5631 Domino,

419 5646 478 5700 in
524 5647 778 5704 Ecclesiae
806 5667 943 5721 pace
980 5653 1250 5724 sepultus,
1295 5654 1444 5708 inter
1471 5654 1570 5708 Dei
1619 5653 1858 5708 famulos
1887 5671 2009 5708 cre-

421 5736 636 5792 dendus
656 5745 744 5791 est
769 5739 974 5794 habere
1003 5744 1364 5797 consortium.

2091 4589 2315 4644 Domini
2350 4587 2472 4645 540.

2092 4681 2238 4733 Idem
2252 4681 2314 4732 de
2342 4681 2482 4732 Viris
2497 4678 2798 4732 ittust.ord.
2821 4679 3002 4730 sancti
3017 4677 3306 4741 Benedicti,
3324 4677 3418 4729 lib.
3437 4672 3674 4744 n,cap.1a.

2165 4768 2480 4839 Dionysius,
2512 4766 2682 4820 abbas
2711 4767 3012 4830 Romanus,
3055 4770 3423 4835 cognomento
3461 4761 3675 4834 Exigui,

2093 4856 2177 4910 vir
2203 4856 2260 4910 in
2274 4856 2472 4910 divinis
2493 4855 2795 4926 Scripturis
2811 4855 2972 4908 valde
3003 4854 3274 4921 eruditus,
3308 4859 3364 4908 et
3380 4854 3437 4907 in
3453 4853 3677 4907 saecula-

2093 4945 2248 5000 ribus
2293 4945 2497 4998 litteris
2537 4943 2928 5015 peritissimus,
2957 4943 3259 4996 calculator
3300 4948 3356 4996 et
3399 4946 3680 5012 geometer

2094 5034 2348 5103 insignis,
2385 5034 2575 5087 Graeco
2617 5037 2674 5086 et
2711 5031 2910 5086 Latino
2949 5031 3258 5085 instructus
3287 5030 3508 5100 eloquio
3545 5049 3555 5082 :
3587 5027 3677 5099 qui

2095 5123 2360 5177 doctrinae
2391 5139 2507 5176 suae
2541 5137 2803 5190 magnam
2843 5121 2991 5190 apud
3038 5126 3252 5174 veteres
3293 5119 3678 5174 auctoritatem

2095 5216 2444 5278 consecutus,
2475 5210 2651 5264 edidit
2667 5226 2779 5264 non
2809 5210 3124 5280 spernenda
3151 5209 3435 5280 opuscula,
3469 5208 3539 5262 de
3568 5205 3680 5278 qui-

2097 5301 2197 5355 bus
2226 5315 2404 5371 pauca
2429 5299 2502 5352 ad
2534 5315 2718 5352 meam
2751 5298 3013 5352 notitiam
3045 5303 3424 5368 pervenerunt
3455 5313 3470 5352 :

2163 5391 2235 5444 De
2256 5390 2471 5441 ratione
2498 5389 2712 5441 Pascha
2743 5388 2974 5440 librum.
3001 5391 3185 5452 '09
3209 5388 3430 5453 Cyclum
3475 5397 3676 5454 quoque

2091 5493 2362 5546 magnum
2396 5480 2830 5547 quingentorum.
2858 5479 3098 5543 triginta
3117 5477 3360 5529 duorum
3379 5488 3673 5530 annorum.

2092 5568 2360 5636 Epistolas
2385 5568 2552 5618 etiam
2583 5568 2885 5619 nonnullas
2915 5567 3230 5633 composuit.

2161 5656 2242 5709 De
2272 5655 2462 5709 Graeco
2485 5654 2544 5708 in
2564 5653 2826 5708 Latinum
2844 5654 3136 5708 transtulit
3165 5671 3175 5704 :
3203 5652 3420 5722 Scripta
3449 5649 3678 5706 Protcrii

2089 5745 2463 5801 Alexandrini
2479 5745 2553 5798 ad
2572 5745 2795 5798 Leonem
2808 5758 3014 5815 papam
3029 5744 3091 5796 de
3111 5743 3314 5796 Pascha
3334 5741 3669 5796 celebrando:
