3912 6390
168 329 276 386 229
930 296 1099 378 VI'TA
1140 326 1398 381 SANCTI
1437 328 1791 383 PACHOMII
1831 329 2136 385 ABBATIS
2174 331 2699 389 TABENNENSIS.
3355 347 3462 405 230

164 458 390 520 cietate,
424 472 540 509 non
572 458 689 507 tam
712 453 965 507 locorum
997 468 1166 521 quam
1198 469 1421 506 morum
1435 453 1894 508 dissimilitudine
1915 455 2247 509 dividamur.
2271 458 2387 510 Nec
2411 458 2665 513 videatur
2681 461 2925 531 cuipiam
2942 465 3169 533 mirum,
3196 473 3343 540 quod
3358 475 3460 529 hu-

158 547 414 617 jusmodi
452 550 637 615 pestes
669 542 741 611 (2)
770 542 939 612 justis
964 541 1286 594 hominibus
1318 544 1702 607 adversentur,
1738 545 1961 614 quando
1984 546 2130 614 pleni
2153 545 2312 607 dolis,
2344 547 2494 615 pleni
2521 548 2752 603 fallaciis
2782 551 2885 603 sibi
2921 571 3142 625 quoque
3176 575 3288 613 non
3326 580 3457 633 par-

162 644 314 703 cant,
346 643 395 689 et
430 651 621 688 secum
651 632 756 702 ipsi
785 632 1115 701 plerumque
1146 632 1497 686 dissentiant.
1532 634 1693 687 Tales
1718 640 1982 704 expertus
2000 634 2083 686 vir
2112 634 2306 687 beatus
2328 641 2496 705 atque
2523 638 2799 707 gloriosus
2818 643 3041 709 genitor
3057 654 3238 700 vester
3261 632 3333 715 (3)
3353 653 3460 707 Do-

162 726 354 779 minus
384 741 562 787 Lens,
602 738 713 775 non
738 721 918 775 solum
946 720 1226 790 patienter
1256 738 1319 773 ac
1350 721 1569 774 fortiter
1595 722 1990 776 insectationes
2018 740 2211 775 eorum
2244 741 2468 793 semper
2493 743 2593 794 pro
2613 728 2837 795 justitia
2866 734 3114 801 pertulit,
3153 738 3249 791 sed
3288 741 3458 797 etiam

158 816 323 870 felice
353 816 466 873 fine
494 830 595 884 pro
620 811 855 866 veritate
889 816 1026 880 (qua:
1054 810 1310 865 Christus
1339 816 1447 877 est).
1474 818 1798 865 constanter
1820 818 1987 880 atque
2017 811 2331 867 sublimiter
2354 813 2526 867 totius
2552 816 2746 869 mundi
2777 819 3010 874 adversa
3030 829 3331 894 superavit.
3353 833 3459 885 Cu-

155 908 249 977 jus
279 904 587 976 perfectam
614 902 740 963 vita:
782 900 1035 970 regulam
1067 905 1390 952 sanctorum
1422 900 1638 954 meritis
1666 901 2071 970 propemodum
2102 908 2504 957 consonantem
2517 904 2683 958 nimis
2705 914 2902 978 excpto
2921 913 3293 980 pel-rectorum
3309 919 3455 973 vim-

158 1012 286 1051 rum
317 994 483 1048 docta
504 999 674 1062 atque
704 989 944 1043 facunda
968 988 1219 1041 oratione
1252 989 1541 1058 perscribi,
1565 996 1629 1044 ut
1657 997 1817 1043 tanta
1847 989 2122 1043 claritudo
2152 990 2321 1043 vestri
2349 992 2592 1060 generis,
2618 1000 2951 1068 tantumque
2983 1001 3151 1057 decus
3176 1022 3239 1058 ex
3266 1008 3457 1079 aliqua

158 1090 427 1140 noscatur
456 1088 637 1153 parte,
669 1085 725 1133 et
751 1079 929 1133 virtus
949 1077 1283 1132 admiranda
1300 1078 1404 1131 viri
1422 1079 1508 1132 vix
1535 1078 1779 1148 antiquis
1807 1078 2063 1143 effabilis,
2094 1096 2215 1147 quae
2238 1078 2458 1134 favente
2484 1081 2704 1137 Christo
2728 1102 2762 1139 a
2781 1087 2934 1142 vobis
2956 1090 3312 1149 haereditario
3325 1077 3454 1167 jure

159 1173 466 1246 perﬁcitur,
498 1168 755 1233 lectionis
786 1166 966 1222 officio
1004 1166 1245 1238 posteris
1274 1166 1587 1221 intimetur.

166 1297 3440 1328 Μ

1093 1392 1757 1561 iJrologug
1878 1394 2488 1530 sartoris.

227 1636 501 1692 Dominus
520 1646 713 1693 noster
727 1641 886 1695 Jesus
904 1640 1180 1705 Christus,
1204 1641 1495 1712 sapientiae
1520 1642 1662 1707 fons,
1688 1648 1744 1697 et
1764 1643 2011 1699 scientia:
2040 1663 2234 1701 verum
2257 1647 2469 1709 lumen,
2503 1660 2810 1714 verumque
2838 1642 2939 1697 Dei
2969 1642 3146 1713 patris
3184 1639 3450 1708 Verbum,
3524 1634 3528 1639 ’

154 1740 256 1793 per
268 1727 418 1795 quod
435 1728 584 1781 facta
594 1736 727 1783 sunt
742 1731 948 1793 omnia,
968 1731 1148 1783 sciens
1170 1731 1560 1785 inﬁrmitatem
1582 1739 1833 1787 nostram
1854 1736 1922 1787 ad
1946 1742 2173 1805 peccata
2194 1752 2427 1805 pronam
2448 1744 2616 1805 atque
2636 1732 3175 1803 praecipitem,plura
3192 1731 3337 1785 circa
3352 1748 3453 1785 nos

153 1815 403 1869 remedia
432 1834 548 1871 suae
578 1818 801 1889 pietatis
827 1820 1090 1873 ostendit.
1116 1821 1399 1873 Abraham
1417 1838 1661 1891 namque
1688 1828 1850 1891 pater
1866 1829 2072 1887 noster,
2100 1840 2226 1876 cum
2248 1823 2448 1876 divinis
2474 1822 2644 1890 jussis
2660 1821 3072 1891 obtemperans,
3089 1820 3267 1873 filium
3289 1837 3454 1873 suum

153 1904 381 1959 offerret
410 1909 465 1960 in
494 1908 784 1973 sacrificio,
814 1910 1025 1979 placuit
1043 1912 1177 1975 Deo,
1200 1916 1258 1963 et
1277 1910 1479 1963 merito
1502 1912 1630 1964 ﬁdei
1647 1928 1775 1965 mox
1791 1918 1847 1965 et
1875 1912 2153 1965 haeredem
2177 1912 2387 1982 recepit
2407 1918 2463 1965 et
2484 1911 2777 1981 praemium
2802 1911 2951 1978 (Gen.
2974 1916 3131 1971 xxn).
3157 1909 3259 1961 Cui
3281 1909 3453 1962 etiam

152 2009 255 2061 per
282 1998 652 2067 semetipsum
670 1998 819 2050 Deus
833 1999 1063 2067 juravit,
1096 1999 1286 2052 dicens
1311 2017 1321 2050 :
1347 1999 1468 2052 Nisi
1490 1999 1822 2053 benedicens
1858 2001 2190 2055 benedixero
2221 2008 2296 2063 te,
2331 2008 2387 2054 et
2419 2001 2796 2070 multiplicans
2817 1997 3202 2068 multiplicabo
3231 2004 3287 2051 te
3309 1998 3454 2053 sicut

149 2083 340 2137 stellas
369 2085 495 2137 coeli
517 2086 577 2138 in
606 2086 1048 2151 multitudinem,
1079 2093 1136 2140 et
1157 2088 1301 2141 sicut
1329 2105 1558 2141 arenam
1591 2106 1713 2159 quae
1743 2097 1827 2143 est
1855 2091 1923 2143 ad
1947 2107 2104 2143 oram
2135 2090 2306 2144 maris
2325 2089 2771 2143 innumerabilis.
2792 2089 2861 2141 Et
2884 2089 3122 2140 iterum:
3156 2088 3218 2141 In
3239 2088 3451 2141 semine

146 2178 247 2227 tuo
276 2171 678 2228 benedicentur
705 2192 897 2229 omnes
910 2183 1108 2245 gentes
1122 2183 1285 2231 terra)
1311 2179 1517 2245 (Ibid).
1551 2179 1631 2232 De
1662 2196 1772 2249 quo
1794 2179 2008 2233 semine
2032 2179 2325 2233 manifeste
2365 2196 2467 2233 nos
2498 2179 2693 2232 edocet
2718 2178 3036 2247 Apostolus,
3062 2176 3251 2230 dicens
3274 2196 3285 2229 :
3324 2178 3451 2231 Non

146 2259 288 2315 dicit
310 2269 367 2315 et
385 2264 712 2330 seminibus,
744 2266 904 2335 quasi
932 2266 989 2318 in
1021 2267 1232 2331 multis,
1268 2268 1363 2319 sed
1396 2267 1556 2337 quasi
1578 2268 1636 2321 in
1656 2284 1788 2332 uno,
1825 2273 1882 2321 et
1904 2269 2105 2322 semini
2136 2274 2253 2333 tuo,
2287 2269 2435 2337 quod
2476 2274 2561 2322 est
2590 2267 2845 2321 Christus
2886 2265 3027 2332 (Gal.
3082 2270 3188 2333 ιιι).
3241 2267 3448 2321 Omnes

146 2350 320 2404 etiam
345 2353 525 2406 sancti
563 2355 865 2424 prophetae,
907 2362 1077 2410 tanta;
1104 2356 1302 2409 salutis
1331 2372 1597 2409 arcanum
1631 2358 1911 2411 revelante
1956 2358 2167 2427 Spiritu
2199 2362 2410 2423 sancto,
2444 2356 2830 2427 praevidentes,
2872 2355 3222 2425 scientesque
3268 2356 3447 2410 Deum

144 2441 304 2495 nullo
332 2443 499 2496 modo
523 2460 683 2514 posse
710 2445 1042 2505 mentiri,ad
1072 2446 1351 2498 sanandos
1380 2446 1679 2515 languores
1709 2453 1930 2501 nostros
1959 2447 2245 2500 caelestem
2274 2446 2552 2499 medicum
2595 2444 2933 2498 nuntiabant
2962 2460 3082 2497 esse
3127 2448 3445 2509 venturum,

144 2534 318 2598 atque
348 2538 412 2584 ut
439 2532 607 2586 celeri
635 2533 934 2603 prmsentia
955 2550 1059 2587 sua
1079 2534 1423 2604 prospiceret
1439 2535 1686 2588 humano
1710 2535 1926 2603 generi,
1950 2536 2217 2589 continua
2244 2535 2649 2605 supplicatione
2673 2533 2993 2604 poscebant.
3028 2536 3103 2586 At
3130 2534 3448 2589 misericors

147 2618 318 2684 Deus,
335 2621 432 2689 qui
456 2621 551 2690 pia
581 2628 708 2675 vota
728 2639 949 2694 semper
968 2624 1379 2689 antevenit,nec
1395 2641 1644 2694 unquam
1674 2625 1884 2677 deserit
1898 2642 1992 2677 eos
2019 2625 2113 2694 qui
2128 2642 2186 2678 se
2205 2631 2322 2677 toto
2350 2626 2513 2677 corde
2536 2623 2877 2694 quazsierint,
2902 2623 3299 2692 promissiones
3318 2642 3448 2679 suas

148 2708 465 2763 novissimis
492 2710 689 2765 diebus
719 2712 989 2782 implevit,
1023 2713 1254 2765 mittens
1284 2713 1488 2766 Filium
1518 2730 1684 2767 suum
1706 2719 1900 2767 natum
1923 2732 1989 2766 ex
2011 2715 2264 2779 muliere,
2286 2714 2493 2767 factum
2514 2714 2772 2781 sublege,
2808 2718 2847 2787 ι
2872 2719 2913 2778 ι
2928 2718 2987 2777 3
3005 2712 3101 2782 qui
3119 2730 3219 2783 pro
3241 2713 3449 2767 simili-

142 2797 343 2851 tudine
372 2801 733 2854 mortalitatis
761 2808 964 2855 nostrae
994 2818 1163 2855 carne
1190 2808 1498 2872 pateretur,
1534 2819 1775 2872 eumque
1808 2803 1905 2871 qui
1953 2804 2198 2857 habebat
2226 2804 2425 2857 mortis
2458 2802 2755 2872 imperium
2789 2819 2893 2856 sua
2923 2806 3104 2855 morte
3134 2802 3449 2857 destrueret

145 2888 327 2954 (Hebr.
356 2892 441 2955 ιι).
468 2890 718 2960 Denique
740 2891 1032 2945 divinitate
1064 2908 1165 2945 sua
1180 2909 1413 2946 manens
1437 2892 1813 2962 impassibilis,
1845 2909 1879 2946 a
1898 2894 2254 2964 corruptione
2276 2899 2445 2963 atque
2467 2893 2696 2945 interitu
2719 2908 2819 2945 nos
2841 2892 3097 2957 redemit,
3124 2899 3179 2945 et
3199 2910 3234 2946 a
3251 2893 3450 2948 vincu-

140 2977 210 3030 lis
235 2977 474 3032 absolvit
497 2980 887 3035 insolubilibus
904 2981 1212 3035 inferorum
1239 3001 1251 3047 ;
1282 2983 1638 3052 perfectaque
1667 2982 2087 3052 dispensatione
2110 2989 2316 3036 nostra:
2336 2981 2756 3052 redemptionis,
2783 2981 3043 3035 omnibus
3070 2981 3333 3051 gentibus
3350 3000 3449 3052 per
3514 2979 3526 2990 ⁸

141 3066 430 3122 lavacrum
462 3070 905 3138 regenerationis
933 3076 1289 3140 peccatorum
1310 3071 1717 3139 indulgentiam
1734 3072 1988 3135 contulit,
2016 3078 2356 3141 cunctosque
2378 3072 2447 3124 ad
2470 3087 2660 3123 veram
2678 3070 2847 3123 fidem
2864 3087 2964 3140 per
2984 3071 3295 3124 doctrinam
3319 3089 3448 3142 apo-

140 3157 415 3211 stolicam»
433 3160 794 3223 conﬂuentes,
822 3161 986 3229 juxta
1010 3160 1149 3213 illud
1183 3160 1330 3230 quod
1352 3161 1411 3213 in
1440 3160 1740 3229 Evangel-io
1766 3160 1863 3223 ait,
1889 3162 2099 3214 Euntes
2126 3162 2319 3213 docete
2337 3177 2530 3213 omnes
2558 3165 2774 3228 gentes,
2797 3159 3146 3229 baptizantes
3166 3161 3329 3214 eosin
3351 3178 3448 3214 no-

142 3247 297 3301 mine
326 3246 531 3311 Patris,
556 3254 612 3302 et
632 3249 777 3314 Filii,
799 3255 856 3302 et
878 3249 1120 3319 Spiritus
1142 3250 1319 3303 sancti
1343 3251 1556 3316 (Matth.
1591 3258 1804 3316 XXVIII),
1827 3249 2057 3318 gremiis
2085 3249 2318 3302 infinitae
2351 3248 2575 3319 pietatis
2599 3265 2711 3301 sua:
2737 3247 3026 3317 amplexus
3056 3254 3158 3301 est.

216 3338 400 3406 Igitur
433 3356 559 3393 cum
589 3356 689 3409 per
715 3339 1033 3393 universam
1063 3346 1277 3393 terram
1307 3340 1593 3409 Evangelii
1628 3338 1908 3409 praeconia
1936 3343 2316 3404 coruscarent,
2364 3342 2420 3391 et
2448 3339 2637 3407 plures
2689 3337 2747 3390 in
2792 3337 3153 3407 adoptionem
3200 3339 3447 3392 filiorum

152 3442 251 3495 per
274 3429 518 3497 gratiam
552 3428 761 3483 Christi
791 3436 1205 3495 concurrerent,
1242 3429 1503 3482 inimicus
1532 3428 1763 3481 humani
1794 3428 2018 3497 generis
2052 3428 2410 3480 vehementer
2448 3427 2684 3493 exarsit;
2709 3427 2997 3496 multoque
3028 3427 3307 3480 severiora
3328 3433 3448 3481 ten-

155 3515 433 3571 tationum
465 3518 677 3588 praelia,
704 3535 872 3588 quam
896 3518 1052 3588 prius
1081 3518 1258 3571 servis
1284 3518 1385 3572 Dei
1413 3517 1767 3583 excitaverat,
1800 3516 1955 3569 nisus
1985 3522 2071 3569 est
2103 3532 2482 3581 commovere;
2517 3516 2832 3585 suspicatus
2865 3515 3053 3568 infelix
3084 3516 3231 3585 quod
3260 3523 3448 3586 posset

150 3604 311 3659 nobis
340 3607 449 3660 iter
476 3607 839 3675 indulgentiae
869 3607 1109 3660 caelestis
1138 3606 1449 3660 obstruere.
1479 3607 1587 3660 Sed
1616 3607 1720 3658 hac
1749 3606 1873 3675 ipsa
1901 3605 2214 3658 intentione
2253 3622 2355 3658 sua
2386 3605 2651 3675 deceptus
2680 3610 2767 3658 est
2813 3611 2869 3657 et
2917 3604 3102 3657 elisus.
3153 3604 3447 3674 Adjutorio

153 3711 399 3765 namque
427 3696 602 3750 divini
634 3696 903 3757 muneris,
938 3712 971 3748 a
1001 3695 1261 3749 fidelibus
1290 3702 1344 3749 et
1375 3694 1734 3763 vigilantibus
1760 3694 1959 3747 virium
1994 3695 2115 3762 ejus
2143 3700 2509 3764 proteruntur
2536 3694 2772 3759 insidim,
2805 3698 2869 3747 ut
2914 3693 3017 3763 ipsi
3048 3693 3273 3764 quidem
3314 3711 3446 3747 con-

152 3784 313 3850 fusio,
346 3785 570 3839 famulis
598 3791 787 3839 autem
819 3784 1027 3838 Christi
1064 3785 1328 3854 perennis
1384 3784 1567 3853 gloria
1618 3790 1993 3852 comparetur.
2046 3783 2191 3835 Nam
2231 3784 2393 3852 juxta
2442 3783 2666 3835 Domini
2713 3782 3161 3852 permissionem,
3211 3800 3339 3835 cum
3376 3784 3446 3835 ad

152 3890 386 3928 examen
416 3875 701 3944 patientize
729 3892 793 3928 ac
820 3874 948 3927 ﬁdei
987 3890 1183 3926 eorum
1215 3874 1310 3943 qui
1338 3872 1655 3942 spiritualia
1694 3872 1840 3926 bella
1892 3865 2211 3941 prudenter
2242 3878 2517 3934 exercent,
2572 3872 2776 3941 pagani
2828 3872 3197 3942 imperatores
3243 3871 3446 3924 existe-

151 3970 297 4029 rent,
328 3968 386 4017 et
414 3963 622 4034 ubique
650 3969 846 4017 contra
890 3962 1237 4016 Christianos
1285 3962 1692 4032 persecutionis
1752 3962 1996 4031 procella
2040 3961 2367 4023 deszeviret;
2420 3960 2581 4013 multi
2624 3961 2773 4030 apud
2818 3961 3117 4030 :Egyptum
3170 3966 3447 4031 martyres

151 4051 331 4107 sancti
356 4069 457 4121 per
494 4052 649 4106 varia
685 4052 959 4122 supplicia
995 4068 1172 4121 usque
1194 4051 1266 4104 ad
1303 4056 1544 4104 mortem
1582 4050 1641 4103 in
1666 4049 1873 4103 Christi
1906 4050 2132 4103 nomine
2164 4050 2552 4121 perstiterunt,
2582 4056 2638 4103 et
2668 4050 2835 4103 simul
2866 4066 2993 4104 cum
3028 4050 3194 4103 Petro
3215 4051 3449 4104 Alexan-

151 4141 327 4195 drina:
355 4141 594 4195 civitatis
616 4141 892 4211 episcopo,
918 4147 1218 4210 perpetuas
1246 4156 1480 4194 coronas
1502 4145 1559 4193 et
1586 4139 1929 4193 immortalia
1949 4140 2182 4209 praemia
2213 4144 2346 4193 sunt
2374 4140 2581 4209 adepti.

224 4230 524 4286 Crescebat
551 4237 741 4285 autem
771 4234 828 4284 in
858 4231 978 4284 dies
1009 4230 1258 4283 ﬁdelium
1285 4229 1608 4294 multitudo,
1634 4235 1691 4282 et
1727 4245 1828 4299 per
1856 4230 2045 4283 omnia
2071 4230 2192 4282 loca
2221 4229 2555 4283 mirabiliter
2574 4229 2885 4299 augebatur
2908 4249 2920 4296 ;
2953 4246 3055 4283 nec
3076 4247 3187 4283 non
3208 4230 3449 4283 ecclesiae

153 4336 322 4390 quam
351 4321 608 4390 plurimae
635 4326 692 4374 et
730 4325 1046 4390 martyrum
1091 4319 1376 4373 memoriae
1421 4318 1894 4371 construebantur
1940 4318 2282 4388 impensius;
2342 4319 2687 4371 monasteria
2730 4335 2951 4388 quoque
2992 4319 3450 4389 frequentissima

153 4426 350 4463 eorum
398 4410 494 4479 qui
541 4409 897 4463 continentia:
954 4409 1263 4471 studentes,
1319 4407 1789 4461 renuntiaverunt
1835 4409 2056 4473 smculo,
2098 4408 2418 4461 solitudinis
2466 4409 2642 4478 ipsius
2689 4416 2905 4461 secreta
2971 4408 3327 4461 decorabant.
3377 4409 3447 4462 Hi

153 4514 398 4569 namque
419 4499 517 4569 qui
539 4500 607 4553 de
635 4498 897 4569 gentibus
925 4499 984 4552 in
1015 4497 1237 4551 Christo
1259 4498 1633 4560 crediderant,
1666 4495 2084 4551 considerantes
2112 4503 2425 4568 martyrum
2472 4500 2776 4568 passiones,
2824 4515 3130 4567 eorumque
3167 4498 3449 4551 sincerum

152 4588 302 4642 circa
328 4589 617 4643 Christum
644 4588 1011 4642 confessionis
1041 4588 1322 4652 allectum,
1358 4591 1647 4657 cmperunt
1672 4591 1729 4639 et
1755 4585 1861 4656 ipsi
1890 4603 1990 4654 per
2016 4586 2257 4654 gratiam
2304 4586 2529 4639 Domini
2569 4592 2888 4639 sanctorum
2940 4587 3111 4638 vitam
3153 4603 3447 4639 conversa-

152 4677 477 4747 tionemque
505 4676 728 4741 sectari,
759 4682 815 4731 et
844 4677 1011 4746 hujus
1033 4674 1405 4729 institutionis
1431 4692 1571 4741 esse,
1606 4681 1670 4728 ut
1698 4676 1867 4729 etiam
1898 4675 1986 4728 his
2026 4675 2163 4727 illud
2188 4680 2479 4745 aptaretur
2507 4674 2759 4745 Apostoli
2784 4692 2794 4726 :
2831 4674 3187 4727 Circuierunt
3230 4675 3289 4727 in
3326 4692 3447 4727 me-

157 4766 306 4829 lotis,
327 4767 389 4821 in
413 4767 651 4837 pellibus
672 4766 935 4836 caprinis,
972 4770 1218 4834 egentes,
1252 4763 1577 4833 angustiati,
1621 4764 1833 4825 afflicti,
1868 4763 2067 4835 quibus
2097 4780 2208 4816 non
2235 4769 2358 4816 erat
2392 4763 2595 4832 dignus
2641 4762 2903 4825 mundus,
2958 4764 3014 4816 in
3052 4762 3449 4817 solitudinibus

156 4862 413 4911 errantes
441 4862 499 4909 et
525 4855 828 4919 montibus,
862 4855 919 4908 in
946 4853 1224 4925 speluncis
1255 4859 1311 4906 et
1338 4852 1593 4907 cavernis
1621 4858 1783 4906 terrm
1816 4855 1993 4922 (Hebr.
2026 4855 2121 4921 x1).
2152 4853 2408 4917 Quietem
2447 4853 2686 4924 denique
2734 4853 3051 4906 solitudinis
3099 4859 3447 4925 appetentes,

153 4947 363 5018 gaudia
384 4947 623 5017 propria:
651 4944 849 5000 salutis
878 4960 943 4998 ac
972 4944 1101 4997 fidei
1125 4943 1312 4997 divino
1344 4960 1578 4997 munere
1608 4949 1742 4996 sunt
1770 4943 2069 5006 consecuti,
2103 4942 2431 5011 caeterisque
2462 4958 2588 4994 mox
2636 4942 2891 5011 exempla
2935 4940 3276 4996 sublimioris
3323 4943 3449 4995 vitae

150 5036 585 5103 sacratiorisqne
606 5034 985 5101 prmbuerunt.
1018 5032 1293 5086 Omnibus
1310 5033 1462 5086 enim
1490 5032 1729 5085 terrenis
1768 5033 1917 5086 exuti
1947 5032 2204 5101 negotiis,
2235 5031 2416 5083 adhuc
2436 5036 2722 5084 morantes
2750 5030 2808 5083 in
2838 5048 3088 5101 corpore,
3122 5033 3450 5101 angelorum

148 5125 395 5181 aemulati
425 5133 558 5179 sunt
576 5124 965 5178 sanctitatem:
998 5139 1098 5192 per
1127 5138 1295 5192 quam
1321 5122 1547 5190 fastigia
1575 5122 1907 5176 scandentes
1928 5123 2076 5175 celsa
2094 5121 2386 5183 virtutum,
2411 5120 2561 5173 ultra
2575 5120 3011 5174 admirationem
3032 5121 3282 5175 enituere
3304 5137 3452 5173 mor-

148 5216 370 5279 talium,
404 5216 487 5270 ita
517 5219 581 5268 ut
605 5213 667 5267 in
695 5213 849 5267 nullo
880 5227 1110 5282 prorsus
1140 5210 1545 5280 antiquissimis
1572 5211 1833 5264 Patribus
1858 5211 2149 5264 inferiores
2182 5208 2521 5263 existerent:
2558 5208 2971 5278 zequiparantes
3002 5209 3173 5262 etiam
3222 5209 3447 5263 illorum

152 5307 358 5361 merita
388 5305 486 5376 qui
512 5320 614 5375 pro
643 5304 867 5358 nomine
888 5300 1096 5356 Christi
1121 5302 1256 5354 Jesu
1284 5300 1508 5354 Domini
1533 5301 1711 5354 nostri
1738 5305 2096 5354 certaverunt
2119 5316 2294 5369 usque
2322 5299 2393 5351 ad
2417 5298 2770 5365 sanguinem,
2805 5297 3166 5351 invisibilium
3198 5297 3447 5352 hostium

154 5413 223 5450 Im
246 5396 446 5450 limina
466 5394 839 5458 destruentes,
861 5393 929 5445 de
955 5390 1156 5462 quibus
1175 5390 1257 5443 ait
1278 5390 1606 5459 Apostolus:
1630 5391 1756 5443 Non
1774 5396 1858 5443 est
1874 5389 2032 5444 nobis
2054 5389 2372 5444 colluctatio
2385 5390 2652 5442 adversus
2673 5404 2895 5441 carnem
2911 5393 2967 5441 et
2979 5387 3332 5457 sanguinem,
3352 5388 3449 5441 sed

154 5488 422 5541 adversus
444 5484 797 5555 principatus
816 5487 873 5535 et
893 5485 1219 5552 potestates,
1244 5484 1439 5532 contra
1460 5478 1655 5532 mundi
1682 5486 1928 5534 rectores
1949 5479 2309 5533 tenebrarum
2332 5479 2553 5541 harum,
2590 5486 2783 5531 contra
2814 5476 3086 5546 spiritalia
3108 5476 3370 5547 nequitia:
3391 5477 3448 5531 in

154 5576 471 5629 caelestibus
501 5575 710 5641 (Ephcs.
745 5578 840 5633 Π).
873 5571 1125 5634 Quorum
1156 5568 1525 5622 multiformes
1551 5575 1926 5637 prarcaventes
1956 5569 2229 5628 incursus,
2261 5574 2315 5622 et
2342 5573 2509 5639 caput
2538 5566 2812 5638 serpentis
2832 5565 3048 5634 antiqui
3076 5565 3295 5619 fortiter
3313 5582 3448 5620 con-

158 5672 424 5731 terentes,
456 5662 814 5733 sempiternis
841 5660 1088 5732 prtemiis
1116 5666 1248 5713 sunt
1276 5660 1459 5730 potiti,
1492 5659 1561 5712 de
1587 5659 1787 5728 quibus
1810 5657 2078 5727 scriptum
2109 5665 2218 5711 est:
2243 5658 2403 5721 Quod
2431 5658 2624 5711 oculus
2654 5673 2766 5710 non
2793 5655 2947 5718 vidit,
2984 5672 3085 5708 nec
3106 5654 3258 5709 auris
3289 5655 3449 5709 audi-

158 5756 252 5824 vit,
284 5772 389 5809 nec
417 5754 478 5808 in
495 5769 591 5811 cor
618 5750 863 5806 hominis
890 5749 1145 5804 ascendit
1173 5765 1298 5820 qua!
1325 5746 1660 5819 praeparavit
1688 5747 1840 5803 Deus
1858 5746 2221 5816 diligentibus
2247 5763 2308 5798 se
2343 5748 2467 5816 (13a.
2501 5759 2657 5813 LXIV;
2690 5747 2722 5799 Ι
2748 5745 2868 5800 Cor.
2900 5746 2985 5812 ιι).
