3912 6442
438 453 3718 482 m

1792 593 2369 726 VITA.

509 847 645 899 CAP.
679 857 916 898 PRIMUM.
937 843 1152 896 —Erat
1173 859 1274 912 per
1293 842 1349 896 id
1373 847 1595 911 tempus
1622 839 1771 893 beati
1795 839 2027 898 Antonii
2045 841 2094 898 Α
2113 856 2383 909 responsa
2403 855 2515 892 non
2542 838 2841 892 redderent
2868 857 2878 890 :
2907 839 3246 909 tandemque
3274 838 3572 892 immundo
3606 837 3716 907 spi-

439 933 566 986 Vita
593 933 809 986 cunctis
837 932 906 985 ad
936 931 1274 984 imitandum
1305 929 1569 1000 praeclare
1599 929 1902 999 proposita,
1938 927 2035 997 qui

440 1022 626 1091 magni
663 1023 793 1076 Elim
822 1027 990 1090 atque
1021 1019 1221 1083 Elisaei,
1254 1035 1469 1072 necnon
1499 1024 1556 1070 et
1596 1017 1774 1070 sancti
1804 1015 2035 1070 Joannis

437 1111 701 1181 Baptista:
719 1111 1011 1164 aemulator
1029 1107 1288 1172 existens,
1309 1112 1524 1160 secreta
1553 1105 1840 1160 interioris
1860 1104 2035 1158 eremi

438 1199 628 1252 studio
662 1205 907 1252 sectatus
943 1204 1031 1252 est
1075 1195 1366 1266 singulari,
1399 1195 1685 1266 vitamque
1729 1194 2036 1248 caelestium

439 1288 500 1342 in
524 1289 691 1341 terris
719 1287 895 1357 gessit
922 1302 1112 1339 amore
1131 1285 1372 1338 virtutis.
1409 1284 1514 1338 Cui
1539 1289 1766 1338 sanctus
1793 1283 2040 1336 Athana-

442 1377 578 1443 sius,
604 1371 989 1429 Alexandrinze
1009 1374 1254 1428 civitatis
1282 1373 1536 1438 antistes,
1557 1372 1780 1443 proprio
1800 1373 1944 1443 stle
1961 1378 2040 1424 te-

445 1465 772 1518 stimonium
791 1463 1027 1535 prtebuit
1049 1481 1059 1515 :
1081 1463 1283 1532 dignus
1295 1479 1428 1515 sane
1449 1463 1656 1515 relator
1675 1460 2041 1514 conversatio-

446 1553 534 1606 nis
549 1552 798 1618 Antonii,
817 1552 910 1622 qui
923 1553 1084 1621 juxta
1103 1550 1565 1620 supplicationem
1583 1550 1840 1613 fratrum,
1867 1549 2039 1601 vitam

448 1643 572 1712 ejus
617 1658 717 1712 pro
753 1641 1058 1694 multorum
1105 1639 1502 1693 commoditate
1555 1637 1943 1709 perscriberet,
1986 1643 2044 1689 et

450 1731 827 1785 aemulandum
845 1747 974 1783 eum
989 1729 1119 1782 viris
1147 1727 1492 1799 spiritalibus
1514 1727 1816 1780 exhiberet.
1843 1728 1905 1780 In
1934 1742 2044 1796 quo

2117 929 2230 983 ritu
2259 929 2557 991 revelante,
2582 929 2840 996 cognovit
2867 929 3026 998 pueri
3057 927 3341 981 Pachomii
3362 944 3534 982 causa
3563 927 3718 980 inso-

2119 1020 2220 1073 lita
2248 1019 2565 1090 provenisse
2587 1017 2825 1079 silentia,
2860 1022 3028 1087 atque
3049 1017 3104 1070 in
3133 1018 3248 1071 haec
3267 1016 3436 1070 verba
3454 1003 3720 1086 prorupit

2118 1108 2391 1162 attonitus
2416 1125 2426 1159 :
2459 1107 2604 1170 Quid
2629 1106 2888 1160 inimicus
2909 1107 3143 1160 deorum
3177 1107 3284 1159 huc
3308 1105 3499 1158 venit?
3523 1105 3718 1174 procul

2118 1197 2247 1250 hinc
2293 1213 2422 1250 eum
2475 1196 2668 1267 procul
2704 1196 2913 1265 pellite,
2955 1202 3011 1248 et
3051 1194 3381 1266 quantocius
3434 1199 3716 1247 amovete.

2121 1287 2278 1350 Quod
2301 1302 2426 1339 cum
2449 1291 2708 1356 parentes
2727 1287 2850 1354 ejus
2876 1284 3182 1344 audissent.
3199 1301 3440 1353 eumque
3457 1299 3563 1336 suo
3596 1299 3720 1336 con-

2122 1375 2431 1446 spexissent
2449 1374 2698 1444 separari
2713 1374 3012 1436 consortio,
3033 1389 3270 1426 maerore
3291 1389 3497 1441 magno
3519 1370 3720 1442 repleti

2123 1470 2286 1518 sunt:
2317 1481 2383 1518 eo
2410 1464 2704 1534 praecipue,
2731 1463 2879 1532 quod
2911 1462 3168 1515 inimicus
3197 1462 3431 1515 deorum
3459 1461 3566 1514 tali
3585 1459 3722 1513 fuis-

2122 1560 2205 1607 set
2248 1553 2652 1606 contestatione
2681 1552 3013 1605 declaratus.
3047 1549 3420 1619 Ambigebant
3453 1567 3592 1619 ergo
3625 1565 3723 1619 pa-

2125 1648 2311 1695 rentes
2329 1644 2468 1711 ejus,
2485 1641 2618 1712 quid
2638 1641 2705 1694 de
2726 1658 2792 1694 eo
2813 1641 2989 1703 fieret,
3015 1639 3145 1710 quia
3161 1645 3218 1692 et
3237 1646 3406 1693 antea
3425 1656 3560 1692 cum
3584 1653 3723 1709 pau-

2128 1731 2304 1784 lulum
2326 1732 2679 1799 degustasset
2697 1729 2766 1782 de
2796 1729 2920 1781 vino
2939 1727 3219 1781 libationis
3243 1728 3723 1798 dazmonum,pro-

453 1836 621 1890 opere.
649 1817 824 1871 sancti
857 1834 1076 1887 quoque
1115 1816 1298 1869 Patris
1323 1818 1562 1869 Ammon
1603 1814 1672 1884 (ἱ)
1707 1815 1981 1879 meminit,
2013 1831 2048 1867 a
2129 1821 2282 1873 tinus
2312 1826 2635 1873 evomuerat
2666 1818 2822 1871 illud.
2859 1819 2987 1871 Haec
3016 1817 3204 1888 itaque
3231 1834 3360 1871 cum
3392 1835 3451 1870 se
3476 1817 3730 1870 viderent

453 1927 562 1980 quo
589 1926 689 1979 per
713 1907 810 1962 Dei
830 1907 1070 1977 gratiam
1094 1907 1335 1976 primum
1351 1908 1504 1976 jacta
1529 1911 1661 1959 sunt
1681 1905 2048 1959 fundamenta
2131 1927 2244 1963 non
2274 1926 2435 1979 posse
2466 1909 2801 1971 discernere,
2837 1908 3188 1976 quieverunt.
3224 1905 3518 1961 Instabant
3540 1912 3730 1959 autem

453 1996 886 2052 conversationis
923 2012 1119 2049 eorum
1158 1995 1395 2048 fratrum
1439 1994 1534 2064 qui
1572 2011 1720 2047 nunc
1763 1994 1820 2047 in
1861 1999 2049 2046 monte
2133 2005 2197 2052 ut
2234 1997 2575 2068 1Eg)‘ptiacis
2631 1996 2980 2050 imbueretur
3016 1997 3238 2062 litteris,
3271 2001 3329 2050 et
3365 1995 3732 2064 antiquorum

451 2087 646 2141 Nitriae
686 2090 1122 2149 commorantur,
1156 2100 1372 2137 necnon
1413 2089 1470 2136 et
1506 2082 1883 2147 Theodorum,
1923 2098 2052 2134 san-
2133 2088 2333 2141 studiis
2357 2087 2771 2140 informaretur.

451 2182 604 2229 etum
625 2174 929 2228 admodum
955 2174 1156 2238 virum,
1179 2173 1422 2243 quicum
1447 2188 1578 2224 sene
1597 2170 1825 2241 praefato
1845 2170 2047 2235 fuerat,
2069 2188 2116 2247 B
2208 2177 2339 2229 CAP.
2369 2173 2460 2233 IV.
2515 2204 2583 2216 —
2615 2175 2823 2228 Eodem
2875 2181 3125 2246 tempore
3183 2175 3562 2229 Constantino
3615 2179 3737 2245 post.

453 2265 602 2318 idem
637 2263 794 2317 nobis
841 2262 1088 2333 pontifex
1134 2261 1429 2327 indicavit;
1464 2277 1631 2330 quem
1679 2259 1950 2328 singulari
1991 2276 2054 2312 ac
2137 2265 2579 2336 persecutionem
2598 2264 2655 2318 in
2685 2265 2921 2334 imperio
2951 2265 3290 2335 perdurante
3323 2266 3424 2330 (ὃ),
3455 2272 3516 2317 et
3544 2269 3738 2317 contra

453 2354 696 2426 perfecto
714 2351 999 2423 proposito
1018 2356 1074 2404 et
1089 2350 1195 2404 fide
1221 2366 1331 2403 non
1344 2350 1474 2402 ficta
1486 2350 1600 2402 Deo
1613 2348 1898 2401 subditum
1915 2348 2052 2402 mul-

453 2442 664 2512 tiplicia
689 2441 884 2495 retulit
905 2439 1107 2492 diaboli
1133 2439 1584 2492 machinamenta
1606 2454 1918 2507 superasse.
1948 2436 2056 2505 Igi-

454 2535 550 2583 tur
579 2529 781 2599 ubique
809 2528 995 2581 divina
1026 2528 1211 2596 gratia
1234 2527 1454 2596 copiose
1485 2527 1706 2590 diﬂ'usa,
1741 2525 1875 2578 illud
1905 2525 2053 2594 quod

457 2619 517 2672 in
547 2618 786 2672 Psalmis
816 2617 1087 2686 scriptum
1112 2617 1350 2681 canitur,
1383 2616 1686 2669 declaravit
1718 2616 2001 2685 expletum
2037 2633 2049 2666 :

459 2706 712 2758 Visitasti
747 2712 974 2768 terram,
999 2710 1056 2758 et
1076 2704 1364 2758 inebriasti
1391 2721 1534 2768 eam,
1563 2703 1947 2774 multiplicasti
1979 2703 2056 2756 lo-

461 2795 746 2864 cupletare
768 2811 890 2847 eam
927 2796 1092 2861 (l’sal.
1123 2797 1288 2860 Lxlv).
1319 2794 1460 2846 Nam
1494 2810 1592 2862 pro
1622 2792 1855 2845 tristitia
1880 2798 1937 2845 et
1965 2809 2057 2860 ge-

464 2883 626 2947 mitu,
659 2883 929 2952 gaudium
977 2883 1234 2952 provenit
1283 2887 1341 2934 et
1395 2880 1626 2946 laetitia;
1662 2887 1718 2934 et
1759 2898 1858 2951 pro
1902 2881 2056 2934 solli-

463 2972 710 3026 citudine
741 2975 908 3042 atque
947 2970 1192 3036 miseria,
1227 2969 1462 3024 felicitas
1510 2969 1891 3041 securitasque
1930 2987 2057 3024 suc-

465 3061 650 3116 cessit.

535 3150 678 3204 llinc
708 3150 898 3220 itaque
937 3151 1132 3204 Patres
1163 3150 1582 3215 monachorum,
1621 3149 1726 3204 viri
1755 3148 2059 3215 mirabiles,

465 3240 523 3294 in
554 3239 824 3293 universis
856 3239 1259 3310 propemodum
1291 3239 1612 3308 regionibus
1639 3245 1676 3304 ι
1705 3245 1738 3304 Ι
1757 3244 1816 3303 4
1843 3237 2065 3291 exstite-

2137 2360 2440 2424 tyrannum
2481 2353 2822 2407 Maxentium
2849 2353 2932 2422 (6)
2957 2360 3188 2422 gerente
3218 2353 3497 2424 praelium,
3531 2368 3736 2423 praece-

2139 2450 2233 2513 pta
2276 2442 2484 2510 regalia
2535 2448 2906 2496 cucurrerunt
2953 2441 3046 2510 (7),
3088 2448 3151 2496 ut
3199 2442 3486 2496 lectissimi
3533 2441 3736 2512 quique

2131 2534 2399 2602 juvenum
2417 2531 2739 2584 adtirocinii
2756 2531 3016 2584 militiam
3042 2530 3250 2601 ubique
3275 2537 3612 2590 tenerentur
3628 2529 3699 2594 (8)
3723 2545 3734 2578 :

2137 2621 2283 2673 inter
2311 2638 2448 2690 quos
2465 2627 2521 2674 et
2537 2620 2870 2673 Pachomius
2890 2637 3065 2673 annos
3086 2627 3250 2674 natus
3269 2619 3462 2689 viginti
3475 2619 3735 2672 detentus

2138 2715 2240 2774 est,
2257 2715 2318 2762 ut
2341 2710 2460 2780 ipse
2485 2716 2677 2780 postea
2697 2709 2908 2763 retulit.
2929 2711 3180 2780 Cumque
3213 2709 3338 2762 navi
3368 2709 3574 2772 fuisset
3597 2707 3739 2760 inter

2138 2799 2275 2852 alios
2303 2799 2374 2851 ad
2406 2799 2702 2868 peregrina
2729 2804 3095 2862 transvectus,
3123 2799 3193 2851 ad
3225 2798 3508 2851 civitatem
3534 2812 3738 2868 quam-

2140 2889 2268 2940 dam
2295 2889 2361 2952 (ἐν)
2388 2904 2618 2958 vespera
2646 2894 2880 2956 urgente
2907 2888 3076 2941 delati
3106 2897 3254 2940 sunt.
3281 2888 3439 2940 Cives
3463 2903 3603 2955 ergo
3638 2883 3736 2938 loci

2143 2977 2312 3042 illius,
2332 2976 2582 3029 videntes
2609 2976 2818 3029 tirones
2844 2976 3050 3030 arctius
3071 2976 3336 3030 custodiri
3359 2976 3489 3042 (l0),
3518 2981 3580 3028 et
3607 2971 3736 3044 quid

2144 3067 2254 3120 illis
2289 3065 2583 3119 accidisset
2621 3065 2822 3130 edocti,
2849 3067 3063 3136 pietate
3096 3065 3232 3119 moti
3273 3071 3422 3127 sunt,
3459 3071 3538 3128 et,
3579 3065 3738 3133 juxta

2145 3158 2473 3211 mandatum
2501 3156 2711 3210 Christi
2753 3158 2954 3210 solatia
2975 3157 3032 3210 in
3061 3157 3302 3212 maximo
3329 3176 3575 3215 mmrore
3599 3158 3740 3232 posi—

2145 3247 2237 3312 tis,
2274 3253 2331 3300 et
2367 3245 2682 3299 necessaria
2707 3245 2953 3316 corporis
2981 3247 3311 3301 attulerunt.
3344 3249 3499 3302 Tunc
3529 3250 3741 3303 Pacho-

465 3334 615 3394 runt,
633 3346 872 3399 quorum
903 3328 1132 3382 nomina
1168 3328 1228 3381 in
1257 3327 1398 3382 libro
1422 3328 1724 3382 viventium
1757 3326 2067 3398 probantur
2147 3337 2294 3390 mius
2323 3336 2774 3389 animadvertam
2800 3337 2946 3406 quod
2987 3337 3058 3390 ab
3085 3337 3163 3391 eis
3205 3339 3412 3392 factum
3440 3344 3546 3405 est,
3583 3338 3742 3393 nimis

460 3418 729 3488 aSCl'iPl'd-
752 3417 1076 3471 Ρίιυοίδείῐηί
1105 3433 1240 3470 sane
1261 3421 1393 3470 tunc
1426 3417 1608 3470 adhuc
1637 3433 1738 3486 P9P
1759 3416 2066 3486 Egyptum
2149 3426 2454 3489 admirans,
2481 3425 2550 3478 ab
2573 3425 2658 3478 his
2681 3425 2776 3496 qui
2798 3425 2966 3479 simul
2988 3426 3225 3480 aderant
3250 3426 3486 3497 inquirit
3506 3429 3609 3498 qui
3639 3428 3743 3481 sint

467 3513 523 3560 et
549 3506 892 3560 Thebaidam
919 3505 1177 3560 monachi
1206 3523 1327 3558 esse
1355 3505 1696 3558 ferebantur.
1722 3505 1856 3558 Post
1884 3521 2068 3574 perse-
2087 3503 2130 3562 C
2151 3515 2252 3568 viri
2275 3515 2386 3578 isti,
2419 3514 2498 3568 sic
2538 3531 2669 3584 erga
2703 3514 3142 3567 misericordiam
3175 3520 3344 3585 atque
3366 3517 3742 3572 humilitatem

468 3595 751 3649 cntionem
764 3611 1006 3664 namque
1017 3594 1346 3648 Diocletiani
1359 3593 1618 3650 etMaxim
1629 3593 1742 3646 iani
1755 3593 2066 3647 crudelium

469 3685 806 3756 principum,
851 3683 1150 3737 multitudo
1186 3683 1441 3752 gentium
1498 3681 1729 3736 intravit
1762 3684 1932 3749 (Rom.
1963 3685 2062 3747 x1),

470 3773 615 3827 sicut
643 3771 905 3826 divinitus
933 3771 1368 3842 praeordinatum
1401 3778 1504 3838 est,
1541 3777 1597 3826 et
1623 3771 1933 3826 fecunditas
1966 3772 2066 3824 Ec-

471 3861 649 3915 clesiae
677 3861 890 3914 fructus
933 3861 1308 3931 amplissimos
1336 3861 1504 3931 cmpit
1532 3860 1812 3927 exhibere,
1860 3860 2068 3914 sanctis

473 3949 744 4021 episcopis
769 3950 931 4018 juxta
961 3947 1269 4002 doctrinam
1305 3954 1438 4002 tunc
1467 3949 1831 4019 apostolicam
1860 3949 1970 4002 iter
2002 3951 2069 4001 fi-

474 4038 563 4092 dei
585 4038 805 4091 sincera
835 4053 1056 4106 quoque
1085 4037 1505 4090 conversatione
1535 4037 1996 4091 monstrantibus.

545 4127 676 4180 CAP.
709 4126 781 4180 II.
809 4157 865 4165 —
889 4126 995 4178 Per
1022 4124 1174 4178 idem
1206 4131 1434 4196 tempus
1456 4126 1789 4180 Pachomius
1819 4126 2066 4196 quidam,

475 4214 783 4270 secundum
815 4213 986 4268 ritum
1025 4231 1090 4268 ac
1115 4213 1472 4268 traditionem
1505 4220 1802 4285 parentum
1825 4215 2070 4286 gentilis,

477 4303 628 4374 apud
655 4302 996 4357 Thebaidam
1033 4319 1412 4369 commanens,
1441 4303 1626 4357 divina
1657 4305 1840 4374 gratia
1868 4304 2074 4374 guber-

478 4399 668 4458 nante,
701 4392 1053 4448 Christianus
1077 4392 1303 4446 effectus
1332 4398 1435 4446 est.
1472 4393 1573 4446 Hic
1599 4392 1668 4446 ab
1701 4393 2077 4447 adolescentia

482 4498 583 4536 sua
597 4481 934 4552 praecipuam
965 4481 1304 4552 frugalitatis
1329 4481 1537 4536 dicitur
1564 4482 1869 4553 arripuisse
1899 4483 2076 4537 virtu-

481 4576 616 4624 tem.
652 4571 862 4625 Idcirco
903 4576 1094 4624 autem
1126 4587 1226 4641 pro
1264 4570 1444 4640 gloria
1487 4571 1712 4636 Christi,
1745 4572 1841 4642 qui
1870 4589 1972 4626 nos
2008 4572 2077 4625 de

481 4659 730 4714 tenebris
771 4659 985 4713 vocavit
1013 4660 1082 4713 ad
1115 4659 1316 4726 lucem,
1365 4665 1422 4714 et
1450 4677 1550 4731 pro
1597 4661 1840 4714 utilitate
1883 4677 2078 4714 eorum

484 4748 580 4818 qui
607 4749 717 4801 ista
745 4748 941 4802 lecturi
981 4754 1130 4814 sunt,
1165 4749 1405 4802 strictim
1445 4749 1924 4803 conversationem
1955 4750 2078 4819 ejus

486 4814 608 4906 qua:
647 4837 813 4889 fuerit
843 4854 876 4890 a
903 4837 1152 4906 parvulo,
1201 4837 1400 4901 refero,
1444 4838 1575 4909 quia
1620 4855 1652 4892 a
1699 4844 1859 4893 tanta
1895 4814 2148 4910 perfe-D

488 4923 670 4977 ctione
705 4924 826 4993 ejus
855 4924 1017 4978 initia
1043 4940 1263 4995 quoque
1291 4926 1413 4996 ipsa
1453 4943 1565 4980 non
1594 4927 1936 4999 discrepant.

561 5014 690 5065 CAP.
724 5013 822 5066 III.
875 5044 938 5054 —
978 5012 1078 5066 Hic
1108 5013 1314 5067 etenim
1357 5031 1481 5068 cum
1523 5016 1706 5070 adhuc
1748 5034 1889 5088 puer
1916 5023 2079 5083 esset,

489 5119 615 5156 cum
638 5100 964 5172 parentibus
983 5101 1098 5155 suis
1114 5102 1183 5155 ad
1202 5102 1563 5157 simulacrum
1581 5105 1863 5175 quoddam
1884 5107 2090 5160 daemo-

490 5191 578 5244 nis
609 5207 777 5260 super
802 5190 983 5260 ripam
1013 5190 1126 5244 Nili
1155 5191 1401 5245 ﬂuminis
1430 5194 1783 5260 collocatum,
1814 5200 2085 5266 tanquam

491 5279 748 5346 victimas
769 5279 1058 5334 oblaturus
1081 5280 1323 5334 advenit.
1358 5281 1608 5352 Cumque
1629 5284 1887 5338 sacerdos
1907 5285 2088 5354 impu-

492 5368 748 5422 rissimus
788 5385 948 5423 sacra
994 5369 1266 5439 sacrilega
1295 5370 1459 5424 solito
1488 5371 1768 5425 celebrare
1798 5373 2085 5441 voluisset,

494 5459 793 5528 praesentia
812 5459 1097 5514 Pachomii
1113 5460 1380 5514 daemonis
1397 5477 1625 5531 prorsus
1652 5479 1926 5517 evanuere
1954 5480 2090 5534 prae-

495 5547 680 5616 stigia.
698 5547 840 5601 Tum
857 5549 951 5602 diu
979 5549 1329 5620 multumque
1354 5549 1500 5603 idem
1525 5551 1782 5604 sacerdos
1805 5553 2086 5618 haesitans,

497 5639 556 5692 in
584 5640 812 5694 modum
839 5642 1138 5708 simulacri,
1159 5643 1307 5714 quod
1339 5642 1574 5702 colebat.
1607 5645 1814 5698 mansit
1838 5647 2092 5700 immobi-

498 5727 604 5793 lis;
637 5728 996 5786 vehementer
1043 5731 1329 5786 admirans
1361 5749 1460 5787 cur
1504 5733 1779 5788 solemnia
1813 5734 2094 5790 daemones

2150 3603 2394 3674 prompti
2416 3620 2479 3656 ac
2509 3603 2728 3667 faciles;
2761 3603 3082 3673 audivitque
3104 3604 3453 3658 Christianos
3473 3622 3620 3671 esse,
3654 3603 3742 3676 qui

2149 3693 2295 3746 circa
2317 3710 2531 3756 omnes,
2555 3698 2611 3746 et
2632 3693 2873 3745 maxime
2891 3692 3330 3762 peregrinantes,
3355 3693 3743 3763 impenderent

2151 3799 2328 3853 prona
2358 3781 2710 3835 liberalitatis
2739 3782 2938 3834 officia.
2970 3781 3372 3836 Sciscitabatur
3391 3789 3588 3836 autem
3616 3781 3740 3853 quid

2150 3871 2270 3942 ipsa
2283 3870 2385 3924 sibi
2409 3871 2540 3924 velit
2566 3870 2866 3940 appellatio
2883 3870 3127 3924 nominis
3145 3871 3448 3924 Christiani
3474 3889 3487 3937 ;
3512 3871 3743 3926 dictum-

2153 3977 2259 4030 que
2288 3964 2373 4013 est
2401 3959 2451 4012 ei
2494 3965 2550 4012 et
2588 3959 2843 4012 homines
2890 3976 3011 4013 esse
3041 3959 3180 4030 pios,
3225 3965 3282 4013 et
3326 3977 3469 4014 vera:
3505 3961 3742 4014 cultores

2153 4048 2458 4118 religionis,
2489 4048 2777 4102 credentes
2799 4047 2854 4101 in
2877 4048 3103 4102 nomine
3131 4050 3264 4103 Jesu
3287 4047 3493 4103 Christi
3520 4049 3622 4104 filii
3649 4047 3742 4102 Dei

2154 4135 2446 4206 unigeniti,
2480 4136 2804 4206 cunctisque
2844 4153 2944 4206 pro
2988 4136 3199 4190 viribus
3227 4136 3660 4203 benefacientes,
3692 4141 3744 4189 et

2156 4229 2446 4296 sperantes
2473 4241 2508 4278 a
2533 4225 2648 4278 Deo
2677 4225 3107 4279 retributionem
3127 4225 3401 4280 bonorum
3427 4243 3662 4296 operum
3693 4224 3743 4277 in

2156 4314 2346 4368 futura
2360 4314 2474 4367 vita
2498 4313 2799 4384 percipere.
2820 4315 2944 4368 Haec
2960 4315 3193 4369 audiens
3216 4315 3568 4380 Pachomius,
3589 4313 3744 4369 corde

2157 4409 2525 4474 compunctus
2550 4409 2669 4469 est;
2702 4408 2759 4456 et
2786 4403 3098 4458 illustratus
3127 4404 3314 4458 divino
3342 4404 3575 4470 lumine,
3601 4402 3746 4458 Chri-

2158 4493 2471 4546 stianorum
2501 4492 2737 4546 miratus
2767 4499 2853 4546 est
2880 4493 3046 4546 fidem
3071 4511 3083 4558 ;
3118 4498 3286 4563 atque
3337 4492 3510 4546 divini
3539 4491 3745 4546 timoris

2159 4582 2288 4651 igne
2317 4597 2635 4645 succensus,
2663 4582 2954 4652 paululum
2983 4581 3342 4654 praesentium
3371 4581 3744 4652 conspectibus

2162 4687 2281 4723 sese
2310 4669 2585 4724 subtraxit
2616 4688 2628 4736 ;
2660 4676 2718 4722 et
2752 4670 2822 4724 ad
2853 4671 3054 4724 caelum
3095 4687 3296 4724 manus
3343 4671 3590 4736 elevans,
3628 4669 3702 4723 ait
3730 4684 3741 4718 ς

2165 4759 2530 4830 Omnipotens
2560 4759 2727 4819 Deus,
2760 4757 2856 4829 qui
2900 4759 3076 4812 fecisti
3115 4759 3320 4813 cmlum
3350 4765 3408 4814 et
3450 4766 3678 4820 terram,
3704 4755 3742 4810 si

2166 4848 2468 4919 respiciens
2491 4847 2800 4917 respexeris
2819 4847 2888 4900 ad
2920 4865 3140 4918 precem
3161 4865 3364 4913 meam,
3384 4854 3446 4903 et
3471 4848 3647 4902 sancti
3669 4845 3744 4900 tui

2163 4936 2406 4990 nominis
2435 4935 2572 4990 mihi
2599 4951 2791 4990 veram
2818 4937 3120 4992 contuleris
3150 4938 3568 5008 perfectamque
3596 4951 3746 5005 regu-

2167 5027 2301 5092 lam,
2334 5032 2501 5096 atque
2531 5025 2600 5078 ab
2639 5025 2742 5079 hac
2773 5043 2862 5078 me
2891 5027 3156 5097 compede
3185 5027 3440 5081 maeroris
3463 5025 3743 5082 exemeris.

2167 5114 2392 5169 servitio
2412 5121 2510 5168 tuo
2539 5131 2630 5168 me
2655 5115 2876 5168 tradam
2905 5116 3120 5169 cunctis
3145 5115 3342 5170 diebus
3370 5115 3494 5170 vitae
3523 5132 3674 5177 meae,
3697 5115 3748 5165 et

2169 5209 2355 5275 spreto
2376 5204 2575 5258 saeculo
2599 5203 2810 5274 jugiter
2834 5203 2936 5258 tibi
2964 5204 3278 5260 adhaerebo.
3302 5205 3435 5268 Quae
3454 5221 3584 5258 cum
3611 5219 3748 5256 oras-

2169 5299 2271 5358 set,
2305 5293 2376 5346 ad
2406 5309 2536 5347 suos
2584 5309 2838 5346 reversus
2871 5299 2957 5346 est
2985 5294 3216 5348 comites
3244 5312 3258 5356 ;
3304 5299 3361 5347 et
3388 5293 3478 5347 die
3508 5289 3746 5364 sequenti

2171 5383 2240 5434 de
2268 5381 2490 5434 civitate
2513 5381 2609 5434 illa
2642 5381 2871 5451 profecti
2904 5388 3054 5435 sunt.
3099 5383 3352 5452 Cumque
3397 5382 3617 5436 diversa
3641 5382 3750 5434 loca

2173 5471 2394 5540 navigio
2425 5470 2742 5538 circuirent,
2775 5472 2822 5526 si
2852 5472 3074 5542 quando
3103 5471 3468 5526 Pachomium
3509 5472 3747 5540 voluptas

2173 5559 2420 5630 corporis
2441 5565 2498 5613 et
2518 5561 2803 5614 mundana
2823 5558 3105 5614 titillasset
3125 5559 3404 5624 illecebra,
3417 5559 3586 5614 nimis
3615 5571 3750 5611 aver-

2176 5647 2423 5714 sabatur,
2443 5649 2758 5719 sponsionis
2775 5667 2888 5704 sua:
2913 5665 3147 5716 memor,
3169 5665 3280 5720 qua
3299 5665 3359 5702 se
3382 5648 3616 5702 Domino
3643 5660 3746 5700 ser-

2177 5737 2421 5793 viturum
2460 5755 2582 5794 esse
2605 5738 2919 5794 devoverat.
2952 5739 3096 5793 Nam
3133 5736 3323 5792 divina
3347 5737 3534 5808 gratia
3563 5736 3747 5792 suifra-
