3912 6398
114 355 225 414 233

882 354 1053 411 VITA
1089 356 1349 413 SANCTI
1386 359 1742 416 PACHOMII
1778 359 2084 416 ABBATIS
2119 359 2637 415 TABENNENSIS.

3291 361 3400 418 234

117 487 307 553 gante,
335 482 459 551 jam
488 479 559 535 ab
605 478 768 534 annis
811 479 1122 551 puerilibus
1172 487 1392 537 amator
1428 484 1973 545 exstiteratAcravit
2003 483 2134 555 (14).
2154 483 2525 540 Morabantur
2546 500 2677 553 ergo
2707 483 2895 549 simul,
2929 482 3283 540 abstinentiae
3313 490 3397 540 at-

118 571 413 626 castitatis.

189 663 319 715 CAp.
350 661 417 714 V.
442 692 509 701 —
540 661 721 733 Igitur
749 663 1149 719 Constantinus
1177 664 1486 735 imperator
1510 663 1719 735 pietate

120 768 182 804 ac
211 751 340 817 fide,
376 767 491 822 qua
517 752 742 807 Christo
762 753 1014 817 credidit,
1050 752 1339 807 victoriam
1367 753 1437 807 de
1466 753 1720 807 hostibus

121 845 470 906 consecutus,
526 841 742 896 tirones
785 843 955 914 jussit
992 842 1221 896 absolvi.
1258 843 1347 897 Sic
1388 842 1721 896 Pachomius

123 935 315 1000 optata
341 929 447 983 sibi
462 929 721 986 libertate
738 948 1016 999 concessa,
1045 932 1303 1003 protinus
1323 931 1392 985 ad
1419 931 1720 986 Thebaidis

125 1018 396 1072 ulteriora
406 1020 743 1089 regreditur,
760 1026 816 1075 et
844 1021 1132 1091 ingressus
1152 1021 1465 1087 ecclesiam,
1490 1038 1613 1092 quae
1634 1027 1721 1075 est

124 1107 182 1161 in
209 1107 349 1171 vico,
398 1108 488 1162 cui
543 1125 851 1178 cognomen
910 1115 997 1163 est
1035 1108 1462 1163 Chinoboscium
1496 1109 1624 1183 (ll),
1656 1111 1721 1163 fit

123 1195 273 1250 illico
292 1197 751 1265 catechumenus,
768 1203 825 1252 et
837 1203 964 1269 post
990 1198 1284 1269 paululum
1309 1199 1554 1268 gratiam
1576 1198 1722 1251 lava-

126 1286 208 1340 cri
237 1285 425 1340 vitalis
451 1286 795 1358 adipiscitur.
831 1288 900 1341 Et
927 1286 1051 1358 ipsa
1081 1293 1261 1355 nocte,
1298 1304 1411 1359 qua
1438 1288 1722 1359 mysteriis

126 1375 303 1429 sacris
325 1374 578 1430 imbutus
606 1381 709 1443 est,
727 1375 865 1430 vidit
882 1376 939 1431 in
967 1378 1180 1431 somnis
1204 1378 1376 1431 veluti
1407 1394 1590 1431 rorem
1612 1394 1722 1431 coe-

126 1465 262 1519 litus
290 1465 567 1536 allapsum
595 1482 755 1520 suam
784 1466 1029 1536 replesse
1063 1467 1371 1533 dexteram,
1414 1472 1471 1523 et
1495 1467 1553 1520 in
1582 1467 1723 1520 mel-

124 1554 195 1608 lis
218 1553 334 1621 (l?)
351 1553 591 1609 crevisse
606 1555 1008 1625 pinguedinem
1029 1579 1042 1621 ;
1062 1556 1279 1610 audivit
1298 1573 1521 1627 quoque
1531 1573 1722 1611 vocem

124 1642 406 1697 dicentem
436 1642 542 1697 sibi
573 1661 584 1696 :
619 1644 942 1712 Considera,
975 1644 1259 1712 Pachomi,
1293 1646 1443 1717 quod
1483 1646 1719 1716 geritur.

1801 592 1908 646 que
1930 573 2187 646 precibus
2219 590 2448 645 operam
2475 574 2692 627 dantes.
2724 571 3009 626 Texebant
3037 590 3258 645 quoque
3281 575 3399 629 cili-

1801 664 1905 726 cia,
1939 668 1996 717 et
2024 662 2359 717 laborabant
2384 661 2641 716 manibus
2663 661 2797 725 suis,
2807 662 2969 731 juxta
2996 660 3224 716 beatum
3243 664 3395 734 Apo-

1804 753 2028 818 stolum,
2049 769 2161 806 non
2181 758 2401 806 tantum
2417 768 2516 822 pro
2532 768 2637 804 sua
2654 750 2955 804 refectione
2974 751 3058 804 vel
3080 752 3399 822 requie,sed

1804 848 1868 895 ut
1895 841 2167 895 haberent
2187 842 2335 896 unde
2363 840 2677 895 tribuerent
2707 839 3098 893 necessitatem
3129 841 3396 911 patienti-

1800 929 1903 984 bus
1936 932 2144 999 (Ephcs.
2170 934 2262 1000 ιν).
2295 931 2359 984 In
2379 929 2585 999 vigiliis
2607 929 2778 982 etiam
2797 945 2920 982 cum
2950 934 3255 984 nocturnas
3276 946 3399 984 ora-

1800 1020 1982 1073 tiones
2010 1019 2375 1083 celebrarent,
2399 1019 2445 1072 si
2476 1018 2699 1089 quando
2722 1018 2907 1071 senior
2948 1018 3177 1072 vidisset
3204 1036 3402 1074 somno

1802 1109 2165 1162 Pacliomium
2193 1108 2391 1179 premi,
2418 1108 2660 1161 educens
2691 1124 2818 1161 eum
2836 1106 3000 1173 foras,
3018 1124 3246 1161 arenam
3272 1124 3398 1179 por-

1802 1204 1923 1252 tare
1957 1196 2315 1269 praecipiebat
2343 1197 2411 1250 de
2442 1197 2560 1250 loco
2592 1197 2662 1249 ad
2692 1197 2934 1249 alterum
2960 1196 3144 1250 locum
3171 1215 3183 1263 ;
3217 1203 3274 1250 et
3302 1197 3401 1250 tali

1805 1287 2067 1341 exercitio
2096 1291 2344 1340 mentem
2375 1302 2498 1355 ejus
2517 1290 2807 1355 gravatam
2829 1284 3011 1338 somni
3040 1284 3287 1355 pondere
3308 1302 3400 1345 su-~

1807 1376 2081 1441 blevabat,
2114 1375 2418 1429 instituens
2447 1390 2511 1427 ac
2541 1375 2793 1428 formans
2838 1390 2987 1440 eum,
3039 1378 3102 1426 ut
3131 1374 3403 1429 sollicitus

1808 1473 1955 1521 esset
1981 1467 2040 1521 in
2068 1469 2344 1541 precibus,
2379 1468 2567 1522 dicens
2599 1464 2649 1518 ei
2683 1483 2694 1517 :
2730 1463 2965 1529 Labora,
3015 1463 3301 1530 Pachomi,
3348 1470 3405 1519 et

1805 1558 1991 1627 vigila,
2018 1575 2088 1612 ne
2119 1559 2343 1630 quando
2373 1557 2540 1630 (quod
2579 1554 2740 1616 absit)
2770 1553 2840 1607 ab
2869 1554 2975 1607 hoc
3002 1569 3150 1607 nunc
3182 1552 3403 1626 incepto

1805 1649 2091 1718 proposito
2107 1654 2162 1701 te
2179 1653 2440 1703 amoveat
2454 1647 2500 1700 is
2521 1645 2616 1716 qui
2639 1648 2840 1709 tentat,
2873 1647 2931 1695 et
2941 1642 3127 1696 inanis
3138 1642 3407 1697 fiatlabor

125 1733 225 1787 Est
250 1733 399 1786 enim
441 1738 477 1797 ι
504 1734 735 1798 [5110c
756 1735 978 1804 signum
1003 1734 1222 1805 gratiae,
1240 1751 1361 1805 quae
1390 1734 1539 1788 tibia
1560 1735 1724 1789 Chri-
1806 1743 2015 1790 noster.
2049 1737 2183 1801 Quae
2212 1741 2414 1791 cuncta
2442 1733 2779 1788 Pachomius
2809 1731 3135 1785 obedienter
3163 1748 3228 1785 ac
3257 1732 3406 1786 solli-

124 1827 214 1876 sto
235 1821 439 1876 collata
464 1827 567 1876 est.
592 1822 736 1877 Hinc
754 1822 946 1895 itaque
957 1824 1143 1878 divino
1172 1824 1557 1878 inflammatus
1585 1825 1722 1879 affe-
1743 1805 1784 1862 Β
1805 1826 1913 1879 cite
1942 1826 2272 1896 suscipiens,
2287 1842 2353 1879 ac
2367 1824 2437 1878 de
2456 1824 2546 1877 die
2566 1823 2623 1876 in
2648 1822 2799 1875 diem
2814 1826 3019 1875 sanctae
3041 1820 3400 1876 continentiae

123 1917 240 1977 ctu,
276 1917 334 1965 et
361 1929 427 1965 ex
449 1912 762 1966 dilectionis
785 1913 973 1983 jaculo
998 1912 1210 1967 salubri
1237 1914 1466 1967 vulnere
1503 1914 1722 1967 saucia-
1805 1915 2144 1986 profectibus
2165 1930 2438 1978 crescens,
2471 1910 2848 1966 venerabilem
2869 1926 3061 1963 senem
3082 1908 3250 1963 nimis
3279 1909 3400 1963 ala-

122 2005 434 2066 tus,totum
446 2018 506 2056 se
526 2001 834 2073 disciplinis
862 2002 1493 2073 atqueinstitutionibus
1519 2003 1721 2057 divinis
1803 2022 1955 2059 crem
1983 2005 2299 2075 laetumque-
2315 2002 2601 2069 reddebat,
2630 2002 2711 2055 ita
2738 2005 2803 2054 ut
2823 1999 3045 2054 Christo
3062 2014 3287 2069 semper
3302 2015 3406 2069 pro

120 2089 245 2161 subj
254 2090 465 2160 ugavit.

195 2181 334 2234 CAP.
349 2180 520 2235 VL—
542 2180 968 2235 Audivitautem
986 2182 1284 2251 quemdam
1305 2183 1721 2250 anachoretam,

121 2268 213 2323 cui
245 2286 451 2324 nomen
481 2275 604 2324 erat
635 2269 919 2324 Palaemon
959 2269 1091 2341 (l3),
1124 2270 1275 2325 intra
1305 2272 1479 2325 eremi
1513 2277 1728 2326 secreta

122 2358 364 2413 Domino
388 2359 765 2425 servientem;
815 2360 887 2413 ad
928 2376 1095 2430 quem
1143 2360 1455 2427 confestim,
1504 2378 1633 2415 cum
1663 2379 1727 2416 eo

122 2447 361 2519 cupiens
391 2446 664 2514 habitare,
698 2448 961 2519 perrexit,
993 2454 1051 2503 et
1082 2449 1311 2520 pulsans
1356 2451 1567 2503 ostium
1615 2451 1728 2504 cel-

125 2537 257 2590 lulae
287 2538 428 2607 ejus,
445 2532 782 2607 precabatur
805 2538 1142 2608 ingressum.
1164 2538 1270 2592 Cui
1297 2555 1463 2592 senex
1478 2539 1730 2610 aliquan-

124 2624 317 2679 tulum
343 2626 686 2697 patefaciens
703 2625 937 2694 aditum,
961 2626 1100 2681 dixit
1123 2645 1134 2680 :
1160 2627 1306 2692 Quid
1325 2627 1438 2681 vis?
1452 2632 1552 2681 aut
1562 2643 1729 2698 quem

127 2713 371 2785 quaeris?
427 2716 562 2770 Erat
599 2715 748 2770 enim
793 2732 986 2771 severo
1041 2721 1287 2786 aspectu,
1320 2722 1551 2787 propter
1582 2716 1729 2787 quod

126 2803 311 2858 multo
322 2804 868 2876 temporesolitarius
882 2805 1051 2859 vitam
1072 2805 1265 2876 rigidze
1291 2804 1727 2860 conversationis

127 2898 416 2963 exegerat.
440 2893 805 2964 Respondens
827 2899 1018 2948 autem
1049 2894 1407 2961 Pachomius,
1430 2895 1511 2948 ait
1540 2913 1551 2948 :
1579 2895 1728 2949 Deus

129 2999 220 3036 me
237 2982 398 3036 misit
426 2983 496 3036 ad
517 2988 593 3050 te,
618 2988 684 3037 ut
696 2984 1003 3038 monachus
1029 2985 1183 3039 fiam.
1219 2984 1323 3039 Cui
1345 2984 1532 3038 senior
1565 3002 1576 3038 :
1601 2985 1728 3039 Non

126 3076 289 3142 potes
318 3071 428 3135 hic,
454 3072 656 3143 inquit,
688 3073 994 3127 monachus
1027 3072 1187 3138 fieri;
1232 3090 1344 3128 non
1377 3074 1528 3128 enim
1559 3090 1730 3145 parva

1806 2094 2228 2148 conversatione
2259 2094 2381 2163 ejus
2409 2091 2621 2163 gratias
2651 2094 2863 2160 ageret.

1880 2184 2017 2237 CAP.
2045 2184 2269 2237 VIII.—
2293 2184 2401 2237 Per
2417 2182 2563 2235 idem
2592 2186 2815 2250 tempus
2844 2176 3256 2232 sacratissimus
3283 2175 3403 2232 dies

1808 2272 2095 2326 Paschalis
2123 2272 2444 2336 advenerat,
2478 2277 2536 2325 et
2564 2270 2643 2323 ait
2673 2269 2744 2322 ad
2772 2266 3136 2322 Pachomium
3166 2265 3355 2320 senior
3382 2288 3397 2322 :

1811 2361 2088 2425 Quoniam
2115 2367 2444 2415 cunctorum
2474 2358 2920 2414 Christianorum
2961 2355 3291 2409 universalis
3321 2359 3409 2409 est

1809 2451 1918 2505 ista
1946 2436 2236 2517 festivitas,
2269 2448 2427 2503 nobis
2452 2465 2675 2520 quoque
2718 2463 2853 2518 para
2892 2462 3014 2516 quae
3055 2443 3183 2499 usui
3212 2449 3406 2498 nostro

1812 2545 1946 2593 sunt
1971 2556 2238 2611 congrua.
2270 2539 2425 2593 Tunc
2452 2537 2545 2591 ille
2573 2542 2866 2608 promptus
2909 2534 2979 2588 ad
3011 2533 3408 2603 obtemperan-

1811 2629 1966 2695 dum,
2000 2629 2054 2683 id
2087 2628 2234 2700 quod
2266 2628 2371 2681 sibi
2398 2632 2740 2699 praeceptum
2767 2630 2853 2679 est
2876 2623 3162 2695 implevit;
3203 2627 3410 2693 praeter

1812 2719 2038 2773 solitum
2068 2735 2312 2789 namque
2334 2734 2637 2789 parumper
2666 2714 2943 2785 accipiens
2957 2712 3083 2777 olei,
3118 2728 3245 2766 cum
3275 2711 3411 2765 sali-

1812 2807 1916 2862 bus
1933 2808 2084 2862 tritis
2111 2807 2428 2862 admiscuit.
2447 2808 2731 2876 Lapsanas
2759 2804 2932 2869 enim,
2964 2802 3021 2855 id
3043 2806 3146 2867 est,
3162 2800 3411 2871 agrestia

1811 2897 1965 2951 olera
1995 2897 2125 2965 (15),
2161 2902 2217 2951 et
2244 2896 2445 2950 herbas
2472 2895 2610 2949 alias
2634 2899 2837 2965 praeter
2879 2892 3066 2946 oleum
3104 2905 3410 2944 consueve-

1810 2991 1941 3039 rant
1967 2986 2152 3041 edere.
2187 2987 2326 3040 Cum
2359 3002 2491 3055 ergo
2519 2986 2907 3056 praeparasset,
2946 2979 3027 3033 ait
3065 2979 3136 3033 ad
3165 2994 3358 3031 senem
3391 2995 3403 3030 :

1810 3075 1936 3130 Feci
1967 3076 2113 3145 quod
2144 3081 2245 3128 tua
2285 3074 2597 3145 paternitas
2643 3069 2957 3142 imperavit.
3001 3070 3257 3138 Cumque
3283 3071 3411 3137 post

128 3176 217 3213 res
247 3160 460 3230 agitur,
475 3160 524 3214 si
551 3161 665 3215 veri
695 3161 955 3216 monachi
974 3162 1321 3217 conversatio
1352 3168 1507 3216 casta
1534 3180 1727 3233 pense-
1747 3168 1791 3229 C
1811 3164 2094 3218 orationes
2121 3163 2317 3218 beatus
2346 3164 2626 3217 Palmmon
2655 3158 2979 3215 accessisset
3022 3157 3092 3210 ad
3132 3170 3406 3220 mensam,

127 3255 224 3302 tur
244 3267 258 3315 ;
275 3265 407 3302 nam
419 3249 609 3320 plures
628 3250 736 3304 huc
756 3250 969 3305 dudum
988 3250 1294 3319 venientes,
1326 3250 1511 3305 allecti
1539 3252 1725 3318 taedio,

129 3338 561 3408 perseverantiae
572 3356 684 3394 non
703 3344 936 3395 tenuere
957 3340 1239 3395 virtutem.
1267 3341 1335 3395 Et
1354 3340 1689 3395 Pachomius
1713 3361 1723 3395 :

129 3428 256 3481 Non
286 3433 440 3492 sunt,
474 3428 677 3500 inquit,
709 3429 951 3500 aequales
981 3430 1233 3484 omnium
1272 3447 1478 3487 mores.
1520 3430 1731 3485 Idcirco

130 3532 333 3586 precor
360 3523 426 3571 ut
447 3534 536 3571 me
563 3518 809 3588 digneris
829 3519 1103 3590 excipere,
1136 3524 1192 3573 et
1220 3536 1479 3591 processu
1512 3526 1732 3591 tempo-

132 3605 213 3659 ris
239 3610 358 3659 tam
382 3607 728 3661 voluntatem
756 3624 942 3661 meam
964 3625 1131 3679 quam
1162 3608 1590 3680 possibilitatem
1621 3610 1734 3681 ple-

136 3694 266 3748 nius
297 3695 657 3765 approbabis.
693 3697 762 3750 Et
797 3697 986 3751 senior
1014 3697 1096 3751 ait
1126 3715 1138 3750 :
1170 3699 1199 3752 J
1205 3715 1297 3751 am
1326 3698 1427 3752 tibi
1468 3699 1733 3770 praefatus

136 3799 263 3837 sum
317 3785 463 3855 quod
520 3784 610 3839 hic
650 3786 771 3840 ﬁeri
808 3787 1116 3841 monachus
1150 3788 1303 3841 nullo
1336 3789 1502 3841 modo
1532 3788 1730 3858 possis.

137 3874 318 3943 Perge
340 3874 521 3943 magis
545 3874 616 3928 ad
628 3875 779 3929 aliud
802 3876 1227 3945 monasterium,
1251 3882 1443 3931 etcum
1459 3877 1737 3947 tantisper

135 3962 349 4016 ibidem
376 3964 733 4018 continentia:
762 3981 988 4035 operam
1015 3965 1236 4019 dederis
1263 3971 1399 4019 tunc
1425 3966 1495 4019 ad
1526 3982 1615 4020 me
1645 3982 1735 4019 re-

135 4052 395 4121 gredere,
427 4058 597 4124 teque
632 4054 753 4108 sine
790 4071 950 4109 mora
977 4055 1300 4127 suscipiam.
1332 4056 1735 4109 Verumtamen

138 4141 372 4195 adverte
392 4143 543 4213 quod
562 4143 704 4198 dico.
717 4142 837 4214 Ego
852 4143 961 4210 hic,
982 4144 1082 4211 ﬁli,
1114 4145 1252 4198 satis
1273 4144 1567 4214 frugaliter
1591 4144 1731 4202 vivo.

140 4231 286 4283 Nam
301 4231 474 4285 nimis
488 4232 667 4287 ardua
689 4238 744 4286 et
764 4233 1066 4287 durissima
1075 4234 1497 4288 conversatione
1517 4251 1606 4288 me
1621 4251 1738 4289 cas-

136 4321 280 4391 tigo,
311 4320 522 4376 nullius
550 4321 631 4375 rei
659 4321 911 4377 ciborum
936 4328 1119 4390 utens,
1137 4324 1243 4378 nisi
1263 4329 1483 4378 tantum
1498 4324 1661 4396 panis
1681 4331 1738 4379 et

136 4410 296 4464 salis.
320 4410 457 4465 Oleo
477 4415 667 4465 autem
693 4417 752 4466 et
767 4412 897 4467 vino
925 4412 984 4467 in
1008 4418 1188 4468 totum
1210 4430 1438 4484 prorsus
1459 4414 1732 4469 abstineo.

1811 3253 2149 3323 vidissetque
2170 3253 2276 3306 olei
2297 3256 2632 3323 apparatum
2654 3264 2781 3303 cum
2802 3247 3030 3313 salibus,
3064 3245 3270 3298 fricans
3286 3258 3408 3297 ma-

1813 3342 1978 3397 nibus
2006 3343 2266 3408 frontem,
2302 3348 2359 3396 et
2387 3341 2627 3395 ubertim
2676 3338 2916 3393 fundens
2952 3336 3249 3406 lacrymas,
3285 3331 3409 3388 ait:

1813 3432 2088 3486 Dominus
2120 3449 2278 3486 meus
2304 3431 2600 3486 crucifixus
2628 3436 2733 3495 est,
2749 3433 2806 3482 et
2833 3444 2936 3497 ego
2953 3442 3103 3479 nunc
3122 3423 3307 3477 oleum
3325 3436 3417 3474 co-

1816 3522 2038 3575 medam
2058 3522 2083 3574 ’I
2113 3522 2365 3592 Cumque
2391 3525 2615 3590 rogaret
2643 3536 2772 3573 cum
2794 3515 3127 3572 Pachomius
3150 3518 3214 3567 ut
3231 3509 3415 3565 modi-

1816 3626 1943 3664 cum
1975 3610 2108 3681 quid
2131 3627 2195 3663 ex
2220 3627 2285 3663 eo
2315 3614 2581 3673 sumeret,
2600 3609 2920 3662 nullatenus
2945 3601 3238 3673 acquievit.
3254 3601 3414 3654 Tunc

1816 3715 1918 3769 pro
1949 3715 2105 3752 more
2134 3698 2249 3752 sale
2286 3705 2342 3752 et
2367 3714 2511 3769 pane
2541 3698 2710 3751 allato
2740 3696 2811 3750 ad
2832 3691 3287 3748 manducandum
3315 3703 3411 3757 pa-

1816 3788 1955 3842 riter
1982 3788 2375 3842 consederunt.
2408 3788 2541 3851 Quae
2571 3803 2739 3839 senex
2769 3784 2948 3838 crucis
2979 3780 3189 3837 Christi
3221 3776 3403 3846 signo,

1818 3877 1963 3931 sicut
1978 3882 2360 3942 consueverat,
2384 3875 2739 3939 benedicens,
2764 3873 2946 3927 cibum
2966 3876 3203 3940 uterque
3225 3882 3413 3935 sump-

1818 3972 2030 4033 serunt,
2088 3966 2323 4021 Domino
2375 3965 2587 4037 gratias
2630 3967 2843 4035 (utpar
2876 3962 3073 4029 fuerat)
3124 3955 3415 4013 humiliter

1818 4054 2160 4110 exhibentes.

1890 4144 2020 4198 CAP.
2054 4146 2153 4204 IX.
2192 4176 2257 4186 —
2287 4146 2414 4201 Una
2437 4163 2567 4200 vero
2590 4144 2830 4210 dierum,
2856 4158 2985 4197 cum
3015 4137 3309 4209 vigilantes
3338 4131 3415 4186 si-

1817 4234 1933 4287 mul
1952 4234 2231 4289 Palaemon
2253 4242 2311 4290 et
2329 4235 2664 4290 Pachomius
2679 4234 3049 4289 accenderent
3067 4231 3276 4301 ignem,
3297 4225 3417 4297 qui-

1817 4322 1948 4376 dam
1977 4323 2152 4379 frater
2176 4326 2593 4397 superveniens,
2627 4325 2777 4397 apud
2817 4342 2911 4380 eos
2959 4337 3188 4377 manere
3216 4319 3410 4373 voluit.

1818 4412 1927 4477 Qui
1955 4430 2084 4467 cum
2113 4421 2407 4486 susceptus
2436 4422 2600 4482 esset,
2632 4415 2781 4469 inter
2798 4412 2967 4467 verba
2998 4416 3080 4475 (ut
3103 4410 3225 4465 fieri
3256 4410 3415 4478 solet)

139 4499 328 4570 Vigilo
345 4499 639 4555 dimidium
657 4502 857 4568 noctis,
881 4502 1029 4573 quod
1058 4502 1303 4574 spatium
1333 4504 1419 4557 vel
1440 4502 1498 4557 in
1529 4493 2025 4574 oratio-Derupit,
2060 4509 2117 4557 et
2148 4505 2291 4558 dixit
2314 4525 2324 4558 :
2356 4505 2414 4559 Si
2434 4505 2558 4576 quis
2591 4505 2771 4559 fidelis
2795 4510 2883 4559 est
2906 4520 2975 4557 ex
3005 4502 3177 4568 vobis,
3202 4506 3313 4555 stet
3325 4515 3416 4553 su-

140 4605 213 4642 ne
243 4589 502 4655 solemni,
534 4590 619 4643 vel
649 4589 710 4645 in
742 4590 1109 4646 meditatione
1141 4592 1341 4647 divinae
1370 4594 1625 4647 lectionis
1650 4593 1739 4647 in-

139 4694 334 4745 sumo;
366 4678 652 4733 interdum
686 4696 907 4752 quoque
928 4686 1104 4735 totam
1132 4687 1354 4736 noctem
1383 4683 1524 4738 duco
1554 4684 1741 4754 pervi-

140 4768 336 4837 gilem.
363 4767 494 4821 Haec
521 4773 710 4823 autem
742 4770 978 4824 audiens
1017 4770 1369 4838 Pachomius,
1405 4773 1642 4844 expavit,
1678 4779 1742 4828 ut

142 4857 331 4911 solent
356 4857 517 4928 pueri
543 4859 944 4930 magistrorum
987 4860 1167 4914 vereri
1197 4862 1554 4931 praesentiam
1581 4880 1595 4929 ;
1640 4862 1737 4917 sed

139 4945 330 5015 gratia
354 4944 577 5000 Domini
607 4946 923 5015 roboratus,
955 4965 1177 5003 omnem
1208 4950 1357 5004 hunc
1386 4950 1632 5005 laborem
1661 4956 1742 5005 to-

142 5036 327 5089 lerare
355 5036 667 5107 proposuit,
707 5037 939 5109 senique
969 5039 1259 5109 respondit
1288 5057 1300 5092 :
1336 5039 1516 5094 Credo
1544 5040 1603 5093 in
1629 5041 1742 5094 Do-

142 5125 300 5178 mino
346 5125 480 5178 Jesu
522 5125 764 5194 Christo,
796 5126 892 5197 qui
922 5127 1061 5180 mihi
1105 5127 1491 5182 fortitudinem
1529 5129 1744 5199 patien-

144 5213 397 5283 tiamque
425 5213 731 5284 praestabit,
774 5221 840 5270 ut
866 5215 1070 5286 dignus
1099 5216 1314 5271 efficiar
1361 5217 1475 5272 tuis
1517 5218 1745 5289 adjutus

144 5302 425 5373 precibus,
460 5302 519 5356 in
548 5307 746 5357 sancta
796 5306 1217 5360 conversatione
1257 5324 1359 5378 per
1399 5308 1592 5361 omnia
1622 5308 1743 5364 vita?

146 5408 283 5446 mea:
313 5390 597 5446 curricula
622 5408 972 5463 permanere.

213 5481 349 5535 CAP.
372 5480 497 5535 VII.
525 5512 589 5522 —
618 5482 776 5536 Tunc
799 5488 1025 5538 sanctus
1054 5483 1335 5537 Palaemon
1362 5484 1746 5555 spiritualibus

149 5571 320 5624 oculis
355 5570 587 5625 intuens
640 5571 929 5627 Pachomii
974 5572 1164 5638 ﬁdem,
1210 5573 1439 5626 tandem
1488 5575 1750 5644 patefecit

149 5660 390 5727 aditum;
416 5675 662 5732 eumque
688 5660 1024 5733 suscipiens,
1056 5660 1256 5718 habitu
1276 5662 1537 5718 monachi
1560 5680 1749 5720 conse-

391 5760 665 5825 Puaon.
709 5761 987 5825 LXXIII.

1821 4608 1923 4662 per
1963 4592 2065 4647 hos
2108 4594 2380 4648 carbones
2414 4595 2581 4665 ignis,
2616 4600 2669 4648 et
2702 4594 3015 4647 orationem
3064 4590 3417 4645 Dominicam

1824 4681 2031 4734 sensim
2062 4682 2321 4753 lenteque
2343 4682 2687 4753 pronuntiet.
2706 4684 2881 4746 Quem
2912 4680 3110 4735 beatus
3132 4681 3417 4734 Palaemon

1821 4770 2443 4842 intelligenssnperbiw
2467 4776 2688 4826 tumore
2716 4772 3033 4842 deceptum,
3071 4770 3419 4825 commonuit

1819 4859 2051 4914 dicens:
2098 4856 2321 4927 Desine,
2370 4861 2562 4927 frater,
2607 4860 2678 4915 ab
2715 4862 2818 4915 hac
2861 4861 3099 4926 insania,
3150 4878 3253 4915 nec
3305 4861 3418 4914 tale

1825 4949 1956 5020 quid
1986 4949 2223 5004 ulterius
2247 4950 2512 5021 loquaris.
2529 4951 2635 5015 Qui
2661 4952 3011 5024 correptione
3029 4952 3177 5006 senis
3208 4968 3320 5005 non
3336 4968 3421 5005 so-

1824 5039 1939 5093 lum
1960 5055 2070 5093 non
2102 5040 2408 5110 profecitin
2440 5042 2659 5109 melius,
2684 5042 2779 5096 sed
2809 5044 2935 5113 plus
2955 5042 3196 5096 elatione
3218 5040 3422 5111 mentis

1825 5128 2074 5194 inﬂatus,
2099 5146 2270 5199 super
2306 5130 2493 5199 ignem
2540 5137 2692 5185 stare
2740 5132 2908 5202 coepit
2948 5132 3233 5195 audacter,
3269 5128 3422 5181 nullo

1826 5218 1931 5271 sibi
1960 5218 2182 5289 penitus
2210 5219 2551 5290 imperante;
2578 5225 2809 5291 eratque
2831 5220 3167 5291 (.‘Ol'lSlliCCl‘C,
3184 5233 3419 5288 quomo-

1826 5307 1897 5361 do
1926 5314 2261 5378 cooperante
2290 5308 2515 5363 inimico
2546 5310 2778 5363 humani
2807 5309 3050 5379 generis,
3095 5315 3152 5363 et
3180 5308 3417 5362 Domino

1826 5398 2567 5469 permittente,nequaquam
2580 5406 2839 5470 perustus
2850 5398 3018 5453 fuerit
3030 5398 3174 5467 ignis
3189 5403 3421 5451 attactu.

1830 5486 1945 5540 Hoc
1965 5486 2151 5557 ipsum
2181 5496 2213 5553 ι
2243 5494 2360 5553 l6
2383 5507 2511 5543 vero
2538 5490 2683 5560 quod
2712 5491 2888 5559 gessit
2910 5490 3155 5560 impune,
3177 5490 3246 5543 ad
3280 5506 3417 5558 aug—

1829 5582 2080 5629 mentum
2108 5577 2341 5648 profecit
2355 5580 2476 5649 ejus
2505 5579 2753 5644 insanize,
2777 5581 3083 5634 secundum
3116 5581 3263 5652 quod
3296 5582 3427 5634 scri-

1828 5671 1988 5737 ptum
2017 5672 2108 5721 est
2135 5685 2148 5720 :
2180 5668 2265 5722 Ad
2305 5685 2504 5739 pravos
2532 5685 2731 5741 pravas
2778 5669 2894 5724 vias
2942 5669 3120 5725 mittit
3150 5671 3424 5726 Dominus

3146 5772 3186 5832 8
