3912 6404
539 362 648 422 135

1561 358 1654 414 DE
1691 359 1878 415 VITIS
1915 360 2211 415 PATRUM
2245 363 2461 418 LIBER
2496 364 2785 420 PRIMUS.

547 489 722 560 (Prov.
748 499 942 552 xxvm;
972 486 1136 539 Ecclt'.
1170 487 1254 551 ιι).
1286 484 1403 537 Hoc
1431 484 1622 554 itaque
1663 502 1790 539 cum
1818 486 2017 540 fuisset
2045 487 2417 546 fa—Atientixe
2445 506 2696 553 munere,
2726 496 2782 543 et
2803 505 2935 558 erga
2955 490 3134 545 Deum
3163 493 3600 565 proximumque
3625 497 3810 568 puris-

540 586 712 646 ctum,
748 582 972 648 postera
999 573 1248 627 dieidem
1265 573 1437 627 frater
1450 581 1670 628 mature
1684 575 2129 645 proﬁciscens,ac

539 671 690 724 velut
736 664 1054 736 exprobans
1084 663 1183 727 eis,
1209 663 1398 716 aiebat
1432 680 1443 716 :
1478 663 1580 716 Ubi
1608 670 1692 716 est
1731 665 1868 716 ﬁdes
1907 667 2128 718 vestra?

539 759 671 814 Post
708 772 820 810 non
863 754 1104 807 multum
1135 769 1262 806 vero
1294 752 1563 822 temporis
1591 769 1823 805 cernens
1848 753 2122 818 diabolus,

533 863 662 902 eum
691 844 798 899 sibi
825 861 926 914 per
949 843 1140 896 omnia
1166 841 1565 911 mancipatum,
1611 847 1667 894 et
1716 842 1874 894 facile
1903 841 1972 894 ad
2003 860 2127 912 qua:

530 935 696 990 vellet
713 933 963 987 facinora
977 949 1105 985 eum
1133 947 1294 1001 posse
1319 931 1668 1000 compellere,
1701 932 2125 999 transﬁguravit

529 1041 587 1079 se
608 1024 666 1078 in
696 1021 992 1077 mulierem
1019 1020 1329 1091 pulchram,
1354 1019 1659 1089 splendidis
1688 1019 1932 1072 vestibus
1963 1021 2124 1074 ador-

525 1119 740 1179 natam,
783 1117 840 1165 et
869 1110 1037 1180 coepit
1086 1109 1292 1162 ostium
1322 1109 1472 1161 cellae
1501 1109 1623 1178 ejus
1649 1109 2008 1162 vehementer
2035 1127 2123 1163 ex-

521 1203 780 1258 tundere.
807 1199 1058 1263 Quicum
1081 1197 1410 1268 aperuisset,
1436 1198 1516 1250 ait
1529 1196 1578 1250 ei
1606 1196 1861 1250 diabolus
1881 1198 1938 1251 in
1968 1198 2122 1252 habi-

521 1298 647 1346 tum
678 1288 931 1344 mulieris
963 1287 1294 1340 immutatus
1323 1305 1334 1339 ε
1370 1286 1612 1340 Obsecro
1628 1292 1703 1352 te,
1738 1287 1870 1356 quia
1900 1287 2066 1341 nimis
2087 1305 2120 1342 a

521 1376 892 1433 creditoribus
920 1392 1144 1444 urgeor,
1159 1381 1216 1428 et
1235 1381 1422 1428 metuo
1453 1391 1522 1428 ne
1544 1391 1633 1428 me
1663 1375 1853 1444 aliqua
1872 1377 2120 1446 pericula

531 1467 1032 1539 comprehendant,
1052 1463 1288 1534 recipias
1309 1479 1397 1516 me
1418 1463 1475 1516 in
1495 1469 1651 1517 tuam
1680 1465 1960 1528 cellulam,
1985 1483 2120 1535 quo-

529 1555 680 1612 niam
713 1554 961 1609 debitum
991 1554 1202 1607 solvere
1227 1569 1462 1623 nequeo,
1487 1559 1763 1623 quatenus
1780 1571 1878 1624 per
1895 1561 1949 1608 te
1969 1556 2120 1608 salva

528 1645 694 1712 facta,
728 1644 940 1714 gratias
966 1643 1234 1708 referam;
1267 1641 1416 1695 Deus
1445 1642 1592 1695 enim
1617 1659 1706 1696 me
1735 1643 1940 1697 direxit
1958 1645 2027 1698 ad
2040 1655 2115 1699 te.

2209 578 2351 630 sima
2378 579 2675 632 dilectione
2708 597 2822 649 pra)
2842 580 3033 632 multis
3055 581 3338 636 nitebatur
3360 585 3655 640 excellere.
3675 587 3808 642 Haec

2209 675 2396 720 autem
2427 669 2647 738 aliaque
2677 670 2797 738 ejus
2826 669 3067 738 plurima
3084 671 3382 727 didicimus
3407 690 3442 726 a
3470 675 3682 728 sanctis
3710 676 3808 730 ho-

2209 757 2454 810 minibus
2483 757 2713 828 Dei,qui
2736 758 2900 810 simul
2935 775 3060 812 cum
3090 777 3156 813 eo
3189 761 3365 816 multo
3393 767 3652 836 tempore
3671 771 3810 820 sunt

2208 845 2440 911 morati;
2471 846 2673 914 quibus
2702 847 2870 900 etiam
2900 847 3025 901 vita:
3057 847 3365 917 spirituaiis
3395 853 3652 922 exempla
3667 869 3808 908 con-

2203 936 2431 998 tulerat,
2463 941 2589 1005 post
2615 935 2913 989 lectionem
2942 936 3141 991 divina;
3164 938 3302 1007 legis
3332 956 3401 994 ea
3418 956 3542 1010 qua
3572 941 3646 996 ad
3673 941 3808 997 aedi-

2206 1024 2520 1077 ﬁcationem
2541 1024 2859 1078 animarum
2889 1025 3172 1094 pertinent
3183 1027 3803 1100 diiigenterexponens.

2204 1113 2337 1176 Quae
2385 1113 2518 1182 quia
2562 1113 2740 1167 multa
2770 1119 2920 1177 sunt,
2963 1120 3020 1168 et
3065 1115 3210 1169 vires
3252 1122 3459 1172 nostras
3505 1118 3804 1188 parvitatis

2203 1202 2494 1265 excedunt,
2532 1218 2643 1254 non
2683 1202 2873 1256 omnia
2893 1203 3153 1274 praesenti
3176 1205 3321 1276 stylo
3341 1207 3798 1277 perscripsimus.

2201 1291 2325 1344 Non
2356 1290 2504 1344 enim
2538 1307 2730 1344 sumus
2760 1291 2964 1357 idonei,
3005 1293 3146 1346 tanti
3187 1293 3290 1348 viri
3328 1295 3533 1350 merita
3573 1295 3802 1367 eloquio

2200 1379 2321 1449 pari
2344 1379 2692 1449 depromere.

2274 1470 2404 1522 CxP.
2438 1466 2542 1523 ΧΙ.
2575 1497 2640 1508 -—
2672 1468 2851 1536 Igitur
2879 1486 3014 1535 erga
3037 1469 3218 1526 locum
3248 1472 3476 1536 montis,
3500 1471 3596 1530 ubi
3616 1475 3801 1532 sancti

2201 1557 2586 1622 morabantur,
2635 1558 2803 1627 plena
2854 1557 3031 1628 spinis
3072 1576 3294 1614 eremus
3343 1561 3674 1630 adjacebat;
3729 1563 3801 1620 ad

2202 1663 2370 1716 quam
2400 1663 2545 1716 szvpe
2574 1647 2907 1700 Pachomius
2933 1648 3159 1703 veniens
3184 1649 3339 1718 ligna
3376 1650 3588 1720 legere,
3627 1669 3804 1724 super

528 1740 635 1805 Qui
657 1756 690 1794 a
711 1738 961 1793 caecitate
987 1737 1190 1790 mentis
1201 1736 1424 1806 penitus
1448 1737 1796 1801 obscuratus,
1813 1755 1915 1792 nec
1928 1740 2117 1793 valens
2135 1727 2388 1805 Bspinas
2415 1736 2580 1788 nudis
2611 1735 2846 1806 pedibus
2876 1736 3200 1801 incedebat;
3251 1744 3308 1792 et
3336 1755 3466 1792 cum
3496 1739 3801 1810 inﬁgere!»

525 1829 844 1884 discernere
865 1826 987 1898 quis
1014 1831 1179 1891 esset,
1217 1825 1311 1895 qui
1334 1825 1439 1878 sibi
1471 1826 1609 1878 talia
1631 1826 1975 1896 loqueretur,
2002 1829 2120 1882 dia—
2199 1830 2294 1877 tur
2321 1824 2372 1878 ei
2401 1825 2677 1894 plurimae,
2705 1825 3016 1890 leuabatur,
3050 1827 3331 1898 patienter
3358 1845 3426 1884 ac
3472 1829 3698 1884 fortiter
3727 1831 3802 1885 fe-

524 1917 713 1972 bolum
743 1917 916 1970 miser
943 1915 1001 1969 in
1028 1931 1194 1968 suum
1235 1915 1448 1984 recepit
1475 1914 1722 1968 exitium.
1756 1917 1910 1969 Tunc
1940 1917 2117 1972 hostis
2199 1929 2347 1977 rens,
2381 1914 2629 1967 recolens
2661 1915 2808 1984 quod
2835 1915 3105 1970 Dominus
3135 1923 3325 1971 noster
3355 1917 3414 1973 in
3436 1935 3602 1973 cruce
3630 1920 3802 1976 claﬁs

523 2013 729 2062 nostras
759 2004 1104 2069 substantiae,
1136 2003 1330 2056 videns
1346 2020 1473 2057 eum
1505 2004 1574 2056 ad
1605 2020 1770 2057 omne
1799 2007 1980 2059 scelus
1995 2023 2118 2060 esse
2198 2001 3394 2074 fueritdignanterafﬁxus.Diligebatautem
3407 2008 3802 2064 anachoresim

521 2096 884 2168 praecipitem,
910 2093 1147 2147 immisit
1161 2093 1444 2163 eiturpem
1459 2093 1990 2164 concupiscentiam.
2009 2098 2113 2160 Qui
2199 2091 2525 2161 plurimum,
2559 2092 2882 2162 frequenter
2903 2099 3167 2163 expetens
3193 2095 3574 2152 solitudinem.
3603 2097 3801 2154 Etillic

520 2201 649 2240 mox
679 2183 845 2239 cessit
862 2181 1075 2238 inimici
1096 2181 1645 2251 suggestionibus,et
1670 2185 1792 2252 ejus
1816 2185 1974 2254 quasi
1989 2202 2114 2238 mu-
2197 2179 2291 2233 diu
2321 2180 2379 2233 in
2405 2181 2659 2235 oratione
2693 2182 3019 2253 persistens,
3055 2183 3294 2238 Domino
3332 2185 3710 2256 supplicabat,
3741 2193 3806 2242 ut

519 2273 722 2329 liebres
743 2273 940 2344 petivit
969 2272 1277 2342 amplexus.
1310 2271 1486 2334 Quem
1519 2271 1752 2341 spiritus
1791 2273 2115 2328 immundus
2197 2285 2231 2322 a
2260 2269 2432 2322 tantis
2465 2287 2524 2323 se
2549 2270 2840 2325 fraudibus
2861 2272 3167 2326 clementer
3194 2273 3456 2344 eriperet.

517 2362 803 2428 invadens,
850 2360 999 2415 elisit
1025 2359 1313 2424 atrociter;
1347 2366 1405 2412 et
1435 2361 1718 2414 revolutus
1751 2378 1920 2432 super
1967 2364 2116 2434 pavi-
2269 2359 2398 2411 CAP.
2439 2357 2562 2412 ΧΙΙ.
2603 2389 2671 2398 -
2696 2359 2950 2423 Quodam
2980 2378 3108 2415 vero
3149 2369 3402 2432 tempore
3447 2362 3689 2432 contigit
3742 2369 3804 2418 ut

517 2450 977 2514 mentum,veluti
999 2455 1254 2504 mortuus
1284 2449 1379 2503 diu
1411 2450 1761 2521 multumque
1782 2455 2109 2521 permansit,
2197 2446 2533 2500 Pachomius
2561 2449 2752 2518 procul
2776 2466 2809 2502 a
2835 2450 2975 2503 cella
3000 2467 3105 2504 sua
3129 2468 3478 2521 progressus,
3499 2451 3722 2507 veniret
3734 2453 3802 2506 ad

519 2541 656 2596 Post
683 2541 1001 2610 aliquantos
1023 2543 1214 2592 autem
1249 2539 1368 2591 dies
1398 2539 1623 2593 tandem
1655 2541 1711 2594 in
1743 2557 1802 2593 se
1833 2558 2106 2608 reversus,
2196 2537 2495 2606 quemdam
2543 2537 2742 2600 Vicum.
2786 2537 2874 2592 cui
2903 2554 3108 2594 nomen
3151 2546 3237 2594 est
3262 2540 3632 2598 Tabennense
3668 2540 3796 2610 (ιη,

520 2635 578 2684 et
623 2627 919 2683 dementiae
965 2627 1204 2698 propriae
1251 2644 1376 2680 sero
1423 2629 1718 2698 paenitenS,
1753 2630 1823 2682 ad
1855 2637 2111 2685 sanctum
2196 2625 2252 2678 in
2285 2641 2396 2695 quo
2423 2631 2558 2679 tunc
2587 2626 2774 2680 nullus
2805 2628 3028 2703 penitus
3053 2627 3336 2684 habitator
3365 2630 3663 2686 existebat.
3693 2631 3798 2686 Ubi

519 2717 896 2774 Palaemonem
924 2715 1108 2782 venit;
1142 2721 1199 2769 et
1227 2733 1354 2769 cum
1377 2733 1582 2786 magno
1603 2719 1737 2771 ﬂetu
1757 2718 1889 2786 quid
1907 2719 2009 2772 sibi
2025 2737 2113 2774 ac-
2193 2730 2318 2767 cum
2343 2730 2442 2783 pro
2464 2731 2618 2768 more
2643 2715 2856 2770 diutius
2881 2716 2938 2770 in
2959 2716 3304 2774 orationibus
3324 2718 3680 2788 perduraret,
3700 2737 3801 2774 vox

521 2806 750 2862 cidisset
797 2805 1069 2876 exposuit,
1114 2803 1421 2859 vociferans
1471 2810 1528 2859 et
1565 2807 1754 2860 dicens
1786 2825 1796 2860 :
1833 2809 2107 2876 Agnosco,
2195 2802 2265 2855 8d
2297 2819 2425 2856 eum
2456 2803 2673 2857 C(PIitllS
2703 2804 2889 2858 delata
2915 2811 3018 2870 est.
3051 2805 3242 2860 dicens
3275 2825 3286 2860 ε
3325 2809 3482 2862 M8110
3505 2808 3618 2872 hic.
3649 2809 3802 2864 0P8-

524 2897 713 2957 Pater,
747 2911 1009 2965 agnosco,
1052 2893 1198 2964 quod
1237 2910 1340 2963 ego
1381 2911 1548 2947 causa
1589 2896 1918 2966 perditionis
1975 2915 2113 2953 mea;
2195 2891 2892 2956 chomi,etmonasterium
2922 2901 3202 2952 construe.
3231 2896 3467 2950 Venturi
3488 2902 3798 2954 suntnam-

521 2985 777 3041 existam.
800 2985 950 3038 Bene
979 2982 1130 3036 enim
1143 3000 1232 3036 me
1249 2999 1601 3037 commonere
1621 2984 1884 3054 dignatus
1913 3005 1989 3052 es,
2016 2988 2113 3040 sed
2197 2995 2304 3050 que
2335 2981 2404 3033 ad
2435 2987 2487 3033 te
2518 2982 2936 3052 quamplurimi.
2984 2988 3084 3038 tua
3116 2984 3403 3054 cupientes
3441 2984 3798 3042 institutione

523 3091 627 3145 ego
645 3073 858 3138 infelix,
879 3073 974 3143 qui
998 3077 1054 3126 te
1075 3072 1271 3126 audire
1289 3073 1618 3143 contempsi.
1643 3075 1997 3145 Quapropter
2014 3075 2113 3129 ob—
2129 3127 2168 3146 η
2196 3071 2494 3138 proficere;
2515 3070 2716 3140 quibus
2745 3071 3011 3126 ducatum
3032 3073 3339 3142 praestabis,
3354 3075 3518 3146 juxta
3535 3075 3797 3145 regulam

799 3127 1118 3216 m’e‘sanctis
1147 3161 1492 3215 orationibus
1515 3127 2170 3234 tuisa'djalvarledigne-C
2197 3174 2368 3226 quam
2393 3166 2775 3213 monstravero
2789 3159 2910 3214 tibi.
2929 3161 3261 3231 Etprotinus
3273 3127 3538 3233 apparuit
3557 3165 3795 3234 angelus

520 3254 617 3320 ris,
653 3269 722 3307 ne
752 3251 856 3306 sub
883 3249 1099 3320 ingenti
1128 3250 1374 3320 periculo
1413 3251 1779 3305 constitutum
1833 3252 2116 3323 discerpat
2197 3247 2440 3312 Domini,
2495 3248 2752 3302 deferens
2782 3249 2834 3303 εἰ
2871 3249 3142 3317 tabulam,
3188 3251 3248 3308 in
3292 3268 3404 3322 qua
3444 3259 3568 3306 erat
3612 3254 3794 3309 omnis

519 3343 783 3399 inimicus
822 3345 879 3394 et
919 3341 1176 3412 perimat.
1230 3340 1484 3410 Cumque
1533 3339 1641 3392 ista
1679 3357 1806 3394 cum
1855 3341 2114 3395 lamentis
2198 3336 2377 3389 forma
2431 3337 2802 3392 institutionis
2851 3339 3113 3409 ascripta,
3145 3356 3258 3410 qua
3305 3341 3540 3396 docendi
3585 3342 3791 3407 forent.

518 3436 952 3510 prosequeretur
994 3434 1051 3482 et
1072 3427 1313 3493 ﬂetibus,
1341 3433 1397 3481 et
1417 3434 1642 3482 sanctus
1669 3429 1949 3483 Palaemon
1989 3429 2116 3484 bea-
2197 3425 2514 3496 quicunque
2562 3425 2632 3480 ad
2673 3427 2796 3495 ejus
2824 3427 3135 3497 magisterii
3168 3429 3358 3486 studia
3383 3431 3788 3500 pervenissent.

519 3529 724 3592 tusque
753 3518 1086 3574 Pachomius
1117 3519 1394 3588 lacrymas
1420 3533 1518 3587 pro
1545 3534 1610 3570 eo
1637 3517 1938 3571 funderent
1968 3535 2114 3573 com-
2195 3515 2376 3578 Quam
2407 3515 2660 3584 regulam
2700 3515 3094 3571 Tabennenses
3131 3517 3409 3590 hodieque
3440 3521 3787 3586 custodiunt,

520 3609 785 3687 patientis
809 3610 1029 3672 aflectu,
1065 3605 1250 3661 subito
1280 3613 1568 3676 correptus
1595 3606 1666 3660 ab
1693 3607 1984 3661 immundo
1997 3608 2112 3678 spi-
2194 3605 2390 3658 eodem
2418 3605 2541 3658 cibo
2564 3622 2786 3676 semper
2804 3611 3027 3660 utentes
3056 3612 3113 3676 et
3129 3606 3344 3673 habitu,
3363 3608 3544 3678 ipsam
3563 3627 3789 3682 quoque

519 3703 654 3767 ritu,
681 3700 750 3754 de
781 3703 1080 3768 conspectu
1111 3712 1307 3751 eorum
1345 3696 1602 3766 prosiliit,
1651 3701 1709 3750 et
1746 3713 1847 3767 per
1889 3697 2113 3751 deserta
2193 3694 2543 3764 disciplinam
2561 3694 2799 3748 sollicita
2815 3695 3786 3766 circumspectioneservantes.Nam

519 3793 829 3855 discurens,
858 3786 1136 3857 agebatur
1161 3785 1414 3840 infrenis.
1450 3784 1709 3838 Pervenit
1728 3791 1915 3839 autem
1941 3786 2010 3839 ad
2038 3787 2112 3840 ci-
2194 3783 2450 3836 monachi
2481 3783 2575 3853 qui
2605 3783 2811 3837 ibidem
2841 3792 3218 3850 Communem.
3251 3802 3364 3841 non
3392 3787 3576 3842 solum
3604 3805 3782 3854 more,

520 3882 750 3937 vitatem
781 3874 1368 3947 Panos(16)nomine,
1401 3890 1464 3927 ac
1493 3873 1754 3945 deinceps
1799 3875 1856 3928 in
1889 3876 2111 3930 fornace
2193 3871 2289 3923 sed
2319 3877 2377 3924 et
2404 3870 2600 3924 robore
2631 3873 2877 3942 corporis
2916 3878 2975 3926 et
3021 3873 3270 3930 locorum
3317 3879 3358 3940 ι
3381 3881 3418 3941 Ι
3439 3880 3490 3940 α
3524 3875 3642 3932 situ
3674 3893 3785 3949 pne

517 3969 704 4026 balnei
735 3985 836 4039 per
853 3965 1161 4020 amentiam
1182 3981 1304 4017 sese
1319 3963 1694 4034 praecipitans,
1711 3963 1966 4018 incendio
1987 3981 2112 4035 pro-
2191 3959 2406 4012 caeteris
2429 3961 2593 4029 longe
2622 3960 2826 4015 diversi
2847 3967 2999 4026 sunt,
3029 3967 3088 4016 et
3108 3979 3336 4018 necesse
3365 3969 3451 4018 est
3479 3980 3580 4020 eos
3607 3965 3786 4023 diver-

520 4061 675 4115 ιίηυε
702 4055 940 4110 interiit.
2193 4065 2316 4101 sam
2340 4065 2563 4120 quoque
2595 4050 2848 4118 regulam
2877 4050 3178 4106 custodire.

593 4149 723 4202 CAP.
765 4145 833 4199 X.
877 4173 940 4184 —
984 4142 1114 4196 Haec
1135 4140 1368 4194 audiens
1409 4139 1712 4210 vidensque
1757 4141 2108 4212 Pachomius,
2263 4137 2422 4191 lianc
2459 4155 2592 4207 ergo
2629 4155 2818 4194 vocem
2847 4140 3183 4196 Pachomius
3225 4141 3431 4198 mentis
3459 4141 3784 4203 sinceritate

523 4237 706 4307 magis
734 4251 799 4288 ac
832 4230 1015 4301 magis
1043 4228 1656 4284 incubuitabstinentia:
1672 4235 1865 4284 tenere
1886 4248 2112 4287 mensu-
2193 4225 2533 4291 discernens,
2566 4243 2736 4298 quam
2787 4229 2866 4283 illi
2896 4229 3084 4285 divina
3121 4230 3308 4299 gratia
3343 4236 3402 4288 et
3427 4233 3636 4290 merita
3662 4236 3784 4291 vita:

523 4343 680 4392 ram;
713 4329 771 4377 et
796 4338 922 4376 cum
952 4321 1011 4374 in
1043 4317 1321 4382 omnibus,
1347 4323 1467 4372 tum
1495 4319 1734 4372 maxime
1761 4319 1818 4373 in
1851 4322 2114 4376 orationi-

2199 4316 2564 4374 contulerant.
2598 4317 2824 4386 agnovit
2846 4318 2917 4372 ad
2966 4334 3027 4372 se
3066 4318 3287 4376 ccelitus
3323 4319 3590 4389 delatam,
3623 4340 3783 4395 regu-

520 4415 625 4470 bus
653 4411 905 4468 animum
935 4425 1159 4463 servare
1187 4405 1534 4478 pervigilem,
1576 4408 1737 4477 juxta
1781 4409 1921 4464 illud
1962 4412 2107 4481 quod
2130 4404 2388 4502 Diesque
2416 4405 2575 4502 valde
2605 4405 2887 4460 mirabiles
2916 4406 3270 4502 approbavit.
3315 4409 3780 4502 Tunc-reversus

521 4504 788 4576 scriptum
803 4505 889 4555 est
903 4519 914 4553 :
933 4496 1102 4554 Omni
1116 4495 1367 4550 custodia
1377 4512 1535 4549 serva
1545 4513 1641 4549 cor
1651 4503 1810 4551 tuum
1828 4500 2004 4562 (Prov.
2015 4503 2106 4566 Iv).

519 4595 826 4656 Intantum,
861 4594 925 4644 ut
952 4604 1080 4642 eum
1110 4602 1276 4639 senex
1306 4585 1610 4639 miraretur
1653 4585 1944 4652 attonitus,
1978 4589 2113 4658 quia

520 4699 632 4737 non
658 4681 838 4736 solum
881 4681 1203 4732 consuetam
1242 4674 1594 4728 abstinentiae
1635 4676 1888 4745 regulam
1927 4677 2114 4731 alacer

521 4771 865 4825 extrinsecus
917 4763 1324 4836 exsequebatur
1347 4803 1360 4828 ,
1412 4763 1509 4817 sed
1556 4763 1725 4818 etiam
1775 4764 2110 4820 intrinsecus

521 4856 920 4912 conscientiam
951 4869 1110 4908 suam
1135 4854 1298 4922 juxta
1327 4852 1636 4906 ccelestium
1667 4853 1904 4907 formam
1925 4854 2112 4909 stude-

519 4946 618 5002 bat
644 4945 863 5016 exigere
892 4943 1270 5015 purissimam,
1303 4941 1448 4996 sicut
1472 4941 1668 4996 beatus
1693 4944 1991 5013 Apostolus
2021 4944 2112 5000 di-

519 5036 634 5091 cit:
669 5033 862 5090 Gloria
890 5038 1083 5086 nostra
1109 5030 1226 5085 haec
1267 5035 1370 5095 est,
1405 5030 1790 5085 testimonium
1828 5033 2110 5086 conscien-

515 5126 610 5181 tia:
638 5129 842 5180 nostrae
867 5125 954 5194 (II
978 5122 1098 5176 Cor.
1131 5125 1190 5187 il,
1232 5125 1418 5174 certus
1455 5137 1522 5174 ex
1566 5119 1669 5174 hoc
1705 5137 1970 5190 magnam
2003 5121 2108 5176 sibi

514 5214 574 5269 in
604 5212 920 5268 cmlestibus
952 5226 1150 5282 parare
1181 5209 1516 5263 mercedem.
1561 5209 1704 5262 Nam
1734 5215 1790 5263 et
1817 5226 1942 5264 cum
1967 5210 2106 5264 divi-

513 5321 616 5358 nas
643 5302 958 5373 Scripturas
979 5301 1211 5367 legeret,
1238 5297 1630 5368 memoriaeque
1653 5299 1965 5363 mandaret,
1993 5317 2104 5355 non

513 5393 568 5446 id
592 5393 796 5464 passim
809 5390 1270 5460 negligenterque
1285 5386 1540 5450 faciebat,
1557 5387 1651 5440 sed
1663 5389 2104 5460 unumquodque

517 5488 854 5552 praeceptum
885 5479 1122 5532 solerter
1149 5475 1491 5541 examinans,
1525 5492 1589 5529 ac
1633 5477 1726 5546 pia
1763 5484 1950 5532 mente
1982 5495 2104 5548 per-

509 5575 774 5632 tractans,
807 5566 1072 5622 studebat
1099 5565 1157 5618 in
1187 5564 1306 5618 dies
1335 5580 1504 5634 opere
1533 5565 1819 5635 perficere,
1839 5582 1960 5636 quae
1980 5583 2100 5622 me-

508 5657 690 5713 moria
714 5655 1053 5712 retentabat.
1086 5653 1370 5724 Pracipue
1397 5669 1530 5708 vero
1557 5653 1894 5710 humilitatis
1913 5672 1980 5711 ac
2006 5672 2102 5728 pa-

2194 4493 2265 4547 ad
2293 4494 2669 4549 venerabilem
2698 4512 2890 4550 senem
2926 4497 3321 4564 Palaemonem;
3360 4499 3555 4558 retulit
3584 4517 3779 4572 quem-

2191 4583 2494 4638 admodum
2523 4601 2653 4638 voce
2675 4584 2948 4640 sitdivina
2964 4587 3357 4652 commonitus,
3391 4586 3693 4647 obsecrans
3721 4597 3779 4649 ut

2191 4689 2381 4726 secum
2411 4673 2854 4743 pariterveniret
2876 4674 2948 4730 ad
2974 4675 3160 4732 locum
3188 4692 3298 4746 quo
3319 4679 3776 4747 possentDomini

2192 4762 2459 4816 mandata
2487 4763 2728 4832 explere.
2757 4763 2865 4826 Qui
2898 4764 3092 4820 nolens
3117 4781 3248 4822 eum
3275 4765 3333 4822 in
3362 4766 3550 4838 aliquo
3579 4770 3777 4826 contri-

2193 4856 2362 4917 stare,
2387 4857 2581 4922 utpote
2604 4851 2994 4909 charissimum
3013 4853 3210 4920 ﬁlium,
3230 4855 3488 4927 precibus
3499 4858 3551 4928 ej
3560 4874 3629 4916 us
3640 4859 3776 4915 illico

2193 4941 2400 5011 paruit.
2432 4947 2601 5012 atque
2629 4942 2701 5014 ad
2727 4942 3016 5013 praefatam
3045 4943 3232 5000 villam
3260 4961 3388 5002 cum
3409 4962 3476 5002 eo
3505 4949 3772 5018 pervenit,

2192 5029 2580 5101 modicamque
2593 5030 2669 5084 ibi
2681 5031 2942 5086 cellulam
2955 5037 3364 5099 construentes,
3377 5035 3715 5094 laetabantur
3723 5038 3774 5094 in

2192 5119 2448 5184 Domino,
2480 5119 2915 5190 promissionum
2944 5122 3066 5192 ejus
3089 5121 3360 5179 beneficia
3372 5127 3772 5194 praestolantes.

2189 5208 2324 5262 Post
2355 5209 2707 5280 aliquantum
2727 5225 2856 5264 vero
2886 5209 3156 5281 temporis
3175 5211 3257 5267 ait
3284 5212 3654 5272 Palamonad
3676 5216 3772 5270 Pa-

2188 5298 2470 5352 chomium
2499 5315 2509 5350 :
2543 5298 2821 5362 Quoniam
2845 5315 3014 5354 cerno
3040 5300 3283 5370 gratiam
3300 5317 3336 5356 a
3354 5301 3468 5358 Deo
3491 5302 3595 5359 tibi
3614 5303 3771 5360 colla-

2187 5394 2325 5454 tam,
2348 5394 2404 5441 et
2418 5388 2678 5458 deinceps
2698 5388 2825 5442 istic
2849 5406 3178 5459 permanere
3196 5391 3466 5462 disponis,
3489 5393 3640 5457 veni.
3662 5399 3768 5448 sta-

2185 5483 2410 5530 tuamus
2442 5477 2591 5531 inter
2618 5495 2720 5531 nos
2749 5483 3194 5548 pactum,utnon
3207 5479 3525 5536 dividemur
3541 5481 3614 5536 ab
3643 5481 3766 5537 invi-

2183 5582 2321 5631 cem,
2358 5566 2456 5620 sed
2483 5567 2738 5636 quandiu
2765 5567 2826 5622 in
2852 5567 2962 5624 hac
2977 5567 3102 5624 luce
3132 5570 3762 5638 versamur,visitatione

2183 5671 2286 5711 nos
2312 5656 2665 5712 consolemur
2677 5656 2924 5716 assidua.
2938 5657 3202 5731 Utrisque
3216 5659 3557 5732 placuitluec
3565 5661 3759 5734 pactio,
