3912 6390
147 334 250 395 237

914 343 1085 403 VITA
1123 351 1382 411 SANCTI
1420 354 1779 413 PACHOMII
1816 356 2122 414 ABBATIS
2157 359 2677 420 TABENNENSIS.

3322 362 3430 427 238

155 477 329 532 quam
360 466 515 521 omni
562 473 814 542 tempore
871 473 999 530 vita:
1026 492 1145 532 sua:
1185 486 1305 537 tam
1347 481 1547 539 beatus
1583 502 1751 540 senex
1768 491 2013 557 Aptum.
2051 487 2160 542 Sed
2193 487 2388 543 beatus
2419 490 2753 545 Pachomius
2775 491 2845 545 ad
2875 491 3290 549 humiliandum
3313 513 3431 551 cor-

152 566 323 622 quam
349 552 552 611 beatus
591 558 927 618 Pachomius
963 566 1257 624 sollicitius
1302 578 1435 627 sunt
1482 575 1746 629 exsecuti.

222 685 355 741 CAP.
380 688 765 747 XIII.-—Inter
783 694 902 750 haec
926 700 1259 756 venerabilis
1289 702 1436 759 idem
1475 706 1751 765 Palmmon

151 773 346 830 dolore
376 778 603 848 splenis,
639 782 735 852 qui
764 799 829 837 ex
854 786 1031 841 nimia
1059 791 1407 847 continentia
1437 794 1517 849 illi
1551 814 1748 867 prove-

152 868 335 931 nerat,
368 869 489 921 toto
521 884 753 941 corpore
788 875 946 943 gravi
968 878 1138 948 cmpit
1165 881 1512 950 aegritudinis
1542 885 1751 941 incom-

153 954 324 1007 modo
347 954 624 1011 laborare.
671 960 816 1015 Nam
846 964 1107 1020 sumebat
1132 984 1332 1035 escam,
1384 977 1519 1042 potu
1549 975 1751 1046 smpius

152 1039 476 1135 abstinens;
507 1046 644 1101 item
665 1048 1018 1108 solummodo
1039 1054 1280 1124 bibebat,
1311 1039 1453 1115 nihil
1483 1063 1589 1117 cibi
1622 1039 1749 1135 per-

152 1128 386 1200 cipiens.
412 1134 845 1223 Rogatusigitur
872 1141 943 1196 ab
967 1143 1247 1215 aliquibus
1266 1148 1554 1213 fratribus,
1572 1128 1749 1223 qurad

152 1233 284 1273 eum
310 1222 496 1290 gratia
523 1225 861 1283 vi‘sitationis
880 1232 1239 1303 advenerant,
1273 1254 1342 1292 ne
1372 1222 1605 1310 penitus
1618 1259 1750 1297 cor-

152 1322 262 1378 pus
290 1310 472 1366 debile
492 1312 795 1386 frangeret,
820 1320 917 1374 sed
943 1320 993 1375 ei
1015 1323 1429 1395 aliquantulum
1449 1329 1633 1385 solatii
1656 1349 1750 1403 pa-

154 1402 373 1453 teretur
399 1400 670 1473 impendi,
703 1408 932 1462 tandem
967 1412 1134 1466 cessit
1172 1417 1482 1485 orantibus,
1514 1425 1578 1473 ut
1602 1400 1750 1476 victu

153 1502 408 1557 congruo
434 1495 727 1549 attenuata
765 1497 1017 1553 membra
1044 1502 1335 1559 refoveret.
1368 1507 1475 1561 Sed
1504 1525 1615 1563 non
1644 1510 1750 1565 hoc

149 1576 365 1631 diutius
384 1570 632 1650 pertulit.
654 1583 794 1638 Nam
816 1587 1100 1656 graviores
1118 1591 1280 1647 solito
1299 1593 1518 1651 dolores
1540 1599 1749 1669 splenis

148 1670 442 1735 expertus,
465 1670 661 1724 relicta
696 1670 950 1728 ciborum
989 1676 1306 1747 insolentia,
1348 1685 1416 1737 ad
1450 1685 1746 1756 antiquum

149 1753 357 1810 victum
385 1757 506 1812 sine
522 1759 789 1817 dilatione
809 1766 1128 1830 revertitur,
1151 1770 1361 1825 dicens:
1389 1773 1445 1827 Si
1470 1753 1748 1847 martyres

147 1841 356 1898 Christi
386 1847 482 1901 alii
506 1864 610 1919 per
632 1850 811 1906 frusta
839 1854 1089 1922 lacerati,
1114 1858 1209 1912 alii
1231 1860 1414 1931 capite
1434 1864 1579 1931 caesi,
1610 1841 1749 1920 ac..-

144 1934 287 1988 nulli
309 1936 481 1990 etiam
499 1938 723 2008 ignibus
737 1947 871 1996 sunt
896 1947 1150 2014 cremati,
1176 1952 1230 2001 et
1254 1953 1445 2006 tamen
1476 1969 1655 2025 usque
1675 1958 1746 2010 ad

148 2023 322 2078 ﬁnem
362 2025 586 2081 fortiter
598 2045 700 2099 pro
727 2031 836 2085 ﬁde
864 2033 1263 2105 toleraverunt,
1289 2056 1390 2094 cur
1409 2058 1513 2112 ego
1532 2023 1747 2114 patien-

142 2111 237 2166 tiae
265 2115 515 2185 praemia,
562 2119 750 2188 parvis
784 2121 991 2177 cedens
1027 2124 1333 2191 doloribus,
1383 2111 1746 2202 impatienter

142 2200 427 2271 abjieiam,
453 2211 511 2259 et
526 2205 806 2263 desiderio
822 2211 947 2265 vitae
967 2216 1260 2283 priesentis
1280 2200 1611 2275 aiﬂictiones
1630 2240 1745 2277 mo-

140 2297 475 2348 mentaneas
493 2295 741 2351 inaniter
770 2304 1159 2371 eripavescam?
1182 2306 1437 2378 Denique
1460 2311 1745 2366 suadenti-

141 2377 249 2436 bus
261 2384 512 2453 acquievi
533 2384 686 2440 cibos
697 2388 952 2444 insolitos
978 2408 1220 2462 sumere,
1246 2377 1500 2466 quiimihi
1524 2398 1744 2455 dolores

140 2477 424 2526 auxerunt
450 2475 640 2545 potius
669 2493 838 2548 quam
860 2480 1036 2535 ullam
1063 2484 1313 2555 requiem
1338 2488 1740 2557 praestiterunt.

140 2559 451 2616 Recurram
480 2563 659 2635 igitur
685 2567 756 2621 ad
787 2569 970 2639 prisca
999 2572 1266 2639 remedia,
1301 2580 1358 2629 et
1381 2578 1741 2634 continentiae

137 2647 394 2705 subsidia
422 2668 534 2707 non
559 2655 898 2727 relinquam,
918 2658 977 2713 in
1003 2661 1206 2732 quibus
1228 2669 1315 2717 est
1340 2666 1424 2733 (ut
1437 2683 1539 2735 ego
1552 2674 1738 2723 certus

136 2741 290 2808 sum)
318 2742 503 2795 omnis
522 2748 651 2815 post
677 2745 858 2801 Deum
881 2750 1104 2820 requies
1134 2757 1192 2806 et
1213 2769 1347 2808 vera
1374 2754 1585 2810 laetitia.
1612 2758 1737 2813 Non

136 2828 292 2882 enim
304 2836 536 2902 propter
547 2833 806 2889 homines
830 2836 947 2891 haec
959 2854 1118 2894 arma
1129 2842 1366 2914 suscepi,
1394 2844 1491 2897 sed
1505 2843 1576 2898 ob
1587 2862 1740 2901 amo-

135 2932 256 2971 rem
289 2919 501 2974 Christi
521 2921 612 2977 his
638 2935 856 2980 certare
874 2926 1143 2998 disposui.
1171 2930 1260 2985 Sic
1280 2932 1472 3004 itaque
1502 2934 1741 2991 viriliter

134 3021 329 3076 agens,
359 3008 513 3063 intra
542 3026 792 3067 mensem
816 3014 1039 3070 dierum
1078 3017 1258 3073 valido
1286 3018 1558 3091 languore
1603 3039 1735 3078 con-

133 3104 400 3168 sumptus
420 3103 526 3154 est.
558 3100 644 3155 Ad
674 3119 844 3173 quem
872 3104 1207 3162 Pachomius
1233 3109 1480 3175 veniens,
1516 3110 1738 3167 fovebat

134 3200 267 3240 eum
290 3192 356 3242 ut
384 3193 623 3261 patrem,
648 3190 978 3248 deosculans
1004 3195 1176 3266 pedes
1202 3199 1343 3269 ejus,
1385 3206 1555 3272 atque
1584 3218 1739 3257 com-

134 3274 389 3345 plectens
417 3295 430 3345 ;
463 3284 522 3333 et
548 3280 718 3335 veluti
749 3282 1098 3349 valefaciens,
1153 3286 1231 3340 sic
1266 3303 1393 3342 eum
1449 3289 1739 3345 videbatur
1820 3274 1833 3344 Ῐ

132 3365 317 3419 aﬂari.
331 3366 683 3425 Venerabilis
695 3376 885 3427 autem
900 3375 1247 3441 senex,omni
1263 3377 1533 3432 virtutum
1552 3379 1735 3450 gratia

131 3456 476 3525 cumulatus,
510 3464 567 3512 et
613 3460 817 3531 plenus
862 3461 1097 3529 dierum,
1132 3465 1276 3520 sicut
1308 3467 1578 3539 scriptum
1626 3476 1730 3539 est,

130 3544 348 3615 quievit
382 3545 441 3600 in
462 3564 599 3618 pace
628 3552 746 3617 (Job
774 3560 926 3622 XLII).
953 3554 1109 3609 Tunc
1138 3563 1366 3611 sanctus
1394 3558 1732 3615 Pachomius

130 3650 337 3706 corpus
360 3637 487 3707 ejus
511 3638 766 3709 sepelivit
796 3659 808 3693 :
843 3643 1004 3713 cujus
1030 3644 1223 3699 anima
1261 3652 1519 3718 suscepta
1547 3649 1732 3704 choris

130 3723 423 3794 angelicis,
457 3726 528 3780 ad
549 3726 717 3782 cmlos
745 3736 935 3785 evecta
963 3737 1065 3786 est.
1096 3733 1217 3798 Quo
1236 3742 1487 3805 peracto,
1512 3737 1726 3792 Pacho-

129 3812 281 3868 mins
308 3814 381 3868 ad
410 3815 701 3887 proprium
714 3816 1081 3875 diversorium
1103 3824 1431 3882 revertitur.

198 3948 312 4003 ΟΑΡ
325 3992 339 4006 .
368 3949 577 4006 ΧΙν.‹-
590 3952 661 4006 Et
669 3969 781 4008 non
796 3960 925 4026 post
937 3957 1182 4013 multum
1198 3960 1486 4031 temporis,
1510 3979 1725 4031 germa-

128 4052 241 4092 nus
272 4038 419 4108 ejus,
463 4040 710 4098 Joannes
753 4044 1002 4113 nomine,
1035 4052 1236 4102 cuneta
1262 4047 1337 4103 de
1378 4049 1475 4103 illo
1498 4068 1723 4122 compe-

128 4124 303 4191 riens,
319 4127 473 4182 venit
495 4129 566 4183 ad
590 4146 741 4186 eum.
768 4132 947 4198 Quem
975 4151 1105 4191 cum
1131 4136 1375 4205 vidisset,
1396 4138 1625 4208 gavisus
1639 4146 1725 4195 est

124 4214 245 4284 plur
258 4215 456 4272 imum.
488 4219 633 4274 Nam
654 4237 720 4274 ex
741 4238 857 4293 quo
868 4222 1184 4295 baptizatus
1205 4226 1263 4281 in
1286 4227 1575 4283 Christum
1610 4246 1726 4285 cre-

1833 592 1937 646 pus
1959 577 2246 646 proprium
2268 575 2537 632 induebat
2563 597 2622 633 se
2646 580 2976 652 plerumque
2996 582 3193 637 cilicio.

1905 664 1976 717 Et
1998 681 2100 736 per
2129 672 2315 720 annos
2337 666 2675 736 quindecim,
2702 670 2967 739 postillos
2990 670 3245 741 ingentes
3265 674 3430 728 sudo-

1833 768 1922 805 res
1944 759 2113 823 atque
2144 754 2363 809 labores
2377 756 2606 810 eximios
2635 757 2952 828 vigiliarum
2976 766 3032 814 et
3052 761 3426 827 abstinentiae,

1833 857 1944 895 non
1970 842 2165 912 jacens
2180 860 2443 897 somnum
2468 844 2724 914 capiebat
2739 847 3013 914 noctibus,
3039 850 3132 903 sed
3157 850 3215 904 in
3244 851 3429 906 medio

1833 930 2046 984 cellulae
2068 948 2182 985 sua:
2200 933 2472 997 residens,
2495 934 2634 988 adeo
2661 940 2728 989 ut
2745 952 2847 989 nec
2877 936 3103 991 dorsum
3122 939 3320 994 saltem
3335 958 3431 1012 pa-

1833 1018 1959 1073 rieti
1985 1036 2086 1090 pro
2118 1021 2526 1076 sustentatione
2556 1024 2869 1079 reclinaret.
2905 1026 3157 1098 Cumque
3180 1028 3346 1083 nimis
3363 1046 3428 1084 ex

1833 1108 1936 1162 hoc
1975 1108 2323 1180 afﬂigeretur
2344 1149 2358 1176 ,
2400 1111 2615 1166 ferebat
2643 1118 2833 1167 tamen
2863 1116 3254 1186 aequanimiter
3281 1118 3430 1174 hunc

1833 1192 2101 1263 laborem,
2126 1216 2224 1270 spe
2245 1200 2657 1270 quodammodo
2674 1203 3136 1273 przelibansillam
3150 1207 3404 1278 requiem
3420 1252 3432 1273 ,

1834 1302 1957 1356 quae
2000 1286 2106 1340 sibi
2146 1288 2450 1359 parabatur
2476 1290 2536 1344 in
2564 1291 2736 1345 cmlis.
2774 1293 3156 1349 Plurimorum
3186 1313 3429 1368 namque

1832 1374 2066 1430 Patrum
2091 1377 2451 1433 considerans
2464 1378 2741 1445 instituta,
2760 1381 2930 1436 dabat
2940 1400 3163 1455 semper
3177 1402 3425 1456 operam,

1832 1480 1960 1519 cum
1981 1466 2208 1536 proprio
2222 1466 2393 1521 fratre
2424 1468 2495 1522 ad
2509 1470 2730 1540 majora
2744 1471 2968 1526 virtutis
2981 1480 3285 1543 augmenta
3305 1492 3432 1530 con-

1830 1568 2081 1623 surgere.
2115 1555 2507 1626 Operabantur
2531 1558 2701 1612 etiam
2726 1560 2942 1627 sedilia,
2974 1567 3030 1616 et
3047 1563 3431 1634 unusquisque

1830 1641 1976 1696 sicut
2003 1645 2333 1713 poterat,ita
2357 1646 2727 1712 vivebat,cum
2758 1666 2981 1703 summa
3007 1651 3220 1705 scilicet
3249 1653 3429 1708 humi-

1830 1730 1990 1785 litate
2022 1737 2079 1785 et
2099 1733 2387 1804 patientia,
2421 1740 2480 1789 et
2498 1736 2607 1790 ﬁde
2632 1753 2743 1791 non
2774 1739 2923 1793 ﬁcta.

1770 1816 1816 1875 B
1903 1820 2034 1873 CAP.
2068 1822 2186 1875 XV.
2204 1823 2420 1877 ——Inter
2434 1824 2551 1879 hinc
2576 1826 2910 1882 Pachomius
2924 1827 3132 1883 iterum
3154 1829 3419 1885 divinitus

1828 1907 2164 1963 admonetur
2191 1927 2293 1981 pro
2328 1913 2535 1983 regulis
2566 1914 2767 1985 quibus
2795 1916 3066 1971 deberent
3086 1916 3307 1973 institui
3329 1920 3429 1990 qui

1829 2004 1990 2051 erant
2018 2016 2118 2070 per
2139 2017 2269 2054 eum
2289 2001 2527 2057 Domino
2539 2004 2826 2072 credituri;
2846 2006 3129 2078 coepitque
3150 2024 3278 2062 cum
3300 2026 3427 2078 ger-

1828 2103 1998 2142 mano
2028 2106 2128 2142 suo
2169 2089 2557 2146 habitaculum
2588 2094 2646 2147 in
2677 2111 2787 2165 quo
2826 2096 3133 2152 manebant
3161 2090 3421 2169 capacius

1827 2176 2083 2243 reddere,
2116 2184 2173 2233 et
2198 2180 2445 2235 rediﬁciis
2474 2182 2744 2253 ampliare
2760 2186 3208 2256 quamplurimis,
3232 2204 3427 2242 eorum

1830 2266 1911 2334 (ut
1923 2265 2181 2334 diximus)
2194 2269 2379 2338 gratia
2392 2272 2488 2341 qui
2508 2273 2708 2327 sreculo
2720 2274 3127 2340 renuntiantes,
3156 2283 3195 2342 ι
3222 2284 3257 2343 Ι
3277 2284 3334 2342 8
3354 2280 3426 2334 ad

1826 2354 2179 2409 serviendum
2217 2358 2438 2413 Christo
2469 2366 2631 2414 erant
2656 2361 2775 2415 sine
2796 2361 3147 2418 dubitatione
3171 2368 3422 2436 venturi;

1829 2449 2106 2513 quatenus
2148 2452 2335 2500 essent
2363 2449 2548 2518 spatia
2579 2450 2751 2520 digna
2777 2452 3159 2508 membrorum
3186 2454 3331 2526 ’(19),
3365 2457 3425 2512 in

1828 2531 2031 2603 quibus
2082 2550 2277 2589 eorum
2313 2537 2489 2607 possit
2530 2539 2701 2609 recipi
2745 2541 3064 2596 multitudo.
3100 2543 3241 2597 Cum
3291 2563 3424 2617 ergo

1822 2627 2049 2676 sanctus
2075 2624 2411 2679 Pachomius
2431 2626 2489 2680 in
2506 2629 2709 2697 majus,
2733 2634 2795 2682 ut
2815 2628 3026 2684 dictum
3051 2639 3153 2697 est,
3172 2633 3422 2689 locorum

1820 2710 2066 2765 ambitus
2087 2714 2435 2781 extenderet,
2455 2719 2843 2772 etmonasterii
2863 2720 3117 2775 membra
3139 2722 3418 2790 dilataret,

1822 2799 1971 2854 idem
1995 2800 2171 2855 frater
2199 2804 2321 2873 ejus
2343 2804 2706 2860 solitudinem
2726 2814 2897 2878 atque
2927 2810 3421 2866 anachoresimco-

1820 2889 2031 2959 gitans,
2052 2890 2355 2947 habitaculi
2375 2893 2645 2963 diligebat
2666 2897 2984 2966 angustias;
3009 2905 3066 2952 et
3090 2899 3421 2956 nilniumin-

1820 2978 1988 3048 digne
2004 2980 2209 3047 ferens,
2232 2988 2354 3036 erat
2369 2983 2521 3038 enim
2539 2990 2677 3039 natu
2701 2987 2900 3055 major,
2923 2986 3003 3041 ait
3022 2987 3184 3043 beato
3200 2990 3415 3045 Pacho-

1819 3066 1951 3122 mio:
1974 3069 2179 3123 Desine
2198 3070 2268 3123 ab
2295 3071 2399 3125 hac
2419 3071 2731 3129 intentione
2747 3083 2864 3141 tua;
2889 3076 3021 3146 quid
3044 3078 3163 3147 agis
3184 3095 3303 3132 rem
3328 3096 3419 3134 su-

1750 3181 1791 3239 c
1817 3157 2115 3226 perﬂuam,
2135 3158 2380 3214 inaniter
2411 3161 2772 3232 temetipsum
2792 3163 3028 3217 dilatare
3049 3166 3413 3223 contendens.

1819 3244 1927 3308 Qui
1957 3262 2084 3300 cum
2115 3247 2233 3302 hinc
2260 3248 2527 3313 audisset,
2571 3250 2818 3320 graviter
2848 3252 3075 3323 quidem
3106 3254 3237 3309 tulit
3265 3256 3415 3327 quod

1818 3335 2102 3390 insolitam
2124 3337 2378 3392 audisset
2397 3338 2685 3409 injuriam;
2710 3347 3099 3396 verumtamen
3129 3342 3267 3398 nihil
3297 3362 3414 3399 om-

1816 3423 1950 3477 nino
1982 3424 2033 3478 ei
2054 3425 2361 3495 respondit,
2378 3427 2475 3481 sed
2507 3434 2801 3482 mansuete
2816 3429 3121 3495 sustinens,
3139 3449 3263 3486 sese
3282 3450 3412 3488 con-

1814 3512 2004 3567 tinuit.
2039 3515 2418 3586 Consequenti
2462 3533 2594 3570 vero
2623 3523 2785 3572 nocte
2815 3518 2885 3571 ad
2918 3518 3183 3575 inferiora
3211 3522 3411 3578 domus

1814 3602 2175 3670 descendens,
2208 3605 2374 3675 cujus
2401 3605 2650 3677 aliquam
2681 3614 2902 3678 partem
2940 3608 3059 3679 ipse
3087 3616 3409 3668 construxe-

1813 3697 1921 3757 rat,
1936 3694 2238 3763 prostravit
2260 3695 2397 3748 sein
2413 3696 2745 3764 orationem;
2782 3697 3061 3769 crrpitque
3092 3700 3226 3754 ﬂere
3250 3703 3409 3756 vehe-

1807 3786 2044 3847 menter,
2072 3799 2137 3836 ac
2165 3782 2382 3837 dicere:
2418 3784 2514 3839 Vin
2541 3785 2700 3850 mihi,
2735 3785 2869 3856 quia
2894 3787 3197 3857 prudentia
3223 3791 3412 3846 carnis

1808 3870 1990 3931 adhuc
2017 3871 2074 3924 in
2105 3888 2193 3926 me
2241 3872 2349 3926 sibi
2377 3873 2633 3928 vendicat
2670 3875 2874 3928 locum.
2911 3876 3108 3930 Adhuc
3143 3878 3290 3935 enim
3323 3898 3406 3935 se-

1808 3960 2053 4014 cundum
2081 3978 2308 4015 carnem
2332 3962 2581 4027 ambulo,
2613 3964 2949 4036 sicutnuper
2968 3973 3229 4038 expertus
3256 3986 3403 4025 sum.
3494 4033 3498 4037 ,

1807 4047 2000 4103 Tantae
2036 4065 2281 4122 namque
2313 4053 2750 4108 conversationis
2779 4054 3041 4109 instituta
3073 4056 3400 4130 suscipiens,

1805 4153 2028 4207 aequum
2057 4156 2173 4193 non
2199 4145 2285 4194 est
2314 4146 2377 4195 ut
2397 4159 2485 4197 me
2503 4143 2668 4197 modo
2686 4144 3041 4215 impatientia
3070 4148 3399 4220 praecipitet,

1806 4227 1972 4282 modo
2001 4245 2210 4283 mceror
2245 4237 2425 4298 vexet,
2457 4232 2622 4287 modo
2660 4232 2817 4288 furor
2844 4235 3107 4306 exagitet,
3151 4239 3403 4310 quamvis

124 4303 371 4372 ﬁderat,
383 4308 764 4365 etsolitariam
776 4311 955 4367 vitam
972 4313 1238 4384 elegerat,
1254 4317 1476 4372 nullum
1491 4335 1723 4374 suorum
1800 4316 1931 4387 jure
1962 4333 2027 4371 ac
2057 4319 2258 4373 merito
2270 4320 2462 4376 videar
2474 4322 2656 4377 irasci.
2693 4324 2961 4380 Miserere
2978 4327 3106 4393 mei,
3143 4328 3399 4397 Domine,

126 4392 348 4449 viderat
374 4396 835 4469 promnquorum.
862 4401 1042 4472 Igitur
1065 4404 1330 4472 Joannes,
1366 4411 1431 4461 ut
1458 4424 1586 4462 vere
1613 4409 1724 4463 Pa-
1744 4421 1875 4480 Due
1901 4423 2148 4477 peream,
2174 4425 2245 4463 ne
2268 4410 2478 4465 diaboli
2506 4412 2772 4484 deceptus
2791 4414 2988 4470 fraude
3018 4392 3397 4473 succumbam.

124 4481 336 4539 ὡς)ωῆ
363 4483 559 4554 inter,
601 4487 854 4544 imitator
892 4491 1019 4561 ejus
1044 4492 1294 4559 effectus,
1326 4512 1456 4550 cum
1499 4513 1566 4551 eo
1594 4513 1722 4568 per-

127 4573 363 4641 mansit,
389 4590 569 4633 unum
597 4576 869 4635 habentes
892 4579 1159 4652 idemque
1174 4585 1546 4655 propositum,
1570 4604 1725 4642 eum-

126 4660 373 4733 demque
387 4663 534 4720 circa
562 4666 745 4723 Deum
762 4668 1083 4726 dilectionis
1097 4672 1379 4728 affectum.
1407 4675 1477 4728 Et
1506 4675 1639 4746 quia
1663 4676 1723 4730 in

125 4751 251 4821 lege
290 4751 391 4807 Dei
421 4753 618 4810 diebus
667 4757 1091 4815 meditabantur
1137 4778 1203 4816 ac
1235 4762 1510 4831 noctibus,
1553 4765 1724 4821 nullis

123 4844 483 4898 terrenarum
507 4845 1235 4916 negotiorumcuriseorum
1248 4852 1427 4907 animi
1446 4853 1724 4925 deprime-

122 4928 350 4987 bantur.
384 4931 535 4988 Nam
560 4934 669 4992 etsi
706 4936 1017 5009 quidquam
1036 4947 1333 5012 supererat
1370 4942 1489 4997 illis
1515 4961 1585 4997 ex.
1609 4944 1717 5013 his,

122 5036 253 5091 qua
279 5020 398 5079 suis
416 5022 681 5080 manibus
704 5025 1111 5098 sperabantur,
1139 5029 1199 5086 id
1234 5031 1506 5087 continuo
1528 5032 1721 5088 distri-

122 5108 377 5166 buebant
393 5111 713 5183 egentibus;
725 5120 793 5171 ut
798 5116 964 5186 juxta
981 5123 1327 5190 praereptum
1348 5120 1573 5176 Domini
1589 5123 1617 5177 J
1623 5139 1721 5178 esu

122 5200 339 5256 Christi
353 5199 431 5257 de
446 5203 695 5260 crastino
715 5204 950 5261 minime
976 5208 1291 5278 cogitarent
1315 5211 1527 5279 (Matth.
1547 5213 1720 5277 vr).l.n

122 5295 351 5347 tantum
365 5308 495 5346 vero
506 5293 973 5351 vestimentum
987 5298 1226 5368 penuria
1235 5315 1357 5354 sese
1369 5298 1721 5355 constrinxe-

121 5385 267 5447 rant,
295 5385 363 5436 ut
386 5381 954 5454 munquamlebitone
972 5386 1089 5441 alio
1109 5392 1425 5456 uterentur,
1459 5388 1569 5443 nisi
1596 5407 1722 5445 eum

122 5468 440 5527 indumenti
467 5473 666 5528 sordes
692 5475 1000 5531 necessitas
1025 5477 1517 5547 coegisseteluere.
1553 5479 1721 5535 Lebi-

121 5564 220 5615 ιω
240 5559 370 5631 (18)
396 5565 593 5617 autem
611 5560 762 5618 linea
783 5565 953 5621 vestis
977 5570 1125 5633 erat,
1143 5567 1327 5622 instar
1355 5567 1579 5632 colobii,
1612 5586 1724 5640 qua

122 5648 386 5707 mhi
415 5654 658 5710 utuntur
682 5651 963 5725 hodieque
982 5670 1085 5728 per
1103 5653 1447 5712 Thebaidem
1473 5661 1535 5712 et
1559 5656 1729 5729 ,Εεγ-

1807 4494 1865 4549 Si
1904 4496 2055 4550 enim
2081 4514 2173 4553 me
2193 4503 2291 4553 tua
2304 4501 2491 4569 gratia
2508 4501 2840 4568 deseruerit,
2869 4508 2926 4556 et
2945 4503 3191 4574 aliquam
3222 4506 3279 4559 in
3311 4523 3401 4560 me

1804 4591 2025 4656 partem
2049 4602 2280 4641 suorum
2312 4594 2538 4643 actuum
2561 4590 2835 4661 repererit
2861 4590 3137 4657 inimicus,
3173 4592 3404 4648 durissi-

1806 4690 1910 4728 mae
1949 4675 2073 4745 ejus
2103 4676 2359 4731 servituti
2407 4677 2693 4748 subjiciar,
2728 4679 2863 4750 quia
2895 4680 3168 4751 scripturn
3190 4688 3275 4736 est
3307 4702 3317 4736 :
3353 4686 3399 4739 A

1806 4778 1916 4833 quo
1947 4762 2072 4833 quis
2101 4769 2422 4834 superatur,
2444 4765 2575 4820 huic
2604 4772 2661 4820 et
2680 4784 2871 4821 servus
2892 4768 3173 4823 addicitur
3190 4770 3263 4837 (II
3287 4774 3396 4825 Pet.

1805 4855 1892 4919 Il).
1924 4851 1994 4905 Et
2012 4851 2219 4906 iterum
2242 4854 2514 4925 scriptum
2536 4859 2649 4909 est:
2679 4855 2929 4911 Sitotam
2958 4857 3139 4929 legem
3162 4858 3402 4930 quisim-

1804 4940 2056 5011 pleverit,
2088 4941 2335 4997 offendat
2371 4948 2563 4999 autem
2591 4944 2649 4998 in
2676 4962 2813 5013 uno,
2832 4946 3012 5002 factus
3042 4954 3127 5002 est
3148 4949 3399 5004 omnium

1804 5046 1935 5084 reus
1956 5029 2097 5102 (Jac.
2133 5034 2216 5099 ιι).
2243 5032 2423 5087 Credo
2456 5072 2470 5099 ,
2513 5033 2749 5090 Domine
2781 5076 2797 5102 ,
2832 5037 2979 5108 quod
3007 5036 3399 5093 miserationes

1803 5124 1915 5175 tum
1944 5120 2133 5175 multae
2162 5126 2329 5187 sunt;
2375 5139 2499 5193 quae
2542 5139 2632 5177 me
2652 5124 2825 5178 nullis
2854 5125 3070 5180 meritis
3100 5125 3397 5180 subnixum

1803 5206 2427 5281 abjuvabant,viamque
2441 5218 2763 5266 sanctorum
2780 5219 3005 5268 tuorum
3025 5231 3125 5285 per
3136 5214 3404 5270 teillumi-

1803 5304 1969 5353 natus
1996 5298 2284 5369 ingrediar
2308 5318 2319 5367 ;
2355 5306 2412 5354 et
2438 5300 2495 5354 in
2525 5301 2810 5356 anteriora
2839 5319 2928 5357 me
2960 5320 3181 5374 semper
3209 5311 3404 5358 exten-

1806 5385 1965 5449 dens,
1998 5387 2292 5443 obliviscar
2320 5406 2387 5445 ea
2418 5406 2540 5460 quae
2563 5396 2713 5445 retro
2742 5396 2877 5445 sunt
2917 5393 3138 5463 (Philip.
3171 5397 3274 5458 IIl).
3312 5394 3403 5447 Sic

1807 5476 1958 5530 enim
1986 5476 2329 5533 famulorum
2366 5485 2593 5534 tuorum
2622 5480 2842 5541 chorus,
2878 5481 2973 5551 qui
3004 5480 3107 5535 tibi
3139 5499 3173 5535 a
3202 5483 3402 5537 saeculo

1806 5565 2034 5635 placuit,
2072 5571 2167 5622 tuo
2188 5574 2473 5639 protectus
2501 5570 2726 5636 auxilio,
2759 5569 2967 5624 diaboli
3000 5570 3194 5625 vitavit
3222 5571 3405 5626 incur-

1806 5672 1923 5722 sus,
1944 5655 2111 5726 longe
2134 5657 2355 5729 lateque
2375 5675 2475 5731 pro
2504 5660 2811 5715 multorum
2832 5660 3013 5716 salute
3043 5660 3287 5717 mirabili
3314 5663 3406 5716 de-
