3912 6410
585 385 692 446 239

1605 389 1699 443 DE
1735 389 1924 444 VITIS
1962 388 2256 443 PATRUM
2293 387 2506 442 LIBER
2543 388 2830 443 PRIMUS.

3714 393 3795 448 240

588 530 717 568 core
729 511 1088 582 resplenduit.
1110 511 1224 580 Ego
1239 517 1448 578 autem,
1466 512 1722 578 Domine,
1743 512 2021 582 quomodo
2039 511 2178 565 alios
2195 513 2246 571 Α
2262 511 2507 565 nasterio
2551 528 2652 565 suo
2683 530 2855 567 causa
2881 513 3150 566 orationis
3174 511 3244 566 ad
3273 513 3394 566 loca
3415 514 3695 568 remotiora
3719 517 3794 569 de-

585 602 785 656 docere
805 600 1050 665 tentabo,
1083 616 1222 670 quos
1253 618 1352 671 per
1392 618 1481 655 me
1519 602 1588 654 ad
1620 603 2019 655 monachorum
2055 617 2178 672 pro-

585 691 828 761 positum
860 706 1056 743 vocare
1084 689 1435 758 dignaberis;
1467 707 1593 744 cum
1617 707 1717 743 nec
1748 690 2034 760 passiones
2060 706 2177 742 cai-

583 779 688 844 nis,
720 795 844 850 qua:
860 779 1126 832 adversus
1141 779 1385 832 animam
1408 779 1670 843 militant,
1701 786 1830 832 ante
1851 779 2171 842 devicerim,

581 883 684 922 nec
711 868 892 937 legem
919 873 1076 921 tuam
1105 867 1464 922 immaculata
1481 875 1664 921 mente
1684 867 2044 921 servaverim?
2065 866 2172 920 Sed

581 957 820 1020 conﬁdo,
853 957 1094 1020 Christe,
1141 957 1290 1027 quod
1317 962 1416 1011 tua
1455 956 1591 1010 mihi
1613 957 1787 1010 virtus
1825 956 1884 1010 in
1914 955 2174 1009 omnibus

580 1062 804 1116 semper
831 1045 1073 1110 assistat,
1103 1063 1278 1116 eaque
1295 1063 1489 1115 geram
1520 1063 1642 1116 qua:
1665 1046 1776 1099 tuis
1790 1044 2174 1116 conspectibus

585 1135 864 1206 placeant.
889 1135 1590 1200 Remitte,clementissime
1604 1135 1772 1199 Deus,
1805 1135 2177 1204 remitte,pre-

581 1239 696 1288 cor,
730 1223 921 1276 omnia
938 1230 1166 1292 peccata
1186 1240 1328 1286 mea,
1361 1229 1416 1277 et
1427 1240 1523 1276 cor
1535 1239 1721 1276 meum
1747 1229 1847 1276 tua
1860 1223 2075 1292 jugiter
2095 1221 2174 1275 in-

583 1311 868 1383 spectione
889 1311 1140 1381 puriﬁca.
1163 1312 1292 1365 Hinc
1312 1311 1484 1381 igitur
1498 1328 1624 1365 cum
1649 1310 1909 1382 lacrymis
1936 1309 2173 1364 Domino

585 1399 959 1454 conﬁtebatur
987 1405 1045 1453 et
1073 1399 1314 1466 ﬂetibus,
1357 1405 1478 1454 tota
1507 1405 1667 1454 nocte
1691 1399 1924 1470 pervigil
1957 1399 2014 1452 in
2045 1415 2172 1452 ora-

584 1489 740 1542 tione
759 1488 1085 1554 consistens;
1113 1492 1169 1541 et
1188 1504 1300 1558 prae
1329 1487 1620 1541 nimietate
1650 1487 1868 1540 sudoris
1898 1493 2066 1556 atque
2098 1486 2174 1538 la-

583 1593 904 1649 crymarum
916 1578 1069 1644 (nam
1081 1582 1302 1646 tempus
1319 1585 1441 1630 erat
1455 1576 1684 1644 zestatis)
1706 1575 1782 1629 ita
1794 1575 2172 1646 pavimentum

583 1665 679 1720 ubi
711 1671 967 1719 oraverat
996 1666 1318 1719 humectum
1345 1665 1606 1730 reddidit,
1641 1670 1704 1718 ut
1733 1665 1853 1717 fusa
1885 1664 1997 1717 illic
2027 1681 2175 1733 aqua

585 1755 926 1809 crederetur.
972 1755 1348 1808 Consueverat
1387 1759 1574 1807 autem
1619 1759 1775 1806 stans
1821 1753 1875 1806 in
1921 1753 2173 1806 oratione

584 1860 784 1898 manus
815 1843 1146 1914 expandere,
1179 1860 1317 1914 quas
1346 1859 1446 1914 per
1465 1843 1678 1913 aliquot
1699 1843 1964 1895 horarum
1994 1842 2175 1912 spatia

583 1931 817 1986 minime
845 1932 1160 2002 colligebat;
1196 1933 1293 1986 sed
1323 1933 1644 1986 extensione
1673 1931 1960 1996 diuturna,
2003 1929 2174 1984 veluti

581 2021 729 2076 cruci
767 2021 1047 2075 conﬁxum
1095 2038 1296 2092 corpus
1341 2021 1619 2075 retinebat
1660 2019 1966 2079 immobile,
2011 2025 2067 2072 et
2096 2019 2175 2072 sic

581 2109 833 2164 animum
860 2127 1024 2164 suum
1052 2111 1124 2164 ad
1146 2110 1492 2180 vigilandum
1519 2109 1578 2162 in
1603 2108 1860 2180 precibus
1875 2107 2168 2161 excitabat.

582 2199 651 2252 Et
665 2199 921 2270 quamvis
935 2199 1148 2253 essetin
1167 2199 1319 2252 omni
1332 2199 1600 2252 virtutum
1621 2214 1826 2268 genere
1838 2202 2173 2267 prmpotens,

581 2287 894 2342 incredibili
918 2294 1109 2342 tamen
1135 2288 1455 2342 humilitate
1481 2293 1538 2341 et
1560 2287 1703 2341 mira
1747 2286 2175 2340 mansuetudine

580 2393 708 2432 cum
735 2394 839 2431 suo
865 2394 1136 2446 germano
1149 2377 1492 2441 cohabitans,
1519 2393 1647 2430 eum
1669 2393 1769 2447 per
1797 2376 1989 2429 omnia
2010 2375 2176 2429 susti-

579 2465 766 2520 nebat.
803 2466 910 2530 Qui
941 2483 1053 2521 non
1084 2472 1209 2537 post
1257 2467 1493 2520 multum
1526 2465 1813 2536 temporis,
1858 2465 1982 2518 vitm
2039 2481 2178 2535 pra:-

583 2555 757 2610 sentis
785 2571 1012 2609 cursum
1044 2555 1316 2626 implevit.
1345 2556 1519 2624 Cujus
1549 2554 1718 2608 funus
1747 2553 1934 2607 debito
1963 2553 2180 2607 curavit

585 2644 796 2698 honore
823 2643 1175 2696 Pachomius.
1208 2645 1352 2697 Nam
1395 2648 1572 2696 totam
1603 2648 1822 2696 noctem
1855 2659 2024 2712 super
2051 2644 2173 2712 ejus

591 2733 829 2786 cadaver
856 2731 1084 2802 psalmis
1101 2732 1217 2802 egit
1243 2731 1578 2802 hymnisque
1596 2732 1944 2802 pervigilem;
1979 2737 2033 2785 et
2064 2731 2180 2786 ani-

588 2837 744 2876 mam
777 2820 999 2891 quidem
1031 2821 1153 2891 ejus
1175 2821 1412 2875 Domino
1429 2819 1962 2884 commendavit,cui
1987 2825 2042 2872 et
2063 2821 2179 2891 ipse

587 2909 920 2974 crediderat,
953 2927 1154 2982 corpus
1179 2926 1308 2964 vero
1339 2909 1571 2963 sollicite
1601 2909 1845 2962 reddidit
1859 2909 2176 2979 sepulturae.

661 3001 792 3056 CAP.
816 2999 1194 3056 XVI.—Tune
1214 2997 1577 3068 infatigabilis
1593 2997 1925 3050 Pachomius
1939 3003 2094 3052 arcta
2122 3003 2178 3051 et

591 3093 868 3164 singulari
882 3088 1298 3146 conversatione
1321 3087 1679 3156 semetipsum
1696 3087 1968 3156 amigens,
1989 3087 2180 3140 stude-

584 3183 681 3238 bat
701 3184 981 3254 integrum
1007 3198 1066 3234 se
1087 3186 1254 3249 atque
1277 3176 1697 3230 immaculatum
1720 3174 1777 3228 in
1807 3174 2066 3228 omnibus
2088 3192 2177 3228 ex-

583 3274 794 3328 hibere.
838 3273 895 3328 Si
928 3269 1150 3342 quando
1182 3283 1424 3336 namque
1455 3282 1583 3319 eum
1613 3263 1875 3332 cogitatio
1901 3265 2179 3333 pulsasset

585 3362 796 3428 illicita,
832 3376 956 3415 mox
989 3375 1112 3412 eam
1132 3357 1316 3410 divino
1330 3371 1560 3408 munere
1581 3352 1904 3424 repellebat,
1931 3358 2098 3423 atque
2119 3353 2177 3407 in

584 3452 787 3506 timore
817 3447 1038 3504 Domini
1065 3443 1451 3517 perseveralmt
1470 3443 1684 3505 afﬁxus,
1709 3446 2043 3496 aeternarum
2067 3458 2179 3494 me-

587 3558 710 3594 mor
747 3555 1058 3610 poenarum,
1111 3540 1167 3587 et
1197 3534 1452 3586 dolorum
1493 3532 1612 3584 sine
1645 3533 1753 3584 ﬁne
1801 3530 2173 3592 manentium,

589 3629 736 3698 ignis
777 3626 988 3680 scilicet
1017 3624 1166 3678 illius
1196 3619 1680 3688 inexstinguibilis,
1713 3624 1770 3672 et
1808 3617 2012 3671 vermis
2033 3635 2177 3671 nun-

586 3734 755 3789 quam
769 3715 995 3770 omnino
1027 3711 1336 3766 morientis.
1362 3711 1501 3764 Cum
1526 3708 1612 3762 his
1635 3708 1825 3778 itaque
1848 3707 2178 3761 Pachomius

583 3807 766 3861 modis
797 3811 854 3859 et
881 3803 950 3858 ab
976 3801 1186 3856 illicitis
1208 3799 1532 3864 abstineret,
1561 3806 1618 3851 et
1647 3798 1717 3850 ad
1746 3796 1980 3850 meliora
2010 3797 2178 3866 proﬁ-

583 3898 755 3958 ceret,
787 3889 1060 3946 dilatandi
1081 3886 1421 3942 monastcria
1449 3902 1639 3938 curam
1652 3883 1886 3954 gerebat
1915 3883 2180 3936 immodi-

585 3999 709 4036 cam
737 3997 838 4052 pro
867 3977 1220 4048 susceptione
1249 3976 1586 4029 multorum:
1620 3973 1709 4026 cui
1739 3973 1994 4026 diabolus
2020 3972 2180 4025 vehe-

585 4074 807 4124 menter
825 4067 994 4137 cmpit
1021 4065 1310 4127 obsistere,
1333 4062 1688 4132 stridensque
1705 4079 1875 4132 super
1899 4078 2026 4114 eum
2040 4061 2177 4114 den-

585 4157 756 4223 tibus,
794 4155 962 4210 veluti
983 4152 1283 4224 singularis
1312 4151 1462 4206 ferus
1489 4149 1619 4220 (‘20),
1638 4151 1979 4205 tentationes
2001 4150 2050 4203 ei
2079 4167 2179 4203 va-

586 4246 700 4302 rias
729 4243 1024 4308 excitabat,
1059 4243 1104 4296 si
1124 4241 1310 4295 forsan
1347 4240 1612 4294 adversus
1649 4256 1778 4293 eum
1821 4239 2034 4292 fraudis
2063 4255 2176 4293 suae

583 4334 889 4407 reperisset
914 4331 1248 4402 ingressum.
1281 4329 1388 4384 Sed
1420 4328 1511 4382 hic
1535 4334 1690 4382 scuto
1707 4328 1836 4382 ﬁdei
1867 4327 2176 4382 communi-

583 4431 696 4491 tus,
728 4423 1027 4494 vigilanter
1051 4419 1264 4474 inimici
1309 4417 1630 4472 declinabat
1666 4417 1918 4482 insidias,
1953 4423 2175 4472 sanctas

584 4513 902 4586 Scripturas
923 4509 1196 4566 memoria
1217 4508 1466 4562 retinens
1495 4512 1662 4578 atque
1691 4507 2014 4560 decantans.

655 4605 785 4657 CAP.
817 4601 990 4656 XVII.
1015 4630 1080 4640 —
1115 4599 1370 4664 Quadam
1386 4613 1514 4650 vero
1544 4597 1652 4660 die,
1685 4613 1813 4650 cum
1845 4596 2178 4650 Pachomius

581 4689 922 4761 supplicaret
949 4687 1206 4753 Domino,
1230 4691 1287 4740 et
1303 4685 1666 4755 genuavellet
1690 4684 1748 4738 in
1769 4684 2021 4738 oratione
2050 4700 2178 4738 cur-

582 4795 734 4844 vare,
761 4784 890 4832 ante
911 4782 1266 4848 conspectum
1295 4777 1417 4846 ejus
1437 4775 1754 4830 daemonum
1784 4773 2082 4844 praestigiis
2102 4773 2180 4826 la-

583 4884 683 4922 cus
711 4865 988 4937 apparuit.
1014 4864 1415 4935 IIujuscemodi
1463 4879 1706 4933 namque
1739 4864 1948 4933 figuras
1982 4862 2178 4915 inanes

585 4961 754 5026 atque
772 4955 1102 5025 superfluas,
1127 4953 1304 5008 hostis
1323 4952 1556 5008 humani
1581 4951 1806 5022 generis
1833 4969 2054 5022 semper
2082 4967 2177 5005 ex-

584 5045 774 5100 hibere
803 5041 1120 5108 festinabat,
1152 5046 1218 5095 ut
1245 5041 1435 5112 aliqua
1480 5041 1840 5111 subreptione
1869 5040 1953 5094 vel
1982 5040 2176 5094 fraude

582 5151 742 5190 mens
771 5131 984 5186 orantis
1023 5147 1057 5184 a
1085 5130 1312 5201 propria
1338 5130 1646 5184 intentione
1665 5131 1952 5195 distracta,
1985 5146 2176 5200 preces

582 5223 821 5278 Domino
852 5220 1182 5294 purissimas
1222 5219 1420 5272 offerre
1448 5235 1561 5272 non
1591 5225 1794 5290 posset.
1840 5219 2174 5274 Pachomius

584 5329 716 5383 ergo
747 5311 1066 5366 daemonum
1098 5307 1404 5373 machinas,
1435 5307 1654 5362 Christo
1671 5311 1951 5363 revelantc
1974 5325 2174 5377 cogno-

585 5418 762 5466 scens,
799 5399 1120 5471 pariterque
1151 5396 1480 5468 despiciens,
1503 5397 1744 5452 maxima
1769 5399 1896 5452 ﬁdei
1917 5397 2175 5469 capiebat

583 5497 886 5559 augmenta
919 5507 931 5554 ;
971 5489 1070 5542 hos
1103 5487 1328 5558 quidem
1360 5491 1680 5540 constanter
1706 5505 1970 5558 arguens,
1992 5487 2172 5542 Deum

581 5595 708 5632 vero
741 5579 905 5632 solita
931 5577 1241 5647 gratiarum
1268 5575 1486 5630 actione
1504 5575 1858 5630 benedicens.

654 5667 1028 5722 Consueverat
1041 5682 1264 5737 quoque
1275 5671 1501 5721 sanctus
1514 5665 1601 5720 vir
1610 5666 1801 5736 procul
1823 5670 1865 5740 ι
1889 5671 1928 5733 ι
1941 5669 2007 5732 9
2017 5683 2048 5719 a
2060 5682 2174 5720 mo-

2258 601 2540 654 scendere.
2586 602 2693 664 Qui
2731 619 2856 655 cum
2900 601 3099 655 exinde
3142 606 3531 667 reverteretur,
3561 602 3790 656 immundi

2257 689 2488 758 spiritus
2509 689 3157 761 illudentes,frequenter
3173 707 3296 744 eum
3315 691 3458 745 facto
3478 691 3619 744 velut
3637 693 3795 746 ordine

2256 779 2662 848 praecedebant,
2688 781 3045 834 exhortantes
3077 781 3223 833 alter
3251 781 3507 845 alterum,
3527 781 3670 850 quasi
3692 788 3793 834 ante

2250 867 2499 936 judicem
2528 869 2754 921 directis
2775 869 3111 938 agminibus,
3132 885 3196 921 ac
3215 869 3480 922 dicentes:
3501 869 3630 922 Date
3647 870 3795 922 locum

2256 955 2464 1008 homini
2480 956 2939 1011 Dei.Pachomius
2953 965 3141 1012 autem
3163 977 3260 1028 spe
3283 959 3486 1012 Christi
3508 959 3796 1029 Redempto-

2258 1045 2334 1097 ris
2345 1052 2614 1111 armatus,
2635 1046 2937 1116 spernebat
2953 1064 3149 1101 eorum
3173 1047 3470 1100 ridiculosa
3484 1049 3744 1116 ﬁgmenta,
3761 1055 3799 1101 et

2257 1150 2321 1186 ac
2349 1133 2395 1186 si
2425 1151 2624 1188 canum
2666 1135 2904 1190 latratus
2957 1136 3338 1206 ineptissimos
3383 1136 3690 1207 deputabat.
3719 1138 3797 1199 Qui

2256 1238 2518 1292 magnam
2541 1223 2641 1277 viri
2661 1224 3080 1277 considerantes
3095 1225 3589 1294 instantiam,quod
3605 1225 3657 1278 in
3678 1226 3795 1278 nullo

2255 1328 2484 1381 prorsus
2503 1312 2676 1366 tantis
2694 1313 3090 1366 luctaminibus
3108 1313 3480 1382 frangeretur,
3506 1314 3713 1367 irruunt
3734 1331 3800 1366 su-

2255 1416 2356 1470 per
2383 1417 2512 1454 eum
2542 1417 2746 1471 magno
2776 1418 2952 1455 cuneo
2982 1401 3315 1471 conglobati;
3349 1408 3406 1455 et
3435 1401 3798 1456 circumdantes

2255 1489 2378 1559 ejus
2405 1489 2808 1556 habitaculum,
2833 1489 2934 1544 visi
2963 1491 3246 1544 suntillud
3269 1508 3304 1544 a
3323 1491 3678 1544 fundamento
3700 1508 3798 1543 cou-

2254 1579 2478 1644 vellere,
2503 1578 2581 1632 ita
2611 1584 2674 1632 ut
2702 1583 2926 1648 putaret
2945 1584 3168 1633 sanctus
3198 1579 3383 1633 locum
3425 1580 3642 1650 penitus
3666 1579 3798 1632 fuisse

2255 1667 2582 1738 collapsum.
2605 1668 2710 1732 Qui
2731 1685 2964 1722 manens
2984 1669 3313 1740 intrepidus,
3338 1677 3653 1723 consuetam
3665 1669 3797 1722 citha-

2256 1773 2377 1809 ram
2416 1756 2683 1826 spiritalis
2714 1757 2908 1827 plectri
2934 1758 3312 1812 modulatione
3335 1758 3606 1828 pulsabat,
3626 1756 3796 1827 ingenti

2198 1828 2244 1886 Β
2259 1862 2388 1899 voce
2416 1846 2745 1900 decantans:
2776 1847 2925 1900 Deus
2941 1854 3132 1900 noster
3151 1846 3430 1916 refugium
3453 1854 3509 1902 et
3529 1847 3704 1911 virtus,
3725 1845 3796 1898 ad-

2251 1934 2409 2003 jutor
2437 1935 2493 1987 in
2511 1934 2982 2001 tribulationibus,
3009 1952 3132 2005 quae
3154 1935 3491 1990 invenerunt
3510 1953 3607 1989 nos
3626 1934 3765 1988 nimis
3788 1951 3796 1984 :

2256 2029 2551 2092 propterea
2563 2039 2673 2076 non
2694 2023 3018 2077 timebimus
3037 2024 3168 2077 dum
3182 2023 3797 2093 turbabiturterra(l’sai.

2257 2121 2402 2172 XLV).
2435 2113 2555 2175 Quo
2585 2113 2876 2183 psallente,
2903 2113 3157 2183 protinus
3183 2119 3267 2166 est
3284 2113 3431 2167 facta
3451 2112 3800 2183 tranquillitas,

2259 2205 2316 2254 et
2337 2200 2582 2270 impetus
2611 2200 2964 2254 inimicorum
2996 2202 3145 2256 velut
3165 2201 3353 2256 fumus
3383 2203 3621 2256 evanuit:
3644 2198 3813 2272 paulu-'

2257 2291 2374 2343 lum
2417 2289 2642 2360 quidem
2666 2290 3008 2354 recedentes,
3042 2295 3106 2343 ut
3141 2307 3307 2344 canes
3335 2291 3431 2361 qui
3470 2309 3594 2346 cum
3632 2287 3803 2358 fatigati

2256 2376 2484 2442 fuerint,
2540 2378 2608 2431 ad
2640 2396 2884 2450 praesens
2907 2380 3168 2434 videntur
3197 2380 3516 2446 abscedere,
3551 2380 3643 2434 sed
3669 2379 3805 2447 impu°

2258 2465 2540 2520 dentiores
2560 2474 2752 2537 postea
2771 2474 3146 2524 revertuntur:
3167 2486 3298 2522 nam
3315 2471 3607 2523 cumidem
3625 2473 3804 2523 sanctus

2259 2561 2388 2624 post
2416 2556 2696 2610 orationes
2727 2557 2797 2610 ad
2830 2575 2969 2627 opus
3000 2558 3226 2612 solitum
3274 2559 3632 2622 consedisset,
3665 2559 3803 2610 instar

2256 2643 2389 2711 galli
2413 2643 2707 2712 gallinacei
2739 2645 2923 2698 nimim
2960 2645 3364 2714 magnitudinis
3392 2664 3581 2700 coram
3609 2663 3669 2700 eo
3695 2645 3806 2696 visus

2262 2737 2348 2784 est
2376 2731 2652 2798 inimicus,
2690 2733 2912 2786 crebras
2942 2734 3153 2788 iterans
3173 2752 3352 2800 voces,
3381 2743 3439 2789 et
3478 2737 3730 2790 clamores
3751 2732 3807 2784 in-

2263 2820 2515 2873 conditos
2547 2821 2813 2887 excitans;
2847 2822 3048 2876 deinde
3070 2823 3322 2877 insiliens
3353 2824 3413 2878 in
3443 2842 3592 2890 eum,
3623 2823 3726 2878 suis
3743 2837 3806 2872 ve-

2264 2908 2349 2962 lut
2377 2909 2657 2978 unguibus
2685 2910 2829 2963 finde
2857 2911 3136 2964 laceravit.
3169 2913 3276 2976 Qui
3304 2913 3466 2982 signo
3497 2913 3669 2966 crucis
3697 2911 3807 2963 fron-

2259 3001 2374 3049 tem
2403 3014 2562 3050 suam
2594 2999 2870 3062 muniens,
2897 2999 3212 3052 exsufﬁavit
3234 3000 3291 3053 in
3311 3017 3440 3054 eum
3475 3001 3600 3066 (21),
3620 3014 3807 3066 moxque

2262 3085 2487 3153 fugatus
2511 3092 2612 3140 est.
2637 3087 3150 3156 Intelligcbatenim
3177 3090 3630 3144 cunctasinimici
3661 3103 3805 3140 versu-

2219 3222 2238 3244 η
2267 3175 2393 3239 tias;
2425 3181 2482 3228 et
2508 3175 2710 3228 timore
2739 3175 2924 3230 divino
2955 3177 3239 3246 praeditus,
3273 3179 3565 3233 illusiones
3597 3179 3706 3248 ejus
3739 3191 3806 3244 pro

2261 3263 2436 3316 nihilo
2468 3263 2846 3334 computabat.
2866 3266 3023 3318 Unde
3048 3266 3373 3336 frequenter
3397 3268 3470 3320 ab
3482 3286 3546 3322 eo
3565 3265 3806 3321 lacessitus

2259 3349 2316 3404 in
2330 3353 2481 3405 nullo
2503 3353 2772 3406 lacessere
2785 3360 3022 3424 poterat;
3037 3355 3137 3408 sed
3152 3362 3418 3425 tanquam
3437 3357 3610 3410 turris
3621 3357 3807 3423 inexpu-

2259 3436 2519 3506 gnabilis,
2545 3438 2988 3508 patientissimus
3009 3439 3078 3493 ad
3101 3440 3289 3494 omnia
3319 3441 3631 3495 certamina
3653 3438 3808 3511 perdu-

2263 3527 2440 3579 rabat.

2331 3617 2546 3670 Rursus
2575 3617 2683 3670 alio
2712 3623 2964 3687 tempore
2992 3617 3246 3670 cohortes
3267 3616 3718 3683 dzmnonum,tali
3741 3629 3808 3682 ge-

2261 3720 2392 3757 nere
2413 3706 2820 3776 phantasmatis
2837 3711 3090 3759 sanctum
3113 3704 3210 3760 Dei
3227 3706 3503 3762 famulum
3514 3712 3720 3762 tentare
3733 3718 3812 3756 mo-

2263 3792 2498 3846 liuntur.
2532 3793 2728 3847 Plures
2751 3795 2900 3847 enim
2920 3794 3310 3847 convenientes
3329 3795 3386 3849 in
3409 3811 3608 3860 unum,
3640 3789 3810 3848 arboris

2262 3881 2452 3935 folium
2471 3899 2658 3936 coram
2669 3900 2734 3936 eo
2750 3883 2965 3951 magnis
2975 3883 3198 3936 funibus
3217 3883 3482 3952 colligare
3503 3884 3808 3940 videbantur,

2261 3976 2318 4024 et
2345 3988 2561 4024 summo
2587 3972 2879 4025 conanime
2905 3972 3149 4036 trahere,
3175 3971 3371 4025 dextra
3399 3972 3650 4044 laevaque
3670 3967 3810 4024 ductis

2262 4059 2567 4124 ordinibus;
2594 4077 2658 4112 ac
2685 4076 2807 4114 sese
2837 4065 3034 4114 mutuo
3067 4061 3445 4125 cohortantes,
3484 4062 3564 4116 sic
3596 4060 3810 4114 insistere

2260 4147 2600 4214 nitebantur,
2617 4165 2680 4202 ac
2699 4149 2745 4202 si
2769 4149 2959 4219 magni
2985 4149 3184 4219 lapidis
3208 4156 3502 4204 moverent
3519 4149 3724 4221 pondus
3738 4145 3812 4197 im-

2259 4254 2536 4292 mensum.
2557 4238 2673 4292 Hoc
2693 4243 2882 4292 autem
2902 4238 3232 4308 nequissimi
3269 4238 3502 4310 spiritus
3539 4239 3728 4292 idcirco
3758 4232 3812 4284 fa-

2259 4326 2496 4393 ciebant,
2531 4332 2595 4380 ut
2623 4332 2869 4381 mentem
2890 4328 3030 4397 ejus,
3059 4327 3104 4380 si
3127 4333 3372 4398 possent,
3403 4327 3466 4382 in
3496 4328 3668 4382 risum
3703 4325 3812 4377 forti?

2197 4416 2620 4479 Dresolverent,
2663 4421 2720 4469 et
2767 4415 3084 4469 invenirent
3111 4417 3259 4470 unde
3307 4416 3388 4469 Illi
3427 4415 3811 4487 exprobrarent.

2259 4505 2508 4568 Quorum
2523 4504 3271 4575 Pachomiusimpudentiam
3291 4500 3812 4574 cernens,ingemuit:

2261 4599 2427 4662 atque
2457 4593 2528 4646 ad
2557 4593 2857 4647 Dominum
2886 4593 3064 4646 solitis
3095 4593 3350 4664 precibus
3377 4593 3700 4656 convolavit,
3732 4595 3815 4642 sta-

2257 4683 2473 4753 timque
2519 4682 2726 4736 virtute
2757 4683 2965 4737 Christi
2994 4688 3146 4737 totus
3176 4699 3372 4737 eorum
3427 4700 3639 4738 cuneus
3666 4685 3738 4734 est
3765 4674 3814 4730 ad

2260 4771 2498 4826 nihilum
2528 4773 2806 4826 redactus.

2331 4862 2677 4932 Frequenter
2695 4861 2843 4915 enim
2860 4877 2988 4915 cum
3013 4861 3286 4916 resideret
3313 4861 3384 4916 ad
3406 4877 3677 4925 mensam,
3703 4859 3813 4914 Deo-

2261 4966 2369 5020 que
2396 4950 2608 5018 gratias
2619 4955 2830 5020 ageret,
2839 4949 3184 5020 apparebant
3207 4949 3289 5003 illi
3313 4949 3370 5003 in
3384 4950 3580 5004 habitu
3599 4948 3817 5021 pulcher.

2257 5039 2530 5094 rimarum
2562 5039 2880 5104 mulierum,
2904 5039 3088 5110 specie
3116 5039 3518 5104 differentium,
3549 5046 3605 5093 et
3634 5030 3818 5110 procaci

2257 5143 2321 5180 ac
2335 5127 2479 5180 faeda
2489 5127 2742 5182 nuditate
2757 5128 3083 5198 conspicuae,
3093 5127 3274 5181 eidem
3287 5133 3472 5181 astare
3489 5127 3809 5181 videbantur.

2256 5222 2314 5270 et
2341 5233 2405 5270 ex
2437 5217 2705 5288 appositis
2725 5217 2864 5270 velle
2884 5217 3226 5286 contingere.
3258 5217 3366 5271 Sed
3392 5216 3610 5270 athlela
3622 5210 3820 5269 fortissi-

2256 5321 2398 5370 mus,
2415 5305 2666 5376 quamvis
2688 5306 2924 5360 sentiret
2947 5323 3012 5360 ex
3023 5306 3128 5360 hoc
3147 5306 3268 5376 ipso
3294 5306 3629 5370 molestiam,
3659 5310 3818 5357 tamen

2255 5393 2558 5448 exteriores
2579 5395 2766 5449 oculos
2783 5394 3432 5458 claudens,etinteriores
3453 5395 3524 5448 ad
3543 5393 3816 5448 Dominum

2251 5501 2528 5538 reserans.
2562 5501 2757 5538 eorum
2779 5485 3070 5538 molimina
3091 5483 3426 5554 proterebat.
3449 5485 3659 5537 Aderat
3685 5479 3812 5532 enim

2255 5573 2568 5628 misericors
2585 5573 2872 5638 Dominus,
2883 5573 2976 5644 qui
2988 5573 3158 5626 etiam
3171 5589 3320 5627 nunc
3336 5573 3590 5627 contritis
3600 5587 3660 5624 ac
3673 5566 3816 5622 rectis

2255 5667 2420 5722 corde
2441 5667 2656 5722 cunctis
2669 5667 2864 5724 adesse
2879 5667 3225 5739 dignatur,et
3239 5667 3392 5722 dicit:
3413 5666 3600 5722 Nolite
3621 5664 3812 5719 timere.
