3912 6424
154 386 257 448 241

920 399 1090 455 VITA
1128 400 1386 458 SANCTI
1425 403 1781 461 PACHOMII
1817 408 2123 466 ABBATIS
2158 408 2678 465 TABENNENSIS.

3336 407 3445 466 242

153 535 259 589 ego
290 519 574 578 vobiscum
593 541 718 580 sum
740 524 1000 583 omnibus
1020 525 1218 581 diebus
1232 543 1409 598 usque
1420 529 1489 583 ad
1501 535 1825 593 consum-A
1842 533 2011 588 nimis
2038 535 2225 589 alacer
2254 551 2355 606 pro
2383 535 2510 589 vita:
2533 533 2830 589 sanctitate
2851 531 3120 599 certabat,
3152 533 3443 604 postulans

152 609 460 665 mationem
492 614 679 668 saeculi
714 616 926 683 (Matth.
958 618 1168 685 xxvm),
1214 633 1491 689 suumque
1531 620 1753 675 fidelem

148 699 429 754 famulum
458 703 716 758 servabat
741 705 800 759 in
830 705 1109 760 omnibus.

221 789 355 843 Car.
375 790 577 847 XVIII.
598 823 659 833 —
677 794 804 848 Alia
824 811 1045 866 quoque
1061 796 1193 862 vice,
1217 797 1504 852 cumidem
1526 806 1751 855 sanctus

142 878 413 947 gravibus
443 880 652 936 diaboli
682 884 954 938 molestiis
984 891 1298 955 urgeretur,
1330 887 1409 941 sic
1437 888 1507 942 ab
1552 904 1618 943 eo
1666 895 1753 944 est

143 968 454 1023 crudeliter
479 987 673 1037 czesus,
708 977 772 1026 ut
798 990 833 1027 a
862 991 1093 1045 vespera
1125 992 1302 1047 usque
1335 994 1519 1041 mane,
1569 984 1751 1033 totum

143 1072 352 1128 corpus
381 1059 576 1113 multis
606 1066 753 1115 esset
780 1062 1102 1118 verberibus
1124 1071 1434 1120 exaratum.
1473 1068 1541 1121 Et
1570 1084 1750 1138 quan-

144 1162 320 1217 quam
342 1147 629 1203 doloribus
649 1151 1363 1222 cruciareturimmanibus,
1388 1157 1542 1210 nulla
1560 1162 1748 1211 tamen

140 1235 538 1306 desperatione
566 1239 788 1309 penitus
811 1240 1206 1311 frangebatur:
1238 1245 1335 1298 sed
1368 1262 1583 1299 memor
1630 1253 1751 1302 erat

140 1323 387 1392 Domini,
423 1327 518 1397 qui
548 1344 737 1382 servos
769 1347 880 1384 non
903 1331 1109 1385 deserit
1134 1332 1193 1385 in
1221 1335 1550 1390 tentatione.
1593 1338 1750 1391 Tunc

140 1413 375 1483 quidam
404 1418 732 1484 monachus,
767 1420 878 1487 (22)
920 1421 1118 1491 Apollo
1158 1423 1402 1490 nomine,
1434 1426 1620 1495 gratia
1663 1427 1748 1480 vi-

139 1503 302 1556 sendi
334 1505 490 1558 venit
517 1506 588 1559 ad
611 1523 760 1560 eum.
794 1508 898 1562 Cui
926 1509 1259 1565 Pachomius
1278 1513 1513 1583 loquens
1543 1531 1607 1568 ea
1625 1532 1751 1586 quia

138 1592 431 1662 pertinent
461 1596 533 1649 ad
562 1596 821 1663 salutem,
855 1598 1086 1652 insidias
1116 1600 1324 1655 diaboli
1374 1603 1748 1659 multiformes

138 1698 261 1735 esse
294 1685 692 1753 pronuntians,
713 1687 882 1757 caapit
901 1688 1071 1742 etiam
1092 1689 1187 1743 illa
1207 1707 1329 1761 quae
1351 1691 1498 1746 circa
1511 1709 1570 1747 se
1589 1710 1748 1763 gere-

136 1768 347 1824 bantur
373 1789 670 1843 exponere,
702 1781 1024 1847 quantaque
1052 1778 1156 1831 sibi
1180 1796 1281 1850 per
1310 1798 1504 1835 eorum
1536 1782 1746 1837 acerbi-

1837 639 1871 677 a
1898 623 2136 679 Domino
2167 630 2232 679 ut
2255 624 2302 679 si
2336 625 2460 678 ﬁeri
2487 628 2696 695 posset,
2729 622 2874 693 quod
2908 623 3140 676 modum
3182 622 3442 677 humanae

1832 712 2154 783 fragilitatis
2183 713 2494 779 excederet,
2522 712 2915 766 necessitatem
2942 711 3124 765 somni
3149 718 3445 783 superaret

1836 804 2021 870 (Ila/)1,
2057 807 2095 858 ι.
2125 818 2189 857 III
2216 820 2272 856 η.
2304 801 2419 872 35),
2454 806 2732 873 quatenus
2759 800 2955 855 diebus
2985 817 3049 855 ac
3076 801 3334 856 noctibus
3356 802 3442 855 vi-

1830 891 2034 962 gilans,
2083 892 2533 946 adversariorum
2582 890 3035 944 machinamenta
3098 890 3437 958 destrueret,

1833 980 1979 1035 sicut
2019 981 2292 1052 scriptum
2345 986 2462 1035 est:
2514 980 2834 1051 Persequar
2880 978 3136 1033 inimicos
3161 996 3336 1046 meos,
3385 987 3442 1034 et

1832 1070 2301 1141 comprehendam
2328 1069 2455 1123 illos
2479 1086 2492 1135 ;
2527 1074 2585 1123 et
2612 1084 2725 1122 non
2752 1074 3064 1135 convertar,
3096 1067 3273 1122 donec
3301 1068 3440 1122 defi-

1832 1158 2000 1211 ciant.
2025 1158 2288 1228 Afiligam
2308 1158 2452 1225 illos,
2476 1175 2578 1211 nec
2609 1162 2877 1228 poterunt
2912 1162 3092 1210 stare:
3112 1156 3317 1210 cadent
3335 1154 3440 1211 sub

1834 1247 2067 1317 pedibus
2098 1247 2264 1310 meis,
2294 1252 2352 1301 et
2386 1246 2728 1317 praecinxisti
2758 1262 2848 1299 me
2887 1245 3092 1299 virtute
3130 1245 3201 1299 ad
3229 1244 3438 1299 bellum

1830 1338 1940 1404 (Ps.
1968 1339 2122 1407 XVII).
2152 1337 2458 1407 Postquam
2477 1352 2608 1389 vero
2636 1335 2754 1389 haec
2773 1334 2969 1405 petitio
2989 1335 3131 1404 ejus,
3165 1340 3438 1405 quantum

1831 1426 2074 1480 conditio
2096 1424 2353 1496 permisit
2377 1425 2645 1489 humana,
2674 1424 2951 1494 completa
2973 1428 3077 1485 est,
3100 1422 3437 1477 invisibilem

1829 1515 2050 1569 hostem
2078 1521 2352 1585 tanquam
2374 1514 2565 1567 videns
2592 1512 2882 1578 sustinuit,
2908 1511 2966 1566 in
2995 1512 3232 1583 eloquiis
3252 1513 3440 1566 caeles-

1830 1602 1980 1658 tibus
2009 1620 2067 1657 se
2098 1607 2522 1674 perseveranter
2548 1618 2830 1657 exercens.
2866 1602 3064 1654 Preces
3095 1606 3284 1655 autem
3316 1602 3439 1670 ejus

1828 1692 2187 1747 incessabiles
2224 1697 2403 1757 erant,
2437 1696 2503 1746 ut
2528 1690 2754 1746 Domini
2784 1690 3044 1744 voluntas
3076 1689 3136 1743 in
3178 1689 3437 1744 omnibus

1827 1781 2177 1853 impleretur.

137 1865 286 1913 tates
317 1861 478 1915 illata
506 1869 692 1917 essent
710 1864 959 1932 verbera,
983 1883 1291 1922 recensere.
1325 1870 1409 1923 Ad
1441 1888 1606 1941 quem
1628 1888 1744 1925 mo-
1767 1853 1811 1912 B
1901 1871 2030 1925 Car.
2052 1871 2198 1925 XXI.
2217 1900 2281 1909 —
2300 1870 2555 1934 Quodam
2575 1874 2766 1923 autem
2784 1872 3059 1938 tempore,
3079 1883 3206 1921 cum
3227 1867 3438 1922 Pacho-

136 1950 355 2004 nachus
384 1951 498 2005 ait:
544 1952 798 2007 Viriliter
826 1970 950 2025 age,
982 1961 1038 2010 et
1067 1944 1411 2012 confortetur
1435 1977 1532 2013 cor
1556 1965 1738 2027 tuum,

134 2039 475 2094 venerabilis
504 2042 693 2096 Pater.
727 2043 920 2098 Sciens
950 2044 1096 2098 enim
1131 2046 1383 2101 diabolus
1428 2048 1561 2118 quia
1598 2049 1646 2103 si
1684 2054 1740 2103 te

133 2128 251 2182 suis
262 2129 556 2184 cedentem
569 2131 918 2186 conflictibus
928 2134 1556 2207 vicerit,consequenter
1570 2138 1739 2192 etiam

132 2234 259 2283 nos,
282 2218 381 2289 qui
400 2236 502 2290 pro
522 2219 721 2274 virium
743 2223 1108 2293 possibilitate
1120 2225 1493 2280 certaminum
1512 2232 1740 2281 tuorum

131 2312 445 2362 sectatores
471 2309 779 2377 existimus,
805 2312 1011 2383 quique
1034 2313 1278 2368 maxima
1293 2331 1394 2385 per
1414 2319 1468 2368 te
1489 2317 1740 2387 capimus

130 2398 395 2468 exempla
413 2398 706 2465 virtutum,
730 2400 991 2470 perfacile
1019 2403 1333 2473 superabit;
1361 2404 1567 2459 idcirco
1586 2411 1643 2459 te
1654 2424 1743 2460 ve-

128 2485 434 2540 hementer
459 2487 788 2559 impugnare
826 2507 940 2543 non
978 2491 1199 2546 desinit.
1244 2493 1351 2547 Sed
1389 2498 1471 2559 tu,
1514 2495 1741 2551 Domini

129 2578 485 2648 protectione
515 2580 785 2638 munitus.
813 2580 1089 2651 impetum
1115 2583 1237 2652 ejus
1262 2583 1483 2637 fortiter
1511 2585 1699 2655 excipe
1722 2605 1735 2654 ;

128 2682 227 2732 ne,
262 2667 412 2738 quod
440 2666 604 2733 absit,
630 2675 687 2722 et
716 2686 816 2740 pro
843 2670 1001 2724 nobis
1032 2672 1250 2741 cogaris
1289 2673 1523 2726 reddere
1563 2674 1738 2729 ratio-

127 2772 287 2809 nem.
316 2756 461 2810 Nam
490 2757 537 2811 si
565 2762 647 2825 tu,
679 2758 775 2829 qui
796 2758 956 2813 nobis
970 2760 1157 2829 gratia
1171 2760 1360 2815 divina
1374 2763 1637 2832 praelatus
1658 2781 1734 2831 es,

126 2845 329 2915 aliqua
349 2846 565 2900 desidia
583 2848 833 2914 cesseris,
850 2849 1041 2903 multis
1053 2850 1401 2905 occasionem
1417 2852 1593 2905 ruinae
1606 2870 1740 2907 cau-

126 2951 371 3005 samque
392 2935 699 3006 praestabis.
720 2937 849 2991 Hzec
867 2938 1102 2992 audiens
1123 2939 1476 3008 Pachomius,
1498 2943 1742 3011 grandes

126 3024 353 3094 accepit
369 3024 514 3078 vires
535 3024 803 3080 adversus
822 3027 1141 3082 daemonum
1171 3028 1405 3083 insidias
1428 3048 1441 3097 ;
1461 3036 1518 3084 et
1534 3031 1743 3101 gloriﬁ-

127 3129 270 3166 cans
297 3113 475 3167 Deum
504 3115 572 3168 de
603 3114 790 3169 fratris
818 3117 1135 3187 praesentia,
1169 3118 1643 3189 precabatureum
1668 3137 1740 3175 ne

129 3218 199 3254 se
223 3202 529 3257 desereret.
564 3204 773 3259 Exinde
794 3212 1139 3261 memoratus
1169 3208 1369 3278 Apollo
1397 3225 1543 3280 saepe
1560 3209 1741 3264 venie-

127 3290 235 3345 bat
263 3291 336 3345 ad
365 3309 575 3346 senem.
609 3294 715 3358 Qui
747 3301 875 3365 post
903 3295 1254 3367 aliquantum
1276 3298 1566 3369 temporis,
1602 3299 1738 3352 dum

127 3380 306 3435 solito
338 3381 701 3437 Pachomium
729 3384 979 3451 visitans,
1012 3385 1205 3456 paucis
1245 3403 1372 3441 cum
1421 3403 1486 3440 eo
1541 3387 1738 3442 diebus

127 3475 455 3525 remoratus
475 3477 639 3537 esset,
660 3473 844 3527 valida
860 3473 1187 3529 inﬁrmitate
1206 3481 1515 3546 correptus,
1534 3476 1735 3531 huma-

124 3558 221 3613 nis
242 3558 412 3613 rebus
439 3560 695 3627 excessit,
720 3563 884 3630 juxta
913 3567 1104 3617 votum
1134 3564 1283 3617 senis
1311 3564 1430 3617 dies
1449 3582 1579 3618 suos
1606 3582 1735 3635 per-

123 3648 278 3702 fecta
309 3650 726 3704 conversatione
755 3668 1178 3706 consummans.
1222 3654 1508 3723 Sepelitur
1546 3653 1736 3725 itaque

121 3737 341 3792 sanctis
369 3737 649 3805 manibus,
673 3740 902 3811 psalmis
923 3740 992 3794 ab
1013 3757 1078 3795 eo
1108 3746 1164 3795 et
1182 3741 1409 3814 hymnis
1429 3747 1487 3795 et
1505 3742 1734 3796 canticis

121 3826 476 3898 spiritalibus
510 3845 576 3882 ex
599 3845 755 3883 more
773 3829 1087 3884 celebratis.

199 3916 334 3971 CAP.
366 3917 511 3971 XIX.
541 3948 605 3958 —
646 3924 828 3985 [20
846 3919 1085 3974 Tantam
1106 3936 1235 3974 vero
1269 3924 1399 3991 post
1426 3920 1543 3974 haec
1585 3920 1731 3974 ﬁdu-

123 4006 271 4060 ciam
314 4005 508 4060 beatus
529 4008 865 4062 Pachomius
881 4010 1030 4079 apud
1050 4009 1352 4063 Dominum
1373 4009 1728 4080 acquisierat,

125 4100 185 4148 et
200 4093 283 4147 ita
312 4111 411 4165 spe
437 4094 625 4149 divina
649 4096 982 4165 magniﬁcus
1013 4095 1343 4163 habebatur,
1375 4104 1438 4151 ut
1476 4114 1731 4167 saepenu-

132 4200 295 4237 mero
328 4184 569 4239 calcaret
596 4191 885 4257 serpentes
905 4191 961 4239 et
979 4186 1319 4257 scorpiones,
1354 4191 1521 4257 etper
1548 4186 1737 4241 omnia

130 4276 392 4326 maneret
418 4272 622 4326 illaesus
648 4291 660 4339 ;
694 4289 911 4327 necnon
938 4274 1217 4339 crocodili,
1251 4274 1524 4345 siquando
1543 4292 1735 4328 neces-

130 4361 272 4413 sitas
291 4361 523 4414 tluvium
548 4362 787 4415 transire
808 4363 1187 4434 compelleret,
1215 4379 1343 4417 eum
1368 4380 1495 4417 cum
1516 4380 1739 4417 summa

1754 4408 1803 4465 D

1823 1960 1970 2014 mins
1989 1959 2248 2030 vigilaret
2276 1960 2334 2013 in
2360 1958 2633 2023 oratione,
2666 1957 2930 2029 apparuit
2959 1956 3039 2009 illi
3067 1956 3301 2026 angelus
3328 1956 3437 2011 Do-

1825 2049 1982 2115 mini,
2015 2049 2204 2103 dicens
2233 2067 2243 2102 :
2276 2049 2551 2102 Voluntas
2574 2046 2799 2101 Domini
2816 2050 2920 2112 est,
2945 2061 2978 2098 o
2996 2044 3284 2109 Pachomi,
3303 2051 3369 2099 ut
3382 2046 3433 2099 ei

1824 2155 1967 2209 pura
1983 2144 2171 2192 mente
2188 2138 2524 2201 deserviens,
2549 2134 2969 2190 multitudinem
2993 2150 3298 2204 congreges
3318 2150 3435 2188 mo-

1824 2227 2151 2292 nachorum,
2201 2232 2257 2281 et
2278 2228 2440 2297 juxta
2466 2225 2706 2279 formam
2747 2241 2871 2295 quae
2903 2222 3007 2277 tibi
3056 2227 3281 2277 ostensa
3323 2227 3429 2292 est,
3476 2288 3485 2295 ι

1824 2322 2053 2371 cunctos
2077 2316 2360 2381 instituas,
2394 2332 2459 2369 ac
2482 2315 2599 2369 Deo
2628 2313 2889 2369 exhibere
2916 2312 3238 2366 contendas.
3256 2312 3430 2366 Acce-

1823 2411 1984 2477 perat
2013 2406 2163 2459 enim
2186 2405 2399 2459 dudum
2420 2403 2671 2459 tabulam
2698 2402 2824 2474 (23),
2867 2402 2924 2456 in
2973 2417 3086 2472 qua
3122 2406 3285 2455 erant
3312 2401 3432 2456 haec

1822 2495 2089 2549 adnotata
2113 2513 2124 2548 :

1894 2585 2023 2638 Car.
2055 2584 2230 2638 XXII.
2262 2614 2325 2623 —
2357 2581 2770 2653 Singulisjuxta
2788 2580 2934 2634 vires
2957 2596 3090 2633 suas
3119 2578 3284 2633 edere
3304 2594 3431 2633 con-

1822 2672 1987 2727 cedas
2008 2677 2065 2727 et
2091 2671 2301 2737 bibere,
2335 2676 2392 2725 et
2420 2687 2521 2742 pro
2552 2669 2718 2723 modo
2756 2667 3121 2731 vescentium,
3171 2665 3429 2721 laborare

1822 2762 2158 2833 compellas;
2187 2766 2243 2814 et
2260 2777 2440 2831 neque
2468 2759 2761 2814 comedere
2777 2757 3048 2822 modeste,
3078 2772 3261 2827 neque
3285 2757 3430 2826 jeju—

1821 2867 1958 2905 nare
1996 2850 2313 2923 prohibeas.
2347 2847 2728 2903 Validioribus
2750 2846 2996 2918 quidem,
3023 2851 3079 2899 et
3092 2844 3431 2899 comedenti-

1824 2940 1946 3007 bus,
1976 2940 2253 2995 validiora
2273 2955 2444 3010 opera
2467 2957 2480 3005 ;
2502 2937 2714 2992 leviora
2754 2952 2887 2991 vero
2917 2934 3323 2989 infirmioribus
3372 2937 3431 2987 et

1822 3029 2232 3084 abstinentibus
2258 3029 2534 3100 imponas.

1758 3091 1800 3151 C
1894 3119 2086 3172 Facies
2101 3123 2292 3171 autem
2311 3117 2556 3171 diversas
2577 3114 2827 3180 cellulas,
2850 3118 2907 3167 et
2917 3118 3110 3167 ternos
3135 3127 3238 3182 per
3253 3127 3427 3165 unam

1822 3207 2081 3261 cellulam
2110 3222 2339 3260 manere
2365 3204 2692 3260 constituas.
2727 3202 2995 3257 Omnium
3024 3193 3156 3254 vero
3185 3198 3342 3254 cibus
3366 3200 3426 3254 in

1819 3313 1933 3352 uno
1962 3297 2081 3350 loco
2111 3299 2344 3367 paretur
2381 3298 2550 3364 atque
2575 3297 2959 3347 consumatur.

1891 3385 2206 3440 Induantur
2235 3388 2425 3438 autem
2456 3381 2711 3437 noctibus
2738 3379 3016 3434 lebitones
3058 3377 3239 3431 lineos
3285 3375 3420 3447 (24),

1817 3473 2101 3546 praecincti
2130 3472 2369 3537 lumbos,
2401 3471 2758 3541 habeantque
2777 3468 2985 3538 singuli
3004 3467 3268 3521 melotem
3283 3464 3420 3537 (25),

1818 3564 1874 3617 id
1905 3569 2006 3629 est,
2039 3563 2327 3634 caprinam
2356 3561 2561 3632 pellem
2585 3558 2894 3613 confectam
2923 3556 3128 3623 albam,
3159 3555 3282 3609 sine
3312 3571 3425 3627 qua

1817 3669 1999 3724 neque
2028 3651 2346 3717 comedant,
2387 3666 2569 3720 neque
2598 3647 2899 3702 dormiant.

1887 3741 2232 3795 Accedentes
2259 3744 2451 3793 tamen
2470 3738 2538 3791 ad
2562 3735 3015 3791 communionem
3036 3736 3419 3787 sacramento-

1816 3846 1941 3884 rum
1973 3829 2202 3896 Christi,
2236 3834 2293 3882 et
2320 3827 2575 3897 cingulos
2604 3825 2840 3891 solvant,
2873 3827 2931 3877 et
2957 3822 3221 3876 melotem
3246 3819 3419 3891 depo-

1813 3924 1969 3984 nant,
2002 3918 2234 3972 cucullis
2265 3921 2487 3971 utentes
2516 3912 2927 3970 tantummodo.

1886 4009 2004 4062 Hoc
2034 4007 2204 4061 etiam
2249 4011 2587 4077 prmeeptum
2632 4007 2775 4063 erat,
2817 4006 2883 4055 ut
2914 4002 3078 4072 juxta
3118 4013 3419 4053 numerum

1817 4098 2223 4151 elementorum
2255 4101 2311 4149 et
2340 4096 2661 4149 Graecarum
2691 4092 3028 4155 litterarum,
3060 4102 3191 4143 XXIV
3221 4104 3420 4142 mona-

1817 4187 2050 4241 chorum
2066 4191 2265 4239 turmze
2286 4180 2866 4242 constituerentur,ita
2882 4184 2946 4233 ut
2960 4178 3196 4249 singulis
3214 4177 3420 4232 turmis

1816 4277 2244 4348 imponerentur
2255 4273 2605 4345 singularum
2622 4270 2851 4325 nomina
2870 4269 3206 4334 litterarum,
3231 4266 3288 4320 id
3313 4272 3418 4327 est,

1818 4365 1887 4420 ab
1919 4391 1970 4430 α,
2014 4370 2071 4419 et
2095 4364 2359 4434 deinceps
2388 4378 2565 4433 usque
2594 4361 2663 4415 ad
2690 4386 2752 4426 ω,
2795 4364 2860 4413 ut
2887 4374 3014 4412 cum
3044 4357 3422 4427 interrogaret

131 4447 484 4519 subjectione
514 4450 832 4521 portabant,
873 4457 1212 4521 exponentes
1265 4467 1394 4505 eum
1441 4452 1512 4505 ad
1552 4452 1736 4505 locum
1761 4446 1802 4465 υ
1819 4454 2318 4509 archimandritam
2341 4452 2409 4507 de
2429 4451 2615 4522 aliquo
2631 4450 2687 4503 in
2708 4447 3067 4503 multitudine
3080 4446 3421 4513 tanta,facili

133 4554 470 4609 quocunque
502 4540 875 4613 praecepisset.
908 4541 1087 4611 Super
1115 4540 1203 4594 his
1227 4557 1360 4609 ergo
1392 4541 1507 4595 Deo
1526 4541 1738 4610 gratias

131 4627 401 4694 referens,
435 4628 585 4698 quod
613 4628 682 4681 ab
695 4630 968 4684 universis
988 4629 1201 4684 inimici
1230 4630 1520 4684 fraudibus
1550 4646 1738 4684 serva-

130 4722 295 4769 ietur
322 4716 547 4783 illaesus,
571 4716 783 4783 orabat,
800 4718 1020 4772 dicens:
1042 4719 1378 4773 Benedictus
1401 4736 1479 4785 es,
1498 4719 1733 4774 Domine

130 4805 283 4859 Deus
312 4810 541 4876 patrum
558 4812 896 4872 nostrorum,
929 4808 1022 4879 qui
1052 4825 1165 4863 non
1177 4808 1476 4879 despexisti
1504 4808 1733 4863 humili-

130 4899 310 4948 tatem
341 4913 548 4963 meam,
569 4913 751 4967 neque
767 4897 943 4952 sivisti
958 4914 1047 4951 me
1068 4897 1235 4952 nimis
1250 4898 1538 4952 intirmum
1557 4898 1735 4969 decipi

127 4984 216 5038 vel
255 4983 416 5038 illudi
441 4985 637 5040 fraude
675 4985 913 5053 diaboli;
965 4987 1062 5040 sed
1091 4987 1530 5042 misericorditer
1574 4988 1735 5058 igno-

128 5073 333 5127 rantiae
362 5091 501 5128 meae
526 5075 831 5130 discutiens
859 5075 1137 5133 tenebras.
1175 5076 1413 5131 docuisti
1443 5094 1531 5130 me
1558 5076 1739 5130 facere

135 5163 488 5217 voluntatem
514 5170 692 5218 tuam.
722 5166 867 5219 Nam
896 5182 1021 5219 cum
1045 5165 1280 5237 pusillus
1299 5183 1477 5219 essem
1508 5170 1565 5219 et
1595 5165 1742 5235 abje-

133 5257 280 5318 ctus,
304 5269 370 5306 ac
389 5253 513 5307 vita:
528 5271 663 5308 mea}
674 5254 899 5325 penitus
917 5253 1155 5320 nescius,
1173 5254 1391 5309 timoris
1410 5254 1493 5308 tui
1513 5271 1740 5308 sensum

137 5342 279 5396 mihi
300 5342 538 5413 largitus
569 5360 647 5409 es,
680 5348 744 5398 ut
769 5343 1029 5398 tenebras
1058 5344 1361 5398 exteriores
1387 5348 1443 5397 et
1468 5343 1741 5415 supplicia

136 5437 348 5486 aeterna
377 5433 649 5497 devitans,
684 5438 741 5488 te
766 5450 956 5487 veram
1002 5434 1182 5487 lucem
1227 5433 1611 5504 gaudiumque
1641 5450 1739 5503 pe-

136 5537 314 5576 renne
343 5538 755 5592 cognoscerem.

212 5613 343 5666 CAP.
374 5613 494 5666 XX.
516 5641 580 5651 -
604 5611 745 5666 Cum
766 5628 900 5683 ergo
931 5628 992 5666 se
1007 5611 1221 5666 videret
1234 5612 1459 5666 assidua
1475 5611 1744 5665 daemonis

140 5701 565 5773 impugnatione
605 5701 836 5773 pulsari,
865 5705 1138 5771 tanquam
1167 5700 1505 5761 fortissimus
1535 5701 1746 5754 athleta

1819 4544 2182 4615 responsione
2208 4546 2571 4611 cognosceret
2611 4537 2781 4593 Verbi
2807 4536 3010 4608 gratia,
3045 4551 3173 4589 cum
3208 4534 3422 4589 diceret

1821 4632 2064 4705 qualiter
2093 4636 2240 4685 esset
2268 4630 2434 4695 rx,.vel
2462 4632 2506 4697 ζ,
2543 4633 2600 4682 et
2620 4634 2814 4681 rursus
2828 4627 2880 4689 λ,
2915 4624 3001 4677 vel
3029 4648 3075 4700 ρ,
3106 4622 3193 4676 vel
3222 4647 3255 4682 σ
3282 4621 3417 4692 (26),

1814 4721 2039 4794 proprio
2064 4718 2305 4789 quodam
2318 4717 2478 4787 signo
2491 4713 2960 4779 nominislitterm,
2977 4711 3421 4781 uniuscujusque
3490 4708 3497 4719 ’

1816 4817 2017 4865 turma:
2046 4823 2231 4861 mores
2250 4805 2604 4877 exprimeret,
2628 4800 3058 4873 simplicioribus
3088 4801 3423 4855 ctinnocen-

1817 4897 2056 4956 tioribus
2080 4923 2114 4963 ι,
2147 4912 2355 4949 nomen
2385 4894 2700 4965 imponens,
2732 4890 3137 4945 difficilioribus
3152 4894 3342 4945 autem
3367 4896 3425 4944 et

1817 4986 2105 5053 tortuosis,
2138 4985 2182 5055 ξ,
2215 4988 2599 5055 competenter
2625 4980 3087 5047 accommodans;
3121 4979 3201 5033 ita
3229 4984 3293 5032 ut
3322 4995 3424 5049 pro

1824 5077 1989 5132 modo
2012 5072 2449 5130 conversationis
2465 5076 2521 5125 et
2541 5070 2831 5141 propositi,
2855 5068 3089 5139 singulis
3111 5067 3315 5121 turmis
3337 5067 3426 5121 lit-

1822 5173 2071 5222 terarum
2091 5165 2366 5218 elementa
2385 5160 2761 5225 concinerent,
2788 5159 2921 5212 solis
2942 5155 3289 5229 spiritalibus
3308 5157 3426 5210 haec

1824 5256 1947 5328 ipsa
1967 5272 2088 5327 quae
2108 5252 2489 5323 significarent
2517 5249 2658 5303 scire
2686 5246 3018 5301 valentibus.

1895 5344 2004 5398 Sed
2034 5348 2090 5397 et
2116 5343 2221 5395 hoc
2249 5340 2305 5394 in
2349 5340 2442 5393 illa
2475 5337 2669 5392 tabula
2695 5335 2981 5389 ferebatur
3007 5333 3333 5403 ascriptum,
3360 5339 3427 5387 ut

1822 5432 2154 5504 peregrinus
2172 5429 2404 5484 alterius
2424 5425 2768 5490 monasterii,
2795 5425 2841 5478 si
2860 5423 3074 5477 veniret
3102 5421 3313 5475 habens
3332 5422 3429 5476 ha-

1823 5522 2003 5575 bitum
2032 5522 2335 5585 diversum,
2368 5517 2555 5572 nullus
2579 5532 2705 5568 cum
2738 5531 2803 5567 eo
2832 5513 3147 5572 conederet,
3200 5516 3427 5583 excepto

1826 5627 1891 5665 eo
1917 5611 2013 5681 qui
2044 5610 2153 5664 iter
2182 5625 2353 5679 agens
2392 5607 2442 5661 id
2475 5604 2766 5659 observare
2795 5619 2907 5656 non
2934 5607 3138 5674 posset.

1899 5700 2006 5763 Qui
2031 5716 2161 5754 vero
2193 5698 2363 5753 semel
2395 5695 2462 5750 ad
2490 5696 2593 5747 hoc
2634 5693 2871 5747 intraret
2904 5690 3325 5756 monasterium,
3367 5696 3431 5745 ut
