3912 6382
501 398 610 458 243

1514 399 1608 456 DE
1643 399 1833 456 VITIS
1872 399 2168 456 PATRUM
2206 399 2422 457 LIBER
2459 401 2750 460 PRIMUS.

3676 399 3776 461 244

499 525 578 580 ibi
603 526 818 598 jugiter
842 530 1214 598 permaneret,
1250 543 1350 597 per
1376 529 1491 580 tres
1521 544 1696 581 annos
1721 544 1754 580 a
1783 527 1983 580 studiis
2013 543 2096 580 sa-
2121 525 2313 586 Abum
2347 526 2679 582 Pachomius
2699 528 3022 600 frequenter
3049 527 3362 590 insinuans.
3396 527 3641 582 multum
3688 545 3774 581 eos

500 614 832 669 cratioribus
859 624 1162 681 arceretur,
1195 620 1523 687 operaretur
1551 621 1770 670 tantum
1799 632 1970 688 opera
1994 632 2097 670 sua
2172 617 2413 685 juverat,
2447 623 2503 670 et
2522 617 2590 670 ad
2613 617 3024 672 aemulationem
3051 617 3360 690 spiritualis
3382 617 3571 690 operis
3591 617 3776 673 incita-

498 703 844 775 simpliciter,
869 709 926 758 et
948 704 1029 758 ita
1050 708 1176 778 post
1192 704 1491 759 triennium
1514 704 1758 760 stadium
1775 705 2096 760 certaminis

496 791 772 848 introiret.

566 881 707 934 Cum
729 888 920 936 autem
941 881 1316 948 comedet-ent,
1340 882 1522 956 capita
1548 898 1650 936 sua
1671 881 1899 936 cucullis
1919 880 2100 952 operi-

495 975 621 1024 rent
647 968 779 1038 (‘27),
812 987 882 1025 ne
911 971 1086 1025 frater
1112 969 1344 1025 fratrem
1379 970 1591 1026 videret
1629 971 2093 1037 manducantem;

493 1064 624 1112 etut
639 1057 826 1114 nullus
845 1060 1142 1116 comedens
1155 1061 1496 1132 loqueretur,
1511 1077 1614 1114 nec
1629 1066 1832 1132 praeter
1846 1076 2097 1114 mensam

492 1164 623 1201 suos
655 1147 790 1202 alibi
817 1147 1200 1204 circumferret
1229 1156 1506 1222 aspectus.

562 1236 793 1291 Necnon
814 1236 882 1290 ab
904 1239 1120 1308 angelo,
1153 1239 1246 1310 qui
1275 1256 1399 1292 cum
1418 1239 1717 1292 Pachomio
1741 1236 2092 1308 loquebatur,

491 1325 596 1378 hoc
623 1341 844 1396 quoque
873 1327 1238 1382 constitutum
1269 1333 1371 1394 est,
1397 1333 1460 1380 ut
1489 1327 1702 1384 diurnaa
1721 1327 2000 1381 orationes
2016 1342 2091 1384 xu

497 1410 602 1482 (28)
637 1415 854 1480 fierent,
889 1421 945 1469 et
963 1415 1287 1486 vespertinae
1316 1431 1414 1482 XII,
1447 1423 1504 1472 et
1532 1427 1817 1470 nocturnae
1850 1431 1947 1471 xu.

566 1503 820 1574 Cumque
834 1505 1168 1560 Pachomius
1181 1505 1408 1570 diceret,
1437 1522 1640 1578 paucas
1651 1506 1932 1559 orationes
1954 1522 2095 1566 esse.

494 1592 785 1662 respondit
805 1593 1038 1661 angelus
1058 1611 1068 1645 :
1094 1595 1207 1647 Has
1227 1593 1512 1658 constitui,
1531 1611 1669 1665 quas
1699 1600 1925 1667 possent
1949 1594 2100 1647 infir-

496 1681 703 1734 miores
731 1681 941 1752 absque
971 1682 1158 1736 labore
1174 1685 1438 1752 perlicere
1452 1690 1741 1746 ;czeterum
1761 1679 2096 1758 quiperfecti

492 1775 644 1836 sunt,
661 1769 763 1824 hac
786 1770 907 1841 lege
924 1787 1035 1824 non
1064 1771 1334 1842 indigent.
1361 1773 1522 1844 Apud
1544 1789 1603 1825 se
1628 1789 1870 1842 namque
1887 1772 1943 1826 in
1967 1789 2096 1843 pro-

491 1855 628 1930 priis
657 1859 944 1912 constituti
975 1858 1206 1924 cellulis,
1235 1876 1396 1913 orare
1426 1877 1534 1914 non
1565 1859 1848 1925 desinunt,
1865 1861 1960 1932 qui
1990 1877 2095 1932 pu-

2177 711 2350 757 verat.
2381 705 2487 768 Qui
2516 705 2684 760 etiam
2715 705 3178 778 contemplantes,
3203 705 3374 760 vitam
3403 706 3557 760 senis
3604 706 3775 777 speci-

2179 807 2307 846 men
2337 808 2456 845 esse
2493 794 2734 860 virtutis,
2783 793 2950 848 nimis
2997 793 3443 860 admirabantur,
3494 793 3772 848 dicentes:

2180 881 2381 935 Errant
2408 881 2565 935 valde
2599 881 2694 953 qui
2717 887 2919 954 putant
2946 881 3204 938 homines
3223 882 3422 938 exinde
3433 883 3556 954 jam
3579 899 3615 938 a
3638 883 3777 938 nati-

2179 969 2347 1023 vitate
2373 977 2688 1040 parentum,
2721 971 2964 1042 quodam
2991 971 3284 1044 privilegio
3304 970 3498 1026 beatos
3526 972 3774 1039 existere,

2180 1063 2243 1112 ut
2273 1057 2486 1112 arbitrii
2515 1059 2741 1113 libertas
2768 1061 3071 1128 adimatur,
3104 1065 3162 1115 et
3197 1065 3522 1132 peccatores
3548 1077 3651 1133 per
3675 1078 3777 1133 poe-

2181 1147 2474 1202 nitentiam
2507 1165 2614 1202 non
2643 1149 2857 1219 possint
2885 1165 3114 1220 operam
3139 1147 3274 1204 dare
3301 1149 3627 1204 virtutibus.
3651 1150 3776 1204 Ecce

2179 1236 2329 1290 enim
2359 1237 2867 1291 manifestissimam
2893 1237 2951 1292 in
2970 1237 3073 1292 hoc
3085 1237 3389 1292 venerabili
3405 1243 3569 1310 patre
3583 1237 3777 1294 Pacho-

2177 1325 2290 1378 mio
2302 1325 2521 1380 Domini
2535 1327 3496 1398 conspicimuslargitatem,quicum
3509 1328 3582 1381 de
3594 1343 3779 1398 paren-

2183 1413 2331 1468 tibus
2362 1421 2518 1468 ortus
2538 1415 2611 1470 sit
2631 1415 2935 1488 gentilibus
2953 1421 3008 1470 et
3034 1415 3301 1490 profanis,
3329 1415 3633 1470 adtantam
3654 1415 3776 1470 bea-

2181 1501 2480 1556 titudinem
2511 1503 2684 1558 divini
2709 1505 2892 1558 cultus
2909 1521 2968 1558 se
2999 1504 3264 1570 extendit,
3285 1509 3351 1559 ut
3364 1503 3558 1559 omnia
3579 1505 3775 1559 Christi

2183 1591 2448 1645 mandata
2477 1592 2787 1662 perfecerit.
2819 1593 2978 1647 Unde
3007 1599 3220 1648 certum
3265 1599 3369 1659 est,
3403 1598 3459 1647 et
3511 1611 3579 1648 ex
3629 1592 3779 1648 nobis

2182 1680 2499 1751 quicunque
2529 1681 2820 1744 voluerint,
2845 1682 3144 1752 adjuvante
3171 1681 3271 1736 Dei
3289 1681 3496 1752 gratia,
3531 1699 3775 1738 normam

2179 1769 2355 1823 sancti
2383 1769 2484 1823 viri
2516 1785 2676 1842 posse
2706 1767 2989 1842 subsequi,
3017 1771 3164 1824 sicut
3191 1776 3247 1824 et
3286 1771 3407 1842 ipse
3447 1771 3778 1843 perfectissi-

2178 1874 2398 1912 morum
2430 1866 2652 1929 patrum
2687 1859 2984 1914 aemulatus
3000 1865 3085 1913 est
3114 1859 3776 1932 sanctitatem.Denique,

490 1945 657 1999 ritate
686 1946 890 2000 mentis
918 1951 975 2001 et
1000 1947 1185 2002 divina
1213 1949 1682 2020 contemplatione
1712 1955 2036 2020 pascuntur.
2109 1964 2156 2024 Β
2178 1947 2312 2018 quid
2342 1953 2428 2000 est
2457 1947 2610 2002 aliud
2642 1947 2789 2018 quod
2816 1948 2872 2002 in
2917 1949 3216 2018 Evangelio
3247 1949 3522 2020 scriptum
3555 1954 3656 2015 est,
3700 1948 3780 2003 di-

561 2035 813 2108 Cumque
842 2035 945 2090 hoc
974 2035 1221 2103 dixisset,
1253 2037 1485 2091 nuntius
1523 2039 1762 2094 cmlestis
1792 2037 2093 2106 abscessit;

489 2127 548 2178 et
573 2123 906 2178 Pachomius
930 2125 1092 2179 solite
1121 2125 1236 2180 Deo
1263 2127 1476 2198 gratias
1520 2135 1550 2194 |
1571 2133 1628 2193 2
1647 2133 1679 2192 Ι
1733 2126 1999 2195 referens,
2028 2127 2098 2180 de

489 2211 699 2268 visione
731 2219 917 2268 certus
947 2219 1034 2268 est
1060 2215 1330 2278 redditus,
1363 2232 1532 2288 quam
1563 2216 1714 2270 trina
1759 2217 2096 2271 revelatione

488 2307 842 2372 cognoverat.
901 2302 1192 2376 Coepitque
1236 2303 1516 2375 suscipere
1555 2309 1801 2370 cunctos,
1853 2305 1949 2376 qui
1997 2321 2098 2376 per

489 2390 874 2460 paenitentiam
908 2409 967 2445 se
997 2392 1097 2446 Dei
1119 2391 1571 2447 miserationibus
1593 2393 1933 2459 offerebant;
1956 2410 2094 2466 quos

487 2479 658 2534 etiam
689 2487 814 2551 post
841 2480 1066 2550 longam
1095 2483 1528 2537 conversationis
1557 2483 1958 2554 experientiam
1980 2499 2094 2537 mo-

489 2567 795 2622 nachorum
825 2568 1055 2622 coetibus
1083 2569 1444 2641 aggregabat,
1467 2571 1752 2626 instruens
1782 2590 1876 2627 eos
1897 2572 2090 2626 mundi

489 2655 779 2710 illecebras
803 2656 1017 2725 fugere,
1054 2659 1370 2732 sanctisque
1397 2676 1618 2732 semper
1647 2660 2093 2716 institutionibus

491 2743 784 2813 inhaerere,
817 2745 1076 2818 primitus
1104 2748 1412 2802 admonens
1442 2753 1504 2802 ut
1529 2750 1868 2818 generaliter
1895 2768 2092 2804 mona-

491 2833 629 2888 chus
650 2834 910 2890 universo
941 2835 1149 2889 mundo
1166 2836 1467 2900 renuntiet,
1491 2837 1710 2904 deinde,
1733 2838 1895 2910 juxta
1913 2839 2094 2893 Evan-

489 2923 730 2992 gelicum
762 2931 1101 2994 praeceptum
1125 2927 1295 2996 (Luca’
1323 2929 1493 2996 xxn'),
1529 2926 1852 3000 parentibus
1877 2929 2013 2994 suis,
2043 2931 2099 2984 et

493 3012 564 3066 ad
591 3018 937 3085 postremum
960 3013 1310 3086 sibimetipsi,
1345 3019 1408 3069 ut
1437 3015 1515 3068 ita
1545 3016 1721 3086 possit
1746 3016 1941 3070 tollere
1969 3035 2097 3074 cru-

493 3117 612 3155 cem
641 3118 820 3167 suam,
841 3108 899 3158 et
920 3103 1126 3157 Christi
1155 3103 1388 3174 vestigia
1405 3105 1720 3159 veneranda
1750 3105 1969 3165 sectari.

562 3191 888 3262 Taliutique
907 3191 1053 3246 beati
1067 3210 1216 3246 senis
1229 3193 1609 3250 admonitione
1623 3194 1866 3260 formati,
1887 3195 2100 3252 fructus

492 3280 832 3351 pmnitentiae
865 3281 1224 3351 dignissimos
1258 3283 1583 3350 efferebant,
1635 3285 1876 3338 maxime
1924 3285 2102 3342 consi-

493 3368 756 3424 derantes
784 3371 926 3438 eumf
931 3371 1052 3442 jam
1073 3376 1236 3425 (etate
1251 3370 1548 3438 defessum,
1564 3371 1897 3444 infatigabili
1914 3374 2100 3428 studio

493 3457 762 3529 spiritalis
789 3459 914 3513 vitae
941 3475 1162 3513 servare
1179 3460 1549 3532 prOpositum.
1582 3461 1706 3515 Non
1736 3462 1916 3516 solum
1947 3479 2103 3518 nam-

496 3563 606 3616 que
635 3563 694 3599 se
723 3547 1048 3602 districtiori
1077 3549 1282 3619 regula:
1325 3548 1668 3618 subdiderat,
1703 3551 1798 3604 sed
1830 3557 1886 3605 et
1927 3552 2102 3605 totius

497 3635 822 3690 monasterii
854 3637 1285 3691 sollicitudinem
1319 3654 1622 3712 curamque
1655 3639 1931 3710 portabat,
1955 3641 2103 3696 ultra

495 3724 640 3780 vires
667 3725 926 3780 omnibus
957 3743 1164 3780 servnre
1193 3728 1554 3782 contendens.
1585 3729 1670 3782 Ad
1714 3729 1909 3785 horam
1940 3745 2100 3783 nam-

498 3829 605 3883 que
635 3813 866 3868 convivii
897 3815 1013 3885 ipse
1035 3814 1269 3888 parabat
1285 3834 1534 3872 mensam
1553 3817 1840 3884 fratribus,
1867 3824 1923 3871 et
1943 3817 2108 3872 solita

497 3902 794 3960 exhibebat
823 3904 1022 3960 oﬂicia.
1052 3906 1167 3960 Nec
1189 3923 1300 3958 non
1331 3904 1388 3959 in
1414 3906 1651 3959 hortulis
1679 3906 1900 3960 serebat
1931 3907 2102 3972 olera,

499 4008 622 4064 quae
650 3992 770 4046 suis
797 3993 1054 4047 manibus
1082 3993 1355 4064 irrigabat
1403 3993 1461 4048 Si
1483 3994 1608 4068 quis
1631 3995 1801 4049 etiam
1832 4002 2107 4052 monaste-

496 4080 568 4134 rii
598 4080 875 4150 pulsasset
921 4082 1147 4146 ostium,
1187 4081 1481 4151 vigilanter
1509 4099 1821 4148 occurrens,
1851 4089 2106 4156 prompte

498 4184 768 4238 responsa
797 4169 1082 4225 reddebat.
1121 4170 1366 4224 Inﬁrmis
1391 4177 1577 4226 autem
1604 4171 1800 4226 diebus
1831 4172 2102 4246 obseque-

499 4254 666 4312 batur
692 4263 750 4312 et
777 4257 1069 4325 noctibus;
1105 4265 1160 4312 et
1190 4259 1247 4312 in
1277 4257 1364 4312 his
1393 4259 1652 4314 omnibus
1697 4261 2012 4332 exemplum
2043 4280 2102 4317 se

500 4343 806 4400 maximum
856 4346 972 4400 suis
1001 4346 1284 4419 discipulis
1314 4347 1596 4402 nll'erebat.
1648 4349 2000 4424 Quapmpter
2043 4351 2101 4405 hi

502 4433 598 4506 qui
626 4450 806 4504 nuper
832 4435 902 4488 ad
919 4435 1141 4490 Domini
1165 4435 1452 4491 servitium
1471 4436 1784 4506 veniebant,
1809 4439 2105 4494 alacriores

501 4523 574 4578 ad
598 4523 787 4580 omnia
815 4523 1041 4596 pietatis
1067 4524 1250 4578 officia
1281 4524 1660 4580 reddebantur
1685 4545 1695 4580 :
1740 4544 1878 4598 quos
1914 4534 2104 4584 tamen

2179 2041 2338 2090 cente
2360 2036 2581 2090 Christo
2607 2055 2618 2089 :
2652 2036 2851 2090 Venite
2875 2036 2945 2090 ad
2974 2053 3062 2090 me
3084 2053 3298 2100 omnes,
3333 2037 3428 2109 qui
3453 2036 3718 2092 laboratis
3731 2041 3782 2092 et

2179 2125 2393 2179 onerati
2423 2126 2577 2192 estis,
2600 2131 2658 2179 et
2684 2141 2787 2195 ego
2809 2125 3056 2180 reficiam
3080 2142 3176 2180 vos
3204 2127 3411 2195 (Matth.
3447 2129 3565 2200 x1);
3598 2126 3702 2181 nisi
3725 2131 3782 2180 ut

2179 2213 2371 2283 iniqua
2400 2213 2754 2286 projicientes
2783 2229 2974 2280 onera,
2995 2231 3118 2285 qua:
3143 2214 3466 2286 deprimunt
3491 2231 3674 2285 genus
3691 2215 3782 2269 hu-

2178 2319 2426 2367 manum,
2462 2301 2606 2356 bono
2632 2302 3073 2357 incommutabili
3091 2303 3211 2358 sine
3237 2293 3778 2374 detrectationéjun-

2173 2391 2418 2462 gamur?
2441 2391 2509 2445 Et
2537 2392 2662 2445 ideo
2692 2408 3110 2462 perseveremus
3137 2407 3320 2462 usque
3349 2391 3407 2446 in
3437 2393 3615 2448 linem
3658 2408 3775 2447 cum

2175 2479 2278 2532 hoc
2308 2495 2458 2543 sene,
2493 2485 2558 2534 ut
2589 2480 2999 2549 congloniicari
3026 2496 3152 2534 cum
3184 2479 3307 2552 ipso
3333 2480 3390 2534 in
3417 2479 3515 2535 illa
3563 2480 3785 2553 perenni

2173 2567 2517 2622 beatitudine
2535 2584 2872 2634 mereamur;
2901 2584 3031 2622 nam
3051 2575 3201 2622 recte
3221 2585 3324 2623 nos
3334 2568 3569 2625 instruit
3587 2570 3658 2625 ad
3674 2585 3784 2624 om.

2176 2657 2288 2719 nia,
2321 2673 2430 2710 non
2455 2657 2635 2711 solum
2663 2656 2848 2723 verbo,
2877 2657 2975 2711 sed
2998 2657 3352 2729 etiam,quod
3373 2664 3458 2712 est
3477 2658 3781 2726 emcacius,

2176 2747 2402 2817 pr0prio
2432 2745 2771 2800 mirabiliter
2795 2745 3070 2800 informat
3103 2747 3375 2818 exemplo.
3423 2748 3587 2802 Tunc
3639 2763 3785 2802 acce-

2176 2836 2371 2889 dentes
2399 2835 2469 2888 ad
2503 2841 2756 2889 sanctum
2783 2835 3165 2902 Pachomium,
3218 2836 3413 2890 dicunt
3467 2836 3521 2890 ei
3557 2856 3571 2890 :
3628 2837 3784 2891 Pater

2180 2923 2531 2989 venerabilis,
2565 2939 2666 2978 cur
2692 2924 2842 2979 solus
2868 2924 3192 2978 monasterii
3228 2924 3668 2980 sollicitudinem
3699 2941 3786 2980 su-

2181 3013 2398 3067 stines?
2429 3012 2645 3077 Quibus
2675 3013 2767 3067 ille
2794 3012 3084 3084 respondit
3111 3031 3125 3069 :
3157 3014 3336 3068 Nemo
3358 3014 3567 3085 jugum
3613 3013 3784 3069 subito

2177 3101 2451 3172 jumentis
2481 3102 2793 3173 imponens,
2827 3101 3083 3156 laborare
3097 3103 3398 3174 compellit,
3421 3111 3479 3158 et
3493 3107 3658 3158 tanto
3677 3119 3786 3176 prec

2184 3190 2288 3244 mit
2315 3206 2503 3257 onere,
2539 3207 2648 3262 quo
2678 3190 2782 3246 sub
2828 3191 2976 3245 fasce
3024 3191 3327 3260 deﬁciant;
3373 3191 3470 3246 sed
3521 3191 3783 3264 paulatim

2188 3280 2461 3334 assuescit
2475 3296 2560 3345 ea,
2579 3279 2878 3334 levioribus
2897 3296 3158 3334 exercens
3171 3286 3301 3334 ante
3313 3281 3673 3358 ponderibus,
3707 3295 3784 3335 us-

2187 3385 2294 3440 que
2315 3368 2449 3422 dum
2471 3368 2712 3436 valeant,
2737 3375 2795 3422 et
2817 3366 3132 3441 opportune
3148 3369 3367 3445 possint
3387 3369 3458 3424 ad
3478 3387 3652 3442 opera
3671 3384 3785 3440 gra-

2183 3457 2337 3510 viora
2365 3473 2718 3529 consurgere.
2743 3458 2951 3512 Eodem
2964 3457 3130 3512 modo
3154 3474 3256 3512 nos
3282 3474 3507 3530 quoque
3541 3457 3786 3514 convenit

2185 3561 2505 3600 mensuram
2536 3546 2736 3616 ipsam,
2764 3562 2876 3617 qua
2898 3562 3000 3600 nos
3029 3563 3258 3601 mensus
3286 3555 3372 3602 est
3393 3547 3672 3612 Christus,
3712 3546 3782 3600 sic

2185 3649 2350 3703 agere
2375 3635 2676 3700 vobiscum,
2704 3641 2767 3689 ut
2794 3635 2864 3689 de
2894 3640 3074 3689 vestra
3093 3651 3195 3706 per
3213 3636 3405 3690 omnia
3443 3637 3781 3707 gaudeamus

2189 3723 2472 3790 firmitate.
2490 3726 2526 3778 C
2536 3723 2973 3778 lementissimus
2987 3730 3176 3780 autem
3189 3725 3357 3792 Deus,
3373 3724 3469 3796 qui
3505 3739 3782 3806 nunquam

2189 3829 2380 3882 preces
2407 3812 2742 3867 humilitatis
2775 3828 2911 3866 meae
2938 3813 3190 3890 despicit,
3213 3813 3382 3868 corda
3399 3819 3588 3869 vestra
3607 3815 3665 3868 in
3693 3827 3784 3867 sua

2189 3899 2482 3972 disciplina
2503 3900 2841 3968 cormboret,
2863 3907 2924 3955 ut
2940 3917 3106 3955 omne
3120 3918 3261 3973 Opus
3283 3902 3493 3956 bonum
3531 3904 3785 3974 perficere

2189 4005 2316 4043 cum
2349 3989 2619 4060 patientia
2649 3996 2706 4043 et
2733 3989 3156 4060 longanimitate
3181 3991 3425 4062 possitis,
3471 3998 3785 4046 sanctorum

2189 4079 2419 4132 Patrum
2447 4079 2679 4148 vestigia
2708 4078 3129 4149 subsequentes,
3162 4085 3227 4134 ut
3265 4079 3544 4134 sinceram
3582 4097 3647 4135 ac
3681 4079 3784 4135 Deo

2187 4167 2450 4238 placitam
2485 4167 2962 4222 conversationem
3011 4173 3254 4222 vestram
3297 4168 3552 4222 videntes
3584 4168 3677 4223 alii
3721 4165 3784 4220 ad

2185 4255 2392 4310 Christi
2422 4255 2708 4310 servitium
2735 4256 2978 4323 veniant,
3004 4272 3308 4329 curamque
3331 4257 3655 4312 monasterii
3690 4272 3781 4329 pa-

2184 4345 2288 4400 tris
2315 4361 2474 4417 zequo
2504 4343 2692 4399 labore
2721 4350 3056 4400 sustentant.

2259 4435 2388 4488 CAP.
2420 4433 2618 4488 XXIV.
2643 4465 2707 4474 —
2729 4434 2972 4504 Regulas
2999 4435 3174 4505 igitur
3202 4435 3280 4490 eis
3315 4451 3454 4508 quas
3483 4438 3782 4508 acceperat,

2185 4519 2438 4589 tradidit,
2494 4523 2706 4577 scilicet
2752 4531 2818 4578 ut
2857 4523 3144 4579 haberent'
3180 4525 3536 4579 moderatum
3589 4524 3782 4587 cibum,

499 4611 696 4668 beatus
725 4630 910 4678 senex,
947 4614 1080 4685 quia
1101 4615 1300 4669 talium
1322 4614 1761 4671 sollicitudinum
1789 4634 1992 4671 munus
2011 4618 2106 4672 ad-
2126 4613 2516 4692 DVilissimum
2549 4613 2830 4682 vestitum,
2876 4629 3136 4668 somnum
3165 4613 3334 4668 etiam
3363 4617 3780 4685 competenter!!-

503 4701 611 4756 huc
639 4701 859 4760 obviare
891 4721 1003 4758 non
1029 4710 1304 4774 poterant,
1329 4722 1553 4759 securos
1583 4723 1704 4760 esse
1733 4704 1804 4760 ab
1833 4707 2107 4761 universis

503 4790 936 4848 distentionibus
956 4793 1310 4859 admonebat,
1328 4793 1518 4848 dicens
1543 4813 1553 4846 :
1592 4795 1655 4849 In
1687 4812 1796 4866 quo
1827 4795 2004 4850 vocati
2026 4812 2109 4850 es-

502 4879 576 4934 tis
603 4879 823 4946 fratres,
841 4881 1144 4936 viriliterin
1165 4899 1230 4936 eo
1247 4883 1544 4954 persistite,
1572 4883 1815 4956 psalmos
1830 4883 2017 4950 dicite,
2037 4883 2104 4936 li-

503 4967 633 5022 bros
645 4969 802 5036 alios,
821 4976 877 5024 et
891 4969 1166 5041 praecipue
1178 4978 1430 5026 sanctum
1444 4971 2105 5042 Evangelium,memoria

505 5057 866 5114 retinete.Sic
885 5059 1035 5113 enim
1055 5060 1358 5114 servientes
1372 5060 1628 5128 Domino,
1663 5065 1718 5113 et
1743 5061 1906 5134 juxta
1943 5077 2104 5115 man-

503 5147 636 5201 data
665 5149 786 5218 ejus
812 5147 1042 5204 invicem
1069 5148 1386 5219 diligentes,
1418 5167 1514 5203 vos
1545 5149 1771 5221 quidem
1801 5149 1956 5203 eritis
1986 5166 2108 5224 per-

501 5235 669 5304 fecti;
700 5253 887 5292 meum
918 5254 1044 5292 vero
1091 5237 1351 5312 spiritum
1389 5255 1488 5309 per
1525 5237 1710 5292 omnia
1767 5237 2104 5305 refovebitis,

501 5327 812 5398 prmsertim
844 5327 891 5381 si
934 5326 1182 5382 coelestia
1223 5332 1502 5398 praecepta
1547 5326 1763 5382 fueritis
1817 5326 2108 5384 sollicitius

507 5415 768 5469 exsecuti.

575 5503 705 5556 CAP.
740 5505 942 5560 XXIII.
974 5534 1040 5544 —
1066 5505 1240 5558 Erant
1259 5509 1450 5557 autem
1473 5508 1589 5557 tres
1613 5503 1669 5556 hi
1686 5503 1786 5556 viri
1807 5502 1903 5576 qui
1918 5503 2107 5576 primi-

506 5596 597 5645 tus
624 5592 695 5645 ad
722 5593 1086 5646 Pachomium
1114 5597 1505 5656 convenerant,
1541 5608 1779 5664 quorum
1819 5592 1928 5645 ista
1975 5597 2109 5646 sunt

507 5679 752 5736 nomina.
786 5681 1173 5746 Psenthessus,
1199 5679 1354 5734 Suris
1381 5680 1628 5735 etObsis.
1649 5679 1860 5744 Quibus
1874 5681 2108 5736 Deiver-

2191 4701 2349 4757 Unde
2378 4702 2584 4755 factum
2612 4708 2716 4768 est,
2747 4705 2813 4755 ut
2833 4703 2996 4772 juxta
3022 4703 3367 4757 voluntatem
3405 4701 3647 4769 Domini,
3695 4699 3784 4776 qui

2190 4807 2382 4844 omnes
2412 4790 2668 4844 homines
2689 4795 2954 4846 convocat
2978 4792 3048 4845 ad
3070 4792 3331 4858 salutem,
3363 4795 3671 4864 cunctaque
3699 4789 3784 4843 bo-

2189 4895 2389 4933 norum
2417 4879 2762 4934 incrementa
2776 4879 3030 4951 largitur,
3054 4881 3122 4935 ad
3141 4897 3332 4935 senem
3354 4881 3582 4952 plurimi
3597 4893 3784 4934 convo-

2185 4969 2386 5032 lavent,
2416 4968 2663 5022 volentes
2685 4967 2897 5044 pariter
2922 4969 3286 5024 commorari:
3331 4968 3480 5024 inter
3505 4985 3644 5041 quos
3672 4970 3784 5022 erat

2187 5057 2470 5121 Pecusius,
2491 5062 2548 5110 et
2563 5057 2874 5124 Cornelius,
2901 5057 3111 5112 Paulus
3131 5073 3372 5136 quoque,
3391 5064 3447 5113 et
3462 5055 3782 5113 Pachomius

2188 5147 2350 5212 alter,
2385 5151 2443 5199 et
2473 5146 2734 5212 Joannes,
2775 5146 2871 5217 qui
2924 5163 3120 5201 omnes
3165 5147 3583 5202 immaculatam
3625 5145 3777 5200 ﬁdem

2190 5233 2338 5288 beati
2368 5234 2551 5288 Patris
2581 5239 2638 5289 et
2662 5234 2974 5290 doctrinam
3009 5235 3358 5290 salutiferam
3394 5234 3636 5290 libenter
3659 5246 3780 5288 am-

2189 5323 2332 5395 plexi
2355 5328 2505 5378 sunt.
2541 5323 2862 5394 Statuitque
2889 5329 2955 5378 ut
2977 5323 3036 5378 hi
3066 5325 3162 5396 qui
3183 5329 3444 5398 poterant
3467 5318 3780 5379 monasterii

2187 5412 2536 5482 susciperent
2567 5427 2778 5478 curam,
2811 5417 2868 5466 et
2895 5413 2976 5467 ita
2995 5412 3055 5467 in
3083 5411 3237 5468 brevi
3277 5413 3676 5484 multiplicatus
3704 5413 3781 5464 est

2187 5501 2590 5554 monachorum
2611 5517 2899 5555 numerus.
2928 5508 2966 5567 1
2981 5508 3106 5568 22
3136 5501 3378 5556 Proinde
3389 5517 3514 5556 cum
3533 5497 3780 5556 solemni-

2188 5595 2276 5644 tas
2306 5606 2369 5642 ex
2402 5605 2556 5642 more
2585 5590 2910 5660 deposceret
2943 5595 3009 5644 ut
3048 5590 3443 5663 mysteriorum
3481 5589 3779 5643 caelestium

2191 5677 2488 5756 participes
2518 5679 2736 5746 ﬁerent,
2785 5695 2852 5732 ex
2875 5678 3142 5758 proximis
3187 5679 3384 5734 viculis
3435 5679 3778 5754 presbyteri);
