3912 6406
144 424 261 483 245

920 424 1090 480 VITA
1127 422 1385 481 SANC'I‘I
1422 356 1779 482 PACHOMII
1817 420 2123 479 ABBATIS
2155 419 2677 478 TABENNENSIS.

3330 422 3438 480 248

147 547 561 619 convocabant,
620 551 718 624 qui
748 550 829 606 eis
859 550 1221 605 festivitatem
1247 551 1458 607 laetitiae
1488 553 1758 625 spiritalis
1783 554 1825 613 A
1844 551 2055 623 positos
2087 548 2213 617 (29),
2249 548 2346 621 qui
2381 546 2486 602 sibi
2519 548 2591 603 ad
2628 546 2925 602 lucrandas
2944 547 3185 615 animas,
3216 564 3342 619 quae
3366 550 3437 604 ad

145 642 476 713 implerent.
500 638 629 696 Non
658 640 808 695 enim
834 641 1160 713 patiebatur
1194 641 1343 696 idem
1390 658 1577 707 senex,
1611 642 1759 696 inter

146 747 246 786 eos
258 747 385 785 esse
405 729 750 803 quempiam,
775 730 871 801 qui
885 729 1181 785 clericatus
1205 730 1385 785 officio
1398 731 1750 801 fungeretur.

145 820 390 875 Dicebat
416 820 589 887 enim,
621 818 798 875 multo
818 819 1021 874 melius
1061 836 1182 874 esse
1212 824 1382 892 atque
1411 820 1758 875 commodius

146 910 464 974 monachis.
473 925 588 964 non
598 909 781 964 solum
801 907 1011 964 nullius
1021 925 1249 981 prorsus
1265 909 1492 963 honoris
1504 924 1756 980 quaerere

148 998 435 1070 primatus
456 1005 514 1053 et
525 999 735 1070 gloriae,
757 1015 953 1053 verum
975 997 1146 1054 etiam
1163 999 1478 1053 occasiones
1500 1000 1755 1070 hujusce-

150 1086 308 1142 modi
325 1089 397 1143 de
407 1086 676 1143 ccenobiis
692 1076 1275 1159 amputare,quoniam
1288 1089 1611 1159 frequenter
1628 1088 1758 1142 hinc

152 1176 522 1233 interfratres
540 1178 926 1232 contentiones
946 1184 1003 1232 et
1016 1179 1400 1232 aemulationes
1414 1178 1642 1232 inutiles
1662 1194 1756 1232 na-

154 1272 468 1322 scerentur.
493 1267 649 1322 Sicut
666 1267 817 1322 enim
845 1266 1089 1321 scintilla
1107 1267 1255 1338 ignis
1276 1284 1404 1323 cum
1432 1267 1490 1322 in
1513 1283 1754 1322 messem

155 1355 442 1421 ceciderit,
476 1372 591 1411 non
626 1355 736 1411 cito
767 1355 1154 1426 restinguitur,
1186 1363 1243 1411 et
1263 1357 1547 1411 interdum
1583 1357 1756 1410 totius

154 1444 291 1499 anni
309 1445 526 1499 fructus
540 1445 744 1513 exurit;
760 1446 841 1500 ita
851 1445 1117 1516 cogitatio
1138 1445 1326 1500 feralis
1346 1445 1610 1511 ambitus,
1634 1445 1681 1499 si
1698 1445 1759 1498 in

154 1539 377 1589 mentes
397 1534 692 1607 irrepserit
722 1535 1143 1599 monachorum,
1164 1542 1229 1590 ut
1242 1536 1329 1588 vel
1350 1535 1517 1607 primi
1533 1535 1762 1605 cupiant

154 1638 295 1687 esse,
325 1624 409 1677 vel
432 1624 637 1690 clerici,
660 1623 767 1678 nisi
786 1625 896 1679 cito
919 1624 1294 1694 suggestionis
1313 1624 1481 1694 hujus
1495 1624 1755 1678 ardorem

152 1712 221 1765 de
250 1728 356 1767 suo
380 1713 546 1767 corde
561 1713 896 1784 pepulerint,
930 1712 1077 1767 illico
1099 1713 1337 1785 perdent
1349 1713 1753 1768 continentiam

1840 658 1969 695 eum
1996 638 2244 712 quotidie
2272 637 3278 708 conﬂuebant,adjutoresexisterent.
3303 639 3437 693 Plu-

1839 730 1997 783 rimis
2025 729 2177 782 enim
2211 729 2374 797 (sicut
2393 728 2604 782 dictum
2634 731 2737 795 est)
2761 727 2969 781 adeum
2991 727 3359 791 venientibus,
3381 733 3439 782 et

1838 819 2222 890 multipliciter
2251 818 2309 871 in
2334 832 2503 888 opere
2522 816 2763 887 spiritali
2791 815 3187 880 crescentibus,
3230 832 3440 887 magna

1839 909 2095 979 quasdam
2123 906 2560 961 conversationis
2588 921 2784 959 eorum
2812 904 3237 959 videbaturesse
3253 905 3439 959 diver-

1838 998 1993 1051 sitas.
2020 996 2232 1061 Quibus
2259 1012 2429 1050 senex
2447 997 2610 1066 juxta
2631 995 2823 1049 datam
2851 994 2956 1048 sibi
2983 993 3250 1048 divinitus
3278 1011 3441 1065 regu-

1838 1088 1972 1153 lam,
2004 1087 2189 1156 gratia
2216 1085 2421 1140 Christi
2446 1101 2506 1139 se
2531 1098 2632 1156 per
2653 1085 2845 1138 omnia
2872 1084 3219 1149 moderante,
3241 1084 3436 1154 provi-

1838 1176 1993 1230 ribus
2041 1181 2098 1229 et
2140 1174 2383 1245 ingeniis
2427 1175 2779 1244 singulorum
2821 1189 3114 1227 mensuras
3143 1178 3201 1226 et
3228 1173 3437 1228 formas

1837 1280 2069 1336 operum
2097 1265 2379 1318 custodire
2410 1263 2673 1318 censebat
2704 1280 2715 1317 :
2741 1262 2866 1316 aliis
2894 1262 3141 1333 quidem,
3173 1261 3439 1316 utlabore

1842 1370 2112 1410 manuum
2123 1355 2332 1409 victum
2345 1359 2690 1424 quaererent;
2710 1353 2853 1419 aliis,
2870 1359 2936 1407 ut
2946 1353 3186 1407 fratrum
3207 1367 3439 1423 occupa-

1841 1449 2039 1499 rentur
2057 1443 2358 1514 obsequiis,
2379 1460 2482 1497 nec
2500 1441 2697 1496 iisdem
2715 1442 2931 1496 cunctis
2952 1441 3301 1512 temporibus
3324 1457 3441 1495 ves-

1841 1540 2120 1599 cerentur,
2136 1534 2234 1587 sed
2251 1533 2637 1603 unusquisque
2665 1547 2767 1603 pro
2794 1531 2985 1585 labore
3014 1544 3115 1585 suo
3126 1531 3213 1585 vel
3228 1530 3435 1595 studio,

1837 1623 2193 1678 continentiae
2232 1622 2619 1676 moderamina
2652 1621 2940 1677 retineret.
2992 1618 3439 1674 Sollicitudinem

1839 1727 1966 1766 vero
1994 1712 2170 1765 totius
2185 1710 2619 1782 dispensationis
2631 1726 2766 1781 erga
2784 1710 2994 1763 fratres
3008 1715 3179 1780 atque
3190 1709 3438 1780 peregri-

151 1800 347 1856 multis
376 1801 663 1857 laboribus
685 1803 1039 1874 acquisitam.
1064 1802 1301 1874 Oportet
1328 1820 1460 1873 ergo
1481 1819 1608 1857 cum
1633 1819 1754 1855 om-
1838 1818 1939 1854 nos
1970 1800 2181 1854 eisdem
2212 1800 2511 1865 commisit,
2546 1800 2640 1870 qui
2658 1815 2719 1853 se
2737 1799 2796 1853 in
2816 1796 3013 1853 ordine
3032 1798 3433 1869 sequebantur.

150 1890 208 1945 ni
236 1891 671 1946 mansuetudine
699 1896 757 1946 et
773 1890 1019 1963 puritate
1041 1892 1518 1946 communicantes
1549 1891 1758 1945 Christi
1774 1882 1820 1943 B
1842 1890 2143 1945 Universos
2194 1897 2384 1943 autem
2412 1889 2714 1943 monachos
2732 1893 3022 1959 promptos
3046 1903 3166 1941 esse
3191 1887 3263 1941 ad
3300 1887 3435 1941 obe~

156 1979 408 2035 ecclesiis
424 1979 656 2035 clericos
679 1981 950 2046 venerari,
996 1980 1129 2052 quia
1156 1981 1261 2035 hoc
1294 1980 1522 2051 expedit
1551 1996 1750 2034 mona—
1833 1980 2108 2034 dientiam
2139 1979 2550 2043 commonebat,
2571 1984 2635 2032 ut
2651 1976 3096 2048 hoccompendio
3125 1976 3285 2030 facile
3311 1988 3436 2047 per-

150 2068 291 2136 chis,
340 2070 524 2124 nullas
566 2077 758 2124 autem
788 2070 1079 2141 religiosas
1116 2075 1380 2141 appetere
1419 2070 1743 2140 dignitates.

147 2157 205 2213 Si
236 2174 369 2213 vero
387 2159 763 2230 repererimus
781 2160 998 2231 aliquos
1014 2176 1079 2214 ex
1091 2159 1379 2214 monachis
1395 2160 1513 2230 jam
1524 2159 1741 2231 pridem

146 2246 378 2303 clericos
398 2248 467 2302 ab
482 2248 755 2321 episcopis
781 2249 1085 2315 ordinatos,
1120 2250 1530 2320 amplectamur
1549 2265 1743 2303 eorum

146 2337 542 2406 ministerium;
561 2339 694 2409 quia
726 2343 782 2393 et
801 2338 860 2393 in
889 2338 1062 2393 veteri
1077 2339 1436 2393 Testamento
1452 2354 1564 2392 non
1578 2354 1743 2393 omne

141 2427 344 2497 vulgus
373 2443 593 2482 sacrum
621 2427 995 2499 praesumebat
1021 2426 1283 2493 officium,
1317 2427 1415 2481 sed
1445 2427 1502 2481 hi
1524 2434 1742 2481 tantum

142 2516 240 2587 qui
269 2517 508 2571 erantde
526 2516 677 2571 tribu
698 2517 827 2571 Levi
849 2516 918 2571 ad
937 2517 1055 2571 haec
1071 2516 1338 2587 obsequia
1350 2515 1744 2571 nascebantur.

142 2605 202 2660 Si
224 2605 449 2679 quando
480 2610 670 2661 autem
690 2613 988 2661 extraneus
1018 2605 1195 2660 frater
1223 2606 1531 2673 advenerit,
1550 2606 1619 2659 de
1636 2622 1746 2677 quo

140 2699 360 2750 certum
393 2700 495 2759 est,
522 2696 668 2767 quod
691 2696 985 2750 sacerdotii
998 2696 1268 2766 fungatur
1281 2696 1481 2759 officio,
1516 2712 1627 2749 non
1656 2712 1744 2749 ex-

136 2782 472 2857 probremus
500 2785 570 2851 ei,
602 2788 893 2857 tamquam
925 2786 1021 2856 qui
1041 2782 1208 2839 sacra
1221 2787 1353 2855 jura
1374 2785 1737 2856 persuaserit,

139 2880 198 2928 et
220 2873 308 2928 his
339 2891 400 2928 se
427 2874 757 2929 ministeriis
780 2874 1088 2929 insolenter
1110 2874 1430 2945 ingesserit.
1449 2874 1740 2939 Quomodo

135 2978 386 3034 namque
415 2964 519 3017 hoc
545 2964 614 3017 de
638 2980 703 3018 eo
723 2963 1150 3038 suspicabimur,
1176 2981 1341 3034 quem
1372 2980 1474 3018 nos
1503 2964 1574 3017 ad
1595 2964 1740 3016 cele-

135 3050 356 3105 branda
392 3053 639 3106 coelestia
674 3058 1029 3107 sacramenta
1066 3054 1284 3107 enixius
1322 3052 1677 3107 Obsecremus
1715 3052 1740 3105 ’ἲ

137 3140 258 3195 [mo
288 3140 469 3211 magis
486 3147 547 3195 ut
564 3147 802 3213 patrem,
821 3147 877 3196 et
906 3142 1135 3197 nobisin
1158 3143 1260 3197 hac
1281 3160 1341 3196 re
1363 3142 1734 3207 obedientem,

1832 2068 2086 2122 fectionis
2107 2068 2592 2139 apprehenderent
2605 2068 2754 2121 celsa
2768 2066 3014 2136 fastigia,
3037 2065 3318 2136 cordaque
3331 2081 3436 2119 sua

1830 2158 1889 2211 in
1919 2158 2121 2211 timore
2145 2154 2351 2212 Christi
2370 2157 2674 2226 diligenter
2690 2156 3021 2210 excolerent.
3040 2153 3131 2210 Sic
3152 2154 3303 2208 enim
3314 2154 3431 2208 Deo

1826 2247 2012 2318 potius
2025 2264 2192 2317 quam
2207 2246 2311 2301 sibi
2325 2244 2728 2311 viverent,dum
2739 2246 2954 2299 fructus
2963 2243 3294 2299 obedientiaa
3306 2259 3434 2315 sup-

1828 2335 1996 2406 plices
2014 2336 2467 2392 exhiberent.Hic
2481 2341 2671 2389 autem
2694 2339 2857 2406 pater
2867 2333 3219 2398 venerabilis,
3236 2348 3429 2404 quam-

1832 2426 1913 2478 vis
1943 2432 2090 2480 esset
2130 2424 2479 2496 spiritalibus
2508 2424 2722 2478 actibus
2755 2428 3077 2494 occupatus,
3123 2423 3170 2477 si
3201 2419 3426 2493 quando

1830 2519 2020 2568 tamen
2050 2515 2332 2568 acciderat
2355 2520 2419 2568 ut
2447 2514 2670 2567 abesset
2688 2513 2735 2566 is
2760 2513 2850 2566 cui
2881 2510 3208 2566 monasterii
3232 2525 3426 2565 curam

1830 2604 2206 2669 commiserat,
2236 2605 2316 2657 sic
2345 2603 2687 2675 adimplebat
2716 2601 2907 2656 omnia
2935 2602 3105 2666 solus,
3132 2601 3287 2654 velut
3305 2614 3428 2654 om-

1824 2694 1983 2747 nium
1998 2694 2260 2747 famulus.
2283 2695 2351 2747 Et
2376 2693 2696 2761 hocagebat
2707 2692 2827 2745 sine
2842 2691 3033 2761 aliqua
3051 2690 3425 2744 ostentatione

1822 2784 1907 2836 vel
1929 2783 2226 2853 jactantia,
2261 2800 2384 2853 quin
2409 2799 2645 2851 magnas
2661 2781 2998 2853 spiritalium
3018 2780 3266 2834 virorum
3281 2781 3426 2834 solet

1824 2886 2095 2926 evacuare
2132 2874 2389 2927 virtutes.
2448 2873 2592 2926 Nam
2616 2885 2837 2925 summa
2865 2865 3072 2923 mentis
3100 2868 3422 2923 humilitate

1822 2969 2053 3015 cunctos
2083 2959 2404 3016 aediﬁcabat
2427 2961 2487 3014 in
2514 2960 2774 3025 Domino,
2804 2956 3022 3013 utiliter
3046 2959 3308 3013 universa
3334 2958 3422 3011 di-

1821 3066 2112 3120 spensans.
2144 3051 2346 3106 Omnia
2367 3066 2588 3120 quoque
2612 3049 2955 3103 monasteria
2968 3048 3204 3102 sollicite
3224 3047 3423 3101 circui-

1820 3138 1935 3206 bat,
1968 3156 2146 3210 usque
2174 3141 2309 3194 dum
2325 3156 2522 3193 rursus
2551 3139 2621 3193 ad
2641 3138 2864 3192 eosdem
2888 3136 3419 3208 ﬂliossuospaterno

134 3228 266 3302 plus
298 3230 575 3285 honorare
627 3247 730 3285 nos
770 3233 1047 3299 convenit,
1071 3237 1265 3303 utpote
1287 3232 1383 3302 qui
1412 3237 1733 3286 sanctorum
1758 3206 1802 3266 Ο
1820 3230 2117 3300 repedaret
2142 3230 2363 3283 aﬂ'ectu.
2396 3230 2546 3293 Quos
2570 3228 2857 3282 inveniens
2877 3227 2936 3280 in
2949 3241 3117 3298 Opere
3137 3226 3237 3280 Dei
3260 3222 3417 3279 solli-

132 3320 373 3391 vestigia
401 3325 667 3387 sectetur,
691 3327 747 3375 et
768 3320 1045 3375 illibatum
1058 3321 1174 3376 Deo
1192 3337 1394 3375 munus
1407 3321 1605 3374 offerre
1620 3336 1733 3374 non

137 3408 380 3475 desinat,
406 3410 645 3464 maxime
666 3410 714 3464 si
731 3411 1077 3465 conversatio
1109 3413 1230 3481 ejus
1252 3415 1571 3481 exspectata
1601 3425 1733 3465 cun-

130 3498 236 3553 ctis
266 3504 355 3553 est
404 3505 461 3554 et
502 3500 752 3570 probata.
809 3498 867 3555 Si
895 3518 1046 3565 vero,
1082 3501 1232 3571 quod
1262 3500 1426 3565 absit,
1456 3500 1512 3553 in
1544 3499 1731 3570 aliquo

130 3588 337 3642 delicto
357 3593 592 3659 putatur
610 3605 731 3643 esse
751 3588 1047 3661 collapsus,
1068 3589 1137 3644 de
1154 3606 1219 3644 eo
1241 3606 1343 3643 nos
1353 3588 1606 3659 judicare
1617 3604 1730 3642 non

128 3693 450 3747 possumus.
466 3677 616 3732 Deus
637 3678 789 3732 enim
813 3678 984 3748 judex
990 3679 1195 3749 justus,
1213 3679 1502 3734 constituit
1521 3680 1731 3752 episco-

128 3781 228 3838 pos
258 3782 432 3838 super
466 3784 561 3822 eos
604 3767 843 3839 judices,
873 3769 970 3838 qui
998 3768 1293 3822 beatorum
1348 3770 1727 3840 apostolorum

130 3870 481 3910 successores
511 3862 567 3910 et
594 3856 907 3912 imitatores
935 3858 1302 3927 existunt,qui
1320 3859 1727 3929 possuntspiri-

130 3946 228 3999 tali
260 3944 503 4000 examini
530 3945 745 4003 discere
769 3947 992 4017 negotia
1022 3948 1393 4016 singulorum,
1428 3954 1485 4000 et
1505 3963 1726 4018 {equum

134 4033 199 4088 de
230 4034 311 4089 eis
355 4034 501 4089 ferre
520 4035 819 4105 judicium.
848 4036 963 4090 Nos
993 4041 1181 4090 autem
1209 4037 1623 4107 compatiamur
1659 4052 1724 4091 ex

131 4123 242 4177 imo
269 4129 493 4195 pectore
513 4124 721 4179 talibus
745 4142 756 4177 :
779 4126 912 4196 quia
927 4129 984 4179 et
1002 4124 1389 4179 misericordes
1407 4141 1509 4180 nos
1539 4125 1726 4180 Domi-

130 4227 234 4266 nus
262 4228 387 4266 esse
401 4219 720 4268 commonet
742 4214 952 4281 (Matth.
972 4214 1169 4283 vi),cui
1189 4215 1502 4286 supplicare
1510 4216 1725 4285 jugiter

129 4307 369 4372 Oportet,
395 4319 464 4356 ne
487 4319 588 4357 nos
618 4303 677 4357 in
702 4303 949 4374 aliquam
966 4303 1336 4357 tentationem
1360 4304 1612 4374 patiatur
1634 4305 1721 4358 in-

129 4390 273 4445 duci.
322 4392 451 4446 Haec
489 4407 523 4446 a
541 4398 854 4446 memorato
883 4393 1051 4446 Patre
1071 4408 1184 4446 non
1199 4393 1379 4446 solum
1391 4392 1723 4447 dicebantur

126 4478 379 4547 viriliter,
400 4481 497 4535 sed
510 4485 567 4535 et
584 4496 711 4535 cum
741 4481 893 4535 omni
922 4481 1296 4535 sollicitudine
1326 4482 1715 4537 servabantur.

1816 3318 1924 3372 cite
1952 3319 2202 3389 vigilare,
2232 3317 2533 3389 gaudebat,
2562 3318 2918 3387 multumque
2943 3314 3296 3387 profectuum
3323 3330 3416 3368 eo-

1813 3423 1942 3462 rum
1971 3408 2269 3462 leetabatur
2298 3407 2642 3476 augmentis.

1887 3544 2016 3597 CAP.
2049 3543 2316 3598 XXVI.-—-
2344 3542 2595 3607 Quodam
2626 3558 2756 3596 vero
2784 3545 3057 3612 tempore,
3088 3538 3284 3594 videns
3313 3536 3411 3593 ali-

1813 3627 1951 3704 quos
2008 3632 2317 3686 mediocres
2370 3632 2625 3685 homines
2669 3632 2727 3685 in
2771 3630 2966 3684 vicinis
3003 3629 3136 3684 locis
3158 3629 3293 3683 dum
3314 3644 3412 3700 pa-

1811 3727 2029 3776 scerent
2050 3738 2268 3793 pecora,
2298 3738 2331 3775 a
2357 3716 3410 3774 communionesacramentorumChri-

1810 3811 1883 3864 sti
1924 3810 2224 3874 abstinere,
2286 3827 2387 3864 nec
2429 3810 2749 3865 divinorum
2800 3806 2911 3863 frui
2956 3810 3129 3872 I23
3166 3805 3405 3860 lectione

1808 3908 2173 3973 voluminum,
2209 3907 2306 3978 qui
2334 3923 2435 3979 per
2464 3922 2628 3959 omne
2650 3904 2958 3959 Sabbatum
2977 3908 3147 3975 atque
3158 3903 3411 3958 Domini-

1807 4023 1934 4061 cum
1965 4006 2290 4060 solemniter
2310 4005 2518 4076 ubique
2566 4004 2895 4069 recitantur,
2937 4003 3068 4057 iniit
3107 4002 3402 4057 consilium

1806 4113 1934 4150 cum
1946 4097 2001 4150 S.
2026 4095 2654 4166 AprioneTentyrorum
2677 4094 2935 4164 episcopo
2955 4091 3082 4161 (30),
3115 4098 3182 4146 ut
3199 4093 3258 4146 in
3285 4092 3403 4147 vico

1806 4202 2002 4239 eorum
2026 4187 2146 4256 jam
2176 4201 2317 4256 pene
2337 4185 2560 4238 deserto
2596 4188 3019 4239 construeretur
3042 4182 3293 4247 ecclesia,
3329 4181 3401 4237 ad

1806 4292 1975 4345 quam
2014 4275 2393 4340 convenirent,
2427 4280 2484 4328 et
2512 4273 2782 4345 mysteria
2809 4273 2998 4327 divina
3025 4272 3396 4344 perciperent.

1805 4364 1963 4428 Quod
1990 4364 2085 4418 ubi
2114 4365 2321 4419 factum
2352 4370 2454 4429 est,
2489 4380 2617 4418 cum
2648 4379 2750 4418 nec
2777 4363 2913 4418 dum
2944 4367 3137 4417 essent
3166 4362 3404 4417 ordinat

1802 4462 2005 4527 clerici,
2035 4462 2132 4532 qui
2153 4462 2425 4517 solemnia
2437 4461 2585 4532 plebi
2599 4466 2958 4532 peragerent,
2972 4460 3093 4530 ipse
3112 4461 3184 4515 ad
3198 4461 3397 4516 horam

127 4567 181 4623 Si
205 4570 431 4639 quando
459 4570 698 4641 denique
726 4570 971 4624 venisset
998 4571 1067 4623 ad
1084 4586 1213 4623 eum
1235 4571 1485 4632 clericus,
1505 4572 1599 4642 qui
1615 4571 1718 4626 sub

1819 4567 2110 4614 :onventus
2185 4559 2430 4615 ecclesiae
2510 4575 2639 4614 cum
2714 4557 3004 4612 monachis
3070 4557 3397 4613 occurrebat

125 4658 247 4729 ejus
272 4659 468 4729 regula
490 4659 658 4713 vellet
672 4660 875 4726 vivere,
890 4660 1157 4730 dignitati
1173 4662 1293 4730 ejus
1311 4660 1582 4714 honorem
1598 4662 1719 4714 red-

124 4747 291 4801 debat
312 4748 560 4802 ecclesiae
579 4748 860 4815 debitum;
888 4749 984 4802 ille
1005 4765 1138 4802 vero
1165 4750 1565 4803 monachorum
1597 4767 1716 4803 ser-

123 4836 275 4890 viens
300 4836 590 4905 institutis,
623 4842 895 4908 tanquam
928 4838 1075 4909 patri
1106 4854 1166 4892 se
1192 4839 1370 4893 multa
1399 4839 1717 4893 humilitate

120 4925 413 4980 subdebat.

190 5012 322 5069 CAP.
354 5014 522 5070 XXV.
563 5050 595 5058 —
633 5016 842 5071 Omnes
859 5021 1050 5070 autem
1083 5017 1292 5071 Christi
1321 5017 1559 5072 famulos
1588 5018 1706 5071 bea-

116 5110 209 5158 tus
240 5105 576 5159 Pachomius
595 5102 734 5166 adeo
757 5106 1046 5176 diligebat,
1069 5111 1133 5160 ut
1152 5106 1233 5160 eis
1253 5122 1476 5177 semper
1490 5123 1713 5178 compa-

115 5197 333 5247 teretur
349 5199 583 5263 paterno
603 5194 823 5248 aﬂ'ectu.
840 5194 1080 5249 Senibus
1106 5194 1275 5248 etiam
1301 5202 1357 5249 et
1372 5211 1523 5265 aegro
1546 5196 1715 5250 tanti-

117 5281 238 5348 bus,
260 5296 477 5336 necnon
508 5286 565 5336 et
581 5284 847 5353 parvulis,
862 5284 1258 5341 misericordiae
1273 5298 1444 5355 Opera
1474 5285 1714 5355 propriis

117 5370 378 5426 manibus
395 5371 705 5442 ingerebat,
721 5388 837 5443 prae
853 5373 1067 5426 caeteris
1083 5389 1277 5427 eorum
1294 5378 1512 5427 mentes
1532 5375 1711 5428 muni-

118 5461 266 5515 mine
317 5461 559 5532 spiritali
617 5462 1005 5516 corroborans.
1067 5463 1323 5534 Cumque
1353 5463 1411 5517 in
1432 5462 1541 5517 fide
1569 5469 1627 5517 et
1656 5464 1713 5517 in

116 5564 280 5620 opere
313 5550 481 5605 multi
511 5551 867 5621 proﬁcerent,
896 5557 953 5605 et
980 5568 1218 5622 magnus
1250 5553 1488 5606 fratrum
1517 5568 1713 5607 nume-

116 5653 208 5691 rus
220 5644 546 5709 augeretur,
568 5654 761 5694 omnes
780 5641 1185 5711 propemodum
1203 5640 1535 5710 satagebant
1545 5657 1716 5695 aemu-

119 5724 315 5783 latores
360 5742 486 5783 esse
516 5728 760 5783 virtutis.
812 5728 1121 5784 Constituit
1149 5729 1324 5798 igitur
1352 5745 1417 5783 ex
1447 5730 1528 5783 eis
1564 5746 1711 5800 prae-

1800 4656 2115 4710 salutiferas
2132 4656 2279 4727 plebi
2300 4655 2533 4727 paginas
2553 4656 2833 4727 relegens;
2858 4655 3010 4725 quia,
3028 4658 3093 4708 ut
3107 4653 3241 4718 dixi,
3260 4666 3398 4708 non-

1799 4747 1934 4799 dum
1964 4743 2169 4798 ibidem
2196 4746 2430 4799 lectores
2459 4746 2686 4798 fuerant
2704 4743 3014 4809 constituti,
3037 4756 3140 4796 nec
3166 4743 3262 4798 alii
3283 4744 3395 4798 clea-

1799 4834 1920 4896 rici,
1942 4834 2038 4905 qui
2055 4834 2371 4887 ministeria
2388 4848 2546 4887 sacra
2557 4833 2921 4887 celebrarent.
2957 4833 3238 4897 Quamdiu
3259 4846 3395 4905 ergo

1799 4923 2090 4995 presbyter
2116 4930 2174 4977 et
2196 4922 2446 4992 reliquus
2496 4922 2632 4975 ordo
2674 4921 3006 4976 clericorum
3044 4916 3258 4989 aberat,
3292 4924 3396 4977 Pa-

1797 5013 2051 5079 chomius
2102 5012 2380 5069 veniebat.
2415 5016 2472 5064 et
2498 5011 2577 5064 sic
2605 5011 2868 5065 alacriter
2911 5027 2978 5065 ac
3020 5011 3395 5067 inverecunde

1796 5103 2020 5157 lectoris
2048 5101 2317 5172 implebat
2344 5100 2607 5163 ofﬁcium,
2634 5101 2694 5154 et'
2720 5100 2799 5155 ita
2826 5101 3031 5155 mentis
3060 5101 3393 5172 accorporis

1796 5193 1984 5246 oculos
2005 5191 2246 5245 habebat
2264 5191 2528 5255 intentos,
2553 5194 2617 5244 ut
2636 5190 2888 5243 videntes
2902 5204 3031 5244 eum
3048 5190 3258 5261 populi,
3275 5201 3387 5244 non

1795 5282 2099 5343 hominem,
2124 5281 2221 5335 sed
2254 5280 2353 5334 Dei
2385 5279 2646 5349 angelum
2672 5279 2983 5332 crederent.
3020 5278 3179 5333 Unde
3198 5278 3391 5348 plures

1794 5372 2119 5427 intitutione
2149 5372 2271 5440 ejus
2296 5370 2367 5423 ab
2396 5383 2585 5422 errore
2613 5366 2883 5431 conversi,
2909 5368 3039 5420 iacti
3070 5372 3203 5419 sunt
3230 5366 3390 5421 Chri-

1794 5461 1982 5515 stiani.
2018 5462 2152 5514 Erat
2197 5460 2347 5513 enim
2385 5458 2532 5511 circa
2568 5457 2803 5527 proximi
2849 5456 3182 5512 charitatem
3231 5456 3390 5511 valde

1794 5550 2091 5621 perfectus,
2128 5550 2483 5603 ctintantum
2507 5546 2839 5609 misericors,
2874 5550 2940 5599 ut
2966 5546 3013 5599 si
3056 5545 3280 5615 quando
3304 5558 3388 5599 v1-

1795 5640 1971 5693 disset
1998 5640 2218 5709 aliquos
2260 5637 2466 5692 diaboli
2498 5636 2693 5689 fraude
2721 5635 2999 5706 deceptos,
3038 5650 3245 5705 eosque
3275 5648 3388 5690 non

1795 5743 1986 5781 verum
2014 5730 2192 5782 Deum
2223 5726 2423 5795 colere,
2456 5726 2553 5779 sed
2572 5726 2729 5779 vanis
2757 5725 3028 5779 inservire
3050 5724 3387 5790 simulacris,
