3912 6382
515 383 620 442 247

1536 385 1629 440 DE
1667 385 1856 441 VITIS
1893 382 2190 441 PATRUM
2227 377 2443 436 LIBER
2478 377 2767 433 PRIMUS.

3676 379 3770 438 248

517 525 690 579 super
719 523 912 562 eorum
971 505 1284 577 perditione
1329 505 1720 575 ingemisceret
1772 508 2010 574 fortiter,
2053 511 2171 567 etA
2188 520 2288 558 suo
2343 501 2579 565 occulte,
2631 500 2780 554 hunc
2823 499 3204 571 persequabar
3237 501 3408 572 (Psal.
3461 506 3537 570 c.)
3582 502 3771 558 Nullus

516 596 760 651 ubertim
783 597 1058 666 lacrymas
1087 610 1188 666 pro
1218 611 1413 648 eorum
1435 596 1616 650 salute
1633 595 1910 650 funderet.

585 687 719 742 CAP.
749 685 971 739 XXVII.
1006 685 1203 738 —Per
1251 684 1400 737 idem
1447 691 1670 756 tempus
1714 686 2139 740 Alexandrinae

517 775 760 828 ecclesiae
789 779 1014 827 sanctus
1035 773 1328 844 episcopus
1356 773 1698 828 Athanasius
1733 779 1990 845 praeerat,
2030 775 2115 829 vir

517 863 670 917 omni
700 862 904 917 virtute
933 861 1224 916 mirabilis.
1252 861 1500 926 Quicum
1520 863 1847 916 solemniter
1865 863 2115 934 superio-

516 951 594 1005 ris
623 951 918 1006 Thebaidaa
937 951 1200 1006 circuiret
1218 950 1508 1016 Ecclesias,
1528 957 1584 1004 et
1611 951 1844 1006 salutari
1860 951 2116 1006 doctrina

517 1039 575 1094 in
604 1040 713 1094 fide
742 1039 950 1094 Christi
970 1039 1190 1110 plebem
1216 1039 1557 1104 institueret,
1581 1041 1784 1094 accidit
1802 1045 1866 1094 ut
1893 1040 1965 1093 ad
1995 1041 2116 1094 loca

517 1127 970 1182 Tabennensium
1001 1129 1222 1198 navigio
1243 1129 1579 1199 perveniret.
1603 1129 1763 1193 Quod
1785 1128 1879 1182 ubi
1909 1129 2116 1183 Pacho-

519 1217 668 1271 mius
697 1217 944 1286 agnovit,
969 1217 1159 1270 statim
1189 1233 1316 1270 cum
1337 1217 1610 1271 universis
1627 1217 1983 1272 monachisin
1994 1219 2116 1288 ejus

505 1305 842 1376 properavit
859 1322 1150 1360 occursum
1176 1324 1188 1372 ;
1205 1322 1510 1376 omnesque
1529 1305 1840 1375 gaudentes
1860 1311 1918 1360 et
1935 1307 2117 1360 exsul-

519 1399 725 1460 tantes,
759 1411 885 1448 cum
909 1393 1138 1465 psalmis
1166 1399 1224 1448 et
1243 1394 1468 1464 hymnis
1494 1411 1778 1450 summum
1795 1395 2003 1449 Christi
2019 1413 2116 1449 su-

521 1499 747 1554 scepere
770 1483 1108 1554 pontiﬁcem;
1130 1488 1188 1537 et
1206 1488 1328 1537 erat
1347 1483 1544 1553 ingens
1561 1484 1863 1538 multitudo
1877 1484 2116 1538 fratrum

523 1571 620 1642 qui
649 1571 719 1625 de
748 1573 870 1642 ejus
901 1572 1144 1625 adventu
1165 1571 1501 1626 laetabantur
1530 1573 1587 1626 in
1618 1573 1876 1627 Domino.
1909 1574 2117 1627 Pacho-

523 1660 671 1714 mius
690 1677 820 1714 vero
847 1678 958 1715 non
984 1679 1042 1714 se
1062 1660 1390 1714 ostendebat
1409 1661 1647 1715 antistiti
1665 1666 1994 1728 memorato,
2020 1662 2117 1715 sed

523 1765 588 1802 ex
615 1749 895 1803 industria
937 1748 1274 1803 subtrahens
1294 1766 1373 1816 se,
1397 1749 1456 1804 in
1484 1750 1885 1804 monachorum
1914 1751 2119 1805 turmis

2189 589 2415 662 (aiebat)
2439 590 2618 644 bonus
2637 589 2706 643 de
2727 606 2821 644 ore
2834 606 2935 643 suo
2951 589 3160 660 profert
3170 589 3475 661 quidquam
3505 591 3658 656 mali,
3682 608 3773 645 nec

2193 681 2400 735 sanctis
2422 679 2674 751 patribus
2698 684 2967 732 venenato
2985 695 3080 732 ore
3099 695 3330 750 prorsus
3351 679 3688 751 obloquitur.
3703 681 3771 734 De

2197 786 2309 842 qua
2323 786 2382 823 re
2398 769 2590 823 multis
2612 768 2838 839 quidem
2851 767 3155 838 Scripturis
3166 767 3268 822 Dei
3284 768 3636 823 monstrabat
3646 769 3774 823 indi-

2194 858 2421 930 gnantis
2432 859 2720 923 offensam,
2739 855 3017 928 prmcipue
3037 861 3229 912 tamen
3259 856 3450 911 Mariae
3470 857 3774 929 proferebat

2197 949 2533 1018 exemplum,
2565 964 2689 1018 qua:
2724 963 2852 1000 mox
2888 951 2952 1000 ut
2979 945 3247 1000 adversus
3274 947 3504 1018 Moysen
3534 948 3774 1018 querelas

2197 1035 2616 1090 obtrectationis
2631 1035 3079 1106 etfudit,perfusa
3088 1036 3242 1106 lepra
3257 1035 3508 1090 divinum
3513 1035 3774 1106 judicium

2197 1127 2372 1181 vitare
2402 1143 2512 1180 non
2545 1125 2747 1196 potuit.
2770 1125 2899 1178 Haec
2920 1125 3144 1191 docens,
3161 1124 3467 1179 utilitatem
3483 1125 3774 1180 maximam

2197 1213 2554 1269 audientibus
2573 1213 2893 1268 conferebat
2921 1214 3108 1287 (Num.
3137 1212 3243 1283 12).

2271 1304 2400 1357 CAP.
2422 1303 2672 1357 XXVIII.
2716 1334 2776 1346 -—
2807 1301 3095 1372 Comperit
3115 1307 3306 1356 autem
3331 1318 3601 1373 germana
3632 1319 3778 1357 soror

2200 1393 2321 1462 ejus
2349 1391 2758 1447 institutionem
2781 1391 2928 1445 senis
2959 1392 3285 1462 praeclaram
3298 1397 3468 1463 atque
3493 1391 3777 1446 sublimem

2199 1483 2361 1549 (Ita/7'.
2386 1483 2425 1535 ι.
2457 1495 2538 1542 In,
2572 1496 2629 1534 η.
2653 1478 2742 1543 3'1)
2773 1480 3150 1552 ;cupiensque
3163 1481 3350 1534 videre
3387 1497 3540 1546 eum,
3572 1481 3642 1534 ad
3670 1497 3778 1534 mo-

2200 1569 2510 1624 nasterium
2530 1571 2579 1639 ej
2587 1585 2651 1622 us
2663 1569 2732 1623 ad
2740 1569 3073 1634 venit.Quod
3089 1569 3184 1623 ubi
3197 1570 3421 1639 agnovit
3433 1569 3774 1634 Pachomius,

2201 1658 2584 1728 hujuscemodi
2609 1674 2940 1728 responsum
2991 1659 3043 1712 ei
3084 1675 3188 1730 per
3210 1658 3503 1713 ostiarium
3535 1659 3730 1713 direxit
3763 1676 3774 1710 :

2202 1747 2358 1812 Ecce,
2391 1763 2566 1810 soror,
2598 1747 2805 1801 audisti
2839 1747 2908 1800 de
2931 1764 3020 1801 me
3038 1748 3186 1818 quod
3207 1748 3388 1801 vivam
3415 1755 3474 1802 et
3501 1747 3780 1802 incolumis

523 1837 784 1903 occuluit,
817 1855 882 1891 ex
902 1838 1006 1891 hac
1036 1837 1292 1891 videlicet
1308 1855 1496 1903 causa,
1517 1839 1664 1909 quod
1675 1839 1958 1894 antefatus
1977 1841 2119 1894 Ten-
2139 1823 2186 1884 Β
2203 1836 2457 1903 existam;
2482 1852 2654 1906 perge
2682 1836 2861 1905 igitur
2895 1837 2954 1890 in
2989 1853 3142 1908 pace,
3163 1853 3266 1890 nec
3282 1837 3630 1892 contristeris
3646 1835 3781 1908 quod

523 1931 778 1997 tyrorum
794 1927 1088 1998 episc0pus
1101 1927 1170 1981 de
1187 1943 1252 1981 eo
1265 1927 1899 1982 sanctumAthanasium
1912 1929 2118 2000 sazpius

521 2014 806 2081 exorabat,
833 2015 1014 2070 virum
1041 2016 1232 2070 dicens
1264 2033 1386 2070 esse
1433 2015 1768 2080 mirabilem,
1802 2022 1860 2071 et
1885 2034 2014 2071 vere
2042 2017 2120 2071 fa-

520 2104 738 2158 mulum
760 2103 881 2170 Dei,
907 2121 1075 2176 quem
1098 2104 1169 2158 ad
1189 2105 1459 2158 honorem
1480 2105 1774 2159 sacerdotii
1793 2104 2118 2176 dignissime

525 2198 898 2264 promoveret.
943 2193 1006 2248 Id
1037 2209 1170 2262 ergo
1217 2193 1399 2247 sciens
1443 2194 1799 2258 Pachomius,
1840 2211 1952 2249 non
1980 2195 2030 2248 ei
2060 2213 2119 2248 se

524 2279 822 2334 manifeste
840 2281 1188 2347 monstravit,
1205 2281 1354 2336 inter
1371 2283 1772 2337 monachorum
1783 2283 2007 2353 agmina
2029 2283 2121 2337 de-

523 2369 802 2436 litescens,
847 2386 1026 2440 usque
1063 2370 1199 2424 dum
1246 2370 1397 2424 idem
1443 2371 1759 2442 prmteriret
1803 2373 2114 2444 episcopus,

523 2474 690 2528 quem
721 2458 1005 2512 intantum
1035 2458 1426 2527 venerabatur,
1449 2465 1514 2514 ut
1533 2461 1750 2514 nullum
1771 2461 2121 2532 prmstantio-

523 2563 643 2599 rem
673 2545 809 2618 ipsis
827 2547 1174 2618 temporibus
1202 2547 1485 2602 hominem
1505 2549 1735 2604 diceret.
1759 2550 2123 2622 Compererat

526 2635 678 2688 enim
709 2641 962 2690 sanctam
987 2635 1162 2690 vitam
1193 2637 1315 2706 ejus
1345 2643 1402 2691 et
1419 2637 1836 2708 persecutiones
1858 2638 2118 2693 innume-

531 2739 647 2789 ras,
672 2740 812 2794 quas
841 2723 911 2778 ab
935 2724 1159 2778 Arianis
1197 2741 1299 2796 pro
1329 2725 1536 2780 Christi
1567 2728 1874 2798 pertulerat
1901 2729 2118 2782 confes-

529 2811 720 2879 sione;
755 2811 1086 2866 charitatem
1119 2830 1362 2884 quoque,
1389 2831 1556 2884 quam
1573 2831 2028 2884 ergaumversos,
2064 2823 2121 2872 et

531 2900 775 2954 maxime
803 2901 1126 2966 monachos,
1178 2902 1492 2968 exhibebat,
1549 2904 1766 2958 intento
1810 2905 2123 2961 mirabatur

531 2988 740 3054 animo,
764 3006 1007 3061 eumque
1032 2995 1150 3045 toto
1164 2991 1346 3046 cordis
1373 2992 1572 3046 affectu
1595 2993 1983 3048 venerabatur.
2007 2995 2122 3050 Nec

529 3077 711 3132 solum
731 3079 880 3133 hunc
905 3079 1174 3149 diligebat
1201 3081 1494 3136 ardentius
1518 3081 1640 3148 ;sed
1669 3088 1726 3136 et
1749 3100 1944 3138 omnes
1957 3091 2120 3139 rectae

529 3166 660 3220 fidei
684 3166 832 3221 viros
854 3184 1072 3222 summo
1109 3169 1294 3224 studio
1323 3171 1672 3241 praeferebat.
1697 3172 1998 3228 Hareticos
2024 3190 2121 3229 au-

2202 1931 2258 1979 te
2296 1941 2409 1980 non
2428 1925 2646 1978 videam
2676 1925 3056 1996 corporalibus
3085 1925 3278 1980 oculis.
3301 1926 3459 1990 Quod
3484 1926 3534 1980 si
3556 1926 3782 1981 volueris

2201 2013 2345 2068 hanc
2383 2014 2860 2068 conversationem
2893 2013 3072 2085 sequi,
3097 2031 3269 2084 quam
3289 2020 3473 2081 teneo,
3515 2021 3578 2070 ut
3603 2009 3783 2086 possis

2200 2103 2350 2172 apud
2360 2102 2661 2156 Dominum
2675 2103 3115 2158 misericordiam
3129 2104 3393 2175 reperire,
3421 2111 3459 2170 ι
3475 2109 3598 2170 ’4
3612 2103 3786 2173 cogita

2200 2195 2386 2244 tecum
2407 2189 2710 2259 diligenter
2727 2197 2785 2244 et
2803 2196 3008 2256 tracta;
3041 2196 3098 2244 et
3117 2192 3162 2244 si
3191 2207 3511 2261 cognovero
3544 2192 3646 2246 hoc
3671 2208 3785 2246 sau-

2201 2285 2354 2333 ctum
2374 2279 2526 2333 cordi
2542 2285 2640 2333 tuo
2684 2280 2893 2334 sedisse
2923 2281 3293 2352 propositum,
3327 2281 3652 2353 praecipiam
3687 2281 3786 2334 fra-

2202 2367 2384 2422 tribus
2426 2367 2566 2422 meis
2593 2373 2657 2422 ut
2675 2367 2776 2422 tibi
2796 2369 2992 2440 procul
3022 2369 3303 2424 mdiﬁcent
3327 2370 3701 2434 mansionem,
3731 2369 3784 2423 in

2202 2473 2314 2528 qua
2358 2473 2485 2511 cum
2526 2456 2823 2527 disciplina
2867 2457 3312 2528 verecundiaque
3351 2458 3644 2532 persistas.
3683 2459 3786 2512 Nec

2203 2545 2397 2600 dubito
2427 2545 2575 2616 quod
2613 2545 2754 2600 alias
2783 2547 3035 2618 exemplo
3055 2552 3153 2602 tuo
3181 2547 3454 2602 Dominus
3484 2547 3782 2612 advocabit,

2201 2651 2328 2705 qua:
2382 2640 2568 2689 tecum
2613 2640 2898 2699 maneant,
2949 2643 3005 2690 et
3047 2642 3221 2706 perte
3245 2642 3575 2692 mereantur
3601 2635 3784 2690 salutis

2200 2730 2423 2779 aeterne
2438 2725 2685 2780 invenire
2699 2725 3030 2781 subsidium.
3045 2726 3270 2782 Nullam
3283 2742 3532 2797 namque
3549 2725 3786 2797 requiem

2202 2813 2260 2866 in
2297 2814 2401 2867 hoc
2429 2831 2659 2886 corpore
2688 2815 2886 2869 mortis
2905 2814 3109 2870 habere
3131 2814 3339 2886 poterit
3363 2815 3556 2882 homo,
3573 2815 3681 2870 nisi
3699 2813 3785 2884 qui

2202 2903 2311 2972 piis
2331 2903 2592 2974 operibus
2611 2905 2727 2959 Deo
2747 2905 3040 2976 placuerit.
3069 2906 3201 2960 Haec
3221 2905 3454 2959 audiens
3471 2921 3636 2960 soror
3653 2905 3782 2974 ejus,

2204 2992 2354 3046 ﬂevit
2381 3009 2602 3047 amare:
2626 2999 2684 3048 et
2710 2999 3046 3065 compuncta
3063 2994 3349 3060 divinitus,
3368 2994 3438 3048 ad
3451 2993 3786 3048 exhortatio-

2203 3097 2332 3135 nem
2343 3081 2770 3137 saluberrimam
2791 3099 2916 3137 mox
2928 3083 3145 3154 appulit
3164 3083 3418 3138 animum
3441 3099 3618 3154 seque
3640 3081 3785 3136 Chri-

2201 3174 2288 3223 sto
2299 3170 2506 3224 servire
2516 3170 2763 3242 professa
2781 3177 2883 3226 est.
2909 3173 3067 3226 Hanc
3092 3188 3224 3242 ergo
3248 3176 3493 3226 mentem
3512 3187 3788 3241 germana:

531 3259 647 3309 tem
685 3256 1072 3312 detestabatur
1101 3258 1427 3329 plurimum,
1461 3266 1518 3314 et
1547 3260 1788 3315 maxime
1809 3262 2129 3333 Origenem,
2152 3261 2323 3321 Csua‘.
2347 3259 2678 3314 Pachomius
2712 3277 3039 3330 agnoscens,
3062 3261 3178 3315 Deo
3196 3261 3410 3330 gratias
3451 3261 3592 3330 egit,
3625 3259 3718 3332 qui
3744 3258 3786 3312 ei

527 3342 680 3397 velut
689 3343 1075 3416 blasphemum
1091 3362 1156 3401 ac
1165 3348 1824 3418 perfidum,vehementer
1836 3351 2118 3406 horrebat:

533 3431 628 3502 qui
653 3433 889 3504 praevius
913 3435 1033 3488 Arii
1053 3435 1374 3506 Meletiique
1395 3438 1727 3505 declaratus,
1760 3439 1865 3493 sub
1885 3440 2125 3494 Heracla

525 3518 641 3591 (32)
669 3522 971 3577 venerabili
1001 3524 1388 3580 Alexandrinas
1439 3527 1684 3582 civitatis
1732 3529 2011 3600 episcopo,
2051 3529 2122 3583 de

529 3611 758 3664 ecclesia
779 3612 979 3682 pulsus
995 3618 1098 3679 est,
1115 3613 1322 3685 quique
1361 3631 1530 3669 sacra)
1565 3615 1863 3688 Scriptura;
1887 3618 2121 3688 dogma-

528 3697 678 3753 tibus
729 3717 898 3755 exosa
942 3706 1110 3772 atque
1167 3703 1516 3770 detestanda,
1555 3721 1680 3776 quae
1720 3707 2119 3762 nonnullorum

527 3787 698 3842 corda
745 3787 1150 3856 subverterent,
1185 3793 1623 3862 expositionibus
1652 3793 1768 3849 suis
1798 3795 2117 3850 admiscuit.

527 3875 596 3929 Et
619 3875 782 3931 sicuti
794 3879 979 3932 solent
997 3880 1092 3951 qui
1110 3897 1322 3936 venena
1335 3887 1670 3954 temperant,
1689 3885 2121 3939 amaritudinem

527 3965 693 4018 melle
722 3973 1017 4036 contegere
1041 3987 1053 4036 ;
1079 3969 1269 4024 siciste
1299 3971 1510 4042 prOprii
1537 3972 1689 4026 virus
1709 3973 1934 4038 erroris,
1965 3974 2124 4028 coele-

529 4052 702 4106 stium
722 4054 1018 4110 verborum
1048 4058 1342 4113 dulcedine
1373 4059 1596 4122 liniens,
1621 4059 1854 4115 exitiosa
1890 4061 2122 4116 rudibus

529 4139 797 4210 dogmata
823 4145 1156 4215 propinavit.
1199 4148 1555 4218 Quapropter
1584 4165 1874 4203 universos
1917 4149 2122 4205 fratres

529 4230 820 4286 sollicitius
868 4234 1225 4303 admonebat,
1259 4241 1325 4290 ut
1351 4253 1461 4292 non
1511 4237 1694 4293 solum
1724 4237 1832 4308 ipsi
1863 4237 2123 4309 Origenis

528 4326 848 4376 commenta
895 4321 1004 4392 (33)
1035 4341 1148 4378 non
1177 4325 1447 4394 legerent,
1471 4327 1569 4380 sed
1598 4342 1779 4396 neque
1809 4327 2122 4396 legentibus

530 4409 756 4480 quidem
785 4427 981 4466 aurem
1003 4413 1228 4484 penitus
1247 4413 1628 4468 admoverent.
1646 4415 1806 4496 Unde
1826 4415 2006 4471 fertur
2023 4417 2123 4472 ali-

2205 3353 2523 3420 promptam
2565 3349 2803 3419 largitus
2832 3356 2918 3403 est
2944 3350 3308 3414 voluntatem,
3343 3355 3401 3404 et
3428 3350 3687 3422 protinus
3713 3364 3788 3402 re-

2204 3436 2582 3505 ligiosioribus
2603 3438 2846 3509 imperat
2871 3438 3138 3494 fratribus
3167 3444 3232 3493 ut
3255 3439 3307 3493 ei
3336 3439 3528 3510 procul
3550 3456 3661 3495 ase
3684 3453 3788 3492 mo-

2203 3525 2513 3580 nasterium
2547 3532 2896 3581 construant.
2941 3527 3102 3592 Quod
3131 3527 3227 3582 ubi
3247 3527 3454 3583 factum
3484 3535 3595 3593 est,
3619 3535 3675 3583 et
3702 3527 3788 3581 illa

2202 3620 2508 3674 secundum
2537 3620 2798 3674 timorem
2823 3619 2925 3675 Dei
2954 3619 3125 3675 vitam
3150 3619 3397 3685 duceret,
3415 3623 3788 3675 convenerunt

2203 3708 2274 3762 ad
2303 3725 2428 3762 eam
2458 3709 2584 3763 aliae
2613 3709 2888 3780 plurimae,
2905 3713 2962 3763 et
2976 3707 3129 3762 brevi
3141 3714 3395 3780 tempore
3417 3708 3787 3779 magnaemul-

2201 3796 2458 3851 titudinis
2479 3803 2661 3852 mater
2678 3798 2874 3852 effecta
2903 3802 3006 3852 est.
3021 3798 3172 3862 Quas
3186 3797 3470 3853 instruens
3489 3803 3548 3852 et
3567 3798 3788 3865 docens,

2203 3889 2268 3939 ut
2287 3902 2385 3940 cor
2409 3903 2444 3939 a
2471 3886 2870 3958 cupiditatibus
2906 3886 3224 3942 carnalibus
3276 3886 3686 3955 abstrahentes,
3723 3885 3786 3940 ad

2203 3973 2452 4026 caelestia
2470 3979 2527 4028 et
2543 3991 2809 4029 mansura
2826 3992 3047 4047 semper
3057 3977 3396 4034 attollerent.
3412 3977 3536 4048 ipsa
3549 3983 3612 4032 et
3621 3977 3789 4031 viven-

2203 4059 2276 4115 do
2305 4061 2518 4132 pariter
2537 4068 2594 4117 et
2613 4063 2892 4134 loquendo
2905 4065 3104 4119 salutis
3124 4065 3204 4120 eis
3223 4066 3428 4120 itinera
3441 4065 3787 4121 demonstra-

2203 4149 2318 4204 bat.
2352 4151 2587 4206 Sanctus
2613 4158 2802 4207 autem
2833 4153 3168 4209 Pachomius
3186 4154 3408 4210 cuidam
3427 4155 3616 4219 Petro,
3632 4158 3787 4210 aetate

2197 4239 2318 4310 jam
2343 4240 2663 4310 grandaeva,
2718 4247 2775 4296 et
2821 4244 3136 4297 veneranda
3163 4250 3448 4299 senectute
3473 4244 3782 4315 conspicuo,

2204 4330 2469 4400 praecepit
2487 4337 2550 4385 ut
2568 4331 2852 4385 interdum
2871 4332 3111 4386 famulas
3130 4333 3230 4388 Dei
3243 4333 3511 4400 visitaret,
3533 4339 3594 4388 et
3604 4338 3786 4388 sancta

2203 4418 2588 4474 exhortatione
2616 4421 2952 4475 sustolleret.
2977 4420 3236 4477 Habebat
3253 4421 3403 4477 enim
3423 4439 3551 4477 cum
3563 4421 3788 4478 mortiﬁ-

529 4500 754 4568 quando
775 4501 1050 4572 reperisse
1080 4502 1340 4556 volumen
1367 4504 1508 4572 ejus,
1543 4509 1601 4558 et
1620 4504 1678 4558 in
1695 4520 1870 4575 aquas
1898 4506 2117 4561 misisse
2141 4498 2418 4562 Deatione
2444 4509 2767 4579 passionum
2796 4509 3068 4576 omnium,
3099 4510 3268 4565 etiam
3297 4527 3616 4566 sermonem
3633 4511 3789 4575 (sicut

526 4589 811 4658 continuo,
833 4595 1076 4644 testatus
1122 4590 1208 4644 his
1237 4590 1454 4646 verbis:
1487 4593 1611 4646 Nisi
1666 4593 1867 4648 scirem
1915 4612 2120 4651 nomen

527 4677 629 4731 Dei
657 4682 715 4733 in
763 4695 830 4732 eo
886 4696 1007 4733 esse
1053 4679 1452 4750 conscriptum,
1519 4698 1713 4736 omnes
1757 4685 2120 4753 garrulitates

524 4764 1000 4836 blasphemiarum
1043 4768 1166 4837 ejus
1205 4768 1429 4839 ignibus
1464 4787 1924 4828 concremassem.
1964 4775 2120 4828 Adeo

525 4860 692 4908 recta:
714 4853 843 4908 fidei
867 4860 991 4908 erat
1001 4862 1240 4921 amator,
1256 4859 1661 4931 aemulatorque
1675 4862 1942 4916 veritatis.
1963 4863 2119 4918 Sicut

522 4948 713 4996 autem
740 4942 984 4998 inimicis
1007 4945 1266 5000 Ecclesiae
1294 4947 1422 5002 odio
1469 4949 1871 5006 adversabatur
1903 4951 2112 5020 hostili,

525 5031 608 5084 ita
635 5031 1053 5087 Catholicorum
1083 5033 1754 5109 probabaturadgaudere
1774 5041 2114 5112 profectibus

523 5125 581 5173 et
609 5119 795 5190 ipsum
828 5121 1117 5177 Christum
1147 5125 1558 5197 redemptorem
1583 5129 1852 5196 omnium,
1879 5147 1939 5184 se
1960 5131 2018 5185 in
2030 5148 2116 5186 sa-

523 5208 843 5263 cerdotibus
853 5211 976 5280 ejus
992 5211 1050 5266 in
1066 5213 1318 5268 Ecclesiae
1328 5215 1530 5271 throno
1541 5218 2110 5275 testabaturcernere.

526 5298 584 5353 Si
623 5299 848 5368 quando
879 5317 1009 5356 vero
1043 5302 1274 5356 fratrem
1301 5304 1688 5361 detrahentem
1726 5309 1988 5380 cuiquam
2011 5327 2114 5382 pro

525 5388 777 5458 quolibet
803 5391 1030 5460 negotio
1050 5393 1419 5462 cognovisset,
1454 5412 1567 5450 non
1588 5397 1772 5451 solum
1791 5415 1902 5453 non
1919 5398 2112 5452 crede-

525 5475 623 5530 bat
660 5478 731 5544 ei,
769 5480 869 5533 sed
917 5480 1086 5534 etiam
1111 5488 1366 5538 avertens
1419 5501 1478 5539 se
1525 5503 1652 5540 mox
1680 5485 1750 5539 ab
1775 5503 1860 5552 eo,
1883 5487 2054 5540 veluti
2080 5503 2115 5541 a

520 5565 662 5620 facie
691 5569 966 5638 serpentis
1019 5572 1267 5627 concitus
1294 5573 1645 5639 abscedebat,
1689 5574 1826 5628 illud
1858 5575 2111 5629 Psalmo-

517 5670 618 5724 gr;
627 5655 724 5726 phi
752 5655 1376 5727 frequenterinsinuans
1399 5681 1410 5715 :
1435 5663 1834 5718 Detrahentem
1854 5663 2109 5736 proximo

2202 4596 2471 4668 scriptum
2492 4603 2592 4666 est)
2641 4598 2758 4652 sale
2779 4597 3086 4666 conditum,
3126 4605 3359 4671 eratque
3389 4599 3565 4655 oculis
3592 4599 3787 4655 mentis

2203 4689 2259 4739 et
2278 4686 2525 4757 corporis
2545 4686 2703 4740 valde
2723 4687 3092 4754 castissimus,
3117 4689 3212 4760 qui
3225 4705 3614 4760 smpenumero
3629 4687 3788 4757 virgi-

2202 4774 2364 4830 nibus
2379 4776 2588 4830 Christi
2608 4777 2677 4830 de
2693 4777 2900 4831 sanctis
2912 4777 3214 4849 Scripturis
3223 4777 3561 4849 loquebatur
3576 4778 3782 4841 (001033.

2200 4867 2294 4933 ιν),
2319 4870 2376 4918 et
2394 4864 2717 4920 insinuabat
2741 4882 2808 4919 ea
2828 4882 2954 4937 quae
2983 4866 3267 4937 pertinent
3285 4867 3355 4921 ad
3394 4867 3656 4922 salutem.
3683 4867 3785 4920 Pa-

2198 4953 2452 5008 chomius
2475 4971 2605 5008 vero
2625 4954 2921 5026 descripsit
2939 4955 3021 5009 eis
3047 4955 3291 5026 regulas,
3325 4955 3527 5028 quibus
3546 4961 3782 5018 utentes,

2191 5045 2406 5116 jugiter
2432 5045 2868 5099 conversationis
2881 5062 2997 5100 sua:
3019 5051 3305 5100 momenta
3332 5045 3661 5115 dirigerent.
3691 5045 3785 5100 Ex-

2196 5134 2370 5204 ceptis
2395 5134 2546 5187 enim
2577 5134 2818 5200 melotis,
2841 5151 2980 5205 quas
2991 5134 3214 5189 femina
3225 5151 3338 5189 non
3366 5133 3594 5201 habent,
3611 5132 3785 5189 omnis

2196 5222 2566 5276 institutionis
2583 5239 2778 5276 earum
2793 5223 2971 5277 forma
2989 5224 3280 5278 monachis
3297 5222 3643 5294 probabatur
3668 5237 3784 5276 esse

2197 5311 2523 5365 consimilis.
2540 5312 2598 5366 Si
2625 5311 2748 5382 quis
2766 5317 2954 5366 autem
2977 5313 3048 5367 de
3062 5312 3330 5367 fratribus
3344 5311 3592 5366 habebat
3601 5311 3660 5366 in
3677 5325 3786 5364 mo-

2197 5399 2440 5454 nasterio
2450 5399 2785 5455 feminarum
2797 5401 3170 5472 prOpinquam
3183 5400 3431 5472 aliquam
3443 5401 3529 5454 vel
3543 5413 3785 5456 sororem

2195 5504 2432 5559 eamque
2450 5489 2676 5544 visitare
2692 5489 2974 5557 voluisset,
2989 5489 3320 5544 mittebatur
3337 5506 3466 5544 cum
3486 5508 3551 5544 eo
3571 5505 3712 5544 unus
3725 5503 3786 5540 ex

2194 5577 2508 5632 senioribus
2525 5577 2771 5649 probatae
2791 5579 2940 5645 vitaz;
2965 5585 3024 5633 et
3039 5579 3286 5651 primum
3313 5579 3542 5650 quidem
3572 5575 3786 5632 videbat

2191 5682 2315 5720 eam
2325 5683 2448 5741 quia
2461 5667 2747 5725 sororibus
2757 5673 3082 5741 praeerat;et
3091 5668 3296 5723 deinde
3304 5667 3409 5724 sub
3421 5669 3546 5738 ejus
3557 5681 3787 5739 praesen-
