3912 6404
155 411 268 471 249

925 417 1097 473 VITA
1134 419 1276 474 SAN
1277 418 1393 474 ΟΤΙ
1430 419 1782 476 PACHOMI]

1866 418 2129 476 .BBATIS
2165 415 2686 473 TABENNENSIS.

3349 411 3453 468 250

155 539 246 594 tia
274 543 335 595 et
350 540 594 597 aliarum
614 557 739 613 quae
752 546 915 597 erant
930 542 1293 614 provectioris
1306 541 1507 609 atatis,
1522 559 1772 597 sororem
1785 543 1830 605 A
1852 547 1960 611 ret,
1969 540 2266 613 jejunabat
2283 554 2462 610 usque
2478 537 2549 592 ad
2570 553 2881 609 vesperam.
2895 536 3241 607 Frequenter
3258 538 3448 588 autem

157 645 330 684 suam
347 630 439 684 vel
454 632 768 702 proximam
788 636 963 686 frater
991 649 1117 687 cum
1138 632 1292 686 omni
1322 631 1537 703 pudore
1567 637 1625 685 et
1641 649 1768 702 gra-

158 719 243 772 tia
263 721 582 774 sanctitatis
596 720 880 786 cernebat,
898 722 1038 775 nihil
1056 722 1107 776 ei
1122 721 1396 786 deferens,
1415 738 1519 775 nec
1538 738 1766 793 prorsus

156 807 230 861 ab
250 825 322 862 ea
337 810 649 881 quidquam
672 810 967 882 accipiens.
997 812 1122 866 Non
1144 810 1295 865 enim
1318 811 1606 882 proprium
1633 812 1767 884 quid

160 897 452 952 habebant
474 899 623 970 quod
642 898 749 953 sibi
768 906 964 954 mutuo
984 900 1356 969 largirentur;
1382 905 1614 972 eratque
1631 902 1767 956 satis

158 988 439 1058 utrisque,
469 988 656 1042 solum
707 988 1040 1043 visitationis
1088 988 1354 1053 ofﬁcium,
1384 989 1768 1060 memoriaque

158 1076 485 1131 futurorum
494 1093 625 1132 cum
635 1093 733 1148 spe
753 1077 1040 1133 felicitatis
1056 1083 1297 1133 aeterna}.
1315 1078 1374 1132 Si
1398 1079 1620 1149 quando
1639 1096 1767 1133 vero

164 1165 252 1218 vel
281 1165 355 1219 ad
382 1170 744 1231 structuram,
768 1167 855 1220 vel
886 1167 959 1220 ad
987 1166 1156 1221 aliam
1186 1183 1306 1220 rem
1327 1166 1549 1221 feminae
1572 1184 1768 1222 mona-

165 1253 287 1308 chis
315 1254 655 1324 indigerent,
686 1255 1039 1327 eligebantur
1066 1272 1284 1326 magna;
1331 1257 1769 1311 conversationis

165 1342 293 1409 viri,
326 1343 421 1414 qui
446 1343 718 1399 fratribus
755 1345 827 1398 ad
865 1344 1100 1415 quaesita
1127 1349 1431 1415 praeessent
1459 1345 1642 1399 ofﬁcia
1669 1364 1680 1412 ;
1715 1352 1772 1400 et

166 1448 299 1486 cum
341 1432 546 1487 timore
599 1433 821 1488 Domini
875 1432 1213 1497 laborantes,
1260 1434 1579 1489 refectionis
1631 1435 1772 1489 hora

164 1521 595 1576 revertebantur
629 1522 701 1576 ad
733 1522 1157 1587 monasterium,
1192 1529 1452 1578 caventes
1493 1525 1644 1595 apud
1676 1540 1771 1579 eas

169 1610 477 1682 quidquam
502 1611 611 1665 cibi
638 1612 913 1684 potusque
943 1611 1250 1682 percipere.

240 1699 367 1754 Una
393 1716 524 1754 vero
554 1701 751 1770 regula
779 1704 894 1754 tam
934 1700 1182 1753 virorum
1218 1716 1388 1770 quam
1436 1700 1770 1757 feminarum

173 1786 454 1858 hodieque
495 1789 780 1859 perdurat,
815 1788 924 1842 nisi
972 1788 1121 1859 quod
1160 1788 1384 1842 feminae
1431 1790 1652 1844 melotis
1693 1794 1777 1857 (ut

1849 637 1904 685 et
1927 629 2395 700 biduanajejunia
2413 626 2777 697 transigebat,
2794 643 2894 697 per
2912 626 3053 679 duos
3073 639 3252 678 annos
3271 621 3449 676 omni-

1846 719 1951 775 bus
1971 719 2231 791 pretiosis
2259 724 2317 773 et
2335 715 2755 771 delicatioribus
2777 714 2913 770 cibis
2939 713 3244 778 abstinens,
3270 727 3441 781 seque

1850 810 1920 864 ad
1940 809 2243 881 perfectam
2264 806 2686 872 continentiam,
2705 810 2980 876 quantum
3001 809 3136 857 aetas
3156 803 3253 856 illa
3271 801 3447 873 patie-

1850 899 2020 954 batur
2049 898 2372 953 extendens.
2394 896 2575 967 Coepit
2598 896 2789 965 itaque
2816 909 3006 948 secum
3025 897 3291 957 tractare,
3316 907 3450 961 qua-

1850 993 2017 1042 tenus
2045 986 2447 1042 monasterium
2472 989 2774 1056 expeteret,
2809 989 3125 1053 sanctaeque
3154 998 3214 1035 se
3242 980 3450 1051 regula

1851 1077 2217 1149 manciparet.
2243 1077 2313 1130 Et
2339 1075 2603 1129 deserens
2632 1073 2823 1129 omnia
2851 1090 2973 1144 quae
2995 1070 3254 1135 habebat,
3287 1086 3453 1141 quos-

1851 1167 1984 1221 dam
2037 1166 2328 1235 religiosos
2364 1164 2513 1218 viros
2552 1163 2781 1234 reperit,
2834 1162 3047 1233 optima
3095 1159 3450 1214 institutione

1850 1256 2097 1309 viventes
2128 1273 2140 1322 ;
2174 1253 2556 1325 habitavitque
2600 1267 2729 1307 cum
2759 1252 2860 1318 eis,
2893 1251 2952 1305 in
2994 1248 3220 1305 Domini
3247 1248 3450 1302 timore

1853 1344 2172 1416 proﬁciens.

1924 1434 2054 1489 CAP.
2087 1432 2257 1487 XXX.
2285 1460 2343 1473 -
2375 1430 2632 1495 Quodam
2659 1446 2791 1483 vero
2818 1434 3093 1499 tempore,
3121 1426 3359 1496 contigit
3391 1430 3456 1479 ut

1852 1529 1978 1594 post
2007 1522 2320 1577 orationem
2348 1520 2746 1591 vespertinam,
2772 1535 2900 1572 cum
2934 1515 3193 1572 monachi
3225 1514 3458 1569 resedis-

1854 1618 1997 1675 sent,
2022 1617 2078 1665 et
2104 1610 2293 1664 divina
2320 1614 2583 1663 consuete
2612 1608 3022 1662 meditarentur
3043 1605 3283 1677 eloquia,
3309 1620 3455 1658 unus

1857 1718 1921 1756 ex
1952 1701 2031 1754 eis
2053 1700 2365 1771 disputans,
2394 1698 2659 1753 audiente
2688 1714 2909 1768 quoque
2933 1695 3248 1760 Theodoro,
3274 1693 3458 1747 taber-

1857 1790 2123 1844 naculum
2153 1789 2355 1843 veteris
2373 1787 2721 1841 Testamenti
2749 1790 2807 1840 et
2829 1790 3025 1839 sancta
3042 1788 3364 1838 sanctorum
3386 1782 3457 1836 ad

172 1857 435 1946 diximus)
466 1857 701 1932 minime
747 1857 1247 1946 utunturlPaHad.
1282 1895 1327 1932 ο.
1363 1876 1473 1946 39).
1507 1880 1665 1943 Quod
1722 1881 1770 1934 si
1791 1857 2023 1934 Bnovos
2074 1879 2310 1933 referret
2336 1877 2589 1948 populos,
2625 1876 2696 1929 ad
2726 1873 3208 1929 circumcisionem
3248 1872 3459 1927 scilicet

171 1960 440 2018 defuncta
481 1968 632 2016 esset
670 1963 846 2034 virgo.
879 1970 1140 2020 curantes
1170 1964 1338 2019 funus
1368 1966 1491 2035 ejus
1522 1961 1769 2037 reliquae,
1854 1974 2025 2039 atque
2039 1964 2754 2039 praeputium,dicensquod
2771 1963 3015 2018 exterius
3030 1961 3453 2016 tabernaculum

171 2057 486 2122 cunctaque
504 2069 627 2123 quae
646 2054 717 2107 ad
738 2054 1082 2124 sepulturam
1096 2053 1381 2124 pertinent
1403 2053 1775 2127 adimplentes
1854 2059 2094 2128 figuram
2130 2060 2357 2127 gereret
2383 2054 2587 2126 prioris
2617 2052 2808 2125 populi
2832 2052 3174 2115 Iudaeorum,
3209 2050 3448 2105 interius

172 2140 503 2196 deferebant
527 2159 705 2213 usque
734 2143 805 2197 ad
834 2143 1017 2213 ripam
1056 2142 1325 2208 fluminis,
1358 2143 1504 2213 quod
1534 2148 1775 2214 utraque
1856 2153 2066 2211 autem,
2083 2144 2232 2216 quod
2257 2149 2342 2198 est
2362 2148 2558 2198 sancta
2580 2148 2923 2206 sanctorum,
2945 2140 3292 2194 vocationem
3320 2155 3459 2209 prae-

164 2231 521 2287 monasteria
543 2231 758 2297 dividit,
776 2232 1023 2302 psalmos
1044 2248 1109 2286 ex
1136 2248 1292 2286 more
1314 2238 1598 2286 canentes.
1620 2233 1777 2287 Tunc
1857 2236 2107 2306 signaret
2126 2234 2375 2289 omnium
2397 2232 2674 2303 gentium,
2699 2248 2820 2302 quae
2849 2236 2906 2285 et
2929 2228 3249 2284 sacratioris
3269 2228 3456 2282 aditus

175 2324 534 2374 transeuntes
549 2321 807 2375 monachi
831 2338 959 2375 cum
983 2322 1156 2376 ramis
1182 2322 1500 2393 palmarum
1526 2327 1584 2375 et
1610 2322 1778 2377 oliva-
1858 2324 2160 2379 meruisset
2178 2339 2483 2388 accessum,
2500 2326 2558 2375 et
2576 2322 2855 2391 majorum
2875 2318 3270 2391 mysteriorum
3288 2316 3459 2388 parti-

175 2424 305 2463 rum
361 2408 670 2475 frondibus,
705 2411 1008 2481 psallentes
1064 2409 1504 2465 transvehebant
1544 2427 1686 2478 eam,
1722 2416 1780 2466 et

185 2497 245 2552 in
272 2498 546 2569 sepulcris
571 2499 690 2553 suis
715 2516 841 2553 cum
870 2500 1155 2555 hilaritate
1185 2499 1518 2555 condebant.

252 2587 384 2644 CAP.
406 2588 605 2647 XXIX.
695 2589 825 2643 Haac
839 2590 967 2644 talis
987 2607 1052 2644 ac
1070 2595 1229 2644 tanta
1247 2589 1596 2644 conversatio
1615 2590 1780 2660 longe

180 2675 406 2747 lateque
459 2676 829 2743 crebrescens,
888 2679 1179 2749 sanctique
1232 2678 1520 2733 Pachomii
1574 2696 1779 2734 nomen

181 2763 391 2835 ubique
421 2766 771 2836 perveniens,
804 2784 1093 2822 universos
1122 2768 1193 2821 ad
1231 2768 1479 2838 agendas
1507 2770 1622 2823 Deo
1646 2786 1778 2840 gra-

179 2853 290 2909 tias
309 2854 739 2911 excitabat.Non
749 2857 911 2928 pauci
932 2874 1154 2928 quoque
1171 2863 1593 2913 contemnentes
1612 2859 1779 2929 hujus

1859 2434 1990 2488 ceps
2019 2416 2341 2471 exstitisset.
2364 2416 2473 2469 Pro
2500 2414 2696 2468 hostiis
2716 2414 2866 2467 enim
2897 2411 3245 2475 animalium,
3276 2415 3333 2463 et
3354 2425 3458 2481 pro

1861 2523 1988 2560 arca
2005 2506 2062 2559 in
2082 2521 2194 2575 qua
2218 2509 2342 2558 erat
2357 2519 2582 2568 manna,
2598 2507 2656 2556 et
2666 2519 2825 2572 Virga
2842 2503 3028 2555 Aaron
3050 2516 3172 2570 qua:
3200 2498 3461 2553 frondue-

1860 2600 1969 2661 rat,
1997 2600 2054 2648 et
2081 2593 2285 2648 tabulae
2309 2592 2654 2653 testamenti,
2691 2607 2791 2662 pro
2832 2589 3119 2644 thuribulo
3151 2604 3372 2658 quoque
3403 2591 3462 2640 et

1862 2700 2061 2739 mensa
2083 2688 2139 2737 et
2165 2681 2500 2737 candelabro
2539 2697 2603 2734 ac
2639 2679 3051 2751 propitiatorio,
3082 2678 3234 2732 Deus
3276 2675 3460 2729 Verbo

1861 2772 2023 2828 nobis
2051 2772 2111 2826 in
2138 2788 2243 2826 sua
2270 2771 2658 2825 incarnatione
2683 2769 2992 2822 clementer
3017 2766 3299 2838 apparuit,
3325 2770 3382 2819 et
3401 2764 3464 2817 il-

1861 2862 2160 2917 luminavit
2170 2878 2272 2915 nos
2293 2860 2507 2914 lumine
2527 2876 2640 2914 sum
2663 2857 3000 2929 praesentiae;
3028 2860 3463 2924 nostrorumque

180 2943 379 2999 mundi
389 2944 985 3015 negotia,singularem
997 2948 1400 3002 monachorum
1411 2948 1781 3003 conversatio-
1861 2952 2043 3006 factus
2057 2956 2142 3005 est
2161 2949 2484 3021 propitiatio
2510 2952 2887 3020 peccatorum,
2912 2950 2969 3000 et
2990 2961 3090 3017 pro
3115 2960 3325 2999 manna
3345 2960 3465 2998 cor-

180 3047 311 3087 nem
320 3033 861 3103 etspiritaliastudia
870 3034 1182 3106 diligebant
1198 3036 1377 3091 :inter
1387 3054 1526 3109 quos
1536 3043 1592 3092 et
1602 3039 1779 3092 Theo-
1862 3058 1967 3112 pus
1986 3040 2274 3111 proprium
2289 3038 2527 3109 largitus
2543 3043 2628 3091 est
2648 3036 2721 3091 ad
2740 3035 3038 3090 edendum.
3058 3034 3188 3088 Haec
3201 3049 3329 3087 cum
3348 3048 3464 3086 mo-

181 3120 354 3176 dorus
369 3120 418 3188 (3
430 3120 827 3194 l),adolescens
839 3140 1114 3179 annorum
1131 3124 1307 3179 ferme
1323 3126 1778 3193 x1v,Christianis
1860 3130 2058 3185 nachis
2088 3128 2183 3199 qui
2211 3132 2516 3200 praesentes
2545 3126 2800 3190 aderant,
2828 3124 2979 3178 idem
3001 3123 3176 3177 frater
3204 3121 3463 3191 religiose

185 3216 344 3266 ortus
362 3211 709 3282 parentibus,
727 3216 784 3266 et
800 3214 1107 3268 secundum
1128 3215 1393 3269 saeculum
1415 3216 1573 3270 valde
1586 3216 1775 3282 claris,
1798 3248 1840 3308 C
1863 3219 2181 3282 dissereret,
2210 3215 2429 3270 addidit
2451 3215 2642 3268 dicens
2668 3214 2859 3267 :Hanc
2883 3210 3408 3308 interpretationem
3430 3225 3464 3262 a

182 3300 288 3356 hoc
315 3300 484 3356 modo
506 3317 806 3356 conversus
832 3307 935 3357 est.
960 3304 1264 3358 Undecimo
1287 3305 1378 3358 die
1400 3306 1611 3359 mensis
1635 3305 1776 3372 Tibi,
1801 3297 1840 3308 ν
1863 3313 2055 3362 sancto
2084 3311 2245 3378 patre
2275 3310 2468 3358 nostro
2500 3302 2802 3357 Pachomio
2827 3300 3015 3367 didici,
3045 3299 3140 3371 qui
3167 3299 3226 3353 in
3251 3297 3466 3353 Taben-

181 3389 241 3444 id
259 3395 365 3456 est,
396 3394 593 3445 octavo
618 3391 700 3446 Id.
732 3392 857 3446 Jan.
885 3391 996 3461 (35)
1023 3393 1280 3464 quaedam
1307 3394 1455 3465 apud
1478 3395 1780 3466 (Egyptum
1862 3397 2023 3452 nensi
2052 3394 2394 3450 monasterio
2438 3391 2749 3446 monachos
2778 3388 3040 3461 primitus
3080 3387 3460 3459 congregavit,

182 3478 499 3534 celebratur
518 3496 583 3533 ex
600 3480 1059 3536 morefestivitas.
1086 3483 1537 3553 Cernensitaque
1549 3484 1781 3537 domum
1863 3502 1994 3540 cum
2023 3484 2226 3556 quibus
2250 3484 2308 3537 in
2334 3482 2475 3547 dies,
2507 3480 2751 3536 Domino
2784 3478 3107 3541 auxiliante,
3139 3477 3365 3550 profeci.
3400 3477 3469 3531 Et

180 3584 343 3623 suam
372 3568 540 3622 nimis
566 3570 809 3641 amplam
840 3587 905 3624 ac
931 3570 1303 3641 splendidam,
1328 3588 1392 3625 ac
1421 3571 1583 3625 bonis
1605 3572 1782 3626 omni-

185 3656 289 3712 bus
300 3656 702 3725 abundantem,
724 3676 826 3730 per
836 3659 937 3713 Dei
950 3659 1193 3729 gratiam
1205 3660 1371 3714 corde
1388 3668 1775 3732 compunctus,

183 3746 323 3801 talia
349 3763 540 3801 secum
565 3748 734 3819 coepit
759 3748 977 3803 volvere
1018 3767 1029 3801 :
1081 3748 1228 3812 Quid
1257 3748 1359 3803 tibi
1389 3749 1660 3820 proderit,
1701 3750 1784 3803 in-

182 3835 315 3889 felix
357 3836 666 3905 Theodore,
697 3837 746 3891 si
777 3841 960 3891 totum
993 3838 1265 3892 mundum
1314 3839 1565 3892 lucratus
1610 3838 1784 3893 fueris

191 3925 407 3994 (Matth.
456 3929 595 3995 xw),
635 3931 692 3980 et
739 3926 1145 3997 temporalibus
1186 3932 1352 3981 utens
1383 3943 1785 3999 usquequaque

189 4013 421 4080 deliciis,
446 4014 516 4068 ab
540 4014 651 4068 illis
670 4014 893 4069 aeternis
915 4014 1076 4070 bonis
1092 4022 1150 4070 et
1170 4016 1584 4071 immortalibus
1606 4017 1787 4071 exclu-

191 4102 378 4157 daris?
424 4103 624 4157 Nullus
660 4104 812 4157 enim
841 4109 1026 4175 potest
1070 4110 1127 4158 et
1163 4105 1532 4176 praesentibus
1572 4105 1787 4159 deliciis

191 4191 424 4264 perfrui,
444 4198 502 4246 et
518 4193 782 4263 perennis
797 4193 990 4262 gloria:
1008 4194 1240 4265 praemia
1257 4195 1579 4265 promereri.
1607 4195 1789 4266 Super

193 4282 280 4337 his
306 4298 441 4353 ergo
465 4282 686 4336 fortiter
706 4278 1095 4352 ingemiscens,
1115 4284 1428 4354 penetralia
1452 4300 1567 4338 suae
1587 4284 1788 4339 domus

191 4372 477 4442 ingressus
494 4377 605 4438 est;
630 4376 685 4425 et
713 4371 1006 4442 procidens
1035 4372 1094 4427 in
1120 4372 1320 4425 faciem
1347 4389 1529 4439 suam,
1555 4389 1682 4427 cum
1711 4373 1789 4427 la-

191 4461 399 4532 crymis
443 4460 521 4515 ait
555 4477 570 4512 :
604 4460 972 4532 Omnipotens
1000 4461 1167 4527 Deus,
1202 4461 1299 4531 qui
1346 4462 1694 4516 occultorum
1729 4478 1789 4516 es

1867 3575 2051 3639 credo,
2086 3574 2220 3644 quia
2249 3571 2393 3627 tanti
2424 3570 2528 3624 viri
2559 3569 2883 3623 recordatus
2912 3585 3036 3622 sum
3071 3566 3203 3637 (36),
3239 3570 3467 3637 peccata

1867 3679 1996 3718 mea
2022 3662 2384 3716 remittantur
2411 3660 2692 3714 universa.
2720 3657 2969 3712 Audiens
2990 3657 3099 3710 ista
3115 3656 3462 3720 Theodorus,

1866 3768 2132 3807 accensus
2164 3755 2249 3805 est
2276 3749 2482 3812 animo,
2521 3752 2578 3801 et
2606 3746 2759 3801 intra
2795 3746 3160 3816 semetipsum
3208 3748 3467 3814 precatus

1868 3847 1972 3908 est,
2004 3841 2194 3894 dicens
2228 3857 2239 3891 :
2274 3837 2512 3892 Domine
2532 3836 2700 3903 Deus,
2729 3835 2775 3889 si
2803 3834 2933 3889 talis
2972 3840 3059 3888 est
3082 3833 3168 3887 vir
3188 3834 3379 3905 justus
3408 3832 3467 3886 in

1868 3930 2052 3993 terris,
2082 3928 2315 3998 dignum
2345 3943 2435 3981 me
2466 3926 2570 3991 fac,
2599 3931 2663 3979 ut
2699 3941 2830 3978 eum
2857 3924 3095 3989 videam,
3124 3928 3183 3977 et
3228 3938 3469 3993 sequens

1868 4018 2105 4090 vestigia
2132 4019 2274 4087 ejus,
2320 4016 2579 4070 universa
2609 4014 2878 4067 mandata
2916 4012 3238 4084 perﬁciam;
3282 4011 3469 4065 salvus

1871 4124 2093 4180 quoque
2135 4107 2332 4172 factus,
2365 4105 2513 4159 bona
2550 4109 2668 4170 tua,
2701 4120 2823 4174 qua)
2852 4102 3219 4172 diligentibus
3248 4106 3304 4156 te
3346 4116 3470 4171 pro-

1874 4197 2096 4262 misisti,
2130 4211 2471 4267 promerear.
2508 4195 2637 4249 Haec
2657 4192 2848 4247 dicens
2877 4209 3005 4246 cum
3031 4191 3314 4262 lacrymis,
3345 4191 3469 4243 vin-

1872 4286 2105 4340 cebatur
2119 4301 2311 4339 amore
2332 4283 2517 4337 divino
2537 4283 2757 4337 fortiter
2771 4282 3072 4336 sauciatus.
3100 4281 3235 4335 Post
3255 4279 3471 4350 aliquot

1871 4381 2062 4431 autem
2106 4375 2226 4429 dies
2278 4373 2431 4428 venit
2478 4373 2549 4427 ad
2588 4388 2682 4426 eos
2727 4371 2957 4442 quidam
2995 4368 3326 4424 venerabilis
3365 4368 3461 4433 vir,

1872 4464 2138 4519 Pecusius
2167 4463 2414 4529 nomine,
2446 4462 2697 4531 longaeva
2733 4464 3020 4515 senectute
3049 4459 3366 4521 decoratus,
3404 4464 3469 4511 ut

193 4549 466 4619 cognitor,
497 4554 559 4604 tu
589 4548 697 4604 scis
727 4549 860 4620 quia
895 4549 1033 4603 nihil
1060 4550 1263 4604 horum
1287 4566 1410 4621 qua:
1436 4556 1570 4605 sunt
1596 4550 1656 4605 in
1684 4550 2355 4636 hochisitaretfratres,
2374 4550 2653 4621 simulque
2673 4549 2915 4620 qualiter
2926 4553 3161 4618 agerent
3172 4544 3471 4600 sciredesi-

193 4639 415 4705 sazculo,
445 4638 623 4693 amori
657 4643 756 4693 tuo
782 4655 1066 4711 praepono.
1100 4639 1340 4711 Propter
1378 4640 1529 4710 quod
1559 4639 1789 4694 obsecro

192 4732 250 4782 te
274 4726 610 4794 misericors,
628 4727 768 4782 utin
789 4728 1077 4783 voluntate
1099 4733 1200 4782 tua
1222 4745 1313 4783 me
1334 4728 1563 4799 dirigas,
1584 4729 1792 4783 illumi-

193 4832 337 4871 nans
366 4817 613 4871 animam
634 4834 819 4871 meam
850 4817 1135 4882 miseram,
1162 4834 1233 4871 ne
1263 4817 1321 4871 in
1348 4823 1572 4873 aeternae
1592 4818 1791 4873 mortis

194 4905 598 4961 contenebrata
622 4905 866 4978 peccatis
895 4905 1230 4973 obdormiat,
1252 4907 1345 4960 sed
1378 4906 1671 4977 redempta
1693 4912 1791 4961 tuo

192 4995 756 5067 munere,peromnia
769 5001 827 5050 te
850 4995 1129 5050 collaudet
1149 5000 1319 5067 atque
1343 4996 1639 5067 gloriﬁcet.
1663 4996 1794 5050 Haec

192 5100 260 5139 eo
289 5090 506 5150 orante,
538 5084 692 5138 venit
720 5090 903 5139 mater
928 5084 1098 5150 illius,
1127 5089 1185 5139 et
1210 5084 1425 5139 invenit
1453 5085 1643 5139 oculos
1673 5086 1792 5154 ejus

193 5172 388 5244 plenos
412 5173 695 5245 lacrymis,
730 5178 787 5227 et
812 5174 926 5229 ait:
951 5172 1089 5237 Quis
1111 5178 1167 5227 te
1193 5173 1564 5237 contristavit,
1586 5174 1795 5228 charis-

194 5261 337 5317 sime
366 5263 465 5329 fili,
499 5268 564 5317 ut
590 5262 960 5334 sequestreris
995 5280 1028 5317 a
1064 5262 1261 5316 nobis?
1286 5263 1430 5316 Nam
1458 5262 1683 5317 solliciti
1730 5279 1795 5317 ac

194 5350 447 5406 dolentes
466 5351 673 5423 ubique
692 5357 749 5406 te
770 5351 1177 5423 quaerebamus,
1194 5356 1260 5406 ut
1277 5350 1566 5405 nobiscum
1585 5351 1797 5421 pariter

195 5441 523 5511 epulareris.
551 5440 659 5505 Qui
687 5441 1012 5512 respondit:
1046 5442 1243 5511 Perge,
1276 5457 1484 5511 quaeso,
1506 5446 1707 5505 mater,
1740 5445 1798 5494 et

196 5529 379 5584 cibum
404 5547 585 5597 sume,
604 5530 738 5602 quia
755 5546 860 5601 ego
879 5546 1030 5584 nunc
1048 5531 1389 5585 manducare
1408 5546 1522 5584 non
1542 5546 1791 5601 possum.

199 5619 313 5673 Nec
339 5619 627 5691 acquievit
650 5618 907 5691 precibus
936 5620 1077 5689 ejus,
1110 5624 1176 5674 ut
1202 5635 1330 5673 cum
1359 5635 1428 5674 ea
1454 5619 1791 5674 comederet.

207 5714 248 5776 ι
262 5710 467 5777 πει
475 5725 605 5764 cum
622 5708 694 5764 ad
706 5708 954 5764 scholam
973 5708 1292 5764 ambularet
1310 5714 1376 5763 ut
1390 5709 1609 5763 litteras
1623 5708 1799 5763 disce—

1871 4643 2096 4696 derans.
2141 4641 2321 4705 Quem
2350 4639 2510 4692 valde
2536 4638 2862 4692 Theodorus
2902 4635 3258 4709 precabatur,
3297 4639 3363 4687 ut
3407 4650 3469 4687 se

1873 4730 2136 4785 comitem
2157 4728 2484 4799 susciperet,
2512 4732 2569 4781 et
2587 4726 2658 4780 ad
2679 4730 2937 4780 sanctum
2958 4723 3323 4779 Pachomium
3348 4739 3473 4794 per-

1873 4822 2076 4876 ducere
2103 4818 2451 4888 dignaretur.
2483 4816 2591 4880 Qui
2624 4815 2763 4869 nihil
2804 4815 3084 4879 differens,
3119 4831 3248 4868 eum
3279 4828 3469 4867 secum

1872 4913 2165 4982 gratanter
2177 4905 2762 4975 assumpsit.Cumque
2780 4903 3243 4976 pervenissentad
3262 4904 3465 4969 locum,

1873 4998 2199 5054 Theodorus
2229 4994 2483 5050 adoravit
2509 4994 2833 5057 Dominum,
2863 4994 3053 5047 dicens
3088 5012 3099 5047 :
3134 4992 3470 5047 Benedictus

1876 5106 1954 5154 es,
1983 5086 2240 5152 Domine,
2273 5084 2370 5155 qui
2406 5099 2487 5137 s10
2529 5082 2787 5137 celeriter
2812 5083 3125 5137 orationem
3165 5080 3471 5152 peccatoris

1875 5175 2084 5232 audisti
2100 5194 2112 5242 ;
2132 5180 2188 5228 et
2200 5174 2344 5227 sicut
2355 5171 2453 5226 abs
2465 5178 2519 5226 te
2534 5187 2896 5243 poposceram
2905 5211 2918 5236 ,
2927 5169 3266 5225 desiderium
3280 5184 3470 5222 meum

1876 5262 2156 5332 complere
2182 5259 2446 5329 dignatus
2471 5274 2552 5311 es.
2574 5256 2858 5310 Accedens
2876 5272 3008 5325 ergo
3030 5255 3100 5309 ad
3121 5253 3328 5308 ostium
3358 5270 3473 5307 mo-

1877 5350 2131 5416 nasterii,
2177 5364 2307 5402 mox
2335 5353 2398 5401 ut
2427 5346 2562 5400 vidit
2589 5343 2972 5409 Pachomium,
3001 5343 3166 5413 erepit
3192 5344 3328 5397 ﬂere
3358 5358 3473 5412 pra:

1876 5439 2104 5512 gaudio.
2132 5438 2218 5492 Ad
2235 5454 2401 5508 quem
2422 5434 2755 5489 venerabilis
2773 5438 2933 5504 pater
2956 5433 3037 5486 ait
3063 5450 3073 5484 :
3097 5431 3245 5491 Noli.
3269 5432 3349 5485 fili
3374 5432 3469 5497 mi,

1878 5530 2165 5602 plangere,
2187 5527 2321 5599 quia
2350 5532 2408 5580 et
2430 5542 2532 5595 ego
2562 5525 2729 5578 homo
2752 5528 3011 5594 peccator
3034 5538 3181 5588 sum,
3214 5521 3345 5575 licet
3372 5521 3472 5575 Dei

1878 5635 2019 5690 opus
2039 5633 2337 5689 aggressus
2352 5615 2458 5670 sim
2477 5634 2487 5669 ε
2515 5619 2573 5670 et
2588 5614 2705 5667 haec
2724 5613 2934 5679 dicens,
2952 5611 3136 5665 introd
3145 5609 3262 5666 uxit
3271 5627 3401 5665 eum
3416 5611 3473 5664 in

1879 5705 2308 5762 monasterium.
2331 5705 2585 5771 Quicum
2613 5702 2853 5757 fratrum
2874 5700 3296 5756 multitudinem
3309 5700 3472 5753 vidis-
