3912 6386
483 407 582 468 251

1499 408 1595 464 DE
1629 407 1820 464 VITIS
1857 400 2155 462 PATRUM
2191 399 2408 457 LIBER
2444 398 2734 455 PRIMUS.

3652 395 3758 457 252

476 535 586 599 set,
605 531 954 586 illuminatus
970 533 1178 594 mente,
1191 529 1341 584 circa
1353 527 1602 584 divinum
1616 531 1828 584 cultura
1843 529 1936 600 pio
1957 529 2073 583 zelo
2090 527 2141 586 Α
2157 540 2277 578 rem
2302 539 2404 594 pro
2429 523 2660 577 nomine
2689 522 2917 588 Christi,
2941 538 3055 577 non
3082 537 3183 595 pro
3205 537 3348 580 vana
3375 521 3542 579 laude
3567 531 3752 581 custo-

479 623 839 677 vehementer
861 619 1114 680 incaluit,
1134 637 1198 674 ac
1218 635 1480 690 processu
1496 619 1765 690 temporis
1795 634 2001 688 magna
2020 618 2078 671 in

477 709 779 765 virtutibus
809 709 1154 764 incrementa
1182 708 1450 780 percepit.
1471 708 1605 763 Erat
1634 707 1782 762 enim
1815 707 2078 778 largitate

480 799 652 854 divini
668 798 919 853 muneris
947 798 1235 868 praeditus,
1258 803 1317 852 et
1335 798 1393 851 in
1411 797 1673 868 operibus
1696 796 1856 850 bonis
1878 813 1942 850 ac
1961 813 2080 850 ver-

477 889 562 943 bis
583 888 826 944 multum
847 888 1124 960 prudens;
1143 892 1202 942 et
1219 887 1536 941 humilitate
1551 891 1720 958 atque
1740 887 2077 940 contritione

479 977 661 1032 cordis
681 977 839 1031 valde
867 975 1160 1042 mirabilis,
1186 976 1244 1030 in
1259 976 1492 1046 jejuniis
1511 975 1760 1038 sedulus,
1783 975 1844 1030 in
1873 975 2076 1044 vigiliis

477 1067 746 1130 intentus,
778 1066 836 1120 in
889 1066 1142 1134 oratione
1172 1065 1462 1130 sollicitus,
1514 1080 1803 1134 nunquam
1853 1064 2077 1134 penitus

481 1154 764 1220 omittens,
791 1171 901 1226 quo
931 1155 1118 1210 minus
1137 1154 1408 1226 spiritalis
1426 1153 1625 1223 gratiae
1645 1155 1858 1223 majora
1886 1169 2077 1206 mune-

480 1259 548 1298 ra
564 1248 892 1298 sectaretur.
912 1243 1324 1298 Consolabatur
1343 1247 1530 1296 autem
1546 1242 1816 1313 plurimos
1838 1257 2076 1295 maerore

483 1333 806 1403 depressos;
840 1338 898 1386 et
938 1349 1032 1386 eos
1076 1331 1170 1402 qui
1218 1331 1405 1402 aliquo
1445 1336 1669 1402 peccato
1699 1331 2073 1399 deviaverant,

484 1420 866 1478 admonitione
895 1420 1095 1474 humili
1126 1423 1294 1491 atque
1323 1419 1590 1474 benevola
1615 1419 1945 1489 corrigebat.

555 1509 686 1565 CAP.
709 1509 906 1564 XXXI.
925 1537 990 1550 —
1011 1509 1262 1581 Denique
1290 1513 1408 1562 tam
1428 1509 1749 1579 praeclaram
1774 1525 1839 1562 ac
1861 1509 2076 1579 fulgen-

481 1601 599 1652 tem
635 1598 1114 1653 conversationem
1141 1598 1264 1668 ejus
1289 1598 1621 1652 Pachomius
1649 1614 1902 1661 cernens,
1937 1599 2075 1651 satis

484 1702 615 1740 eum
642 1687 850 1752 dilexit,
877 1693 934 1740 et
961 1687 1019 1741 in
1049 1687 1214 1741 corde
1238 1703 1339 1741 suo
1367 1687 1668 1741 conseruit.
1703 1686 1950 1741 Audiens
1980 1703 2076 1742 au-

482 1778 598 1829 tem
627 1781 809 1831 mater
835 1777 958 1848 ejus
984 1776 1131 1846 quod
1156 1777 1302 1848 apud
1324 1775 1552 1831 beatum
1573 1776 1937 1830 Pachomium
1959 1793 2076 1830 mo-

2159 613 2341 678 diunt,
2361 613 2634 684 plurimas
2649 613 2908 667 utilitatis
2923 629 3092 668 causa
3109 613 3343 667 virtutes
3363 614 3584 668 ceteris
3595 615 3752 669 adhi-

2160 701 2312 762 bere,
2348 702 2479 756 licet
2523 703 2820 756 videantur
2861 703 2932 757 ad
2969 702 3136 756 breve
3181 709 3407 774 tempus
3447 704 3755 758 nonnullos

2159 791 2463 848 oﬂ'endere.

2230 881 2362 935 Car.
2376 881 2600 938 XXXII.
2618 911 2683 924 -—
2697 881 2878 950 Igitur
2894 881 3039 934 sicut
3051 881 3219 951 hujus
3230 881 3484 938 studium
3502 881 3574 934 ad
3587 897 3758 937 emu-

2158 969 2426 1026 iationem
2446 985 2640 1023 eorum
2661 969 2758 1040 qui
2777 969 3012 1023 meliora
3028 969 3269 1040 cupiunt
3285 969 3501 1023 imitari
3523 971 3758 1041 protuli-

2161 1074 2306 1123 mus,
2338 1058 2420 1112 ita
2453 1059 2826 1130 negligentiae
2867 1058 3182 1129 aliquorum
3208 1059 3426 1128 justum
3472 1059 3755 1114 credimus

2160 1147 2431 1213 intimari,
2458 1148 2530 1201 ad
2567 1149 2842 1202 cautelam
2877 1164 3073 1202 eorum
3101 1147 3198 1218 qui
3229 1147 3340 1201 ista
3369 1147 3572 1202 lecturi
3599 1154 3752 1203 sunt.

2157 1234 2396 1299 Quidam
2421 1237 2678 1290 monachi
2698 1236 3006 1290 secundum
3021 1251 3247 1290 carnem
3268 1235 3521 1290 viventes
3536 1238 3751 1304 (Dolon.

2161 1322 2260 1393 In),
2283 1341 2386 1378 nec
2405 1331 2647 1378 veterem
2669 1325 2954 1378 hominem
2976 1331 3235 1378 curantes
3254 1339 3476 1388 exuere,
3491 1330 3754 1380 sanctum

2159 1413 2523 1468 Pachomium
2551 1411 2771 1467 fortiter
2810 1412 3170 1482 afﬂigebant;
3199 1413 3527 1484 frequenter
3559 1414 3757 1484 itaque

2159 1503 2499 1556 salutaribus
2529 1518 2624 1556 eos
2651 1501 2879 1556 monitis
2924 1502 3234 1572 alloquens,
3271 1502 3490 1556 nullum
3525 1502 3754 1573 penitus

2161 1592 2468 1662 profectum
2494 1607 2688 1645 eorum
2719 1590 3017 1646 sentiebat.
3052 1590 3211 1646 Unde
3239 1590 3419 1644 tristis
3447 1597 3506 1644 et
3532 1589 3755 1652 anxius.

2158 1680 2395 1734 Domino
2424 1697 2524 1750 pro
2551 1681 2632 1733 eis
2661 1679 3012 1750 supplicabat
3040 1679 3366 1750 impensius,
3390 1679 3617 1732 dicens:
3650 1679 3760 1734 Do-

2157 1769 2406 1822 minator
2425 1769 2680 1834 Domine,
2703 1775 2768 1822 tu
2797 1768 3107 1839 prrecepisti
3127 1767 3288 1822 nobis
3315 1768 3552 1838 diligere
3573 1767 3758 1839 proxi-

481 1867 722 1930 raretur,
757 1864 826 1918 ad
857 1840 1274 1936 eum-protinus
1312 1863 1552 1928 advolat,
1585 1880 1776 1919 secum
1814 1840 2134 1918 deferensB
2156 1874 2278 1911 mos
2309 1864 2374 1912 ut
2399 1874 2500 1912 n08
2530 1858 2682 1928 ἱρεοε
2713 1859 2898 1922 (1:00“-
2929 1871 3022 1910 XIX
3045 1875 3061 1928 ;
3081 1858 3274 1911 Μαιυι-
3295 1861 3426 1925 Xlxl-
3446 1857 3596 1921 Quill
3622 1873 3758 1928 ergo

481 1952 865 2024 episcoporum
888 1953 1112 2024 scripta,
1134 1969 1258 2024 quae
1279 1951 1676 2024 praecipiebant
1691 1958 1756 2008 ut
1778 1953 1828 2006 ei
1859 1969 1995 2006 suus
2013 1954 2076 2006 fi-

478 2039 588 2095 lius
615 2040 964 2096 redderetur.
996 2042 1153 2096 Hanc
1181 2057 1314 2112 ergo
1345 2045 1712 2112 susceperunt
1741 2041 1987 2111 virgines
2014 2041 2074 2094 in

481 2129 840 2191 monasterio,
873 2130 1023 2202 quod
1052 2143 1088 2184 a
1116 2130 1384 2194 virorum,
1415 2134 1479 2184 ut
1507 2145 1679 2200 supra
1724 2129 1935 2184 dictum
1966 2135 2071 2192 est,

479 2217 630 2272 haud
649 2219 845 2290 procul
869 2218 1064 2273 aberat
1085 2237 1097 2286 ;
1120 2235 1243 2290 quae
1263 2235 1389 2272 mox
1412 2218 1588 2272 mittit
1601 2218 1866 2288 epistolas
1882 2223 2074 2273 sancto

480 2305 800 2373 Pachomio,
831 2307 1099 2362 similiter
1126 2307 1442 2373 obsecrans,
1475 2311 1540 2362 ut
1575 2307 1753 2362 filium
1785 2307 2072 2378 proprium

479 2395 664 2450 videre
691 2397 1046 2469 permitteret
1074 2398 1322 2464 (Rufﬁn.,
1360 2397 1398 2450 l.
1441 2409 1520 2461 ιη,
1551 2413 1608 2450 n.
1638 2395 1749 2464 3i).
1779 2396 1937 2450 Tunc
1974 2397 2076 2452 ad-

476 2497 681 2538 vocans
706 2485 1064 2540 Theodorum
1094 2485 1448 2551 Pachomius,
1475 2485 1556 2539 ait
1583 2485 1653 2538 ad
1701 2501 1829 2540 eum
1855 2501 1868 2538 :
1906 2486 2074 2539 Com-

477 2573 618 2644 peri,
652 2573 752 2638 ﬁli,
787 2573 935 2644 quod
961 2574 1071 2628 huc
1101 2579 1283 2629 mater
1309 2579 1412 2628 tua
1449 2574 1684 2638 venerit,
1718 2579 1776 2627 et
1801 2580 1858 2627 te
1887 2574 2073 2628 videre

478 2660 764 2714 desideret
788 2680 800 2714 :
822 2677 948 2716 ecce
970 2661 1130 2716 nobis
1149 2667 1207 2717 et
1225 2662 1611 2733 episcoporum
1628 2663 1846 2716 litteras
1859 2663 2069 2716 attulit.

479 2747 726 2819 Pergens
769 2749 962 2822 itaque
1000 2750 1307 2805 satisfacito
1352 2751 1539 2817 matri,
1573 2751 1814 2805 maxime
1843 2757 2075 2822 pmpter

479 2844 702 2892 sanctos
737 2839 1048 2910 pontiﬁces.
1080 2839 1175 2910 qui
1213 2839 1374 2895 nobis
1405 2855 1506 2910 per
1541 2857 1666 2894 eam
1696 2841 1911 2911 dignati
1941 2847 2074 2896 sunt

479 2925 686 2998 scripta
715 2927 977 2998 dirigere.
1011 2928 1319 2999 Respondit
1359 2929 1684 2987 Theodorus
1721 2947 1734 2982 :
1767 2931 1932 2984 Prius
1961 2947 2068 2997 me,

475 3015 812 3070 venerabilis
835 3021 1012 3088 pater,
1044 3023 1260 3072 certum
1292 3018 1477 3085 tacito,
1511 3019 1659 3090 quod
1701 3024 1826 3090 post
1853 3025 2072 3076 tantam

476 3103 815 3174 spiritalium
841 3121 1030 3160 rerum
1059 3106 1456 3177 cognitionem,
1491 3107 1536 3160 si
1568 3107 1757 3164 videro
1782 3123 1928 3175 eam,
1959 3124 2072 3162 non

2153 1951 2372 2000 secreta
2399 1946 2581 2000 cordis
2602 1946 2712 1999 mei
2733 1945 3010 2016 agnoscis,
3033 1944 3281 2010 obsecro,
3305 1962 3377 1999 ne
3399 1961 3489 1999 me
3509 1946 3762 1999 claman-

2155 2040 2273 2088 tem
2299 2035 2370 2090 ad
2391 2041 2448 2089 te
2477 2051 2578 2106 pro
2605 2050 2798 2089 eorum
2825 2035 3006 2088 salute
3025 2034 3330 2104 despicias;
3359 2035 3458 2090 sed
3488 2034 3760 2088 misertus

2156 2140 2372 2190 eorum,
2395 2123 2467 2178 da
2492 2124 2604 2180 illis
2631 2125 2893 2178 timorem
2910 2130 3090 2188 tuum,
3115 2129 3182 2177 ut
3200 2123 3446 2177 divinam
3467 2129 3626 2177 tuam
3659 2139 3762 2194 po-

2155 2212 2392 2267 tentiam
2407 2217 2821 2282 cognoscentes,
2837 2212 2895 2266 in
2913 2211 3146 2266 veritate
3162 2211 3264 2266 tibi
3286 2211 3605 2266 deserviant
3617 2252 3633 2275 ,
3659 2228 3760 2283 spe

2155 2307 2588 2378 promissionum
2609 2313 2836 2360 tuarum
2859 2322 2960 2376 per
2986 2305 3178 2360 omnia
3199 2305 3480 2373 roborati;
3508 2306 3648 2377 quia
3667 2306 3760 2360 ni-

2159 2397 2264 2449 mis
2293 2395 2564 2465 aﬁligitur
2599 2396 2787 2450 anima
2817 2411 2942 2449 mea
2974 2411 3074 2465 pro
3103 2394 3208 2460 eis,
3239 2400 3296 2448 et
3329 2411 3525 2449 omnes
3555 2411 3760 2449 sensus

2155 2484 2269 2538 mei
2283 2483 2584 2538 turbantur
2601 2498 3021 2554 usquequaque.
3045 2483 3172 2536 Haec
3191 2482 3400 2546 dicens,
3415 2483 3594 2540 siluit.
3621 2483 3761 2538 Post

2155 2573 2371 2643 aliquot
2387 2588 2518 2626 vero
2537 2573 2656 2626 dies
2675 2573 2866 2626 videns
2884 2572 3032 2642 quod
3050 2587 3153 2624 nec
3179 2588 3279 2642 per
3300 2571 3615 2626 orationem
3639 2587 3759 2627 me-

2156 2662 2322 2715 liores
2343 2663 2521 2715 eil‘ecti
2544 2667 2690 2725 sunt,
2716 2661 2920 2714 iterum
2941 2667 3096 2714 stans
3111 2661 3182 2714 ad
3198 2661 3532 2725 orationem,
3548 2677 3651 2732 pro
3669 2662 3754 2717 eis

2154 2751 2392 2805 Domino
2411 2751 2768 2821 supplicavit;
2789 2751 3128 2823 etquasdam
3147 2750 3390 2820 privatas
3410 2765 3476 2803 ac
3493 2752 3756 2822 proprias

2152 2840 2377 2910 regulas
2405 2841 2484 2893 eis
2515 2839 2710 2893 orandi
2739 2845 2908 2909 atque
2934 2839 3154 2892 vivendi
3181 2838 3434 2904 tradidit,
3458 2843 3524 2892 ut
3546 2840 3756 2894 saltem

2155 2929 2312 3000 quasi
2343 2929 2486 2982 servi
2516 2933 2730 2982 statuta
2748 2928 3106 2998 complentes,
3132 2927 3406 2998 paulatim
3424 2943 3760 2984 consuesce-

2153 3023 2282 3072 rent
2309 3020 2378 3072 ad
2409 3019 2651 3072 filiorum
2681 3033 2886 3071 munus
2911 3017 3220 3071 affectionis
3249 3017 3530 3071 industria
3561 3033 3758 3088 pene

2153 3107 2292 3161 nire.
2328 3107 2434 3172 Qui
2455 3112 2748 3161 cernentes
2775 3123 2835 3160 se
2863 3111 2990 3178 post
3009 3105 3491 3176 concupiscentiae
3509 3122 3644 3160 suas
3667 3107 3755 3162 ire

475 3191 620 3247 dabo
647 3193 778 3248 inde
803 3195 1077 3250 rationem
1104 3196 1346 3250 Domino
1377 3196 1436 3250 in
1466 3196 1555 3250 die
1586 3197 1802 3266 judicii,
1837 3203 1895 3252 et
1921 3192 2263 3268 quoanon
2289 3213 2470 3267 posse,
2506 3196 2972 3268 pmsentiamque
3012 3195 3190 3249 sancti
3228 3195 3518 3249 Pachomii
3543 3195 3753 3250 formi-

475 3281 730 3353 przecipis
750 3282 968 3339 faciam.
989 3284 1146 3338 Hanc
1165 3285 1312 3339 enim
1332 3287 1495 3356 juxta
1517 3287 1846 3342 mandatum
1861 3287 2071 3342 Christi

475 3383 604 3424 cum
632 3375 751 3426 toto
779 3373 990 3427 mundo
1009 3373 1251 3428 deserui.
1277 3375 1347 3428 Et
1365 3375 1645 3445 quomodo
1661 3391 1788 3429 eam
1811 3375 1870 3429 in
1899 3375 2072 3430 oﬂen-

476 3455 691 3512 sionem
736 3459 976 3515 fratrum
1010 3477 1159 3516 nunc
1201 3463 1418 3516 audebo
1445 3463 1806 3533 conspicere?
1843 3464 1987 3518 Nam
2019 3465 2069 3518 si

476 3545 653 3615 prius,
681 3553 811 3601 ante
841 3549 1352 3604 manifestationem
1379 3557 1550 3605 tantae
1577 3552 1792 3621 gratiae,
1817 3552 1917 3606 filii
1939 3553 2069 3607 Levi

475 3640 737 3704 parentes
758 3638 1011 3708 proprios
1030 3639 1381 3708 ignorarunt,
1404 3645 1464 3694 ut
1474 3641 1908 3709 justificationcs
1932 3641 2069 3710 legis

473 3721 774 3794 implerent
793 3727 989 3795 (Exodi
1029 3739 1218 3795 xxxrr;
1269 3730 1426 3783 Deut.
1459 3743 1674 3790 xxxm:
1720 3731 1886 3783 er‘t.
1927 3734 2064 3800 xxx),

473 3818 684 3882 quanto
700 3815 878 3886 magis
893 3832 1017 3886 ego,
1041 3817 1136 3888 qui
1157 3817 1301 3872 tanti
1321 3819 1572 3872 muneris
1594 3819 1872 3890 particeps
1889 3819 2068 3874 factus

471 3915 619 3967 sum,
638 3909 900 3973 parentes
914 3921 1025 3960 non
1040 3905 1214 3960 debeo
1225 3906 1428 3961 divinae
1443 3922 1767 3978 praeponere
1780 3908 2062 3975 charitati,

471 3988 692 4044 dicente
712 3991 950 4046 Domino
963 3995 1022 4048 in
1039 3995 1336 4065 Evangelio
1363 4013 1374 4046 :
1393 3995 1501 4060 Qui
1521 3995 1706 4066 diligit
1725 4002 1940 4067 patrem
1969 4004 2068 4052 aut

483 4083 525 4143 1
539 4084 668 4144 ω
679 4085 919 4134 matrem
931 4097 1100 4152 super
1111 4099 1335 4146 me,non
1348 4087 1436 4137 est
1448 4098 1536 4136 me
1549 4083 1970 4152 dignusUllauh.
1987 4087 2066 4155 x)?

473 4165 624 4220 Dicit
649 4167 701 4220 ei
731 4167 1066 4223 Pachomius
1090 4187 1102 4222 :
1137 4171 1193 4225 Si
1214 4171 1419 4241 probas
1445 4170 1501 4224 id
1520 4171 1623 4225 tibi
1643 4188 1754 4226 non
1776 4175 2060 4244 expedire,

474 4254 554 4307 till
583 4255 680 4322 mi,
715 4271 827 4310 non
855 4262 912 4311 te
939 4273 1096 4327 cogo.
1134 4259 1252 4313 Hoc
1271 4265 1458 4314 autem
1487 4275 1682 4314 eorum
1706 4267 1793 4315 est
1821 4263 1915 4332 qui
1943 4281 2066 4334 per-

473 4341 616 4397 fecte
635 4345 967 4400 renuntiant
985 4346 1115 4401 huic
1145 4348 1375 4414 mundo,
1402 4354 1458 4402 et
1477 4349 1688 4420 seipsos
1708 4350 1812 4404 sibi
1841 4350 2064 4421 penitus

471 4431 773 4503 abnegant.
797 4435 1036 4506 Oportet
1055 4436 1204 4490 enim
1222 4437 1542 4502 monachos,
1565 4438 1791 4492 inutiles
1816 4446 1874 4494 et
1898 4457 2066 4496 saecu-

2152 3285 2371 3351 dantes,
2387 3285 2586 3357 spiritu
2607 3285 2844 3349 timoris,
2860 3301 2973 3338 non
2995 3283 3146 3337 illius
3165 3284 3322 3347 casti,
3343 3284 3562 3355 decepti
3577 3289 3750 3352 sunt;

2151 3380 2211 3427 et
2234 3373 2495 3429 abierunt
2511 3380 2662 3429 retro
2681 3380 2808 3446 post
2827 3374 3112 3438 Satanam,
3127 3373 3609 3427 conversationem
3623 3375 3750 3444 ejus

2153 3462 2538 3518 admirabilem
2558 3478 2672 3518 non
2699 3463 2960 3518 ferentes.
2990 3461 3090 3516 His
3109 3461 3301 3532 itaque
3328 3461 3744 3528 recedentibus,

2150 3569 2285 3621 grex
2315 3552 2604 3606 universus
2641 3553 2698 3606 in
2729 3551 2815 3605 sui
2843 3557 3024 3605 status
3050 3551 3374 3620 integritate
3403 3551 3744 3622 permansit,

2153 3641 2330 3710 magis
2359 3657 2422 3695 ac
2445 3642 2625 3708 magis
2645 3642 2714 3694 ad
2740 3641 3086 3694 incrementa
3114 3640 3385 3694 virtutum
3414 3655 3741 3709 assurgens,

2149 3731 2312 3784 sicuti
2338 3731 2521 3785 solent
2547 3731 2605 3784 in
2633 3730 2784 3800 agris
2822 3730 3035 3801 optima
3061 3728 3344 3783 frumenta
3374 3728 3555 3782 laetius
3580 3730 3744 3783 efﬂo-

2149 3834 2457 3883 rescere,cu
2466 3835 2520 3872 m
2529 3819 2741 3873 fuerint
2750 3819 2819 3872 ab
2831 3819 2910 3871 eis
2920 3819 3129 3872 zizania
3139 3817 3409 3872 radicitus
3423 3822 3742 3888 amputata.

2149 3908 2279 3961 Haec
2305 3914 2494 3962 autem
2521 3906 2911 3972 retuli,volens
2951 3905 3246 3960 ostendere
3275 3905 3410 3977 quia
3435 3905 3582 3959 sicut
3601 3906 3748 3962 nihil

2148 3995 2306 4050 obest
2332 3995 2651 4050 hominibus
2671 3996 2871 4050 saeculo
2890 3994 3113 4058 deditis,
3131 3995 3177 4048 si
3198 4011 3257 4048 se
3275 3995 3612 4048 tradiderint
3627 4011 3747 4050 mo-

2146 4085 2455 4138 nachorum
2484 4085 2774 4150 institutis,
2809 4085 2888 4138 ita
2917 4084 3058 4138 nihil
3079 4083 3339 4137 utilitatis
3361 4083 3526 4137 affert
3545 4099 3744 4138 mona-

2145 4174 2264 4229 chis
2293 4173 2558 4245 professio
2587 4173 2937 4237 venerabilis,
2979 4173 3027 4226 si
3055 4173 3402 4243 negligentes
3433 4172 3688 4227 existunt
3720 4192 3735 4240 ;

2145 4263 2243 4316 sed
2275 4279 2376 4316 nec
2400 4263 2579 4316 oratio
2601 4267 2852 4333 paterna,
2874 4275 2976 4315 nec
2993 4260 3388 4314 condescensio
3414 4275 3511 4314 eos
3531 4260 3744 4331 poterit

2144 4353 2410 4422 adjuvare
2435 4357 2742 4422 torpentes.

2217 4442 2348 4494 CAP.
2363 4441 2614 4494 XXXIII.
2635 4469 2695 4481 -
2714 4439 3010 4494 Confessor
3028 4439 3245 4493 interea
3264 4436 3565 4509 Dionysius
3587 4453 3744 4508 pres-

470 4519 618 4575 lares
646 4523 1012 4580 salutationes
1032 4530 1088 4579 et
1115 4525 1393 4596 colloquia
1415 4542 1560 4581 vana
1585 4527 1875 4598 diffugere,
1900 4537 1956 4585 et
1976 4531 2064 4586 his
2083 4529 2308 4602 Dbyter
2350 4535 2408 4583 et
2461 4545 2801 4594 oeconomus,
2833 4527 2890 4582 id
2948 4533 3052 4594 est,
3089 4527 3443 4598 dispensator
3481 4527 3741 4583 Ecclesia

471 4610 568 4680 qui
592 4611 845 4666 membra
871 4613 1080 4668 Christi
1107 4620 1240 4668 sunt
1258 4614 1351 4685 pia
1377 4621 1564 4670 mente
1591 4617 1816 4675 sociari.
1845 4619 1904 4673 Si
1933 4621 2062 4691 quis

469 4704 658 4754 autem
679 4702 935 4772 passione
954 4702 1201 4774 quadam
1222 4705 1407 4760 saeculi
1429 4711 1641 4778 captus,
1663 4708 1829 4763 dicit:
1856 4709 2062 4765 Parca-

469 4791 556 4840 tes
572 4803 704 4843 caro
725 4807 852 4845 mea
869 4798 1018 4859 sunt,
1041 4809 1137 4847 eos
1155 4793 1389 4864 diligere
1407 4794 1601 4862 debeo,
1617 4797 1812 4852 audiat
1830 4798 2057 4854 beatum

469 4875 701 4931 Petrum
731 4881 1045 4949 apostolum
1075 4883 1469 4952 praedicantem
1495 4901 1506 4938 :
1528 4887 1576 4940 A
1603 4900 1715 4956 quo
1744 4886 1869 4957 quis
1897 4903 2061 4959 supe-

467 4969 646 5030 ratur,
683 4966 810 5021 huic
839 4973 896 5023 et
934 4985 1126 5023 servus
1153 4970 1390 5026 efficitur
1417 4974 1505 5043 (ῙῙ
1536 4976 1641 5028 Pet.
1673 4979 1758 5044 II).
1786 4975 1894 5040 Qui
1923 4992 2057 5048 ergo

464 5053 710 5110 vincitur
726 5072 918 5111 amore
937 5058 1138 5124 carnis,
1169 5077 1360 5116 servus
1389 5063 1509 5117 sine
1538 5063 1706 5119 dubio
1735 5070 1822 5118 est
1849 5067 2053 5122 carnis.

463 5143 718 5215 Cumque
746 5161 857 5200 non
888 5147 1255 5218 acquievisset
1280 5150 1606 5206 Theodorus
1634 5153 1803 5206 matri
1833 5168 1892 5206 se
1919 5169 2057 5224 prte-

462 5238 704 5300 cantare,
724 5235 968 5290 decrevit
978 5241 1036 5290 et
1054 5237 1153 5291 illa
1169 5237 1225 5292 in
1247 5238 1368 5309 ipso
1387 5241 1728 5294 monasterio
1747 5257 1874 5294 cum
1899 5242 2056 5297 Chri-

461 5321 533 5373 sti
561 5338 890 5390 permanere
909 5325 1237 5396 virginibus,
1263 5326 1381 5380 hzec
1404 5326 1553 5398 apud
1582 5343 1642 5380 se
1669 5334 2048 5398 pertractans:

463 5409 520 5462 Si
551 5411 854 5466 voluntatis
881 5413 1105 5468 Domini
1132 5414 1321 5480 fuerit,
1344 5415 1494 5469 inter
1521 5415 1662 5470 alios
1705 5417 1904 5471 saltem
1939 5435 2054 5473 mo-

459 5497 670 5551 nachos
707 5499 902 5554 videbo
943 5517 1071 5556 eum
1103 5520 1114 5554 :
1169 5509 1228 5557 et
1254 5508 1486 5574 propter
1512 5503 1656 5558 hanc
1681 5505 2048 5572 occasionem,

459 5600 640 5640 meam
671 5603 892 5659 quoque
921 5589 1178 5644 lucrabor
1195 5591 1463 5657 animam,
1489 5591 1624 5647 dum
1649 5593 1707 5647 in
1730 5594 1835 5648 hac
1857 5603 2052 5650 sancta

458 5677 878 5731 conversatione
909 5677 1164 5747 persiste.
1194 5678 1430 5734 Constat
1458 5680 1633 5751 igitur
1660 5697 1756 5736 eos
1780 5683 1876 5752 qui
1905 5685 2051 5753 rigo-

2143 4620 2536 4691 Tentyrorum,
2551 4617 2926 4673 amicissimus
2949 4618 3130 4672 sancti
3151 4616 3741 4687 Pachomii,comperit

2144 4708 2214 4762 ab
2239 4707 2520 4779 aliquibus
2544 4707 2693 4779 quod
2722 4725 2792 4762 ex
2823 4706 2947 4760 aliis
2984 4705 3341 4760 monasteriis
3370 4705 3441 4758 ad
3479 4720 3611 4759 eum
3642 4721 3741 4760 ve-

2141 4796 2444 4864 aientibus,
2489 4813 2603 4851 non
2639 4796 2908 4851 concedat
2942 4810 3070 4849 cum
3111 4795 3226 4849 suis
3265 4793 3534 4848 fratribus
3563 4795 3732 4860 vesci,

2141 4887 2239 4940 sed
2267 4902 2362 4940 eos
2390 4891 2740 4956 sequestrata
2769 4885 2889 4939 loco
2911 4885 3075 4954 juxta
3104 4883 3431 4937 monasterii
3466 4882 3618 4937 fores
3646 4899 3738 4937 ex-

2139 4974 2326 5046 cipiat.
2361 4974 2739 5029 Contristatus
2766 4973 2957 5044 itaque
2983 4972 3289 5044 plurimum
3317 4987 3490 5042 super
3513 4971 3621 5026 hac
3649 4985 3730 5038 re,

2137 5064 2292 5117 venit
2319 5063 2388 5116 ad
2415 5079 2545 5117 eum
2570 5081 2582 5128 ;
2619 5067 2675 5116 et
2701 5062 3042 5134 increpantis
3073 5061 3257 5132 potius
3285 5074 3578 5114 assumens
3609 5061 3733 5114 ani-

2135 5166 2294 5205 mum
2317 5167 2486 5222 quam
2512 5151 2812 5215 monentis,
2837 5149 3056 5204 aiebat:
3081 5150 3205 5204 Non
3225 5155 3374 5202 recte
3388 5149 3544 5215 facis,
3565 5149 3728 5215 abba,

2135 5240 2467 5295 charitatem
2481 5239 2746 5294 fratribus
2764 5238 3010 5294 debitam
3031 5253 3143 5293 non
3162 5239 3454 5309 aequaliter
3469 5238 3732 5293 omnibus

2137 5328 2422 5384 exhibens.
2444 5329 2550 5392 Qui
2563 5329 2965 5383 correctionem
2983 5329 3106 5398 ejus
3126 5343 3253 5382 cum
3273 5328 3453 5382 multa
3469 5326 3730 5397 longani-

2137 5419 2332 5472 mitate
2352 5417 2732 5489 patientiaque
2751 5417 3082 5488 suscipiens,
3107 5417 3189 5470 ita
3207 5416 3499 5486 respondit
3525 5435 3536 5468 :
3561 5416 3730 5470 Novit

2136 5507 2406 5562 Dominus
2419 5507 2766 5578 propositum
2784 5511 3056 5573 meum,et
3070 5512 3306 5577 paterna
3326 5510 3424 5559 tua
3439 5506 3732 5574 cognoscit

2131 5596 2368 5663 affectio,
2397 5595 2544 5667 quod
2583 5611 2868 5667 nunquam
2900 5595 3199 5666 cujuslibet
3231 5595 3479 5648 animam
3499 5595 3725 5664 cupiam

2133 5683 2474 5753 contristari,
2491 5701 2594 5739 nec
2609 5685 2791 5738 dicam
2810 5697 3074 5755 spernere
3088 5729 3101 5742 .
3119 5682 3412 5748 Quomodo
3425 5681 3602 5751 igitur
3621 5683 3728 5736 hoc
