3912 6398
147 415 259 474 263

915 415 1086 471 VITA
1122 414 1381 471 SANOTI
1420 412 1778 471 PACHOMII
1817 411 2120 470 ABBA'I'IS
2159 415 2681 474 TABENNENSIS.

3327 415 3430 474 254

148 544 418 598 auderem
447 557 634 613 agere,
667 545 733 596 ut
761 556 949 596 meum
972 546 1165 599 contra
1186 555 1277 594 me
1293 540 1597 594 Dominum
1629 555 1753 610 pI‘O-
1772 539 2017 601 Asciens
2044 540 2342 612 indignum
2373 543 2472 597 tali
2497 557 2750 609 munere,
2783 542 3001 596 diverso
3033 540 3202 596 modo
3227 557 3298 596 ne
3327 543 3432 598 hoc

146 649 355 688 vocans
368 632 671 697 irritarem,
697 631 793 702 qui
813 629 1107 688 manifeste
1121 634 1363 684 testatur
1377 630 1436 683 in
1453 629 1751 699 Evangelia

146 723 370 776 dicens:
405 721 688 785 Quamdiu
716 719 923 774 fecistis
952 719 1050 774 uni
1093 735 1159 773 ex
1188 719 1436 773 minimis
1483 718 1751 774 fratribus

154 811 317 875 meis,
342 810 481 864 mihi
495 809 704 864 fecistis
721 810 930 880 (Matth.
957 812 1084 877 xxv)
1106 808 1350 879 ?Accipe
1370 809 1563 879 itaque
1591 807 1752 864 satis-

149 899 455 955 factionem
487 914 694 964 meam,
719 895 1054 952 venerabilis
1085 901 1263 968 pater,
1291 896 1423 967 quia
1451 913 1565 950 non
1602 897 1754 951 velut

150 989 336 1042 vitans
365 993 535 1058 ath
550 1003 822 1058 spernens
843 1003 937 1039 eos
957 986 1052 1056 qui
1081 986 1189 1042 huc
1207 986 1456 1050 veniunt,
1488 986 1593 1039 hoc
1604 985 1751 1056 quod

151 1077 360 1131 asseris
388 1076 531 1132 facio
556 1093 569 1130 :
602 1076 700 1129 sed
731 1075 864 1146 quia
891 1075 948 1128 in
970 1074 1222 1128 coenobio
1260 1075 1751 1144 congregationem

153 1165 396 1236 suscepi,
428 1165 702 1235 plurimos
731 1164 825 1234 qui
845 1180 1028 1234 nuper
1052 1163 1303 1218 conversi
1323 1168 1474 1229 sunt,
1499 1169 1553 1216 et
1579 1163 1754 1216 diver-

154 1271 247 1309 sos
276 1270 474 1309 eorum
508 1269 694 1307 mores
722 1269 844 1306 esse
882 1269 1172 1322 cognosco.
1209 1253 1519 1309 Nonnullae
1565 1258 1755 1308 autem

155 1345 283 1398 novi
315 1344 598 1398 intentum
628 1343 806 1412 ipsius
837 1342 1274 1397 conversationis
1296 1341 1541 1412 ignaros,
1562 1346 1626 1396 ut
1653 1356 1757 1396 nec

157 1433 562 1487 monachorum
583 1431 837 1485 habitum
861 1430 1134 1484 noverint.
1155 1431 1310 1484 Inter
1331 1447 1470 1501 quos
1485 1436 1618 1484 sunt
1635 1447 1758 1500 par.

154 1522 289 1588 vuli,
314 1526 478 1580 tanta
501 1521 860 1592 simplicitate
879 1520 1143 1585 viventes,
1172 1525 1236 1573 ut
1249 1535 1351 1573 nec
1365 1519 1652 1576 dexteram
1667 1535 1756 1574 γαρ

155 1613 314 1666 leant
341 1610 506 1675 scire,
540 1625 722 1680 neque
757 1609 1063 1664 sinistram.
1121 1608 1336 1663 Idcirco
1381 1609 1591 1662 credidi
1634 1625 1755 1663 esse

150 1699 524 1763 commodius,
552 1704 617 1752 ut
644 1698 1096 1768 supervenientes
1124 1698 1326 1752 fratres
1355 1714 1609 1752 seorsum
1639 1715 1758 1752 sus;

1832 629 2017 700 ipsum
2048 631 2213 684 ﬁeret
2226 631 2537 686 differebat.
2557 633 2624 686 Et
2636 649 2763 686 cum
2780 632 3022 702 amplius
3041 631 3434 702 importunita-

1831 723 1948 774 tem
1979 722 2101 790 ejus
2131 720 2274 774 ferre
2305 737 2418 774 non
2441 727 2649 792 posset,
2682 722 2835 774 venit
2857 721 2925 774 ad
2943 725 3199 774 sanctum
3226 722 3435 776 Pacilo.

1833 807 2010 864 mium
2031 814 2232 863 cuncta
2259 827 2383 880 quae
2404 811 2614 880 negotii
2643 817 2805 865 erant
2825 809 3007 864 eidem
3021 811 3292 881 pandens,
3315 826 3434 865 08b

1833 903 1926 951 tus
1957 898 2104 968 quod
2126 899 2244 969 ipse
2269 900 2423 952 solus
2463 900 2850 954 contentiones
2886 899 3212 969 liujusmodi
3241 904 3432 970 posset

1834 986 2138 1041 absolvere.
2175 988 2429 1051 Quicum
2454 1004 2681 1045 causam
2712 989 2937 1059 penitus
2963 988 3331 1058 cognovisset,
3354 989 3436 1042 ait

1836 1075 2162 1146 presbytero
2189 1095 2200 1129 :
2233 1078 2431 1132 Nonne
2454 1077 2524 1130 ad
2554 1079 2658 1131 hoc
2678 1078 2897 1144 venisti,
2921 1083 2984 1132 ut
3004 1093 3106 1149 per
3123 1094 3212 1132 me
3225 1093 3436 1147 cogno-

1837 1181 2020 1217 sceres
2050 1165 2272 1220 Domini
2304 1167 2685 1222 voluntatem?
2714 1166 2860 1220 Audi
2891 1181 3023 1236 ergo
3053 1182 3160 1231 me,
3207 1172 3266 1220 et
3291 1167 3436 1221 daei

1839 1254 1986 1324 quod
2017 1255 2281 1324 postulat,
2307 1254 2445 1308 nihil
2470 1256 2527 1308 in
2556 1255 2662 1310 hac
2690 1262 2850 1326 parte
2867 1256 3189 1326 desperans.
3218 1256 3438 1310 Fortes,

1838 1343 1914 1397 sis
1942 1343 2093 1397 enim
2117 1360 2216 1414 per
2236 1344 2341 1398 hoc
2364 1345 2608 1402 officium
2641 1343 2974 1398 liberabitur
3001 1344 3192 1398 anima
3217 1345 3342 1414 ejus
3364 1343 3436 1400 de

1839 1431 2159 1502 captivitate
2187 1432 2416 1486 diaboli.
2450 1434 2608 1503 Saepe
2628 1449 2873 1503 namque
2893 1433 3167 1503 contingit
3184 1438 3250 1486 ut
3266 1434 3435 1487 homo

1839 1521 2022 1576 malus
2037 1522 2271 1576 affectus
2288 1521 2595 1586 beneficiis,
2611 1523 2680 1576 ad
2693 1522 2868 1576 bonos
2881 1539 2941 1576 se
2955 1522 3206 1576 conferat
3226 1537 3432 1576 mores.

1839 1610 2191 1665 Desiderium
2207 1627 2452 1681 namque
2462 1612 2758 1666 meliorum
2776 1612 2930 1682 pium
2943 1612 3437 1681 novitingenerare

1839 1699 2206 1770 propositum,
2237 1699 2325 1756 his
2345 1701 2619 1754 duntaxat
2635 1700 2950 1766 animabus,
2975 1717 3098 1772 quae
3124 1717 3236 1755 non
3258 1715 3437 1771 usque

153 1789 498 1862 ciperentur,
533 1788 592 1841 in
609 1788 823 1842 honore
853 1787 1097 1842 maximo
1129 1788 1441 1841 constituti.
1472 1787 1615 1840 Hinc
1631 1803 1764 1856 ergo
1784 1785 1975 1843 Badeo
2007 1789 2364 1858 negligentia;
2391 1795 2619 1860 torpore
2639 1790 2916 1860 prolapsae
2939 1795 3092 1856 sunt,
3125 1794 3190 1843 ut
3218 1789 3439 1860 possint

150 1895 266 1935 non
295 1878 510 1935 aestimo
541 1875 792 1948 patribus
821 1877 907 1930 vel
936 1876 1206 1934 fratribus
1231 1877 1326 1948 qui
1357 1877 1426 1930 ad
1451 1893 1553 1929 nos
1580 1876 1757 1928 diver—

149 1974 300 2032 tunt,
337 1967 507 2023 ullam
539 1966 938 2026 contumeliam
969 1965 1110 2031 fieri,
1144 1966 1241 2020 sed
1280 1967 1460 2036 magis
1510 1965 1756 2020 debitam

151 2056 526 2110 reverentiam
576 2055 955 2109 commodari:
1000 2055 1313 2125 praesertim
1361 2073 1489 2112 cum
1530 2053 1757 2108 statutis

152 2146 310 2198 horis
335 2145 404 2198 ad
433 2144 782 2200 reddendum
812 2143 1101 2198 nobiscum
1132 2145 1248 2198 Deo
1274 2150 1405 2199 vota
1430 2161 1533 2199 sua
1564 2159 1758 2198 conve—

157 2237 342 2299 niant,
376 2241 433 2287 et
460 2243 588 2305 post
615 2234 720 2290 hoc
747 2233 953 2304 singuli
983 2234 1052 2287 ad
1075 2234 1196 2290 loca
1210 2234 1492 2288 destinata
1520 2250 1756 2288 concur-

154 2331 309 2389 rant,
333 2323 506 2394 quieti
527 2339 758 2394 Operam
779 2323 996 2386 dantes,
1026 2340 1116 2376 me
1127 2325 1435 2378 secundum
1453 2325 1629 2378 Deum
1652 2325 1759 2377 sol-

156 2412 368 2467 licitius
399 2412 591 2467 usibus
636 2417 808 2478 ιιιτ
843 2429 1038 2467 eorum
1059 2413 1379 2467 necessaria
1408 2413 1754 2484 providente.

162 2504 299 2557 Haec
327 2502 562 2555 audiens
592 2501 855 2572 praefatus
878 2501 1188 2572 presbyter,
1233 2502 1386 2555 omni
1417 2518 1547 2556 eum
1594 2502 1760 2556 laude

157 2592 559 2661 dignissimum
588 2590 989 2661 comprobavit,
1035 2597 1188 2645 certo
1230 2608 1570 2661 cognoscens
1614 2592 1762 2662 quod

156 2681 470 2736 secundum
501 2681 678 2734 Deum
708 2685 907 2734 cuncta
929 2686 1157 2750 ageret;
1183 2681 1534 2751 multumque
1559 2681 1766 2734 releva-

159 2777 258 2825 tus
290 2770 469 2824 sancti
509 2768 794 2824 Pachomii
832 2769 1232 2836 satisfactione,
1289 2771 1450 2823 laetus
1495 2770 1766 2825 remeavit

160 2859 234 2914 ad
268 2859 514 2932 prepria.

237 2950 373 3004 Om.
401 2948 647 3002 XXXIV.
676 2978 742 2994 -
767 2949 969 3002 Mulier
987 2953 1176 3002 autem
1209 2949 1463 3020 quadam
1490 2948 1549 3002 in
1569 2948 1766 3002 eadem

161 3041 543 3109 Tentyrorum
571 3038 794 3092 civitate
821 3037 1143 3109 patiebatur
1161 3039 1372 3092 fluxum
1402 3037 1692 3107 sanguinis
1711 3043 1768 3092 et

169 3129 280 3182 hac
301 3128 632 3184 inﬁmitate
656 3129 774 3197 jam
796 3128 1008 3198 prolixo
1024 3133 1276 3199 tempore
1301 3124 1612 3183 laborabat.
1638 3127 1768 3182 Haec

1838 1879 2065 1933 studere
2085 1878 2386 1931 virtutibus
2430 1879 2544 1932 Nos
2566 1895 2718 1948 ergo,
2740 1879 2932 1945 frater,
2948 1879 3052 1932 hoc
3064 1895 3232 1948 agere
3253 1879 3434 1946 decet,

1841 1967 1987 2036 quod
2009 1968 2124 2021 Deo
2141 1968 2359 2037 placeat
2402 1967 2491 2021 Sic
2507 1967 2656 2020 enim
2676 1967 2899 2020 dilectio
2917 1969 2965 2037 ej
2975 1983 3038 2020 us
3058 1967 3114 2020 in
3134 1965 3295 2040 nobis
3315 1983 3437 2021 esse

1840 2055 2188 2126 probabitur,
2213 2057 2261 2109 si
2276 2056 2690 2126 compatiamur
2708 2056 3065 2112 alterutrum.
3083 2057 3200 2110 Hoc
3209 2059 3438 2126 accepto

1840 2161 2126 2216 responso,
2155 2145 2346 2199 senior
2373 2145 2503 2198 fecit
2525 2145 2673 2215 quod
2698 2143 2804 2198 sibi
2832 2144 3018 2198 fuerat
3063 2145 3431 2215 imperatum.

1840 2235 1949 2290 Sed
1968 2233 2140 2288 frater
2168 2234 2262 2287 ille
2292 2234 2402 2287 voti
2427 2250 2655 2304 compos
2681 2234 2929 2299 effectus,
2963 2234 3033 2287 ad
3071 2233 3299 2289 beatum
3328 2234 3439 2287 Pa-

1843 2323 2124 2378 chomium
2148 2339 2401 2377 reversus
2417 2329 2520 2389 est,
2539 2325 2659 2393 jam
2677 2307 2864 2378 mente
2876 2323 3097 2377 sobrius
3107 2329 3276 2392 atque
3291 2337 3441 2376 com-

1844 2419 2100 2483 punctus,
2139 2419 2196 2466 et
2228 2413 2432 2468 cadens
2456 2413 2513 2466 in
2545 2413 2763 2480 faciem,
2795 2412 3167 2467 confitebatur
3204 2412 3432 2466 dicens:

1844 2502 1890 2556 Ο
1916 2502 2086 2557 homo
2114 2503 2234 2568 Dei,
2271 2504 2511 2557 multum
2537 2503 2873 2560 sublimatus
2893 2520 2953 2557 es
2981 2520 3016 2556 a
3041 2504 3175 2567 Deo,
3203 2502 3297 2572 qui
3329 2500 3441 2558 dis-

1846 2607 2080 2645 cernens
2096 2608 2163 2645 ea
2182 2608 2303 2662 qua;
2324 2592 2610 2662 pertinent
2630 2593 2698 2645 ad
2709 2593 2970 2658 salutem,
2987 2592 3198 2645 malum
3215 2592 3274 2643 in
3297 2598 3441 2644 bono

1845 2680 2045 2733 vicisti.
2082 2681 2139 2734 Si
2169 2697 2301 2750 ergo
2334 2697 2444 2734 non
2474 2680 2674 2735 fuisses
2689 2697 2824 2750 erga
2842 2697 2931 2733 me
2961 2681 3115 2734 mitis
3142 2685 3311 2750 atque
3324 2679 3446 2735 lon-

1845 2769 2106 2838 ganimis,
2139 2771 2235 2823 sed
2266 2770 2479 2840 aliquid
2507 2771 2567 2824 in
2603 2787 2691 2823 me
2719 2771 2964 2840 rigidum
2995 2769 3342 2840 protulisses,
3374 2767 3445 2822 ab

1848 2859 1952 2912 hoc
1973 2859 2264 2913 discedens
2284 2857 2498 2923 habitu,
2520 2876 2554 2912 a
2568 2860 2683 2913 Deo
2701 2875 2928 2930 prorsus
2944 2857 3441 2912 alienusefficerer.

1846 2949 2010 3002 Nunc
2037 2955 2226 3003 autem
2245 2948 2570 3003 benedictus
2589 2954 2651 3003 tu
2672 2950 2932 3014 Domino,
2948 2963 3050 3018 per
3068 2963 3234 3018 quem
3256 2947 3448 3000 anima

1848 3055 1975 3094 mea
2003 3039 2156 3098 salva
2184 3039 2332 3092 facta
2358 3042 2462 3092 est.
2491 3039 2648 3096 Tunc
2673 3039 2919 3092 allevans
2941 3053 3072 3094 eum
3087 3036 3156 3090 de
3183 3041 3338 3091 terra
3351 3051 3447 3090 ve—

1849 3128 2119 3182 nerabilis
2137 3144 2325 3192 senex,
2348 3127 2683 3186 hortabatur
2699 3127 2913 3186 sedulo,
2937 3131 3004 3180 ut
3013 3126 3182 3179 vitam
3200 3130 3450 3178 sumeret

163 3217 408 3271 audiens
438 3217 800 3272 Pachomium
827 3217 930 3270 Dei
959 3233 1079 3274 esse
1121 3218 1414 3283 cultorem,
1464 3223 1767 3287 sanctaque
1785 3224 1830 3285 ο
1851 3233 2158 3287 congruam
2183 3216 2466 3286 dignitati,
2489 3233 2561 3270 ne
2581 3216 2805 3286 quando
2834 3215 3143 3285 negligens,
3173 3218 3447 3284 perpetua

165 3306 593 3361 conversatione
603 3305 937 3372 mirabilem,
953 3306 1185 3376 insuper
1201 3312 1258 3360 et
1271 3307 1603 3378 Dionysium
1616 3322 1768 3378 pres-

165 3395 435 3468 byterum
469 3395 711 3448 amicum
740 3396 864 3465 ejus
885 3411 1008 3449 esse
1023 3395 1437 3460 charissimam,
1459 3401 1622 3465 rogat
1637 3411 1768 3451 eum

162 3491 232 3541 ut
260 3484 350 3538 sui
382 3483 734 3549 misereatur,
749 3489 806 3538 et
823 3485 985 3555 quasi
1015 3501 1116 3556 per
1131 3486 1480 3539 occasionem
1511 3501 1768 3540 necessa-

164 3575 315 3628 riam
344 3573 412 3626 ad
446 3590 506 3626 se
541 3573 905 3626 Pachomium
933 3580 1214 3628 convocet.
1236 3574 1344 3638 Qui
1375 3573 1630 3644 precibus
1650 3589 1769 3627 mu-

165 3663 326 3717 lieris
352 3664 547 3727 ﬂexus,
578 3663 682 3716 hoc
722 3679 888 3732 agere
923 3679 1032 3717 non
1061 3671 1331 3718 moratur.
1357 3664 1500 3718 Cum
1520 3679 1653 3732 ergo
1673 3679 1767 3715 ve-

168 3753 350 3806 nisset
378 3752 1136 3816 Pachomiusadecclesiam,
1181 3759 1240 3806 et
1285 3758 1411 3822 post
1455 3752 1768 3806 orationem

167 3841 503 3911 Dionysium
533 3841 852 3907 salutasset,
872 3842 1035 3911 juxta
1060 3857 1189 3895 eum
1239 3842 1494 3912 protinus
1537 3839 1761 3896 assedit.

169 3930 435 4000 Dumque
461 3931 828 4000 loquerentur
845 3931 913 3984 ad
928 3931 1184 3990 invicem,
1206 3931 1410 3984 mulier
1424 3930 1629 3984 fiducia
1639 3930 1769 3984 fidei

169 4019 456 4084 roborata,
490 4019 833 4090 credensque
862 4020 1068 4078 dicenti
1085 4020 1334 4073 Christo:
1360 4019 1610 4084 Confide,
1633 4019 1766 4086 filia,

172 4109 315 4162 fides
329 4113 430 4162 tua
449 4109 658 4165 salvam
678 4115 733 4163 te
750 4109 1114 4180 fecit(Matfh.
1138 4113 1234 4174 Ix),
1264 4115 1390 4180 post
1408 4113 1630 4178 tergum
1649 4111 1770 4179 ejus

172 4198 420 4251 latenter
446 4198 696 4263 accessit,
722 4203 780 4252 et
801 4199 1099 4263 cucullum,
1127 4199 1273 4268 quod
1296 4197 1585 4268 operiebat
1604 4201 1773 4269 caput

173 4289 316 4356 ejus,
351 4293 599 4344 tremens
619 4287 837 4357 attigit;
862 4287 1170 4358 statimque
1193 4293 1393 4342 sanata
1413 4293 1517 4340 est.
1552 4287 1620 4340 Et
1646 4302 1772 4357 pro-

173 4375 368 4429 cidens
390 4374 448 4428 in
463 4375 654 4429 faciem
670 4376 1113 4441 suam,adoravit
1128 4375 1771 4446 Dominum,gloriﬁcans

176 4467 302 4535 ejus
312 4465 685 4530 clementiam,
707 4465 855 4536 quod
869 4470 1027 4520 tanta
1038 4482 1138 4536 per
1148 4481 1336 4519 servos
1359 4481 1491 4519 suos
1501 4464 1773 4518 beneficia

1849 3307 1909 3360 in
1938 3306 2128 3360 futuro
2144 3311 2427 3360 tormenta
2441 3305 2694 3359 sentiret.
2724 3305 2793 3358 Et
2811 3305 3095 3358 osculatus
3113 3319 3263 3368 eum,
3277 3302 3448 3356 dimi-

1850 3396 1926 3450 sit
1953 3395 2011 3449 in
2042 3411 2198 3466 pace,
2241 3411 2410 3466 quem
2439 3395 2610 3451 etiam
2630 3409 2809 3465 usque
2838 3393 2908 3447 ad
2944 3391 3092 3448 fores
3115 3390 3446 3446 monasterii

1850 3491 2178 3556 prosecutus
2208 3491 2312 3538 est.

1923 3576 2058 3627 Cm.
2087 3574 2332 3630 XXXVI.
2364 3604 2415 3618 -η-
2446 3574 2643 3630 Adhuc
2671 3579 2861 3627 autem
2906 3577 3099 3626 sancto
3147 3569 3447 3624 Pachomio

1850 3662 2056 3716 ibidem
2088 3669 2292 3728 stante,
2327 3679 2452 3716 ecce
2481 3661 2564 3715 vir
2592 3664 2808 3732 alonge
2837 3662 3074 3715 festinus
3104 3659 3349 3724 veniens,
3377 3657 3448 3712 ad

1851 3753 1972 3822 ejus
1998 3752 2231 3821 vestigia
2258 3753 2618 3822 provolvitur,
2643 3749 2940 3804 obsecrans
2958 3755 3023 3804 ut
3041 3749 3214 3803 filiam
3231 3762 3395 3802 suam
3413 3762 3449 3800 a

1850 3841 2126 3895 daemonio
2146 3847 2423 3906 vexatam,
2445 3857 2546 3911 per
2555 3840 2762 3894 Christi
2780 3840 3020 3910 gratiam
3034 3853 3231 3891 curare
3247 3837 3448 3905 digna-

1851 3937 2025 3984 retur.
2060 3931 2182 3994 Quo
2211 3930 2405 3983 relicto
2440 3947 2553 4001 prze
2583 3929 2795 3984 foribus
2822 3930 3129 3999 ingressus,
3177 3927 3296 3997 ipse
3333 3925 3449 3993 tale

1853 4020 1904 4073 ei
1935 4036 2265 4090 responsum
2296 4036 2396 4090 per
2423 4019 2717 4073 ostiarium
2746 4018 2977 4088 dirigit:
3020 4017 3146 4071 Non
3177 4021 3263 4069 est
3289 4013 3450 4070 nobis

1852 4110 2196 4163 consuetudo
2223 4126 2347 4163 cum
2378 4109 2708 4162 mulieribus
2736 4108 2917 4178 loqui;
2941 4107 3038 4160 sed
3068 4106 3263 4176 siquid
3277 4103 3451 4158 habes

1854 4215 1918 4252 ex
1939 4199 2287 4253 vestimentis
2307 4199 2447 4268 ejus,
2483 4199 2644 4251 mitte
2664 4197 2845 4262 nobis,
2863 4196 3009 4268 quod
3031 4195 3088 4248 in
3107 4194 3334 4250 nomine
3345 4195 3452 4248 Do-

1853 4288 1991 4341 mini
2017 4287 2428 4351 benedicentes,
2449 4287 2550 4341 tibi
2571 4287 2827 4358 protinus
2846 4291 3132 4340 remittam
3157 4303 3171 4351 ;
3205 4290 3263 4337 et
3280 4283 3453 4337 credi-

1856 4394 1980 4431 mus
2011 4377 2069 4432 in
2101 4377 2323 4434 Christo
2354 4378 2503 4448 quod
2534 4377 2650 4431 filia
2683 4383 2783 4430 tua
2800 4376 2909 4429 isto
2940 4375 3106 4431 modo
3138 4373 3208 4428 ab
3236 4373 3452 4427 inimici

1855 4467 2125 4521 liberetur
2140 4468 2388 4524 incursu.
2424 4468 2677 4536 Cumque
2700 4466 2889 4519 tunica
2907 4465 3104 4534 puellae
3115 4468 3308 4516 sancto
3323 4461 3458 4515 fuis-

175 4552 535 4608 credentibus
565 4555 910 4609 contulisset.
938 4557 1094 4611 Tunc
1115 4561 1342 4609 sanctas
1362 4554 1447 4609 vir
1475 4553 1774 4625 Dionysius
1792 4545 1840 4604 D
1859 4562 1945 4610 set
1962 4555 2152 4620 allata,
2177 4572 2365 4609 severe
2387 4555 2554 4608 nimis
2567 4554 2804 4608 intuitus
2824 4553 2906 4605 ait
2928 4571 2938 4603 :
2962 4553 3087 4608 Non
3103 4555 3191 4604 est
3208 4551 3331 4619 ejus
3349 4550 3456 4604 iste

177 4643 388 4696 factum
418 4643 684 4710 sentiens,
721 4643 1005 4699 benedixit
1045 4643 1289 4709 mulieri,
1323 4649 1382 4697 et
1416 4643 1675 4714 protinus
1702 4643 1773 4702 ad

179 4747 282 4786 sua
311 4731 612 4803 repedavit.

249 4822 386 4876 CAP.
426 4822 642 4878 XXXV.
678 4851 743 4865 --
765 4822 1082 4892 Aliquando
1107 4838 1236 4878 vero
1268 4823 1572 4876 necessitas
1593 4822 1777 4892 exegit

180 4917 243 4964 ut
270 4909 422 4980 sepis
449 4910 760 4966 munimine
781 4912 1186 4965 monasterium
1209 4912 1528 4976 vallaretur,
1575 4909 1634 4964 in
1666 4927 1776 4981 quo

179 5014 349 5070 opere
363 4999 746 5054 laborantibus
761 4999 1047 5066 fratribus,
1071 5001 1191 5072 ipse
1201 5001 1362 5056 laetus
1378 4998 1592 5054 ferebat
1605 5000 1777 5054 maxi-

179 5103 336 5144 mum
364 5088 654 5145 auxilium.

249 5178 386 5231 Post
397 5177 717 5247 aliquantus
727 5184 917 5232 autem
929 5179 1048 5233 dies
1064 5180 1372 5237 monachus
1384 5179 1614 5250 quidam
1627 5194 1780 5249 pres-

180 5266 359 5338 byter,
392 5267 699 5324 multorum
719 5267 959 5322 fratrum
979 5274 1140 5339 pater
1159 5269 1419 5332 existens,
1455 5268 1551 5338 qui
1581 5267 1779 5321 solitus

182 5362 304 5409 erat
332 5362 587 5414 sanctum
618 5357 983 5410 Pachomium
1012 5357 1206 5410 crebro
1235 5357 1481 5423 visitare,
1523 5357 1678 5410 venit
1706 5356 1775 5410 ad

184 5459 310 5498 eum
341 5461 468 5499 cum
497 5461 610 5500 uno
638 5446 830 5511 fratre,
867 5451 1097 5517 propter
1119 5446 1537 5500 contentionem
1568 5461 1692 5516 quae
1720 5445 1778 5498 in

187 5535 524 5588 monasterio
555 5540 676 5588 orta
703 5535 904 5600 fuerat,
937 5552 1000 5591 ex
1029 5536 1132 5589 hac
1175 5535 1433 5590 videlicet
1471 5551 1677 5589 causa:
1732 5535 1778 5588 is

187 5622 303 5693 ipse
333 5624 520 5687 frater,
556 5623 652 5694 qui
681 5641 806 5679 cum
835 5642 901 5678 eo
923 5631 1272 5695 pervenerat,
1301 5626 1569 5680 molestus
1585 5629 1708 5678 erat
1728 5625 1780 5678 ei

189 5712 442 5778 nimium,
472 5713 768 5771 clericatus
819 5713 1143 5770 desideran
1189 5714 1565 5784 dignitatem:
1612 5729 1778 5783 quem

1856 4644 2109 4697 vestitus.
2141 4644 2475 4697 Affirmante
2502 4659 2632 4696 vero
2664 4647 2822 4712 patre
2851 4645 3021 4710 atque
3060 4638 3280 4691 dicente
3330 4639 3453 4708 ejus

1859 4748 1997 4798 esse,
2020 4732 2310 4803 respondit
2329 4732 2377 4788 ei
2405 4749 2416 4784 :
2448 4731 2517 4784 Et
2528 4745 2632 4799 ego
2651 4730 2779 4783 novi
2793 4729 2941 4799 quod
2964 4729 3086 4798 ejus
3097 4727 3171 4781 sit
3193 4745 3204 4793 ;
3229 4726 3329 4781 sed
3349 4725 3457 4783 vir-

1857 4821 2156 4892 ginitatem
2185 4835 2344 4876 suam
2372 4820 2487 4874 Deo
2515 4819 2798 4882 dedicans,
2831 4833 2945 4870 non
2974 4815 3216 4870 servavit
3242 4815 3451 4870 sancti-

1858 4911 2059 4967 moniae
2089 4909 2394 4980 puritatem
2419 4926 2429 4960 :
2461 4913 2690 4979 prepter
2715 4908 2823 4962 hoc
2841 4908 2964 4976 ejus
2987 4905 3292 4977 inspiciens
3308 4904 3458 4960 tuni-

1859 5015 2001 5066 cam,
2015 5005 2072 5052 et
2092 4998 2410 5067 intelligens
2425 4997 2742 5051 castitatem
2755 5012 2920 5050 suam
2941 4995 3173 5049 minime
3183 4993 3454 5048 custodis-

1860 5105 1939 5154 se,
1971 5105 2082 5142 non
2106 5089 2228 5157 ejus
2247 5102 2369 5141 esse
2385 5091 2623 5140 testatus
2641 5102 2786 5140 sum.
2803 5085 3088 5155 Spondeat
3121 5083 3311 5153 itaque
3347 5081 3451 5136 tibi

1860 5179 1919 5232 in
1936 5183 2233 5249 conspectu
2247 5175 2468 5230 Domini
2493 5175 2756 5246 deinceps
2780 5175 2962 5227 vivere
2998 5173 3368 5234 continenter,
3397 5175 3455 5224 et

1862 5265 2259 5338 propitiabitur
2277 5265 2326 5318 ei
2355 5263 2628 5327 Christus,
2653 5275 2962 5332 sanamque
2985 5261 3260 5315 restituet.
3287 5259 3454 5313 Pater

1859 5357 2034 5426 igitur
2046 5355 2345 5424 indignans
2358 5358 2416 5406 et
2431 5368 2692 5416 moerens,
2707 5352 2881 5404 filiam
2892 5365 3052 5404 suam
3071 5352 3454 5419 perscrutatus

1861 5452 1963 5511 est,
1998 5451 2056 5498 et
2083 5445 2162 5498 sic
2183 5460 2303 5497 esse
2320 5449 2384 5496 ut
2411 5447 2638 5496 sanctus
2658 5439 2991 5494 Pachomius
3018 5438 3236 5490 dixerat
3256 5435 3456 5506 puellae

1861 5534 2204 5588 confessione
2228 5532 2503 5602 cognovit.
2537 5531 2670 5595 Quae
2698 5546 2824 5583 cum
2850 5530 3173 5598 juramento
3204 5524 3456 5596 pollicita

1859 5623 2058 5678 fuisset
2077 5638 2362 5692 nunquam
2377 5637 2435 5675 se
2450 5620 2587 5676 talia
2611 5635 2808 5690 gerere
2838 5617 2995 5680 velle,
3031 5632 3130 5686 pro
3153 5614 3315 5668 eavir
3329 5613 3455 5669 bea-

1861 5719 1956 5766 tus
1975 5711 2212 5771 Domino
2233 5710 2585 5782 supplicavit,
2620 5707 3064 5776 benedicensque
3078 5705 3264 5759 oleum
3277 5703 3449 5758 misit.
