3912 6404
499 400 606 461 255

1513 400 1608 456 DE
1643 401 1833 459 VITIS
1869 403 2165 494 RATRUM
2201 402 2415 458 LIBER
2450 401 2739 457 PRIMUS.

3659 394 3759 457 956

500 525 622 591 Quo
651 530 941 596 peruncta,
975 524 1096 578 sine
1124 539 1283 578 mora
1307 529 1502 578 curata
1519 529 1622 590 est,
1656 531 1714 581 et
1738 528 2089 597 glorificabat
2108 529 2424 598 ACumque
2455 530 2799 581 memoratus
2823 523 3045 599 juvenis
3074 523 3130 576 in
3159 523 3386 594 propria
3435 523 3763 594 persisteret

499 615 798 670 Dominum
807 613 1192 685 jugiter,quod
1209 629 1318 667 non
1331 614 1510 667 solum
1523 614 1896 681 daemone,sed
1910 623 1949 682 Ι
1966 624 2021 681 σε
2031 623 2089 683 8

499 703 1006 771 etiamdctcstabili
1025 703 1442 756 conversatione
1463 705 1753 770 caruisset,
1785 713 1842 758 et
1868 706 1926 760 in
1959 705 2088 760 reli-

501 809 674 863 quum
691 793 1048 847 continentiae
1070 809 1129 846 se
1142 791 1342 846 studiis
1362 808 1461 862 per
1488 792 1696 846 Christi
1719 795 2090 866 mancipasset

499 880 788 936 auxilium.

574 971 704 1024 CAP.
728 969 1004 1025 XXXVII.
1039 969 1247 1024 —Tali
1279 969 1456 1040 igitur
1494 970 1756 1041 opinione
1794 972 1864 1026 de
1897 979 2088 1027 sancto

502 1055 621 1112 viro
645 1054 848 1128 ubique
875 1064 1154 1123 currente,
1187 1058 1331 1112 alius
1365 1057 1730 1114 nihilominus
1769 1060 1864 1130 qui
1911 1061 2089 1115 ﬁlium

502 1162 668 1201 suum
694 1163 729 1200 a
754 1146 1027 1200 daemonio
1049 1163 1385 1218 possessum,
1408 1147 1529 1201 sine
1557 1147 1971 1203 intermissione
1999 1151 2092 1203 de-

503 1234 692 1298 ﬂebat,
727 1251 827 1289 nec
857 1251 986 1289 eum
1014 1236 1317 1306 perducere
1335 1240 1557 1306 poterat
1574 1237 1646 1290 ad
1665 1239 2087 1305 monasterium,

501 1339 651 1394 genu
683 1324 848 1378 nixus
875 1324 1223 1396 supplicabat
1240 1325 1558 1389 Pachomio,
1589 1330 1655 1380 ut
1672 1343 1772 1398 pro
1805 1344 1870 1380 eo
1898 1345 2091 1398 preca-

503 1418 663 1466 retur
687 1412 1147 1484 omnipotentiam
1163 1413 1390 1467 Christi.
1417 1413 1523 1478 Qui
1542 1431 1667 1468 cum
1690 1421 1922 1482 orasset,
1939 1417 2094 1470 dedit

505 1500 558 1554 ei
583 1500 938 1556 benedictum
965 1519 1186 1573 panem,
1219 1503 1450 1557 sollicite
1481 1503 1806 1574 praecipiens
1854 1510 1918 1558 ut
1961 1510 2091 1559 ante

503 1589 688 1644 cibum
701 1607 766 1644 ex
782 1608 846 1645 eo
859 1592 1148 1661 paululum
1165 1609 1388 1664 semper
1401 1609 1812 1662 energumenus
1823 1600 2087 1648 sumeret.

505 1679 760 1750 Cumque
789 1681 1055 1734 esurisset
1073 1678 1220 1734 filius
1238 1682 1378 1750 ejus,
1395 1698 1459 1734 ex
1472 1681 1592 1752 ipso
1607 1699 1750 1752 pane
1769 1683 2091 1752 particulari

505 1767 558 1821 ei
585 1768 837 1830 tradidit,
871 1767 968 1823 sed
999 1786 1108 1822 non
1134 1769 1389 1840 permisit
1410 1770 1732 1824 immundus
1762 1772 1992 1842 spiritus
2029 1778 2093 1826 ut

2172 617 2464 688 pravitate,
2496 621 2552 670 et
2579 615 2705 668 aliis
2733 613 3048 684 exemplum
3071 612 3397 682 perditionis
3418 613 3760 676 ostenderet,

2171 707 2241 760 ad
2272 711 2620 776 postremum
2649 704 2829 756 visum
2856 707 2942 756 est
2971 701 3231 756 omnibus
3255 706 3320 754 ut
3347 717 3381 755 a
3408 708 3614 755 sancta
3639 718 3763 754 con-

2170 794 2496 864 gregatione
2523 791 3112 861 velutindignissimus
3127 796 3412 844 arceretur
3447 791 3562 844 Sed
3575 788 3762 844 beatus

2173 882 2506 938 Pachomius
2545 882 2649 936 hoc
2687 881 2835 935 idem
2872 880 3109 934 credidit
3150 879 3550 934 differendum.
3591 879 3762 942 Quem

2173 971 2344 1025 etiam
2358 971 2657 1024 mitissima
2668 975 2837 1040 atque
2852 969 3267 1040 sapientissima
3276 968 3636 1038 correptione
3645 983 3764 1022 con-

2172 1054 2420 1125 veniens,
2452 1065 2508 1113 et
2536 1057 2854 1112 cmlestibus
2881 1057 3446 1121 erudiensinstitutis,
3472 1056 3555 1110 ita
3582 1056 3760 1110 divino

2172 1149 2373 1202 timore
2404 1148 2707 1213 succendit,
2746 1152 2804 1200 ct
2831 1147 2912 1200 sic
2935 1145 3126 1200 anima
3153 1147 3275 1216 ejus
3302 1146 3632 1200 futurorum
3659 1143 3761 1198 fide

2171 1243 2503 1308 compuncta
2515 1242 2617 1301 est,
2642 1241 2706 1289 ut
2738 1252 2798 1289 se
2817 1235 3078 1306 deinceps
3106 1234 3386 1289 abstinere
3398 1251 3517 1289 non
3539 1240 3761 1305 posseta

2173 1326 2451 1398 lacrymis.
2474 1325 2813 1380 Emendatus
2831 1325 3019 1394 itaque
3031 1341 3131 1395 per
3149 1324 3355 1386 omnia,
3375 1339 3652 1392 magnum
3663 1339 3761 1374 cae-

2174 1415 2309 1469 teris
2354 1415 2752 1468 documentum
2785 1412 3162 1466 conversionis
3195 1413 3466 1466 exhibuit.
3511 1413 3579 1467 In
3611 1410 3760 1478 omni

2174 1520 2416 1574 namque
2441 1504 2560 1556 loco
2589 1509 2646 1556 et
2669 1502 2727 1556 in
2759 1501 2912 1555 omni
2932 1501 3666 1572 operationeﬂebatjugiter
3685 1511 3763 1564 ;et

2175 1607 2276 1646 nec
2302 1597 2435 1646 tunc
2466 1589 2711 1661 quidem,
2729 1603 2858 1644 cum
2878 1589 3062 1644 cibum
3091 1589 3709 1660 interfratrescaperet,
3731 1603 3761 1640 a

2174 1681 2513 1734 lamentione
2543 1678 2814 1733 cessabat.
2849 1679 2982 1742 Quae
3010 1695 3100 1731 res
3128 1679 3297 1732 etiam
3321 1678 3604 1749 permovit
3633 1675 3763 1730 mul-

2173 1775 2261 1824 tos
2290 1786 2356 1822 ex
2385 1769 2690 1833 monachis,
2710 1769 2805 1838 qui
2826 1775 2884 1821 et
2901 1767 3186 1822 dixerunt:
3215 1767 3466 1821 Tandem
3499 1782 3534 1819 a
3544 1765 3760 1836 planctu

505 1853 703 1912 exinde
733 1858 960 1912 omnino
987 1863 1271 1927 gustaret;
1299 1875 1362 1913 ex
1384 1859 1506 1912 aliis
1535 1865 1723 1913 autem
1740 1860 1976 1930 panibus
1995 1861 2091 1931 qui
2110 1846 2154 1904 Β
2175 1863 2231 1912 te
2261 1857 2474 1923 cohibe,
2503 1874 2605 1911 nec
2625 1862 2804 1921 tanta,
2839 1871 3176 1926 quaesumus,
3195 1855 3504 1909 afﬂictione
3518 1853 3759 1922 dejicias.

503 1951 666 2000 erant
693 1946 932 2017 appositi
962 1963 1164 2001 manus
1193 1947 1606 2018 suasimplevit,
1628 1949 2094 2019 ccepitquecome-

502 2035 654 2089 dere.
677 2035 848 2088 Pater
867 2051 998 2106 ergo
1019 2035 1375 2090 benedictum
1399 2053 1601 2106 panem
1635 2054 1725 2107 per
1753 2037 1930 2092 frusta
1949 2054 2096 2092 com-

501 2123 784 2190 minuens,
817 2123 876 2178 in
905 2123 1266 2178 interioribus
1292 2125 1628 2196 palmarum,
1653 2125 1886 2179 sublatis
1899 2126 2095 2180 exinde

499 2212 740 2274 ossibus,
756 2212 992 2267 immisit
1014 2232 1027 2273 ;
1052 2218 1108 2266 et
1134 2213 1236 2266 has
1257 2209 1306 2267 ei
1323 2218 1545 2268 tantum
1573 2215 1736 2268 modo
1765 2215 1979 2284 palmas
1990 2232 2094 2286 ap-

501 2299 709 2373 posuit,
723 2307 788 2355 ut
800 2297 1056 2356 nesciens
1076 2301 1131 2356 id
1144 2302 1288 2372 quod
1305 2301 1511 2356 factum
1525 2309 1628 2369 est,
1649 2302 2092 2358 benedictionem

502 2391 789 2461 percipere
801 2396 1132 2444 mereretur.
1149 2391 1298 2454 Quas
1311 2391 1659 2462 adaperiens,
1677 2393 1769 2446 ille
1784 2391 1962 2447 frusta
1973 2409 2095 2464 qua:

501 2477 710 2549 injecta
733 2479 958 2533 fuerant
985 2479 1347 2550 projiciebat;
1373 2485 1430 2534 et
1456 2481 1607 2551 ipsas
1629 2487 1945 2536 exsecratus
1974 2483 2094 2552 pal-

503 2583 642 2632 mas,
676 2567 816 2620 nihil
845 2567 1068 2638 penitus
1097 2584 1235 2622 escae
1264 2567 1486 2622 volebat
1523 2569 1789 2640 accipere.
1844 2571 2096 2640 Cumque

504 2658 666 2724 pater
696 2670 825 2708 eum
847 2654 969 2708 sine
997 2654 1118 2708 cibo
1148 2671 1376 2709 manere
1405 2653 1602 2710 diebus
1642 2656 1898 2727 plurimis
1941 2674 2098 2711 com-

504 2743 758 2814 pulisset,
794 2742 940 2797 fame
968 2747 1212 2808 coactus,
1244 2761 1306 2798 ex
1319 2743 1608 2798 benedicto
1637 2761 1779 2816 pane
1813 2746 2093 2816 percepit;

505 2847 572 2885 ac
591 2831 848 2902 protinus
877 2847 1072 2885 somno
1101 2831 1381 2898 detentus,
1410 2849 1442 2886 a
1463 2833 1708 2903 maligno
1735 2834 1936 2904 spiritu
1966 2834 2098 2888 libe-

505 2925 664 2974 ratus
693 2925 798 2973 est.
823 2920 999 2984 Quem
1014 2937 1202 2974 secum
1233 2926 1394 2992 pater
1423 2921 1492 2976 ad
1506 2922 1680 2976 sancti
1711 2923 2098 2978 Pachomiive-

505 3007 674 3078 stigia
699 3008 977 3079 perduxit,
1008 3009 1244 3064 laudans
1257 3015 1314 3064 et
1335 3011 1655 3080 glorificans
1676 3012 1874 3077 Deum,
1890 3012 1984 3082 qui
1999 3029 2100 3083 per

505 3114 694 3152 servos
722 3113 854 3152 suos
883 3101 1149 3168 operat’ur
1177 3100 1462 3170 magnalia
1489 3105 1546 3153 et
1569 3100 1835 3168 gloriosa,
1860 3117 2096 3170 quorum

2176 1947 2283 2012 Qui
2313 1947 2626 2018 respondit:
2663 1946 2848 2000 Conor
2860 1945 3107 2016 quidem,
3125 1944 3270 1998 sicut
3289 1942 3523 2013 jubetis,
3543 1959 3580 1998 a
3600 1948 3764 2013 lacry-

2177 2036 2283 2089 mis
2310 2041 2644 2106 temperare,
2677 2052 2779 2088 nec
2795 2051 3021 2105 possum
3075 2035 3276 2088 Pectus
3301 2033 3450 2086 enim
3483 2047 3765 2086 meumve-

2177 2124 2282 2178 luti
2314 2125 2566 2195 quadam
2597 2127 2826 2178 ﬂamma
2856 2123 3208 2186 comburens,
3241 2122 3499 2194 quietum
3533 2137 3625 2175 me
3653 2134 3764 2174 esse

2176 2229 2289 2267 non
2319 2213 2469 2267 sinit.
2495 2214 2738 2268 Rursum
2769 2213 2871 2284 ipsi
2897 2213 3192 2266 dixerunt:
3222 2211 3384 2282 Apud
3399 2216 3455 2264 te
3468 2211 3529 2264 in
3558 2211 3764 2263 secreto

2176 2306 2294 2366 tuo,
2326 2303 2412 2356 vel
2437 2301 2652 2356 certein
2667 2301 3015 2355 orationibus
3027 2301 3305 2371 plangito;
3329 2316 3460 2354 cum
3493 2315 3626 2352 vero
3647 2312 3766 2350 con-

2175 2391 2428 2445 venimus
2458 2391 2528 2444 ad
2557 2408 2828 2456 mensam,
2847 2390 3030 2444 cibum
3048 2407 3269 2444 sumere
3290 2389 3480 2455 debes,
3507 2393 3566 2442 et
3584 2385 3765 2442 aﬂeti-

2181 2479 2282 2534 bus
2300 2479 2598 2534 abstinere.
2626 2481 2769 2534 Nam
2784 2479 3046 2550 possibile
3073 2485 3159 2533 est
3184 2479 3428 2532 animam
3444 2484 3506 2532 et
3519 2477 3641 2531 sine
3654 2474 3765 2530 istis

2177 2568 2545 2622 exterioribus
2574 2569 2836 2640 lacrymis
2863 2585 3086 2639 semper
3113 2568 3168 2622 in
3193 2567 3626 2638 rompunctione
3655 2579 3765 2636 per-

2179 2657 2404 2712 sistere:
2441 2657 2574 2728 quia
2601 2659 2789 2728 plures
2812 2675 2842 2710 e
2871 2656 3136 2710 fratribus
3164 2655 3414 2710 videntes
3429 2663 3487 2709 te
3520 2657 3759 2718 ﬂentem,

2180 2746 2518 2799 manducare
2533 2762 2643 2800 non
2656 2751 2908 2816 possunt.
2931 2746 3000 2799 Et
3013 2744 3287 2815 cogebant
3312 2761 3440 2798 eum
3469 2743 3658 2807 fateri,
3676 2756 3766 2794 cur

2179 2835 2260 2889 ita
2288 2852 2347 2888 se
2377 2834 2494 2888 suis
2523 2835 2763 2888 dilueret
2792 2833 3034 2889 ﬂetibus.
3065 2835 3220 2888 Tunc
3248 2833 3327 2887 ait
3363 2833 3434 2887 ad
3476 2849 3606 2888 eos:
3652 2831 3766 2885 Non

2177 2923 2347 2978 vultis
2374 2929 2439 2978 ut
2465 2923 2748 2994 plangam,
2777 2939 2904 2978 cum
2925 2923 3142 2977 videam
3161 2939 3248 2976 me
3274 2922 3443 2976 foveri
3459 2921 3659 2976 multis
3677 2917 3766 2972 ob-

2180 3013 2390 3082 sequiis
2411 3017 2731 3066 sanctorum
2751 3011 2990 3066 fratrum
3009 3029 3019 3062 :
3035 3028 3274 3082 quorum
3295 3015 3352 3065 et
3369 3011 3554 3082 pulvis
3573 3009 3765 3081 pedum

2181 3101 2320 3155 mihi
2350 3101 2700 3156 venerandus
2730 3107 2830 3165 est,
2867 3117 2969 3155 nec
2997 3101 3078 3154 eis
3104 3117 3193 3154 me
3239 3100 3492 3154 conferre
3541 3099 3761 3169 dignum

505 3203 618 3242 non
640 3192 726 3241 est
745 3187 1204 3242 numerus.Alias
1225 3205 1444 3260 quoque
1459 3189 1728 3244 sanitates
1747 3176 2018 3260 plurimas
2038 3191 2096 3244 in
2113 3159 2157 3219 ϐ
2181 3207 2412 3261 prorsus
2441 3191 2718 3244 existimo.
2737 3191 2862 3244 Non
2883 3206 3015 3259 ergo
3038 3190 3322 3260 plangam,
3354 3189 3506 3260 quod
3518 3189 3683 3243 homo
3703 3185 3762 3239 de

504 3276 710 3330 virtute
735 3277 916 3331 sancti
947 3277 1192 3348 Spiritus
1219 3277 1306 3331 vir
1331 3278 1692 3332 beatissimus
1725 3279 1950 3345 tat-iens,
1986 3295 2098 3334 non

506 3364 894 3432 extollebatur,
911 3382 1014 3419 nec
1039 3383 1289 3436 unquam
1301 3383 1397 3420 cor
1420 3368 1542 3436 ejus
1566 3367 1775 3420 elatum
1801 3373 1904 3422 est.
1920 3368 2099 3421 Habe-

505 3452 604 3507 bat
632 3458 821 3507 autem
851 3454 995 3508 hanc
1015 3471 1048 3508 a
1075 3455 1313 3508 Domino
1337 3455 1598 3525 gratiam,
1625 3460 1692 3509 ut
1718 3455 1866 3509 idem
1879 3472 2099 3526 semper

507 3547 567 3596 et
579 3542 806 3612 aequalis
817 3543 1032 3596 essetin
1055 3543 1331 3609 omnibus,
1354 3544 1717 3614 animumque
1737 3544 1793 3598 in
1806 3544 2102 3614 disciplina

508 3630 732 3685 Domini
747 3631 1044 3685 sollicitum
1059 3632 1344 3687 retineret.
1363 3633 1431 3686 Et
1447 3633 1495 3686 si
1508 3633 1730 3702 quando
1750 3649 1982 3702 poscens
2003 3633 2102 3686 ali-

507 3719 643 3790 quid
662 3736 696 3774 a
717 3720 972 3784 Domino,
995 3721 1282 3792 petitionis
1313 3738 1426 3776 suae
1447 3739 1557 3776 non
1579 3727 2017 3793 consequeretur
2028 3721 2103 3776 e‘f-

505 3807 730 3876 fectum,
745 3825 858 3864 non
871 3808 1308 3865 contristabatur
1316 3809 1565 3876 omnino,
1581 3810 1678 3864 sed
1692 3809 2101 3881 patientissime

507 3897 840 3963 sustinebat,
868 3897 1046 3952 sciens
1067 3899 1172 3952 hoc
1190 3899 1450 3969 expedire
1478 3899 1564 3953 vel
1584 3899 1690 3952 sibi
1705 3899 1790 3952 vel
1821 3897 2098 3964 omnibus,

509 3985 780 4056 quidquid
809 3987 997 4041 divina
1023 3987 1406 4040 misericordia
1431 3987 1776 4041 censuisset:
1812 3987 1944 4057 quia
1989 3987 2101 4040 fre-

509 4083 749 4143 quenter
775 4074 1088 4128 intentione
1121 4075 1340 4128 sincera
1365 4075 1620 4128 videmur
1647 4076 1940 4146 postulare
1969 4092 2102 4129 con-

508 4161 705 4228 traria,
731 4179 852 4231 quae
867 4163 1090 4216 Domini
1105 4162 1344 4226 bonitas,
1377 4179 1506 4216 cum
1532 4179 1644 4216 non
1675 4164 1944 4230 concedit,
1967 4181 2103 4234 pra:-

509 4255 660 4304 stare
671 4249 963 4320 dignatur;
979 4255 1036 4304 et
1051 4256 1184 4304 tunc
1198 4251 1384 4322 potius
1401 4252 1707 4306 clementer
1715 4253 1960 4318 exaudit,
1975 4270 2101 4307 cum

509 4344 640 4393 vota
665 4345 870 4394 nostrae
899 4340 1229 4410 ignorantiae
1257 4345 1418 4394 nocte
1449 4339 1628 4394 velata
1656 4357 1768 4394 non
1795 4341 2028 4411 perficit.

583 4428 714 4483 CAP.
733 4430 1034 4484 XXXVIII.
1061 4459 1126 4470 —
1149 4429 1386 4493 Quidam
1408 4429 1649 4500 denique
1665 4430 1908 4500 juvenis,
1933 4431 2106 4485 Silva-

2179 3296 2346 3334 scena
2375 3279 2566 3334 multis
2595 3279 2833 3350 peccatis
2863 3277 3150 3345 obnoxius,
3195 3277 3377 3332 ofﬁcia
3404 3283 3568 3332 tanta
3596 3273 3763 3348 perci-

2181 3369 2570 3440 piam?Timeo
2591 3369 2848 3432 valdene,
2892 3367 3038 3422 sicut
3060 3367 3282 3421 Datha'n
3320 3373 3377 3420 et
3409 3366 3644 3432 Abiron,
3683 3377 3762 3416 me

2181 3473 2403 3527 quoque
2415 3457 2706 3527 profanum
2718 3457 2874 3510 hiatu
2888 3462 3144 3510 suoterra
3153 3455 3428 3524 deglutiat
3441 3455 3518 3522 (Ν
3521 3474 3554 3509 ιι
3563 3467 3670 3508 m.x
3677 3448 3761 3520 v1).

2182 3545 2268 3600 Illi
2299 3561 2541 3615 namque
2567 3544 2754 3615 impiis
2771 3544 3000 3599 ausibus
3017 3544 3383 3615 manibusque
3403 3543 3634 3615 pollutis
3653 3555 3765 3595 san-

2184 3639 2274 3687 cta
2302 3633 2523 3687 sibimet
2538 3651 2809 3704 usurpare
2826 3640 3213 3698 tentaverunt;
3236 3650 3338 3702 ego
3357 3649 3488 3687 vero
3517 3637 3643 3704 post
3655 3635 3764 3684 tan-

2183 3727 2300 3776 tam
2319 3722 2696 3792 cognitionem
2707 3722 2880 3776 divini
2897 3723 3166 3788 muneris,
3181 3723 3532 3776 animaameaz
3543 3721 3766 3775 salutem

2184 3811 2462 3866 desidiosa
2478 3811 2893 3866 conversatione
2909 3812 3146 3882 neglexi.
3177 3811 3307 3866 Ideo
3337 3811 3546 3882 quippe
3566 3810 3674 3864 ista
3691 3820 3766 3859 re-

2183 3901 2390 3960 colens,
2420 3916 2532 3954 non
2581 3899 2844 3954 erubesco
2902 3902 3037 3954 ﬂere
3092 3917 3280 3954 coram
3327 3899 3608 3964 omnibus,
3647 3893 3763 3967 quia

2183 3990 2362 4044 multa
2376 3989 2621 4044 facinora
2634 4006 2759 4043 mea
2777 4005 2898 4042 esse
2913 4006 3203 4060 cognoeco,
3223 4006 3346 4060 quae
3357 3988 3762 4059 jugibuslacry-

2184 4095 2404 4132 marum
2417 4077 2660 4131 fontibus
2670 4077 2902 4132 debeam
2915 4079 3157 4148 expiare.
3178 4085 3211 4143 |
3229 4082 3355 4142 29
3363 4078 3526 4141 Quod
3539 4077 3584 4132 si
3597 4077 3760 4146 ipsam

2183 4167 2446 4220 miseram
2476 4166 2724 4220 animam
2754 4183 2936 4220 meam
2967 4183 3067 4238 per
3097 4167 3343 4220 lamenta
3377 4165 3753 4224 diﬂ‘underem,

2183 4256 2324 4309 nihil
2353 4254 2594 4309 facerem
2613 4272 2900 4325 magnum,
2926 4255 3059 4326 quia
3078 4255 3294 4309 nullum
3322 4271 3422 4326 pro
3451 4254 3613 4309 factis
3633 4246 3758 4304 meis

2184 4344 2243 4400 in
2272 4345 2532 4415 praesenti
2557 4345 2791 4414 dignum
2820 4361 3047 4414 possum
3077 4345 3325 4414 reperire
3347 4343 3696 4415 supplicium.

2257 4435 2512 4504 Cumque
2532 4450 2632 4504 per
2652 4433 2772 4488 dies
2795 4433 3045 4502 singulos
3065 4433 3214 4486 idem
3241 4432 3417 4487 frater
3445 4433 3512 4486 ad
3547 4428 3761 4486 meliora

507 4533 616 4574 nus
635 4519 880 4586 nomine,
913 4519 982 4573 de
1005 4535 1171 4574 scena
1189 4535 1506 4585 conversus,
1522 4520 1592 4573 ad
1619 4525 1873 4574 sanctum
1895 4511 2164 4574 Pacho—D
2185 4524 2498 4594 proﬁceret,
2523 4539 2828 4592 omnesque
2845 4522 3251 4592 propemodum
3273 4522 3331 4576 in
3358 4521 3762 4575 humilitatesu-

509 4607 687 4662 mium
711 4609 880 4674 venit,
912 4609 1102 4663 volens
1131 4609 1189 4662 in
1223 4609 1346 4679 ejus
1377 4609 1716 4663 monasterio
1745 4608 2100 4662 commorari.

509 4695 616 4760 Qui
644 4713 772 4751 cum
802 4703 1094 4769 susceptus
1115 4704 1279 4764 esset,
1312 4698 1548 4752 infectus
1581 4715 1842 4769 perversa
1867 4715 2102 4752 consue-

509 4784 706 4838 tudine
730 4787 936 4852 szeculi,
953 4787 1122 4841 nullis
1149 4787 1456 4858 disciplina:
1483 4787 1693 4856 regulis
1717 4792 1937 4857 poterat
1954 4803 2106 4840 coer-

509 4872 624 4925 ceri
647 4891 660 4938 ;
693 4873 1043 4946 salutemque
1062 4875 1345 4946 propriam
1371 4875 1680 4944 negligens,
1711 4875 1830 4928 dies
1849 4891 1980 4930 suos
2010 4891 2104 4930 va-

517 4959 791 5015 nitatibus
821 4963 1070 5032 pristinis
1100 4969 1270 5034 atque
1312 4963 1563 5017 ridiculis
1591 4963 1930 5033 occupabat:
1965 4964 2104 5018 adeo

508 5054 574 5104 ut
603 5050 903 5104 nonnullos
930 5067 994 5104 ex
1015 5050 1280 5105 fratribus
1309 5057 1605 5116 everteret,
1639 5056 1696 5104 et
1737 5051 1807 5104 ad
1852 5051 2104 5106 studium

508 5139 692 5194 simile
722 5145 1116 5194 commoveret.
1141 5140 1300 5204 Quod
1317 5139 1546 5210 plurimi
1561 5156 1671 5193 non
1685 5139 1946 5206 ferentes,
1977 5159 2103 5195 san-

507 5231 597 5282 cto
628 5228 930 5283 Pachomio
960 5233 1270 5298 suggerunt
1285 5235 1350 5284 ut
1373 5245 1502 5282 eum
1527 5229 1596 5282 de
1617 5229 1958 5283 monasterio
1969 5231 2100 5300 pelli

509 5317 854 5388 praeciperet.
877 5319 962 5372 Ad
987 5335 1155 5388 quam
1185 5335 1303 5371 rem
1325 5333 1437 5370 non
1463 5317 1543 5370 eis
1559 5318 1782 5385 annuit;
1809 5319 1906 5372 sed
1921 5334 2103 5390 aequa-

507 5405 738 5461 nimiter
751 5407 954 5472 ferens,
979 5407 1272 5461 admonuit
1281 5406 1574 5478 praefatum
1593 5406 1827 5460 fratrem
1841 5413 1904 5462 ut
1915 5425 1973 5462 se
1985 5424 2104 5462 cor-

507 5493 736 5563 rigeret,
768 5502 827 5550 et
854 5496 1098 5568 antiquae
1144 5495 1550 5550 conversationi
1587 5496 1958 5552 renuntiaret.
1995 5497 2104 5550 Pro

509 5596 620 5650 quo
642 5583 813 5636 etiam
823 5585 1036 5654 jugiter
1052 5584 1290 5638 Domino
1301 5583 1668 5656 supplicabat,
1683 5589 1748 5638 ut
1765 5585 1815 5639 ei
1833 5601 1954 5638 com
1960 5600 2104 5654 pun-

505 5669 752 5727 ctionem
779 5673 962 5730 cordis
990 5673 1156 5728 solita
1167 5673 1390 5744 pietatis
1406 5673 1753 5736 abundantia
1781 5673 2102 5742 largiretur.

2186 4616 2430 4682 pararet,
2473 4610 2556 4664 ita
2577 4611 2646 4664 de
2676 4627 2742 4665 eo
2770 4615 2998 4664 sanctus
3028 4610 3361 4665 Pachomius
3388 4610 3558 4680 coepit
3587 4617 3758 4662 coram

2187 4699 2447 4754 omnibus
2474 4699 2659 4754 dicere
2686 4717 2698 4752 :
2731 4700 2930 4753 Testor
2957 4715 3071 4764 vos,
3105 4699 3305 4754 fratres
3333 4715 3398 4753 ac
3434 4699 3557 4763 ﬁlii,
3587 4706 3760 4750 coram

2186 4788 2302 4844 Deo
2334 4796 2392 4842 et
2419 4787 2626 4843 sanctis
2653 4789 2777 4858 ejus
2803 4787 3037 4856 angelis,
3075 4787 3206 4858 quia
3232 4805 3298 4842 ex
3325 4804 3435 4858 quo
3463 4783 3759 4842 coenobium

2185 4877 2290 4931 hoc
2316 4876 2613 4931 fundatum
2633 4883 2735 4943 est,
2768 4877 2987 4930 nullum
3017 4876 3086 4930 de
3123 4875 3388 4931 fratribus
3417 4876 3512 4948 qui
3558 4882 3760 4930 mecum

2186 4972 2319 5020 sunt
2342 4966 2428 5020 vel
2445 4965 2692 5032 fuerunt,
2727 4966 3102 5020 humilitatem
3131 4982 3316 5020 meam
3359 4970 3614 5020 secutum
3652 4971 3760 5013 esse

2185 5071 2476 5125 cognosco,
2510 5054 2616 5108 nisi
2647 5071 2822 5108 unum
2855 5054 3262 5110 tantummodo.
3286 5054 3407 5117 Quo
3437 5053 3654 5113 fratres,
3673 5060 3758 5100 au-

2184 5141 2321 5206 dito,
2334 5139 2590 5194 nonnulli
2610 5138 2886 5210 putabant
2898 5140 3046 5194 hunc
3067 5156 3244 5194 unum
3255 5155 3378 5192 esse
3397 5138 3752 5192 Theodorum.

2184 5229 2280 5283 alii
2308 5228 2654 5293 Petronium,
2685 5227 2778 5282 alii
2807 5245 2937 5281 vero
2954 5228 3262 5283 Orsesium.
3279 5228 3532 5298 Cumque
3553 5219 3757 5293 rogaret

2183 5317 2511 5373 Theodorus
2541 5333 2691 5382 eum,
2724 5323 2789 5371 ut
2824 5317 2950 5387 quis
2989 5318 3083 5371 ille
3115 5322 3264 5370 esset
3303 5317 3666 5386 depromeret,
3707 5310 3757 5360 et

2185 5403 2760 5460 sanctusvirindicare
2787 5405 3055 5468 differret,
3086 5421 3277 5458 rursus
3303 5421 3432 5458 eum
3450 5402 3753 5459 Theodorus

2186 5493 2549 5547 vehementer
2560 5492 2794 5563 urgebat
2826 5493 2938 5548 Alii
2953 5511 3172 5564 quoque
3184 5495 3426 5564 majores
3437 5511 3502 5547 ex
3513 5486 3756 5547 fratribus

2188 5581 2491 5654 plurimum
2505 5582 2878 5652 precabantur
2903 5589 2965 5637 ut
2978 5583 3186 5636 diceret
3203 5583 3328 5654 quis
3349 5587 3497 5636 esset
3522 5581 3608 5636 cui
3620 5571 3756 5632 testi-

2189 5669 2442 5725 monium
2463 5671 2574 5724 tale
2590 5671 2926 5742 perhiberet.
2945 5672 3100 5726 Tunc
3113 5671 3402 5741 respondit
3420 5664 3750 5725 Pachomius:
