3912 6394
471 325 580 388 859
1492 325 1591 386 DE
1625 325 1817 383 VITIS
1853 322 2150 384 PATRUM
2187 321 2408 382 LIBER
2440 322 2732 382 PRIMUS.
3648 322 3752 383 260

473 453 594 510 hac
613 451 719 510 sibi
739 449 1330 524 retulerant.Cumque
1338 450 1587 508 concitus
1597 450 2064 524 proficisceretur,
2084 449 2135 514 Α
2151 447 2373 505 delatus
2387 453 2492 512 est,
2510 447 2659 517 quod
2671 447 2964 521 sapientia
2980 448 3193 518 geratis
3209 449 3481 514 studium,
3495 454 3558 506 et
3577 455 3616 517 |
3631 453 3694 514 8
3706 455 3742 518 Ι

475 547 538 602 et
560 541 778 598 duobus
809 541 894 595 vel
923 539 1102 598 tribus
1133 538 1378 595 millibus
1408 539 1630 595 abesset
1669 555 1704 594 a
1732 539 2072 594 monasterio
2147 537 2311 609 juxta
2348 535 2677 605 religionem
2705 542 2968 602 vestram,
3000 537 3248 610 quietem
3275 537 3524 610 diligatis
3540 537 3754 610 impen-

475 629 627 703 quod
657 627 902 700 petebat.
950 627 1164 683 audivit
1190 627 1578 684 suavissimam
1620 644 1812 682 vocem
1853 627 1914 683 in
1943 643 2072 682 aere
2153 625 2291 691 sius,
2317 625 2548 698 insuper
2572 625 2743 680 etiam
2763 626 3072 700 prudenter
3090 627 3178 682 his
3199 627 3297 700 qui
3316 632 3644 700 proponunt
3663 625 3756 681 ali-

472 722 890 791 personantem:
915 716 1338 791 suspiciensque
1366 716 1504 770 vidit
1525 716 1704 786 ipsius
1731 715 1920 772 fratris
1947 715 2072 772 ani-
2155 714 2289 787 quid
2316 714 2638 770 satisfacere
2669 714 2989 782 videamini,
3021 721 3081 770 et
3103 715 3228 771 ideo
3251 716 3320 770 de
3341 715 3429 772 his
3451 733 3579 789 quae
3597 715 3755 788 legis-

477 823 629 866 mam
657 806 831 860 veloci
849 822 1016 863 cursu
1036 805 1108 860 ab
1128 806 1344 878 angelis
1371 805 1593 862 Domini
1617 804 1978 862 laudantibus
2001 805 2072 860 ad

475 893 699 952 beatam
723 895 896 952 vitam
916 911 1332 968 perennemque
1361 894 1600 950 sustolli.
1617 895 1864 950 Comites
1883 901 2072 948 autem

475 983 765 1041 Pachomii
784 999 913 1039 cum
939 999 1122 1054 neque
1143 999 1334 1038 vocem
1350 983 1633 1049 audirent,
1647 1000 1750 1038 nec
1768 983 2075 1054 quidquam

476 1072 753 1131 sentirent
769 1072 1120 1144 penitus,sed
1140 1073 1534 1128 tantummodo
1546 1079 1841 1128 cernerent
1856 1088 1986 1127 eum
2005 1071 2075 1126 ad

478 1161 770 1222 Orientem
787 1161 885 1216 diu
897 1161 1198 1232 suspicere,
1217 1161 1414 1216 dicunt
1423 1161 1475 1215 ei
1497 1179 1510 1215 :
1526 1162 1642 1218 Cur
1653 1160 2078 1226 stetisti,Pater?

475 1249 876 1323 PrOperemus,
900 1255 967 1306 ut
994 1249 1275 1322 possimus
1294 1266 1605 1306 occurrere.
1620 1250 1730 1314 Qui
1751 1249 2036 1320 respondit
2062 1267 2073 1301 :

2155 803 2228 858 tis
2258 819 2355 857 vos
2378 803 2726 875 interrogare
2740 803 3012 875 disposui.
3028 803 3133 860 Cui
3152 804 3477 859 Theodorus
3500 822 3512 857 :
3539 805 3751 865 Profer,

2155 891 2256 952 ait,
2279 892 2426 963 quod
2448 892 2550 945 vis.
2571 891 2640 946 Et
2665 892 3032 965 philosophus
3062 911 3074 948 :
3101 893 3309 962 Habes,
3337 893 3544 965 inquit,
3557 899 3625 948 tu
3639 910 3755 948 me-

2155 996 2284 1034 cum
2304 980 2790 1053 disceptationem,
2823 987 2888 1036 ut
2907 998 3031 1055 quae
3059 982 3272 1038 fuerint
3291 982 3528 1052 quaesita
3553 981 3754 1037 dissol-

2158 1085 2254 1124 vas
2274 1069 2298 1120 ?
2321 1069 2424 1122 Cui
2453 1069 2783 1124 Theodorus
2812 1069 3102 1142 respondit
3133 1089 3146 1124 :
3179 1071 3441 1142 Exprime
3462 1071 3588 1143 jam
3609 1070 3750 1143 quod

2159 1157 2406 1215 intendis
2453 1158 2610 1214 Tunc
2649 1157 3011 1232 philosophus
3039 1159 3164 1215 ait:
3199 1159 3354 1227 Quis,
3403 1176 3519 1218 non
3567 1165 3749 1223 natus,

2163 1251 2420 1303 mortuus
2448 1247 2572 1301 est?
2601 1246 2741 1310 Quis
2768 1263 2994 1305 rursum
3025 1254 3211 1316 natus,
3241 1264 3277 1304 a
3303 1254 3483 1304 morte
3507 1247 3755 1304 substra-

479 1337 715 1399 Frustra
737 1339 858 1409 jam
889 1338 1206 1406 currimus;
1236 1338 1342 1392 hoc
1369 1337 1519 1394 enim
1549 1343 1639 1394 est
1659 1337 1808 1409 quod
1833 1337 1932 1392 diu
1955 1353 2082 1393 con-
2162 1340 2286 1389 ctus
2313 1335 2439 1392 est?
2465 1335 2602 1399 Quis
2629 1341 2841 1402 autem,
2872 1352 3000 1392 cum
3029 1336 3102 1392 sit
3126 1343 3407 1404 mortuus,
3434 1353 3550 1394 non
3573 1343 3663 1393 est
3685 1337 3756 1392 fe-

480 1426 1168 1500 sidero,quemadmodum
1185 1425 1569 1496 fratcripsead
1590 1427 1798 1498 gaudia
1811 1431 2082 1498 perpetua
2161 1428 2283 1478 tore
2311 1425 2650 1495 corruptus?
2679 1425 2749 1480 Et
2773 1425 2856 1480 ait
2881 1425 3236 1482 Theodorus:
3259 1426 3384 1482 Non
3405 1425 3664 1498 grandis,
3680 1425 3755 1481 in-

478 1515 808 1575 deducatur.
869 1516 1046 1584 Quem
1102 1532 1230 1570 cum
1268 1521 1534 1585 rogarent
1567 1521 1631 1570 ut
1659 1515 1740 1570 eis
1781 1520 2082 1586 exponeret
2173 1512 2315 1582 quit,
2340 1513 2457 1567 haec
2482 1514 2789 1586 propositio
2822 1519 2940 1580 tua,
2973 1531 3005 1568 ο
3035 1514 3399 1588 philosophe;
3431 1531 3571 1569 nam
3601 1515 3756 1570 facile

481 1604 1564 1679 quomodovidissetanimam,quantum
1585 1605 2072 1677 poterantaudire.
2161 1601 2312 1672 quod
2340 1601 2579 1672 inquiris
2603 1603 2836 1658 solvam.
2879 1603 2986 1668 Qui
3013 1619 3128 1658 non
3156 1610 3344 1672 natus,
3371 1609 3636 1661 mortuus
3658 1609 3752 1668 est,

479 1695 730 1754 narravit
751 1695 834 1750 eis
863 1711 927 1750 ex
959 1695 1048 1749 his
1075 1711 1199 1767 qua:
1248 1694 1370 1765 ipse
1410 1699 1794 1766 conspexerat.
1829 1693 2069 1758 Quidam
2155 1688 2397 1746 habetur
2422 1690 2602 1745 Adam
2626 1693 3025 1765 protoplastus.
3043 1692 3151 1758 Qui
3175 1709 3306 1748 vero
3334 1697 3501 1748 natus
3532 1699 3640 1758 est,
3664 1709 3760 1748 nec

476 1783 652 1855 igitur
680 1801 746 1840 ex
772 1783 860 1838 his
882 1789 1078 1838 euntes
1097 1783 1167 1836 ad
1190 1789 1562 1838 memoratum
1580 1782 2082 1846 monasterium,et
2099 1771 2136 1830 Β
2159 1783 2350 1834 tamen
2383 1785 2640 1835 mortuus
2668 1786 2774 1847 est,
2807 1780 2995 1836 existit
3023 1782 3231 1848 Enoch,
3264 1781 3358 1854 qui
3391 1783 3507 1838 Deo
3528 1781 3754 1855 placuit,

481 1871 780 1942 diligenter
798 1872 1149 1946 inquirentos
1170 1889 1280 1944 qua
1298 1872 1440 1928 hora
1464 1872 1638 1928 frater
1651 1872 1744 1928 ille
1754 1871 2072 1928 dormisset.

481 1977 551 2018 ea
579 1978 701 2034 quae
729 1979 763 2016 a
780 1966 975 2016 sancto
1003 1960 1319 2016 didicerant
1344 1960 1481 2027 viro,
1515 1977 1647 2016 vera
1662 1961 1854 2016 omnia
1869 1976 2078 2030 cogno-

481 2055 699 2110 verunt.
745 2049 874 2106 Haec
911 2054 1102 2108 autem
1138 2049 1436 2106 retulimus
1477 2048 1696 2106 duabus
1734 2066 1801 2104 ex
1843 2049 2028 2105 causis
2061 2066 2073 2100 :

473 2139 745 2213 primum,
773 2139 1024 2196 volentes
1045 2139 1340 2194 ostendere
1367 2138 1593 2196 beatum
1619 2154 1811 2194 senem
1842 2137 2079 2194 nimium

481 2226 656 2286 fuisse
716 2227 1281 2301 perspicacissimum,
1339 2227 1694 2298 gratiamque
1766 2226 2080 2298 possedisse

481 2317 891 2390 propheticum,
925 2333 992 2371 ac
1018 2316 1184 2387 longe
1212 2317 1396 2388 posita
1435 2315 1908 2372 intellectualibus
1944 2331 2079 2370 ocu-

481 2405 554 2464 lis
581 2405 902 2477 pmvidisse
927 2424 940 2473 ;
973 2405 1198 2469 deinde,
1249 2411 1314 2462 ut
1341 2406 1484 2461 tales
1522 2421 1744 2476 semper
1771 2405 2076 2470 imitantes,

480 2494 759 2552 malorum
817 2494 1099 2550 consortia
1144 2494 1382 2552 sollicite
1431 2495 1756 2550 vitaremus.
1791 2494 1860 2550 Et
1893 2493 1964 2549 de
1992 2493 2079 2548 his

482 2582 712 2655 quidem
731 2582 892 2638 nobis
915 2583 1187 2638 hactenus
1213 2583 1364 2638 dicta
1387 2583 1688 2638 sufficiant.

553 2671 688 2730 CAP.
701 2672 1158 2728 XLI.--Sanctus
1173 2688 1307 2742 ergo
1322 2671 1654 2728 Pachomius
1673 2671 1744 2726 ad
1765 2671 2077 2726 antefatum

480 2758 802 2832 epiSOOpum
845 2775 973 2816 cum
1030 2760 1148 2814 suis
1197 2761 1484 2816 monachis
1518 2761 1764 2826 veniens,
1811 2761 1882 2814 ab
1925 2778 1991 2814 eo
2019 2761 2077 2814 in

485 2864 712 2906 summa
734 2849 1093 2906 veneratione
1106 2855 1403 2920 susceptus
1421 2855 1524 2906 est.
1542 2851 1689 2908 Nam
1721 2849 2074 2906 festivitatem

485 2936 790 2994 maximam
843 2937 902 2994 in
945 2939 1068 3008 ejus
1105 2938 1406 2994 celebravit
1439 2939 1698 3005 adventu,
1731 2939 1997 3010 deditque
2025 2940 2076 2995 ei

483 3026 608 3085 looa
637 3025 733 3082 ubi
766 3032 994 3098 sperata
1035 3027 1378 3084 monasteria
1401 3028 1683 3093 conderet,
1699 3028 1845 3084 sicut
1867 3029 2078 3085 dudum

2161 1871 2330 1938 atque
2357 1869 2664 1924 translatus
2693 1874 2797 1924 est.
2833 1869 2941 1935 Qui
2989 1875 3246 1928 mortuus
3293 1876 3380 1926 est
3415 1875 3635 1939 autem,
3665 1887 3762 1926 nec

2161 1955 2338 2012 fetore
2367 1957 2483 2012 ullo
2510 1964 2828 2029 corruptus,
2861 1975 3003 2015 uxor
3026 1966 3114 2015 est
3143 1959 3305 2026 Loth,
3341 1976 3468 2030 quae
3498 1977 3766 2016 conversa

2160 2045 2222 2100 in
2270 2051 2517 2100 statuam
2548 2046 2685 2102 salis
2717 2048 2864 2106 (Gen.
2892 2052 3028 2114 xxx),
3061 2065 3192 2121 quae
3219 2065 3399 2122 usque
3436 2065 3594 2107 nunc
3621 2050 3680 2107 in
3701 2065 3762 2104 eo

2161 2133 2359 2190 habitu
2390 2151 2490 2208 pro
2519 2134 2936 2192 incredulorum
2959 2136 3234 2210 perdurat
3252 2137 3529 2210 exemplo.
3557 2139 3630 2194 Et
3645 2137 3763 2194 ideo

2163 2222 2457 2278 consilium
2485 2223 2557 2279 do
2577 2223 2706 2292 tibi,
2729 2241 2761 2279 ο
2792 2225 3140 2298 philosophe,
3168 2235 3233 2282 ut
3261 2226 3364 2282 has
3383 2225 3612 2300 ineptas
3637 2244 3762 2299 pro-

2161 2311 2464 2385 positiones
2507 2317 2636 2370 tuas
2664 2319 2722 2368 et
2759 2312 2957 2370 inanes
2985 2316 3256 2370 deserens
3300 2315 3663 2388 qumstiones,
3693 2317 3759 2370 ad

2160 2416 2353 2455 verum
2382 2401 2558 2458 Deum
2609 2417 2775 2475 quem
2804 2402 3058 2469 colimus,
3097 2408 3154 2458 te
3184 2403 3310 2460 sine
3336 2403 3612 2462 dilatione
3635 2421 3758 2461 con-

2161 2495 2365 2555 vertas,
2424 2490 2926 2563 remissionemque
2972 2498 3328 2565 peccatorum
3371 2498 3601 2550 tuorum
3663 2509 3758 2565 pro

2159 2584 2371 2633 aeterna
2399 2579 2580 2634 salute
2608 2579 2901 2652 percipias.
2927 2581 3014 2637 Ad
3043 2581 3160 2636 haec
3180 2581 3551 2654 philosophus
3576 2581 3758 2638 obstu-

2159 2667 2428 2740 pefactus,
2461 2667 2601 2722 nihil
2647 2668 2938 2740 inquisivit
2975 2669 3250 2738 ulterius;
3292 2670 3390 2728 sed
3439 2669 3753 2736 discedens,

2157 2771 2396 2810 acumen
2407 2756 3070 2830 viri,responsionemque
3087 2764 3205 2815 tam
3220 2759 3460 2817 celerem
3479 2766 3757 2830 paratam-

2161 2861 2268 2918 que
2294 2845 2532 2901 miratus
2561 2851 2670 2902 est.

2233 2935 2367 2992 ΟΑΡ.
2401 2935 2671 2990 XLIII.-—
2699 2935 2939 2992 Proinde
2969 2937 3307 2994 Pachomius
3333 2938 3392 2994 in
3420 2938 3627 2994 iisdem
3646 2953 3753 2994 mo-

2160 3023 2424 3078 nasteriis
2443 3041 2627 3097 nuper
2647 3025 2965 3092 exstructis,
2994 3025 3192 3084 diebus
3210 3027 3473 3099 plurimis
3488 3026 3732 3083 immora

492 3131 596 3188 per
620 3115 832 3189 scripta
846 3121 1158 3186 rogaverat,
1184 3133 1308 3188 quae
1329 3116 1497 3172 etiam
1510 3116 1844 3172 venerabilis
1854 3117 1936 3172 vir
1952 3134 2079 3174 cum
2097 3117 2254 3188 ctus
2282 3119 2388 3167 est.
2421 3113 2630 3170 Exinde
2659 3114 2939 3188 profectus
2969 3121 3071 3182 est,
3106 3123 3278 3188 atque
3307 3116 3378 3172 ad
3405 3116 3550 3174 illud
3569 3131 3758 3174 mona-

482 3203 777 3263 alacritate
815 3205 1146 3262 construxit.
1179 3206 1248 3260 Et
1275 3221 1400 3262 cum
1423 3206 1678 3260 maceria:
1708 3207 2000 3261 munimen
2019 3207 2077 3260 in

483 3292 721 3349 circuitu
751 3293 1002 3361 duceret,
1033 3310 1106 3348 ne
1149 3294 1276 3364 quis
1305 3294 1467 3350 facile
1515 3301 1703 3365 posset
1743 3295 2074 3366 irrumpere,

483 3381 714 3456 quidam
750 3382 1077 3454 pestilentes
1122 3383 1392 3447 homines,
1429 3399 1570 3454 quos
1617 3383 1824 3438 diaboli
1855 3383 2080 3439 caecavit

487 3467 716 3535 invidia,
771 3477 934 3526 nocte
982 3471 1291 3537 venientes,
1324 3487 1446 3542 quae
1485 3476 1812 3529 constructa
1854 3471 2080 3528 fuerant

482 3558 866 3617 destruebant.
888 3559 997 3616 Sed
1018 3576 1132 3616 non
1151 3559 1206 3614 in
1232 3560 1463 3630 longum
1491 3560 1861 3630 malignitatis
1881 3577 2078 3616 eorum

481 3664 650 3721 pinna
677 3648 854 3702 dilata
876 3653 964 3704 est
1013 3649 1158 3704 Nam
1175 3665 1302 3704 cum
1333 3665 1502 3706 senex
1526 3649 1828 3721 discipulos
1847 3667 1978 3706 suos
2007 3651 2079 3704 ad

482 3737 840 3796 talerantiam
885 3744 1287 3803 commoneret,
1333 3743 1391 3794 et
1418 3737 1500 3792 illi
1549 3739 1881 3809 nequissimi
1917 3741 2082 3810 juxta

481 3827 945 3884 consuetudinem
973 3827 1382 3892 convenissent,
1405 3835 1464 3882 ut
1497 3827 1808 3885 facinorum
1846 3845 2080 3884 suorum

480 3922 664 3988 coepta
688 3917 1039 3988 perficerent,
1055 3916 1126 3970 ab
1142 3917 1342 3986 angelo
1361 3917 1586 3972 Domini
1613 3917 1871 3988 protinus
1899 3917 2079 3973 exusti

481 4010 634 4071 sunt,
659 4010 719 4060 et
743 4005 897 4062 velut
914 4021 1044 4060 cera
1067 4021 1104 4058 a
1129 4004 1270 4060 facie
1297 4005 1446 4077 ignis
1473 4005 1543 4060 ad
1573 4005 1812 4062 nihilum
1840 4011 1973 4062 sunt
1990 4022 2081 4064 re-

488 4092 660 4150 dacti.
695 4093 922 4149 Fratres
943 4109 1082 4164 ergo
1099 4093 1364 4150 velociter
1381 4093 1702 4150 universum
1723 4111 2082 4150 consumma-

486 4185 690 4239 verunt
715 4181 1050 4249 tediflcium;
1083 4182 1142 4239 in
1173 4198 1284 4252 quo
1310 4180 1509 4239 beatus
1532 4183 1865 4240 Pachomius
1882 4184 2085 4240 consti-

483 4269 599 4326 tuit
615 4270 938 4336 monachos,
981 4270 1270 4341 religiosos
1323 4271 1496 4335 viros,
1529 4271 1734 4342 quibus
1761 4273 2082 4332 Samuelem

484 4359 810 4430 praeposuit,
835 4359 1075 4415 hilarem
1103 4359 1310 4427 virum,
1341 4365 1401 4415 et
1428 4360 1576 4418 dono
1606 4361 1944 4432 frugalitatis
1965 4363 2082 4419 exi-

2160 3202 2418 3270 sterium,
2445 3203 2594 3275 quod
2621 3203 2728 3258 sub
2759 3204 2883 3275 ejus
2912 3210 3037 3260 erat
3053 3205 3755 3278 ditione,pervenit.Quem

2159 3307 2288 3346 cum
2318 3291 2522 3347 fratres
2549 3307 2764 3362 omnes,
2796 3292 2856 3348 in
2885 3310 3179 3351 occursum
3218 3296 3344 3386 ejas
3371 3300 3753 3367 properantes,

2159 3396 2386 3436 summa
2410 3381 2770 3438 veneratione
2798 3383 3168 3454 susciperent,
3192 3381 3505 3440 infantulus
3529 3383 3754 3456 quidam

2160 3467 2230 3522 de
2257 3467 2382 3540 ipsa
2408 3469 2859 3539 congregatione,
2895 3471 2991 3542 qui
3019 3471 3166 3526 inter
3209 3473 3350 3528 alios
3389 3477 3742 3534 occurrerat.

2161 3557 2404 3612 clamare
2429 3558 2597 3630 cmpit
2623 3575 2686 3613 ac
2715 3558 2898 3614 dicere
2928 3577 2941 3612 :
2981 3560 3142 3627 Vere,
3181 3562 3371 3628 Pater,
3393 3579 3459 3617 ex
3488 3579 3606 3634 quo
3631 3561 3750 3618 hinc

2167 3645 2489 3714 ambulasti,
2523 3647 2710 3702 nullus
2738 3647 2900 3704 nobis
2929 3649 3084 3706 olera
3111 3666 3213 3706 nec
3242 3651 3503 3722 legumen
3535 3647 3755 3721 aliquod

2161 3734 2326 3789 coxit.
2348 3734 2434 3792 Ad
2460 3750 2628 3805 quem
2652 3741 2880 3792 sanctus
2897 3743 3065 3807 grata
3079 3744 3267 3794 mente
3286 3739 3607 3810 respondit:
3637 3739 3754 3794 Non

2162 3822 2528 3890 contristeris,
2563 3823 2643 3878 fili
2664 3823 2764 3890 mi,
2796 3841 2898 3896 ego
2923 3826 3044 3894 jam
3065 3843 3324 3897 coquant.
3355 3828 3754 3898 Ingressusque

2162 3913 2588 3980 monasterium,
2602 3919 2728 3986 post
2747 3914 3057 3970 orationem
3078 3916 3232 3972 venit
3247 3916 3320 3972 ad
3347 3917 3682 3988 coquinum;
3705 3922 3757 3972 et

2162 4000 2454 4057 inveniens
2474 4002 2706 4058 fratrem
2735 4002 2830 4075 qui
2845 4005 3097 4077 coquinae
3129 4011 3388 4076 praeerat,
3405 4006 3658 4078 psiathos
3688 4005 3754 4075 (id

2164 4092 2268 4158 est,
2289 4091 2529 4161 tegetes)
2546 4098 3039 4164 operantem,quas
3051 4099 3260 4150 mattas
3279 4094 3475 4166 vulgus
3493 4095 3752 4168 appellat,

2163 4177 2328 4236 aitad
2339 4196 2503 4234 eum:
2537 4179 2637 4236 Dic
2658 4181 2818 4250 mihi,
2836 4181 3033 4249 frater,
3062 4189 3335 4254 quantum
3364 4185 3642 4255 temporis
3660 4184 3756 4238 ba-

2165 4266 2281 4334 bes,
2299 4285 2488 4340 exquo
2513 4285 2628 4324 non
2655 4269 2854 4326 coxisti
2875 4270 3145 4328 fratribus
3170 4271 3324 4327 olera
3341 4273 3426 4328 vel
3441 4271 3755 4344 legumina?

2165 4356 2273 4424 Qui
2301 4357 2590 4428 respondit
2619 4375 2633 4413 :
2687 4359 2832 4416 Sunt
2858 4359 2976 4414 fere
3017 4359 3128 4416 duo
3155 4377 3398 4417 menses.
3436 4361 3506 4418 Et
3533 4367 3754 4419 sanctus

483 4445 682 4504 mium.
717 4447 863 4513 Quia
910 4463 1042 4505 vero
1069 4447 1336 4520 praedicta
1363 4450 1706 4506 monasteria
1759 4450 1818 4508 in
1872 4451 2077 4508 subur-
2097 4445 2493 4505 DPachomius
2519 4447 2637 4502 ait:
2661 4447 2848 4511 Quare
2875 4453 3071 4505 contra
3091 4455 3432 4523 praeceptum
3459 4450 3646 4509 facere
3671 4465 3754 4504 νο-

482 4533 632 4592 bano
657 4535 1182 4604 fuerantinstituta,
1214 4537 1363 4594 idem
1392 4544 1618 4596 sanctus
1648 4539 1726 4596 ibi
1752 4541 1928 4597 voluit
1955 4558 2077 4598 ma-

483 4640 621 4684 nere
681 4625 913 4693 diutius,
975 4627 1344 4698 usquedum
1395 4627 1454 4685 hi
1509 4645 1650 4700 quos
1701 4629 2072 4696 Ordinaverat,

485 4713 698 4773 Christi
724 4731 958 4773 munere
979 4716 1362 4774 ﬁrmarentur.

559 4803 690 4856 CAP.
707 4803 1180 4863 XLIL—Interea
1196 4805 1561 4878 philosophus
1584 4807 1813 4878 quidam
1842 4807 2082 4864 civitatis

485 4889 681 4962 ipsius,
715 4891 910 4948 audita
935 4909 1223 4950 servorum
1255 4894 1356 4953 Dei
1385 4895 1666 4966 opinione,
1681 4897 1836 4952 venit
1860 4897 1933 4952 ad
1961 4913 2076 4963 eos,

485 4977 630 5038 seire
672 4979 864 5038 volens
899 4980 1038 5051 quid
1075 4988 1285 5049 essent,
1334 4984 1537 5054 quidve
1567 4985 1996 5056 proﬁterentur;
2028 4991 2086 5040 et

485 5067 681 5126 videns
703 5068 924 5140 aliquos
943 5086 1011 5128 ex
1026 5071 1336 5139 monachis,
1355 5073 1435 5132 ait
1461 5073 1534 5130 ad
1554 5089 1652 5132 eos
1677 5091 1692 5132 :
1713 5073 1926 5130 Vocate
1947 5073 2084 5132 mihi

483 5156 712 5216 Patrem
742 5163 1016 5227 vestrum,
1041 5161 1176 5232 quia
1199 5161 1270 5217 de
1297 5161 1465 5218 rebus
1491 5161 1824 5220 necessariis
1857 5178 1984 5220 cum
2018 5180 2084 5220 eo

486 5246 875 5318 disputaturus
895 5265 1047 5306 sum.
1086 5250 1228 5308 Cum
1258 5250 1610 5320 cognovisset
1638 5256 1828 5307 autem
1859 5258 2086 5308 sanctus

481 5336 709 5408 virquia
726 5337 1092 5410 philosophus
1121 5346 1288 5405 esset,
1314 5339 1471 5396 misit
1499 5340 1570 5396 ad
1616 5356 1745 5396 eum
1763 5341 2084 5398 Cornelium

485 5431 544 5485 et
569 5426 946 5495 Theodorum,
982 5428 1309 5499 pmcipiens
1337 5427 1419 5483 eis
1437 5433 1503 5484 ut
1529 5428 1601 5484 ad
1634 5445 1704 5484 ea
1729 5446 1856 5500 que
1893 5431 2086 5488 scisci-

484 5516 689 5573 tarerit
715 5517 986 5588 prudenti
1014 5517 1378 5588 responsione
1405 5517 1807 5577 satisfacerent.
1817 5520 2084 5590 Egressus

486 5602 663 5677 igitur
689 5605 763 5665 ad
783 5622 920 5667 eum
943 5605 1312 5678 philosophus
1333 5605 1440 5666 ait:
1465 5607 1678 5668 llultus
1691 5607 1882 5668 adnos
1897 5625 2083 5670 sermo

2159 4535 2332 4602 luisti,
2359 4541 2423 4590 ut
2440 4541 2599 4591 tanta
2613 4535 2853 4592 fratrum
2872 4538 3255 4610 negligeretur
3272 4539 3490 4596 utilitas
3500 4539 3633 4604 ?Qui
3655 4535 3752 4593 sub

2159 4624 2361 4682 humili
2381 4623 2762 4682 satisfactione
2792 4627 3117 4698 respondit:
3139 4627 3476 4699 Optaveram
3506 4628 3746 4701 quidem.

2165 4713 2498 4770 venerabilis
2544 4715 2732 4784 Pater,
2793 4715 3041 4787 quotidie
3093 4715 3330 4788 implere
3382 4717 3752 4774 ministerium

2163 4818 2384 4872 meum;
2406 4803 2508 4858 sed
2531 4803 2665 4876 quia
2693 4803 2966 4878 quidquid
2985 4803 3312 4878 coquebam,
3325 4821 3441 4862 non
3455 4820 3752 4864 consume—

2164 4889 2332 4948 batur
2357 4907 2394 4947 a
2420 4891 2706 4959 lintribus,
2731 4893 2865 4966 quia
2891 4908 3087 4953 omnes
3107 4893 3392 4953 abstinent
3407 4894 3530 4968 (soli
3555 4893 3750 4968 quippe

2165 4981 2325 5054 pueri
2363 4981 2576 5054 aliquid
2610 4987 2851 5040 cocturae
2873 4984 3236 5056 percipiunt),
3267 5001 3342 5043 ne
3369 4989 3530 5042 tanto
3569 4983 3752 5041 labore

2165 5076 2379 5142 parata:
2396 5071 2806 5144 projicerentur
2813 5080 3292 5147 expensm,propt.e
3298 5091 3394 5131 rea
3405 5073 3752 5146 pultnentmn

2167 5176 2281 5216 non
2317 5160 2456 5217 coxi.
2494 5162 2575 5218 At
2597 5178 2671 5218 ne
2699 5162 2914 5220 otiosus
2939 5179 3141 5232 essem,
3196 5163 3452 5236 psiathoe
3481 5160 3590 5234 (40}
3619 5159 3751 5231 elogi

2167 5266 2296 5306 cum
2331 5249 2600 5306 fratribus
2635 5255 2843 5319 texere,
2878 5252 3062 5308 sciens
3082 5268 3261 5309 unum
3283 5253 3354 5310 de
3383 5253 3467 5310 his
3497 5252 3593 5324 qui
3621 5247 3750 5308 mihi

2167 5338 2418 5408 deputati
2450 5345 2584 5396 sunt
2601 5341 2672 5396 ad
2693 5357 2834 5412 opus
2871 5341 3193 5412 hujusmodi
3223 5359 3384 5413 posse
3405 5341 3676 5406 sufficere,
3693 5343 3752 5394 ut

2167 5444 2370 5499 parvas
2396 5445 2572 5496 escas,
2601 5429 2661 5486 id
2689 5437 2795 5500 est,
2825 5431 3000 5488 olivas
3017 5438 3076 5488 et
3111 5429 3378 5488 herbulas
3400 5431 3472 5488 ad
3501 5428 3746 5489 refectio-

2164 5533 2294 5574 nem
2324 5516 2592 5573 fratribus
2619 5526 2863 5592 pararet.
2879 5521 3012 5580 Haec
3031 5521 3267 5579 audiens
3292 5521 3628 5578 Pacbomius
3648 5536 3662 5572 ε
3685 5518 3748 5574 Et

2165 5612 2304 5678 quot
2322 5613 2476 5677 sunt.
2491 5607 2693 5680 inquit,
2709 5609 2940 5682 petatis,
2960 5627 3101 5683 quos
3115 5617 3176 5669 te
3189 5611 3388 5671 fecisse
3405 5610 3594 5669 dixisti
3609 5609 3633 5666 γ
3646 5599 3745 5701 Qui
