3912 6394
173 300 270 362 261

941 306 1111 364 VITA
1149 309 1407 372 SANOTI
1445 310 1802 373 ΡΑΟΗΟΜῙῙ
1838 315 2145 377 ABBATIS
2179 317 2698 379 TABENNENSIS.

3350 320 3455 383 262

170 430 493 502 respondit:
518 431 844 504 Quingenti.
861 432 932 488 Et
946 433 1040 488 ille
1063 451 1074 485 :
1099 433 1283 501 Defer,
1308 435 1511 511 inquit,
1526 438 1635 495 huc
1651 456 1767 497 om—
1784 445 1831 501 Α
1853 440 1932 496 Ex
1977 442 2084 498 hoc
2132 443 2400 501 innocens
2442 462 2539 502 ero
2560 463 2574 511 ;
2598 462 2694 501 vos
2716 445 2989 513 videritis,
3016 444 3065 499 si
3093 462 3161 500 ea
3177 462 3300 519 quae
3320 453 3453 502 sunt

170 537 290 587 nes,
324 525 391 574 ut
415 520 656 576 videam.
683 521 933 586 Quicum
960 522 1382 585 fuissentallati,
1407 527 1664 598 protinus
1680 546 1776 584 eos
1857 537 2012 587 recta
2042 533 2387 603 respueritis.
2423 534 2583 599 Quod
2626 534 2673 590 si
2708 533 2846 590 mihi
2875 534 3044 591 vultis
3076 535 3451 607 acquiescere,

168 609 299 680 igne
326 611 622 682 supposito
646 611 820 681 jussit
837 611 1012 666 exuri.
1042 613 1198 667 Tunc
1227 613 1307 668 ait
1329 614 1437 668 illis
1463 634 1475 668 :
1501 616 1657 674 Sicut
1680 636 1774 673 vos

168 698 436 754 traditam
462 718 479 751 ι
492 699 614 754 obis
632 717 765 770 erga
777 701 1251 771 dispensationem
1267 702 1504 758 fratrum
1518 707 1771 776 regulam

168 788 521 860 despexistis,
556 788 635 843 sic
656 806 757 860 ego
785 790 994 860 passim
1020 790 1237 845 labores
1261 799 1475 846 vestros
1511 794 1772 850 incendio

169 877 827 948 concremavi,quatenus
844 880 1191 949 cognoscatis
1210 898 1377 951 quam
1393 883 1767 954 perniciosum

168 967 241 1022 sit
269 967 504 1023 Patrum
528 967 788 1022 instituta
814 969 1142 1034 convellere,
1174 986 1297 1041 quae
1320 987 1419 1041 pro
1449 972 1768 1029 animarum

166 1056 350 1111 salute
378 1056 605 1128 provisa
623 1064 773 1112 sunt.
799 1059 886 1111 An
916 1057 1190 1128 ignoratis
1207 1060 1352 1130 quod
1367 1060 1676 1130 gloriosum
1696 1062 1771 1118 sit

166 1162 390 1218 semper
417 1146 702 1203 abstinere
732 1148 1136 1220 praesentibus?
1162 1151 1304 1205 Nam
1329 1151 1374 1205 si
1392 1151 1517 1222 quis
1537 1152 1606 1208 ab
1620 1170 1687 1207 ea
1706 1170 1768 1209 re

166 1252 291 1306 qua:
328 1236 389 1291 in
423 1237 547 1307 ejus
579 1242 665 1291 est
689 1243 965 1309 potestate
993 1238 1182 1295 divina
1228 1240 1676 1296 consideratione
1706 1260 1767 1296 se

163 1324 435 1393 continet,
468 1342 735 1397 magnum
754 1327 1115 1399 consequitur
1135 1345 1169 1383 a
1185 1328 1423 1385 Domino
1448 1331 1763 1401 praemium.

161 1413 250 1470 Ab
287 1431 357 1469 ea
383 1431 514 1470 vero
544 1432 622 1479 re,
654 1417 814 1487 cujus
856 1416 1047 1471 utendi
1086 1417 1371 1472 licentiam
1423 1436 1536 1474 non
1574 1420 1762 1487 habet,

164 1504 413 1574 quadam
428 1504 678 1560 noscitur
686 1506 1020 1559 necessitate
1032 1506 1298 1574 cohiberi;
1323 1512 1379 1561 et
1400 1508 1525 1562 ideo
1538 1516 1767 1582 propter

160 1591 562 1648 abstinentiam
576 1599 825 1649 coactam
849 1600 1017 1666 atque
1040 1595 1297 1650 inutilem
1317 1596 1528 1652 frustra
1546 1598 1767 1654 videtur

158 1688 485 1753 exspectem
514 1684 850 1739 mercedem.
866 1684 1118 1756 Denique
1148 1702 1275 1739 cum
1299 1687 1491 1757 plures
1511 1704 1647 1742 escae
1670 1705 1766 1759 ap-

1855 619 2085 693 Deoque
2114 622 2333 694 placere
2362 639 2462 695 per
2486 622 2694 688 omnia,
2726 628 2954 678 cunctos
2983 622 3248 695 Origenis
3279 625 3454 680 libros

1854 707 1912 763 in
1943 710 2154 765 flumen
2184 710 2441 781 mergite,
2480 727 2549 765 ne
2587 710 2658 766 ab
2688 710 2798 764 illis
2828 729 2921 765 vos
2956 711 3061 783 ipsi
3093 713 3450 784 mergamini.

1853 798 1987 853 Haec
2015 797 2225 867 dicens,
2266 799 2525 856 discessit
2553 799 2622 855 ab
2653 800 2753 853 eis.
2799 800 2867 853 Et.
2894 799 3118 855 rediens
3146 803 3215 857 ad
3248 803 3456 858 exerci-

1852 885 1993 941 tium
2027 887 2204 942 solitae
2233 887 2476 955 virtutis,
2512 889 2725 960 reperit
2751 888 2954 943 fratres
2974 888 3031 943 in
3052 891 3307 945 oratione
3328 909 3455 947 con-

1850 974 2064 1039 sistere,
2099 993 2226 1032 cum
2245 976 2447 1049 quibus
2474 977 2735 1034 alacriter
2758 978 2998 1051 hymnos
3024 980 3315 1036 cantilenae
3335 980 3454 1055 spi-

1851 1064 2032 1121 ritalis
2059 1065 2339 1140 explicuit.

1921 1154 2055 1209 Cxp.
2086 1155 2249 1209 XLV.
2285 1184 2357 1197 —
2375 1153 2666 1213 Monachis
2687 1155 2862 1227 igitur
2882 1158 2952 1212 ad
2970 1158 3305 1215 vescendum
3327 1177 3455 1214 con-

1850 1242 2221 1309 venientibus,
2249 1243 2581 1301 venerabilis
2609 1261 2778 1300 senex
2798 1246 2856 1302 in
2886 1246 3167 1314 cellulam,
3201 1247 3296 1302 ubi
3316 1266 3450 1305 con-

1849 1337 2109 1387 sueverat
2132 1331 2450 1406 supplicare
2479 1332 2739 1398 Domino,
2765 1350 2825 1388 se
2844 1335 3073 1408 recepit.
3098 1336 3165 1389 Et
3186 1334 3452 1394 obserans

1848 1419 2055 1475 ostium
2083 1420 2281 1477 orabat
2296 1420 2758 1488 intente,memor
2772 1423 3000 1480 visionis
3020 1442 3187 1498 quam
3204 1425 3455 1498 aliquan-

1847 1506 1918 1561 do
1948 1515 2351 1579 conspexerat;
2384 1516 2441 1564 et
2470 1509 2799 1567 obsecrabat
2820 1513 3144 1581 Dominum,
3175 1522 3453 1587 quatenus

1849 1596 1901 1651 ei
1930 1596 2247 1652 declararet
2259 1604 2468 1655 statum
2492 1601 2897 1657 monachorum
2924 1602 3021 1674 qui
3038 1602 3262 1660 futurus
3283 1610 3449 1672 esset,

1846 1686 1933 1739 vel
1959 1687 2091 1759 quid
2121 1693 2249 1758 post
2292 1689 2415 1759 ejus
2454 1687 2671 1745 obitum
2720 1690 2779 1746 in
2805 1696 2966 1749 tanta
3019 1693 3453 1764 congregatione

161 1771 361 1844 positae
388 1772 618 1835 fuerint,
641 1773 689 1827 si
709 1773 910 1828 fratres
931 1774 1154 1844 parcius
1170 1774 1256 1828 his
1280 1781 1518 1830 utuntur
1533 1784 1763 1849 propter
1782 1795 1828 1856 Β
1846 1775 2233 1846 contingeret;
2266 1783 2324 1832 et
2351 1777 2420 1831 ab
2447 1779 2588 1833 hora
2607 1796 2757 1835 nona
2785 1797 2961 1853 usque
2976 1781 3198 1836 adillud
3226 1788 3453 1855 tempus

159 1860 366 1929 Deum,
399 1867 534 1916 tunc
563 1861 712 1932 apud
734 1862 914 1917 Deum
944 1862 1050 1918 Sibi
1079 1863 1382 1919 maximam
1411 1882 1568 1937 spem
1598 1883 1761 1938 repo-

164 1956 332 2007 nunt.
365 1951 448 2006 De
478 1950 615 2005 cibis
639 1958 829 2007 autem
860 1969 998 2024 quos
1025 1969 1140 2008 non
1168 1953 1374 2020 vident,
1428 1972 1531 2010 nec
1570 1956 1651 2011 eis
1695 1957 1765 2012 ad

157 2038 586 2112 percipiendum
621 2040 859 2096 facultas
891 2042 1003 2095 ulla
1031 2041 1319 2109 tribuitur,
1355 2045 1634 2114 quomodo
1664 2062 1765 2117 pro

155 2129 509 2201 parcimonia
533 2130 826 2201 praemium
855 2131 1214 2187 conceditur?
1253 2132 1499 2205 Ideoque
1535 2139 1766 2207 propter

156 2219 392 2290 exiguos
416 2225 680 2291 sumptus
693 2225 853 2274 tanta
862 2219 1100 2275 fratrum
1118 2237 1230 2277 non
1249 2219 1445 2277 debuit
1464 2221 1763 2280 intermitti

156 2308 549 2367 commoditas.

233 2396 368 2453 CAP.
401 2398 591 2453 XLIV.
617 2427 681 2441 -
702 2399 830 2453 Haec
855 2415 981 2453 cum
1004 2399 1329 2469 loqueretur
1344 2400 1415 2453 ad
1445 2417 1561 2466 eos,
1583 2406 1639 2455 et
1654 2400 1764 2456 suf-

157 2485 419 2541 ﬁcienter
446 2504 641 2543 eorum
672 2488 877 2543 delicta
901 2488 1225 2560 corriperet,
1251 2489 1515 2545 ostiarius
1534 2490 1605 2544 ad
1637 2507 1765 2546 eum

155 2575 400 2630 festinus
421 2576 708 2647 ingressus
740 2584 840 2638 est,
880 2594 1115 2649 magnos
1145 2579 1292 2633 viros
1321 2585 1379 2634 et
1397 2580 1765 2635 anachoretas

156 2665 419 2736 egregios
451 2664 707 2721 indicans
736 2666 1045 2731 advenisse,
1070 2667 1165 2737 qui
1191 2684 1321 2723 eum
1339 2668 1523 2723 videre
1553 2668 1766 2725 deside—

159 2761 379 2811 rarent.
395 2755 547 2818 Quos
560 2755 708 2810 illico
731 2756 905 2825 jussit
931 2757 1162 2822 intrare,
1180 2756 1480 2829 debitaque
1510 2775 1767 2813 revereno

156 2844 239 2899 tia
261 2845 519 2901 salutans
539 2861 654 2912 eos,
672 2850 797 2915 post
816 2845 1128 2900 orationem
1147 2863 1248 2917 per
1270 2845 1507 2900 fratrum
1530 2847 1769 2903 ducebat

151 2934 410 3001 cellulas,
444 2939 501 2987 et
528 2934 720 2989 omnia
752 2934 833 2988 eis
862 2934 1188 2990 monasterii
1227 2936 1350 2990 loca
1397 2936 1765 2992 monstrabat.

156 3022 271 3089 Qui
304 3031 644 3093 rogaverunt
664 3040 857 3078 senem
879 3028 943 3078 ut
961 3040 1086 3078 cum
1109 3041 1173 3079 eo
1191 3024 1259 3078 de
1281 3023 1482 3095 quibus
1500 3031 1769 3096 cuperent

1851 1880 1960 1935 quo
1987 1864 2160 1920 frater
2187 1866 2282 1937 qui
2310 1867 2603 1923 nocturnis
2623 1867 2971 1925 orationibus
2996 1877 3235 1940 praeerat
3256 1888 3447 1927 vocem

1848 1953 2119 2019 mitteret,
2153 1961 2212 2008 et
2237 1956 2306 2009 ad
2339 1972 2531 2029 preces
2573 1956 2770 2013 solitas
2799 1957 3084 2023 excitaret,
3116 1958 3448 2015 instantiam

1848 2058 1963 2096 suae
1993 2043 2416 2116 supplicationis
2447 2045 2714 2101 extendit.
2740 2048 2995 2119 Cumque
3014 2054 3341 2120 precaretur
3367 2055 3450 2105 at-

1846 2130 2078 2197 tentius,
2103 2130 2289 2187 subito
2299 2132 2445 2189 circa
2457 2133 2702 2189 mediam
2717 2140 2939 2191 noctem
2955 2135 3227 2190 visionem
3245 2137 3449 2208 cernit,

1847 2236 1970 2292 quae
2001 2236 2132 2276 eum
2155 2221 2320 2293 juxta
2338 2222 2667 2295 petitionem
2686 2223 2972 2295 propriam
2995 2224 3063 2281 de
3086 2229 3236 2280 statu
3267 2232 3452 2297 poste-

1846 2324 2039 2363 rorum
2052 2326 2283 2367 suorum
2296 2310 2516 2383 plenius
2533 2312 2810 2367 edoceret.
2830 2313 2975 2370 Nam
2989 2315 3331 2369 monasteria
3348 2331 3451 2369 sua

1845 2398 2232 2455 vehementius
2256 2399 2563 2468 dilatando,
2587 2401 2999 2473 nonnullosque
3019 2401 3108 2473 pie
3128 2402 3371 2457 victuros
3394 2409 3452 2458 et

1849 2487 2206 2542 continenter
2238 2490 2484 2559 agnovit,
2508 2490 2860 2561 neglecturos
2879 2491 3048 2545 etiam
3070 2491 3342 2563 plurimos
3370 2491 3451 2546 di-
3476 2527 3483 2533 ο

1849 2576 2003 2642 dicit,
2018 2593 2291 2649 suamque
2306 2578 2547 2633 salutem
2566 2579 2789 2650 penitus
2806 2596 2926 2634 esse
2949 2579 3451 2651 perdituros.Vidit

1849 2682 2002 2735 ergo,
2020 2665 2164 2720 sicut
2182 2666 2305 2738 ipse
2318 2667 2586 2734 narravit,
2609 2668 3031 2725 multitudinem
3042 2670 3447 2726 monachorum

1849 2754 1907 2808 in
1929 2754 2069 2808 valle
2090 2755 2336 2825 quadam
2365 2756 2641 2829 profunda
2652 2758 2790 2812 satis
2813 2763 2981 2830 atque
2998 2757 3304 2829 caliginosa
3324 2776 3452 2815 con-

1851 2843 2068 2911 sistere,
2088 2850 2147 2899 et
2159 2844 2299 2899 alios
2325 2845 2524 2900 exinde
2544 2846 2681 2900 velle
2699 2847 3090 2909 conscendere,
3115 2864 3219 2901 nec
3239 2848 3444 2915 valere,

1854 2931 1987 3003 quia
2015 2933 2384 2992 occurrebant
2411 2951 2477 2989 ex
2510 2935 2744 2991 adverso
2782 2935 2910 3003 sibi,
2941 2952 3044 2991 nec
3088 2935 3322 2990 invicem
3361 2936 3450 2989 di-

1848 3038 2121 3091 gnoscere
2139 3028 2421 3096 poterant,
2446 3041 2548 3080 nec
2576 3024 2645 3080 de
2666 3024 2945 3097 profundo
2968 3024 3064 3081 illo
3082 3029 3139 3079 et
3151 3025 3448 3080 tenebroso

152 3112 330 3168 rebus
347 3118 563 3168 secreto
587 3113 972 3183 loquerentur.
1004 3114 1161 3169 Tunc
1176 3130 1306 3168 vero
1327 3114 1486 3169 duxit
1508 3131 1602 3169 eos
1623 3132 1773 3170 seor-
1788 3117 1832 3180 C
1854 3110 1975 3165 loco
2004 3128 2234 3183 prorsus
2263 3129 2551 3183 emergere
2573 3131 2585 3166 :
2607 3113 2746 3169 alios
2778 3118 2967 3168 autem
2983 3113 3194 3168 frustra
3221 3118 3451 3168 conatos

156 3219 310 3268 sum,
338 3202 597 3272 seditque
621 3219 749 3256 cum
779 3201 859 3257 eis
912 3202 1029 3258 Illis
1045 3208 1235 3258 autem
1266 3203 1335 3257 de
1364 3202 1534 3258 rebus
1558 3203 1767 3260 abditis

155 3297 336 3362 atque
357 3291 580 3347 arcanis
591 3290 758 3346 altius
777 3290 1214 3361 disputantibus,
1239 3292 1408 3363 coepit
1423 3298 1651 3348 sanctus
1666 3293 1767 3347 Pa-

154 3380 420 3435 chomius
440 3380 665 3434 odorem
707 3380 917 3434 sentire
940 3380 1315 3435 teterrimam.
1344 3380 1586 3436 Videbat
1612 3382 1765 3455 enim

156 3486 256 3524 eos
278 3470 498 3524 exculto
518 3469 655 3524 satis
674 3470 758 3525 uti
771 3486 1049 3535 sermone,
1082 3469 1211 3524 etin
1234 3470 1537 3541 Scripturis
1558 3471 1765 3526 sanctis

156 3565 393 3629 paratos
414 3558 669 3625 existere,
702 3575 805 3613 nec
833 3564 1056 3630 poterat
1084 3558 1154 3612 de
1182 3558 1542 3614 intolerantia
1572 3560 1765 3616 fetoris

157 3647 379 3719 aliquid
410 3648 497 3702 vel
525 3648 788 3719 cogitare,
823 3648 908 3703 vel
928 3648 1133 3702 dicere.
1166 3647 1271 3702 Ubi
1300 3665 1433 3719 ergo
1465 3649 1535 3703 de
1564 3648 1765 3705 divinis

157 3736 405 3808 eloquiis
423 3737 634 3792 diutius
654 3738 1027 3808 disputarem,
1064 3743 1122 3791 et
1149 3737 1288 3792 hora
1317 3754 1468 3792 nona
1486 3739 1607 3808 jam
1628 3740 1766 3792 refe-

157 3825 364 3882 ctionis
384 3832 606 3897 tempus
640 3826 931 3892 indiceret,
959 3832 1256 3897 surgentes
1285 3826 1412 3897 ipsi,
1445 3844 1572 3881 mox
1610 3827 1764 3882 abire

157 3916 480 3972 voluerunt.
511 3916 661 3980 Quos
681 3922 908 3970 sanctus
938 3914 1020 3968 vir
1043 3915 1258 3970 enixius
1280 3915 1480 3970 orabat
1498 3922 1562 3970 ut
1579 3916 1762 3972 cibum

157 4005 377 4076 pariter
388 4011 689 4061 sumerent.
707 4004 813 4070 Qui
826 4004 1131 4060 noluerunt
1150 4004 1374 4074 penitus
1387 4004 1759 4075 acquiescere,

156 4094 413 4149 dicentes
459 4094 725 4151 testinare
755 4111 815 4149 se
843 4098 976 4149 ante
1007 4110 1266 4149 occasum
1304 4094 1438 4148 solis
1481 4100 1661 4162 ηδτ
1690 4094 1762 4151 ad

156 4183 390 4255 propria
443 4200 713 4239 remeare.
761 4184 832 4238 Et
882 4183 1003 4238 vale
1051 4183 1302 4238 dicentes
1329 4183 1401 4250 ei,
1434 4182 1556 4238 sine
1601 4200 1760 4238 mora

153 4273 392 4344 profecti
409 4278 558 4329 sunt.
574 4274 730 4329 Tunc
743 4278 971 4329 sanctus
992 4270 1328 4327 Pachomius
1348 4272 1537 4326 volens
1553 4273 1761 4329 certius

1846 3216 1962 3273 pra:
1990 3200 2323 3256 lassitudine
2349 3218 2534 3268 ruere,
2575 3207 2744 3273 atque
2773 3201 2845 3259 ad
2874 3200 3087 3257 inferos
3117 3201 3441 3274 pervenire;

1848 3289 2005 3351 alios,
2019 3289 2292 3360 jacentes,
2319 3288 2626 3344 miserabili
2637 3306 2701 3344 ac
2731 3290 3047 3362 lacrymosa
3063 3308 3192 3344 voce
3215 3290 3443 3357 deflere;

1847 3378 2148 3433 nonnullos
2194 3395 2324 3433 vero
2373 3395 2502 3434 cum
2538 3379 2782 3434 maximo
2821 3378 3011 3435 labore
3044 3378 3437 3443 conscendere,

1846 3468 2048 3539 quibus
2078 3468 2136 3525 in
2168 3486 2405 3524 ascensu
2441 3470 2560 3543 ipse
2588 3470 2683 3526 lux
2718 3470 2973 3542 protinus
3000 3470 3347 3535 occurrebat,
3381 3470 3441 3526 in

1847 3576 1959 3629 qua
1984 3559 2279 3615 constituti
2305 3559 2625 3615 referebant
2651 3559 2767 3617 Deo
2796 3560 3007 3632 gratias
3030 3560 3179 3632 quod
3210 3561 3446 3618 evadere

1847 3642 2185 3715 potuissent.
2221 3644 2307 3700 Ita
2332 3643 2666 3700 Pachomius
2692 3644 2967 3700 intellexit
2979 3661 3100 3716 quae
3128 3644 3444 3701 novissimis

1847 3738 2036 3787 essent
2073 3738 2343 3788 eventura
2370 3732 2717 3804 temporibus
2742 3752 2754 3801 ;
2787 3732 3207 3805 caecitatemque
3237 3734 3443 3789 mentis

1846 3838 2042 3877 eorum
2072 3821 2168 3892 qui
2188 3827 2316 3892 post
2326 3821 2501 3876 futuri
2526 3826 2677 3885 sunt,
2699 3827 2757 3875 et
2774 3839 3026 3877 errorem
3057 3821 3255 3888 cordis,
3279 3822 3448 3879 bono-

1847 3927 2088 3981 rumque
2106 3911 2387 3967 defectum
2409 3910 2569 3966 valde
2596 3910 2796 3979 doluit;
2831 3911 3073 3967 maxime
3111 3928 3261 3978 vero,
3294 3913 3444 3985 quod

1846 3999 2129 4073 praepositi
2157 4005 2289 4054 tunc
2317 4000 2666 4070 negligentes
2691 4017 2755 4055 ac
2781 3999 3003 4055 desides
3029 3999 3230 4068 forent,
3256 4018 3357 4056 nec
3388 4001 3447 4057 in

1845 4088 1960 4145 Deo
1971 4088 2335 4155 conﬁderent,
2354 4089 2453 4143 sed
2463 4088 2761 4145 concordia
2771 4089 3113 4144 discordiose
3127 4096 3446 4158 uterentur,

1844 4178 2129 4252 placentes
2158 4178 2342 4236 stulta:
2357 4176 2728 4247 multitudini,
2743 4183 2800 4233 et
2820 4184 3168 4234 ostentantes
3186 4178 3443 4235 habitum

1842 4268 2267 4330 monachorum,
2302 4268 2567 4342 nullaque
2590 4267 2731 4323 bona
2753 4284 2923 4340 opera
2952 4268 3330 4342 praeferentes.
3351 4269 3447 4324 Se-

156 4379 390 4419 causam
406 4362 600 4417 fetoris
615 4362 1005 4433 agnoscere,in
1024 4361 1339 4417 orationem
1360 4362 1756 4432 prosternitur,
1843 4357 1957 4413 mel
1980 4363 2169 4413 autem
2191 4357 2447 4433 pessimis
2460 4357 2768 4430 primatum
2786 4357 3128 4427 tenentibus,
3145 4357 3446 4433 ipsumque

157 4450 399 4508 exorans
427 4452 729 4508 Dominum
751 4457 1033 4523 quatenus
1052 4450 1157 4505 sibi
1179 4450 1373 4521 quales
1405 4456 1594 4505 essent
1621 4468 1761 4522 pan-
1778 4474 1826 4535 ο
1844 4462 2051 4502 nomen
2070 4454 2275 4503 sanctae
2294 4446 2732 4503 conversationis
2764 4445 3173 4518 ignorantibus,
3213 4464 3438 4505 necesse

159 4541 295 4597 dere
323 4542 673 4612 dignaretur.
722 4542 962 4612 Moxque
991 4539 1255 4610 cognovit
1281 4540 1431 4611 quod
1457 4539 1764 4611 impietatis
1784 4534 1807 4535 ί
1847 4542 1934 4592 est
1960 4536 2348 4593 aemulationes
2369 4552 2433 4590 ac
2446 4535 2640 4607 jurgia
2657 4534 2938 4606 generari,
2960 4540 3017 4590 et
3031 4534 3155 4606 quis
3180 4534 3448 4607 praesitac

159 4646 362 4685 eorum
381 4630 664 4701 dogmata,
688 4629 891 4701 quibus
911 4626 1295 4699 probabantur
1315 4625 1763 4694 imbuti,tantam
1845 4625 2029 4696 major
2057 4624 2150 4691 sit,
2185 4623 2487 4681 ambitiosa
2512 4623 2613 4679 lite
2637 4622 2977 4679 contendere
3006 4641 3024 4688 ;
3067 4628 3124 4675 et
3152 4620 3444 4695 reprobari

160 4719 471 4789 perniciem
498 4719 567 4774 de
594 4734 789 4773 eorum
810 4716 1071 4773 cordibus
1087 4716 1432 4773 exhalarent.
1457 4717 1572 4771 Nec
1584 4734 1762 4784 mora,

160 4809 311 4864 viros
325 4808 478 4880 ipsos
498 4808 833 4879 insequitur,
846 4813 904 4861 et
920 4805 1284 4879 apprehensis
1304 4805 1410 4860 ait:
1434 4806 1621 4862 Unum
1640 4808 1763 4862 volo

160 4915 255 4954 vos
281 4898 633 4969 interrogare
646 4913 981 4953 sermonem.
1004 4896 1111 4961 Qui
1129 4895 1392 4953 dixerunt
1410 4913 1423 4953 :
1449 4895 1759 4967 Interroga.

159 4987 473 5059 Numquid,
502 4988 602 5051 ait,
632 4985 893 5057 Origenis
916 4990 1236 5041 commenta
1252 4984 1506 5055 legistis?
1532 4984 1641 5048 Qui
1669 5001 1764 5040 ne-

157 5084 382 5149 gantes,
424 5078 733 5132 dixerunt:
774 5077 1163 5147 Nequaquam.
1212 5074 1427 5140 Quibus
1473 5072 1592 5129 ait:
1625 5074 1762 5129 Ecce

160 5173 447 5223 contestor
465 5184 562 5221 vos
587 5182 776 5221 coram
804 5166 1063 5232 Domino,
1096 5164 1245 5236 quod
1274 5164 1458 5219 omnis
1474 5163 1643 5218 homo
1665 5163 1761 5236 qui

160 5256 298 5328 legit
317 5255 641 5327 Origenem,
665 5261 723 5309 et
741 5254 1022 5309 consentit
1040 5252 1126 5307 his
1144 5268 1266 5323 quae
1287 5268 1455 5324 prave
1474 5251 1757 5316 disseruit,

161 5346 216 5401 in
252 5345 532 5417 profunda
558 5342 1183 5416 pervenietinterorum,
1211 5340 1621 5413 haereditasque
1642 5341 1761 5412 ejus

163 5441 332 5492 erunt
361 5451 576 5490 vermes
607 5440 666 5490 et
690 5432 991 5488 exteriores
1021 5431 1288 5497 tenebrae,
1321 5429 1522 5503 quibus
1542 5429 1765 5501 iniquo-

1847 4712 2074 4784 quidem
2095 4711 2288 4779 bonos,
2315 4728 2381 4767 ac
2401 4711 2580 4767 malos
2592 4710 2746 4783 eligi;
2771 4728 2874 4767 nec
2902 4709 3179 4785 probitate
3198 4727 3440 4778 morum,

1845 4801 1944 4857 sed
1970 4799 2309 4873 antiquitate
2329 4799 2415 4855 vel
2429 4799 2625 4856 ordine
2647 4794 3108 4875 unumquemque
3124 4798 3263 4855 velle
3286 4805 3447 4856 caete-

1846 4889 2223 4947 risanteterri.
2255 4888 2415 4947 Unde
2435 4905 2621 4964 neque
2639 4888 2831 4960 aliqua
2848 4887 3013 4944 bonis
3031 4887 3163 4944 viris
3180 4888 3446 4962 loquendi

1844 4978 2052 5037 ﬁducia
2076 4976 2295 5037 suberit
2313 4994 2414 5049 pro
2445 4976 2691 5035 utilitate
2720 4976 3027 5045 communi,
3061 4977 3159 5033 sed
3192 4983 3359 5033 erunt
3388 4977 3448 5032 in

1843 5069 2067 5125 silentio
2112 5074 2172 5124 et
2204 5066 2409 5141 quiete,
2460 5071 2562 5123 aut
2596 5071 2748 5122 certe
2781 5065 2884 5123 sub
2927 5067 3110 5123 colore
3136 5065 3447 5122 honestatis

1845 5157 2064 5229 magnis
2079 5154 2565 5231 persecutionibus
2585 5155 2930 5228 afﬂigentur.
2954 5156 3023 5211 Et
3041 5155 3175 5228 quid
3200 5160 3286 5209 est
3306 5172 3448 5228 opus

1845 5248 2070 5318 singula
2097 5262 2407 5311 recensere,
2439 5261 2566 5299 cum
2587 5244 2777 5299 omnia
2794 5261 2935 5315 pene
2948 5261 3070 5316 quae
3090 5249 3223 5298 sunt
3238 5243 3447 5317 regulis

1844 5336 2081 5411 subnixa
2096 5335 2317 5402 divinis,
2339 5334 2603 5390 humanis
2624 5332 3122 5389 commutabuntur
3141 5330 3446 5387 illecebris?

1845 5428 2002 5483 Tunc
2031 5423 2367 5481 Pachomius
2396 5423 2726 5479 exclamavit
2754 5423 2825 5478 ad
2856 5419 3178 5489 Dominum,
3213 5438 3339 5476 cum
3360 5422 3445 5477 la-

170 5540 295 5581 rum
325 5525 528 5581 animae
557 5524 679 5579 sine
710 5524 821 5578 line
840 5522 1165 5594 punientur.
1188 5521 1269 5575 En
1299 5536 1424 5589 ego,
1449 5519 1599 5591 quod
1631 5518 1769 5577 mihi
1851 5514 2059 5588 crymis
2085 5515 2293 5571 dicens:
2310 5512 2679 5586 Omnipotens
2708 5512 2877 5578 Deus,
2900 5509 3044 5565 sisic
3072 5510 3198 5579 erit,
3232 5516 3296 5565 ut
3311 5511 3446 5587 quid

170 5614 597 5673 manifestatum
617 5618 753 5670 esta
772 5612 1033 5680 Domino,
1053 5609 1208 5666 vobis
1229 5609 1466 5666 sollicite
1495 5607 1765 5665 nuntiavi.

1852 5603 2160 5679 permisisti
2178 5601 2434 5663 cenabis
2457 5601 2567 5660 ista
2589 5597 2881 5659 constitui?
2894 5598 2952 5655 Si
2972 5599 3124 5655 enim
3146 5597 3207 5659 in
3233 5604 3449 5677 tempo-
