3912 6386
494 337 598 395 ‘263
641 335 647 342 ’

1503 321 1604 381 DE
1639 321 1829 380 VITIS
1867 320 2163 378 PATRUM
2198 323 2413 380 LIBER
2448 324 2736 380 PRIMUS.

3647 326 3740 388 264

493 480 555 517 re
581 462 902 526 novissimo,
929 458 1243 530 quicunque
1263 451 1529 508 fratribus
1543 447 2083 522 prmeruntperversi
2101 448 2153 509 Α
2173 450 2434 503 monachi
2456 451 2619 521 juxta
2645 452 3107 506 consuetudinem
3152 468 3344 508 coram
3381 469 3512 508 sene
3561 454 3628 510 ad
3654 470 3736 509 au-

493 551 668 606 futuri
697 555 845 614 sunt,
871 548 1064 620 quales
1081 548 1244 599 erunt
1258 543 1338 597 illi
1354 541 1450 614 qui
1471 539 1574 594 sub
1595 555 1789 594 eorum
1811 536 2083 607 regimine

493 638 890 694 versabuntur?
920 637 1110 690 Caecus
1141 632 1292 688 enim
1315 631 1361 685 si
1391 647 1534 684 caaco
1554 629 1820 682 ducatum
1849 625 2079 696 praebet,

492 735 728 798 uterque
756 727 811 780 in
835 726 1046 780 foveam
1077 722 1227 776 cadit
1261 720 1474 788 (Matth.
1507 719 1618 786 xv).
1653 717 1775 770 Heu
1806 715 1926 768 me!
1951 713 2084 784 quia

488 817 696 870 frustra
725 821 781 869 et
809 829 1150 886 supervacue
1179 808 1445 864 laboravi.
1475 807 1776 870 Memento,
1820 803 2078 869 Domine,

489 905 804 960 studiorum
827 919 1099 963 meorum,
1117 916 1239 971 quae
1253 904 1350 952 tuo
1390 912 1622 950 munere
1639 892 1940 965 perfecisti;
1969 907 2084 945 me-

489 998 678 1046 mento
708 991 1047 1045 famulorum
1072 994 1316 1050 tuorum,
1335 984 1430 1054 qui
1451 983 1554 1037 tibi
1567 988 1687 1035 tota
1699 986 1886 1034 mente
1901 980 2086 1034 deser-

489 1081 677 1147 viunt;
713 1083 994 1133 memento
1009 1074 1334 1131 testamenti
1362 1073 1466 1138 tui,
1489 1071 1638 1142 quod
1667 1085 1845 1140 usque
1865 1068 1936 1122 ad
1950 1085 2084 1123 con-

487 1167 924 1223 summationem
937 1162 1290 1219 szeculiatuis
1306 1159 1611 1233 promisisti
1626 1157 1896 1212 custodiri
1910 1156 2086 1210 culto-

489 1256 664 1310 ribus.
693 1256 778 1309 Tu
815 1253 983 1318 nosti,
1020 1251 1276 1311 Domine,
1298 1248 1430 1320 quia
1458 1265 1524 1302 ex
1543 1263 1654 1318 quo
1682 1245 1900 1316 suscepi
1934 1245 2084 1298 hunc

490 1345 742 1399 habitum
759 1338 1210 1405 monachi,nimis
1224 1337 1552 1392 humiliatus
1565 1351 1689 1389 sum
1709 1335 1767 1388 in
1785 1337 2081 1405 conspectu

491 1439 610 1496 tuo,
633 1447 921 1502 nunquam
952 1428 1187 1483 satiatus
1213 1443 1337 1480 sum
1354 1429 1590 1496 pane,et
1608 1439 1772 1494 aqua,
1799 1423 1880 1476 vel
1902 1421 2083 1492 quali-

494 1521 586 1576 bet
609 1525 868 1574 creatura
898 1517 1009 1571 alia
1039 1532 1204 1588 quam
1237 1513 1434 1568 fecisti.

566 1611 696 1665 Haec
725 1626 790 1662 eo
819 1608 1059 1671 dicente,
1093 1621 1194 1658 vox
1222 1605 1290 1657 ad
1319 1619 1445 1656 eum
1469 1601 1613 1655 facta
1640 1605 1742 1665 est,
1767 1600 1973 1654 dicens:
1998 1599 2084 1652 Ne

491 1698 770 1770 glorieris,
798 1693 1080 1759 Pachomi,
1113 1709 1240 1746 cum
1261 1691 1337 1745 sis
1351 1692 1534 1755 homo;
1567 1697 1629 1743 et
1645 1688 1898 1758 indigeas
1916 1687 2085 1741 mise-

495 1785 756 1845 ricordia,
779 1784 910 1854 quia
937 1788 1139 1836 cuncta
1161 1797 1282 1850 quae
1303 1778 1546 1844 condidi,
1579 1793 1706 1830 mea
1724 1776 2085 1830 miseratione

495 1873 824 1929 subsistunt.
842 1871 948 1934 Qui
964 1868 1254 1924 confestim
1277 1871 1594 1938 prostratus
1614 1864 1671 1918 in
1685 1863 2086 1930 terra,miseri-

493 1963 735 2018 cordiam
784 1959 1008 2015 Domini
1049 1955 1388 2029 postulabat,
1436 1954 1672 2008 dicens:
1715 1952 2084 2022 Omnipotens

492 2053 642 2107 Deus
674 2091 687 2116 ,
721 2049 950 2103 veniant
994 2046 1134 2100 mihi
1181 2043 1572 2098 miserationes
1600 2048 1712 2096 tum
1744 2081 1758 2108 ,
1809 2046 1865 2094 et
1901 2041 2081 2094 vivam

485 2143 662 2213 (Psal.
693 2145 906 2205 cxvm);
930 2142 988 2190 et
1003 2152 1075 2189 ne
1093 2133 1316 2189 auferas
1338 2131 1749 2186 misericordias
1768 2136 1896 2184 tuas
1915 2146 1949 2184 a
1967 2146 2076 2195 me,

489 2229 622 2301 quia
649 2225 1032 2282 misericordia
1053 2229 1110 2277 et
1136 2223 1340 2276 veritas
1360 2227 1457 2275 tua
1473 2235 1696 2290 semper
1717 2223 2083 2289 susceperunt

494 2335 584 2372 me
607 2320 772 2386 (Psal.
803 2315 996 2380 xxxn).
1021 2313 1145 2368 Scio
1159 2311 1308 2366 enim
1322 2327 1446 2380 ego,
1461 2309 1715 2373 Domine,
1733 2307 1860 2378 quia
1903 2313 1939 2372 ι
1958 2311 2082 2372 33

498 2412 704 2461 nutant
723 2411 782 2459 et
808 2403 1126 2458 claudicant
1153 2417 1414 2455 universa
1443 2399 1564 2452 sine
1593 2395 1953 2469 protectionis
1974 2401 2084 2450 tuae

490 2494 720 2548 auxilio.
737 2493 867 2546 Haec
886 2507 1013 2545 cum
1031 2487 1283 2552 dixisset,
1299 2485 1601 2540 astiterunt
1626 2501 1794 2554 super
1822 2500 1950 2537 eum
1990 2499 2086 2537 an-

487 2583 599 2654 geli
630 2581 788 2647 lucis;
817 2585 874 2633 et
899 2577 1120 2649 juvenis
1147 2577 1203 2630 in
1229 2575 1413 2630 medio
1435 2591 1650 2639 eorum,
1673 2571 1937 2626 ineffabili
1964 2572 2084 2643 pul-

489 2669 806 2726 cliritudine
827 2673 995 2738 atque
1016 2665 1269 2720 claritate
1288 2663 1670 2734 resplendens,
1693 2662 1784 2732 qui
1798 2661 1978 2715 instar
1997 2677 2083 2715 so-

489 2761 558 2814 lis
589 2777 656 2813 ex
705 2775 764 2812 se
793 2755 1024 2826 fulgoris
1066 2753 1251 2808 radios
1300 2751 1594 2806 emittebat
1617 2791 1630 2815 ,
1665 2749 1874 2804 habens
1913 2767 2083 2820 super

489 2853 659 2920 caput
688 2861 948 2901 coronam
980 2843 1254 2914 spineam.
1289 2842 1358 2895 Et
1375 2841 1622 2894 levantes
1641 2856 1674 2893 a
1693 2845 1848 2893 terra
1875 2839 2083 2892 Pacho-

491 2937 668 2991 mium
691 2933 897 3004 angeli,
923 2933 1114 2986 dicunt
1143 2930 1194 2984 ei
1218 2949 1233 2984 :
1265 2929 1540 2994 Quoniam
1562 2927 1752 2999 petisti
1781 2945 1813 2982 a
1841 2927 2078 2981 Domino

491 3023 954 3087 miscricordiam,
975 3037 1100 3074 ecce
1119 3018 1381 3073 venittibi
1395 3017 1778 3072 misericordia
1797 3022 1910 3075 tua.
1930 3016 2078 3070 Deus

2164 537 2431 592 diendum
2449 539 2682 594 verbum
2711 540 2812 594 Dei
2845 541 3234 596 constiterunt.
3271 542 3380 606 Qui
3413 543 3660 614 aperiens
3683 561 3736 598 os

2164 643 2347 692 suum,
2380 627 2616 682 docebat
2641 645 2754 695 eos,
2787 629 2976 684 dicens
3005 647 3017 684 :
3047 630 3230 684 Filioli
3256 631 3388 695 mei,
3419 637 3736 703 quantacun-

2165 732 2273 786 que
2303 715 2456 770 vobis
2485 722 2572 770 est
2598 718 2774 772 virtus
2805 723 2973 789 atque
3020 719 3381 790 possibilitas,
3431 737 3531 792 pro
3577 721 3737 776 salute

2165 811 2349 858 vestra
2376 812 2587 860 certate
2617 806 2854 873 fortiter,
2876 813 2930 860 et
2943 807 3208 862 adversus
3237 815 3520 863 armatum
3541 810 3737 864 hostem

2163 892 2399 948 viriliter
2426 895 2689 949 dimicate
2723 914 2734 948 :
2769 896 2923 967 prius
2954 913 3124 968 quam
3153 897 3342 952 veniat
3379 903 3612 969 tempus,
3643 915 3738 970 quo

2165 982 2556 1052 nosmetipsos,
2590 984 2636 1038 si
2666 989 2853 1038 tamen
2891 984 3100 1039 inertes
3133 985 3404 1041 fuerimus
3433 1004 3498 1041 ac
3519 987 3735 1052 desides,

2166 1070 2470 1126 miserabili
2485 1073 2886 1128 lamentatione
2908 1075 3390 1146 plangamus.Non
3413 1076 3740 1146 negligamus

2166 1159 2285 1214 dies
2309 1171 2548 1227 nostros,
2583 1179 2721 1233 quos
2748 1163 2985 1233 largitus
3016 1169 3102 1218 est
3129 1164 3290 1218 nobis
3321 1165 3626 1232 Dominus;
3655 1166 3739 1220 sed

2166 1264 2465 1319 operemur
2484 1250 2543 1304 in
2574 1250 2654 1304 eis
2679 1268 2806 1304 cum
2831 1252 2984 1306 omni
3008 1253 3300 1308 alacritate
3319 1253 3601 1308 virtutem.
3623 1254 3739 1308 Dico

2166 1337 2316 1391 enim
2341 1337 2514 1406 vobis,
2549 1340 2812 1410 quoniam
2848 1341 2895 1394 si
2943 1341 3162 1396 sciretis
3206 1349 3419 1413 quanta
3455 1343 3654 1397 sanctis
3688 1343 3739 1398 in

2165 1426 2482 1480 coelestibus
2510 1427 2657 1482 bona
2683 1435 2882 1500 parata
2911 1435 3060 1497 sunt,
3090 1435 3147 1484 et
3174 1447 3299 1502 quae
3328 1437 3609 1486 tormenta
3634 1449 3740 1486 ma-

2165 1521 2338 1570 neant
2360 1533 2473 1580 eos,
2512 1516 2608 1587 qui
2633 1534 2667 1570 a
2696 1518 2918 1572 virtutis
2947 1518 3146 1573 itinere
3163 1519 3544 1586 deviaverunt,
3568 1521 3739 1591 cogni-

2164 1609 2333 1675 taque
2363 1605 2618 1673 veritate,
2645 1623 2756 1660 non
2773 1607 2830 1660 in
2855 1625 2919 1661 ea
2937 1607 3104 1678 digne
3125 1609 3330 1663 versati
3349 1615 3502 1674 sunt,
3526 1610 3740 1664 summis

2169 1693 2364 1764 utique
2397 1694 2606 1748 viribus
2633 1701 2844 1750 aeterna
2871 1697 3146 1770 supplicia
3167 1697 3430 1765 vitantes,
3465 1699 3740 1753 haeredita-

2105 1761 2150 1820 B
2170 1761 2289 1835 tem'
2311 1782 2462 1836 illam
2517 1783 2756 1849 beatam,
2789 1761 2920 1856 quae.
2941 1761 3040 1839 Dei
3085 1786 3310 1840 famulis
3339 1761 3615 1858 promissa
3649 1793 3739 1852 est,

2167 1870 2505 1925 festinaretis
2547 1873 2777 1944 adipisci
2815 1892 2827 1927 :
2867 1891 3034 1944 quam
3091 1891 3272 1939 nemo,
3321 1876 3430 1930 nisi
3469 1877 3648 1932 malus
3687 1894 3743 1931 ac

2166 1960 2436 2030 perditus,
2461 1961 2604 2031 fugit
2630 1979 2694 2016 ac
2721 1963 2954 2032 negligit
2978 1982 2990 2029 ;
3015 1963 3147 2034 quia
3175 1965 3308 2035 quid
3329 1965 3578 2032 amittat,
3609 1965 3744 2038 peni-

2164 2053 2254 2101 tus
2283 2050 2487 2116 nescit;
2523 2067 2689 2120 quem
2715 2051 2834 2121 jam
2862 2053 3095 2123 jamque
3143 2053 3473 2125 resipiscere
3519 2061 3741 2127 oportet,

2165 2141 2222 2190 et
2249 2138 2488 2192 terrenis
2510 2138 2718 2192 absolvi
2755 2140 3173 2211 cupiditatibus,
3209 2147 3272 2196 ut
3297 2143 3448 2197 mala
3478 2144 3747 2215 praeterita

2163 2225 2419 2280 deﬂendo
2441 2228 2673 2297 jugiter,
2690 2229 3097 2298 indulgentiam
3114 2231 3337 2285 Domini
3357 2239 3741 2304 consequatur,

2164 2319 2222 2367 et
2248 2314 2326 2368 sic
2353 2315 2423 2368 ad
2450 2315 2680 2369 meliora
2711 2334 3028 2382 conversus,
3061 2317 3170 2371 iter
3187 2335 3352 2373 suum
3373 2319 3604 2390 dirigat,
3626 2337 3748 2393 qua-

2163 2408 2328 2456 tenus
2356 2403 2412 2456 in
2444 2403 2594 2458 exitu
2619 2403 2743 2458 vitae
2764 2405 2924 2460 laetus
2950 2406 3211 2473 existens,
3236 2408 3306 2462 ad
3337 2409 3622 2464 caelestem
3654 2411 3747 2464 Re—

2162 2508 2290 2561 gem
2310 2508 2438 2546 cum
2468 2509 2675 2562 magna
2695 2494 2857 2548 laude
2887 2495 3211 2565 perveniat;
3241 2497 3466 2567 quando
3497 2503 3746 2552 terrestre

2163 2581 2268 2634 hoc
2308 2581 2690 2638 habitaculum
2727 2583 2990 2638 deserens
3026 2584 3234 2650 anima,
3271 2586 3341 2640 ad
3381 2587 3747 2658 cognitionem

2162 2685 2276 2722 sua:
2303 2669 2630 2725 substantiae
2648 2678 2942 2743 properat;
2966 2674 3188 2744 quando
3217 2675 3540 2730 coelestibus
3554 2677 3750 2730 sociata

2163 2757 2482 2821 virtutibus,
2513 2761 2581 2814 ad
2612 2761 2834 2814 Patrem
2867 2762 3143 2816 luminum
3181 2764 3475 2834 pervenire
3513 2765 3746 2820 festinat.

2163 2846 2306 2910 Quid
2331 2848 2618 2903 extollitur
2635 2849 2802 2904 homo
2820 2867 2921 2920 per
2937 2868 3138 2905 vanam
3167 2853 3444 2922 gloriam?
3472 2854 3620 2918 Quid
3648 2853 3749 2907 eri-

2158 2935 2313 3007 gitur
2329 2936 2508 3006 pulvis
2528 2937 2552 2990 ?
2578 2937 2723 3002 Quid
2742 2938 2996 3008 superbit
3013 2945 3164 2994 terra
3187 2946 3244 2994 et
3275 2941 3416 2996 cinis
3441 2943 3639 3013 (Eccli.
3659 2946 3710 3011 Χ)
3731 2941 3749 2994 ἲ

2161 3023 2502 3093 Plangamus
2531 3043 2631 3080 nos
2654 3027 2802 3098 ipsos
2833 3029 3018 3098 potius
3049 3029 3182 3082 dum
3211 3034 3436 3102 tempus
3464 3031 3744 3095 habemus,

485 3115 676 3187 gloria:
705 3115 864 3167 Jesus
887 3110 1143 3165 Christus
1174 3107 1348 3162 Filius
1385 3107 1485 3161 Dei
1515 3105 1698 3160 Patris
1728 3104 2070 3176 unigenitus,
2095 3115 2138 3175 ί]
2160 3129 2230 3166 ne
2283 3129 2409 3167 cum
2452 3113 2620 3168 fuerit
2671 3116 2890 3186 expleta
2928 3117 3164 3188 singulis
3209 3119 3519 3174 terminata
3543 3121 3743 3186 dilatio,

486 3204 581 3276 qui
594 3203 796 3258 missus
810 3207 894 3254 est
915 3200 970 3253 in
987 3199 1135 3252 hunc
1150 3197 1523 3262 mundum,-et
1540 3212 1639 3266 pro
1659 3195 1839 3248 salute
1857 3193 2079 3263 generis

484 3292 717 3347 humani
747 3289 1041 3345 cruciﬁxus
1057 3293 1160 3354 est,
1179 3285 1433 3357 spineam
1451 3287 1634 3338 terens
1653 3283 1713 3338 in
1723 3283 1906 3354 capite
1927 3300 2079 3338 coro-

484 3399 633 3436 nam.
668 3382 736 3435 Et
761 3376 1092 3433 Paclnomius
1121 3375 1225 3429 ait:
1261 3375 1372 3428 Oro
1401 3373 1660 3439 Domine,
1692 3371 1944 3444 nunquid
1975 3389 2078 3441 ego

485 3478 539 3526 te
563 3469 834 3525 crucifixi?
864 3469 932 3522 Et
945 3465 1216 3521 Dominus
1244 3463 1516 3535 placidior
1533 3462 1614 3516 ait
1641 3461 1710 3515 ad
1740 3479 1870 3516 eum
1895 3481 1906 3516 :
1951 3462 2077 3515 Non

483 3565 546 3614 tu
577 3559 800 3630 quidem
829 3553 1149 3610 crucifixisti
1171 3569 1280 3618 me,
1299 3552 1393 3605 sed
1417 3555 1684 3622 parentes
1703 3550 1804 3604 tui.
1836 3551 2077 3604 Verum-

483 3655 674 3704 tamen
704 3643 1070 3715 animzequior
1100 3647 1218 3696 esto
1243 3682 1256 3708 ,
1286 3645 1349 3694 'et
1377 3641 1722 3694 confortetur
1750 3656 1844 3693 cor
1873 3645 2032 3693 tuum
2055 3679 2069 3705 ,

484 3739 618 3810 quia
646 3735 942 3808 posteritas
971 3739 1071 3786 tua
1098 3729 1348 3785 manebit
1375 3729 1433 3784 in
1455 3729 1737 3795 saeculum,
1768 3745 1870 3782 nec
1897 3743 2075 3798 usque

481 3845 540 3882 in
571 3829 738 3881 finem
770 3823 966 3878 mundi
1001 3820 1248 3886 deficiet;
1285 3819 1502 3890 ipsique
1533 3819 1628 3889 qui
1660 3823 1787 3889 post
1810 3823 1868 3871 te
1898 3816 2075 3870 futuri

481 3921 632 3981 sunt,
657 3914 724 3968 de
753 3910 1029 3984 profunda
1067 3909 1164 3962 illa
1189 3907 1426 3978 caligine
1473 3905 1879 3972 liberabuntur,
1910 3909 2076 3975 quot-

480 4008 620 4074 quot
643 4001 884 4054 vixerint
907 3997 1271 4062 abstinenter,
1317 4001 1375 4049 et
1404 4011 1596 4048 curam
1623 3994 1822 4048 salutis
1839 3993 2075 4064 propria:

479 4089 778 4164 gesserint.
812 4087 978 4142 Modo
1007 4101 1250 4155 namque
1263 4084 1358 4154 qui
1383 4083 1682 4155 praesentia
1705 4089 1801 4137 tua
1817 4099 1876 4136 se
1895 4082 2074 4136 conti-

483 4185 640 4244 nent,
658 4183 886 4232 tuarum
908 4181 1206 4244 sequentes
1237 4173 1490 4242 exempla
1514 4171 1806 4238 virtutum,
1831 4173 2077 4226 maxima

480 4267 678 4338 gratia:
707 4267 829 4320 luce
867 4261 1263 4334 resplendent;
1298 4266 1425 4331 post
1449 4265 1508 4341 te
1527 4277 1676 4327 vero,
1708 4261 1803 4332 qui
1830 4260 1888 4314 in
1907 4261 2075 4332 hujus

481 4357 668 4412 saeculi
691 4353 928 4425 caligine
941 4351 1153 4406 fuerint
1173 4348 1480 4416 immorati,
1503 4349 1637 4419 quia
1651 4348 1958 4420 prudenter
1985 4349 2074 4402 in-

2159 3205 2293 3255 tunc
2345 3201 2700 3258 inveniamur
2746 3210 2968 3276 tempus
3017 3207 3358 3276 pmnitentiae
3413 3226 3742 3280 exposcere,

2160 3291 2382 3360 quando
2405 3291 2522 3361 jam
2578 3293 2829 3363 accipere
2867 3311 2978 3348 non
3016 3311 3318 3350 meremur.
3353 3298 3415 3352 In
3461 3298 3568 3352 hac
3606 3298 3745 3352 enim

2158 3378 2274 3432 vita
2301 3379 2460 3434 nobis
2480 3386 2706 3451 peccata
2721 3382 2928 3436 deﬂere
2946 3369 3280 3454 permissum
3310 3391 3397 3439 est
3420 3405 3434 3453 ;
3457 3387 3518 3442 in
3541 3387 3746 3442 inferno

2159 3474 2368 3534 autem,
2401 3469 2548 3523 sicut
2587 3487 2620 3524 a
2647 3476 2839 3524 sancto
2893 3472 3067 3526 David
3123 3474 3399 3544 propheta
3436 3475 3743 3540 didicimus,

2159 3555 2284 3626 quis
2309 3556 2666 3611 confitebitur
2695 3559 2810 3612 Deo
2843 3561 3004 3628 (Psal.
3041 3561 3156 3629 vi)?
3187 3561 3369 3616 Nimis
3415 3564 3610 3618 anima
3657 3564 3746 3618 illa

2157 3643 2426 3714 probatur
2454 3645 2662 3712 infelix,
2695 3652 2751 3701 et
2799 3647 2952 3701 omni
3000 3649 3376 3721 lacrymarum
3414 3652 3572 3707 fonte
3599 3654 3744 3724 plan-

2154 3733 2356 3802 genda,
2379 3751 2502 3804 quae
2527 3735 2727 3790 saeculo
2758 3737 3106 3803 renuntians,
3143 3740 3348 3794 iterum
3385 3742 3578 3796 saeculi
3616 3741 3745 3796 acti-

2156 3820 2261 3874 bus
2311 3821 2647 3893 implicatur,
2681 3830 2738 3878 et
2775 3825 3070 3880 inutilibus
3121 3827 3333 3882 dudum
3381 3831 3536 3884 curis
3567 3835 3740 3894 exuta,

2158 3925 2380 3964 rursum
2403 3912 2550 3966 redit
2571 3913 2641 3966 ad
2668 3913 2821 3968 durae
2858 3915 3141 3969 servitutis
3183 3916 3473 3988 obsequia.
3511 3921 3582 3975 Et
3607 3920 3742 3985 ideo,

2157 3999 2470 4054 charissimi
2498 4001 2718 4066 fratres,
2751 4001 2820 4056 ab
2841 4003 2946 4057 hoc
2983 4003 3230 4058 instabili
3269 4007 3502 4072 mundo,
3544 4014 3603 4063 et
3629 4013 3747 4080 post

2156 4087 2448 4158 paululum
2477 4093 2806 4156 transrturo,
2834 4097 3164 4164 perpetuam
3214 4093 3554 4168 beatamque
3581 4098 3744 4152 vitam

2157 4175 2318 4230 nobis
2347 4193 2459 4231 non
2485 4179 2768 4249 patiamur
2791 4181 3020 4235 auferri.
3048 4182 3258 4237 Vereor
3284 4189 3496 4252 autem,
3515 4191 3575 4240 et
3604 4192 3747 4241 totus

2157 4266 2382 4336 penitus
2409 4266 2752 4335 intremisce,
2799 4286 2869 4324 ne
2901 4271 3084 4324 carnis
3125 4279 3330 4327 nostra;
3375 4280 3644 4345 parentes
3669 4273 3748 4330 usi

2156 4354 2343 4408 saeculi
2388 4355 2576 4418 rebus,
2614 4363 2672 4412 et
2717 4357 2843 4412 vita:
2881 4361 3171 4430 praesentis
3195 4363 3449 4434 occupati
3490 4364 3744 4435 negotiis,

480 4446 870 4518 telligentquze
893 4441 1132 4514 petenda
1152 4443 1302 4505 sunt,
1327 4455 1516 4510 quaeve
1533 4437 1818 4508 fugienda,
1843 4443 1898 4492 et
1910 4431 2138 4510 spon-D
2157 4443 2252 4514 qui
2281 4443 2556 4514 putabant
2580 4463 2682 4500 nos
2706 4447 3021 4502 deseruisse
3045 4431 3418 4519 mundimala,
3438 4460 3500 4508 et
3527 4431 3601 4508 ab
3628 4453 3748 4508 hinc

480 4540 648 4590 tanea
667 4534 950 4588 voluntate
969 4529 1122 4584 nullo
1146 4527 1471 4582 humanitus
1482 4531 1704 4580 utentes
1726 4526 2072 4598 exemplo,de

481 4622 654 4677 tantis
678 4618 987 4674 exsilierint
1015 4615 1281 4683 tenebris,
1297 4630 1634 4684 omnemque
1649 4614 1930 4684 justitiam
1953 4632 2072 4670 ser-

479 4716 693 4776 vantes,
726 4715 994 4763 aeternam
1024 4705 1194 4759 vitam
1215 4709 1333 4758 toto
1363 4703 1529 4757 corde
1558 4702 1880 4769 dilexerint;
1906 4720 2073 4760 amen

481 4798 603 4853 dico
614 4797 715 4852 tibi
740 4797 872 4867 quia
885 4811 1013 4850 cum
1035 4794 1160 4848 istis
1174 4799 1341 4848 erunt
1363 4792 1458 4864 qui
1469 4809 1618 4846 nunc
1629 4797 1812 4847 tecum
1837 4792 1896 4846 in
1925 4810 2074 4848 sum-

481 4903 576 4940 ma
598 4884 941 4940 continentia
953 4889 1012 4937 et
1029 4882 1326 4936 sanctitate
1344 4880 1596 4952 praeclari
1617 4887 1768 4946 sunt,
1792 4882 2073 4936 eamdem-

483 4992 592 5046 que
606 4974 845 5028 salutem
867 4989 930 5026 ac
944 4970 1194 5041 requiem
1233 4969 1560 5024 sortientur.
1594 4969 1723 5024 Hac
1741 4968 1930 5024 dicens
1959 4971 2070 5025 Do-

481 5065 688 5130 minus,
723 5059 1042 5116 ascenditin
1068 5059 1289 5113 coelum.
1309 5059 1400 5112 Sic
1417 5065 1609 5112 autem
1631 5058 1948 5113 illustratus
1975 5076 2073 5114 aer

481 5159 583 5220 est,
618 5158 681 5207 ut
703 5149 966 5223 splendor
993 5147 1132 5202 lucis
1161 5146 1314 5201 illius
1332 5163 1445 5200 non
1475 5146 1653 5218 possit
1675 5147 1936 5202 humanis
1950 5166 2069 5204 ser-

480 5242 740 5297 monibus
767 5237 1045 5310 explicari.

550 5333 679 5386 CAP.
707 5329 898 5384 XLVI.
931 5326 1152 5382 -—Tunc
1175 5329 1400 5378 sanctus
1429 5323 1765 5380 Pachomius
1787 5342 1957 5397 super
1983 5327 2070 5382 his

479 5438 600 5491 quae
633 5419 739 5474 sibi
767 5422 992 5473 ostensa
1035 5421 1187 5479 sunt,
1243 5413 1601 5468 vehementer
1645 5415 1948 5481 admirans,
1996 5417 2068 5471 ad

479 5515 809 5563 nocturnam
839 5505 1095 5578 synaxim
1125 5520 1249 5557 cum
1273 5503 1535 5558 universa
1561 5503 1913 5558 fraternitate
1941 5523 2069 5560 con-

480 5596 650 5652 venit.
679 5595 748 5651 Et
775 5595 956 5650 oﬂicio
973 5600 1164 5650 sancto
1176 5591 1504 5650 solemniter
1529 5593 1852 5666 adimpleto,
1881 5596 2067 5652 cuncti

2149 4533 2270 4602 jam
2295 4534 2410 4587 vita
2433 4534 2541 4588 frui
2563 4541 2852 4606 perpetua,
2877 4554 2978 4591 suo
2997 4555 3096 4592 nos
3113 4540 3324 4609 judicio
3353 4543 3743 4607 condemnem,

2154 4622 2402 4676 dicentes
2433 4623 2636 4678 nobis:
2672 4625 2962 4688 Quomodo
3005 4627 3199 4682 lassati
3247 4631 3382 4684 estis
3427 4631 3487 4685 in
3538 4631 3749 4686 semitis

2156 4710 2353 4764 vestris
2380 4711 2528 4781 (Sap.
2557 4715 2629 4781 v),
2661 4714 2837 4768 tantis
2868 4714 3076 4770 obsessi
3117 4718 3394 4772 miseriis?
3448 4721 3530 4774 Ex
3569 4727 3748 4775 vestra

2154 4815 2399 4870 namque
2443 4805 2558 4855 tam
2589 4818 2796 4873 magna
2835 4803 3086 4872 tristitia,
3149 4806 3308 4862 nobis
3343 4809 3518 4862 etiam
3546 4826 3750 4865 maeror

2153 4889 2402 4956 accessit,
2437 4895 2494 4944 et
2522 4891 2702 4960 poenis
2738 4893 2947 4947 nostris
2977 4900 3160 4948 vester
3187 4895 3334 4966 ignis
3361 4898 3622 4968 adjectus
3646 4903 3745 4953 est.

2155 4976 2318 5031 Rami
2346 4978 2551 5049 quippe
2582 4981 2758 5034 nostri
2786 4980 2919 5036 facti
2949 4989 3082 5037 sunt
3126 4983 3372 5050 inutiles,
3405 5002 3510 5040 nec
3539 4987 3748 5042 fructus

2154 5083 2294 5136 quos
2320 5065 2380 5121 in
2409 5068 2547 5121 ﬂore
2578 5076 3030 5125 monstraverunt
3051 5072 3348 5128 ediderunt
3391 5075 3501 5129 Sed
3533 5082 3593 5130 et
3615 5075 3749 5130 illud

2154 5155 2541 5225 pr0pheticum
2572 5173 2642 5212 ne
2671 5157 2834 5212 nobis
2857 5159 3135 5230 ingerant,
3168 5178 3499 5232 expavesco:
3533 5165 3666 5220 Ideo
3693 5165 3748 5218 in

2153 5243 2626 5314 deprsedationem
2655 5253 2928 5302 venerunt
2951 5249 3158 5316 dilecti,
3184 5251 3315 5305 facti
3359 5259 3494 5306 sunt
3534 5253 3747 5308 abomi-

2152 5331 2384 5401 nabiles,
2415 5338 2471 5387 et
2491 5351 2696 5390 corona
2723 5337 2922 5406 capitis
2947 5355 3140 5392 eorum
3163 5339 3385 5395 sublata
3406 5348 3512 5395 est.
3551 5343 3749 5397 Civita-

2148 5425 2234 5474 tes
2265 5421 2336 5475 ad
2362 5422 2631 5478 Austrum
2661 5425 2798 5490 sitae,
2831 5426 3032 5480 clausze
3057 5435 3205 5496 sunt,
3240 5445 3342 5484 nec
3371 5437 3456 5484 est
3484 5431 3585 5502 qui
3627 5449 3749 5503 ape-

2150 5508 2260 5563 riat
2286 5526 2380 5564 eas
2413 5512 2625 5579 (Jerem.
2661 5516 2806 5582 xm).
2835 5515 3086 5570 Tollatur
3112 5517 3262 5572 enim
3292 5518 3522 5590 impius,
3565 5537 3640 5574 ne
3668 5521 3746 5573 vi-

2150 5597 2283 5653 deat
2308 5598 2546 5668 gloriam
2592 5602 2694 5657 Dei
2736 5603 2862 5673 (Isa.
2893 5620 3056 5676 xxvr,
3095 5609 3397 5663 secundum
3439 5608 3742 5680 Septuag.).
