3912 6436
135 489 221 543 265
829 484 998 537 VITA
1034 483 1291 537 SANCTI
1331 483 1686 539 PACHOMII
1727 481 2033 536 ABBATIS
2070 482 2590 537 TABENNENSIS.
3268 487 3374 543 266

134 612 243 664 llaec
264 606 579 677 cogitantes,
613 606 813 659 fratres
834 605 963 671 mei,
1006 606 1139 660 totis
1160 613 1439 661 certemus
1460 607 1690 674 viribus,
1711 608 2063 676 Acogamus,
2098 607 2245 660 hunc
2272 608 2575 660 terminum
2599 607 2951 661 sermonibus
2971 610 3180 663 nostris
3198 610 3376 681 impo-

133 717 191 753 ne
215 697 277 751 ab
296 697 444 750 hoste
472 711 827 765 superemur.
858 695 957 748 Ille
987 712 1210 767 semper
1231 696 1441 750 insistit
1458 704 1520 751 ut
1544 697 1692 768 peri-
1776 696 1981 749 nimus.
2014 696 2165 749 Deus
2203 695 2355 766 pacis
2399 702 2456 749 et
2484 695 2680 765 gratiae
2728 698 3021 751 conﬁrmet
3066 715 3162 752 vos
3206 706 3376 768 atque

135 794 247 851 mat,
275 803 366 840 nos
394 784 629 838 sollicite
670 784 986 854 vigilemus,
1020 802 1090 838 ne
1136 786 1311 856 (quod
1358 786 1529 853 absit)
1574 787 1695 855 ejus
1776 784 2098 839 corroboret
2125 785 2185 838 in
2215 786 2417 839 timore
2449 801 2568 850 suo,
2600 785 2821 838 fratres.
2872 787 3069 841 Amen.
3122 788 3252 842 Haec
3288 787 3376 841 di-

134 876 301 930 lraude
328 872 694 946 perimamur.
1778 892 1927 940 cens,
1961 875 2080 927 sine
2106 891 2265 927 mora
2294 874 2555 940 surrexit,
2598 880 2655 927 et
2689 875 3087 930 commendans
3133 893 3228 930 eos
3264 876 3378 931 Do-

192 968 319 1018 Ante
379 962 566 1016 omnia
633 980 752 1033 pne
819 964 995 1017 oculis
1060 962 1367 1017 habeamus
1432 964 1695 1017 ultimum
1780 964 1953 1025 mino,
1987 964 2266 1033 profectus
2289 969 2392 1017 est.

143 1059 296 1121 [34
318 1052 478 1116 diem,
504 1058 561 1105 et
586 1052 884 1105 momentis
911 1052 1147 1121 singulis
1176 1058 1515 1107 mternorum
1546 1053 1697 1106 dolo-
1853 1053 1982 1105 Car.
2005 1052 2222 1105 XLVII.
2241 1079 2299 1089 —
2319 1053 2573 1122 Cumque
2593 1057 2851 1122 pergeret
2865 1054 2935 1106 ad
2952 1054 3375 1122 monasterium,

138 1160 244 1197 rum
262 1140 520 1212 supplicia
543 1141 926 1195 formidemus.
952 1142 1051 1194 llis
1069 1142 1219 1195 enim
1236 1142 1418 1195 causis
1434 1143 1623 1195 anima
1638 1159 1697 1195 se
1782 1141 1871 1194 cui
1899 1158 2210 1210 cognomen
2265 1146 2389 1194 erat
2414 1140 2798 1207 Tabennensm
2828 1159 2955 1195 cum
2984 1143 3276 1197 Theodoro
3324 1149 3382 1197 et

140 1230 390 1286 consuevit
416 1248 742 1300 agnoscere,
793 1248 1104 1302 corpusque
1143 1231 1432 1301 proprium
1467 1231 1700 1300 jejuniis
1784 1231 2062 1295 Cornelio,
2094 1230 2419 1299 casterisque
2452 1247 2621 1299 quam
2654 1231 2911 1300 plurimis
2940 1231 3223 1297 fratribus,
3248 1232 3381 1286 sub-

140 1336 191 1372 ac
210 1319 390 1388 vigiliis
417 1319 757 1390 deprimens,
785 1320 908 1391 ipsa
935 1321 993 1373 iu
1022 1337 1262 1374 mmrore
1292 1321 1555 1391 luctuque
1575 1337 1702 1373 con-
1784 1317 1930 1371 stitit
1952 1334 2256 1388 parumper
2275 1317 2333 1370 in
2355 1318 2575 1383 itinere,
2597 1319 2747 1372 velut
2773 1319 3384 1392 interrogansaliquem

138 1407 274 1462 tinuo
298 1412 629 1478 perseverat,
664 1408 841 1462 donec
868 1408 1110 1478 Spiritus
1137 1409 1315 1462 sancti
1349 1409 1532 1462 calore
1580 1426 1701 1462 suc-
1782 1407 1851 1459 de
1884 1407 2124 1477 quodam
2156 1412 2368 1460 secreto
2400 1410 2662 1477 negotio;
2708 1413 2764 1461 et
2793 1408 3051 1478 cognovit
3085 1410 3145 1463 in
3185 1410 3385 1480 spiritu

139 1513 297 1561 censa,
319 1513 568 1567 supernae
593 1497 1079 1568 contemplationis
1101 1504 1385 1552 mereatur
1406 1498 1695 1563 auxilium,
1782 1512 1959 1549 unum
1990 1496 2059 1548 de
2090 1496 2371 1549 mandatis
2402 1513 2524 1566 qua:
2556 1499 2874 1566 praetixerat
2908 1498 2968 1551 in
3019 1499 3382 1565 monasterio,

141 1591 188 1638 et
211 1602 240 1637 a
259 1586 519 1655 contagiis
538 1586 790 1640 exsoluta
812 1586 1073 1651 terrenis,
1096 1586 1297 1639 divinis
1312 1587 1527 1656 jugiter
1545 1603 1703 1638 exsa-
1782 1584 1954 1638 fuisse
1983 1585 2319 1654 neglectum.
2353 1586 2705 1655 Praeceperat
2722 1585 2871 1639 enim
2898 1586 3166 1642 fratribus
3205 1588 3301 1659 qui
3328 1588 3389 1642 in

141 1674 289 1728 tietur
310 1674 580 1745 alloquiis.
600 1675 755 1728 Alias
775 1675 946 1728 etiam
976 1675 1070 1746 qui
1091 1692 1315 1745 semper
1336 1676 1450 1729 haec
1473 1676 1700 1744 cogitat,
1789 1673 2023 1744 pistoria
2050 1680 2170 1727 arte
2192 1673 2540 1737 laborabant,
2566 1680 2629 1727 ut
2650 1675 2695 1727 si
2717 1675 2941 1745 quando
2972 1676 3218 1730 facerent
3237 1676 3388 1730 obla-

144 1763 409 1833 puritatem
440 1764 649 1819 mentis
672 1764 905 1829 obtinet,
926 1765 1303 1818 humilitatem
1322 1765 1505 1818 cordis
1521 1763 1709 1834 acqui-
1788 1764 1989 1828 tiones,
2028 1762 2167 1816 nihil
2214 1764 2581 1833 loquerentur
2624 1781 3050 1834 supervacuum,
3096 1766 3196 1819 sed
3239 1766 3390 1836 apud

143 1853 429 1915 rit;vanam
440 1854 684 1923 gloriam
702 1854 947 1924 respuit;
970 1853 1122 1907 omni
1136 1854 1392 1907 saeculari
1408 1853 1709 1924 prudentia
1791 1852 2120 1922 semetipsos
2150 1852 2420 1905 salutaria
2447 1852 2860 1907 meditarentur
2896 1854 3135 1925 eloquia.
3162 1854 3391 1909 Vocavit

144 1942 617 1996 carerecontendit.
642 1943 1078 2013 Philosophetur
1098 1960 1250 2013 ergo,
1275 1942 1709 1996 charissimitra-
1725 1966 1771 2024 B
1793 1958 1925 2010 ergo
1949 1941 2325 2025 rIlheodorum,
2349 1941 2445 2010 qui
2463 1940 2639 2011 ipsius
2664 1942 2990 1995 monasterii
3013 1959 3205 1997 curam
3234 1960 3393 2014 gere-

144 2036 257 2096 tres,
305 2031 491 2085 anima
535 2030 805 2102 spiritalis
855 2031 1103 2102 quotidie
1151 2032 1416 2085 adversus
1464 2047 1709 2083 crassam
1792 2029 1906 2094 bat,
1939 2036 1995 2082 et
2024 2029 2159 2082 dicit
2186 2028 2272 2082 ei:
2309 2028 2462 2082 Vade
2490 2035 2721 2094 secreto,
2747 2036 2803 2083 et
2831 2030 3121 2084 sollicitius
3145 2031 3388 2102 inquire,

146 2119 304 2172 carnis
314 2136 422 2173 suze
443 2120 770 2187 materiam;
788 2121 1053 2191 omnique
1074 2120 1567 2191 circumspectione
1581 2136 1710 2173 cum

146 2224 200 2260 ea
217 2207 390 2262 taliter
416 2214 568 2278 agat,
595 2216 871 2280 quatenus
900 2210 970 2263 ad
996 2208 1231 2263 meliora
1251 2209 1355 2262 sibi
1376 2209 1707 2263 consentiat.

145 2296 203 2350 Et
240 2313 356 2351 cum
399 2314 630 2369 vespere
674 2299 999 2369 pervenitur
1050 2299 1121 2352 ad
1166 2304 1425 2364 stratum,
1477 2297 1711 2367 singulis

146 2386 384 2440 membris
407 2387 659 2458 corporis
688 2388 774 2442 sui
817 2388 994 2441 dicat:
1042 2388 1230 2442 Donec
1282 2388 1449 2441 simul
1493 2403 1707 2452 sumus,

147 2473 339 2529 obedite
368 2476 508 2531 mihi
539 2477 798 2531 suadenti
829 2494 950 2547 quae
989 2482 1142 2530 recta
1180 2482 1328 2541 sunt,
1380 2492 1713 2545 mecumque

147 2562 356 2620 Domino
377 2582 507 2619 cum
530 2566 818 2619 alacritate
838 2566 1058 2619 servite.
1087 2566 1345 2619 Manibus
1366 2582 1587 2635 quoque
1600 2564 1714 2617 suis

144 2652 297 2707 dicat:
330 2653 526 2709 Veniet
547 2661 770 2726 tempus
803 2656 1026 2726 quando
1041 2654 1315 2724 jactantia
1334 2660 1520 2707 vestra
1539 2670 1717 2706 cessa-

144 2738 229 2803 bit,
258 2745 470 2813 quando
506 2744 749 2815 pugillus
796 2744 1219 2798 administrator
1258 2743 1561 2796 iracundiae
1604 2759 1718 2795 non

144 2831 252 2897 erit,
274 2834 492 2902 quando
528 2833 747 2904 palmae,
781 2850 903 2904 qua":
935 2834 1005 2887 ad
1035 2833 1263 2913 rapinas
1294 2839 1533 2886 extensae
1564 2838 1714 2897 sunt,

145 2922 531 2991 conquiescent.
558 2922 800 2976 Pedibus
827 2923 1009 2976 dicat:
1060 2923 1181 2976 Erit
1222 2922 1444 2992 quando
1488 2921 1559 2975 ad
1607 2920 1717 2974 ini-

145 3009 389 3078 quitatem
418 3029 534 3066 non
564 3012 819 3066 valebitis
863 3029 1094 3083 prorsus
1135 3027 1448 3075 excurrere,
1493 3010 1716 3080 quando

145 3099 406 3166 pravitatis
435 3101 645 3155 itinera
668 3118 779 3155 non
802 3101 1058 3172 poteritis
1086 3101 1319 3155 intrare.
1350 3101 1564 3153 Cuncta
1585 3115 1719 3169 quo-

146 3203 238 3256 que
264 3190 513 3244 membra
543 3207 646 3245 sua
671 3190 930 3244 similiter
959 3191 1297 3261 alloquatur,
1342 3194 1398 3243 et
1424 3189 1574 3242 dicat
1597 3188 1677 3241 eis
1701 3203 1714 3241 :

1796 2118 1929 2189 quid
1957 2117 2160 2170 fratres
2180 2134 2323 2182 sero,
2357 2133 2483 2171 cum
2514 2118 2827 2171 oblationes
2857 2119 3125 2183 facerent,
3153 2125 3287 2173 sunt
3316 2120 3394 2174 lo—

1796 2207 1911 2261 cuti
1936 2226 1951 2276 ;
1977 2213 2033 2260 et
2063 2206 2333 2277 quidquid
2364 2206 2818 2277 deprehenderis,
2844 2208 2915 2260 ad
2948 2225 3036 2279 me
3062 2208 3269 2262 referre
3302 2226 3395 2263 cu-

1794 2296 1963 2350 rabis.
1989 2296 2095 2359 Qui
2118 2312 2373 2366 pergens,
2398 2296 2697 2365 diligenter
2724 2296 3079 2367 investigavit
3106 2298 3317 2365 omnia,
3341 2304 3399 2354 et

1797 2402 1863 2439 ea
1880 2402 2002 2455 quae
2023 2384 2215 2438 didicit
2234 2390 2427 2438 sancto
2448 2385 2750 2439 Pachomio
2767 2386 3061 2439 nuntiavit.
3095 2387 3203 2451 Qui
3222 2386 3391 2440 dixit:

1795 2476 1945 2528 Num
1966 2474 2289 2527 existimant
2302 2474 2502 2527 fratres
2524 2474 2671 2543 quod
2686 2474 3014 2529 traditiones
3035 2492 3178 2546 quas
3197 2475 3278 2529 eis
3301 2476 3394 2530 de-

1797 2564 1981 2617 dimus
2004 2564 2303 2616 servandas
2324 2563 2584 2616 humanae
2607 2563 2738 2627 sint,
2773 2570 2831 2617 et
2852 2564 3113 2617 nesciunt
3133 2566 3281 2635 quod
3296 2581 3397 2635 pro

1799 2658 2125 2723 contemptu
2153 2652 2321 2705 etiam
2356 2651 2570 2704 minimi
2611 2652 2861 2705 mandati
2908 2670 3113 2723 magna
3150 2653 3401 2724 pericula

1802 2740 2150 2810 negligentes
2171 2741 2473 2793 maneant?
2505 2741 2703 2793 Nonne
2723 2756 2797 2793 vn
2823 2740 3019 2795 diebus
3040 2742 3215 2796 Israel
3236 2742 3402 2796 silen-

1799 2829 1943 2882 tium
1973 2829 2121 2882 circa
2148 2828 2596 2882 Jerichuntinam
2626 2829 2907 2883 civitatem
2939 2830 3287 2884 concorditer
3314 2836 3401 2885 te-

1800 2917 1943 2981 nuit,
1966 2917 2167 2970 deinde
2190 2921 2443 2987 tempore
2468 2917 2772 2970 constituto
2792 2922 2945 2971 totus
2972 2919 3211 2989 populus
3227 2919 3402 2972 excla-

1801 3024 1963 3060 mans
2002 3005 2285 3060 civitatem
2318 3006 2575 3076 protinus
2604 3006 2789 3076 cepit;
2839 3013 2896 3060 et
2932 3008 3014 3061 ita
3061 3014 3403 3079 praeceptum

1800 3096 1921 3160 Dei,
1950 3111 2273 3165 quanquam
2305 3095 2499 3148 datum
2521 3112 2621 3165 per
2640 3094 2947 3158 hominem,
2971 3096 3129 3149 nulla
3145 3096 3405 3150 dissimu-

1800 3184 2010 3239 latione
2039 3182 2421 3255 contempsit?
2450 3184 2613 3237 Nunc
2638 3200 2771 3253 ergo
2802 3184 2886 3237 vel
2916 3183 3179 3256 deinceps
3205 3201 3404 3239 mona-

145 3277 437 3349 Antequam
466 3297 623 3334 mors
642 3296 745 3334 nos
773 3279 843 3333 ab
867 3280 1103 3333 invicem
1128 3279 1376 3343 dirimat,
1406 3283 1463 3331 et
1491 3294 1719 3347 separa-
1745 3283 1789 3343 ί]
1807 3273 1894 3327 chi
1925 3278 2202 3343 praecepta
2218 3277 2413 3325 nostra
2440 3271 2778 3335 custodiant,
2798 3277 2862 3326 ut
2888 3272 2993 3325 hoc
3015 3272 3096 3326 eis
3116 3279 3406 3344 peccatum

144 3364 211 3419 tio
230 3383 343 3437 quae
358 3386 457 3440 per
477 3374 770 3441 peccatum
792 3369 959 3439 primi
980 3368 1223 3422 hominis
1245 3366 1464 3433 accidit,
1482 3366 1720 3437 implea-

145 3460 239 3519 tur,
258 3464 533 3513 certemus
546 3458 784 3523 fortiter,
802 3464 1013 3512 stemus
1028 3462 1471 3528 perseveranter,
1486 3455 1723 3509 viriliter

144 3542 466 3608 dimicemus,
501 3548 624 3602 sine
648 3553 870 3619 torpore
899 3553 1069 3617 atque
1094 3547 1322 3617 pigritia
1352 3545 1592 3600 Domino
1610 3561 1721 3597 ser-

147 3633 354 3702 viamus,
386 3653 567 3707 usque
591 3637 722 3690 dum
756 3654 951 3690 rursus
985 3636 1263 3702 adveniat,
1298 3642 1352 3689 et
1381 3633 1723 3704 temporales

145 3720 444 3795 abstergens
467 3726 703 3780 sudores
723 3733 963 3790 nostros,
980 3726 1051 3779 ad
1066 3725 1409 3779 immortalia
1430 3740 1531 3776 nos
1549 3739 1722 3791 regna

148 3813 404 3879 perducat.
432 3815 981 3886 Funditelacrymas,
1015 3814 1179 3878 oculi,
1203 3814 1545 3875 demonstra,
1570 3827 1719 3877 caro,

144 3908 281 3956 tuam
310 3903 557 3958 nobilem
591 3904 938 3969 servitutem,
979 3902 1260 3957 collabora
1281 3917 1499 3954 mecum
1521 3900 1579 3954 in
1601 3916 1723 3970 pre-

145 3989 297 4057 cibus,
332 3993 536 4063 quibus
557 3994 673 4047 Deo
702 3994 991 4059 confiteor,
1015 4009 1104 4058 ne,
1128 4008 1254 4046 cum
1272 3990 1620 4061 requiescere
1642 3989 1722 4041 vis

148 4084 294 4150 atque
322 4082 590 4149 dormire,
614 4088 887 4153 perpetua
906 4081 1066 4136 nobis
1089 4081 1472 4134 cruciamenta
1496 4077 1722 4148 conqui-

149 4183 242 4221 las.
272 4170 337 4225 Et
363 4172 490 4227 ideo
517 4171 689 4242 vigila
718 4188 941 4242 semper
968 4171 1026 4225 in
1048 4170 1308 4241 operibus
1346 4168 1476 4235 tuis,
1504 4167 1637 4238 quia
1674 4167 1721 4220 si

150 4259 196 4309 te
219 4258 387 4315 sobrie
414 4261 680 4332 gesseris,
711 4260 986 4315 bonorum
1012 4259 1114 4314 tibi
1158 4258 1453 4313 retributio
1501 4256 1725 4327 copiosa

149 4351 428 4414 proveniet.
461 4351 627 4415 Quod
648 4350 693 4404 si
723 4350 1053 4421 neglexeris,
1081 4354 1491 4404 tormentorum
1516 4362 1726 4416 genera

149 4435 443 4495 miseranda
472 4446 531 4495 te
561 4440 877 4506 succident;
912 4445 968 4493 et
995 4444 1130 4492 tunc
1167 4438 1431 4493 audietur
1476 4436 1723 4490 ululatus

147 4526 323 4583 animae
353 4530 619 4585 deﬂentis
643 4530 713 4583 ad
744 4546 945 4601 corpus
968 4547 979 4581 :
1006 4529 1129 4583 Heu
1155 4528 1277 4581 me!
1311 4526 1445 4596 quia
1464 4526 1724 4594 colligata

1802 3361 2158 3431 negligentiae
2188 3360 2531 3426 remittatur,
2567 3360 2846 3429 siquidem
2876 3367 2933 3413 et
2977 3378 3080 3415 nos
3122 3362 3233 3433 ipsi
3281 3379 3405 3434 quae

1803 3452 1928 3504 aliis
1953 3450 2253 3504 indicimus
2284 3449 2437 3503 omni
2468 3448 2843 3503 sollicitudine
2870 3450 3236 3505 custodimus.

1874 3541 2030 3593 Tunc
2058 3540 2344 3609 ingressus
2373 3538 2797 3602 monasterium,
2831 3545 2959 3610 post
2978 3540 3289 3594 orationem
3320 3558 3408 3595 ve-

1804 3629 1891 3681 nit
1916 3628 1988 3681 ad
2018 3628 2243 3692 fratres,
2267 3628 2363 3698 qui
2383 3627 2632 3697 psiathos
2664 3627 3062 3697 Operabantur,
3094 3630 3407 3701 sedensque

1804 3735 1933 3771 cum
1976 3717 2074 3782 eis,
2125 3716 2293 3786 cmpit
2340 3722 2398 3768 et
2438 3716 2557 3786 ipse
2605 3722 2811 3769 texere.
2864 3718 3168 3771 Transiens
3216 3724 3409 3773 autem

1806 3805 2075 3875 puerulus
2095 3803 2189 3874 qui
2210 3803 2548 3856 constitutus
2570 3809 2693 3856 erat
2713 3803 2780 3856 ad
2805 3804 3134 3875 obsequium
3151 3807 3293 3877 ejus,
3310 3807 3407 3877 qui

1806 3895 2179 3964 septimanam
2202 3892 2443 3946 faciebat
2463 3891 2588 3961 (41),
2614 3892 2854 3947 intendit
2874 3900 3157 3948 texentem
3178 3894 3409 3951 beatum

1804 3982 2189 4047 Pachomium,
2223 3987 2281 4035 et
2304 3981 2439 4034 dicit
2464 3981 2515 4034 ei
2539 3999 2549 4033 :
2587 3982 2711 4034 Non
2732 3980 2891 4047 bene,
2912 3982 3099 4047 Pater,
3132 3986 3404 4055 operaris,

1804 4072 1912 4125 alio
1942 4071 2107 4125 modo
2137 4069 2308 4123 abbas
2326 4069 2651 4123 Theodorus
2674 4070 2891 4124 intexit.
2919 4072 2987 4125 Et
3014 4088 3144 4126 mox
3171 4090 3407 4145 surgens

1805 4161 1885 4214 ait
1913 4161 1983 4213 ad
2014 4176 2284 4231 puerum:
2324 4159 2570 4213 Ostende
2593 4158 2752 4225 mihi,
2776 4160 2877 4226 fili,
2905 4162 3186 4231 quomodo
3217 4168 3406 4218 texere

1806 4250 2061 4303 debeam.
2099 4250 2168 4303 Et
2195 4266 2324 4303 cum
2363 4248 2651 4302 didicisset
2671 4248 2740 4301 ab
2783 4266 2868 4316 eo,
2902 4250 3049 4304 sedit
3094 4268 3289 4306 rursus
3336 4254 3408 4309 ad

1808 4356 1949 4410 opus
1978 4356 2164 4405 suum,
2181 4344 2369 4393 mente
2389 4337 2746 4407 tranquillus,
2772 4344 2828 4392 et
2854 4339 2914 4393 in
2939 4340 3043 4394 hoc
3071 4342 3406 4408 |35facto

1806 4428 2081 4499 superbia:
2102 4428 2364 4499 spiritum
2402 4426 2795 4497 comprimens.
2829 4428 2976 4482 Nam
3016 4429 3063 4482 si
3098 4431 3407 4487 secundum

1806 4534 2033 4571 carnem
2045 4517 2601 4587 quantulumcunque
2614 4520 2853 4586 saperet,
2879 4533 3233 4587 nequaquam
3244 4519 3406 4589 pueri

148 4629 254 4667 sum
272 4617 390 4683 tibi,
416 4626 474 4674 et
504 4625 736 4690 propter
762 4625 819 4673 te
841 4635 1062 4689 pcenam
1084 4623 1369 4689 perpetua:
1389 4615 1724 4669 condemna-
1741 4642 1787 4702 ι)
1808 4607 2036 4659 monitis
2064 4606 2470 4676 acquiesceret;
2505 4604 2603 4657 sed
2640 4604 2825 4675 potius
2869 4604 3215 4675 increpasset
3249 4624 3399 4674 eum,

147 4701 293 4758 tionis
312 4708 546 4779 excipio.
570 4708 628 4763 Si
653 4709 770 4762 haec
790 4708 942 4761 intra
952 4723 1057 4761 nos
1084 4706 1308 4761 assidue
1332 4709 1717 4769 retractemus,

150 4791 432 4851 efﬁciemur
450 4815 582 4852 vere
600 4798 873 4868 templum
885 4796 1129 4863 Domini,
1154 4803 1211 4849 et
1238 4794 1479 4865 Spiritus
1500 4799 1724 4847 sanctus

149 4878 401 4940 habitabit
422 4887 482 4941 in
513 4886 693 4952 nobis,
729 4904 831 4941 nec
857 4886 971 4941 ulla
985 4902 1086 4939 nos
1111 4886 1333 4940 Satanae
1360 4882 1569 4954 poterit
1586 4882 1726 4935 ulte-

151 4970 250 5025 rius
272 4974 674 5031 circumvenire
696 4975 944 5030 versutia
983 4977 1035 5041 (Ι
1060 4976 1181 5030 Cor.
1206 4978 1301 5041 ιν).
1328 4974 1507 5043 Super
1532 4972 1724 5025 decem

150 5059 305 5117 millia
317 5066 543 5121 anbonb
558 5066 676 5137 paed
684 5082 931 5137 agogoru
944 5064 1516 5134 mmagistrorumque
1527 5060 1728 5113 doctri-

150 5154 457 5218 nam,timor
476 5155 705 5210 Domini
717 5172 817 5226 per
835 5153 1202 5225 cogitationes
1215 5149 1603 5222 hujuscemodi
1626 5166 1726 5203 nos

148 5242 363 5310 erudiet,
386 5245 809 5316 prudentesque
829 5244 1133 5298 custodiet:
1160 5248 1217 5297 et
1237 5256 1602 5313 quaecumque
1620 5238 1728 5291 for-

149 5323 277 5380 sitan
293 5328 546 5385 humano
556 5336 737 5385 ‘sensu
757 5347 870 5384 non
883 5330 1131 5384 valemus
1155 5327 1451 5397 attingere,
1485 5326 1604 5379 hazc
1625 5340 1727 5377 no-

151 5410 220 5468 bis
244 5416 478 5489 Spiritus
504 5426 731 5475 sanctus
760 5418 1075 5491 inspirabit.
1107 5418 1253 5471 Nam
1300 5415 1433 5487 quid
1481 5430 1725 5479 oremus,

151 5512 205 5556 ut
226 5505 412 5563 beatus
448 5510 535 5563 ait
577 5510 897 5580 Apostolus,
939 5508 1085 5563 sicut
1128 5509 1366 5576 oportet,
1408 5502 1723 5568 nescimus;

154 5594 232 5647 sed
261 5596 373 5667 ipse
401 5598 649 5670 Spiritus
676 5599 926 5670 postulat
954 5614 1056 5669 pro
1084 5594 1243 5650 nobis
1288 5592 1592 5663 gemitibus
1638 5591 1726 5643 in-

156 5685 545 5744 enarrabilibus
577 5689 744 5755 (Rom.
782 5692 924 5750 VIII).
957 5686 1132 5740 Erant
1159 5682 1385 5754 quidem
1418 5686 1475 5737 et
1494 5680 1734 5751 aliaplu-
1814 5678 1900 5731 ria
1928 5682 2139 5731 aeterna
2167 5675 2506 5741 succedunt;

1807 4696 1954 4766 quod
1983 4695 2132 4747 ultra
2158 4700 2385 4747 aetatem
2415 4709 2576 4747 suam
2605 4692 2759 4762 loqui
2786 4701 3168 4763 prtesumeret.

1878 4785 2005 4837 CAP.
2040 4783 2286 4836 XLVIII.
2322 4812 2386 4822 —
2414 4781 2540 4834 Alio
2571 4798 2701 4834 vero
2723 4787 2995 4852 tempore,
3037 4801 3165 4838 cum
3203 4803 3263 4841 se
3312 4804 3403 4843 rc-

1807 4872 2070 4927 movisset
2111 4871 2181 4925 ab
2230 4871 2384 4924 omni
2436 4878 2754 4940 conspectu,
2816 4878 2872 4925 et
2919 4872 2977 4925 in
3036 4881 3249 4930 secreto
3302 4894 3404 4932 suo

1807 4968 2141 5026 moraretur,
2156 4960 2409 5014 introivit
2424 4960 2493 5013 ad
2506 4976 2635 5013 eum
2648 4960 2900 5015 diabolus
2911 4961 3106 5018 habitu
3118 4965 3222 5019 sim
3230 4967 3401 5035 ulato,

1809 5058 1866 5106 et
1900 5069 1966 5105 ex
2012 5052 2243 5105 adverso
2284 5051 2624 5103 consistens:
2677 5051 2810 5115 Ave,
2856 5051 3059 5122 inquit,
3114 5054 3398 5110 Pachomi.

1809 5142 1924 5211 Ego
1953 5158 2080 5194 sum
2110 5140 2367 5194 Christus
2400 5137 2523 5206 (4'2),
2557 5145 2614 5191 et
2638 5140 2799 5193 venio
2828 5140 2899 5194 ad
2930 5148 2984 5195 te
3015 5142 3237 5198 fidelem
3267 5145 3406 5199 ami-

1809 5247 1937 5284 cum
1968 5246 2179 5283 meum.
2196 5229 2352 5282 Tunc
2368 5228 2505 5297 ipse,
2528 5228 2808 5281 revelante
2830 5229 2936 5283 sibi
2961 5230 3174 5301 Spiritu
3188 5240 3399 5299 sancto,

1811 5319 2080 5373 visionem
2100 5335 2344 5372 renuens
2372 5316 2604 5382 inimici,
2634 5318 2917 5387 cogitabat
2945 5318 3094 5373 intra
3122 5338 3200 5387 se,
3234 5328 3404 5393 atque

1811 5408 2068 5463 dicebat:
2098 5408 2384 5462 Adventus
2414 5406 2621 5459 Christi
2652 5407 2991 5477 tranquillus
3026 5416 3129 5475 est,
3173 5417 3231 5465 et
3267 5411 3405 5466 visio

1810 5500 1931 5569 ejus
1961 5497 2113 5551 omni
2136 5498 2339 5550 timore
2370 5495 2563 5561 libera,
2596 5501 2651 5550 et
2675 5496 2881 5566 gaudio
2902 5498 3067 5568 plena
3086 5506 3200 5567 est;
3237 5501 3387 5571 preti

1813 5606 1919 5642 nus
1950 5587 2099 5640 enim
2122 5592 2179 5641 et
2192 5587 2451 5639 humanae
2480 5585 2845 5656 cogitationes
2868 5586 3096 5654 abeunt,
3118 5596 3175 5642 et
3194 5588 3408 5647 desi'de-

2559 5692 2661 5745 ego
2699 5682 2887 5729 autem
2926 5694 3075 5732 nunc
3121 5679 3402 5747 turbatus,

155 5769 278 5829 rima
304 5777 776 5849 quaa‘diceremus
800 5796 813 5845 ;
844 5776 947 5832 sed
970 5792 1043 5832 ne
1072 5791 1169 5833 vos
1208 5771 1450 5828 multum
1478 5769 1733 5825 laborare
1815 5766 1986 5824 variis
2007 5764 2437 5839 cogitationibus
2461 5770 2656 5847 aestuo.
2683 5766 2752 5820 Et
2770 5766 3036 5826 continuo
3065 5786 3321 5845 surgens,
3354 5778 3413 5827 et

511 5880 785 5946 PATROL.
814 5877 1104 5943 LXXIII.

3054 5869 3094 5932 9
