3912 6408
537 446 642 500 367

1563 443 1655 499 DE
1680 445 1868 499 VITIS
1909 443 2200 500 PATRUM
2241 445 2451 500 LIBER
2489 447 2777 502 PRIMUS.

3701 447 3794 507 ‘268

541 571 745 624 Christi
775 572 935 636 signo
961 587 1019 623 se
1049 571 1329 626 muniens.
1365 571 1615 622 extendit
1665 578 1862 623 manus
1892 589 2019 623 suas
2067 577 2188 629 utA
2217 587 2324 623 non
2358 581 2544 640 posset
2574 573 2626 624 id
2673 591 2860 639 agere,
2906 576 3228 644 respondit:
3280 575 3339 627 Si
3382 575 3664 628 vobiscum
3709 586 3798 644 pu'

538 659 723 729 ipsum
747 659 1270 728 comprehenderet.
1311 659 1376 711 Et
1399 660 1698 711 exsumans
1724 661 1779 711 in
1803 676 1930 711 etnu
1962 660 2124 711 dixit:

536 747 768 800 Discede
789 764 822 800 a
843 763 950 808 me,
981 746 1218 806 diabole,
1251 748 1383 818 quia
1405 749 1729 800 maledictus
1743 766 1801 800 es
1815 757 1894 806 tu,
1921 755 1977 800 et
1997 749 2130 800 visio

533 841 650 900 tua,
683 841 740 888 et
768 842 917 888 artes
941 835 1271 888 insidiarum
1313 843 1555 894 tuarum,
1592 853 1692 888 nec
1731 836 1899 888 habes
1949 837 2130 888 locum

534 925 682 994 apud
713 924 952 977 famulos
978 925 1110 988 Dei;
1147 931 1203 977 et
1231 924 1406 977 factus
1435 925 1602 977 veluti
1639 925 1837 994 pulvis,
1872 927 2130 989 cellulam

531 1013 654 1081 ejus
682 1013 1076 1066 molestissimo
1122 1013 1298 1066 fetore
1345 1013 1659 1082 complevit,
1711 1013 1788 1066 ita
1830 1019 1892 1066 ut
1945 1015 2129 1083 ipsum

530 1107 918 1172 corrumperet
945 1117 1154 1168 aerem,
1181 1118 1311 1154 voce
1331 1118 1534 1170 magna
1553 1103 1905 1172 proclamans
1929 1122 1939 1155 :
1967 1103 2130 1156 Modo

529 1196 585 1244 te
611 1191 862 1244 lucratus
881 1206 1084 1252 essem,
1104 1196 1160 1243 et
1175 1189 1278 1244 sub
1307 1207 1492 1244 meam
1523 1197 1856 1260 potestatem
1889 1191 2130 1258 redegis-

529 1296 667 1344 sem,
703 1279 801 1332 sed
823 1279 1084 1349 praecelsa
1106 1286 1192 1331 est
1207 1280 1383 1331 virtus
1412 1275 1618 1331 Christi
1645 1297 1656 1330 :
1682 1279 1805 1332 ideo
1835 1280 2070 1333 deludor
2097 1299 2130 1332 a

527 1368 684 1422 vobis
713 1369 772 1422 in
801 1368 1080 1422 omnibus.
1111 1368 1513 1421 Verumtamen
1560 1376 1831 1437 quantum
1872 1386 2120 1438 possum,

532 1473 628 1510 vos
657 1457 992 1527 impugnare
1021 1473 1132 1510 non
1156 1457 1406 1509 desinam
1429 1475 1439 1517 ;
1460 1463 1680 1526 oportet
1699 1457 1844 1509 enim
1871 1475 1958 1510 mea
1985 1475 2123 1527 opus

533 1561 724 1599 meum
751 1546 872 1599 sine
892 1545 1305 1598 intermissione
1327 1547 1622 1616 complere.
1649 1547 2124 1612 Pachomiusergo

531 1635 878 1688 confortatus
926 1633 1137 1705 Spiritu
1180 1642 1392 1694 sancto,
1442 1635 1814 1688 confitebatur
1867 1637 2122 1696 Domino,

527 1723 740 1793 gratias
765 1724 816 1777 ei
855 1739 1025 1793 agens
1053 1724 1123 1776 de
1153 1723 1311 1778 miris
1358 1740 1492 1790 erga
1537 1741 1596 1776 se
1637 1724 1918 1776 beneﬁciis
1957 1732 2125 1794 atque

529 1811 875 1866 muneribus.

599 1901 730 1954 CAP.
759 1901 930 1955 XLIX
952 1927 1011 1940 --
1045 1902 1108 1954 In
1149 1902 1249 1954 hoc
1279 1901 1450 1954 etiam
1497 1903 1839 1954 monasterio
1879 1903 2123 1972 quadam

525 1995 690 2043 nocte
743 2005 871 2043 cum
922 1987 1213 2044 Theodoro
1269 1990 1655 2054 deambulans,
1705 1990 1888 2044 subito
1932 1993 2124 2061 procul

523 2078 762 2132 intuitus
791 2085 878 2132 est
904 2079 1176 2148 grandem
1200 2079 1576 2148 phantasiam,
1602 2081 1778 2132 multa
1800 2081 1893 2132 sed
1905 2082 2124 2133 actione

522 2168 910 2238 compositam.
939 2169 1070 2221 Erat
1086 2169 1234 2221 enim
1254 2169 1312 2220 in
1330 2168 1522 2221 habitu
1554 2169 1826 2233 mulieris,
1852 2171 2123 2222 excedens

518 2272 747 2310 omnem
763 2257 1067 2311 humanam
1091 2257 1586 2327 pulchritudinem,
1613 2258 1691 2310 ita
1715 2265 1777 2311 ut
1793 2259 1982 2311 foran
2002 2261 2124 2326 ejus

521 2348 790 2417 expositio
822 2353 880 2402 et
905 2349 1056 2401 visus
1087 2347 1284 2417 exponi
1319 2364 1428 2400 non
1476 2355 1681 2418 posset.
1730 2349 1885 2402 Hanc
1931 2349 2122 2402 videns

518 2434 691 2490 etiam
719 2437 1061 2500 Theodorus,
1101 2436 1358 2491 turbatus
1381 2444 1466 2489 est
1495 2437 1672 2496 valde,
1707 2444 1761 2489 et
1782 2439 1966 2490 vultus
1999 2441 2120 2506 ejus

517 2525 852 2580 immutatus
881 2533 985 2578 est.
1013 2527 1192 2589 Quem
1226 2525 1557 2578 venerabilis
1587 2543 1752 2579 senex
1789 2527 1977 2579 videns
2031 2527 2119 2579 ni-

519 2614 700 2667 mium
730 2615 1030 2668 formidare
1055 2633 1065 2666 :
1093 2615 1322 2668 Confide
1352 2615 1408 2669 in
1440 2616 1696 2678 Domino,
1742 2615 1838 2673 ait,
1868 2633 1900 2666 ο
1937 2617 2120 2668 Theo-

519 2703 674 2767 dore,
709 2719 810 2756 nec
829 2703 1182 2772 aliquatenus
1204 2721 1550 2773 expavescas.
1575 2705 1703 2756 Hzec
1731 2705 1936 2765 dicens,
1965 2705 2120 2758 stetit

519 2791 580 2844 in
607 2791 881 2857 oratione,
911 2793 1234 2862 supplicans
1278 2793 1538 2854 Domino,
1589 2799 1652 2846 ut
1697 2794 1973 2862 stupenda
2024 2795 2119 2846 illa

519 2880 820 2950 phantasia
857 2881 1056 2934 divinae
1102 2881 1412 2950 majestatis
1461 2884 1757 2951 prmsentia
1789 2884 2113 2936 solveretur.

519 2970 776 3039 Cumque
823 2970 988 3024 simul
1026 2977 1270 3032 orarent,
1327 2970 1493 3040 cmpit
1537 2971 1632 3023 illa
1672 2971 1926 3040 proxima
1974 2973 2115 3036 fieri,

520 3075 688 3128 quam
702 3059 1048 3130 praecedebat
1061 3059 1302 3129 plurima
1317 3060 1634 3113 darmonum
1651 3061 2117 3113 multitudofum

519 3163 652 3217 ergo
683 3164 872 3218 preces
885 3163 1020 3202 suas
1042 3149 1372 3202 Pachomius
1388 3149 1734 3218 explicasset,
1755 3150 1849 3202 illa.
1869 3151 2115 3214 veniens,

2212 677 2473 724 gnavero,
2506 678 2614 713 non
2649 680 2816 731 parva
2847 663 2998 715 vobis
3030 664 3337 716 utilitatum
3377 664 3670 716 commoda
3700 664 3792 714 mi-

2215 749 2483 808 nistrabo,
2516 751 2754 802 maxime
2785 752 2903 810 tibi,
2948 769 2979 803 o
3021 753 3300 817 Pachomi,
3335 753 3428 822 qui
3479 753 3550 804 ad
3593 757 3794 805 tantam

2213 839 2600 890 celsitudinem
2635 841 2956 908 pervenisti,
2979 848 3040 893 ut
3066 842 3344 911 corporeis
3370 841 3542 893 oculis
3573 841 3792 908 gloriam

2214 927 2434 978 Domini
2472 929 2674 994 dignus
2705 929 2779 980 sis
2811 929 3035 981 habitus
3065 930 3298 984 intueri.
3329 929 3436 982 Sed
3464 929 3714 999 nunquid
3744 931 3792 982 in

2213 1023 2552 1084 perpetuum
2579 1033 2705 1069 cum
2732 1017 2842 1070 tuis
2862 1019 3147 1071 monachis
3177 1018 3474 1076 habitabis,
3510 1034 3648 1088 quos
3662 1034 3792 1071 nunc

2213 1110 2268 1155 et
2293 1105 2638 1157 orationibus
2671 1107 2935 1174 protegis,
2965 1115 3018 1160 et
3042 1107 3426 1160 exhortatione
3457 1107 3792 1161 corroboras?

2216 1191 2334 1244 Erit
2359 1200 2580 1263 tempus
2609 1203 2732 1264 post
2758 1195 2969 1248 obitum
3002 1203 3181 1258 tuum,
3232 1197 3455 1266 quando
3503 1197 3649 1248 inter
3691 1212 3788 1250 eos.

2213 1289 2379 1349 prout
2409 1282 2651 1336 libuerit.
2685 1283 3084 1348 debacchabor,
3118 1291 3175 1338 et
3221 1302 3384 1350 agam
3424 1285 3493 1338 de.
3535 1284 3622 1338 his
3665 1303 3791 1354 quae-

2207 1386 2423 1440 cunque
2453 1372 2763 1440 placuerint
2784 1374 2941 1427 mihi.
2975 1375 3054 1427 Tu
3082 1391 3323 1443 namque
3346 1375 3478 1426 facis
3513 1381 3576 1427 ut
3603 1390 3740 1427 nunc
3769 1391 3794 1424 a

2208 1465 2366 1512 tanta
2387 1462 2789 1514 monachorum
2808 1465 3240 1529 congregatione
3267 1465 3579 1516 conculcer.
3601 1464 3663 1516 Et
3683 1480 3791 1515 san-

2209 1554 2332 1600 ctus
2355 1549 2438 1601 vir
2465 1567 2474 1600 :
2513 1551 2710 1603 Nonne
2742 1551 2867 1615 scis,
2903 1553 3104 1622 inquit,
3139 1553 3353 1614 infelix,
3393 1552 3543 1622 quod
3574 1553 3788 1604 forsitan

2211 1645 2333 1706 post
2364 1655 2462 1690 nos
2493 1640 2750 1693 meliores
2782 1647 2966 1698 erunt,
2997 1643 3092 1710 qui
3115 1642 3340 1694 Christo
3369 1641 3590 1694 sincera
3620 1641 3789 1694 volun-

2209 1733 2324 1779 tate
2356 1728 2683 1786 servientes,
2711 1747 2804 1781 eos
2837 1731 2930 1798 qui
2962 1730 3029 1781 ad
3055 1730 3406 1800 disciplinam
3438 1731 3660 1783 Domini
3674 1747 3788 1782 con-

2211 1815 2469 1881 fugerint,
2506 1823 2561 1870 et
2583 1819 2851 1870 doctrinis
2899 1819 3246 1888 spiritalibus
3278 1820 3556 1882 imbuant,
3602 1825 3653 1871 et
3701 1819 3786 1888 piis

2148 1907 2474 1987 Bexemplis
2498 1907 2790 1960 aedificent.
2813 1909 2971 1965 Novi,
3006 1909 3085 1961 ait
3106 1909 3222 1972 illa,
3256 1909 3402 1971 quod
3433 1914 3630 1961 contra
3646 1915 3808 1978 caput-

2208 2000 2368 2046 tuum
2400 1997 2565 2047 modo
2597 1998 2866 2049 mentitus
2893 1997 2986 2050 sis.
3011 1999 3164 2051 Tunc
3200 1996 3538 2050 Pachomius
3567 1998 3678 2050 ait:
3721 1997 3791 2048 Tu

2210 2085 2487 2136 maudaeii
2545 2086 2924 2155 principatum
2967 2088 3138 2154 geris,
3195 2103 3324 2140 nam
3367 2086 3631 2156 praescire.
3673 2085 3792 2138 nihil

2209 2174 2436 2226 omnino
2465 2175 2750 2243 prawales.
2779 2177 2894 2227 Hoc.
2917 2176 3065 2228 enim
3099 2176 3272 2228 solius
3293 2176 3392 2228 Dei
3423 2183 3528 2240 est,
3557 2181 3614 2228 et
3641 2176 3793 2243 maje-

2208 2263 2367 2314 statis
2391 2265 2511 2331 ejus
2523 2280 2585 2315 ac.
2611 2265 2871 2333 potentiae
2894 2265 3201 2334 pr0prium,
3221 2271 3421 2318 cuncta
3441 2280 3786 2335 praenoscere.

2207 2351 2339 2412 Quae
2362 2353 2676 2420 respondit:
2707 2353 3023 2404 Secundum
3044 2353 3451 2422 przescientiam
3467 2353 3708 2423 quidem,
3731 2359 3783 2404 ut

2205 2440 2362 2502 dicis,
2397 2441 2619 2508 penitus
2654 2441 2790 2492 nihil
2822 2442 2966 2501 novi,
3011 2441 3357 2509 conjiciendo
3397 2449 3591 2494 tamen
3630 2445 3790 2507 1⁸8

2205 2525 2446 2592 plurima
2474 2543 2765 2593 cognosco.
2798 2526 2861 2578 Et
2888 2533 3078 2578 saneto
3119 2525 3421 2579 Pachomio
3462 2527 3780 2580 sciscitante.

2208 2615 2485 2680 quomodo
2524 2615 2805 2683 conjiciat.
2839 2615 2919 2668 ait
2941 2615 3034 2667 illa
3061 2633 3072 2667 :
3118 2615 3192 2668 Ex
3219 2615 3664 2684 praecedentibus
3682 2631 3782 2684 quae

2205 2711 2336 2753 sunt
2367 2710 2618 2763 ventura,
2653 2704 2970 2761 considero.
3012 2704 3078 2756 Et
3106 2703 3190 2755 vir
3211 2711 3438 2758 sanctus
3459 2705 3544 2758 ait
3565 2705 3778 2758 adeam:

2205 2790 2496 2852 Quomodo
2530 2793 2808 2860 conjicere
2824 2794 3022 2862 possis,
3047 2797 3313 2863 exprime.
3341 2794 3410 2848 Et
3430 2793 3557 2846 illa:
3584 2793 3783 2848 Omnis.

2202 2878 2403 2948 inquit,
2438 2881 2516 2932 rei
2551 2883 2883 2951 principium
2917 2899 3178 2952 processu
3202 2882 3472 2952 temporis
3505 2883 3574 2934 ad
3599 2880 3782 2935 consti-

2203 2975 2389 3022 tutum
2418 2971 2597 3022 tetulit
2628 2978 3013 3036 augmentum,
3060 2971 3260 3024 deinde
3291 2972 3360 3023 ad
3400 2971 3782 3024 detrimentum

2204 3057 2457 3124 divergit.
2497 3059 2586 3110 Sic
2619 3076 2751 3124 ergo
2785 3066 2840 3111 et
2877 3060 2933 3112 in
2963 3061 3067 3112 hac
3096 3060 3282 3112 divina
3308 3061 3602 3113 vocatione
3629 3058 3780 3127 conji—

2203 3147 2307 3205 cio,
2343 3164 2464 3214 qua:
2495 3148 2642 3199 inter
2672 3149 2830 3200 initia
2862 3165 2959 3201 sua
2989 3149 3198 3201 cmlesti
3229 3148 3496 3202 roborata
3525 3148 3775 3219 praesidio.

518 3237 600 3291 ait
628 3237 697 3291 ad
719 3255 812 3291 eos
837 3256 848 3290 :
871 3237 1014 3301 Quid
1035 3239 1318 3308 superflue
1347 3238 1631 3294 laboratis,
1653 3239 1786 3290 dum
1813 3245 2006 3291 contra
2027 3257 2114 3291 me
2139 3253 2179 3306 (ζ
2202 3235 2378 3302 signis
2408 3242 2459 3288 et
2495 3237 2783 3305 prodigiis,
2808 3238 3086 3307 variisque
3112 3237 3415 3290 virtutibus
3445 3239 3636 3293 crevit.
3658 3238 3776 3290 Cum

518 3327 659 3380 nihil
688 3343 854 3396 agere
877 3328 1154 3397 potestis?
1187 3329 1299 3396 Ego
1330 3344 1572 3397 namque
1599 3334 1932 3397 potestatem
1963 3344 2116 3380 acce-

517 3415 572 3486 pi
604 3433 638 3469 a
661 3417 900 3470 Domino
919 3421 1140 3470 tentare
1165 3433 1304 3487 quos
1335 3417 1480 3472 volo.
1520 3417 1586 3469 Et
1614 3417 1979 3486 interrogavit
1992 3434 2115 3469 eam

519 3504 871 3570 Pachomius,
901 3506 1120 3558 dicens:
1151 3505 1295 3568 Quid
1321 3505 1403 3558 vis
1445 3521 1584 3564 esse,
1627 3505 1708 3557 vel
1745 3505 1892 3558 unde
1939 3505 2112 3570 venis,

519 3599 620 3646 aut
647 3607 812 3664 quem
842 3599 1062 3647 tentare
1103 3600 1164 3648 tu
1196 3595 1438 3663 quaeris?
1489 3595 1620 3657 Quae
1671 3595 1785 3646 ait:
1831 3594 1943 3660 Ego
1991 3611 2114 3646 sum

519 3681 722 3736 diaboli
754 3683 955 3749 virtus,
999 3689 1055 3736 et
1085 3683 1222 3736 mihi
1257 3689 1342 3736 est
1381 3688 1603 3736 caterva
1637 3684 1952 3736 dzetnonum
1998 3689 2116 3736 tota

517 3770 786 3839 subjecta.
821 3772 937 3841 Ego
981 3788 1105 3826 sum
1147 3789 1268 3842 quae
1318 3779 1511 3825 sancta
1546 3771 1762 3825 lumina
1801 3772 1857 3824 in
1906 3777 2116 3824 terram

517 3861 822 3930 praecipito,
857 3867 914 3915 et
941 3861 1177 3931 caligine
1209 3861 1509 3916 mortiferae
1547 3861 1848 3930 voluptatis
1877 3860 2113 3914 involvo.

520 3948 633 4017 Ego
659 3949 864 4003 ludam
895 3967 1114 4020 quoque.
1145 3950 1356 4020 decepi,
1381 3956 1436 4002 et
1465 3945 1534 4002 ab
1567 3950 1912 4018 apostolatus
1939 3949 2114 4017 dejeci

516 4037 759 4113 fastigio.
785 4038 856 4091 Et
877 4043 933 4091 te
961 4039 1154 4108 igitur,
1187 4056 1219 4091 ο
1240 4038 1523 4102 Pachomi,
1549 4037 1784 4108 expetivi
1801 4055 1833 4090 a
1854 4037 2110 4102 Domino,

518 4131 577 4178 et
604 4126 936 4196 impugnare
969 4143 1078 4180 non
1109 4144 1264 4180 cesso
1290 4147 1301 4193 ;
1339 4143 1442 4180 nec
1473 4143 1696 4197 possum
1728 4126 1968 4196 amplius
2013 4143 2114 4198 op-

520 4213 746 4284 probria
772 4215 1087 4268 daemonum
1119 4216 1416 4281 sustinere,
1452 4216 1598 4285 quod
1627 4215 1904 4268 universis
1929 4215 2113 4284 impu-

516 4302 877 4372 gnationibus
906 4320 970 4357 ac
999 4303 1208 4375 praeliis
1236 4305 1375 4358 meis
1407 4303 1750 4374 superiorem
1781 4309 1836 4356 te
1867 4321 1986 4356 esse.
2017 4303 2113 4357 de-

518 4394 936 4448 monstraveris.
965 4395 1166 4449 Nullus
1188 4395 1338 4449 enim
1359 4411 1467 4459 me,
1495 4394 1639 4447 sicut
1657 4400 1740 4454 tu,
1765 4395 1885 4446 sine.
1905 4393 2115 4447 viribus

519 4483 778 4538 reddidit.
799 4485 944 4538 Nam
953 4485 1255 4554 juvenibus
1275 4490 1332 4538 et
1350 4483 1596 4548 senibus,
1616 4500 1831 4536 necnon
1859 4482 2114 4554 etpueris

2199 3323 2371 3391 igitur
2400 3342 2686 3377 senescere
2707 3325 2955 3395 cceperit,
2991 3343 3024 3378 a
3057 3326 3295 3396 propriis
3325 3327 3777 3383 minueturincre—

2202 3413 2427 3474 mentis,
2461 3420 2559 3466 aut
2585 3415 2855 3484 temporis
2908 3414 3280 3468 diuturnitate
3323 3415 3651 3472 lassescens.
3697 3419 3774 3465 aut

2201 3502 2556 3568 negligentice
2576 3510 2799 3574 torpore
2817 3505 3100 3566 deficiens,
3115 3509 3248 3558 tunc
3262 3505 3532 3557 adversus
3551 3505 3775 3572 hujusce-

2201 3591 2352 3640 modi
2383 3605 2578 3659 potero
2596 3593 2912 3662 praavalere.
2945 3593 3051 3646 Sed
3075 3599 3131 3645 et
3150 3608 3298 3647 nunc
3327 3609 3470 3662 opus
3493 3608 3674 3646 meum
3687 3596 3770 3643 est.

2201 3679 2561 3747 supplantare
2587 3697 2725 3750 quos
2756 3697 3002 3750 possum,
3035 3697 3379 3751 magnosque
3402 3683 3553 3735 viros
3581 3687 3772 3735 tentare.

2202 3781 2313 3819 non
2344 3767 2558 3824 desino.
2582 3769 2685 3821 Cui
2707 3769 3039 3824 Pachomius
3061 3771 3166 3824 ait:
3202 3770 3282 3833 Si,
3311 3777 3374 3823 ut
3391 3770 3772 3839 dicis,magnos

2201 3855 2347 3907 viros
2377 3863 2596 3909 tentare
2626 3874 2735 3910 non
2761 3858 2989 3923 desinis,
3024 3860 3427 3929 prapriumque
3459 3875 3599 3930 opus
3633 3864 3771 3911 tuum

2199 3944 2514 3998 animarum
2547 3947 2916 4016 perditionem
2933 3965 3054 4000 esse
3075 3950 3325 4018 professa
3353 3964 3432 4010 es,
3471 3954 3657 4019 utpote
3671 3961 3770 4016 qua:

2200 4041 2427 4088 cunctos
2459 4036 2679 4088 excellis
2717 4035 2775 4089 in
2806 4038 3022 4090 malitia
3049 4038 3348 4102 daemones,
3383 4038 3474 4091 dic
3523 4034 3770 4108 quomodo

2201 4139 2347 4176 nunc
2373 4125 2637 4176 adversus
2659 4125 2758 4177 Dei
2782 4125 3020 4179 famulos
3049 4141 3162 4180 non
3183 4133 3343 4197 potes
3372 4127 3668 4196 praevalere
3683 4124 3703 4175 ἲ
3718 4122 3771 4175 Et

2200 4214 2294 4266 illa
2319 4233 2333 4267 :
2367 4215 2490 4266 Jam
2521 4214 2640 4274 tibi,
2674 4215 2875 4284 inquit,
2902 4223 3032 4269 ante
3047 4216 3295 4286 praedixi,
3315 4233 3380 4269 ex
3402 4233 3516 4286 quo
3529 4210 3770 4268 mirabilis

2199 4303 2508 4356 incarnatio
2525 4303 2732 4356 Christi
2756 4304 2901 4358 facta
2921 4310 3007 4358 est
3035 4305 3096 4360 in
3115 4306 3301 4364 terris,
3325 4322 3427 4358 nos
3458 4301 3770 4358 sineviribus

2199 4409 2428 4461 prorsus
2459 4391 2694 4444 existere
2723 4393 2990 4463 coepimus
3015 4413 3028 4459 ;
3060 4393 3141 4447 ita
3161 4400 3225 4447 ut
3239 4394 3310 4447 ab
3329 4394 3417 4447 his
3445 4395 3542 4464 qui
3562 4391 3770 4446 credunt

2198 4480 2254 4532 in
2278 4481 2501 4533 nomine
2525 4483 2646 4550 ejus
2677 4481 2981 4536 illudamur
3009 4488 3073 4536 ut
3102 4499 3355 4553 passeres
3397 4480 3530 4553 (43).
3561 4481 3768 4534 Verum-

513 4572 771 4628 doctrina
798 4580 898 4628 tua
926 4591 1016 4628 me
1045 4572 1320 4640 subdidit;
1357 4580 1413 4627 et
1438 4578 1502 4628 ut
1531 4572 1600 4627 ab
1638 4574 1718 4626 eis
1747 4573 1972 4643 penitus
1988 4589 2116 4625 con-
2134 4575 2386 4660 Dtamen
2412 4571 2516 4622 etsi
2548 4571 2756 4624 infirmi
2792 4587 2987 4625 sumus
3012 4572 3234 4636 redditi,
3279 4587 3394 4627 non
3439 4587 3617 4642 usque.
3650 4568 3766 4621 adeo

514 4663 720 4729 culcer,
753 4664 934 4718 effecit
959 4683 970 4716 :
1003 4669 1224 4718 tantum
1255 4681 1602 4733 congregans
1625 4672 1819 4716 contra
1840 4679 1928 4715 me
1959 4677 2113 4715 exer-

513 4753 688 4806 citum
746 4753 1168 4818 monachorum,
1220 4759 1276 4806 et
1314 4769 1476 4806 muro
1535 4751 1956 4822 inexpugnabili
2010 4751 2108 4832 Dei

509 4840 718 4894 timore
743 4841 1094 4896 circumdans
1124 4842 1219 4908 ita,
1247 4848 1311 4896 ut
1340 4841 1584 4895 ministri
1615 4843 1726 4895 mei
1754 4858 1866 4894 non
1891 4824 2123 4892 valeant

509 4943 581 4982 ex
611 4929 766 4983 vobis
789 4945 1124 5001 quemquam
1154 4949 1257 4985 sua
1284 4931 1579 5000 multiplici
1599 4931 1793 4984 fraude
1823 4930 2107 4983 seducere.

511 5020 646 5074 Haec
665 5025 856 5073 autem
875 5019 1035 5074 nobis
1053 5021 1242 5074 omnia
1261 5021 1592 5089 contingunt
1614 5026 1842 5090 propter
1863 5017 2108 5072 Verbum

511 5108 634 5174 Dei,
662 5107 870 5162 factum
902 5109 1205 5169 hominem,
1241 5109 1336 5178 qui
1367 5109 1518 5162 vobis
1546 5115 1880 5179 potestatem
1909 5106 2109 5161 tribuit

509 5203 761 5251 nostram
805 5198 1126 5268 proculcare
1171 5197 1455 5250 virtutem.
1509 5199 1578 5250 Et
1624 5197 1956 5250 Pachomius
1986 5195 2100 5248 ait:

505 5286 654 5350 Quid
682 5287 894 5357 igitur?
922 5288 1008 5340 Me
1039 5287 1398 5351 solum,sicut
1413 5286 1620 5351 dixisti,
1647 5293 1868 5339 tentare
1885 5283 2102 5344 venisti,

507 5391 578 5429 an
609 5393 720 5429 non
751 5377 925 5429 alios?
946 5375 1014 5430 Et
1039 5380 1115 5440 te,
1151 5375 1248 5438 ait,
1281 5382 1336 5428 et
1353 5375 1446 5446 qui
1477 5375 1556 5429 tui
1587 5381 1719 5428 sunt
1749 5375 1974 5427 similes.
1995 5375 2104 5426 ite-

507 5481 632 5518 rum
657 5473 886 5519 sanctus
916 5465 1000 5518 vir
1026 5465 1396 5534 interrogavit
1424 5483 1566 5526 eam,
1602 5465 1825 5517 dicens:
1861 5463 2009 5529 Ergo
2049 5467 2106 5515 et

503 5552 894 5608 Theodorum?
917 5555 1018 5609 Illa
1035 5555 1352 5625 respondit:
1374 5555 1441 5608 Et
1458 5553 1812 5608 Theodorum
1837 5549 2098 5621 expetivi,

504 5645 561 5693 et
589 5646 920 5710 potestatem
953 5643 1139 5712 accepi
1165 5649 1383 5697 tentare
1405 5661 1520 5698 vos.
1537 5641 1633 5694 sed
1653 5639 2102 5712 appropinquare

505 5729 658 5783 vobis
687 5731 910 5802 penitus
950 5748 1186 5808 nequeo.
1223 5734 1290 5786 Et
1322 5729 1799 5801 interrogantibus
1828 5745 1953 5783 eam
2003 5743 2102 5783 cur

2193 4659 2441 4727 gerimus
2463 4659 2596 4723 otia,
2621 4664 2684 4712 ut
2715 4676 2826 4713 non
2847 4677 2986 4730 quos
3013 4677 3310 4731 possumus
3323 4660 3582 4730 decipere
3601 4656 3766 4712 molia-

2195 4763 2342 4799 mur.
2379 4748 2680 4816 Nunquam
2703 4747 2910 4818 quippe
2939 4748 3276 4818 quiescimus
3291 4749 3575 4802 adversari
3597 4741 3764 4816 generi

2193 4841 2396 4899 vestro,
2447 4843 2696 4888 serentes
2751 4838 2929 4890 malas
2975 4837 3340 4906 cogitationes
3389 4837 3449 4890 in
3497 4832 3764 4889 animabus

2193 4940 2387 4977 eorum
2419 4925 2512 4994 qui
2542 4930 2740 4977 contra
2764 4941 2865 4978 nos
2896 4925 3183 4979 decertare
3225 4926 3588 4979 contendunt.
3629 4923 3688 4975 Et
3727 4917 3762 4970 si

2191 5013 2349 5066 nobis
2367 5013 2719 5066 titillantibus
2747 5029 2996 5068 annuere
3024 5031 3119 5069 eos
3145 5031 3208 5068 ex
3241 5020 3399 5086 parte
3427 5013 3632 5085 aliquid
3656 5023 3762 5063 sen-

2191 5103 2446 5165 serimus,
2505 5108 2638 5156 tunc
2702 5104 2942 5173 amplius
2995 5104 3373 5174 nequissimae
3425 5101 3762 5174 cogitationes

2189 5191 2568 5254 immittimus,
2597 5197 2653 5246 et
2673 5191 3018 5246 diversarum
3045 5195 3396 5263 voluptatum
3415 5191 3662 5246 incendia
3681 5184 3763 5239 mi-

2190 5280 2520 5337 nistramus:
2547 5286 2607 5333 et
2635 5280 2714 5332 ita
2744 5281 3064 5350 przeliantes
3085 5283 3376 5340 acerrime,
3407 5281 3761 5334 subintramus

2189 5385 2301 5430 eos,
2336 5376 2650 5438 nostraeque
2678 5369 2898 5438 plenius
2927 5372 3191 5440 potestati
3219 5371 3562 5439 subjicimus.
3587 5368 3640 5423 Si
3655 5377 3759 5416 vero

2188 5457 2491 5510 viderimus
2513 5475 2578 5509 ea
2597 5474 2721 5526 qua:
2753 5465 3140 5527 suggeruntur
3157 5473 3192 5511 ο.
3209 5459 3396 5524 nobis,
3415 5476 3508 5512 eos
3529 5474 3558 5512 e
3573 5459 3760 5510 contra-

2187 5547 2268 5600 rio
2299 5563 2412 5600 non
2454 5547 2637 5600 solum
2679 5562 2792 5600 non
2831 5547 3132 5618 suscipere,
3171 5565 3366 5604 verum
3407 5564 3508 5605 nec
3551 5545 3758 5598 libenter

2185 5635 2498 5697 attendere,
2522 5637 2742 5705 ﬁdeque
2768 5653 2893 5706 quae
2921 5637 2980 5690 in
3009 5638 3234 5691 Christo
3263 5645 3367 5705 est,
3402 5637 3685 5707 vigilanter
3712 5633 3756 5679 et

2183 5725 2366 5778 sobrie
2393 5743 2451 5779 se
2470 5726 2707 5786 munire,
2741 5726 2885 5780 sicut
2915 5727 3102 5782 fumus
3135 5722 3450 5800 dissipatur
3463 5727 3523 5782 in
3543 5717 3752 5780 seret-“ie

3460 6114 3493 6172 ὲ
