3912 6392
163 391 272 449 269

924 397 1094 453 VITA
1135 400 1394 461 SANCTI
1435 401 1790 462 PACHOMII
1831 404 2138 464 ABBATIS
2174 407 2696 463 TABENNENSIS.

3342 415 3449 475 ΠΟ

164 521 234 574 ab
259 538 459 578 eorum
479 523 739 578 cordibus
768 525 1034 595 pellimur
1049 531 1107 580 et
1125 527 1403 596 fugamur.
1423 529 1548 584 Non
1576 528 1760 582 omni-
1779 532 1830 590 A
1846 530 1996 585 thios
2034 530 2407 601 operabatur;
2440 538 2768 604 tantamque
2797 535 3194 594 conti-itionem
3215 545 3446 610 propter

165 609 270 664 bus
309 611 482 666 etiam
525 612 736 666 viribus
784 615 990 668 nostris
1029 616 1412 684 permittimur
1440 634 1568 670 cum
1613 617 1764 672 omni

165 701 393 756 homine
423 702 723 770 congredi;
761 703 894 772 quia
914 721 1025 758 non
1060 722 1254 760 omnes
1283 715 1517 776 possunt
1547 714 1767 760 nostros

162 789 410 859 impetus
422 791 720 846 sustinere.
740 793 886 847 Nam
905 793 950 847 si
971 795 1369 848 concederetur
1384 796 1545 850 nobis
1560 797 1766 866 passim

163 886 361 935 contra
380 896 577 936 omnes
602 888 796 936 nostra
823 883 1150 938 fortitudine
1183 885 1524 955 depugnare,
1560 887 1767 940 multos

164 985 478 1038 possemus,
515 971 611 1041 qui
649 988 800 1026 nunc
827 978 926 1026 tuo
963 975 1222 1028 toventur
1251 974 1461 1038 labore,
1489 975 1764 1046 decipere.

166 1057 276 1111 Sed
313 1059 452 1128 quid
479 1059 743 1130 agimus?
781 1061 915 1132 quia
937 1063 1211 1132 juvantur
1252 1065 1508 1134 precibus
1537 1066 1670 1130 tuis,
1712 1072 1769 1119 et

163 1146 374 1202 virtute
422 1155 593 1219 atque
629 1151 882 1220 potentia
920 1152 1183 1206 Cruciﬁxi
1217 1154 1568 1209 muniuntur.
1611 1154 1646 1208 Γι
1661 1172 1769 1210 unc

163 1244 390 1291 sanctus
411 1239 746 1294 Pachomius
767 1257 898 1294 voce
929 1257 1133 1310 magna
1155 1259 1282 1296 cum
1297 1244 1510 1312 gemitu
1538 1244 1680 1298 dixit
1695 1245 1767 1299 ad

165 1342 326 1379 eam:
375 1327 421 1381 Ο
459 1327 896 1384 indormitabilis
934 1331 1187 1402 nequitia
1223 1338 1428 1396 vestra,
1460 1350 1583 1404 quia
1623 1350 1768 1390 nun-

165 1431 336 1486 quam
391 1417 658 1472 adversus
684 1436 863 1488 genus
908 1419 1220 1475 humanum
1270 1422 1463 1476 saevire
1511 1423 1768 1499 desistit,

165 1503 344 1560 donec
386 1505 594 1560 iterum
631 1507 822 1562 divina
862 1509 1058 1574 virtus,
1111 1510 1168 1564 id
1213 1517 1314 1575 est,
1349 1512 1449 1566 Dei
1486 1512 1660 1567 Filius
1698 1513 1767 1566 de

1848 620 2147 674 Dominum
2161 620 2560 681 sustinebat,ut
2572 639 2954 692 saepenumero
2969 625 3246 682 funiculos
3273 637 3308 693 Ι
3323 633 3446 696 ,⁸1

1849 709 2196 778 intorquens,
2223 718 2739 780 compungerentur
2761 730 2961 767 manus
2991 715 3040 784 ej
3051 732 3131 780 us,
3149 723 3206 770 et
3225 717 3450 788 sangui-

1851 797 1938 852 nis
1982 805 2157 866 guttae
2202 798 2517 864 eﬂluerent,
2565 800 2867 868 intentum,
2901 808 2966 858 ut
3011 820 3077 857 ex
3120 803 3240 875 ipso
3279 823 3449 878 opere

1850 904 2056 956 magna
2075 887 2176 940 viri
2207 889 2508 944 tolerantia
2536 897 2968 946 monstraretur.
3000 893 3066 948 In
3095 899 3250 949 tanta
3274 895 3452 965 igitur

1849 975 2181 1030 inﬁrmitate
2211 978 2458 1048 corporis
2486 979 2846 1046 constitutus,
2891 997 3179 1052 nunquam
3209 984 3449 1043 fratrum

1850 1065 2139 1119 collectam
2160 1065 2426 1127 deseruit,
2461 1067 2557 1121 sed
2589 1068 2660 1124 ad
2682 1069 2983 1139 explendas
3001 1086 3198 1127 omnes
3217 1073 3450 1130 diurnas

1851 1154 2152 1218 orationes,
2201 1154 2435 1209 sollicite
2482 1157 2811 1222 convolavit,
2873 1159 3013 1213 adeo
3052 1165 3117 1216 ut
3158 1177 3451 1232 nunquam

1851 1242 2122 1298 dormiret
2148 1243 2416 1298 interdiu.
2448 1243 2830 1299 (lonsueverat
2858 1252 3051 1302 autem
3073 1265 3173 1318 per
3196 1249 3446 1320 singulas

1855 1337 2046 1386 noctes
2095 1332 2426 1402 priusquam
2475 1339 2702 1403 caperet
2751 1351 3032 1402 somnum,
3083 1337 3340 1407 quaedam
3378 1339 3451 1398 de

1857 1421 2160 1491 Scripturis
2199 1423 2408 1476 sanctis
2447 1421 2706 1478 meditari
2740 1441 2754 1489 ;
2794 1429 3024 1494 totaque
3062 1426 3316 1482 membra
3349 1444 3456 1484 sua

1857 1510 2066 1564 Christi
2097 1511 2384 1581 signaculo
2413 1511 2692 1576 muniens,
2723 1513 3076 1582 gloriﬁcabat
3096 1515 3314 1589 jugiter
3339 1517 3454 1575 Do:-

164 1593 321 1648 emlis
337 1595 656 1660 adveniens,
683 1614 747 1650 ex
777 1597 996 1668 integro
1022 1615 1116 1652 vos
1145 1606 1440 1654 consumat
1469 1606 1527 1654 et
1548 1601 1762 1671 perdat.
1851 1599 2088 1664 minum,
2139 1607 2196 1654 et
2224 1601 2305 1655 ita
2347 1601 2637 1670 paululum
2679 1601 3018 1671 quiescebat.
3053 1604 3266 1660 Deinde
3306 1606 3455 1662 circa

165 1682 296 1736 Haec
331 1684 540 1750 dicens,
607 1685 916 1756 increpavit
970 1695 1249 1742 cat-ervam
1299 1690 1616 1744 (laenionum
1665 1689 1767 1745 sub
1851 1689 2031 1742 noctis
2053 1689 2298 1743 medium
2331 1707 2586 1759 surgens,
2611 1708 2788 1762 usque
2817 1693 2887 1746 ad
2920 1694 3228 1750 matutinas
3248 1697 3454 1752 oratio-

165 1772 394 1826 nomine
425 1774 652 1828 Christi.
689 1775 822 1839 Quae
853 1793 981 1830 mox
1004 1777 1276 1848 dissipata
1300 1785 1404 1843 est,
1439 1785 1496 1832 et
1523 1780 1594 1832 ad
1617 1779 1767 1834 nihi-
1789 1853 1826 1857 _
1852 1793 1952 1830 nes
1975 1778 2160 1832 alacer
2182 1779 2568 1849 permanebat.
2595 1781 2778 1850 Hujus
2799 1782 3099 1852 aliquando
3115 1801 3316 1842 manus
3333 1787 3455 1857 qui.-

167 1861 284 1916 lum
312 1861 600 1917 dissoluta.
859 1881 868 1890 ν
1789 1853 1836 1915 Β
1851 1865 1982 1920 dam
2004 1866 2178 1921 frater
2196 1867 2516 1938 inspiciens,
2541 1869 2728 1939 Operis
2747 1870 3038 1927 nimietate
3058 1880 3227 1944 atque
3246 1853 3452 1932 violem

237 1951 402 2006 Mane
432 1959 623 2008 autem
650 1954 817 2018 facto,
861 1973 1169 2010 convocans
1201 1957 1539 2012 Pachomius
1572 1975 1766 2012 omnes
1851 1955 2160 2010 tiat‘ortiter
2179 1957 2477 2018 sauciatus,
2501 1964 2559 2012 et
2572 1975 2857 2028 respersas
2883 1962 3178 2030 sanguine,
3208 1963 3348 2018 dicit
3371 1965 3443 2020 ei:

163 2040 505 2111 fratresrqui
533 2044 617 2096 vel
652 2045 948 2099 sanctitate
968 2046 1112 2112 vitae,
1146 2047 1231 2100 vel
1260 2047 1595 2118 antiquitate
1625 2054 1764 2102 tem—

163 2131 318 2200 poris
342 2131 746 2201 prmoedebant,
783 2135 1038 2204 exposuit
1057 2135 1136 2188 eis
1165 2142 1366 2190 cuncta
1392 2153 1518 2206 qum
1550 2137 1769 2191 viderat

162 2225 336 2290 atque
347 2221 604 2276 audierat
614 2240 646 2276 a
663 2224 925 2294 malignis
937 2225 1243 2296 spiritibus.
1265 2227 1576 2280 Insinuavit
1593 2227 1767 2281 etiam

159 2325 268 2379 per
293 2311 560 2381 epistolas
588 2329 718 2367 suas
746 2313 1089 2378 absentibus,
1108 2315 1368 2370 muniens
1399 2333 1494 2370 eos
1524 2317 1580 2369 in
1605 2317 1767 2370 disci.-

161 2399 320 2468 piina
331 2406 499 2470 atque
520 2401 722 2455 timore
741 2403 983 2469 Domini,
1002 2409 1058 2457 et
1075 2404 1359 2458 instruens
1382 2405 1762 2476 providenter,

161 2495 228 2542 ut
257 2489 315 2542 in
339 2490 494 2543 nullo
517 2507 744 2560 prorsus
765 2493 1076 2562 pbantasiis
1092 2494 1408 2548 dazmonum
1439 2495 1768 2550 cedant.nec

159 2577 497 2632 insidiarum
519 2581 948 2635 multiformium
970 2583 1253 2653 praestigia
1267 2585 1766 2648 extimescant.Qui

159 2667 417 2722 videntes
449 2669 807 2723 etaudientes
826 2687 950 2741 quae
964 2689 1064 2742 per
1079 2672 1324 2726 divinam
1341 2673 1586 2743 gratiam
1609 2674 1678 2727 ab
1698 2690 1764 2727 eo

161 2756 438 2811 miracula
455 2758 815 2828 gerebantur,
833 2761 1178 2815 corroborati
1195 2768 1365 2832 atque
1387 2763 1611 2816 solidati
1635 2764 1762 2827 ﬁde,

161 2862 297 2899 cum
326 2847 480 2901 omni
517 2848 807 2903 alacritate
854 2849 1104 2904 laborem
1138 2852 1498 2908 continentiae
1541 2853 1767 2906 suifere-

161 2935 323 2990 bant.

235 3027 370 3080 CAP.
392 3027 453 3080 L.
486 3053 552 3066 -—
583 3029 807 3082 Interea
831 3029 1068 3099 alicujus
1104 3031 1314 3096 fratris,
1358 3032 1454 3101 qui
1485 3031 1768 3102 patientiae

159 3115 318 3168 senis
343 3116 578 3170 aemulus
598 3123 658 3172 et
685 3117 937 3173 imitator
955 3125 1095 3184 erat,
1119 3137 1247 3174 cum
1277 3126 1454 3174 staret
1467 3122 1536 3174 ad
1559 3121 1768 3174 oratio-

1851 2043 1996 2107 Quid
2015 2044 2089 2097 ita
2104 2051 2263 2113 pater
2281 2045 2580 2100 durissimo
2593 2047 2782 2101 labore
2795 2054 2850 2102 te
2866 2049 3441 2108 discrucias.maxime

1851 2133 1951 2188 tali
1981 2133 2308 2188 inﬁrmitate
2335 2135 2773 2206 depres‘sus?An
2803 2137 2943 2192 forte
2973 2140 3181 2194 metuis
3211 2157 3282 2194 ne
3301 2142 3454 2212 apud

1850 2222 2030 2276 Deum
2057 2225 2359 2278 contrahas
2379 2225 2668 2290 oil‘ensam,
2704 2227 2786 2279 vel
2807 2227 2908 2282 otii
2937 2227 3150 2283 crimen
3173 2229 3448 2298 incurias,

1849 2312 1896 2366 si
1929 2329 2040 2366 non
2080 2313 2275 2368 sedulo
2307 2313 2481 2367 fueris
2524 2315 2823 2384 operatus?
2852 2317 2970 2370 Scit
3010 2317 3284 2374 Dominus
3314 2320 3450 2390 quid

1849 2402 2078 2472 pateris,
2111 2408 2167 2456 et
2192 2403 2325 2472 quia
2339 2419 2504 2456 nemo
2515 2403 2690 2458 tantis
2709 2404 3166 2462 tribulationibus
3187 2409 3449 2475 afﬂictus,

1854 2491 2030 2544 ullum
2080 2493 2227 2545 valet
2257 2492 2726 2562 opus-attingere,
2759 2495 3036 2566 praecipue
3067 2501 3149 2561 tu,
3179 2497 3275 2568 qui
3297 2499 3452 2553 nulla

1850 2580 2183 2634 necessitate
2227 2581 2648 2650 constringeris.
2697 2584 2842 2637 Nam
2887 2585 2934 2638 si
2983 2586 3295 2656 peregrinis
3327 2595 3454 2658 post

1849 2670 2028 2722 Deum
2058 2670 2450 2724 sufﬁcientiam
2472 2670 2924 2742 pauperibusque
2945 2673 3454 2747 largimur,quante

1851 2758 2033 2826 magis
2063 2757 2165 2812 tibi
2194 2763 2352 2812 tanto
2387 2759 2541 2812 Patri
2581 2775 2709 2812 cum
2739 2759 3034 2815 devotione
3063 2763 3309 2818 maxima
3333 2780 3453 2818 ser,

1852 2847 2111 2900 viemus?
2142 2847 2226 2901 Ad
2261 2865 2432 2918 quam
2473 2848 2567 2901 ille
2603 2849 2895 2920 respondit
2925 2869 2937 2902 :
2990 2851 3343 2922 Impossibile
3369 2859 3457 2908 est.

1853 2935 1994 2990 mihi
2025 2953 2136 2990 non
2168 2937 2408 3008 operari.
2441 2937 2510 2991 Et
2529 2936 2705 2992 frater
2735 2937 2845 2992 ait:
2878 2939 2937 2993 Si
2965 2939 3092 3006 hoc,
3115 2941 3320 3012 inquit,
3350 2941 3455 2998 tibi

1853 3026 2056 3096 placet,
2091 3027 2292 3080 saltem
2316 3043 2518 3080 manus
2543 3033 2670 3080 tuas
2695 3027 2817 3082 oleo
2849 3045 3120 3099 perunge,
3143 3047 3216 3085 ne
3230 3036 3456 3086 tantum

1853 3115 2186 3184 sanguinem
2202 3117 2544 3186 proﬂuentes
2559 3116 2620 3169 in
2634 3116 2824 3170 labore
2844 3118 3127 3173 deﬁciant.
3151 3119 3260 3183 Qui
3274 3121 3456 3176 consi.

161 3221 318 3267 nem,
347 3206 627 3276 percussit
654 3208 904 3278 scorpius
933 3210 1164 3280 pedem;
1198 3215 1256 3263 et
1285 3210 1424 3264 adeo
1445 3210 1597 3264 virus
1622 3209 1763 3266 infu-

1854 3203 1929 3258 lio
1955 3205 2078 3274 ejus
2108 3204 2487 3275 acquiescens,
2511 3204 2642 3260 fecit
2657 3206 2808 3276 quod
2829 3206 3086 3262 hortatus
3103 3214 3360 3292 esteum;
3396 3214 3455 3265 et

161 3294 270 3358 dit,
307 3300 372 3348 ut
397 3311 578 3366 usque
601 3296 671 3350 ad
701 3313 798 3351 cor
825 3299 947 3367 ejus
977 3297 1138 3352 dolor
1157 3306 1498 3365 excurreret,
1524 3306 1581 3353 et
1600 3300 1768 3370 spiri-
1853 3293 2135 3348 intantum‘
2164 3294 2468 3348 vulneratae
2508 3310 2710 3348 manus
2759 3296 2882 3364 ejus
2919 3302 3165 3366 gravatae
3195 3303 3345 3363 sunt,
3389 3305 3455 3355 ut

159 3389 288 3436 tum
333 3385 501 3454 paulo
541 3385 728 3439 minus
758 3387 1064 3441 exhalaret.
1100 3389 1206 3452 Qui
1261 3389 1392 3444 licet
1437 3389 1508 3442 sit
1539 3389 1769 3443 affectus
1853 3399 2210 3454 nequaquam
2248 3390 2437 3454 posset
2465 3382 2608 3438 ferre
2639 3384 2938 3438 cruciatus.
2966 3387 3052 3440 Ad
3075 3403 3246 3458 quem
3266 3388 3451 3446 visen-

159 3477 416 3526 extremo
433 3475 820 3541 cruciatu,non
842 3481 1032 3532 tamen
1053 3495 1112 3532 se
1125 3479 1426 3532 commovit
1445 3496 1479 3532 a
1501 3479 1621 3533 loco
1643 3495 1764 3542 suo,

158 3563 343 3616 donec
381 3563 641 3619 ﬁniretur
664 3566 842 3619 oratio
886 3585 897 3618 :
929 3583 1032 3638 pro
1063 3584 1172 3638 quo
1200 3568 1394 3621 statim
1426 3568 1767 3622 Pachomius

159 3668 362 3723 preces
379 3653 602 3708 Christo
629 3655 792 3720 fudit,
815 3661 873 3709 et
893 3656 1139 3726 pristinae
1169 3657 1397 3710 sanitati
1429 3657 1693 3710 restituit.

231 3744 370 3796 CAP.
405 3743 492 3797 LI.
515 3775 546 3784 ο
571 3743 864 3799 Theodoro
893 3761 1116 3816 quoque
1141 3745 1326 3816 gravis
1367 3747 1551 3816 passio
1573 3746 1770 3817 capitis

159 3832 631 3896 inﬁicta,dolores
643 3835 945 3888 acerrimos
957 3835 1252 3888 excitabat.
1270 3835 1376 3899 Qui
1392 3853 1518 3888 cum
1538 3841 1770 3904 rogaret

159 3921 554 3986 Pachomium,
573 3929 639 3977 ut
655 3940 784 3976 eum
806 3924 922 3976 suis
938 3925 1212 3978 relevaret
1227 3924 1680 3997 Oi‘ationibus,ait
1697 3925 1769 3978 ad

159 4027 296 4064 eum
318 4011 614 4076 :Putasne,
645 4012 742 4078 ﬁli,
770 4013 916 4083 quod
948 4013 1115 4067 alicui
1151 4015 1443 4084 contingat
1471 4014 1649 4079 dolor,
1671 4021 1770 4068 aut

161 4099 482 4173 passio,aut
512 4099 720 4171 aliquid
741 4102 1063 4172 hujusmodi
1094 4102 1213 4156 sine
1243 4103 1610 4174 permissionc
1642 4103 1768 4156 Dei?

161 4187 378 4250 Idcirco
410 4189 468 4244 in
515 4189 706 4244 dolore
736 4191 971 4258 sustine,
1005 4197 1064 4245 et
1093 4191 1153 4246 in
1196 4193 1516 4248 humilitate
1537 4199 1637 4246 tua
1665 4209 1766 4264 pa-

161 4278 430 4332 tientiam
452 4279 613 4344 habe;
629 4285 686 4334 et
697 4281 922 4350 quando
943 4281 1182 4335 voluerit
1204 4283 1494 4346 Dominus,
1519 4282 1768 4336 conferet

159 4367 264 4421 tibi
291 4368 643 4438 sospitatem.
669 4368 830 4433 Quod
843 4369 890 4423 si
914 4375 972 4424 te
990 4369 1202 4425 diutius
1217 4371 1454 4442 probare
1475 4373 1762 4442 dignatur,

158 4463 280 4511 esto
304 4463 526 4528 gratus,
557 4463 623 4512 ut
643 4457 747 4512 iuit
776 4458 1214 4530 perfectissimus
1245 4466 1301 4516 et
1320 4461 1765 4532 patientissimus

1852 3473 1988 3526 dum
2017 3473 2216 3526 beatus
2238 3473 2575 3527 Pachomius
2606 3473 2854 3539 veniens,
2881 3491 3223 3547 causamque
3243 3494 3450 3548 cogno-

1853 3579 2031 3626 scens,
2064 3563 2146 3616 ait
2167 3563 2219 3616 ei
2242 3581 2254 3614 :
2288 3561 2552 3626 Putabas,
2575 3562 2767 3628 frater,
2789 3565 2940 3634 quod
2962 3570 3016 3619 te
3047 3567 3237 3622 oleum
3263 3575 3455 3639 posset

1848 3653 2074 3722 juvare?
2103 3651 2238 3715 Quis
2268 3651 2415 3706 enim
2445 3659 2502 3706 te
2531 3653 2714 3721 coegit
2749 3653 2830 3706 ita
2858 3653 3052 3708 sedulo
3082 3654 3355 3722 laborare,
3389 3664 3456 3713 ut

1856 3740 1958 3794 sub
1987 3747 2261 3811 praetextu
2273 3741 2477 3812 operis,
2508 3741 2566 3794 in
2587 3741 2692 3794 hoc
2719 3741 2920 3796 visibili
2933 3743 3056 3797 oleo
3085 3746 3264 3816 magis
3279 3763 3451 3817 quam

1850 3830 1910 3882 in
1923 3831 2039 3883 Deo
2052 3847 2210 3900 spem
2231 3835 2388 3883 tuam
2406 3831 2680 3900 poneres?
2695 3833 2810 3884 Aut
2832 3832 3088 3903 nunquid
3107 3833 3450 3904 impossibile

1852 3926 1938 3972 est
1961 3920 2076 3973 Deo
2099 3936 2300 3973 sanare
2327 3920 2408 3973 te?
2437 3921 2552 3973 Aut
2570 3919 2790 3989 ignorat
2819 3921 3181 3990 aegritudines
3196 3923 3448 3994 singulo-

1851 4008 2324 4078 rum,nostrisque
2353 4007 2880 4062 commonitionibus
2904 4010 3144 4081 indiget?
3162 4013 3248 4066 vel
3269 4013 3450 4084 despi-

1853 4097 1928 4150 cit
1982 4114 2083 4153 nos
2115 4097 2208 4168 qui
2233 4103 2317 4151 est
2345 4103 2550 4154 natura
2587 4097 2906 4152 misericors
2935 4099 2959 4152 ?
2987 4100 3095 4154 Sed
3143 4102 3449 4160 utilitatem

1852 4186 2212 4242 considerans
2240 4186 2912 4256 animarumnostrarum,
2935 4189 3071 4244 sinit
3098 4191 3168 4248 ad
3191 4209 3446 4254 momen-

1852 4281 1974 4330 tum
2031 4293 2132 4330 nos
2186 4277 2306 4347 pati
2356 4276 2667 4341 tristitiam,
2709 4283 2773 4332 ut
2818 4278 3128 4336 tolerantiae
3175 4290 3449 4354 perpetua

1849 4365 2085 4435 praemia
2110 4367 2402 4437 largiatur.
2427 4367 2606 4437 Super
2627 4366 2814 4437 ipsum
2829 4367 3002 4437 igitur
3016 4386 3240 4425 omnem
3251 4389 3447 4428 curam

1850 4460 2100 4513 nostram
2141 4455 2685 4527 sollicitudinemque
2708 4457 3005 4526 jactemus;
3039 4462 3328 4529 etquando
3357 4479 3448 4516 vo-

155 4545 286 4616 Job,
316 4547 416 4618 qui
445 4547 652 4603 multas
672 4547 1102 4606 tribulationum
1133 4555 1189 4604 et
1203 4550 1554 4606 cruciatuum
1583 4557 1768 4608 tenta—
1787 4539 2043 4611 Dluei'it,
2093 4543 2179 4598 νει
2227 4547 2506 4615 quomodo
2551 4546 2903 4616 iudicaverit,
2964 4549 3082 4620 ipse
3136 4551 3446 4608 terminum

156 4635 344 4690 tiones
359 4635 971 4707 excipiens,Dominum
999 4638 1380 4694 benedicebat.
1401 4641 1467 4695 Et
1480 4640 1626 4694 sicut
1645 4641 1759 4705 ille,

155 4731 218 4777 tu
241 4742 472 4796 quoque
499 4743 600 4797 pro
637 4727 923 4782 doloribus
961 4729 1075 4782 tuis
1118 4731 1390 4799 majorem
1429 4731 1684 4800 requiem
1732 4747 1766 4783 a

154 4813 385 4872 Christo
414 4815 869 4890 percipiesBona
883 4817 1110 4888 quidem
1133 4824 1220 4872 est
1239 4817 1600 4884 abstinentia,
1627 4825 1683 4873 et
1706 4819 1763 4873 in

153 4905 414 4959 oratione
435 4907 876 4977 perseverantia;
908 4913 1100 4964 tamen
1129 4907 1388 4964 inﬁrmus
1413 4909 1594 4979 magis
1617 4927 1761 4981 pra:-

153 4993 340 5050 mium
371 4994 718 5065 adipiscitur.
733 5013 862 5054 cum
880 4997 1220 5067 longanimis
1241 5003 1300 5054 et
1312 4998 1533 5069 patiens
1552 4999 1762 5054 inveni-

153 5079 270 5131 tur.
315 5075 387 5128 Et
435 5075 570 5146 quia
595 5076 755 5131 nobis
817 5077 889 5130 de
950 5077 1326 5146 magnanimis
1391 5078 1526 5132 viris
1577 5095 1761 5132 sermo

152 5164 451 5231 processit,
495 5165 1042 5231 necessariumieor,
1070 5165 1238 5224 unius
1270 5167 1452 5222 adhuc
1484 5167 1586 5220 viri
1616 5167 1760 5222 tole-

153 5253 404 5312 rantiam
413 5295 425 5320 ,
434 5271 555 5326 qua-
565 5261 822 5314 cunctam
833 5255 997 5310 laude
1004 5273 1058 5310 m
1073 5257 1418 5312 transcendit
1431 5257 1733 5314 humanam
1743 5296 1756 5322 ,

152 5343 412 5414 proferre
432 5345 491 5400 in
519 5345 768 5400 medium
796 5363 897 5416 pro
937 5345 1184 5400 utilitate
1215 5347 1544 5402 multorum.

227 5435 364 5488 Cn.
385 5434 840 5489 Lil.-—Zachaeus
855 5435 1087 5506 quidam
1104 5436 1566 5507 monachus,post
1593 5438 1760 5506 longa

152 5523 518 5579 continentia:
543 5528 816 5596 tempora,
836 5524 990 5596 regio
1006 5523 1200 5578 morbo
1221 5531 1530 5596 correptus,
1561 5543 1731 5597 seque
1745 5557 1763 5568 -

153 5621 398 5670 stratam
435 5629 470 5672 a
498 5613 766 5674 fratribus
797 5614 993 5678 habuit
1021 5615 1300 5680 cellulam,
1343 5621 1464 5670 tota
1502 5615 1615 5670 vita
1662 5633 1766 5670 sua

155 5721 306 5773 pane
325 5710 558 5767 tantum
583 5708 644 5768 et
668 5704 785 5762 sale
810 5710 1126 5765 contentus.
1157 5705 1390 5774 Semper
1408 5710 1597 5762 autem
1621 5705 1765 5774 psia-

381 6139 442 6164 .J

1849 4632 2134 4687 doloribus
2148 4635 2357 4687 nostris
2373 4634 2645 4704 benignus
2656 4635 2928 4706 imponet.
2949 4638 3056 4702 Qui
3075 4639 3439 4710 respondens,

1848 4723 1964 4776 ait:
1993 4723 2224 4792 Ignosce
2255 4724 2414 4785 mihi,
2446 4725 2781 4778 venerabilis
2805 4732 2985 4797 pater,
3019 4734 3078 4782 et
3104 4745 3202 4783 ora
3221 4745 3322 4800 pro
3351 4748 3443 4786 me

1801 4811 2167 4889 :'.Dominum,
2201 4819 2266 4866 ut
2303 4817 2360 4868 et
2396 4813 2500 4867 hoc
2536 4813 2676 4868 mihi
2704 4814 2972 4873 delictum
3017 4819 3306 4874 remittere
3338 4838 3440 4893 pro

1846 4917 1948 4955 sua
1969 4901 2176 4972 pietate
2206 4901 2490 4972 dignetur.

1914 5017 2324 5072 Asseverabant
2344 5019 2514 5072 etiam
2533 5019 2840 5090 plurimide
2868 5022 2972 5078 hoc
2991 5041 3144 5092 sene,
3170 5027 3316 5098 quod
3340 5043 3442 5100 per

1845 5133 2058 5170 annum
2070 5117 2355 5187 integrum
2369 5136 2429 5173 se
2445 5117 2688 5184 deﬂevit,
2697 5127 2824 5190 post
2840 5121 3146 5178 biduanum
3156 5126 3234 5196 jej
3245 5126 3439 5184 unium

1845 5232 2048 5286 parum
2075 5215 2185 5269 cibi
2206 5216 2536 5287 percipiens.
2553 5217 2714 5271 Hunc
2729 5224 2958 5274 sanctus
2975 5221 3310 5278 Pachomius
3325 5239 3442 5278 mo-

1846 5314 2038 5367 nachis
2058 5314 2421 5385 proponebat,
2457 5315 2606 5370 velut
2645 5317 2960 5388 exemplum
2996 5317 3273 5374 bonorum
3305 5338 3440 5394 ope-

1845 5429 1994 5479 rum,
2011 5414 2543 5485 ﬁrmamentumque
2563 5414 2853 5470 virtutum.
2873 5417 2959 5471 Ad
2978 5433 3144 5488 quem
3155 5418 3326 5475 etiam
3345 5436 3441 5476 eos

1848 5511 1942 5581 qui
1972 5517 2134 5565 erant
2159 5512 2216 5565 in
2238 5529 2475 5566 mmrore
2507 5513 2692 5583 positi,
2720 5513 3016 5583 dirigebat,
3050 5515 3182 5586 quia
3197 5517 3438 5573 habebat

1847 5613 1903 5660 et
1939 5609 2375 5664 consolatorium
2431 5610 2680 5677 verbum,
2722 5611 2867 5665 sicut
2904 5613 3092 5669 nullus
3130 5615 3292 5672 alius.
3328 5618 3438 5682 Qui

1847 5723 2024 5776 usque
2037 5706 2108 5762 ad
2127 5709 2293 5763 ﬁnem
2307 5709 2828 5765 fortiterdecertans
2843 5711 2899 5764 in
2912 5718 3198 5770 senectute
3221 5723 3434 5788 sancta,
