3912 6392
529 407 631 467 271

1539 409 1634 464 DE
1667 406 1857 466 VITIS
1894 407 2190 463 PATRUM
2226 409 2441 465 LIBER
2476 409 2766 464 PRIMUS.

3662 407 3750 466 272

527 553 628 606 pro
653 532 934 590 doloribus
962 531 1136 584 tantis
1175 538 1384 585 {eterna
1409 533 1608 586 solatia
1651 539 1996 605 recepturus,
2039 533 2109 586 ad
2129 536 2178 592 A
2199 535 2345 588 mius
2375 535 2537 596 fudit,
2556 533 2686 604 quia
2699 539 2755 585 et
2769 530 3023 602 ipsumin
3041 530 3751 600 monasterio,cognomento

523 625 770 678 ccelestia
798 637 970 691 regna
994 621 1280 676 transivit.

594 714 722 766 CAP.
748 708 893 769 LIII.
929 738 980 749 ——
1013 709 1214 762 Certus
1242 709 1432 779 itaque
1459 711 1809 776 Pachomius,
1845 711 1993 780 quod
2021 716 2109 763 ta-

519 802 731 854 lentum
751 798 856 852 sibi
870 798 1144 851 creditum
1161 814 1450 868 nunquam
1471 817 1700 869 prorsus
1715 799 2106 864 absconderat,

515 889 612 942 sed
634 887 893 942 omnibus
913 903 1252 956 praerogans,
1285 887 1496 940 ethunc
1517 894 1574 941 et
1593 889 1731 941 alios
1749 889 2109 958 quamplures

512 979 770 1048 perfecta:
796 975 1233 1030 conversationis
1259 977 1330 1028 ad
1361 976 1645 1030 Christum
1675 984 1806 1030 ante
1821 976 2104 1046 praemise-

509 1072 616 1132 rat,
651 1066 800 1120 diem
821 1066 1024 1118 festum
1047 1065 1177 1117 laeta
1205 1070 1391 1117 mente
1411 1065 1727 1118 celebrabat
1745 1082 1913 1134 super
1932 1065 2105 1117 tantis

506 1172 572 1209 ae
594 1154 800 1209 talibus
827 1153 1098 1207 fructibus
1126 1170 1160 1205 a
1189 1153 1426 1206 Domino
1447 1153 1550 1206 sibi
1579 1154 1872 1218 concessis,
1894 1154 1962 1206 de
1985 1153 2104 1223 qui-

506 1242 611 1296 bus
642 1249 836 1296 noster
863 1241 952 1294 hic
973 1257 1157 1294 sermo
1182 1240 1279 1292 diu
1303 1241 1606 1310 productus
1627 1247 1729 1307 est,
1752 1242 1867 1294 Deo
1887 1241 2099 1310 gratias

505 1331 774 1386 referens.
795 1331 928 1383 Post
940 1329 1327 1382 beatissimum
1339 1346 1466 1382 vero
1482 1330 1766 1382 Paschalis
1783 1330 1906 1382 festi
1927 1330 2071 1382 diem
2082 1370 2094 1394 ,

504 1420 698 1474 multis
724 1417 992 1472 fratribus
1012 1417 1082 1470 ad
1114 1418 1416 1470 Dominum
1445 1418 1763 1488 praemissis,
1789 1419 1858 1470 ad
1891 1426 2100 1488 postre-

505 1525 663 1562 mum
685 1508 802 1578 ipse
821 1523 1041 1577 quoque
1060 1512 1284 1559 sanctus
1299 1507 1633 1560 Pachomius
1652 1508 1968 1561 infirmatus
1989 1513 2092 1574 est;

503 1604 562 1652 et
577 1595 936 1650 ministrabat
955 1595 1006 1648 ei
1025 1595 1366 1659 Theodorus,
1376 1613 1440 1648 eu
1442 1597 1462 1664 j
1472 1613 1535 1648 us
1553 1613 1697 1665 saepe
1713 1597 2091 1648 meminimus.

501 1685 570 1739 Et
608 1685 863 1756 quamvis
893 1690 1040 1737 esset
1067 1689 1185 1737 toto
1223 1701 1454 1754 corpore
1483 1685 1652 1737 nimis
1679 1691 2005 1737 attenuatus
2030 1701 2094 1738 ac

499 1775 716 1836 debilis,
738 1774 934 1826 faciem
951 1780 1141 1826 tamen
1167 1772 1408 1825 habebat
1428 1773 1664 1825 hilarem
1680 1779 1847 1842 atque
1868 1773 2090 1840 fulgen-

2195 624 2688 676 Chinobosciorum
2707 626 2980 689 aegrotare
3003 625 3368 690 compererat.
3395 619 3516 684 Cui,
3534 621 3653 674 licet
3676 621 3752 675 ab-

2195 713 2358 774 senti,
2391 719 2426 775 ]
2445 718 2566 776 ειη
2583 719 2843 764 cunctam
2865 709 3276 762 fraternitatem
3296 709 3689 763 commendavit
3706 711 3752 764 in

2193 801 2451 864 Domino,
2487 801 2716 853 mittens
2741 799 2812 852 ad
2831 815 2959 852 eum
2989 797 3244 868 protinus
3273 804 3336 850 ut
3357 797 3582 851 veniret.
3605 799 3666 852 Et
3690 799 3753 852 si-

2191 891 2429 960 gnaculo
2443 889 2649 943 Christi
2681 906 2740 941 se
2761 887 3038 948 muniens,
3063 894 3231 956 atque
3248 887 3514 954 angelum
3531 887 3658 940 lucis
3676 888 3753 957 qui

2188 980 2373 1032 fuerat
2385 979 2454 1031 ad
2469 995 2526 1031 se
2547 978 2812 1041 directus,
2835 982 3062 1046 aspectu
3083 975 3309 1028 intuens
3325 975 3509 1039 hilari,
3528 983 3750 1029 sanctam

2187 1067 2432 1120 reddidit
2451 1067 2716 1131 animam,
2743 1072 2942 1136 quarto
2962 1065 3179 1117 decimo
3192 1064 3280 1117 die
3300 1063 3510 1116 mensis
3530 1063 3745 1125 Pachon,

2187 1156 2492 1208 secundum
2526 1154 2833 1226 Egyptios,
2877 1154 3024 1224 quod
3063 1159 3149 1206 est
3173 1153 3335 1222 juxta
3372 1153 3660 1217 Romanos,
3688 1152 3746 1205 ad

2183 1245 2482 1314 septimum
2514 1245 2662 1296 diem
2695 1233 2896 1297 Iduum
2924 1243 3199 1296 Maiarum
3235 1242 3360 1311 (ii).

2253 1335 2428 1402 Cujus
2441 1333 2754 1386 venerabile
2780 1331 3171 1402 corpusculum
3187 1330 3444 1400 discipuli
3461 1331 3510 1400 ej
3520 1347 3600 1396 us,
3625 1331 3748 1383 sicut

2181 1421 2414 1474 decebat
2459 1438 2558 1491 pro
2599 1437 2754 1473 more
2795 1425 3073 1482 curantes,
3130 1424 3307 1471 totam
3353 1425 3575 1472 noctem
3603 1435 3748 1490 super

2179 1509 2316 1563 illud
2338 1511 2544 1564 duxere
2561 1509 2904 1579 pervigilem,
2929 1508 3174 1578 psalmos
3196 1507 3550 1578 hymnosque
3566 1525 3748 1561 canen-

2179 1605 2283 1662 tes,
2316 1599 2573 1668 sequenti
2587 1615 2716 1650 vero
2744 1597 2833 1650 die
2856 1597 3203 1668 sepelierunt
3221 1612 3349 1648 eum
3367 1596 3425 1648 in
3445 1603 3648 1662 monte,
3668 1596 3747 1649 ubi

2177 1688 2361 1740 fuerat
2371 1689 2759 1741 constitutum.
2778 1686 2864 1740 Illi
2881 1692 3069 1738 autem
3087 1685 3180 1755 qui
3199 1685 3354 1738 missi
3381 1686 3620 1739 erantad
3634 1702 3747 1739 san-

2175 1783 2327 1829 ctum
2344 1776 2689 1841 Petronium,
2710 1792 2840 1828 eum
2861 1775 3230 1840 deduxerunt,
3248 1774 3428 1827 adhuc
3444 1774 3748 1828 infirmitate

496 1869 631 1927 tem,
655 1863 735 1916 ita
757 1869 821 1916 ut
850 1879 914 1916 ex
948 1862 1051 1914 hoc
1071 1877 1292 1930 quoque
1322 1861 1638 1914 videntibus
1669 1862 1771 1932 piae
1803 1861 2007 1914 mentis
2029 1879 2140 1958 τιοΒ
2176 1865 2302 1935 ipsa
2332 1864 3028 1934 laborantem.Quipaucis
3041 1862 3235 1915 diebus
3251 1869 3428 1916 totam
3446 1862 3748 1916 fraternita-

495 1951 881 2006 sineerissimm
927 1949 1280 2004 conscientiae
1331 1966 1444 2002 suae
1489 1956 1830 2002 monstraret
1864 1950 2086 2007 indicia.

493 2041 638 2094 Ante
659 2041 800 2094 duos
816 2056 949 2109 ergo
965 2039 1084 2092 dies
1105 2044 1310 2092 sanctae
1341 2038 1696 2091 dormitionis
1731 2056 1864 2102 sum,
1892 2055 2092 2092 convo-

497 2145 630 2183 cans
657 2129 948 2184 universos
974 2129 1195 2191 fratres,
1231 2127 1312 2180 ait
1331 2127 1398 2180 ad
1425 2144 1544 2180 eos:
1570 2127 1683 2195 Ego
1700 2127 1946 2197 quidem,
1967 2127 2096 2180 cha-

491 2217 719 2282 rissimi,
745 2217 891 2270 viam
915 2223 1142 2287 patrum
1165 2233 1393 2269 securus
1434 2215 1737 2284 ingredior,
1771 2232 1900 2269 nam
1929 2215 2088 2269 video

488 2323 578 2360 me
607 2323 641 2359 a
665 2305 902 2358 Domino
924 2304 1179 2374 protinus
1201 2304 1434 2358 evocari.
1465 2305 1575 2356 Vos
1591 2320 1724 2373 ergo
1748 2310 2088 2357 mementote

485 2394 784 2448 verborum
801 2410 924 2464 qua:
952 2411 986 2446 a
1002 2410 1091 2446 me
1111 2393 1436 2463 frequenter
1450 2393 1704 2457 audistis,
1723 2393 2080 2462 etvigilantes

2173 1959 2291 2007 tem
2319 1954 2659 2024 gubernans,
2697 1961 2753 2008 et
2780 1953 2870 2006 hic
2899 1953 2956 2005 in
2978 1969 3112 2022 pace
3141 1952 3434 2006 defunctus
3469 1960 3572 2018 est,
3604 1952 3749 2004 relin-

2181 2059 2356 2112 quens
2387 2050 2511 2114 post
2543 2061 2601 2096 se
2622 2043 2804 2096 virum
2828 2043 3046 2111 justum
3069 2047 3124 2094 et
3145 2046 3433 2112 acceptum
3453 2043 3588 2108 Deo,
3607 2041 3750 2096 Orse

2179 2129 2324 2181 sium
2353 2129 2580 2181 nomine
2606 2127 2742 2195 (45).

2244 2217 2374 2270 CAP.
2400 2216 2535 2270 LIV.
2575 2246 2637 2258 -—
2659 2217 2790 2269 llaec
2813 2215 3100 2285 igiturnos
3127 2233 3192 2269 ex
3215 2216 3406 2270 multis
3427 2232 3622 2270 eorum
3641 2231 3747 2268 me-

2175 2306 2296 2358 ritis
2308 2305 2705 2375 descripsimus
2717 2321 2913 2374 pauca,
2938 2311 2994 2357 et
3013 2322 3076 2358 ex
3097 2305 3318 2374 magnis
3341 2322 3516 2375 parva
3531 2303 3746 2374 digessi-

2171 2411 2315 2458 mus,
2351 2411 2462 2447 non
2505 2401 2569 2447 ut
2612 2393 2723 2446 illis
2771 2394 2950 2446 honor
2978 2393 3182 2464 aliquis
3225 2401 3626 2464 praestaretur;
3657 2409 3745 2446 nec

483 2483 544 2536 in
573 2481 848 2553 precibus.
875 2481 1046 2535 sobrii
1070 2487 1247 2534 estote
1277 2481 1336 2534 in
1376 2481 1637 2552 operibus
1669 2481 1884 2534 vestris.
1918 2482 2086 2535 Nulla
2169 2483 2320 2536 enim
2351 2483 2434 2536 fas
2455 2489 2540 2536 est
2561 2499 2654 2535 eos
2675 2482 2925 2551 indigere
2945 2482 3472 2552 przeconiis,quibus
3485 2482 3746 2537 sufﬁciens

485 2571 559 2625 sit
588 2570 742 2623 vobis
785 2569 1103 2639 conjunctio
1147 2586 1276 2622 cum
1329 2569 1697 2622 sectatoribus
1737 2569 1963 2634 Meletii,
1999 2571 2084 2624 vel
2167 2579 2252 2625 est
2283 2582 2491 2626 aeterna
2530 2573 2651 2625 laus
2690 2577 2748 2624 et
2775 2571 3100 2624 indeliciens
3137 2571 3337 2640 gloria,
3372 2589 3546 2642 quam
3576 2587 3746 2626 coram

484 2658 624 2724 Arii,
653 2659 739 2710 vel
762 2657 1043 2727 Origenis,
1075 2675 1172 2710 seu
1200 2658 1415 2710 caeteris
1436 2657 1644 2711 Christi
1675 2658 1966 2728 praeceptis
1988 2659 2082 2711 ad-
2163 2661 2386 2714 Christo
2403 2666 2459 2713 et
2479 2659 2684 2714 sanctis
2705 2659 2918 2728 angelis
2938 2661 3060 2729 ejus
3080 2660 3269 2730 adepti
3287 2666 3439 2726 sunt,
3459 2669 3521 2715 et
3540 2661 3745 2732 plenius

485 2745 852 2800 versantibus.
887 2746 1026 2799 Cum
1049 2745 1159 2798 illis
1180 2753 1372 2798 autem
1393 2746 1819 2810 conversamini,
1847 2747 1942 2816 qui
1969 2748 2080 2799 Do-

486 2834 704 2888 minum
721 2839 1000 2899 metuunt,
1021 2839 1078 2886 et
1093 2840 1328 2903 possunt
1344 2834 1610 2903 prodesse
1626 2833 1780 2887 vobis
1793 2851 2080 2887 conversa-

486 2924 642 2978 tione
665 2929 876 2988 sancta,
894 2928 951 2976 et
967 2922 1262 2976 animabus
1277 2923 1476 2976 vestris
1488 2923 1802 2992 spiritualia
1815 2931 2079 2994 praestare

487 3011 704 3066 solatia.
741 3012 856 3080 Ego
903 3028 1146 3081 namque
1171 3013 1292 3080 jam
1329 3011 1560 3074 delibor,
1609 3015 1665 3064 et
1694 3016 1915 3082 tempus
1941 3029 2079 3066 mea:

480 3099 840 3154 resolutionis
866 3099 1039 3154 instat
1071 3102 1147 3168 (II
1177 3101 1314 3153 Tim.
1342 3104 1435 3166 Iv).
1471 3099 1670 3169 Eligite
1697 3101 1870 3168 igitur
1887 3118 1952 3154 ex
1989 3118 2081 3154 vo-

2164 2766 2289 2802 cum
2317 2749 2434 2802 suis
2450 2749 2775 2818 corporibus
2787 2749 2847 2802 in
2875 2749 3282 2802 resurrectione
3297 2750 3552 2804 omnium
3572 2766 3744 2804 conse-

2163 2837 2747 2907 quenturJ’ulgebunt
2757 2838 2905 2890 enim
2923 2837 3066 2891 sicut
3076 2839 3157 2890 sol
3169 2837 3226 2891 in
3244 2855 3416 2908 regno
3431 2839 3742 2904 Dei(;llatth.

2162 2929 2278 2988 xm)
2314 2963 2326 2990 ,
2361 2924 2456 2994 qui
2509 2925 2886 2992 gloriﬁcantes
2934 2941 2993 2976 se
3037 2923 3352 2992 glorificare
3393 2931 3634 2978 testatus
3675 2930 3748 2977 est

2166 3016 2212 3078 (Ι
2239 3015 2360 3078 Reg.
2386 3015 2448 3081 ll)
2477 3031 2486 3064 :
2511 3013 2608 3065 sed
2637 3018 2692 3065 et
2713 3030 2814 3066 nos
2835 3013 3118 3066 aemulator
3129 3030 3186 3066 es
3208 3029 3402 3067 eorum
3425 3031 3532 3084 pro
3556 3013 3747 3068 nostris

2163 3101 2470 3155 efficiamur
2499 3101 2726 3166 viribus,
2761 3119 2887 3154 cum
2913 3101 3054 3154 vitas
3075 3119 3268 3154 eorum
3298 3103 3742 3172 praeclarissimas

479 3188 566 3243 bis
608 3189 860 3254 fratrem,
899 3206 988 3244 me
1019 3194 1312 3258 praesente,
1352 3189 1448 3258 qui
1487 3195 1613 3259 post
1659 3189 1838 3242 Deum
1890 3190 2077 3259 praesit
2099 3196 2544 3273 Cagnoscentes,
2579 3207 2674 3243 eas
2703 3189 2913 3243 imitari
2939 3191 3161 3244 Christo
3191 3191 3437 3245 donante
3466 3189 3743 3246 contendi-

480 3277 757 3342 omnibus,
811 3295 1117 3348 curamque
1167 3284 1478 3331 vestrarum
1532 3284 1693 3347 gerat
1735 3278 2070 3331 animarum.

478 3367 763 3431 Quantum
778 3384 907 3420 vero
928 3383 1056 3420 mea
1070 3366 1404 3420 discretione
1420 3367 1721 3436 perpendo,
1745 3367 2070 3420 Petronium

480 3472 583 3526 ego
603 3456 674 3508 ad
698 3455 801 3508 hoc
827 3473 966 3525 opus
983 3455 1248 3508 idoneum
1263 3455 1473 3524 judico,
1493 3461 1741 3508 vestrum
1770 3461 1960 3508 autem
1986 3463 2071 3508 est

479 3545 864 3616 quodexpedit
881 3543 1031 3598 vobis
1043 3544 1268 3615 eligere.
1291 3544 1643 3614 Receperunt
1665 3561 1797 3614 ergo
1819 3551 1875 3597 et
1891 3543 1948 3598 in
1968 3545 2070 3599 hoc

479 3633 919 3688 obedientissimi
949 3632 1050 3685 filii
1079 3632 1372 3685 consilium
1399 3633 1594 3701 patris.
1627 3633 1758 3685 Erat
1787 3633 1938 3686 enim
1963 3634 2071 3687 Pe-

478 3722 696 3777 tronius
724 3728 926 3793 potens
945 3722 999 3775 in
1022 3721 1147 3786 fide,
1182 3721 1411 3774 humilis
1442 3721 1500 3774 in
1521 3721 1959 3786 conversatione,
1983 3723 2070 3776 in-

476 3812 704 3866 tellectu
733 3811 1224 3882 prudentissimus,
1256 3809 1417 3863 bonis
1449 3809 1719 3876 moribus,
1739 3811 2070 3865 discretione

477 3900 774 3970 perfectus.
817 3900 924 3952 Pro
947 3915 1054 3970 quo
1085 3915 1308 3969 precem
1337 3898 1574 3952 Domino
1604 3905 1828 3952 sanctus
1857 3901 2071 3954 Pacho-

1683 4025 2102 4085 ROSWEYDI

2160 3296 2305 3342 mus,
2330 3279 2586 3350 precibus
2615 3297 2838 3350 semper
2865 3279 3046 3348 adjuti
3067 3279 3358 3334 beatorum
3388 3291 3636 3350 patrum,
3658 3296 3743 3350 pa-

2157 3369 2550 3433 triarcharum,
2575 3368 3402 3438 prophetarum,apostolorum,
3414 3375 3737 3441 martyrum,

2155 3457 2518 3528 omniumque
2539 3464 2880 3521 sanctorum,
2913 3474 3014 3527 per
3036 3474 3175 3527 quos
3187 3457 3550 3528 omnipotens
3563 3466 3619 3512 et
3637 3458 3737 3511 cle-

2156 3563 2313 3598 mens
2343 3547 2492 3599 Deus
2522 3552 2730 3610 noster,
2755 3545 2920 3599 beata
2949 3550 3006 3598 et
3021 3552 3299 3599 comterna
3313 3553 3371 3599 et
3389 3547 3743 3602 consubstan-

2155 3635 2306 3688 tialis
2335 3639 2392 3687 et
2431 3633 2820 3704 inseparabilis
2849 3633 3112 3699 Trinitas,
3145 3634 3332 3698 Pater,
3377 3641 3436 3688 et
3465 3637 3656 3700 Filius,
3692 3640 3741 3688 et

2157 3723 2400 3793 Spiritus
2424 3728 2670 3787 sanctus,
2700 3721 3050 3791 glorificatur
3067 3723 3282 3792 jugiter
3295 3728 3352 3776 et
3371 3725 3736 3788 collaudatur,

2154 3811 2286 3882 quia
2314 3811 2419 3882 ipsi
2449 3810 2684 3864 debetur
2711 3809 2892 3864 omnis
2921 3811 3044 3865 laus
3075 3817 3132 3865 et
3157 3811 3339 3882 gloria
3359 3812 3416 3866 in
3431 3815 3638 3868 saecula
3651 3831 3732 3866 sae-

2153 3901 2428 3954 culorum.
2451 3901 2649 3954 Amen.

2175 4027 2538 4087 NOTA'l’lO.

549 4138 566 4207 ς
657 4127 952 4207 [iungit-(22.1
969 4127 1262 4207 Totus_l_1i<_:
1281 4127 1544 4207 prologus
1556 4129 2068 4207 _interpretis'd_eest
2147 4131 2296 4207 gisse
2325 4149 2388 4207 ex
2411 4138 2602 4207 sancto
2623 4133 2894 4207 Gregorio
2911 4133 3204 4206 probat.Et
3235 4135 3265 4188 5
3283 4134 3544 4190 Octobris
3569 4133 3742 4207 potius

480 4198 730 4277 editioni
763 4197 1099 4277 Colpniepsi.
1119 4197 1404 4277 __I_i_abe_tur
1432 4199 1490 4252 in
1522 4201 1652 4253 Mss.
1688 4197 1745 4253 et
1789 4201 2068 4277 veteribus
2151 4197 2300 4256 diem
2326 4197 2843 4277 'I‘ranslationis'vel
2878 4197 3443 4260 Commemorationis
3475 4197 3603 4277 ejus
3625 4223 3735 4260 esse

481 4268 840 4324 editionibus.
860 4269 969 4321 Sed
995 4269 1052 4321 in
1068 4269 1406 4323 cditionibus
1420 4287 1532 4323 non
1547 4277 1696 4324 recte
1715 4279 1799 4324 est
1823 4275 2065 4338 (tantine,

479 4348 751 4410 tanquam
763 4339 810 4392 si
823 4339 940 4393 viro
969 4339 1132 4392 alicui
1155 4339 1417 4410 primario
1435 4342 1548 4394 haec
1561 4342 1691 4396 Vita
1709 4343 2066 4398 inscribatur.

483 4413 600 4466 Imo
633 4428 758 4464 vero
793 4411 875 4464 vel
901 4411 1025 4481 ipsa
1061 4411 1334 4464 dedicatio
1375 4419 1432 4465 et
1461 4413 1797 4466 constructio
1827 4417 2074 4468 Domina;

482 4483 780 4555 legendum
817 4483 1084 4555 "suadent,
1127 4489 1200 4555 Aut
1238 4481 1448 4555 habent
1487 4485 1850 4555 manuscripti
1895 4486 2074 4540 sancti

481 4553 769 4608 Laurentii
803 4553 992 4606 Leodii
1025 4560 1081 4606 et
1111 4553 1546 4608 Gemblacensis.

2151 4275 2652 4421 peggi‘etts‘anctus
2685 4348 3012 4418 Gregorius,
3042 4347 3185 4421 libro
3209 4349 3445 4421 ivDial.,
3479 4364 3608 4421 cap.
3640 4348 3737 4421 1:3;

2159 4433 2183 4467 α
2208 4415 2521 4490 Gothorum
2546 4415 3162 4490 namque'temporibus
3192 4419 3370 4484 Galla,
3394 4415 3569 4490 hujus
3597 4419 3741 4490 urbis

2157 4486 2504 4561 nobilissima
2515 4486 2718 4561 puella,
2735 4486 3055 4561 Symmachi
3068 4491 3312 4544 consulis
3326 4486 3498 4560 atque
3521 4489 3742 4546 Patricii

2097 4577 2138 4632 υ
2159 4558 2292 4632 filia,
2318 4559 2479 4632 intra
2501 4558 2888 4615 adolescentia:
2918 4569 3177 4631 tempora
3196 4558 3659 4626 marito—tradita,
3689 4562 3742 4632 in

554 4625 662 4702 Sed
687 4641 808 4694 quae
839 4625 956 4702 hinc
987 4625 1268 4702 genuina”?
1302 4625 1534 4702 Difficile
1561 4633 1646 4679 est
1673 4627 2075 4702 di_vinare._Su-
2097 4625 2132 4632 “’
2159 4629 2326 4682 unius
2352 4630 2484 4702 anni
2507 4631 2688 4700 spatio
2705 4633 2826 4702 ejus
2845 4639 2930 4686 est
2943 4625 3122 4686 morte
3146 4632 3388 4696 viduata,
3413 4639 3473 4687 et
3500 4635 3573 4688 ad
3599 4631 3742 4687 Petri

482 4696 665 4764 spicor
684 4702 874 4748 tamen
899 4696 1116 4748 Gallam
1140 4696 1394 4760 indicari,
1418 4697 1738 4766 Symmachi
1755 4699 1998 4751 consulis
2021 4705 2080 4752 et

483 4765 710 4819 Patricii
747 4766 938 4830 tiliam,
969 4767 1140 4838 claris
1163 4772 1344 4820 ortam
1388 4765 1688 4831 natalibus,
1723 4775 1780 4821 et
1807 4769 2078 4838 religione

485 4840 876 4921 praestantem,
911 4854 1032 4907 quae
1080 4837 1333 4919 Dionysii
1357 4839 1530 4921 hujus
1559 4839 1767 4920 .Exigui
1818 4837 2070 4921 tempore

458 4906 625 4960 'vixit
647 4908 836 4960 Romae
864 4906 1284 4962 inmonasterio
1303 4909 1372 4962 ad
1395 4906 1572 4964 sancti
1588 4906 1739 4963 Petri
1761 4906 2070 4964 ecclesiam.

483 4979 668 5060 Dueor
695 4977 912 5060 d’uobus
940 4980 1292 5060 sequentium
1309 4997 1673 5060 numerorum
1703 4983 2070 5060 argumentis,

484 5049 687 5119 quibus
719 5049 1038 5121 Symmachi
1068 5050 1362 5113 delatores,
1398 5058 1455 5105 et
1493 5053 1744 5121 ejusdem
1765 5049 2075 5120 gloriosum

481 5137 584 5191 pro
613 5120 836 5192 Christo
866 5121 1201 5192 martyrium
1229 5120 1610 5191 designantur.

554 5191 728 5246 Gallae
777 5191 946 5264 hujus
977 5191 1212 5264 celebris
1257 5195 1531 5246 memoria
1568 5194 1624 5247 in
1677 5195 2076 5264 Martyrologio

483 5262 756 5322 Romano.
778 5261 810 5316 5
833 5263 1090 5316 Octobris
1115 5281 1124 5314 :
1167 5284 1186 5312 ι
1211 5265 1401 5316 Romae
1431 5272 1634 5317 sanctae
1674 5261 1846 5318 Galla)
1875 5261 2066 5328 viduae,

481 5333 608 5406 tilia:
632 5333 950 5406 Symmachi
974 5334 1368 5406 consulis.quze
1391 5335 1502 5387 viro
1518 5352 1618 5388 suo
1636 5335 2070 5406 defuncto.apud

481 5405 771 5458 ecclesiam
789 5404 936 5458 beati
949 5405 1102 5458 Petri
1128 5406 1318 5458 multis
1343 5405 1526 5469 annis,
1543 5407 1802 5471 orationi,
1827 5404 2070 5461 electile-

479 5475 656 5556 synis.
679 5475 934 5556 jejuniis2
955 5476 1190 5556 aliisque
1209 5475 1414 5528 sanctis
1430 5477 1690 5556 operibus
1711 5477 1928 5531 intenta
1949 5496 2070 5550 per-

480 5545 704 5598 mansit:
725 5547 884 5614 cujus
907 5545 1284 5599 felicissimum
1303 5545 1600 5600 transitum
1616 5556 1842 5602 sanctus
1860 5545 2070 5614 Grego-

480 5614 598 5686 rius
609 5633 751 5684 papa
764 5617 1074 5686 descripsit.
1089 5618 1451 5685 »Quanquam
1469 5619 1536 5671 de
1553 5620 1643 5671 die
1655 5619 1840 5673 obitus
1862 5631 2068 5676 sanctae

480 5685 653 5760 Gallae
673 5685 1256 5760 disceptat’Arnoldus
1276 5688 1450 5760 ννίοη
1476 5689 1636 5759 Ligni
1666 5691 1786 5744 vitae
1817 5698 1974 5760 parte
2003 5707 2062 5757 II,

477 5754 622 5810 libro
651 5770 735 5825 III,
769 5754 844 5810 ad
869 5758 1016 5812 diem
1049 5759 1080 5813 6
1108 5759 1336 5829 Aprilis,
1369 5777 1478 5831 quo
1507 5754 1631 5832 ejus
1662 5754 1878 5816 obitum
1895 5754 2070 5817 conti-

2159 4701 2393 4770 apostoli
2423 4702 2712 4754 ecclesiam
2743 4704 3083 4757 monasterio
3112 4720 3170 4756 se
3199 4704 3496 4771 tradidit,»
3532 4711 3637 4759 etc.
3671 4705 3744 4758 Ex

2159 4771 2265 4824 hoc
2288 4772 2479 4845 caeteri
2511 4773 2848 4827 recentiores
2897 4792 2999 4828 sua
3027 4775 3406 4845 desumpsere.
3457 4777 3663 4829 Petrus
3689 4775 3742 4828 in

2161 4843 2412 4909 catalogo
2449 4850 2788 4910 sanctorum,
2823 4845 2917 4898 lib.
2952 4860 3026 4907 Ix,
3058 4863 3106 4898 c.
3145 4843 3242 4910 253
3283 4847 3649 4913 Trithemius,
3679 4845 3742 4898 de

2156 4913 2304 4966 Viris
2331 4913 2504 4967 illust.
2534 4915 2652 4967 ord.
2683 4916 2860 4969 sancti
2892 4916 3196 4977 Benedicti,
3221 4916 3320 4974 lib.
3358 4932 3440 4974 In.
3462 4935 3493 4970 c
3551 4917 3639 4974 13.

2230 4984 2466 5054 Scripsit
2483 5001 2704 5054 quoque
2717 4987 3043 5056 Fulgentius
3052 4988 3338 5056 egregiam
3350 4989 3421 5043 ad
3443 4989 3668 5044 Gallam
3677 4986 3742 5039 de

2160 5056 2536 5128 consolatione
2565 5074 2733 5128 super
2759 5065 2940 5111 morte
2965 5059 3174 5123 mariti,
3193 5065 3250 5112 et
3277 5065 3430 5114 statu
3449 5061 3739 5114 viduarum

2160 5127 2482 5201 epistolam_,_
2509 5127 2567 5201 in
2591 5145 2713 5201 Aqua
2736 5128 2899 5201 inter
2930 5137 3173 5201 caetera:
3211 5148 3236 5181 «
3271 5131 3431 5184 Disce
3459 5131 3636 5201 igitur
3685 5135 3742 5182 tu

2159 5215 2379 5267 quoque
2409 5198 2550 5250 nihil
2573 5199 2642 5252 de
2658 5198 2948 5272 nobilitate
2971 5200 3207 5272 generis?
3223 5198 3529 5272 assignare.
3541 5202 3609 5256 Et
3621 5201 3744 5254 licet

2158 5284 2278 5342 avo,
2313 5278 2490 5342 patre,
2511 5286 2719 5342 socero,
2752 5271 2954 5324 marito
2981 5271 3300 5325 consulibus
3330 5271 3546 5342 pridem
3572 5272 3742 5342 fueris

2153 5339 2302 5392 inter
2329 5341 2620 5393 szeculares
2641 5341 3050 5402 illustris,nunc
3077 5343 3134 5396 in
3157 5360 3223 5396 eo
3247 5350 3304 5396 te
3317 5339 3596 5398 illustrem
3625 5341 3742 5397 fieri

2153 5427 2444 5482 cognosce,
2479 5411 2534 5464 in
2559 5429 2668 5482 quo
2704 5412 2804 5464 tibi
2835 5413 3010 5467 virtus
3034 5414 3368 5468 humilitatis
3399 5415 3688 5468 accrescit.
3713 5435 3738 5462 ι

2151 5481 2255 5556 _Ubi
2285 5481 2455 5556 etiam
2469 5499 2526 5534 se
2547 5481 2617 5535 ad
2645 5483 2882 5556 Probam
2902 5501 3150 5538 sororem
3173 5487 3295 5554 ejus
3317 5486 3470 5556 (quia
3489 5485 3741 5538 videlicet

2149 5551 2208 5604 in
2235 5553 2430 5605 eodem
2460 5553 2804 5627 monasterio
2836 5556 2918 5627 uti
2950 5572 3168 5610 sorores
3198 5551 3472 5623 vivebant)
3496 5556 3739 5627 scriptu-

2151 5639 2287 5696 rumg
2301 5623 2532 5696 asserit:
2570 5647 2594 5696 ᾳ
2627 5625 3013 5695 Disposuimus
3041 5628 3210 5680 etiam
3244 5627 3307 5696 (si
3343 5623 3632 5682 Dominus
3645 5643 3739 5680 vo-

2149 5693 2337 5765 luerit,
2371 5701 2426 5748 et
2463 5694 2509 5747 si
2537 5693 2855 5764 vixerimus)
2889 5698 2960 5750 ad
2989 5693 3256 5752 sororem
3277 5705 3453 5765 tuam,
3484 5704 3738 5752 sanctam

2150 5764 2356 5819 Christi
2387 5765 2660 5836 virginem
2689 5767 2950 5838 Probam,
2976 5787 3145 5841 quam
3173 5764 3447 5826 Dominus
3473 5771 3582 5825 hoc
3600 5777 3740 5825 tem~
