3912 6380
501 303 606 363 275

1521 302 1612 358 DE
1651 301 1838 362 VITIS
1877 301 2173 363 PATRUM
2210 301 2424 358 LIBER
2460 301 2748 360 PRIMUS.

3657 305 3750 362 Q76

515 453 537 482 ι
559 434 662 487 Hic
681 435 793 488 ille.
815 434 1015 503 inquit,
1037 433 1198 502 plane
1229 447 1412 484 annus
1441 447 1562 503 esse
1587 431 1825 496 videtur,
1849 433 2105 502 qui,dum
2124 435 2172 492 A
2190 429 2535 503 cogitaverit,
2595 444 2831 503 eamque
2893 427 3311 503 existimaverit
3365 427 3642 483 civitatem
3692 433 3751 486 ad

509 505 585 560 ad
614 521 853 575 sequens
882 502 1132 576 praelium
1179 503 1450 576 Licinius
1461 502 1672 576 ubique
1702 505 1977 576 delectum
2013 505 2103 556 ha.-

509 575 628 629 beri
653 573 899 646 juberet,
944 583 1001 628 et
1035 575 1246 646 tirones
1276 573 1533 646 describi,
1574 574 1632 626 in
1681 575 1920 645 {Egypto
1962 577 2107 628 inter

511 644 904 716 alios'niagnus
942 646 1034 699 ille
1057 644 1411 709 Pachomius,
1447 649 1580 698 tunc
1612 646 1794 699 adhuc
1825 644 2100 711 ethnicus,

511 717 728 772 militiae
749 717 1022 788 ascriptus
1053 721 1159 788 est.
1182 733 1208 767 ι)

576 788 777 842 Posset
817 787 907 843 ex
941 787 1168 843 Baronii
1225 789 1432 848 mente,
1469 787 1564 856 qui
1594 787 1956 840 Pachomium
1989 804 2104 842 me-

505 859 684 913 ruisse
706 862 863 916 ιιο
880 859 1000 912 vult
1018 875 1130 912 aera
1143 857 1246 911 sub
1263 858 1494 919 Licinio,
1506 858 1611 910 huc
1627 859 1823 912 referri
1846 859 1992 928 quod
2007 860 2104 912 ha-

503 930 600 985 bet
621 931 872 984 Zosimus
897 930 1039 984 libro
1062 939 1101 984 ιι
1133 929 1395 982 Historiae
1429 945 1561 998 suae,
1601 928 1695 983 ubi
1727 931 1846 998 agit
1872 930 1940 982 de
1985 929 2102 984 bel-

507 1002 610 1054 lico
627 1002 826 1072 Licinii
849 1007 1149 1072 apparatu:
1169 1000 1458 1072 Λιέπεμπεγ
1480 995 1714 1072 ἀγγέλους
1735 995 1860 1052 uiri:
1881 1000 1941 1052 τὰ
1963 1003 2101 1066 ἕΟνηε

513 1093 538 1123 «
571 1071 801 1128 Dimisit
827 1071 899 1126 ad
926 1071 1185 1126 nationes
1214 1071 1342 1124 hinc
1369 1071 1499 1124 inde
1529 1071 1821 1124 nuntios.»

580 1143 689 1198 Sed
722 1157 835 1199 non
883 1150 1032 1197 recte
1089 1142 1390 1196 Baronium
1449 1142 1737 1211 colligere,
1770 1143 1888 1212 ipse
1925 1148 2109 1195 textus

517 1215 740 1278 evincit,
797 1215 893 1284 qui
949 1215 1096 1268 clare
1150 1213 1400 1268 insinuat
1439 1213 1792 1284 Constantini
1835 1220 2111 1284 praecepta

517 1285 729 1354 regalia
759 1283 1090 1350 cucurrisse,
1123 1300 1365 1352 eumque
1398 1283 1625 1336 'ussisse
1654 1285 1899 1337 tironum
1957 1285 2107 1337 dele-

520 1363 673 1408 ctum
699 1356 811 1408 ani.
846 1357 931 1408 Ita
952 1355 1099 1408 enim
1112 1354 1307 1408 habet:
1345 1373 1369 1405 (ι
1389 1301 1590 1408 itaque
1611 1355 1976 1408 Constantino
1991 1361 2107 1408 nost

520 1363 673 1410 ctum
699 1356 811 1426 agi.
846 1357 931 1411 ita
952 1354 1307 1426 enimhabet:
1345 1373 1369 1405 (ι

525 1425 970 1498 persecutionem
1005 1427 1060 1480 in
1092 1425 1330 1498 imperio
1349 1426 1708 1495 perdurante,
1741 1431 1801 1498 et
1825 1433 2015 1479 contra
2031 1434 2116 1496 ty-

519 1497 760 1552 rannum
781 1504 1012 1567 gerente
1033 1497 1306 1567 praelium,
1332 1504 1610 1566 praecepta
1631 1497 1845 1565 regalia
1860 1513 2115 1551 cucurre-

519 1575 674 1632 runt,
711 1573 772 1623 ut
791 1569 1079 1622 lectissimi
1109 1567 1314 1637 quique
1338 1569 1607 1636 juvenum
1635 1569 1706 1622 ad
1738 1568 1976 1621 tirocinii
2006 1569 2114 1621 mi-

517 1639 699 1694 litiam
719 1639 926 1710 ubique
961 1645 1304 1693 tenerentur.
1336 1658 1358 1687 υ
1414 1639 1530 1692 Nec
1550 1639 1722 1710 enim
1753 1639 1842 1692 hic
1865 1639 2113 1692 Licinius

517 1713 756 1778 tyranni
817 1708 984 1764 titulo
1033 1710 1366 1774 afﬁceretur,
1419 1716 1475 1763 et
1528 1708 1733 1764 ibidem
1772 1717 2104 1764 vocarentur

512 1782 762 1850 ejusdem
793 1784 1002 1847 regalia
1023 1787 1302 1848 pracepta.

1421 1360 1590 1423 taque
1611 1355 1976 1409 Constantino
1991 1361 2118 1425 post

2190 517 2358 572 quam
2391 500 2722 552 Pacliomius
2743 499 3039 572 appulerit.

2261 572 2468 634 Primo,
2518 571 2664 639 quod
2695 571 3102 640 Metaphrastes
3131 569 3282 622 dicat
3320 569 3488 624 fuisse
3513 576 3749 639 oppidum

2189 646 2463 716 quoddam
2499 645 2586 716 Ϊήι
2603 643 2941 716 barumﬁed
2969 641 3099 695 inde
3118 657 3230 694 non
3242 658 3405 711 posse
3425 642 3608 712 colligi
3631 645 3755 716 Oxy-

2187 715 2481 784 rynchum,
2510 715 2628 782 jam
2659 713 2792 767 dixi.

2256 786 2530 846 Secundo,
2565 785 2712 854 quod
2747 784 3154 853 Evagrius,imo
3168 783 3425 837 Ruflinus
3466 785 3629 852 (Ruﬁ,
3657 787 3750 850 hic,

2186 859 2280 909 lib.
2315 872 2376 918 Il,
2419 873 2464 909 c.
2501 854 2552 919 5,
2587 858 2649 907 dc
2685 857 2782 908 Vit.
2817 858 2966 923 PA).
2992 855 3132 908 utin
3161 855 3569 925 prolegomenis
3588 857 3753 922 docui,

2189 927 2245 981 in
2259 927 2402 980 Vitis
2440 932 2762 980 sanctorum
2812 926 3066 990 Patrum,
3097 943 3218 996 cap.
3253 926 3302 990 5,
3333 927 3491 998 paria
3520 928 3752 998 quaedam

2189 998 2391 1052 habeat
2410 999 2478 1051 de
2504 997 2947 1052 Christianorum
2961 999 3307 1069 benignitate
3326 1004 3384 1051 et
3397 997 3754 1069 hospitalitate

2190 1087 2312 1139 qua:
2329 1070 2463 1122 dicit
2502 1087 2560 1122 se
2590 1085 2691 1122 suo
2716 1077 2966 1138 tempore
2995 1068 3314 1139 Oxyrynchi
3331 1068 3616 1139 expertum
3642 1085 3753 1124 cum

2191 1141 2258 1194 iis
2281 1158 2402 1210 quae
2446 1142 2577 1194 olim
2605 1140 2943 1193 Pachomius
2973 1139 3052 1192 ait
3081 1157 3139 1192 se
3168 1140 3446 1194 invenisse
3474 1141 3532 1194 in
3567 1140 3756 1194 Theba-

2191 1229 2315 1265 rum
2347 1212 2587 1282 quadam
2621 1212 2860 1264 civitate.
2896 1211 3002 1264 Sed
3033 1227 3145 1264 non
3166 1211 3429 1264 inferiora
3475 1211 3758 1266 beneﬁceno

2197 1284 2288 1336 tiae
2327 1283 2512 1336 ofﬁcia
2541 1300 2572 1335 a
2601 1282 2934 1354 Christianis
2966 1283 3134 1335 etiam
3166 1282 3292 1335 aliis
3345 1283 3480 1354 locis
3509 1284 3754 1354 praestita,

2198 1360 2255 1407 et
2269 1355 2493 1424 quidem
2525 1353 3010 1417 Pachomiitetate,
3044 1362 3240 1406 narrat
3271 1353 3538 1408 Eusebius
3571 1353 3700 1407 libro
3714 1368 3757 1407 Ix

2197 1441 2315 1495 cap.
2352 1427 2402 1479 7.
2434 1431 2498 1478 ut
2527 1442 2638 1478 non
2669 1425 2853 1495 potior
2880 1424 3022 1478 ratio
3045 1425 3120 1478 sit
3156 1425 3225 1477 de
3255 1424 3586 1496 Oxyryncho
3614 1440 3759 1496 quam

2197 1498 2306 1550 alia
2337 1497 2524 1566 aliqua
2540 1497 2761 1548 civitate
2790 1496 3090 1564 cogitandi.

2269 1569 2454 1630 Quare
2511 1568 2786 1631 existimo,
2821 1583 2946 1619 cum
2974 1568 3164 1620 multa:
3201 1566 3402 1621 Thebe
3429 1567 3562 1630 sint,
3611 1583 3758 1621 unam

2195 1639 2510 1692 Thebarum
2551 1639 2830 1692 civitatem
2877 1638 3065 1696 fuisse,
3100 1639 3166 1691 ad
3209 1654 3376 1708 quam
3406 1655 3471 1691 ex
3500 1637 3758 1692 Thebaide

2186 1717 2242 1762 et
2289 1711 2528 1780 {Egypto
2557 1710 2774 1762 solvens
2805 1725 2931 1762 cum
2970 1709 3200 1778 reliquis
3254 1709 3552 1762 tironibus.
3594 1715 3648 1762 et
3697 1710 3753 1762 ad

2185 1781 2616 1834 Constantinum
2648 1797 2950 1850 properans
2983 1780 3298 1850 pervenerit
3333 1780 3679 1843 Pachomius,
3709 1787 3757 1834 et

583 1852 684 1905 Vix
717 1827 928 1915 dubito,
973 1827 1213 1905 Baronio
1243 1851 1590 1922 occasionem
1619 1851 1790 1904 fuisse
1821 1851 2097 1904 referendi
2121 1827 2303 1905 Beam
2335 1827 2781 1906 Christianoi'uni
2800 1827 3060 1922 experttus
3092 1852 3260 1904 fuerit
3282 1853 3633 1905 charitatem.

511 1924 660 1977 hunc
679 1923 924 1976 tironum
948 1923 1225 1976 delectum
1273 1923 1345 1975 ad
1382 1921 1678 1987 Licinium,
1713 1924 1859 1992 quod
1885 1923 2097 1976 Licinio

505 1995 782 2065 Egyptus
819 1993 1068 2064 parebat,
1110 1993 1451 2065 utinsinuat
1475 2063 1482 2065 Α
1505 1993 2016 2065 Sozomenuslibro
2055 2008 2092 2058 Ι,

507 2063 627 2136 cap;
656 2063 750 2129 fil,
780 2063 838 2119 et
880 2065 1133 2118 Zosimus
1163 2064 1304 2136 libro
1347 2074 1408 2116 ll.
1457 2063 1748 2136 Quomodo
1779 2064 1925 2136 enim
1957 2065 2099 2130 Cong

507 2135 790 2190 stantinus
815 2136 1092 2190 delectum
1117 2135 1484 2204 jussissetagi
1507 2135 1563 2188 in
1589 2135 1874 2204 provincia
1898 2136 2096 2188 adver-

507 2208 640 2262 sarii
657 2207 782 2260 sui?
836 2207 1006 2260 Recte
1039 2207 1265 2276 quidem
1297 2206 1373 2258 ita
1407 2205 1678 2258 Baronius
1722 2206 2094 2272 subduxisset,

505 2279 672 2333 modo
699 2278 790 2332 hic
817 2285 1079 2346 ageretur
1125 2277 1194 2330 de
1237 2276 1382 2331 bello
1411 2277 1473 2330 Li
1492 2277 1700 2330 :iniano
1728 2283 1922 2330 contra
1953 2277 2098 2331 Con-

503 2350 836 2404 stantinum.
869 2349 976 2403 Sed
1023 2365 1150 2402 cum
1178 2349 1297 2418 jam
1330 2347 1749 2418 probaverimus
1777 2349 1866 2416 agi
1913 2349 2002 2402 hic
2031 2349 2099 2401 de

504 2419 650 2475 bello
679 2426 877 2474 contra
906 2419 1264 2481 Maxentium,
1300 2425 1358 2472 et
1375 2419 1543 2472 verba
1573 2420 1641 2472 de
1661 2420 1908 2472 tironum
1947 2419 2099 2472 dele-

507 2498 600 2545 ctu
628 2492 794 2545 modo
824 2491 955 2544 data
983 2507 1018 2544 a
1043 2491 1406 2544 Constantino
1417 2506 1545 2544 eum
1563 2491 1832 2544 indictum
1855 2491 2002 2543 clare
2021 2491 2098 2543 si-

505 2563 775 2632 gniﬁcent
807 2581 819 2628 ;
870 2561 975 2614 etsi
1003 2561 1276 2631 Egyptus
1313 2561 1523 2615 Licinio
1553 2563 1810 2614 cessisset
1836 2569 1886 2614 et
1934 2577 2098 2632 pare-

507 2639 612 2697 ret,
649 2633 784 2702 quia
827 2638 1018 2686 tamen
1051 2633 1192 2684 bello
1234 2638 1430 2702 contra
1462 2633 1796 2686 Maxentium
1855 2632 2100 2686 Licinius

511 2720 638 2757 cum
670 2701 1038 2757 Constantino
1065 2701 1436 2772 conspirabat,
1467 2703 1651 2772 potuit
1678 2703 1925 2756 delectus
1957 2703 2100 2756 utri-

508 2791 688 2846 usque
713 2774 942 2828 nomine
967 2773 1025 2826 in
1051 2774 1291 2844 Egypto
1321 2773 1592 2842 profuisse
1613 2774 1874 2827 indictus.

583 2840 655 2915 (8)
677 2847 763 2899 Ad
811 2847 1062 2898 tirocinii
1090 2840 1362 2897 militiai—ri.
1393 2845 1593 2911 ubique
1648 2845 1989 2968 interemti)
2017 2845 2102 2898 Ita

588 2917 847 2968 andoaue
873 2932 1012 2968 onus
1037 2915 1234 2968 fuit.ut
1257 2914 1463 2968 milites
1480 2921 1536 2968 et
1563 2916 1773 2968 tirones
1799 2916 1857 2968 in
1887 2933 1951 2968 su
1993 2916 2098 2968 ita-

511 2917 847 2998 quand‘oque
873 2932 1012 2986 opus
1037 2915 1234 2998 ipit,ut
1257 2914 1463 2998 milites
1480 2921 1536 2996 et
1563 2916 1773 2998 tirones
1799 2914 2098 2998 insubita-

505 2986 592 3040 rio
620 2988 859 3051 delectu,
891 3001 962 3040 ne
990 2986 1514 3055 refugerent,teneri
1527 2994 1583 3040 et
1609 2987 1878 3056 prehendi
1898 2986 2102 3040 debue-

506 3058 638 3112 rint.
673 3059 859 3112 Livius
897 3057 1036 3111 libro
1068 3071 1131 3110 III
1166 3075 1176 3109 :
1211 3076 1233 3108 α
1278 3057 1675 3127 Quemcunque
1727 3058 1890 3111 lictor
1939 3060 2101 3127 jussu

2255 1922 2364 1989 (10)
2399 1927 2635 1977 Videmus-
2659 1927 2859 1975 tirones
2887 1926 3097 1976 arctius
3109 1923 3754 1992 custodiri.]Metaphras—

2181 1999 2262 2046 tes
2297 2015 2310 2047 :
2347 2015 2369 2045 α
2389 1996 2529 2048 Cum
2558 1995 2700 2046 cives
2714 1995 2982 2047 vidissent
3009 2011 3102 2046 eos
3133 1994 3190 2046 in
3213 1995 3489 2047 satistuta
3519 2011 3756 2047 essecus-

2179 2065 2350 2128 todia,
2377 2085 2400 2116 »
2426 2079 2490 2118 ex
2520 2066 2691 2118 veteri
2717 2065 2967 2118 Romano
2995 2066 3125 2126 ritu,
3161 2082 3270 2134 quo
3299 2065 3578 2119 tironibus
3595 2071 3757 2118 custo-

2181 2137 2278 2189 des
2330 2137 2466 2190 dati.
2503 2137 2727 2190 Servius
2748 2136 2814 2188 ad
2851 2136 2941 2188 lib.
2971 2151 3044 2188 vn
3067 2136 3281 2189 1Eneid.
3340 2157 3361 2184 ο
3395 2139 3543 2190 Ante
3572 2136 3747 2190 urbem

2182 2208 2340 2277 pueri
2385 2209 2621 2261 Romani
2649 2224 2796 2260 anno
2817 2207 2882 2261 t7
2916 2207 3248 2270 militabant,
3299 2223 3408 2276 quo
3441 2207 3612 2260 etiam
3654 2207 3756 2260 solo

2183 2279 2285 2331 sub
2315 2279 2638 2333 custodibUs
2669 2278 2961 2347 agebant:
2983 2279 3259 2340 Cicero,in
3271 2279 3534 2332 Caeliana:
3556 2298 3577 2330 ι
3597 2278 3756 2332 Nobis

2183 2350 2407 2418 quidem
2455 2351 2586 2403 olim
2618 2367 2798 2402 annus
2836 2356 2960 2402 erat
2980 2366 3126 2403 unus
3155 2350 3225 2402 ad
3255 2349 3624 2404 cohibendum
3650 2349 3758 2402 bra-

2181 2421 2367 2474 chium
2410 2428 2541 2487 toga
2595 2421 2951 2480 constitutus,
2983 2429 3046 2474 ut
3083 2421 3478 2474 exercitatione
3531 2421 3755 2490 ludoque

2181 2493 2479 2562 campestri
2510 2493 2742 2546 tunicati
2773 2499 3084 2558 uteremur;
3119 2493 3429 2562 eademque
3456 2492 3757 2554 erat,sista-

2181 2564 2282 2616 tim
2299 2565 2501 2617 mereri
2523 2563 2802 2633 stipendia
2832 2566 3514 2633 cmperamus,castrensis
3547 2563 3756 2617 ratioac

2183 2635 2460 2689 militaris.
2483 2656 2504 2685 ι
2529 2636 2784 2696 Plautus,
2807 2635 3280 2697 Mostellaria,act.
3305 2634 3512 2698 1,scen.
3538 2634 3600 2690 2:

2277 2724 2343 2770 Ad
2377 2725 2607 2782 legionem
2632 2737 2738 2770 cum
2762 2723 2902 2775 itsnt.
2929 2723 3282 2772 adminiculum
3303 2722 3372 2772 eis
3395 2723 3584 2771 danunt

2276 2786 2395 2834 Tum
2422 2787 2630 2848 aliquem
2657 2791 2910 2848 cognatum
2947 2798 3104 2834 suum.

2275 2847 2481 2895 Eatenus
2507 2847 2692 2895 abeunt
2724 2867 2742 2892 ;ι
2771 2847 2932 2895 fabris.

2277 2909 2432 2959 Unum
2461 2910 2539 2957 ubi
2562 2911 2815 2958 emeritum
2837 2917 2906 2958 est
2933 2909 3248 2972 stipendium,
3281 2909 3429 2969 igitur
3449 2915 3555 2957 tum

2277 2973 2526 3034 Specimen
2553 2972 2781 3033 cernitur,
2807 2987 2900 3033 quo
2927 2947 3107 3019 evehiat
3136 2947 3406 3020 ediiicat’tio.

2251 3055 2371 3125 (li)
2391 3052 2854 3125 Cht‘noboscitum]
2882 3054 3006 3106 Non
3037 3059 3186 3106 recte
3229 3053 3284 3105 in
3317 3053 3492 3125 veteri
3535 3053 3759 3125 editione

505 3129 750 3183 consulis
771 3129 1178 3200 prehendisset,
1206 3128 1466 3181 tribunus
1483 3123 1635 3200 mitti
1657 3123 2096 3200 jurbebatJ'Vide
2130 3191 2164 3200 Α
2186 3123 2591 3200 ϐρῃιοὺᾳδίίυρι.
2629 3125 2697 3176 Et
2717 3123 2940 3200 cap.153,
2978 3125 3418 3200 Thynobostiuni.
3449 3124 3576 3190 Hic,
3608 3123 3755 3183 infra,

506 3201 780 3272 Lipsium,
813 3200 882 3254 de
908 3200 1112 3254 Militia
1134 3200 1407 3266 Romana,
1439 3199 1580 3254 libro
1614 3214 1652 3264 ι,
1676 3199 1878 3269 dialog.
1912 3199 1961 3256 4.

576 3288 650 3358 (9)
675 3289 759 3344 Ad
783 3292 1057 3360 civitatein
1085 3289 1432 3358 quamdam.]
1463 3289 1873 3360 Metaphrastes
1901 3288 2090 3356 habet,

507 3361 770 3430 oppidum
799 3359 1072 3429 quoddam
1109 3360 1434 3414 Thebarum.

573 3449 1024 3529 Beroniusmnno
1269 3445 1391 3529 316,
1427 3447 1674 3529 Silvestri
1687 3447 1922 3529 papae},
1945 3448 2092 3502 Con-

503 3519 738 3574 stantini
759 3519 894 3590 imp.
925 3519 1048 3572 ΗΑ
1069 3519 1228 3572 Haud
1259 3519 1521 3583 otiosum,
1545 3519 1748 3588 inquit,
1782 3519 1890 3572 erit
1910 3521 2094 3572 locum

503 3591 873 3662 perscrutari,
895 3591 955 3662 in
1007 3606 1116 3660 quo
1153 3590 1504 3662 Pachomius,
1542 3591 1989 3662 Christianorum
2020 3591 2092 3642 ibi

501 3661 789 3732 agentium
812 3661 1121 3715 admiratus
1159 3661 1420 3714 collatam
1445 3661 1501 3714 in
1521 3661 1760 3730 gentiles
1791 3661 1960 3714 etiam
2001 3662 2094 3714 ho-

503 3731 684 3786 mines
735 3733 1066 3786 charitatem
1097 3731 1308 3802 pariter
1334 3749 1398 3785 ac
1425 3733 1709 3803 pietatem,
1761 3732 2094 3786 Christianae

501 3805 792 3873 religionis
817 3803 1073 3874 concepit
1100 3803 1382 3868 aliectum,
1415 3803 1512 3873 qui
1526 3805 1685 3874 velut
1729 3820 1921 3856 semen
1967 3803 2096 3856 dili-

500 3881 701 3945 genter
719 3873 1020 3940 excultum,
1054 3873 1113 3928 in
1141 3873 1427 3944 ingentem
1458 3873 1716 3928 arborem
1747 3874 2004 3928 excrevit.

579 3982 602 4015 ι
617 3962 936 4017 Thebarum
969 3963 1249 4016 civitatem
1269 3973 1438 4016 unam
1454 3963 1608 4016 illam
1638 3963 1811 4016 fuisse
1823 3978 1948 4015 cum
1965 3963 2096 4016 scri-

505 4033 603 4087 bat
624 4040 820 4086 auctor
846 4034 1290 4103 (Metaphrastesl
1333 4033 1390 4086 in
1419 4040 1666 4086 mentem
1694 4049 1910 4095 revoco,
1947 4051 2094 4086 eam-

503 4111 613 4174 que
631 4105 910 4157 civitatem
941 4103 1216 4167 existimo,
1258 4120 1380 4174 qua:
1420 4104 1786 4174 Oxyrynchus
1805 4105 1972 4166 dicta,
2005 4104 2090 4157 di-

505 4175 682 4228 versis
711 4180 1033 4228 sanctorum
1070 4174 1314 4227 virorum
1345 4191 1409 4227 ac
1439 4175 1758 4237 mulierum,
1789 4193 1888 4245 pro
1911 4181 2091 4229 status

503 4248 776 4315 cujusque
795 4245 1410 4310 diversitate,classibus
1431 4245 1753 4299 abundabat
1773 4248 2086 4312 (Eragrius,

503 4320 568 4370 in
585 4319 712 4371 Vitis
733 4316 832 4371 SS.
861 4319 1114 4380 Patrum,
1146 4332 1262 4384 cap.
1295 4317 1377 4385 5;)
1409 4334 1640 4386 quaeque
1655 4323 1776 4370 erat
1813 4318 2094 4371 sanctissi-

503 4403 726 4440 morum
754 4387 998 4440 virorum
1027 4387 1264 4458 asylum.
1298 4394 1354 4440 et
1383 4388 1632 4441 collectio
1671 4388 1873 4442 civium
1901 4388 2091 4441 beato-

501 4475 630 4530 rum
649 4477 662 4524 ;
684 4475 924 4530 quorum
943 4458 1382 4529 przeclarissimae
1401 4460 1654 4518 virtutes,
1676 4477 1800 4512 cum
1833 4459 1890 4512 in
1908 4460 2091 4513 omni-

2123 3191 2166 3253 C
2187 3213 2308 3267 cap.
2332 3199 2400 3249 40
2422 3215 2437 3249 :
2459 3214 2481 3242 α
2504 3197 2710 3267 Frater
2727 3191 2954 3264 quidam
2985 3195 3053 3247 de
3075 3195 3572 3267 Chinobosciorum
3586 3211 3759 3248 mona-

2176 3265 2411 3321 sterio.»
2433 3268 2631 3337 Etcap.
2656 3266 2720 3321 53
2746 3285 2756 3318 :
2795 3285 2821 3317 σι
2855 3267 2998 3329 Quia
3022 3273 3079 3319 et
3109 3265 3287 3336 ipsum
3310 3266 3368 3319 in
3397 3267 3750 3326 monasterio.

2175 3345 2544 3407 cognomento
2587 3337 3104 3401 Chinobosciorum,
3161 3341 3433 3408 aegrotare
3491 3354 3755 3408 compere-

2174 3419 2279 3464 rat.
2326 3428 2352 3462 ι»
2393 3410 2707 3474 Χηνοϐοσχία
2745 3410 3101 3463 (Πιθηοὸοςειά
3141 3408 3273 3462 urbs
3310 3415 3396 3462 est
3431 3408 3752 3469 Thebaidos,

2177 3482 2256 3534 ita
2284 3482 2424 3535 forte
2445 3481 2612 3547 dicta,
2637 3480 2785 3549 quod
2809 3480 2884 3533 ibi
2912 3496 3131 3534 anseres
3155 3479 3608 3549 pascerent.Vide
3621 3480 3754 3534 Ono-

2176 3553 2446 3605 masticon
2457 3593 2469 3604 .

2248 3624 2358 3689 (l1)
2399 3626 2460 3676 Et
2492 3626 2550 3674 in
2588 3623 2808 3691 mollia]
2843 3622 3002 3676 Itain
3023 3621 3306 3692 primitiva
3326 3622 3754 3693 Ecclesiabapti-

2177 3695 2284 3748 zati
2315 3695 2494 3747 mellis
2525 3701 2581 3748 et
2610 3694 2768 3747 lactis
2799 3693 3153 3746 dulcedinem
3193 3694 3524 3762 gustabant.
3559 3693 3757 3748 Tertul-

2179 3765 2384 3827 lianus,
2409 3766 2477 3818 de
2500 3766 2718 3817 Corona
2749 3763 2960 3825 militis,
2981 3781 3102 3835 cap.
3133 3763 3184 3836 3_,
3208 3779 3379 3833 agens
3407 3767 3475 3820 de
3506 3763 3756 3836 baptismi

2179 3837 2544 3898 caeremoniis,
2579 3842 2872 3905 postquam
2897 3837 3015 3904 jam
3051 3834 3126 3889 de
3152 3834 3430 3905 baptismo
3463 3834 3600 3907 ipso—
3633 3836 3749 3904 egit.

2183 3927 2207 3959 «
2232 3909 2368 3962 Inde
2406 3907 2646 3976 suscepti
2681 3907 2836 3979 lactis
2875 3914 2931 3959 et
2960 3907 3138 3960 mellis
3164 3908 3521 3979 concordiam
3551 3923 3753 3979 praegu-

2177 3986 2409 4033 stamus.
2453 3999 2473 4028 ι
2505 3979 2658 4032 Idem
2689 3978 2828 4031 libro
2858 3993 2876 4050 ι
2909 3985 3104 4031 contra
3137 3978 3498 4050 Marcionem,
3524 3978 3640 4050 cap.
3672 3979 3749 4036 ii.

2177 4067 2348 4119 agens
2404 4051 2472 4103 de
2529 4050 2633 4102 deo
2705 4049 3021 4108 Marcionis.
3092 4049 3186 4119 qui
3251 4050 3391 4104 alias
3448 4049 3750 4104 creaturam

2175 4121 2276 4174 Dei
2293 4138 2578 4192 respuens,
2612 4120 2668 4173 in
2697 4121 2812 4174 suis
2863 4121 3228 4174 sacramentis
3273 4126 3465 4192 tamen
3495 4139 3619 4176 eam
3649 4135 3750 4192 non

2175 4189 2489 4262 respuebat,
2527 4192 2622 4245 sed
2653 4191 2908 4245 Ecclesiae
2950 4193 3091 4245 ritus
3129 4191 3540 4246 aemulabatur:
3602 4213 3622 4242 ι
3647 4189 3743 4246 Sed

2173 4263 2268 4316 ille
2290 4265 2514 4346 quidem
2539 4280 2714 4332 usque
2737 4279 2899 4346 nunc
2929 4279 3029 4316 nec
3049 4279 3252 4346 aquam
3275 4264 3596 4333 reprobavit
3621 4264 3743 4317 Cre-

2175 4333 2367 4398 atoris,
2401 4351 2512 4403 qua
2541 4352 2672 4388 suos
2700 4333 2878 4386 abluit
2909 4353 2920 4398 ;
2968 4350 3070 4387 nec
3107 4335 3312 4397 oleum,
3347 4352 3456 4404 quo
3489 4351 3620 4388 suos
3656 4349 3745 4388 un-

2177 4407 2260 4472 git
2291 4425 2303 4460 :
2347 4422 2446 4459 nec
2469 4406 2648 4458 mellis
2679 4411 2734 4458 et
2764 4405 2919 4457 lactis
2939 4405 3282 4466 societatem,
3307 4423 3564 4475 quasuos
3583 4405 3744 4458 infan—

2176 4483 2275 4530 tat.
2304 4497 2328 4528 ι)
2373 4478 2542 4530 Beata
2579 4479 2784 4544 Agnes.
2819 4483 2962 4529 teste
2979 4477 3294 4532 Ambrosio.
3320 4494 3488 4531 serm.
3519 4476 3744 4542 90,dice-

501 4529 948 4624 busLactioni‘bus
968 4531 1270 4624 elpcereth,
1303 4530 1360 4583 in
1379 4531 2092 4624 suscipiendis'tamcn‘hos:
2110 4567 2158 4624 D
2175 4529 2270 4602 bat
2295 4565 2304 4600 ε
2335 4567 2356 4598 ι
2376 4529 2501 4601 ίιείξ
2516 4529 2714 4601 έιίιξῖθι
2745 4565 2806 4599 ex
2827 4563 2924 4600 om
2943 4549 3064 4615 ejus
3085 4529 3334 4616 suscepi"
3351 4567 3377 4601 ,

499 4601 730 4672 pitibus,
772 4601 906 4655 solis
927 4601 1109 4654 instar
1149 4601 1434 4654 radiorum
1483 4603 1622 4655 adeo
1643 4602 2000 4671 effulgebant,
2033 4609 2094 4656 ut

500 4673 672 4726 etiam
700 4673 938 4727 gentiles
966 4673 1222 4726 homines
1251 4673 1309 4725 in
1331 4673 1628 4726 maximam
1647 4674 1732 4727 sui
1763 4674 2091 4727 admiratio-

501 4758 630 4814 nem
652 4743 1010 4806 adducerent,
1035 4750 1094 4798 et
1113 4743 1180 4796 ad
1211 4744 1616 4814 capessendum
1628 4744 2005 4800 Christianam
2031 4746 2093 4797 ii-

500 4813 630 4868 dem
659 4825 854 4867 eorum
883 4815 1099 4868 animos
1125 4813 1506 4884 provocarent.
1531 4840 1550 4862 υ

570 4895 658 4956 Ita
669 4899 892 4971 quidem
906 4901 1200 4963 Baronius,
1216 4904 1309 4972 qui
1333 4905 1634 4958 Thebarum
1649 4908 1921 4957 civitatem
1936 4903 2086 4956 idem

498 4971 965 5046 existimatatque
992 4971 1271 5046 Thebaidis
1287 4979 1559 5046 m‘vitatcm
1585 4994 1597 5032 :
1630 4976 1776 5046 quod
1800 4975 1984 5027 nescio
2013 4989 2084 5028 an

496 5043 725 5116 omnino
743 5037 833 5098 hic
860 5037 1267 5116 admittendam
1291 5046 1380 5100 sit.
1407 5037 1686 5116 Quidquid
1718 5046 1809 5107 sit,
1827 5046 2086 5116 OXyryn-

487 5113 666 5174 chum
687 5123 800 5168 non
819 5128 939 5168 eSSe
952 5131 1074 5168 eam
1097 5115 1377 5170 civitatem
1394 5118 1462 5170 ad
1477 5113 1644 5185 quam
1657 5117 1872 5185 venerit
1893 5113 2082 5185 quam-

497 5191 606 5262 que
623 5186 920 5262 transierit
935 5187 1287 5262 Pachomius,
1319 5189 1404 5241 vel
1421 5181 1550 5241 inde
1577 5181 1800 5258 probari
1817 5181 2001 5262 potest
2031 5207 2042 5240 :

562 5255 923 5329 Primo,quod
937 5255 1313 5322 dicaturnavi,
1347 5255 1835 5326 vespera-urgente:
1855 5260 1926 5310 ad
1955 5262 2084 5312 civi-

496 5333 660 5400 tatem
679 5331 922 5383 delatus:
947 5330 1483 5400 atquiOxyrynchus
1501 5330 1691 5399 procul
1735 5346 1767 5382 a
1798 5329 1938 5382 mari
1966 5339 2022 5382 et
2051 5347 2084 5383 a

496 5347 660 5384 tatem
679 5347 922 5383 uelatus:
947 5347 1194 5400 atquiux
1239 5347 1483 5399 ryncnus
1501 5347 1691 5399 procul
1735 5347 1767 5382 a
1798 5347 1938 5382 mari
1966 5347 2022 5382 et
2051 5347 2082 5383 a

492 5389 618 5454 Nilo
640 5400 830 5472 distat;
863 5400 1176 5471 diciturque
1199 5347 1506 5454 {’tolomaeo
1527 5401 1917 5472 Oxyrynchitis
1929 5401 2082 5454 nomi

493 5473 639 5542 pécov
671 5471 972 5542 μητρόπολις
997 5475 1402 5542 mediterranea
1430 5475 1757 5540 nwtropoh's.

562 5540 834 5606 Secundo,
869 5541 1012 5609 quod
1045 5543 1264 5596 dicatur
1307 5545 1379 5594 ad
1417 5547 1711 5609 peregrina
1742 5550 2081 5597 transvectus

562 5561 834 5606 necundo,
907 5561 1012 5596 uon
1045 5561 1264 5596 dicatur
1307 5561 1377 5594 aa
1417 5561 1711 5609 peregrina
1742 5561 2081 5597 transvenas

490 5612 807 5686 pervenisse
846 5561 913 5686 {id
934 5613 1224 5686 civitatem
1253 5611 1570 5667 Thebardm
1596 5633 1608 5666 :
1645 5613 1797 5684 atqui
1821 5615 2082 5686 Oxyryn-

460 5682 465 5686 ’
490 5681 629 5755 chus
658 5683 716 5755 in
737 5683 1017 5736 Thebaide
1043 5691 1144 5750 est,
1180 5701 1243 5738 ex
1293 5701 1404 5754 qua
1435 5681 2079 5755 provincia—Pachoniius

487 5750 778 5824 oriundus,
811 5757 868 5824 et
891 5755 1102 5810 militia:
1133 5750 1406 5824 ascriptus
1435 5750 1536 5809 est.

548 5819 791 5880 Baronio
813 5819 940 5880 dum
967 5833 1149 5880 causae
1177 5819 1430 5894 fueremb
1457 5837 1598 5898 quas
1624 5828 1698 5882 de
1725 5825 2064 5900 Oxyryncho

2245 4621 2641 4690 Hieronymus,
2665 4619 2930 4671 adversus
2942 4619 3338 4690 Luciferianos,
3370 4637 3417 4673 c.
3454 4621 3508 4684 4,
3537 4637 3600 4674 ex
3627 4620 3746 4674 Tra-

2150 4679 2385 4744 -ditione
2427 4679 2484 4743 in
2515 4679 2774 4744 Ecclesiis
2815 4690 2919 4742 hoc
2939 4689 3220 4742 observari
3267 4679 3445 4753 docet,
3478 4679 3746 4759 simulque

2175 4763 2504 4843 mysterium
2531 4761 2787 4843 explicat,
2821 4767 2890 4843 μὶ
2918 4761 3129 4843 scilicet
3147 4777 3346 4843 recer
3356 4761 3621 4843 baptismi
3645 4777 3748 4843 me-

2175 4831 2442 4886 minerint
2469 4850 2528 4886 se
2557 4833 2736 4884 instar
2755 4831 3031 4885 infantum
3062 4849 3200 4886 esse.
3241 4853 3263 4883 ι
3297 4831 3442 4886 Nam
3471 4839 3530 4886 et
3557 4833 3741 4887 multa.

2171 4905 2372 4974 inquit,
2427 4904 2558 4969 alia,
2607 4919 2729 4973 qua)
2759 4921 2856 4972 per
2892 4903 3254 4956 traditionem
3283 4903 3340 4957 in
3364 4905 3623 4958 Ecclesiis
3655 4902 3744 4956 ob-

2171 4975 3015 5038 servanturl4lauctoritatem
3046 4975 3152 5028 sibi
3173 4975 3392 5046 scripta:
3411 4976 3553 5043 legis
3589 4990 3744 5046 usur—

2167 5052 2456 5127 paverunt.
2480 5048 2632 5127 velut
2671 5047 2727 5127 in
2759 5045 2987 5127 lavacro
3005 5052 3093 5098 ter
3111 5045 3633 5127 caputpmergitare,‘
3644 5045 3744 5126 diu

2166 5117 2296 5171 inde
2311 5135 2561 5187 egressos
2591 5117 2747 5170 lactis
2769 5122 2825 5169 et
2840 5117 3020 5169 mellis
3050 5122 3390 5188 praegustare
3401 5117 3741 5171 concordiam

2165 5189 2234 5242 ad
2263 5189 2512 5242 infantiae
2542 5188 3026 5256 signiﬁcationem.
3057 5208 3078 5239 ι
3112 5189 3396 5243 Infantum
3417 5195 3608 5242 autem
3625 5205 3742 5257 pro—

2165 5260 2286 5330 pria
2298 5259 2896 5312 estimiocentia.Unde
2913 5260 3170 5312 Clemens
3179 5258 3746 5314 AlexandrinusJibro

2165 5345 2180 5384 ι
2206 5332 2576 5401 Pzedag.,cap.
2597 5331 2646 5395 6,
2663 5330 3143 5384 virosinnocentes
3165 5331 3246 5399 etj
3257 5335 3408 5384 ustos
3422 5330 3492 5384 ab
3515 5332 3745 5386 Homero

2165 5402 2274 5455 dici
2302 5402 2722 5472 γαλακτοςιάγους,
2756 5405 2890 5454 lacte
2920 5409 3194 5464 vescentes,
3229 5402 3486 5456 advertit.

2237 5474 2522 5543 Originem
2558 5473 2726 5541 hujus
2747 5473 2827 5525 rei
2848 5472 3103 5526 existimo
3133 5489 3390 5526 manasse
3407 5490 3472 5526 ex
3495 5473 3590 5526 illo
3613 5472 3744 5525 Exo-

2165 5543 2218 5596 di
2243 5559 2336 5597 In:
2374 5546 2614 5597 Educam
2647 5546 2708 5596 de
2733 5548 2881 5596 terra
2905 5546 3010 5597 illa
3043 5548 3102 5596 in
3119 5548 3329 5598 terram
3349 5547 3548 5598 bonam
3577 5551 3743 5608 etspa-

2167 5618 2382 5678 tiosam,
2409 5618 2468 5668 in
2493 5621 2697 5667 terram
2733 5631 2849 5682 quzr
2863 5619 2990 5684 [luit
3030 5619 3164 5668 lacte
3191 5621 3237 5668 et
3269 5614 3609 5678 melle.Quod
3626 5612 3741 5666 Cle-

2159 5703 2322 5809 fr‘nletns
2341 5686 2632 5752 Alexand.,
2675 5703 2823 5756 sup.,
2875 5687 2946 5738 ad
2976 5686 3293 5740 catechesin
3334 5686 3637 5757 perfectam
3663 5698 3741 5735 re-

2182 5773 2211 5809 e
2275 5801 2284 5809 .

2182 5764 2284 5811 'ert.

2223 5823 2407 5883 Aliam
2427 5843 2529 5883 nec
2556 5829 2717 5883 valde
2743 5825 3058 5883 absimilem
3085 5829 3552 5884 consuetudinem
3583 5828 3738 5882 notat
