3912 6450
428 303 534 362 279

1459 309 1552 363 DE
1586 307 1775 363 VITIS
1813 303 2106 360 PATRUM
2142 303 2356 358 LIBER
2390 303 2678 357 PRIMUS.

3603 287 3706 348 280

438 443 596 508 sam,
597 432 654 486 et
665 431 1016 508 appositosin
1033 446 1100 484 ea
1120 432 1202 508 vel
1225 448 1363 501 quos
1391 431 1448 486 in
1479 449 1546 485 ea
1575 431 2014 508 capiuntcibos.t
2039 427 2092 489 Α
2109 434 2338 508 cunctos
2359 424 2803 506 Origenislibros
2819 425 2873 478 in
2902 425 3110 477 ﬂumen
3130 421 3391 491 mergite,
3407 429 3478 472 ne
3497 415 3574 471 ab
3591 417 3701 472 illis

512 500 617 570 (28)
657 499 876 558 Necnon
923 505 991 554 ab
1037 499 1259 568 angelo,
1291 507 1411 567 elc.,
1453 509 1515 555 ut
1559 499 1780 556 dz'zirnze
1819 507 2026 557 w‘atz'o-
2109 515 2208 552 vos
2236 499 2340 568 ipsi
2363 499 2751 570 mergamini.)

442 589 535 628 nes
557 587 656 634 XII,
687 574 817 642 etc]
849 572 1168 634 Cassianus,
1192 573 1332 627 libro
1358 574 1616 638 "Instit.,
1641 575 1821 644 capite
1851 573 2030 637 ’1,me-

440 645 606 698 minit
633 644 960 698 duodenarii
982 645 1324 714 psalmorum
1342 646 1580 708 numeri,
1601 652 1716 698 tam
1739 645 1795 698 in
1812 662 2029 714 vesper-

441 715 594 779 tinis,
627 731 791 784 quam
822 715 880 768 in
912 715 1202 768 nocturnis
1240 716 1687 769 solemnitatibus
1725 717 1984 770 custoditi
2011 735 2022 769 :

447 804 470 835 ε
498 785 626 857 Qui,
642 785 845 855 inquit,
863 785 1232 857 intemeratus
1243 803 1390 840 nunc
1405 803 1581 856 usque
1595 787 1879 857 perdurat,
1899 787 2032 856 quia

440 871 550 910 non
571 856 817 909 humana
839 855 1232 910 adinventione
1253 855 1501 910 statutus
1511 874 1541 910 a
1562 855 1872 910 senioribus
1883 855 1973 910 alii
1983 876 2032 910 r-

441 933 648 998 matur,
676 927 772 980 sed
805 927 1022 998 ccelitus
1043 929 1226 998 angeli
1249 929 1570 998 magisterio
1591 927 1844 998 patribus
1863 928 2032 982 fuisse

442 997 680 1069 delatus.
707 1015 734 1049 ι
765 997 926 1060 Vide,
959 997 1135 1060 infra,
1157 999 1469 1052 Palladium
1498 997 1680 1069 capite
1711 998 1798 1054 38.

510 1067 622 1135 (29)
654 1070 1016 1140 Ρνττροςίιοι]
1039 1069 1433 1140 Hieronymus.
1451 1067 1775 1140 praefatione
1797 1070 1854 1123 in
1867 1087 2032 1139 regu-

439 1139 555 1192 lam
585 1139 764 1193 sancti
794 1139 1099 1194 Pachomii:
1125 1161 1148 1192 ι
1175 1139 1282 1204 Qui
1313 1139 1720 1202 (Tabennenses
1754 1141 2030 1209 monachi)

442 1209 653 1264 habent
671 1225 780 1283 per
800 1209 1029 1283 _singula
1047 1212 1392 1265 monasteria
1412 1219 1601 1283 patres
1616 1219 1673 1265 et
1691 1213 2036 1282 dispensato-

443 1296 554 1352 res,
588 1286 646 1334 et
671 1279 1158 1346 hebdomadarios,
1190 1298 1255 1336 ac
1282 1279 1588 1349 ministros,
1613 1289 1670 1336 et
1687 1279 2034 1352 singularum

445 1349 745 1423 domorum
774 1353 1116 1423 praepositos.
1155 1373 1177 1404 ι

516 1420 633 1488 (30)
645 1420 1265 1496 Apra‘one'Tegztyrormn
1280 1425 1556 1496 episcopo]
1573 1425 1916 1480 Coloniensis
1927 1425 2038 1478 edi-

446 1491 528 1573 tio
537 1507 640 1573 pro
649 1495 890 1573 Aprl'oae
901 1493 1072 1573 habet
1084 1491 1324 1573 Pycerio.
1344 1491 1558 1573 Nom
1575 1497 1836 1566 Aprionis
1852 1512 2039 1573 occur-

449 1561 593 1616 ritin
606 1563 1318 1636 inscriptionibusantiquis
1329 1567 1477 1637 apud
1489 1561 1810 1631 Gruterum,
1828 1585 1880 1637 p.
1900 1567 2002 1620 695
2017 1612 2029 1624 .

989 1653 1038 1689 Ρ.
1063 1649 1203 1691 LIVIO
1234 1654 1495 1691 ARTICVLO

915 1723 1071 1762 APRIO
1114 1725 1278 1762 PATER
1321 1725 1372 1762 L.
1417 1726 1470 1764 D.
1511 1727 1579 1762 AB

1067 1794 1370 1834 HEREDIBUS

456 1847 718 1921 _0ccu_rrit
731 1849 900 1921 etiam
917 1849 974 1902 in
990 1848 1058 1902 iis
1073 1851 1110 1904 Λ
1119 1854 1298 1916 prius.
1312 1851 1475 1921 Apud
1492 1851 1885 1916 Athanasium,
1903 1851 2045 1920 Apo-

453 1916 630 1993 l_og,_2_
649 1919 726 1993 Ade
752 1919 886 1989 fuga
907 1936 1027 1993 sua,
1053 1936 1178 1993 pag.
1205 1921 1326 1986 618,
1359 1916 1445 1976 est
1468 1922 1706 1990 Saprz‘on
1732 1916 2042 1993 episcopus.

455 1987 783 2064 thibidem,
811 1987 938 2060 pag.
969 1987 1212 2064 seeae.
1236 1987 1704 2060 Apria-nus—inter
1739 1987 2044 2064 episcopos,

453 2058 952 2131 quisubscripsere
982 2058 1294 2116 Sardicensi
1325 2065 1577 2118 concilio.

527 2128 932 2204 (3‘l)AP_erAi'd;em
965 2135 1219 2204 tempus.]
1260 2135 1551 2199 Baronius,
1579 2141 1732 2189 tomo
1763 2137 1862 2200 III,
1896 2152 2042 2190 anno

451 2200 1360 2288 Christi.328,'$ilvestri;papie1b,
1393 2206 1745 2288 Constantini
1775 2207 1910 2288 imp.
1939 2207 2034 2263 23.

458 2291 482 2321 α
509 2272 642 2334 Hoc,
666 2272 869 2344 inquit,
892 2289 1040 2348 anno
1060 2272 1420 2334 Athanasius,
1443 2278 1535 2347 qui
1552 2283 1682 2331 ante
1697 2272 2043 2348 superiorem

455 2359 673 2418 annum
695 2350 918 2418 creatus
940 2345 1232 2418 episcopus
1259 2345 1689 2409 Alexandrinus,
1714 2345 1841 2402 mox
1870 2349 2046 2402 laces-

455 2413 599 2468 situs
618 2413 1043 2470 Meletianorum
1060 2413 1377 2481 calumniis,
1401 2419 1858 2472 convenientibus
1881 2420 2046 2473 Euse-

459 2484 664 2559 bianis,
690 2502 838 2540 anno
859 2488 1112 2557 proximo
1143 2489 1330 2559 elapso
1353 2495 1438 2554 (ut
1462 2491 1724 2558 vidimus)
1739 2490 2045 2544 laboranti-

455 2554 562 2631 bus
580 2555 651 2609 iis
664 2573 765 2626 pro
785 2554 1140 2631 restitutione
1158 2554 1282 2612 Arii
1299 2554 1714 2624 Alexandriam,
1738 2562 1793 2614 in
1811 2578 2048 2631 praesen-

457 2629 573 2680 tem
603 2642 781 2697 usque
810 2643 1021 2702 annum
1041 2629 1161 2702 dire
1191 2631 1504 2699 exagitatus
1532 2639 1643 2698 est;
1677 2629 1915 2702 repulsis
1939 2633 2043 2696 his,

459 2713 838 2772 pemuasoque
851 2700 1238 2772 Constantino,
1259 2702 1482 2755 tandem
1498 2703 1726 2772 quievit,
1742 2700 2049 2772 nactusque

459 2783 610 2845 nunc
621 2769 863 2838 primum
879 2770 1042 2824 hosce
1054 2772 1480 2845 tranquillitatis
1489 2769 1543 2826 di
1551 2791 1608 2826 es
1623 2774 1918 2845 Alcyonios
1931 2769 2051 2827 diu-

458 2838 574 2891 tius
593 2845 960 2914 exspectatos,
976 2847 1040 2894 ut
1055 2838 1373 2914 susceptum
1396 2844 1705 2914 episcopale
1724 2838 1950 2900 inunus.
1968 2845 2050 2898 uti

460 2925 566 2978 par
591 2917 730 2974 erat,
757 2910 966 2972 obiret;
992 2912 1138 2982 quod
1162 2910 1340 2978 magis
1361 2910 1462 2967 sibi
1486 2910 1860 2968 necessarium
1873 2916 2051 2968 visum

461 2985 566 3056 est,
591 2995 729 3051 opus
757 2983 1102 3056 aggreditur,
1134 2983 1460 3052 perdifﬁcile
1487 2987 1730 3055 quidem,
1762 3003 1962 3056 nempe
1993 2992 2056 3040 ut

459 3051 781 3125 universam
804 3051 1180 3125 eamdemque
1223 3051 1627 3124 amplissimam
1664 3051 2052 3110 Alexandrina:

461 3120 720 3200 Ecclesiae
731 3123 1036 3200 subjectam
1055 3120 1444 3200 perlustrando
1461 3127 1762 3200 dioecesim,
1783 3129 1930 3200 quod
1948 3129 2055 3181 har.-

463 3193 603 3246 resis
619 3200 675 3270 et
689 3185 952 3270 schis'ma,
974 3185 1238 3270 pravique
1253 3213 1441 3250 mores
1459 3199 1514 3252 in
1532 3185 2057 3270 Ecclesiacorrupis-
2078 3185 2121 3246 Ο

459 3264 1039 3340 sent,vigi_lantissimo
1052 3264 1239 3321 studio
1253 3264 2054 3340 restauraret,restitueretque

461 3333 521 3411 i_n
553 3335 634 3411 eis
658 3333 830 3411 tidem
863 3344 921 3411 e_t_
941 3354 1131 3411 pacem
1149 3340 1414 3403 exsulem,
1441 3357 1738 3411 moresque
1764 3333 2054 3410 corruptos

463 3404 847 3482 Ecclesiastica
863 3404 1160 3482 disciplina
1188 3419 1564 3482 componeret,
1586 3404 1688 3464 etc.
1725 3413 1906 3481 Hujus
1930 3404 2054 3482 qui-

464 3475 590 3556 dem
613 3475 1080 3556 peregrinationis
1109 3499 1174 3534 ex
1204 3475 1501 3552 episcopali
1522 3489 1792 3552 susceptae
1811 3475 2056 3536 vmun-ere

461 3549 584 3616 ipse
613 3549 888 3610 meminit,
923 3557 1029 3603 etc.

544 3635 568 3667 α
585 3617 723 3671 Cum
741 3619 916 3693 igitur
930 3626 1158 3693 sanctus
1171 3622 1511 3676 Athanasius
1531 3625 1586 3687 (Α
1601 3626 1812 3677 titanas.
1827 3628 1990 3692 «φοι.
2004 3623 2057 3693 2)

467 3695 696 3742 cunctas
721 3707 786 3744 ex
815 3692 996 3746 ofﬁcio
1016 3693 1268 3746 visitaret
1282 3695 1570 3757 Ecelesias,
1595 3712 1704 3748 non
1729 3697 1785 3748 in
1817 3695 2057 3748 civitati-

468 3757 574 3836 bus
595 3763 1076 3836 tantum,0ppidis
1103 3771 1272 3836 atque
1301 3765 1432 3818 vicis
1461 3767 1689 3836 positas,
1724 3767 1819 3819 sed
1850 3772 1906 3820 et
1935 3784 2058 3836 quae

466 3829 526 3883 in
546 3829 949 3906 solitudinibus
967 3829 1314 3905 desertisque
1341 3829 1478 3890 locis
1499 3854 1669 3906 penes
1699 3843 1920 3890 sanctos
1944 3829 2058 3890 ino-

468 3901 674 3956 nachos
699 3911 878 3968 erant,
908 3905 1116 3972 invisit;
1147 3913 1200 3960 et
1222 3901 1544 3961 lvisitation'e
1565 3910 1759 3962 eadem
1779 3909 1849 3961 ad
1871 3925 2060 3962 mona-

468 3972 701 4047 sterium
725 3977 903 4047 sancti
935 3975 1220 4030 Pachomii
1249 3979 1517 4047 pervenit.

540 4043 649 4106 Qui
675 4043 850 4113 igitur
878 4063 1026 4100 anno
1053 4043 1394 4118 primo—belli
1423 4047 1696 4102 Liciniani
1725 4050 2059 4102 Pachomius

471 4119 639 4166 natus
665 4121 789 4168 erat
802 4133 1082 4189 annosrxx,
1119 4134 1184 4171 eo
1215 4133 1361 4172 anno
1375 4119 1586 4173 scilicet
1610 4120 1704 4189 qui
1725 4121 2060 4174 Domininu-

471 4189 726 4238 meratur
775 4187 942 4259 (sicut
968 4187 1177 4242 dictum
1201 4195 1286 4242 est
1313 4191 1590 4259 superius)
1626 4187 1754 4254 3|6,
1799 4196 1922 4244 erat
1957 4192 2060 4244 hoc

473 4269 622 4308 anno
645 4256 826 4310 artatis
847 4273 1123 4312 annorum
1143 4273 1316 4313 xxxn.
1341 4256 1551 4313 habens
1569 4262 1886 4316 monastica:
1908 4263 2064 4316 insti-

473 4325 709 4402 tutionis
724 4343 900 4402 annos
911 4343 1008 4384 xu.
1033 4329 1406 4402 Quamobrem
1426 4331 1575 4400 quod
1587 4331 1704 4402 ipse.
1719 4333 1774 4385 in
1787 4334 1940 4387 Actis
1953 4334 2064 4387 illis

475 4412 637 4473 senem
654 4397 728 4451 sit
752 4398 952 4456 dictus.
985 4401 1340 4455 veneratione
1378 4397 1566 4473 potius
1595 4397 1762 4472 quam
1793 4410 1956 4457 aetate
1985 4406 2064 4458 sic

476 4467 800 4544 nominatus
809 4477 1060 4544 apparet.
1083 4481 1146 4526 ut
1155 4479 1283 4542 pote
1297 4467 1443 4544 quod
1457 4467 2066 4529 Patermultorummo-

477 4539 782 4616 nachorum
800 4539 1028 4616 effectus
1041 4539 1180 4616 erat,
1205 4544 1300 4616 qui
1312 4539 1378 4598 et
1394 4545 1500 4615 ipsi
1521 4545 1748 4615 egregia
1757 4548 2069 4601 ﬂoruerunt

472 4611 825 4666 sanctitate.»
856 4615 1140 4670 Hactenus
1161 4611 1452 4669 Baronius.

546 4683 654 4758 Sed
666 4684 954 4758 Pachomii
969 4687 1102 4740 anni
1117 4687 1676 4741 reformandisuntad
1685 4689 1806 4758 jam
1823 4689 1970 4743 dicta
1979 4706 2068 4743 su-

471 4753 809 4828 geriusmap.
828 4757 882 4822 4,
905 4758 1032 4822 n.6,
1053 4758 1146 4812 ubi
1163 4758 1520 4828 probavimus
1537 4753 1898 4814 Pachomium
1923 4761 2066 4814 bello

474 4824 832 4899 Mageutiano
870 4824 1180 4894 militasse;
1193 4831 1338 4899 quod
1367 4838 1590 4899 gestum
1617 4836 1700 4883 est
1728 4848 1876 4885 anno
1909 4831 2068 4886 Chri-

474 4895 548 4970 sti
568 4895 690 4970 312.
716 4897 875 4970 Unde
890 4899 994 4953 hoc
1007 4917 1156 4954 anno
1176 4895 1281 4956 328
1305 4895 1431 4970 (quo
1453 4917 1580 4954 eum
1602 4901 1884 4956 existimat
1897 4903 2066 4956 Baro-

473 4966 1026 5041 niusAabAthanasio
1055 4966 1366 5041 visitatum)
1384 4972 1554 5026 fuerit
1577 4988 1851 5026 annorum
1877 4988 2060 5026 xxxvr.

549 5037 662 5102 (32)
687 5040 975 5114 Heraclaj
989 5041 1130 5114 Fuit
1147 5043 1234 5096 hic
1263 5037 1652 5096 Alexandrinae
1673 5043 1912 5097 civitatis
1945 5045 2064 5114 epi-

474 5125 692 5182 scopus,
716 5111 786 5164 de
807 5127 916 5182 quo
939 5113 1208 5168 Eusebius
1227 5114 1285 5167 in
1307 5115 1602 5179 Chronico,
1623 5115 1818 5168 ann08
1832 5111 2068 5168 Alexan-

473 5181 750 5252 dri’imp;
783 5201 817 5256 ί
828 5181 1235 5239 Alexandrinae
1265 5185 1520 5239 Ecclesiae
1548 5185 1912 5239 duodecimus
1946 5187 2052 5256 epi-

473 5269 674 5325 scopus
700 5253 994 5308 ordinatur
1021 5256 1285 5310 Heraclas
1315 5256 1478 5310 annis
1506 5270 1618 5310 XVI.
1655 5256 1918 5325 Ejusdem
1947 5253 2065 5310 me-

473 5324 640 5378 minit
691 5325 982 5392 Eusebius,
1031 5327 1174 5381 libro
1220 5342 1294 5392 v1,
1344 5327 1526 5396 capite
1580 5325 1662 5386 i2,
1701 5324 1784 5392 Μ,
1816 5328 1969 5381 24et
1998 5328 2068 5384 '28

473 5396 780 5470 ecclesiast.
811 5397 1022 5452 Histor.
1045 5399 1238 5470 Exstat
1266 5399 1434 5467 hujus
1461 5397 1732 5470 memoria
1757 5399 1813 5452 in
1853 5400 2065 5470 Marty-

475 5467 687 5537 rologio
718 5469 972 5522 Romano
1005 5469 1065 5524 l4
1087 5471 1250 5523 Julii:
1281 5469 1672 5522 «Alexandriae
1695 5471 1872 5524 sancti
1897 5467 2066 5524 Hera-

473 5537 588 5611 clas
624 5539 912 5611 antistitis,
964 5539 1035 5593 ob
1085 5543 1246 5610 cujus
1289 5539 1713 5593 celeberrimam
1742 5541 2062 5611 opinionem

472 5607 772 5682 Africanus
786 5607 1269 5682 historiographus
1299 5616 1574 5664 memorat
1593 5628 1652 5664 se
1671 5607 2062 5666 Aleiandriam

473 5678 544 5732 ad
560 5693 696 5752 eum
710 5679 1014 5752 Avisendum
1029 5678 1388 5752 properasse.
1399 5702 1421 5730 ι

547 5749 664 5822 (38)
691 5749 942 5822 Ονξῃεηίε
963 5749 1318 5822 commenta]
1347 5752 1516 5818 Infra,
1551 5769 1671 5822 cap.
1715 5752 1782 5808 45
1809 5772 1819 5806 :
1857 5772 1882 5806 α
1905 5753 2062 5818 Quod

471 5819 516 5872 si
533 5820 671 5874 mihi
691 5820 858 5874 vultis
874 5823 1245 5893 acquiescere,
1263 5819 1492 5894 Deoque
1503 5819 1722 5894 placere
1735 5841 1836 5896 per
1851 5825 2060 5881 omnia.

2181 563 2470 630 Baronius,
2488 563 2644 621 anno
2665 565 2871 620 Christi
2893 564 3015 621 402.
3040 563 3316 618 Anastasii
3336 580 3494 634 papae
3528 565 3580 628 5,
3605 565 3705 616 Ar-

2109 641 2253 694 cadii
2273 646 2330 693 et
2349 639 2580 693 Honorii
2601 639 2674 690 im
2684 655 2774 708 pp.
2797 640 2848 690 8.
2873 638 2953 692 De
2969 636 3165 689 eodem
3186 651 3428 708 quoque.
3455 635 3704 708 ait,0ri—

2110 712 2270 780 genis
2292 713 2398 780 περὶ
2419 709 2612 781 ἀρχῶν,
2638 707 2891 781 errorum
2910 709 3080 781 fonte,
3098 712 3230 781 puto
3250 707 3701 781 intelligendum,

2113 777 2260 853 quod
2290 777 2570 852 reperitur
2588 781 2646 833 in
2665 781 2838 853 gestis
2859 779 3009 833 beati
3029 777 3331 853 Pachomii,
3352 777 3540 853 ipsum
3557 793 3708 853 eusc-

2113 847 2330 908 cratum
2355 847 2480 906 esse
2502 847 3063 932 monaclioslegerrtes
3083 849 3254 932 libros
3274 849 3554 932 Origenis‘.
3593 847 3707 932 Cir:

2113 923 2740 1000 cumferebanturenim
2769 915 2896 1000 libri
2923 922 3008 1000 illi
3023 924 3134 1000 aget
3161 915 3333 1000 αξρχῶν
3358 915 3708 1000 gemma

2115 999 2475 1056 monasteria,
2501 994 2594 1064 qui
2618 993 2951 1046 auctoritate
2971 991 3197 1061 Didymi
3212 990 3308 1044 eOs
3323 990 3710 1064 notationibus

2114 1067 2450 1122 illustrantis
2471 1061 2616 1136 apud
2650 1064 2946 1136 nonnullos
2979 1079 3182 1136 magno
3221 1067 3385 1136 erant
3414 1062 3484 1136 in_
3504 1061 3702 1136 pretio.

2116 1140 2274 1194 Unde
2302 1146 2358 1192 et
2385 1133 2592 1190 factum
2622 1141 2724 1197 est,
2755 1141 2818 1188 ut
2838 1135 2986 1187 idem
3005 1133 3354 1196 Pachomius,
3385 1149 3451 1186 ex
3471 1133 3580 1186 hac
3598 1133 3707 1184 vita

2117 1211 2478 1280 migraturus,
2507 1206 3024 1280 quasi_testamento
3038 1203 3300 1280 Qrigenis
3319 1220 3543 1280 errores
3558 1204 3708 1280 dam-

2118 1273 2278 1336 natos
2306 1273 2614 1350 reliquerit.
2657 1277 2815 1340 Quod
2844 1275 3122 1346 posterius
3158 1275 3217 1328 in
3243 1275 3345 1328 hac
3365 1273 3495 1328 Vita
3513 1273 3704 1337 habes,

2118 1355 2299 1408 capite
2322 1352 2407 1406 53.

2322 1372 2679 1491 Ἑίεοάονιικ]
2699 1420 2779 1472 De
2801 1436 2866 1471 eo
2889 1417 3211 1491 Gennadius
3228 1417 3574 1491 incatalogo_
3589 1416 3709 1470 illu-

2120 1488 2318 1550 strium
2345 1492 2599 1547 Ecclesiae
2625 1488 2990 1561 Scriptorum,
3022 1489 3204 1559 capite
3232 1488 3297 1561 8;
3327 1509 3349 1539 ι
3383 1488 3709 1561 Theodorus

2121 1566 2429 1638 presbyter,
2460 1559 2761 1638 successor
2774 1561 2974 1638 gratim
2992 1566 3044 1613 et
3059 1560 3437 1638 praepositum
3458 1559 3711 1638 supradi-

2121 1626 2194 1692 cti
2218 1626 2435 1691 abbatis
2458 1626 2888 1694 Pachuniii,scri
2895 1632 3007 1702 psit
3022 1626 3090 1684 ad
3107 1626 3218 1683 alia
3229 1626 3577 1702 monasteria
3591 1645 3711 1702 san-

2122 1716 2338 1763 ctarum
2369 1706 2785 1775 Scripturarum
2823 1700 3078 1775 sermone
3108 1701 3372 1775 digestas,
3392 1701 3464 1775 Ain
3505 1700 3705 1775 quibus

2057 1780 2110 1840 B
2125 1787 2308 1834 tamen
2322 1772 2645 1848 frequenter
2657 1775 2913 1848 meminit
2926 1773 3178 1848 magistri
3201 1779 3258 1826 et
3276 1772 3620 1848 institutoris
3629 1772 3712 1848 sui

2120 1843 2508 1912 Pachumii,'ac
2521 1847 2786 1899 doctrinae
2803 1847 2924 1914 ejus
2943 1861 3007 1897 ac
3023 1845 3145 1898 vita:
3158 1845 3420 1914 proponit
3433 1843 3708 1914 exempla,

2121 1939 2243 1994 quae
2272 1922 2364 1974 ille
2395 1926 2460 1994 ut
2486 1919 2713 1971 doceret
2739 1917 2938 1985 angelo
2959 1915 3386 1994 administrante
3417 1915 3708 1994 didicerat:

2121 1984 2290 2049 simul
2316 1998 2376 2066 et
2400 1992 2659 2066 hortatur
2676 1984 3119 2066 permanendum
3139 1985 3502 2066 inproposito
3525 1984 3715 2066 “cordis

2125 2073 2182 2120 et
2206 2063 2395 2126 studii,
2421 2067 2478 2115 et
2498 2056 2737 2123 redire]
2754 2063 2880 2124 43
2899 2059 2955 2111 in
2979 2056 3328 2110 concordiam
3358 2063 3416 2109 et
3438 2056 3712 2109 unitatem

2125 2154 2220 2190 eos
2242 2135 2336 2206 qui
2359 2140 2485 2204 post
2503 2131 2719 2206 abbatis
2744 2129 2955 2206 obitum
2978 2127 3487 2206 discessionefacta,
3519 2131 3716 2206 abortu

2125 2198 2459 2276 semetipsos
2485 2203 2839 2276 absciderant
2858 2200 3092 2254 unitatis
3120 2218 3132 2252 :
3165 2205 3298 2253 sunt
3326 2205 3522 2252 autem
3551 2198 3716 2266 hujus

2126 2273 2528 2332 exhortationis
2556 2273 2804 2342 epistolae
2835 2278 3004 2324 tres.o

2195 2347 2473 2402 Theodori
2495 2341 2660 2413 hujus
2682 2344 2952 2396 memoria
2969 2343 3159 2412 agitur
3173 2342 3232 2396 in
3258 2343 3456 2396 Graeca
3477 2341 3720 2396 Ecclesia

2132 2419 2195 2476 15
2227 2419 2378 2482 Maii,
2411 2423 2476 2470 ut
2503 2415 2673 2468 habet
2701 2415 3076 2481 Menologium
3107 2415 3362 2467 Graecum
3397 2431 3408 2466 :
3451 2433 3480 2466 α
3511 2415 3718 2467 Eodem

2127 2491 2218 2544 die
2245 2487 2520 2544 Theodori
2550 2485 2897 2539 sanctiﬁcati.
2916 2485 3018 2538 Hic
3037 2483 3234 2538 beatus
3249 2485 3581 2538 Theodorus
3597 2499 3722 2538 eum

2129 2561 2229 2616 Dei
2253 2563 2432 2628 legem
2473 2557 2776 2611 meditatus
2814 2563 2978 2618 esset,
3013 2557 3325 2628 castissimo
3343 2557 3538 2609 animo
3574 2560 3722 2609 totus

2129 2627 2575 2704 puruselfertus,
2584 2634 2641 2704 et
2660 2645 2754 2680 vas
2763 2627 2985 2704 utileac
3005 2627 3413 2680 sanctiﬁcatum
3435 2632 3722 2680 ostensum

2132 2699 2233 2763 est,
2276 2699 2703 2772 supergrediens
2743 2699 3039 2772 visibilium
3080 2715 3267 2772 rerum
3307 2715 3560 2772 sensum,
3601 2712 3722 2752 cum

2133 2781 2324 2828 sancto
2347 2768 2674 2834 _PaChomio,
2717 2776 2774 2822 et
2809 2769 3173 2823 contubernio
3211 2775 3270 2822 et
3303 2768 3562 2822 moribus
3597 2784 3724 2822 con-

2127 2848 2375 2916 junctus;
2392 2850 2586 2916 etvere
2602 2842 2805 2916 dignus
2818 2841 2912 2911 qui
2929 2841 3719 2916 sanctiﬁcatusappellaretur,

2137 2911 2340 2986 quippe
2367 2915 2462 2985 qui
2482 2913 2880 2986 miraculorum
2907 2911 3396 2986 operationedives
3419 2911 3604 2965 factus
3623 2915 3719 2964 est.

2137 2982 2289 3040 Cum
2306 2982 2478 3055 igitur
2505 2993 2621 3038 tam
2655 2983 2793 3036 bene
2814 2983 2982 3035 vitam
3000 2984 3222 3051 egisset,
3249 2982 3304 3055 in
3327 2999 3558 3055 summa
3575 2997 3723 3055 sene-

2136 3065 2288 3113 ctute
2307 3051 2568 3125 migravit
2586 3055 2654 3108 ad
2678 3055 3034 3108 Dominum.»
3054 3057 3188 3116 Quae
3208 3053 3378 3125 etiam
3409 3051 3725 3125 habes,quif

2137 3129 2374 3183 busdam
2391 3122 2628 3186 additis,
2662 3126 2718 3178 in
2746 3126 3064 3178 Graecorum
3101 3124 3338 3186 Menzeis,
3370 3123 3464 3177 ubi
3504 3128 3571 3180 16
3601 3122 3725 3179 Maii

2137 3201 2256 3254 dies
2287 3202 2408 3269 ejus
2429 3199 2602 3251 festus
2629 3203 2878 3269 notatur.
2892 3197 2974 3269 _Ut
3002 3195 3237 3269 error
3261 3195 3644 3269 Menologium
3657 3195 3724 3269 ir:

2138 3265 2378 3340 repsisse
2408 3269 2680 3330 videatur,
2729 3267 2823 3340 ubi
2849 3267 2968 3340 dies
3001 3267 3222 3340 167Maii
3259 3266 3547 3340 omittitur
3570 3285 3584 3314 :
3622 3265 3724 3340 _qui

2137 3337 2444 3411 signandus
2464 3346 2604 3400 erat,
2633 3347 2690 3392 et
2707 3337 3432 3411 Theodoroadscribendus.
3447 3337 3724 3411 Ejusdem

2137 3408 2348 3466 mentio
2380 3418 2464 3464 est
2487 3411 2545 3464 in
2586 3411 2829 3473 Menzeis,
2872 3409 2929 3462 in
2963 3409 3091 3462 Vita
3121 3409 3296 3462 sancti
3335 3409 3630 3462 Pachomii
3673 3409 3724 3465 l5

2138 3484 2290 3546 Maii,
2315 3483 2409 3536 ubi
2431 3482 2637 3535 dicitur
2657 3481 2826 3534 etiam
2858 3481 2884 3532 ὁ
2914 3481 3225 3550 ἢγιασμένος,
3257 3480 3658 3536 Sanctiﬁcatus.

2213 3554 2323 3622 (35)
2357 3556 2650 3607 Undecimo
2679 3555 2766 3605 die
2795 3557 2997 3604 mensis
3026 3553 3270 3622 Tybi,ﬂ1°d
3295 3556 3388 3622 est,
3424 3557 3612 3622 octavo
3639 3554 3717 3610 id.

2137 3625 2404 3692 human]
2437 3625 2517 3678 Ne
2546 3623 2748 3676 mirere
2777 3623 3134 3676 undecimum
3165 3621 3314 3674 diem
3346 3621 3486 3692 Tybi
3527 3623 3726 3677 mensis

2139 3695 2525 3766 [Egyptiorum
2559 3693 3031 3766 respondereidiei
3062 3698 3216 3766 serto
3243 3692 3498 3766 Januarii
3530 3693 3727 3748 Roma-

2141 3764 2341 3820 norum
2376 3765 2602 3826 mensis,
2639 3782 2737 3818 seu
2767 3779 2867 3818 vm
2897 3764 3097 3819 Iduum
3127 3764 3549 3818 Januariarum.
3591 3767 3726 3819 Nam

2140 3837 2385 3908 [Egyptii
2419 3853 2664 3889 mensem
2697 3852 2861 3908 suum
2907 3835 3046 3905 Tybi
3093 3833 3537 3908 auspicabantur
3580 3842 3727 3892 sexto

2143 3903 2522 3962 Kalendarum
2544 3903 2964 3968 Januariarum,
2986 3923 3086 3959 seu
3116 3903 3184 3962 27
3202 3903 3572 3960 Decembris.
3610 3909 3727 3962 Jam

2139 3997 2270 4033 vero
2301 3997 2334 4033 a
2371 3979 2428 4034 17
2461 3977 2781 4032 Decembris
2807 3977 2877 4030 ad
2907 3982 3123 4030 sextum
3171 3977 3424 4030 Januarii
3461 3977 3638 4033 habes
3664 3977 3722 4032 11

2140 4051 2278 4104 dies.
2317 4050 2445 4103 \‘ide
2473 4049 2530 4102 in
2561 4049 2918 4103 Onomastico
2948 4048 3224 4102 Mensium
3256 4046 3530 4101 tabulam.

2218 4121 2318 4184 (36)
2350 4122 2412 4174 Et
2443 4122 2598 4172 credo
2628 4122 2760 4188 quia
2792 4123 2937 4172 tanti
2972 4122 3081 4172 vim
3108 4120 3420 4171 recordatus
3447 4117 3625 4186 stum]
3649 4117 3726 4172 Ita

2143 4191 2483 4246 Athanasius
2505 4191 2788 4244 memoriae
2813 4191 2991 4244 sancti
3011 4189 3240 4244 Antonii
3254 4189 3492 4243 multum
3511 4189 3723 4244 tribuit.

2145 4264 2328 4333 Supra
2355 4263 2413 4316 in
2436 4262 2758 4332 praefatione
2788 4262 2858 4315 ad
2887 4263 3010 4330 ejus
3031 4261 3262 4333 _V'itam:
3282 4278 3309 4333 ᾳ
3343 4261 3568 4314 Etenim
3597 4257 3726 4333 mihi

2145 4331 2342 4414 ingens
2371 4331 2589 4414 lucrum
2619 4339 2702 4386 est
2704 4338 2899 4414 “atque
2919 4331 3133 4385 utilitas
3153 4332 3256 4384 hoc
3278 4331 3463 4412 ipsum
3483 4347 3595 4414 quo
3615 4331 3728 4410 drc-

2146 4400 2346 4459 cordor
2364 4404 2613 4457 Antonii.
2642 4422 2668 4455 ν
2703 4404 2780 4456 Ex
2809 4400 3129 4456 sanctorum
3151 4400 3424 4456 memOria
3444 4400 3648 4473 triplex
3672 4400 3725 4453 in

2147 4493 2205 4529 se
2234 4475 2571 4528 desiderium
2597 4475 2848 4543 agnoscit
2873 4474 3209 4538 Bernardus,
3241 4489 3410 4526 serm.
3445 4475 3477 4527 5
3507 4474 3566 4527 in
3593 4475 3725 4527 testo

2086 4576 2134 4634 ι)
2147 4547 2398 4600 omnium
2413 4553 2734 4600 sanctorum
2753 4564 2821 4626 :.«
2837 4547 3008 4599 Plane
3026 4545 3173 4616 quod
3194 4561 3387 4626 eorum
3400 4544 3726 4634 memoriam

2148 4634 2498 4679 veneramur,
2531 4623 2726 4671 nostra
2777 4613 3176 4680 interestﬂnon
3221 4616 3494 4686 ipsorum.
3551 4613 3724 4668 Vultis

2148 4689 2291 4742 scire
2317 4689 2838 4759 quantuminterest
2851 4686 3070 4759 nostra?
3095 4688 3208 4755 Ego
3235 4687 3293 4759 in
3310 4703 3418 4751 me,
3433 4686 3633 4749 fateor,
3664 4699 3724 4736 ex

2148 4760 2253 4813 hac
2264 4758 2645 4812 reCordatione
2661 4758 2840 4812 sentio
2856 4758 3194 4812 desiderium
3210 4758 3726 4811 vehemensinilam-

2149 4831 2310 4895 mari,
2355 4836 2413 4883 et
2439 4830 2779 4883 desiderium
2815 4831 3036 4900 triplex.
3065 4849 3090 4882 »
3142 4829 3377 4898 Reliqua
3413 4829 3564 4900 apud
3604 4840 3726 4882 eum

2147 4902 2288 4955 vide.

2220 4973 2306 5038 (37
2315 4976 2333 5028 l
2343 4973 2634 5026 Diabolum
2649 4975 2850 5044 rinxist
2858 4975 2903 5024 2's
2921 4977 2980 5025 ut
2991 4987 3260 5044 passerem
3323 4971 3448 5042 Ipse
3459 4969 3727 5044 diabolus,

2147 5043 2310 5108 infra,
2355 5061 2475 5114 cap.
2509 5045 2594 5106 49,
2623 5060 2782 5097 suam
2835 5043 3222 5096 inﬁrmitatem
3261 5047 3319 5096 et
3359 5043 3729 5114 captivitatem

2147 5113 2384 5190 fatetur:
2424 5113 2552 5190 i_Ex
2585 5131 2694 5184 quo
2715 5113 2989 5190 mirabilis
3015 5113 3327 5168 incarnatio
3357 5113 3566 5190 Christi
3592 5116 3730 5190 facta

2150 5193 2236 5240 est
2255 5187 2312 5239 in
2340 5185 2526 5244 terris,
2560 5202 2660 5238 nos
2683 5185 2803 5238 sine
2833 5185 3042 5238 viribus
3071 5184 3550 5255 prorsusexistere
3567 5184 3727 5255 etapi-

2149 5274 2303 5322 mus;
2327 5257 2405 5309 ita
2429 5263 2492 5310 ut
2518 5257 2589 5309 ab
2613 5257 2698 5309 his
2728 5256 2822 5326 qui
2843 5253 3087 5310 credunt
3103 5256 3160 5308 in
3190 5255 3417 5326 nomine
3451 5257 3574 5324 ejus
3613 5253 3729 5326 illu-

2148 5329 2274 5382 dam
2283 5318 2350 5380 ur
2377 5334 2440 5381 ut
2449 5344 2722 5398 passeres.
2743 5318 2766 5377 ἱ
2793 5327 2986 5381 Simile
3001 5318 3357 5398 habetsilpra
3370 5318 3724 5398 Athanasius,

2148 5399 2205 5453 in
2236 5400 2363 5452 Vita
2383 5395 2558 5452 sancti
2586 5398 2817 5451 Antonii
2843 5415 2964 5468 cap.
2992 5396 3078 5454 16,
3101 5395 3284 5451 Aliam
3314 5403 3369 5450 et
3397 5395 3727 5450 contrariam

2147 5470 2218 5524 de
2245 5469 2505 5548 illusione
2537 5471 2800 5548 passeris,
2835 5486 2946 5538 qua
2964 5468 3220 5548 diabolus
3235 5474 3552 5548 peccatores
3568 5479 3726 5548 prava

2147 5537 2553 5595 consuetudine
2579 5541 2753 5594 victos
2780 5537 2937 5593 tenet
2967 5541 3144 5610 iisque
3166 5537 3368 5601 illudit,
3389 5537 3726 5610 historiolrun

2148 5611 2658 5686 et_sir_ni_l_itudinem
2683 5611 2852 5686 habet
2883 5607 3155 5686 Edinerus
3187 5611 3244 5663 in
3276 5610 3406 5686 Vita
3420 5607 3594 5686 sancti
3623 5608 3728 5686 An-

2149 5683 2329 5745 selmi,
2353 5681 2494 5735 libro
2517 5697 2575 5745 11,
2608 5685 2767 5750 cujus
2796 5683 2914 5734 dies
2944 5682 3117 5735 festus
3155 5681 3400 5735 occurrit
3417 5679 3482 5736 21
3505 5677 3718 5750 Aprilis:

2151 5773 2178 5802 α
2200 5753 2326 5808 Alia
2343 5753 2458 5806 vice
2485 5747 2770 5824 conspexit
2794 5769 3032 5824 puerum
3061 5769 3189 5806 cum
3217 5751 3434 5824 avicula
3463 5751 3520 5804 in
3546 5747 3632 5802 via
3649 5747 3726 5800 lu--

2147 5825 2392 5891 dentem,
2417 5841 2539 5895 quae
2562 5821 2678 5878 avis
2698 5821 2898 5894 pedem
2912 5825 3008 5878 ﬁlo
3029 5839 3304 5880 annexam
3313 5821 3543 5886 habens,
3565 5831 3720 5888 smpe,
