3912 6418
155 321 247 381 ἳϐί

1172 334 1343 390 VITA
1380 334 1640 390 SANCTI
1677 299 1996 390 ᾸΒΒΑΗΑΕ
2033 333 2390 391 EREMITAE.

3309 325 3418 384 282

157 469 276 537 cum
303 452 478 510 laxius
513 455 595 542 ire
640 454 1090 542 permittebatur,
1107 456 1254 542 fuga
1296 457 1402 542 sibi
1443 459 1734 514 consulere
1749 462 1799 520 Α
1818 459 1942 513 vide
1967 476 2040 542 ea
2055 461 2360 542 quazsti‘onne
2376 459 2599 542 egregie
2616 457 2999 542 disputantem
3019 458 3212 509 utrum
3234 453 3418 508 cultus

156 527 392 597 cupiens,
440 527 662 582 evolare
708 527 1009 582 nitebatur.
1051 530 1125 582 At
1161 545 1302 599 puer
1347 531 1504 584 ﬁlum
1562 548 1734 585 manu

156 603 360 662 tenens,
392 604 691 654 retractam
723 616 898 670 usque
919 599 988 654 ad
1011 616 1068 652 se
1099 599 1412 670 dejiciebat,
1443 607 1499 656 et
1517 602 1621 655 hoc
1654 602 1736 656 in-

193 670 581 744 ensgaudium.
603 671 682 744 illi
701 677 851 744 erat.
885 671 1117 744 Factum
1148 672 1322 744 estid
1364 672 1730 744 frequentius.

193 687 284 722 ens
305 685 581 740 gaumum.
604 685 682 724 ιιιι
712 685 851 724 erat.
890 685 1117 724 ractum
1148 685 1234 724 est
1271 685 1322 724 Id
1364 685 1730 744 trequentius.

156 685 302 804 δι]οά
333 747 492 810 pater
543 741 835 812 aspiciens,
869 742 1088 795 miserae
1120 743 1403 796 condoluit
1431 744 1538 806 avi,
1570 761 1635 798 ac
1673 752 1737 798 ut

157 819 308 882 rupto
354 813 445 865 tilo
498 813 742 867 libertati
798 813 1147 878 redderetur,
1205 815 1436 882 optavit.
1491 815 1559 869 Et
1609 833 1735 870 ecce

157 831 308 882 rupto
354 831 445 865 mo
500 831 742 867 ubertati
798 831 1147 878 redderetur,
1205 831 1238 866 o
1277 831 1436 870 tavit.
1491 831 1559 869 Li.
1609 833 1734 870 ecce

157 883 300 956 ﬁlum
325 883 622 956 rumpitur,
654 884 769 937 avis
800 883 1004 956 avolat,
1038 901 1179 954 puer
1208 831 1408 954 pi’orat,
1443 893 1604 956 pater
1639 904 1734 940 ex-

155 955 331 1008 sultat.
392 954 460 1008 Et
500 956 716 1027 vocatis
767 954 927 1027 nobis
977 972 988 1008 :
1043 954 1470 1020 Considerastis,
1528 959 1729 1027 inquit,

150 1027 324 1094 jocum
353 1025 513 1096 pueri
538 1027 562 1078 ?
591 1033 648 1080 et
677 1026 941 1080 confessis
968 1027 1368 1087 considerasse,
1396 1029 1477 1081 ait
1507 1047 1518 1082 :
1553 1025 1734 1084 Simili

155 1096 585 1167 consideratione
600 1099 823 1167 jocatur
841 1097 1095 1152 diabolus
1113 1114 1242 1152 cum
1271 1099 1465 1152 multis
1499 1100 1736 1154 homini-

153 1166 263 1240 bus,
287 1183 422 1240 quos
449 1169 568 1240 suis
590 1166 805 1240 laqueis
835 1169 1080 1223 irretitos
1109 1178 1210 1240 pro
1233 1186 1336 1223 sua
1363 1171 1648 1224 voluntate
1676 1171 1734 1225 in

153 1238 510 1311 diversavitia
534 1238 826 1310 pertrahit.
867 1241 1012 1294 Sunt
1036 1238 1183 1294 enim
1215 1241 1463 1311 quidam,
1490 1249 1554 1296 ut
1580 1241 1733 1296 verbi

246 1310 321 1362 tia
339 1309 551 1374 dicam,
567 1317 667 1365 aut
694 1311 959 1372 avaritiae.
981 1317 1080 1365 aut
1098 1309 1349 1375 luxuriae,
1381 1319 1440 1366 et
1466 1313 1734 1368 similium

189 1380 379 1434 ammis
417 1381 688 1445 succensi,
720 1389 777 1436 et
817 1399 882 1436 ex
920 1399 1125 1451 magna
1170 1384 1576 1437 consuetudine
1624 1385 1734 1438 illis

152 1451 362 1524 addicti.
393 1453 493 1524 His
521 1453 795 1523 contingit
823 1454 1125 1524 aliquando
1154 1460 1219 1508 ut
1246 1471 1349 1508 sua
1378 1456 1524 1509 facta
1557 1455 1731 1510 consi-

152 1522 351 1595 derent,
390 1523 654 1595 deﬂeant,
686 1522 858 1595 seque
886 1522 1090 1578 amodo
1129 1541 1163 1578 a
1189 1525 1395 1579 talibus
1421 1532 1735 1580 cessaturos

152 1593 244 1647 sibi
274 1594 625 1664 promittant.
660 1596 740 1650 En
766 1593 922 1650 more
949 1597 1069 1650 avis
1099 1613 1158 1649 se
1188 1597 1375 1650 volare
1406 1597 1609 1650 liberos
1637 1614 1734 1651 au-

153 1670 376 1748 tumant.
397 1666 506 1748 Sed
540 1667 672 1748 quia
693 1683 866 1748 pravo
896 1684 1001 1748 usu
1029 1667 1233 1748 irretiti
1262 1667 1332 1748 ab
1363 1668 1522 1748 hoste
1540 1674 1734 1748 tenen-

153 1741 238 1789 tur
257 1737 526 1810 volantes,
555 1737 612 1791 in
640 1739 838 1810 eadem
858 1738 992 1810 vitia
1013 1739 1370 1810 dejiciuntur.
1399 1739 1598 1810 Fitque
1628 1740 1732 1794 hoc

1818 531 2208 601 exsequiarum
2239 531 2514 584 defunctis
2540 530 2773 600 prosint.

1887 600 2070 672 Atque
2109 603 2177 656 ad
2209 603 2409 656 horum
2451 608 2769 654 sanctorum
2821 600 3411 672 doctorummentem,

1816 670 2232 744 mens—quoque
2261 672 2546 728 Pachomii
2575 671 2885 725 revocanda
2929 676 3048 744 est:
3079 670 3213 744 llus
3241 671 3416 744 etiam

1817 745 2010 798 referri
2025 741 2244 816 potest,
2281 746 2428 815 quod
2471 744 2640 797 habet
2668 741 3125 816 Joannes‘ainfra,
3160 741 3346 816 libello
3372 756 3413 805 ι,

1856 816 1913 868 ui
1963 812 2061 870 est'
2094 817 2163 870 de
2209 812 2600 878 Praevidentia,
2635 833 2691 868 n.
2739 813 2819 878 l3,
2866 812 2960 866 ubi
2991 812 3232 883 Nilopoli
3261 813 3415 867 dives

1856 893 2116 941 amnatus
2143 887 2443 941 honorifice
2487 886 2773 957 sepelitur,
2811 890 2874 939 ut
2902 884 2998 955 qui
3041 901 3240 957 parum
3280 883 3412 957 boni

1815 958 2003 1012 vivens
2026 959 2084 1012 in
2113 960 2214 1012 hoc
2241 959 2441 1012 saeculo
2461 954 2686 1012 fecerat.
2719 954 2928 1027 parum
2944 971 3165 1027 quoque
3195 955 3324 1009 boni
3354 954 3414 1008 in

1816 1029 1920 1082 hoc
1947 1031 2146 1083 saaculo
2177 1031 2465 1084 reciperet.
2510 1026 2734 1083 Contra
2751 1044 2876 1082 vero
2908 1026 3144 1080 eremita
3182 1031 3412 1080 sanctus

1815 1115 1850 1153 a
1887 1099 2088 1154 belluis
2117 1097 2448 1165 comeditur,
2477 1101 2610 1171 quia
2636 1116 2837 1171 parum
2869 1099 3043 1170 culpa:
3068 1097 3126 1152 in
3166 1097 3270 1151 hac
3296 1097 3413 1152 vita

1815 1117 1850 1153 a
1891 1117 2088 1154 belluis
2117 1117 2448 1165 comeditur,
2477 1117 2610 1171 quia
2636 1117 2822 1224 parun:

1815 1178 2186 1242 contraxerat,
2217 1189 2339 1242 quae
2366 1173 2446 1225 ita
2474 1171 2636 1242 expia
2675 1176 2822 1225 atur.

1890 1241 1996 1315 (40)
2014 1239 2318 1315 rl’s'iatliosj
2350 1243 2520 1315 Infra,
2543 1239 2670 1313 cap.
2699 1243 2764 1315 4_7
2797 1261 2808 1296 :
2839 1262 2862 1292 ι
2887 1241 3055 1315 Venit
3082 1240 3151 1293 ad
3185 1239 3408 1315 fratres,

1817 1313 1913 1384 qui
1942 1314 2213 1384 psiathios
2233 1311 2635 1384 op'erabanturI
2667 1332 2690 1364 ι
2724 1313 2794 1366 Et
2819 1329 2941 1382 cap.
2972 1311 3039 1366 5‘2.
3074 1330 3085 1365 :
3127 1331 3149 1362 ι
3180 1312 3415 1384 Semper

1817 1383 2006 1438 autem
2045 1383 2316 1456 psiathios
2340 1384 2696 1456 operabatur.
2735 1404 2758 1456 ῃ
2787 1385 2942 1456 Sunt
2968 1388 3164 1456 autem
3184 1383 3410 1456 psiattii,

1809 1453 2062 1524 ps-z'athii,
2085 1464 2143 1510 et
2169 1453 2411 1524 psiathia
2437 1456 2706 1509 mattulae.
2731 1455 2984 1510 Ridicule
3009 1453 3262 1524 quaedam
3291 1453 3412 1524 edi-

1815 1523 1998 1581 tiones
2035 1523 2239 1582 ciattios
2270 1527 2500 1582 habent.
2534 1526 2791 1582 Occurrit
2809 1543 2955 1597 saepe
2978 1523 3094 1578 haec
3118 1540 3219 1578 vox
3237 1525 3297 1579 in
3324 1523 3410 1576 his

1815 1599 2048 1652 Patrum
2073 1599 2236 1652 Vitis.
2267 1599 2409 1652 Vide
2441 1598 2858 1654 Onomasticon.

1887 1670 1957 1736 (4)
1995 1671 2102 1737 Qui
2127 1675 2492 1738 septimanam
2521 1669 2798 1739 faciebat]
2837 1666 3142 1722 Dicebatur
3167 1666 3257 1739 hic
3286 1666 3411 1718 hrb-

1813 1737 2192 1802 (Iomadarius,
2217 1741 2305 1794 cui
2326 1744 2602 1794 minister.
2636 1739 2716 1793 uti
2751 1737 2807 1792 et
2835 1740 2944 1801 hic,
2970 1737 3408 1808 adjungebatur.

153 1807 352 1878 sepius,
379 1825 479 1862 nec
498 1809 836 1883 omnimodis
856 1809 1185 1883 liberantur.
1202 1809 1310 1864 nisi
1340 1807 1544 1880 magno
1568 1827 1731 1883 cona-
1750 1857 1795 1883 η
1813 1811 2210 1883 Hieronymus,
2242 1812 2565 1883 praefatione
2591 1811 2649 1864 in
2689 1811 2961 1883 Regulam
2993 1807 3171 1864 sancti
3204 1808 3413 1862 Pacho-

152 1883 205 1959 tu
221 1857 316 1960 per
328 1857 641 1950 respectum
655 1880 852 1960 gratia:
867 1881 988 1960 D_ei,
1009 1881 1163 1960 illum
1183 1898 1365 1960 prava;
1378 1857 1730 1960 coiisnetudi-
1749 1857 1796 1915 B
1814 1883 1952 1960 mii_:_
1975 1905 2002 1930 α
2025 1857 2264 1937 habent
2275 1900 2376 1953 per
2394 1883 2615 1960 singula
2637 1857 2979 1960 monasteria
3004 1888 3040 1946 Ι
3058 1886 3182 1960 4³4
3198 1885 3408 1950 patres.

252 1949 620 2022 dirumpatur.
641 1949 830 2015 {Quod
845 1953 1012 2006 etiam
1031 1949 1202 2005 habes
1217 1952 1362 2022 apud
1377 1953 1725 2012 Anselmum.

253 2021 317 2075 de
329 2019 820 2094 Similitudinibus,
837 2039 958 2094 cap.
982 2022 1162 2094 189.et
1174 2019 1660 2088 An_toninum,tom
1677 2025 1727 2079 ΙΙ

154 2091 415 2166 Chronic...
467 2094 556 2147 tit.
597 2108 708 2157 1m,
743 2111 868 2164 cap.
905 2091 996 2155 ll.
1025 2091 1052 2165 §
1077 2093 1130 2158 '2,
1172 2095 1338 2165 paulo
1377 2095 1724 2166 explicatius.

217 2162 322 2236 (38)
367 2168 542 2218 Panos
585 2162 827 2218 civitatis
881 2162 1189 2236 episcopus;
1243 2167 1409 2219 Varus
1446 2162 1727 2236 hemina]

151 2235 296 2304 Apud
323 2236 760 2306 Metaphrastem
791 2242 894 2294 est.
917 2253 1037 2307 cap.
1062 2235 1149 2299 (il,
1177 2237 1427 2290 Civitatis
1454 2235 1729 2306 episcopus

154 2309 355 2378 nomine
382 2310 724 2372 Panuarius,
757 2308 906 2378 quod
942 2307 1092 2361 haud
1123 2307 1292 2362 dubie
1347 2324 1411 2360 ex
1459 2312 1635 2362 Panos
1674 2315 1731 2363 et

162 2377 313 2449 Varus
339 2378 728 2449 depravatum.

213 2447 310 2515 (39)
343 2447 452 2516 Εῄο
476 2455 664 2504 autem
701 2453 1270 2518 quantulumcumque
1298 2453 1350 2503 ei
1375 2453 1615 2518 requiem
1649 2454 1728 2505 vet

152 2522 560 2591 satisfactionem
570 2521 608 2591 .]
621 2522 780 2591 Apud
803 2521 991 2575 divum
1004 2521 1356 2591 Gregorium,
1373 2519 1514 2574 libro
1537 2535 1588 2574 Iv
1603 2521 1728 2576 Dia-

153 2589 268 2658 log.,
299 2607 396 2662 cap
451 2589 540 2654 50,
591 2589 827 2663 inquirit
875 2593 1070 2646 Petrus
1099 2589 1172 2645 an
1214 2593 1393 2663 prosit
1431 2592 1727 2646 animabus

152 2667 498 2734 mortuorum,
528 2663 577 2716 si
605 2680 839 2734 corpora
867 2663 922 2717 in
945 2664 1176 2717 ecclesia
1201 2665 1316 2717 sint
1342 2663 1596 2734 sepulta?
1618 2664 1726 2718 Re-

151 2733 366 2804 spondet
387 2735 550 2788 divus
571 2733 876 2804 Gregorius
901 2753 911 2787 :
937 2756 958 2786 ι
979 2736 1130 2798 Quos
1149 2735 1342 2804 gravia
1368 2733 1592 2804 peccata
1614 2751 1725 2788 non

151 2803 468 2877 deprimunt,
503 2807 609 2877 hoc
639 2803 866 2877 prodest
893 2803 1223 2868 mortuis,’si
1247 2807 1303 2859 in
1323 2803 1555 2859 ecclesia
1574 2822 1728 2876 sepe-

149 2873 356 2937 liantur,
372 2876 524 2947 quod
545 2873 740 2930 eorum
771 2877 1026 2948 proximi,
1053 2877 1272 2948 quoties
1292 2877 1358 2930 ad
1383 2877 1576 2930 eadem
1606 2873 1728 2948 loca

149 2960 291 3019 sacra
317 2948 674 3012 conveniunt,
697 2947 926 3002 suorum
959 2947 1200 3019 quorum
1229 2949 1482 3018 sepulcra
1512 2947 1726 3018 conspi-

149 3016 722 3090 ciunt,recordantur,
759 3026 815 3072 et
860 3036 959 3090 pro
975 3016 1070 3074 'eis
1098 3016 1558 3090 preces—Domino
1593 3016 1724 3072 fun-

149 3086 289 3172 d‘unt‘.
312 3089 454 3172 Nam
483 3086 885 3172 quos‘peccata
915 3086 1116 3172 gravia
1147 3090 1490 3172 deprimunt,
1513 3106 1625 3172 non
1653 3090 1724 3172 ad

151 3157 537 3216 absolutionem
560 3157 746 3232 potius
767 3157 944 3232 quani
966 3163 1037 3216 ad
1060 3157 1331 3230 majorem
1347 3161 1725 3215 damnationis

149 3233 431 3304 cumulum,
465 3249 666 3286 eorum
695 3249 930 3304 corpora
963 3233 1022 3286 in
1052 3233 1308 3304 ecclesiis
1346 3239 1650 3304 ponuntur.
1682 3251 1721 3304 ί»
1741 3235 1786 3295 C

150 3301 288 3374 Quod
315 3304 596 3374 posterius
627 3301 940 3358 membrum
973 3303 1152 3358 tribus
1182 3301 1544 3374 sequentibus
1573 3303 1725 3373 capi-

149 3370 277 3427 tibus
297 3370 393 3444 per
411 3375 669 3446 exempla
685 3375 902 3446 probat.
923 3375 1126 3429 Totum
1148 3370 1278 3428 cuni
1299 3375 1484 3446 locum)
1507 3370 1728 3446 expres-

149 3459 254 3498 sum
285 3447 450 3501 habes
480 3448 545 3500 in
581 3445 956 3517 responsione
994 3446 1209 3500 Nicolai
1257 3447 1281 3500 Ι
1335 3445 1616 3516 pontiﬁcis
1653 3446 1724 3499 ad

149 3518 379 3589 consulta
407 3518 802 3587 Bulgarorum.
834 3534 954 3589 cap.
997 3519 1085 3571 99.

209 3587 318 3650 Quo
338 3591 501 3643 modo
525 3595 716 3642 autem
747 3589 893 3642 obsit
904 3587 1078 3642 'malis
1108 3603 1267 3641 sacra
1295 3587 1603 3658 sepultura,
1627 3604 1723 3641 ex-

149 3657 298 3727 plicat
321 3660 467 3715 idem
497 3660 824 3728 Gregorius,
869 3677 992 3731 cap.
1041 3659 1126 3721 53,
1177 3657 1373 3712 dicens
1399 3677 1410 3711 :
1451 3678 1472 3709 α
1507 3660 1583 3712 Ex
1612 3675 1726 3731 qua

150 3745 218 3802 re,
242 3731 416 3796 Petre,
447 3731 668 3800 collige,
695 3732 827 3802 quia
854 3730 961 3794 his,
987 3747 1126 3800 quos
1148 3736 1383 3802 peccata
1409 3731 1604 3799 gravia
1633 3730 1726 3783 de-

149 3800 392 3869 primunt.
424 3805 472 3857 si
512 3803 573 3856 in
603 3800 761 3856 sacro
790 3803 908 3856 loco
939 3801 1161 3872 sepeliri
1193 3818 1251 3855 se
1279 3801 1504 3863 faciant,
1547 3808 1725 3855 restat

1815 1960 1872 2007 et
1901 1951 2336 2024 dispensatores,
2365 1960 2422 2007 et
2441 1951 2930 2024 hebdomadarios,
2959 1968 3024 2005 ac
3049 1951 3408 2024 ministros.)

1886 2021 2003 2093 (42)
2034 2027 2142 2088 Ego
2186 2043 2309 2078 sum.
2355 2025 2650 2094 Christus.)
2690 2023 2870 2078 Simili
2905 2023 3102 2094 fraude
3146 2021 3412 2094 apparuit

1813 2104 2006 2150 sancto
2056 2096 2318 2161 Martino,
2353 2102 2416 2150 ut
2464 2102 2551 2149 est
2586 2093 2734 2166 apud
2773 2096 3039 2149 Severum
3072 2093 3403 2163 Sulpicium,

1811 2168 1882 2221 de
1911 2168 2040 2220 Vita
2065 2169 2240 2222 sancti
2273 2167 2514 2232 Martini,
2547 2183 2668 2237 cap.
2701 2166 2789 2222 25.

1887 2237 1991 2303 (43)
2012 2241 2332 2292 Ittudamur
2359 2245 2419 2292 ut
2461 2233 2748 2307 passeres]
2776 2237 2915 2290 Vide
2946 2236 3096 2290 dicta
3124 2251 3296 2306 supra
3335 2233 3408 2289 ad

1811 2309 1997 2376 Vitam
2027 2314 2206 2364 sancti
2237 2309 2484 2372 Antonii,
2513 2325 2636 2380 cap.
2668 2308 2750 2371 16,
2783 2325 2840 2363 n.
2874 2308 2961 2362 41.

1885 2380 1995 2444 (44)
2027 2384 2234 2448 Quarto
2271 2383 2476 2434 decimo
2505 2379 2596 2434 die
2623 2382 2824 2433 mensis
2843 2380 3078 2443 Pachon,
3103 2379 3405 2431 secundum

1809 2455 2103 2522 Egyptios,
2137 2456 2263 2520 ,qui
2311 2459 2384 2505 est
2437 2455 2606 2520 juxta
2654 2453 2919 2505 Romanos
2947 2521 2954 2522 ί
2979 2451 3405 2522 addscptimum

1809 2519 1957 2576 diem
2014 2519 2218 2578 Iduum
2274 2519 2617 2592 Maiarum.]
2670 2523 2733 2576 In
2787 2521 2961 2575 veteri
3015 2519 3404 2592 editionepro

1809 2595 2025 2648 Pachon
2056 2600 2142 2647 est
2163 2595 2328 2648 Chon.
2353 2594 2462 2647 Sed
2491 2589 2705 2647 rectum
2735 2599 2822 2646 est
2841 2593 3075 2650 Pachon,
3102 2596 3166 2644 ut
3195 2589 3405 2643 habent

1811 2665 2196 2736 manuscripti,
2226 2665 2321 2736 qui
2347 2671 2513 2718 notus
2549 2670 2636 2736 est
2671 2663 2881 2736 mensis
2919 2663 3068 2736 apud
3091 2661 3402 2732 Egyptios.

1811 2737 1979 2790 Recte
1996 2735 2183 2790 autem
2205 2735 2324 2790 dies
2343 2735 2589 2806 IEgyptii
2613 2735 2823 2806 mensis
2843 2735 3168 2806 assignatus
3179 2749 3406 2806 respon-

1809 2807 1906 2861 det
1950 2808 2059 2861 diei
2103 2807 2312 2861 mensis
2358 2803 2595 2860 Romani
2641 2805 2847 2860 ibidem
2879 2805 3064 2876 positi.
3117 2803 3404 2876 Siquidem

1807 2879 2024 2949 primus
2066 2879 2186 2932 dies
2215 2879 2438 2932 Pachon
2467 2877 2664 2949 incipit
2692 2879 2861 2949 juxta
2881 2872 3308 2949 Romanos'die
3337 2872 3406 2930 ‘26

1809 2947 2016 3003 mensis
2036 2950 2241 3020 Aprilis
2261 2966 2434 3020 quare
2446 2949 2564 3003 dies
2586 2947 2660 3004 Η
2690 2947 2898 3002 mensis
2929 2947 3150 3020 Pachon
3173 2961 3408 3016 respon-

1807 3021 1904 3092 det
1949 3017 2423 3092 septimorld'uum
2473 3020 2906 3092 Maiarum,rseu
2947 3018 3079 3092 Maii
3120 3017 3182 3084 9;
3213 3031 3409 3092 mgna

1807 3091 1900 3145 die
1943 3087 2028 3146 25⁷
2042 3091 2248 3162 Aprilis
2281 3109 2456 3162 usque
2500 3091 2568 3145 ad
2599 3091 2631 3146 9
2663 3090 2796 3162 Maii
2821 3097 2955 3143 sunt
2977 3089 3098 3142 dies
3128 3104 3230 3142 xxv.
3262 3087 3404 3139 Vide

1807 3163 1866 3216 in
1899 3161 2256 3218 Onomastico
2280 3161 2530 3217 tabulam
2576 3161 2875 3216 mensium.

1887 3233 1994 3303 (45)
2015 3236 2293 3289 Orsesium
2325 3230 2598 3304 nomina]
2627 3233 2706 3286 De
2725 3249 2791 3286 eo
2821 3230 3146 3286 Gennadius
3168 3229 3224 3304 i_n
3249 3233 3404 3282 cata-

1809 3300 1934 3376 logo
1978 3305 2281 3358 illustrium
2319 3300 2596 3358 Ecclesiae—
2617 3304 2985 3376 Scriptorum,
3021 3317 3141 3376 cap:
3172 3300 3208 3354 9
3237 3315 3404 3370 quem

1808 3373 1926 3447 ipse
1955 3376 2281 3431 Oriesiesim
2310 3382 2469 3429 vocat
2499 3391 2571 3447 ες(
2603 3374 2896 3447 Orfiesiesis
2925 3373 3251 3447 monachus,
3269 3387 3404 3447 arn-

1806 3441 2026 3511 borum,
2058 3447 2115 3500 id
2146 3454 2230 3500 est
2259 3445 2547 3500 Pachumii
2585 3451 2642 3499 et
2668 3444 2942 3499 Theodori
2973 3443 3203 3512 collega,
3233 3441 3318 3494 vir
3346 3441 3404 3494 in

1806 3519 2013 3573 sanctis
2041 3518 2344 3588 Scripturis
2371 3517 2441 3570 ad
2479 3516 3142 3588 perfectumrinstructus,
3176 3529 3406 3583 compo-

1807 3591 1920 3644 suit
1947 3586 2382 3643 librum—divino
2411 3586 2696 3642 conditum
2724 3587 2858 3650 sale,
2889 3586 3176 3656 totiusque
3207 3600 3406 3637 mona-

1805 3663 1958 3715 sticae
1993 3661 2297 3730 disciplinae
2348 3659 2740 3713 instrumentis
2785 3663 3199 3730 constructum;
3237 3661 3406 3730 et__ut

1807 3726 2368 3804 simpliciter—dicam,
2396 3730 2452 3784 in
2483 3747 2593 3800 quo
2619 3735 2815 3804 totum
2833 3745 2974 3804 pene
3001 3727 3175 3804 Vetus
3207 3726 3406 3804 et__No-

1809 3795 1935 3857 vum
1963 3804 2387 3856 Testamentum
2441 3795 2849 3872 compendiosis
2889 3795 3400 3872 dissertationibus,

150 3867 202 3925 llt
227 3874 387 3928 etiam
415 3875 484 3928 de
501 3891 608 3927 sua
627 3867 1060 3944 praesumptione
1080 3872 1422 3942 "udicentur,
1443 3877 1722 3942 quatenus
1799 3875 1960 3945 juxta
1980 3873 2382 3926 monachorum
2403 3867 2677 3926 duntaxat
2695 3870 3106 3932 necessitatem,
3125 3867 3406 3921 invenitur

150 3957 230 3995 eos
255 3962 406 3997 sacra
434 3947 560 3997 loca
583 3961 696 3997 non
719 3945 976 3997 liberent.
1007 3890 1104 3997 sed
1133 3943 1305 3997 etiam
1334 3943 1498 3997 culpa
1543 3950 1721 3997 teme-
1803 3945 2138 3997 exnositum.
2165 3960 2330 3997 ouem
2353 3949 2543 3997 tamen
2565 3943 2678 3995 vice
2698 3940 3022 3995 testamenti
3051 3955 3225 3997 prope
3252 3938 3402 3991 diem

150 3957 230 4014 eos
255 3962 406 3999 sacra
434 3947 560 3999 loca
583 3943 696 3998 non
719 3943 976 4009 liberent,
1007 3943 1104 3997 sed
1133 3943 1305 3998 etiam
1334 3943 1498 4014 culpa
1543 3950 1721 3997 teme-

151 4013 310 4068 ritatis
337 4022 580 4071 accuset.
604 4036 624 4066 ι

208 4086 317 4149 Quo
344 4089 510 4142 modo
543 4087 715 4141 etiam
743 4087 904 4140 divus
924 4087 1184 4150 Thomas,
1209 4086 1266 4139 in
1297 4084 1718 4155 Supplemento,

151 4171 196 4228 q.
225 4157 303 4224 7‘1,
333 4165 436 4214 art.
480 4157 563 4221 ll,
587 4159 656 4211 ad
681 4159 734 4218 5,
757 4159 1102 4228 respondens
1122 4157 1295 4228 priori
1315 4157 1435 4228 loco
1463 4156 1719 4228 Gregorii

152 4226 218 4279 ait
245 4245 259 4282 :
291 4248 316 4282 α
346 4231 492 4302 quod
518 4230 817 4302 sepultura
835 4226 891 4282 in
911 4246 1078 4302 sacro
1100 4226 1238 4302 loco,
1264 4227 1436 4298 impio
1461 4227 1722 4302 defuncto

153 4311 244 4352 non
269 4297 444 4360 nocet.
469 4301 583 4355 nisi
594 4297 884 4372 quatenus
906 4301 1050 4354 hanc
1079 4297 1425 4372 sepulturam
1448 4297 1721 4372 sibi_1ndi-

154 4384 300 4430 gnam
317 4380 546 4446 propter
563 4369 867 4426 humanam
883 4372 1120 4442 gloriam
1137 4369 1470 4442 procuravit.
1499 4388 1525 4421 »
1541 4369 1721 4433 Quem

1803 3938 2138 4016 expositum,
2153 3960 2330 4016 quem
2353 3949 2543 4016 tamen
2565 3943 2678 4016 vice
2698 3940 3028 4016 testamenti
3051 3938 3402 4016 prppe‘dierp

1804 4008 1988 4071 obitus
2020 4016 2107 4069 sui
2130 4008 2407 4068 fratribus
2435 4014 2654 4068 obtulit.
2691 4032 2717 4066 ι
2749 4015 2810 4066 In
2856 4008 3071 4081 Regula
3116 4008 3404 4064 Pachomii

1806 4105 1905 4159 per
1931 4087 2210 4159 Achillem
2229 4087 2471 4159 Statium
2514 4085 2666 4159 edita
2705 4090 2934 4159 vocatur
2963 4085 3232 4159 ()rsicsius
3265 4098 3278 4147 ;
3311 4097 3404 4159 qe-

1805 4151 1980 4214 eurrit
2008 4158 2155 4229 apud
2195 4158 2507 4227 Pelagium,
2541 4157 2707 4229 infra,
2739 4155 2925 4229 libelle
2955 4171 3025 4229 xr,
3052 4170 3108 4206 η.
3135 4151 3222 4229 37,
3241 4158 3306 4229 et
3335 4151 3402 4229 li-

1804 4230 1950 4284 bello
1981 4222 2065 4292 xv',
2099 4245 2154 4282 η.
2188 4229 2277 4294 5|,
2315 4222 2555 4284 Ursisius
2615 4227 2826 4282 Oriesis
2859 4226 3082 4294 regulas
3129 4225 3198 4277 de
3239 4222 3403 4276 insti-

1805 4303 1941 4356 tutis
1972 4301 2295 4355 monasticis
2323 4299 2494 4354 habes
2519 4306 2672 4353 torno
2702 4298 2747 4350 V
2771 4297 2910 4352 Bibl.
2935 4298 3188 4351 Patrum.

148 4513 3392 4554 Μ

1564 4645 1782 4690 MART“
1828 4645 1958 4690 XVI.

555 4807 996 4952 VITA
1103 4807 1804 4950 SANCTI
1912 4803 2768 4949 ABRAH/E
2834 4887 2966 4972 (ι),

1483 5024 2031 5104 EREMITIE.
2937 5077 2945 5088 .

367 5179 738 5242 AUCTORE
782 5175 1088 5240 SANCTO
1129 5177 1480 5238 EPHRIEM
1523 5175 1610 5257 (2)
1651 5174 2026 5249 DIACONO,
2073 5177 2576 5238 lNTERPRETE
2619 5179 3008 5240 ANONYMO
3053 5178 3159 5255 (3).

1064 5488 1725 5660 prologue

1843 5491 2450 5627 auctoris.

179 5691 416 5790 'Fratres
443 5703 576 5770 mei,
607 5706 770 5778 cupio
787 5709 943 5764 vobis
965 5726 1231 5766 enarrare
1251 5713 1731 5768 conversationem
1757 5713 1961 5767 bonam
1985 5712 2215 5784 perfecti
2243 5720 2413 5786 atque
2437 5712 2790 5768 admirabilis
2819 5711 2923 5765 viri
2953 5709 3218 5776 Abrahae,
3234 5722 3404 5779 quam

156 5785 218 5835 Sic
241 5785 529 5858 inchoavit,
557 5799 620 5847 ut
645 5795 702 5849 in
726 5799 1211 5854 consummatione
1237 5801 1359 5872 ejus
1377 5802 1616 5871 gloriam
1643 5808 1973 5874 perpetuam
1994 5785 2450 5858 mereretur.Sed
2473 5820 2648 5875 paveo
2671 5800 3062 5857 admirandam
3086 5804 3143 5853 et
3158 5799 3406 5854 luculen-
