3912 6400
485 307 592 379 283
1474 263 1596 373 ’ΒΕ
1633 311 1823 374 vms
1862 310 2156 374 PATRUM
2194 310 2408 375 LIBER
2447 311 2740 374 animus
3656 308 3749 372 2M

481 455 600 502 tam
629 445 698 501 de
729 463 792 499 eo
823 447 1112 500 historiam
1146 449 1352 510 texere,
1384 463 1510 500 cum
1543 448 1844 515 imaginem
1877 449 2142 502 virtutum
2175 450 2296 517 ejus
2322 448 2632 502 considero.
2667 447 2800 500 Ecce
2827 443 2980 498 enim
3009 446 3358 498 conversatio
3389 446 3622 516 quidem
3660 447 3749 501 viri

484 541 729 608 perfecta
753 544 837 590 est
865 536 1094 606 optima,
1134 553 1236 604 ego
1266 552 1394 588 vero
1424 535 1680 589 infirmas
1711 543 1767 589 et
1795 538 2052 590 rusticus.
2080 538 2352 605 Equidem
2374 539 2559 604 imago
2591 537 2812 589 virtutis
2845 537 2966 605 ejus
2997 534 3328 587 admiranda
3349 551 3413 587 ac
3445 535 3747 605 splendida,

484 628 696 681 colores
720 632 910 680 autem
941 624 1234 678 verborum
1267 621 1467 694 quibus
1496 625 1848 696 depingenda
1881 633 1984 690 est,
2008 627 2310 680 admodum
2335 627 2525 679 tristes
2557 642 2619 678 ac
2648 626 2778 678 tetri
2811 631 2959 678 sunt.
2991 625 3254 677 Attamen
3285 623 3412 677 licet
3444 624 3746 694 imperitus,

483 716 568 769 vel
609 731 674 768 ex
722 723 882 784 parte
925 713 1173 775 tentabo,
1210 731 1531 784 quanquam
1579 715 2066 784 comprehendere,
2111 717 2351 786 perfecte
2399 734 2508 768 non
2559 716 2792 778 valeam,
2845 713 3120 767 enarrabo
3159 720 3370 778 tamen,
3423 715 3750 784 inquantum

483 803 698 858 sufficio
729 803 798 856 de
821 803 1015 857 eodem
1053 803 1166 855 viro
1197 803 1470 855 disserere
1495 823 1506 868 ;
1544 803 1806 873 quoniam
1838 805 1930 874 qui
1959 806 2236 858 secundus
2267 805 2547 858 Abraham
2581 804 2786 856 meruit
2817 803 3148 873 nuncupari,
3181 817 3293 855 non
3317 802 3482 855 facile
3513 803 3748 856 humano

483 910 578 946 ore
609 897 792 964 potest
824 893 1300 956 referrirExstitit
1329 893 1477 946 enim
1519 895 1724 946 nostris
1763 894 2127 964 temporibus,
2161 895 2472 960 angelicam
2503 893 2672 946 vitam
2708 893 2768 946 in
2801 893 2966 944 terris
3006 909 3196 959 agens.
3231 891 3545 962 Acquisivit
3576 897 3748 945 autem

484 983 835 1052 patientiam,
866 982 1024 1051 quasi
1057 983 1287 1036 adamas
1325 982 1683 1045 fortissimus,
1721 1000 1821 1052 per
1851 999 2018 1051 quam
2052 985 2336 1036 caelestem
2364 983 2602 1051 gloriam
2633 981 2865 1051 adipisci
2893 981 3119 1036 meruit.
3152 981 3219 1034 Et
3247 981 3380 1050 quia
3408 996 3446 1034 a
3467 981 3751 1050 juventam

483 1072 755 1125 castitatis
785 1071 1111 1142 pudicitiam
1141 1071 1504 1135 conservavit,
1539 1073 1810 1142 tempium
1846 1072 2022 1125 sancti
2053 1073 2291 1142 Spiritus
2335 1072 2514 1125 fartus
2543 1078 2644 1130 est,
2679 1076 2948 1140 tanquam
2997 1069 3404 1123 sanctificatum
3439 1085 3566 1122 vas:
3602 1076 3657 1122 et
3682 1071 3750 1122 ita

482 1161 846 1230 semetipsum
869 1160 1122 1214 exhibuit
1148 1161 1285 1227 Deo,
1326 1163 1390 1214 ut
1413 1177 1543 1214 eum
1573 1161 1946 1214 habitatorem
1983 1162 2036 1215 in
2078 1161 2285 1214 mentis
2314 1178 2427 1214 suae
2449 1159 2690 1231 hospitio
2725 1159 2976 1212 haberet.

1772 1339 3756 1361 Μ

1839 1449 2419 1584 VITA.

555 1643 744 1696 CAPUT
767 1655 996 1695 PRIMUM.
1029 1672 1092 1681 —
1122 1643 1224 1696 Hic
1244 1643 1432 1712 itaque
1454 1642 1648 1696 beatus
1670 1642 1954 1698 Abraham
1984 1643 2139 1703 ha—A
2231 1645 2427 1712 Itaque
2455 1645 2699 1696 mentem
2731 1643 2852 1711 ejus
2873 1646 3148 1694 remotam
3170 1640 3564 1694 aturbulentis
3589 1641 3750 1694 inter-

482 1722 606 1785 buit
633 1737 892 1802 parentes
937 1731 1094 1784 valde
1138 1732 1459 1802 locupletes,
1494 1732 1587 1802 qui
1623 1747 1751 1785 eum
1791 1738 1982 1785 tenere
2013 1749 2076 1783 ac

483 1837 654 1892 supra
683 1820 908 1874 modum
938 1820 1253 1890 diligentes,
1289 1821 1369 1873 ita
1395 1827 1460 1874 ut
1488 1821 1655 1873 etiam
1687 1822 1948 1874 allectum
1977 1820 2078 1873 hu-

483 1925 714 1964 manum
752 1926 946 1964 eorum
980 1909 1201 1962 dilectio
1234 1910 1676 1973 transcenderet,
1711 1911 2076 1979 desponsave—

481 2004 614 2051 runt
643 1997 693 2050 ei
716 1999 956 2068 puellam
979 1996 1160 2052 adhuc
1180 1998 1235 2051 in
1271 1998 1509 2068 pueritia
1539 1999 1840 2052 constituto
1864 1999 1955 2063 (4),
1988 2016 2076 2051 ex-

479 2092 792 2156 spectantes
819 2103 882 2140 ac
912 2086 1294 2141 desiderantes
1323 2089 1382 2140 in
1431 2088 1620 2157 aliqua
1647 2105 1774 2140 eum
1803 2085 2076 2157 dignitate

481 2177 731 2230 saeculari
765 2177 1052 2248 proficere.
1091 2177 1199 2230 Sed
1230 2177 1319 2230 hic
1349 2176 1512 2245 longe
1541 2176 1704 2229 aliter
1730 2177 1994 2240 sentiens,
2019 2177 2076 2229 in

478 2265 599 2335 ipso
629 2265 811 2335 primo
839 2265 1226 2318 adolescentiae
1255 2267 1435 2335 gradu
1459 2265 1818 2318 ecclesiarum
1847 2283 2079 2342 conven-

477 2351 650 2407 ticula
685 2355 904 2424 jugiter
937 2355 1368 2424 frequentabat;
1413 2360 1470 2406 et
1509 2371 1853 2424 quaecunque
1901 2353 1977 2406 ibi
2014 2372 2078 2406 ex

479 2441 681 2496 divinis
721 2444 1024 2514 Scripturis
1057 2441 1457 2508 recitabantur,
1491 2457 1686 2496 aurem
1719 2442 1957 2496 libenter
1985 2460 2077 2496 ac-

479 2531 839 2585 commodans
861 2532 1142 2596 audiebat,
1169 2538 1224 2585 et
1246 2533 1300 2585 in
1322 2531 1504 2586 cordis
1533 2533 1618 2584 sui
1649 2531 1977 2585 memoriam
2000 2532 2078 2585 ita

480 2620 836 2684 recondebat,
883 2627 1059 2686 [45
1101 2627 1165 2675 ut
1209 2622 1379 2674 etiam
1434 2638 1562 2673 cum
1607 2620 1808 2674 absens
1839 2627 1986 2673 esset
2014 2637 2080 2673 ea

481 2725 604 2779 quae
633 2709 905 2762 didicerat
943 2709 1305 2762 meditatione
1335 2709 1708 2762 intentissima
1745 2710 2074 2762 rmninaret.

482 2799 736 2868 Cumque
759 2798 1051 2852 memorati
1074 2801 1336 2868 parentes
1357 2799 1478 2867 ejus
1509 2801 1730 2868 tempus
1754 2798 2076 2869 nuptiarum

482 2885 908 2957 propinquabile
935 2885 1353 2957 (5)judicarent,
1375 2886 1785 2956 compellebant
1811 2903 1938 2940 eum
1959 2904 2079 2940 ma-

480 2975 732 3028 trimonii
761 2975 992 3029 vinculis
1023 2975 1276 3044 obligari.
1313 2977 1421 3029 Sed
1449 2993 1575 3029 cum
1611 2973 1727 3028 haec
1771 2975 1862 3029 ille
1897 2962 2138 3045 primo‘B

483 3070 761 3128 renueret,
780 3065 1136 3134 postmodum
1160 3065 1470 3118 molestiam
1497 3081 1690 3118 eorum
1703 3065 1895 3134 jugem
1920 3066 2082 3118 sedu-

481 3154 704 3224 lamque
721 3171 831 3207 non
848 3154 1049 3216 ferens,
1068 3154 1299 3226 pudoris
1318 3154 1649 3207 verecundia
1671 3171 1732 3207 su
1742 3158 2080 3224 peratus,ac-

481 3243 765 3312 quiescere
784 3244 1286 3314 perurgetur.Cum
1307 3243 1514 3315 itaque,
1538 3243 1831 3296 celebratis
1845 3243 2075 3313 nuptiis,

480 3349 684 3402 sponsa
717 3333 807 3386 die
837 3333 1162 3404 scptimo(6)
1183 3333 1239 3386 in
1256 3333 1503 3386 thalamo
1524 3333 1814 3397 resideret,
1851 3339 2079 3402 repente

481 3421 640 3492 quasi
660 3423 750 3475 lux
773 3423 1025 3492 quaedam
1043 3421 1101 3475 in
1121 3423 1286 3475 corde
1303 3423 1423 3490 ejus
1436 3422 1623 3474 divina
1642 3421 2076 3491 gratiarefulsit,

481 3526 650 3580 quam
675 3510 839 3564 veluti
863 3511 1060 3564 ducem
1084 3509 1381 3581 quemdam
1405 3511 1492 3563 sui
1515 3511 1624 3562 voti
1648 3510 1952 3576 inveniens,
1975 3509 2079 3563 illi-

480 3613 543 3651 co
565 3598 804 3663 exsiluit,
829 3605 884 3651 et
907 3607 1130 3652 secutus
1157 3605 1260 3662 est,
1287 3605 1344 3651 et
1372 3597 1440 3651 ab
1463 3598 1598 3652 urbe
1628 3598 1930 3668 egreditur.

552 3688 680 3740 ΟΑΡ.
717 3689 786 3741 ΙΙ.
828 3719 888 3728 ——-
924 3687 1152 3742 Duobus
1188 3693 1376 3741 autem
1407 3689 1520 3740 fere
1550 3687 1793 3740 millibus
1823 3688 2012 3757 procul
2043 3703 2077 3741 a

479 3773 644 3826 domo
673 3789 774 3826 sua
795 3773 1052 3827 cellulam
1085 3781 1368 3826 vacantem
1399 3771 1640 3842 reperit:
1670 3771 1763 3825 ubi
1785 3789 1843 3825 se
1874 3774 2076 3824 consti-

477 3866 661 3922 tuens,
696 3867 752 3915 et
778 3859 1098 3930 gloriﬁcans
1124 3861 1304 3914 Deum
1330 3877 1458 3914 cum
1484 3860 1697 3930 ingenti
1729 3859 1924 3913 laetitia
1946 3877 2073 3930 per-

479 3949 744 4004 manebat
766 3970 778 4016 ;
803 3955 1088 4020 stuporem
1110 3965 1243 4002 vero
1265 3950 1592 4012 maximum,
1611 3955 1727 4002 tam
1749 3949 2072 4020 parentibus

477 4039 594 4091 suis
639 4055 806 4108 quam
853 4039 1065 4102 vicinis,
1113 4039 1181 4091 de
1236 4039 1339 4092 hoc
1395 4038 1540 4091 facto
1585 4039 1913 4091 incusserat.
1967 4038 2073 4101 Qui

478 4133 760 4191 exeuntes,
796 4127 852 4179 in
881 4127 1099 4180 diversa
1135 4127 1390 4196 dispersi,
1424 4126 1630 4196 ubique
1663 4124 1762 4180 Dei
1791 4127 2073 4180 hominem

2163 1731 2570 1804 pellationibus,
2587 1731 2773 1784 divina
2788 1731 2968 1801 gratia
2988 1729 3332 1794 illustrabat;
3353 1730 3750 1800 proﬁciensque

2161 1821 2411 1892 quotidie
2456 1821 2512 1874 in
2561 1821 2774 1891 optima
2823 1819 3262 1880 conversatione,
3306 1819 3557 1890 primum
3605 1819 3749 1889 quasi

2157 1912 2586 1965 fundamentum
2626 1911 2750 1962 vitae
2801 1926 2915 1963 suae
2957 1907 3359 1964 continentiam
3392 1907 3747 1978 possidebat;

2157 2017 2372 2053 necnon
2393 1999 2599 2069 vigiliis
2629 2006 2683 2052 et
2708 1999 3072 2058 orationibus,
3099 2014 3226 2050 cum
3275 1997 3411 2051 ﬂetu
3444 2003 3505 2051 et
3531 1997 3751 2052 humili-

2158 2095 2272 2143 tate
2305 2096 2473 2159 atque
2499 2089 2792 2151 charitate,
2826 2087 3103 2141 studebat.
3131 2089 3385 2158 Cumque
3416 2103 3522 2158 per
3542 2101 3750 2140 omnem

2161 2181 2342 2233 locum
2366 2179 2434 2232 de
2467 2195 2532 2231 eo
2563 2184 2756 2231 sancta
2787 2177 2975 2247 opinio
3007 2177 3409 2246 divulgaretur,
3443 2175 3630 2230 cuncti
3658 2191 3750 2228 au-

2161 2269 2396 2330 dientes,
2438 2269 2507 2320 ad
2538 2267 2838 2320 videndum
2869 2278 3022 2330 eum,
3053 2271 3110 2320 et
3137 2273 3202 2319 ut
3248 2265 3661 2318 aedilicarentur
3687 2261 3748 2315 ab

2163 2374 2246 2419 eo,
2268 2357 2514 2426 undique
2537 2355 2910 2408 conﬂuebant.
2939 2355 3134 2407 Sermo
3155 2369 3375 2423 quoque
3397 2353 3448 2405 ei
3471 2351 3748 2424 sapientiae

2162 2463 2224 2498 ac
2256 2445 2499 2498 scientiae
2531 2451 2588 2497 vt
2635 2441 3029 2497 consolationis
3061 2460 3092 2496 a
3120 2441 3235 2496 Deo
3268 2441 3574 2495 affluenter
3601 2441 3748 2494 datus

2163 2539 2264 2598 est,
2299 2533 2392 2606 qui
2433 2533 2488 2586 in
2533 2532 2813 2586 mentibus
2863 2532 3209 2586 audientium
3259 2530 3425 2600 quasi
3487 2531 3750 2584 luminare

2162 2623 2573 2676 lucidissimum
2596 2621 2868 2674 radiabat.

2235 2713 2362 2765 Cw.
2400 2712 2497 2765 III.
2536 2742 2598 2750 —
2632 2711 2877 2778 Contigit
2907 2717 3097 2762 autem
3139 2722 3286 2762 anno
3316 2707 3651 2762 duodecimo
3675 2721 3750 2759 re-

2163 2800 2534 2853 nuntiationis
2555 2801 2694 2868 ejus.
2726 2806 2789 2851 ut
2820 2804 3078 2869 parentes
3103 2799 3223 2868 ejus
3245 2814 3309 2850 ex
3332 2798 3436 2850 hac
3463 2797 3581 2850 vita
3610 2811 3748 2849 rece-

2163 2889 2378 2951 dentes,
2405 2905 2605 2943 aurum
2637 2888 2685 2940 ei
2713 2889 2997 2960 copiosum
3027 2885 3343 2959 praediaque
3373 2903 3584 2956 magna
3604 2884 3750 2938 relin-

2163 2984 2418 3048 querent.
2459 2976 2566 3040 Qui
2607 2993 2808 3043 rogans
2847 2976 3090 3032 amicum
3123 2974 3424 3044 quemdam
3459 2973 3748 3028 admodum

2163 3065 2266 3118 sibi
2296 3065 2547 3124 charum,
2583 3065 2652 3117 ad
2681 3063 3069 3116 distribuenda
3093 3063 3351 3116 universa
3379 3060 3748 3131 indigentibus

2162 3173 2225 3208 ac
2247 3152 2472 3224 pupillis
2493 3153 2736 3206 ofﬁcium
2760 3152 3080 3222 religiosum
3105 3151 3185 3204 illi
3207 3151 3474 3220 injungit,
3497 3167 3568 3204 ne
3589 3149 3748 3221 ipsius

2163 3241 2511 3298 orationibus
2527 3243 2987 3313 impedimentum
3009 3242 3177 3311 hujus
3203 3240 3284 3293 rei
3304 3241 3492 3310 gratia
3508 3241 3747 3310 gignere-

2163 3339 2276 3386 tur.
2311 3335 2376 3386 Et
2413 3349 2540 3386 cum
2587 3333 2690 3386 hoc
2733 3331 2972 3394 fecisset,
3005 3342 3233 3385 securus
3264 3329 3454 3384 animo
3485 3335 3543 3383 et
3573 3331 3746 3382 mente

2163 3421 2350 3490 quieta
2382 3421 2711 3490 permansit.
2747 3415 2863 3473 Hoc
2907 3420 3057 3472 enim
3099 3419 3244 3472 bono
3283 3418 3399 3470 viro
3453 3417 3743 3471 maximum

2163 3510 2411 3562 studium
2443 3517 2582 3572 erat,
2632 3515 2696 3562 ut
2733 3526 2827 3562 cor
2864 3511 2986 3578 ejus
3035 3507 3206 3561 nullis
3247 3507 3488 3560 terrenis
3524 3503 3744 3575 negotiis

2162 3597 2488 3657 vinciretur;
2525 3605 2579 3651 et
2610 3598 2814 3651 idcirco
2839 3615 3006 3668 super
3037 3601 3246 3650 terram
3279 3595 3416 3650 nihil
3449 3595 3599 3650 aliud
3631 3610 3743 3664 pos-

2159 3687 2393 3745 sidebat.
2434 3693 2660 3757 excepto
2691 3705 2801 3740 uno
2827 3705 2981 3756 sago,
3020 3701 3240 3756 unaque
3271 3686 3635 3742 nihilominus
3663 3690 3742 3735 tu-

2159 3775 2282 3828 nica
2307 3776 2524 3829 cilicina
2553 3791 2663 3847 qua
2690 3775 2970 3829 utebatur.
3001 3778 3246 3829 Caucum
3269 3776 3348 3843 (7)
3375 3789 3599 3845 quoque
3625 3785 3738 3842 per-

2159 3862 2456 3930 modicum,
2501 3865 2558 3918 in
2597 3881 2704 3935 quo
2745 3861 2909 3918 eriere
2957 3881 3054 3917 seu
3113 3863 3302 3917 bibere
3358 3863 3557 3917 solitus
3610 3863 3735 3918 erat,

2157 3953 2433 4018 habebat;
2487 3971 2702 4007 necnon
2749 3960 2805 4007 et
2846 3971 3020 4006 unum
3063 3953 3371 4023 psiathium
3415 3949 3513 4019 (8),
3546 3952 3601 4005 in
3644 3963 3740 4020 quo

2157 4042 2407 4096 cubitare
2428 4049 2808 4096 consueverat.
2847 4043 2988 4096 Cum
3013 4042 3099 4095 his
3139 4047 3329 4096 autem
3359 4041 3619 4096 omnibus
3646 4039 3740 4090 hu-

2159 4131 2454 4185 militatem
2497 4149 2666 4202 supra
2700 4132 2926 4184 modum
2965 4137 3021 4184 et
3063 4129 3397 4184 charitatem
3445 4131 3739 4184 ad-omnes

477 4215 856 4285 requirebant.
889 4215 1022 4268 Post
1058 4215 1176 4268 dies
1227 4221 1414 4268 autem
1445 4216 1636 4269 decem
1680 4222 1735 4268 et
1765 4223 1978 4286 septem
2017 4217 2075 4270 in
2095 4240 2138 4297 Ο
2157 4221 2448 4290 aequaliter
2474 4219 2828 4291 possidebat;
2860 4237 2961 4273 nec
2984 4217 3328 4290 proponebat
3358 4219 3414 4272 in
3437 4219 3645 4272 honore
3672 4215 3738 4266 lo-

477 4309 788 4356 memorata
834 4301 1031 4356 cellula
1060 4321 1188 4356 eum
1219 4309 1475 4356 orantem
1528 4303 1830 4374 reperiunt.
1866 4305 2070 4358 Beatus

477 4397 666 4446 autem
687 4392 787 4456 vir,
814 4409 939 4446 cum
962 4409 1026 4446 eo
1048 4400 1274 4463 stupore
1304 4395 1585 4463 perculsos
1602 4394 1872 4464 aspiceret
1894 4412 1903 4445 :
1923 4395 2068 4458 Quid

477 4499 586 4546 me,
637 4481 840 4552 inquit,
889 4499 986 4534 vos
1035 4482 1375 4535 admirantes
1425 4482 1704 4552 aspicitis?
1748 4483 2066 4536 Glorilicate

475 4570 660 4640 potius
702 4570 1286 4624 misericordissimam
1327 4570 1524 4634 Deum,
1559 4571 1651 4641 qui
1686 4589 1773 4624 me
1815 4589 1880 4624 ex
1909 4588 2064 4624 caeno

473 4659 834 4729 iniquitatum
865 4676 1120 4713 mearum
1149 4660 1383 4730 eripuit;
1430 4667 1486 4712 et
1513 4668 1668 4713 orate
1715 4677 1815 4730 pro
1861 4677 1968 4725 me,
2003 4664 2068 4712 ut

468 4749 670 4817 jugum
693 4749 795 4802 hoc
818 4749 1226 4816 suavissimum,
1253 4749 1356 4802 sub
1379 4766 1488 4820 quo
1510 4767 1598 4802 me
1629 4749 1918 4818 indignum
1951 4766 2067 4802 sus-

475 4837 660 4906 cipere
701 4837 962 4906 dignatus
1005 4844 1090 4890 est
1127 4839 1415 4905 Dominus,
1450 4851 1624 4908 usque
1672 4840 1731 4892 in
1777 4835 1943 4895 ﬁnem
1981 4855 2068 4890 va-

473 4927 620 4979 leam
642 4925 913 4995 bajulare,
944 4929 1532 4998 conversationemque
1553 4944 1736 4980 meam
1757 4927 2067 4997 beneplaci-

471 5022 587 5068 tam
617 5016 923 5069 secundum
949 5017 1293 5070 voluntatem
1321 5018 1442 5086 ejus
1474 5016 1681 5086 possim
1721 5015 1777 5067 in
1809 5011 2065 5068 omnibus

472 5111 750 5176 coeptare.
790 5105 894 5168 Qui
925 5122 1051 5158 cum
1083 5123 1277 5159 omnes
1319 5123 1450 5158 eum
1487 5105 1798 5167 audientes,
1833 5121 2065 5174 respon-

470 5196 684 5248 dissent
706 5197 904 5256 Amen,
939 5191 1268 5264 deprecatus
1297 5200 1382 5246 est
1402 5211 1496 5245 eos
1526 5210 1596 5245 ne
1624 5193 1674 5246 ei
1706 5193 1908 5246 vellent
1944 5211 2064 5246 cre-

467 5284 566 5337 bro
601 5283 916 5337 molestiam
960 5283 1190 5336 obtentu
1220 5281 1553 5335 visitationis
1593 5281 1815 5334 inferre.
1851 5281 2062 5345 Quibus

465 5373 870 5437 recedentibus,
905 5373 1119 5425 aditum
1142 5371 1352 5423 cellulae
1377 5387 1488 5422 suae
1512 5369 1788 5423 obstruxit
1815 5389 1824 5422 :
1852 5378 1909 5424 et
1936 5389 2064 5424 con-

465 5463 694 5516 cludens
725 5461 1090 5530 semetipsum
1139 5458 1494 5519 intrinsecus,
1543 5459 1934 5529 parvissimum
1982 5461 2062 5514 fe-

469 5557 670 5604 nestrae
695 5551 948 5603 foramen
977 5547 1224 5616 reliquit,
1243 5563 1344 5617 per
1367 5537 1514 5617 quod
1534 5547 1802 5601 alimenta
1827 5545 1916 5602 die
1937 5559 2070 5603 con-

469 5646 630 5694 sueta
660 5639 933 5712 reciperet
956 5677 966 5688 .

2157 4307 2438 4380 cupietum
2470 4307 2719 4380 pauperi.
2746 4327 2847 4362 nec
2878 4309 3183 4380 principem
3213 4299 3740 4378 subjecto,velncbi-

2152 4398 2262 4450 lem
2290 4399 2517 4466 ignobili
2552 4399 2908 4468 praeferebat;
2964 4399 3060 4450 sed
3100 4415 3294 4450 omnes
3333 4397 3592 4450 similiter
3617 4391 3736 4447 dili-

2148 4485 2623 4554 gens,honorabat
2635 4487 2938 4552 universos,
2955 4484 3074 4539 sine
3087 4487 3418 4556 cujusquam
3431 4481 3735 4554 acceptione

2150 4591 2417 4645 personae.
2449 4576 2562 4628 Nec
2595 4576 2892 4646 aliquando
2929 4591 3266 4645 quemquam
3306 4574 3614 4644 procaciter
3652 4569 3729 4621 in-

2151 4663 2428 4732 crepabat,
2463 4665 2559 4716 sed
2589 4671 2710 4717 erat
2738 4681 2921 4717 sermo
2947 4665 3068 4732 ejus
3093 4663 3364 4716 charitate
3390 4669 3446 4715 et
3474 4659 3732 4716 suavitate

2151 4752 2424 4806 conditus.
2459 4754 2593 4816 Quis
2620 4753 2851 4806 audiens
2873 4753 2996 4821 ejus
3023 4752 3326 4822 eloquium,
3353 4751 3546 4804 satiari
3569 4743 3735 4820 potuit

2151 4839 2452 4910 aliquando
2482 4843 2550 4894 de
2581 4841 2665 4896 his
2709 4859 2831 4911 quae
2870 4841 3172 4912 aliquando
3203 4858 3266 4893 ex
3309 4840 3581 4893 sermonis
3624 4836 3732 4904 ejus

2151 4929 2444 4984 dulcedine
2495 4931 2961 5002 proferebantur?
3011 4932 3094 4983 vel
3139 4931 3264 5000 quis
3313 4931 3526 4983 vultum
3575 4925 3728 4985 illius,

2150 5018 2462 5072 sanctitatis
2501 5019 2802 5086 imaginem
2831 5020 3236 5089 praeferentem,
3279 5019 3598 5089 respiciens,
3632 5025 3730 5066 non

2150 5107 2327 5174 magis
2348 5107 2569 5160 videndi
2599 5125 2726 5161 eum
2759 5109 2960 5178 saepius
2989 5108 3330 5160 desiderium
3357 5106 3595 5176 sumpsit
3628 5102 3648 5153 ?
3676 5099 3731 5152 In

2149 5196 2300 5248 omni
2322 5202 2592 5266 tempore,
2609 5185 2958 5250 abstinentiae
2973 5214 3086 5250 suae
3111 5196 3363 5266 regulam
3379 5212 3548 5266 quam
3574 5185 3730 5244 semel

2147 5284 2402 5354 arripuit,
2438 5302 2548 5338 non
2577 5286 2812 5338 mutavit
2831 5286 2894 5352 (Ο)
2927 5305 2936 5338 :
2965 5285 3372 5356 quinquaginta
3399 5301 3573 5336 annos
3591 5274 3731 5333 insti-

2147 5379 2330 5426 tutum
2365 5375 2672 5443 proprium,
2709 5375 2861 5426 omni
2905 5375 3192 5427 alacritate
3237 5373 3550 5443 complevit,
3592 5375 3644 5421 et
3669 5363 3730 5417 ob

2147 5462 2386 5517 nimium
2433 5478 2684 5518 amorem
2715 5479 2779 5519 ac
2825 5463 3167 5516 desiderium
3217 5463 3366 5532 quod
3412 5460 3645 5514 habebat
3679 5452 3728 5504 in

2157 5550 2401 5615 Christo,
2431 5557 2594 5606 omne
2617 5558 2792 5606 aevu‘m
2817 5553 3090 5624 temporis
3118 5552 3266 5605 illius
3291 5552 3582 5621 quasidies
3611 5558 3729 5617 pau-
