3912 6402
161 346 268 403 285

1198 338 1368 402 ἮΤΑ
1407 339 1667 403 SANCTI
1703 338 2023 402 ABRAHXE
2059 338 2415 399 ΕΠῘῈΜΠΕ.

3347 328 3457 398 288

160 472 337 524 cimos
370 469 689 542 reputabat;
720 476 775 523 et
800 476 953 524 totus
987 472 1141 541 rigor
1162 472 1448 527 acerrimae
1476 489 1766 527 conversa—
1782 477 2200 544 Apaganorum
2231 471 2352 523 sine
2383 485 2543 523 mora
2569 469 2849 538 dirigitur.
2884 468 3006 531 Quo
3045 466 3183 521 dum
3228 471 3455 520 sanctus

158 561 331 614 tionis
357 562 480 630 ejus
510 561 659 631 apud
681 577 809 613 eum
839 578 939 631 pro
970 561 1145 613 nihilo
1166 561 1479 616 videbatur.

230 651 366 703 Car.
396 650 470 703 IV
499 679 564 688 —
596 650 730 703 Erat
760 654 950 702 autem
981 651 1131 704 haud
1162 653 1356 721 procul
1396 652 1466 704 ab
1506 652 1643 705 urbe
1672 653 1770 706 illa

157 739 315 792 vicus
327 739 635 791 admodum
656 738 936 809 spatiosus
963 756 1027 793 ac
1049 740 1370 809 magnus,in
1392 757 1501 811 quo
1524 742 1767 795 universi

159 828 379 898 pariter
408 844 441 881 a
461 827 696 880 minimo
724 838 901 897 usque
924 828 993 880 ad
1025 828 1331 882 maximum
1354 830 1560 899 pagani
1576 831 1769 884 crude-

160 917 364 970 lissimi
412 915 743 980 existebant,
780 932 918 986 quos
950 915 1019 968 ab
1048 916 1327 971 idolorum
1374 919 1528 971 cultu
1582 919 1773 973 nullus

163 1007 398 1059 omnino
416 1005 637 1059 valebat
647 1006 1195 1059 avertere.Nonnulli
1212 1007 1437 1076 quidem
1460 1008 1769 1078 presbyteri

162 1104 220 1148 et
242 1093 486 1159 diaconi,
522 1094 579 1148 in
609 1095 713 1148 hoc
744 1095 931 1165 ipsum
962 1094 1077 1147 illic
1108 1095 1351 1149 ordinati
1383 1102 1439 1150 et
1474 1097 1669 1149 directi
1704 1098 1771 1149 ab

162 1184 574 1255 episcopo,sine
603 1184 718 1237 ullo
750 1182 947 1236 salutis
977 1199 1172 1236 eorum
1204 1184 1387 1238 fructu
1412 1186 1765 1251 recedebant,

161 1286 528 1343 nequaquam
569 1272 890 1326 afﬂictionis
912 1272 1157 1325 ferentes
1185 1273 1434 1327 laborem
1457 1294 1467 1326 :
1506 1276 1638 1345 quia
1657 1292 1769 1329 non

161 1362 351 1415 solum
391 1378 505 1415 non
534 1362 764 1415 suaderi
793 1367 849 1415 et
866 1362 933 1413 ad
959 1377 1294 1416 consensum
1322 1364 1545 1417 animus
1575 1380 1769 1418 eorum

160 1452 319 1503 ferox
353 1466 465 1504 non
495 1455 721 1521 poterat
748 1450 917 1515 ﬂecti,
942 1462 1137 1504 Verum
1160 1451 1328 1505 etiam
1354 1459 1770 1522 persecutiones

160 1541 221 1593 in
254 1557 354 1593 eos
379 1541 476 1610 qui
507 1556 567 1593 se
596 1539 904 1593 monebant
929 1557 993 1593 ac
1017 1540 1320 1594 seditiones
1348 1542 1771 1596 vehementissi—

74 1681 81 1688 ,
164 1646 285 1682 mas
308 1628 687 1683 concitabant.
722 1629 830 1682 Sed
863 1629 1031 1682 turba
1068 1628 1434 1684 nihilominus
1465 1634 1770 1685 monacho-

1851 560 2135 616 Abraham
2180 566 2457 631 pergeret,
2506 558 2841 629 precabatur
2872 557 3198 621 Dominum,
3222 556 3448 608 dicens:

1854 651 2302 705 Clementissime
2338 666 2402 702 ac
2430 648 2829 717 benignissime
2869 647 3035 703 Deus.
3064 644 3280 715 respice
3300 645 3455 698 inﬁr-

1851 742 2107 795 mitatem
2119 729 2685 808 meam,gratiamque
2700 744 2858 790 tuam
2876 736 3156 788 cmlestem
3170 735 3240 787 ad
3262 750 3454 788 meum

1850 831 2171 902 praesidium
2203 830 2402 897 dirige,
2438 834 2503 882 ut
2533 827 2883 898 gloriﬁcetur
2911 841 3116 878 nomen
3142 830 3303 877 tuum
3327 839 3454 877 san-

1854 919 2370 973 ctum.Perveniens
2402 924 2589 971 autem
2621 916 2691 969 ad
2717 914 3227 983 vicum,vidensque
3256 928 3452 966 omnes

1855 1010 1912 1062 in
1949 1009 2170 1062 insania
2200 1007 2470 1061 idolatriae
2509 1008 2868 1059 vehementer
2909 1020 3031 1057 esse
3073 1004 3348 1067 detentos,
3386 1019 3451 1055 ex

1854 1100 1967 1151 imo
1992 1104 2218 1169 pectore
2240 1097 2631 1165 ingemiscens,
2660 1094 2907 1163 graviter
2934 1093 3123 1155 ﬂevit;
3155 1096 3207 1145 et
3231 1094 3450 1145 elevans

1855 1190 2045 1242 oculos
2075 1205 2206 1241 suos
2226 1188 2294 1241 ad
2315 1180 2685 1251 cmlum,dixit
2711 1203 2721 1238 :
2763 1186 2846 1238 Tu
2871 1184 3023 1236 solus
3058 1182 3152 1252 qui
3182 1183 3302 1235 sine
3332 1196 3455 1252 pec-

1854 1284 1980 1332 cato
2010 1296 2088 1344 es,
2120 1278 2377 1340 Deus,ne
2407 1276 2681 1345 despicias
2713 1288 2883 1344 opera
2910 1287 3182 1325 manuum
3201 1276 3451 1325 tuarum.

1853 1368 2319 1437 Festinanterque
2343 1365 2545 1418 direxit
2566 1364 2831 1417 nuntium
2852 1363 2910 1415 in
2932 1361 3213 1414 civitatem
3227 1360 3297 1413 ad
3318 1359 3456 1413 ami-

1853 1472 1979 1511 cum
2002 1457 2161 1509 illum
2184 1454 2581 1508 charissimum
2598 1452 2796 1516 sibi,ut
2810 1451 3106 1522 pecuniam
3120 1466 3186 1503 ex
3202 1449 3457 1517 reliquiis

1852 1546 2185 1615 patrimonii
2208 1545 2294 1599 sui
2325 1545 2568 1597 aﬂ'erret.
2604 1543 2782 1605 Quam
2804 1555 2930 1596 cum
2957 1540 3279 1609 accepisset,
3311 1538 3458 1591 inter

1854 1648 2060 1704 paucos
2092 1635 2209 1687 dies
2238 1633 2553 1687 construxit
2584 1631 2895 1685 ecclesiam.
2922 1628 2992 1683 Et
3016 1630 3170 1682 velut
3192 1642 3456 1698 sponsam

167 1734 294 1772 rum
315 1719 491 1771 semel
522 1724 691 1788 atque
707 1718 910 1771 iterum
931 1719 1087 1771 adire
1107 1719 1369 1785 nitentes,
1387 1720 1525 1773 nihil
1549 1712 1772 1791 penitus
1855 1725 2143 1793 optimam,
2180 1724 2357 1776 multo
2389 1738 2512 1775 eam
2546 1721 2896 1789 miriﬁceque
2927 1717 3209 1771 decoravit
3229 1722 3451 1770 ornatu.

168 1826 270 1878 pro
300 1808 670 1861 conversione
697 1824 891 1861 eorum
924 1824 1095 1877 agere
1118 1815 1441 1879 potuerunt.
1466 1811 1638 1863 Porro
1662 1798 1834 1864 unaB
1853 1814 2118 1866 Attamen
2141 1812 2275 1866 dum
2315 1811 2708 1869 aedificaretur,
2743 1808 2991 1879 quotidie
3018 1808 3186 1860 homo
3214 1807 3315 1859 Dei
3355 1820 3456 1876 per

169 1898 258 1951 die
299 1898 555 1951 residens
578 1914 705 1951 cum
726 1898 946 1951 clericis
977 1899 1096 1951 suis
1120 1899 1434 1968 episcopus,
1459 1897 1773 1953 beatissimi
1858 1902 2041 1956 media
2080 1902 2379 1955 simulacra
2405 1900 2700 1969 gentilium
2732 1898 3033 1961 transiens,
3069 1896 3209 1948 nihil
3230 1895 3455 1965 penitus

99 1981 118 2001 ⁸
170 1988 345 2056 hujus
375 1986 481 2059 viri
513 1987 710 2040 habuit
733 1988 1101 2051 mentionem,
1133 1988 1383 2057 dixitque
1405 1989 1475 2041 ad
1505 2005 1603 2042 eos
1629 1990 1772 2057 :Ego
1856 1991 2206 2061 loquebatur,
2253 1990 2360 2043 nisi
2406 1990 2462 2042 in
2505 1990 2669 2042 corde
2711 2004 2811 2040 suo
2852 1986 3049 2039 orabat
3079 1984 3449 2049 solummodo,

170 2077 343 2129 talem
372 2076 551 2129 virum
577 2076 927 2146 temporibus
956 2082 1137 2141 146
1154 2077 1293 2130 meis
1320 2077 1507 2130 videre
1536 2094 1650 2131 non
1680 2095 1775 2148 po-
1854 2082 2212 2150 gemitusque
2242 2096 2367 2133 cum
2398 2080 2535 2132 ﬂetu
2565 2076 2823 2131 mittebat
2844 2076 2911 2128 ad
2945 2075 3268 2128 Dominum.
3302 2070 3460 2125 Post-

172 2166 274 2230 tui,
309 2166 391 2218 ita
419 2166 477 2218 in
518 2166 673 2219 omni
706 2182 874 2236 opere
915 2165 1179 2219 bonitatis
1224 2167 1554 2236 perfectum,
1597 2173 1653 2221 et
1695 2168 1772 2220 sic

172 2255 388 2308 cunctis
410 2255 713 2308 virtutibus
736 2256 1092 2320 adornatum,
1116 2255 1171 2307 in
1197 2272 1306 2325 quo
1324 2256 1492 2324 elegit
1514 2257 1664 2310 Deus
1680 2258 1776 2310 ha-

174 2345 373 2410 bitare,
405 2351 472 2397 ut
502 2344 741 2397 habetur
755 2361 902 2398 nunc
923 2345 1310 2398 sanctissimus
1332 2342 1776 2399 Abraham.Res—

174 2434 488 2504 pendentes
519 2438 707 2487 autem
735 2434 918 2487 clerici
949 2450 1141 2487 verum
1164 2451 1285 2487 esse
1314 2451 1442 2488 eum
1471 2436 1571 2489 Dei
1601 2436 1776 2488 famu-

173 2524 291 2576 lum
320 2524 773 2594 monachumque
801 2523 1105 2593 perfectum
1133 2524 1510 2577 afﬁrmabant.
1544 2526 1613 2579 Et
1635 2526 1777 2595 epis-

171 2629 342 2682 copus
373 2612 567 2677 :Volo,
612 2612 813 2682 inquit,
841 2629 969 2666 eum
1000 2612 1057 2665 in
1082 2612 1201 2665 vico
1234 2613 1328 2666 illo
1351 2614 1650 2682 gentilium
1683 2630 1777 2667 or-

171 2702 370 2754 dinare
393 2700 783 2772 presbyterum
812 2718 825 2761 ;
874 2707 1058 2771 potest
1092 2703 1241 2755 enim
1293 2719 1385 2754 eos
1416 2703 1687 2772 patientia
1714 2720 1777 2756 ac

176 2792 351 2845 nimia
381 2791 653 2845 charitate
674 2792 744 2845 ad
764 2793 942 2845 Deum
962 2798 1308 2847 convertere.
1337 2792 1405 2845 Et
1434 2808 1778 2860 consurgens

178 2881 454 2951 protinus,
489 2882 558 2934 ad
588 2881 847 2934 cellulam
878 2880 1056 2934 sancti
1088 2881 1191 2933 viri
1224 2898 1352 2934 cum
1391 2881 1506 2935 suis
1534 2880 1780 2952 proﬁcis-

178 2972 327 3025 citur
353 2970 589 3023 clericis.
614 2971 867 3040 Cumque
889 2971 1192 3024 salutasset
1217 2986 1364 3035 eum,
1384 2972 1688 3040 statimque
1709 2971 1778 3024 de

178 3058 488 3128 gentilibus
517 3059 623 3112 vici
654 3060 807 3112 illius
836 3060 1102 3125 insinuat,
1127 3061 1283 3131 ut,ad
1314 3077 1409 3113 eos
1439 3060 1508 3113 ob
1538 3062 1777 3114 salutem

1857 2187 2025 2241 quam
2070 2187 2199 2222 vero
2237 2168 2469 2222 ecclesia
2498 2172 2583 2221 est
2619 2171 3023 2229 consummata,
3059 2163 3219 2233 quasi
3249 2177 3455 2215 munus

1858 2260 2138 2330 quoddam
2172 2276 2298 2312 cum
2333 2258 2524 2311 multis
2553 2256 2815 2327 lacrymis
2844 2254 3048 2308 obtulit
3076 2254 3224 2318 Deo;
3257 2251 3331 2304 ibi
3363 2267 3459 2321 ge-

1857 2348 2040 2403 nubus
2062 2348 2276 2418 positis,
2313 2349 2413 2401 has
2434 2364 2624 2417 preces
2647 2345 2975 2415 suppliciter
2995 2343 3052 2395 in
3072 2359 3175 2395 sua
3204 2341 3460 2395 oratione

1859 2438 2111 2507 profudit
2141 2457 2155 2490 :
2191 2438 2293 2502 Tu,
2329 2434 2968 2505 inquiens,omnipotens
2988 2430 3090 2484 Fili
3105 2430 3206 2483 Dei
3226 2428 3459 2499 vivi,qui

1859 2533 2040 2580 totum
2056 2524 2329 2579 mundum
2349 2525 2555 2577 erroris
2577 2524 2905 2593 depressum
2923 2520 3257 2588 caligine,ad
3271 2518 3459 2586 cogni-

1859 2616 2070 2669 tionem
2102 2616 2331 2668 luminis
2355 2615 2439 2667 tui
2469 2628 2569 2683 per
2589 2620 2743 2665 tuam
2770 2610 3123 2682 praesentiam
3154 2604 3451 2670 deduxisti,

1860 2706 2008 2758 hunc
2039 2722 2260 2774 quoque
2290 2704 2556 2774 populum
2578 2709 2738 2755 tuum
2761 2701 3079 2770 dispersum
3108 2712 3385 2767 congrega
3402 2696 3459 2747 in

1861 2796 2045 2847 sinum
2077 2794 2331 2847 Ecclesiae
2361 2800 2487 2856 tuae,
2517 2798 2574 2845 et
2604 2791 2860 2844 illumina
2888 2790 3077 2843 oculos
3128 2787 3332 2840 mentis
3363 2801 3458 2837 eo-

1862 2899 1984 2937 rum
1995 2925 2007 2949 ,
2025 2889 2089 2937 ut
2100 2888 2426 2953 respuentes
2444 2882 2873 2935 simulacrorum
2887 2880 3185 2941 culturam,
3201 2882 3257 2929 te
3278 2875 3458 2927 solum

1862 2979 2172 3025 amatorem
2194 2972 2482 3025 hominum
2504 2986 2567 3025 ac
2581 2970 2885 3038 benignum
2902 2970 3080 3021 Deum
3100 2969 3457 3035 cognoscant.

1932 3060 2184 3127 Cumque
2216 3058 2358 3109 hanc
2384 3055 2695 3109 orationem
2717 3055 2951 3118 ﬁnisset,
2975 3052 3241 3105 continuo
3269 3064 3460 3119 egresa

178 3163 377 3201 eorum
412 3154 673 3218 pergeret
700 3150 1039 3218 rogans.Qui
1068 3166 1192 3202 cum
1211 3149 1668 3212 audisset,tristis
1688 3162 1833 3220 ve-G
1862 3165 1956 3201 sus
2008 3147 2078 3199 ab
2126 3147 2376 3210 ecclesia,
2426 3144 2674 3215 perrexit
2719 3143 2787 3196 ad
2826 3142 3099 3211 templum
3140 3139 3459 3209 gentilium,

174 3236 474 3290 hementer
495 3238 740 3303 eﬂ‘ectus,
771 3238 851 3291 ait
871 3239 940 3291 ad
962 3240 1315 3309 episcopum:
1343 3239 1771 3309 Quaesodnquit,

174 3326 347 3380 Pater
360 3328 732 3391 sanctissime,
748 3328 1009 3398 permitte
1034 3328 1170 3381 mihi
1193 3334 1257 3381 ut
1271 3345 1425 3381 meas
1452 3328 1777 3399 iniquitates

173 3416 437 3481 deﬂeam,
466 3432 649 3487 neque
677 3417 999 3487 hujusmodi
1026 3419 1313 3487 negotium
1346 3418 1569 3471 infirmo
1591 3424 1647 3471 et
1670 3419 1779 3471 exi-

175 3521 289 3575 guo
321 3505 583 3560 exi‘stenti
622 3506 903 3575 injungas.
945 3507 1032 3559 Ad
1066 3523 1231 3576 quem
1262 3522 1456 3559 rursus
1486 3506 1782 3576 episcopus

179 3594 325 3647 dixit
358 3614 368 3646 :
406 3595 513 3647 Per
542 3596 643 3648 Dei
681 3596 944 3665 gratiam,
980 3596 1181 3665 inquit,
1214 3602 1413 3665 potens
1435 3612 1520 3661 es;
1550 3612 1619 3647 ne
1646 3596 1783 3647 velis

175 3700 313 3753 ergo
342 3684 401 3735 in
436 3684 537 3735 hac
566 3683 712 3736 bona
734 3684 1053 3736 obedientia
1082 3684 1203 3736 fieri
1231 3683 1782 3736 cunctabundusCui

176 3773 264 3825 vir
296 3772 496 3825 beatus
518 3773 723 3826 iterum
748 3773 1095 3843 respondens
1112 3773 1251 3825 dixit
1273 3792 1283 3824 :
1316 3773 1562 3827 Obsecro
1584 3773 1787 3826 sancti-

176 3870 357 3915 tatem
381 3868 537 3915 tuam
566 3867 630 3916 ut
658 3878 747 3915 me
776 3863 925 3915 mala
951 3878 1078 3915 mea
1098 3863 1365 3932 plangere
1394 3863 1789 3932 permittas.Et

178 3952 263 4005 ait
282 3951 351 4004 ad
379 3967 507 4004 eum
543 3951 836 4021 episcopus
870 3971 883 4005 :
910 3952 1047 4004 Ecce
1069 3958 1251 4004 totum
1285 3952 1558 4004 mundum
1584 3958 1639 4004 et
1664 3968 1786 4022 qute

186 4041 246 4093 in
270 4057 339 4094 eo
368 4046 501 4094 sunt
532 4040 833 4111 reliquisti,
869 4047 925 4093 et
954 4041 1126 4093 vitam
1156 4041 1480 4094 crucifixum
1510 4042 1788 4111 amplexa-

184 4136 277 4183 tus
316 4147 411 4195 es;
455 4136 705 4183 attamen
752 4147 877 4184 cum
934 4131 1051 4183 haec
1090 4130 1351 4183 universa
1401 4130 1782 4200 compleveris,

186 4234 430 4287 agnosce
460 4225 511 4271 te
533 4219 1060 4289 obedientiam,quaa
1083 4220 1300 4272 cunctis
1329 4219 1629 4272 virtutibus
1654 4219 1789 4272 emi-

187 4313 305 4373 net,
340 4324 450 4361 non
484 4308 709 4361 habere.
728 4309 854 4363 Haec
885 4310 978 4362 ille
1008 4326 1135 4361 cum
1167 4309 1437 4369 audisset,
1457 4309 1625 4379 coepit
1656 4310 1789 4361 ﬂere

187 4412 401 4459 amare,
431 4398 620 4451 dicens
655 4398 724 4451 ad
765 4415 923 4451 eum:
960 4398 1106 4461 Quid
1149 4413 1273 4451 sum
1305 4415 1426 4467 ego,
1462 4400 1616 4451 canis
1646 4412 1792 4450 mor-

1860 3253 2097 3306 arasque
2127 3252 2321 3289 eorum
2341 3241 2395 3287 et
2416 3234 2718 3287 simulacra
2740 3231 2997 3284 manibus
3020 3230 3135 3283 suis
3165 3227 3367 3281 evertit
3383 3232 3465 3279 at-

1861 3343 1968 3397 que
1996 3325 2284 3379 destruxit.
2304 3324 2463 3387 Quod
2483 3323 2693 3377 factum
2719 3338 2846 3374 cum
2868 3323 3124 3374 cerneret
3144 3316 3312 3370 turba
3327 3331 3462 3386 gen-

1863 3416 2065 3479 tilium,
2099 3415 2257 3485 quasi
2285 3420 2532 3482 agrestes
2554 3412 2682 3465 fera:
2704 3410 2978 3469 insiliunt,
3004 3406 3462 3477 eumquelacera-

1865 3512 1986 3558 tum
2015 3504 2204 3557 multis
2234 3502 2554 3557 verberibus
2582 3502 2936 3571 fugaverunt.
2961 3500 3087 3569 Ipse
3106 3502 3295 3549 autem
3316 3495 3463 3547 clam

1867 3594 2097 3647 noctein
2132 3593 2359 3646 ecclesia
2379 3590 2647 3651 residens.
2672 3592 2965 3660 plagarum
2988 3603 3220 3640 suarum
3246 3586 3460 3637 lacerae

1869 3683 2075 3736 tionem
2102 3699 2212 3734 non
2234 3698 2455 3737 curans.
2475 3681 2568 3732 sed
2596 3679 2985 3732 tantummodo
3005 3693 3130 3730 cum
3156 3674 3379 3727 ﬂetibus
3400 3690 3464 3725 ac

1870 3772 2193 3841 gemitibus,
2228 3777 2291 3823 ut
2318 3769 2453 3822 salvi
2502 3771 2718 3829 ﬂerent,
2764 3766 3066 3822 Dominum
3108 3762 3459 3834 precabatur.

1868 3862 2035 3914 Facto
2057 3866 2245 3913 autem
2262 3875 2425 3911 mane
2446 3857 2806 3910 advenientes
2829 3854 3049 3925 pagani,
3065 3852 3357 3906 inveniunt
3369 3851 3465 3903 ho-

1867 3951 2074 4003 minem
2128 3950 2226 4002 Dci
2274 3954 2567 4007 orantem;
2609 3952 2665 3999 et
2700 3945 2874 3999 nimio
2925 3950 3153 4013 stupore
3200 3939 3462 4011 perculsi,

1867 4041 2025 4110 quasi
2058 4041 2181 4093 enei
2213 4040 2253 4111 {1
2268 4039 2312 4101 l)
2349 4039 2575 4109 quidam
2608 4036 2786 4089 effecti
2817 4040 2965 4088 sunt.
2994 4033 3149 4087 Unde
3186 4036 3242 4083 et
3266 4030 3335 4084 ad
3370 4045 3463 4081 ec-

1870 4129 2093 4182 clesiam
2150 4128 2399 4199 quotidie
2440 4127 2755 4191 veniebant,
2801 4142 2912 4178 non
2957 4131 3150 4177 tamen
3198 4118 3469 4175 orationis

1870 4219 2074 4287 gratia,
2108 4220 2203 4271 sed
2234 4224 2296 4271 ut
2323 4217 2495 4271 oculis
2518 4217 2633 4270 suis
2661 4214 2903 4268 ecclesiae
2919 4212 3363 4282 contemplantes
3383 4224 3471 4260 or-

1873 4314 2067 4361 natum
2098 4324 2160 4361 ac
2180 4306 2675 4377 pulchritudinem,
2699 4306 3132 4358 delectarentur.
3153 4299 3338 4370 C(Ppit
3368 4298 3469 4351 ita-

1875 4414 1982 4467 que
2010 4397 2250 4467 quadam
2283 4396 2371 4449 die
2389 4397 2471 4449 vir
2498 4394 2696 4449 beatus
2722 4394 3004 4447 Abraham
3038 4389 3325 4461 deprecari
3347 4404 3461 4452 eos,

186 4496 321 4542 tuus
344 4489 395 4547 (1
406 4489 527 4553 Reg.
547 4495 691 4555 xxiv)
712 4488 735 4539 ?
760 4493 817 4540 et
838 4503 958 4557 quae
981 4493 1069 4540 est
1089 4488 1201 4539 vita
1215 4488 1631 4557 mea,quoniam
1656 4487 1792 4540 talia
1807 4480 1855 4537 D
1875 4495 1939 4540 ut
1966 4493 2336 4555 agnoscerent
2348 4487 2547 4539 Deum.
2576 4485 2660 4539 Illi
2690 4502 2819 4537 vero
2841 4482 3095 4536 saeviores
3117 4477 3294 4533 elfecti
3311 4477 3470 4530 fustis

187 4577 257 4630 de
287 4594 399 4641 me,
435 4594 466 4629 ο
492 4575 845 4630 sanctissime
880 4577 1065 4642 Pater,
1095 4576 1403 4645 judicasti‘?
1423 4577 1526 4630 Cui
1547 4577 1625 4629 ait
1648 4577 1790 4647 epis-

188 4682 404 4737 copus:
453 4667 589 4719 Ecce
629 4667 719 4719 hic
758 4666 1029 4731 residens,
1072 4672 1230 4719 tuam
1262 4665 1612 4719 solummodo
1646 4666 1790 4719 salu-

190 4764 308 4809 tem
350 4755 620 4825 acquiris;
646 4755 724 4808 ibi
754 4762 945 4809 autem
970 4754 1199 4825 plurimi
1217 4771 1315 4825 per
1336 4760 1409 4819 te,
1444 4746 1633 4809 divina
1657 4768 1788 4825 gra-

189 4846 267 4898 tia
303 4850 593 4914 operante,
633 4845 885 4898 salvandi
921 4850 1071 4906 sunt,
1106 4859 1485 4914 quoscumque
1508 4844 1578 4896 ad
1602 4845 1787 4897 Domi-

189 4950 324 4988 num
350 4933 529 4987 Deum
549 4934 907 4987 converteris.
933 4933 1239 4987 Considera
1270 4934 1460 5003 itaque
1482 4934 1631 4986 unde
1664 4950 1786 4987 am-

189 5023 423 5093 pliorem
447 5022 763 5075 mercedem
797 5022 1024 5085 habeas,
1054 5028 1246 5075 utrum
1274 5022 1323 5075 si
1352 5022 1595 5092 teipsum
1616 5022 1790 5074 salva-

190 5112 333 5165 veris
391 5112 595 5173 solum,
643 5128 713 5163 an
765 5112 811 5164 si
867 5112 1139 5181 plurimos
1199 5118 1382 5165 tecum
1435 5112 1505 5164 ad
1549 5112 1786 5164 salutem

189 5201 507 5255 adduxeris.
569 5202 725 5254 Tunc
782 5200 979 5253 beatus
1025 5200 1109 5253 vir
1154 5201 1254 5253 Dei
1300 5201 1458 5265 ﬂens,
1509 5201 1631 5253 ait:
1666 5201 1788 5253 Fiat

188 5291 443 5344 voluntas
464 5290 715 5355 Domini;
734 5295 1123 5343 verumtamen
1141 5296 1371 5360 propter
1388 5289 1787 5352 obedientiam,

188 5392 519 5450 quocunque
545 5380 801 5449 jusseris,
838 5395 1088 5449 pergam.

257 5470 389 5523 CAP.
410 5469 506 5523 VI.
533 5498 594 5507 υ-
622 5468 874 5521 Educens
904 5484 1035 5537 ergo
1073 5480 1198 5520 eum
1227 5468 1297 5521 de
1326 5468 1528 5521 cellula
1556 5468 1613 5522 in
1662 5467 1790 5521 civi-

187 5558 560 5617 tatemdllico
608 5556 961 5623 introduxit;
1005 5555 1193 5626 ibique
1242 5573 1343 5626 per
1372 5556 1787 5627 impositionem

188 5663 383 5699 manus
412 5645 712 5717 presbyter
756 5645 1048 5698 ordinatus
1099 5643 1228 5713 (10),
1264 5644 1453 5698 statim
1487 5646 1556 5698 ad
1606 5645 1787 5698 vicum

1872 4576 1975 4629 bus
2007 4592 2135 4627 eum
2168 4574 2327 4644 quasi
2368 4574 2610 4644 lapidem
2634 4574 2933 4643 quemdam
2964 4576 3133 4640 atque
3154 4566 3469 4621 exanimem

1872 4665 2226 4718 ceciderunt:
2262 4670 2317 4716 et
2355 4663 2578 4725 deinde,
2619 4662 2852 4732 pedibus
2900 4663 3021 4730 ejus
3071 4659 3203 4712 fune
3256 4656 3465 4727 ligatis,

1873 4760 2028 4807 extra
2078 4753 2256 4806 vicum
2284 4758 2594 4815 traxerunt,
2638 4752 2919 4821 lapidibus
2947 4750 3281 4813 obruentes;
3319 4762 3472 4799 mor-
3548 4751 3552 4755 '

1869 4850 2143 4912 tuumque
2171 4858 2299 4894 eum
2332 4840 2701 4903 arbitrantes,
2715 4840 3053 4894 seminecem
3100 4838 3469 4909 reliquerunt.

1944 4932 2126 4985 Media
2142 4936 2330 4983 autem
2351 4936 2512 4982 nocte
2534 4929 2589 4982 in
2619 4930 2985 4999 semetipsum
3012 4942 3286 4992 reversus,
3305 4925 3477 4996 cmpit

1874 5023 2006 5074 ﬂere
2034 5018 2542 5079 vehementissime,
2577 5033 2641 5070 ac
2668 5018 2851 5071 dicere
2879 5036 2888 5069 :
2922 5020 2997 5071 Ut
3027 5018 3180 5087 quid,
3210 5016 3467 5075 Domine,

1869 5110 2169 5180 despexisti
2191 5107 2565 5161 humilitatem
2585 5123 2788 5169 meam,
2807 5113 2864 5159 et
2892 5122 3065 5176 quare
3094 5107 3291 5159 faciem
3314 5112 3473 5158 tuam

1871 5200 2075 5252 avertis
2105 5216 2139 5251 a
2167 5198 2295 5251 me?
2324 5203 2381 5250 et
2401 5213 2499 5250 cur
2528 5196 2751 5265 repellis
2780 5196 3027 5248 animam
3059 5210 3262 5259 meam,
3298 5197 3355 5245 et
3378 5191 3472 5245 de-

1873 5288 2122 5358 spexisti,
2151 5287 2407 5352 Domine,
2431 5298 2601 5355 opera
2623 5301 2893 5338 manuum
2916 5290 3145 5337 tuarum
3167 5284 3189 5335 7
3213 5283 3279 5335 Et
3300 5294 3466 5343 nunc,

1873 5378 2127 5442 Domine,
2158 5377 2369 5447 respice
2401 5390 2570 5445 super
2599 5390 2819 5427 servum
2851 5377 3031 5439 tuum,
3066 5381 3121 5427 et
3150 5366 3350 5425 exaudi
3381 5371 3476 5423 de-

1872 5467 2251 5537 precationem
2284 5482 2488 5529 meam,
2522 5471 2579 5517 et
2602 5462 2900 5516 corrobora
2922 5480 3044 5525 me;
3084 5466 3259 5527 I41
3295 5466 3351 5513 et
3380 5460 3474 5512 ab-

1871 5558 2019 5609 solve
2050 5573 2239 5609 servos
2263 5562 2389 5609 tuos
2432 5573 2465 5608 ιι
2495 5553 2727 5607 vinculis
2755 5551 2982 5618 diaboli,
3016 5558 3072 5605 et
3102 5560 3307 5622 praesta
3322 5550 3476 5604 eisut

1872 5652 2210 5714 cognoscant
2242 5654 2297 5699 te
2329 5646 2593 5716 quoniam
2622 5650 2685 5697 tu
2718 5662 2775 5696 es
2805 5643 2976 5705 solus,
2999 5648 3055 5695 et
3067 5648 3271 5713 praeter
3290 5647 3473 5695 tenon
