3912 6404
489 301 597 359 287

1497 312 1590 368 DE
1626 312 1816 369 VITIS
1853 313 2149 371 PATRUM
2183 314 2397 371 LIBER
2432 314 2720 370 PRIMUS.

3650 307 3740 367 288

494 438 583 489 est
597 433 741 491 alius
760 437 925 490 Deus.
946 435 1156 490 Deinde
1173 451 1513 507 consurgens
1529 439 1598 492 ab
1619 441 1890 506 oratione,
1914 442 2086 495 intra-
2102 444 2149 502 Α
2167 443 2468 496 admodum
2499 439 2796 494 denuntias
2830 437 2990 492 nobis
3035 443 3092 491 et
3119 436 3304 498 doces,
3353 435 3434 489 ita
3480 434 3739 489 credimus

493 521 575 578 vit
593 525 652 578 in
677 526 886 591 vicum;
921 528 1316 596 ingressusque
1349 528 1660 592 ecclesiam,
1693 530 1930 583 Domino
1947 532 2088 600 psal-

494 628 617 668 mos
640 614 890 668 cancbat.
913 615 1131 668 Rursus
1150 621 1338 668 autem
1355 615 1498 669 facto
1521 617 1783 680 diluculo,
1801 619 2086 673 venientes

493 703 754 756 viderunt
772 719 917 756 eum.
937 703 1006 756 Et
1029 704 1320 772 stupefacti
1341 715 1509 774 atque
1529 705 1586 758 in
1614 706 1888 760 insaniam
1921 707 2080 768 versi,

493 791 652 844 nulla
669 791 938 845 habentes
958 791 1168 845 viscera
1183 793 1593 856 misericordiae,
1619 795 1906 848 acerrimis
1925 797 2085 850 illum

491 881 789 934 tormentis
812 880 1225 950 crudeliterque
1245 882 1576 949 conﬁciunt;
1601 890 1657 936 et
1672 885 1835 938 solito
1864 884 2088 938 funibus

492 968 808 1038 alligatum,
835 975 992 1022 extra
1017 970 1197 1022 vicum
1221 976 1530 1024 traxerunt.

566 1060 697 1112 CAP.
731 1059 826 1112 VI.
862 1089 927 1098 —
955 1059 1085 1112 Hmc
1112 1065 1300 1112 autem
1321 1076 1448 1112 cum
1477 1077 1577 1130 per
1601 1061 1907 1116 triennium
1929 1069 2088 1133 pate-

492 1153 669 1211 retur,
703 1148 862 1218 quasi
891 1164 1053 1200 verus
1079 1148 1309 1201 adamas
1325 1149 1692 1203 tolerabiliter
1707 1151 2046 1220 perdurabat
2071 1172 2083 1219 ;

491 1253 593 1292 nec
608 1236 983 1306 tottantisque
994 1237 1424 1291 insectationum
1436 1237 1891 1293 tribulationibus
1901 1241 2083 1308 cessit;

493 1325 590 1378 sed
619 1343 746 1379 cum
777 1325 1102 1391 caederetur,
1135 1343 1262 1379 cum
1294 1327 1633 1386 traheretur,
1675 1345 1800 1381 cum
1832 1347 2088 1399 persecu-

491 1415 676 1468 tiones
705 1419 1010 1484 pateretur,
1043 1431 1167 1468 cum
1189 1415 1553 1486 lapidaretur,
1585 1433 1711 1470 cum
1742 1418 1888 1471 fame
1918 1431 1976 1472 et
1993 1419 2085 1472 siti

489 1502 796 1569 laboraret,
839 1503 896 1557 in
927 1503 1186 1557 omnibus
1215 1504 1301 1558 his
1330 1521 1452 1574 quae
1481 1505 1531 1558 ei
1571 1507 1908 1571 acciderant,
1940 1524 2086 1561 nun-

494 1608 664 1662 quam
692 1593 763 1646 ad
789 1593 1132 1646 iracundiam
1173 1599 1523 1664 provocatus,
1555 1611 1844 1666 nunquam
1891 1597 1960 1650 ad
1999 1597 2086 1650 in-

494 1681 878 1750 dignationem
889 1688 1201 1735 commotus
1215 1688 1610 1753 est;nunquam
1626 1685 2088 1754 pusillanimitate

2169 538 2226 584 ct
2239 532 2522 584 faciemus.
2542 531 2610 584 Et
2629 529 2918 583 confestim
2934 532 3159 580 sanctus
3172 525 3455 579 Abraham
3467 540 3739 577 assumens

2170 637 2389 672 sacrum
2421 619 2719 689 baptisma,
2754 616 3052 686 baptizavit
3081 631 3176 666 eos
3209 614 3264 666 in
3297 613 3522 666 nomine
3554 613 3735 677 Patris,

2170 715 2226 762 et
2255 709 2399 765 Filii,
2432 715 2489 761 et
2510 707 2750 778 Spiritus
2768 705 2964 767 sancti,
2983 723 3016 757 a
3041 703 3274 757 minimo
3300 719 3477 772 usque
3502 702 3568 754 ad
3591 703 3740 755 maxi-

2168 814 2343 851 mum.
2382 798 2555 850 Erant
2573 803 2761 850 autem
2785 812 2961 864 usque
2991 793 3060 846 ad
3093 793 3244 845 mille
3273 791 3510 845 animas.
3548 790 3740 844 Deinde

2169 904 2269 958 per
2297 887 2546 954 singulos
2575 886 2695 939 dies
2717 884 2933 938 divinas
2958 882 3274 952 Scripturas
3303 881 3382 934 eis
3403 879 3640 946 legebat,
3652 881 3739 932 do-

2168 976 2330 1030 cebat
2352 992 2446 1028 eos
2477 976 2545 1028 de
2577 991 2749 1042 regno
2772 973 2891 1037 Dei,
2925 973 2993 1026 de
3023 971 3267 1042 paradisi
3305 970 3537 1032 deliciis,
3565 970 3630 1023 de
3653 987 3739 1039 ge-

2169 1066 2370 1118 hennae
2395 1063 2701 1134 suppliciis,
2733 1063 2801 1116 de
2825 1059 3066 1131 justitia,
3100 1060 3169 1113 de
3210 1059 3319 1112 ﬁde
3364 1065 3421 1112 et
3467 1059 3736 1112 charitate.

2171 1154 2256 1207 Illi
2286 1170 2433 1216 vero,
2468 1153 2610 1205 sicut
2631 1151 2776 1204 bona
2800 1157 2952 1204 terra
2975 1148 3208 1220 percipit
3227 1164 3418 1201 semen
3451 1147 3671 1208 bonum,
3693 1155 3742 1200 et

2171 1244 2330 1295 affert
2358 1243 2620 1304 fructum,
2661 1240 2812 1293 aliud
2857 1238 3243 1302 centesimum,
3291 1236 3444 1290 aliud
3483 1236 3742 1305 sexagesi-

2170 1330 2510 1396 mum,aliud
2537 1329 2887 1397 trigesimum
2917 1329 3135 1399 (Matth.
3171 1338 3299 1394 x11);
3332 1326 3412 1379 ita
3439 1324 3604 1378 verba
3633 1326 3738 1393 ejus

2169 1420 2536 1474 libentissime
2566 1419 2878 1478 audientes,
2901 1415 3148 1487 atquein
3177 1416 3378 1470 timore
3399 1414 3617 1468 Domini
3634 1431 3741 1484 pro-

2170 1509 2438 1571 ﬁcientes,
2455 1504 3346 1576 fructuslargissimosafl‘erebant
3383 1504 3447 1558 In
3465 1509 3740 1573 conspectu

2169 1604 2358 1652 autem
2387 1614 2581 1650 eorum
2616 1596 2774 1666 quasi
2800 1595 3031 1664 angelus
3055 1594 3156 1647 Dei
3181 1592 3494 1656 videbatur,
3527 1598 3584 1645 et
3601 1591 3740 1661 quasi

2171 1687 2424 1757 quzedam
2459 1686 2676 1739 mdiﬁcii
2707 1685 2964 1753 ligatura.
2991 1683 3081 1737 Sic
3121 1682 3269 1736 enim
3295 1681 3541 1734 Charitas
3569 1697 3740 1733 eorum

493 1768 782 1834 distabuit,
817 1787 1102 1841 nunquam
1141 1772 1305 1825 taedio
1352 1772 1618 1841 fatigatus
1659 1779 1780 1840 est;
1821 1775 1918 1827 sed
1957 1791 2085 1828 cum
2105 1760 2148 1818 Β
2172 1776 2319 1828 circa
2349 1775 2530 1846 ipsum
2551 1780 2673 1827 erat
2693 1790 2793 1844 per
2813 1773 3123 1826 doctrinam
3145 1769 3738 1832 sermonisdulcissimi,

494 1874 692 1928 aspera
722 1859 908 1912 omnia
929 1865 1232 1930 pateretur,
1260 1861 1444 1928 magis
1476 1877 1540 1913 ac
1570 1863 1748 1930 magis
1775 1879 1934 1916 amor
1965 1865 2087 1932 ejus

495 1946 554 2000 in
573 1963 668 2000 eos
689 1953 745 2001 et
763 1949 1006 2003 Charitas
1023 1949 1352 2017 augebatur.
1370 1951 1532 2003 Modo
1550 1951 1904 2014 admonebat,
1924 1953 2088 2006 modo

489 2033 900 2102 blandiebatur,
931 2039 1096 2092 modo
1121 2037 1521 2092 blandimentis
1542 2039 1856 2092 suavissimi
1881 2041 2086 2110 eloquii

489 2123 742 2179 liniebat.
763 2127 832 2179 Et
860 2127 1086 2197 quidem
1115 2127 1383 2191 seniores,
1411 2128 1581 2180 veluti
1603 2134 1788 2197 patres
1818 2129 2082 2197 rogabat;

486 2213 722 2284 juvenes
741 2221 804 2268 ut
830 2215 1051 2280 fratres,
1076 2216 1456 2269 adolescentes
1469 2222 1533 2270 ut
1559 2217 1703 2270 ﬁlios
1727 2237 1740 2282 ;
1767 2235 1894 2272 cum
1929 2236 2088 2272 econ-

489 2303 667 2356 trario
693 2303 764 2356 ab
796 2304 876 2358 eis
897 2304 1356 2370 subsannaretur,
1383 2305 1728 2373 irrideretur,
1749 2312 1917 2377 atque
1935 2307 2085 2360 mille

492 2391 791 2462 opprobria
820 2399 1126 2464 pateretur.

563 2481 694 2534 CAP.
727 2482 849 2536 VII.
885 2513 950 2523 —
973 2483 1227 2547 Quadam
1262 2483 1435 2552 igitur
1463 2483 1553 2536 die
1597 2483 1942 2538 habitatores
1981 2485 2084 2538 vici

491 2568 643 2622 illius
665 2571 1011 2640 congregati,
1031 2572 1318 2641 nimioque
1346 2578 1573 2642 stupore
1594 2573 1864 2626 mirantes
1885 2590 1949 2627 ac
1965 2591 2086 2644 per-

490 2657 694 2721 territi,
727 2659 1045 2712 adinvicem
1065 2661 1444 2730 colloquentes
1469 2679 1480 2713 :
1506 2661 1766 2726 Cernitis,
1802 2661 2080 2732 inquiunt,

492 2749 608 2798 tam
625 2762 886 2815 magnam
902 2748 1229 2818 patientiam
1250 2749 1372 2810 viri,
1396 2756 1450 2802 et
1471 2750 1806 2804 ineffabilem
1823 2751 1970 2804 circa
1985 2769 2085 2805 nos

491 2833 846 2900 charitatem,
879 2837 1158 2907 quomodo
1190 2838 1244 2891 in
1277 2838 1450 2891 tantis
1479 2838 1930 2893 tribulationibus
1947 2857 2085 2910 quas

491 2923 544 2975 ei
572 2923 866 2979 intulimus
895 2943 1249 2997 nequaquam
1266 2944 1330 2980 ex
1363 2927 1465 2981 hoc
1496 2928 1616 2982 loco
1631 2928 1965 2995 discesserit,
1992 2947 2084 2984 ne-

491 3028 600 3082 que
619 3013 784 3068 alicui
804 3021 1058 3070 nostrum
1079 3017 1290 3070 malum
1311 3016 1538 3070 verbum
1555 3017 1774 3071 locutus
1795 3018 1886 3080 sit,
1905 3035 2084 3088 neque

2170 1871 2232 1918 ut
2261 1881 2328 1918 ex
2364 1865 2466 1917 hoc
2486 1865 2663 1918 Deum
2692 1862 2918 1916 credere
2949 1861 3288 1914 viderentur.

2243 1955 2372 2007 Car.
2419 1954 2512 2007 I.\'.
2566 1983 2628 1993 —
2679 1952 2968 2022 Completo
3016 1951 3187 2020 igitur
3239 1967 3405 2012 anno,
3468 1957 3741 2022 postquam

2169 2042 2546 2104 crediderunt,
2562 2041 2644 2094 vir
2663 2041 2859 2094 beatus
2874 2039 3154 2093 Abraham
3174 2055 3283 2092 non
3305 2039 3744 2094 cessabatdiebus

2169 2127 2404 2195 singulis
2429 2126 2655 2180 verbum
2671 2127 2751 2180 eis
2770 2125 2992 2179 Domini
3016 2125 3332 2195 praedicare.
3359 2128 3432 2178 At
3455 2125 3549 2178 ubi
3570 2141 3742 2178 eorum

2169 2216 2416 2268 studium
2448 2216 2588 2269 circa
2613 2216 2790 2269 Deum
2819 2215 3096 2284 ﬁdemque
3117 2213 3497 2268 ﬁrmissimam
3520 2215 3669 2279 vidit,
3697 2221 3744 2268 et

2169 2305 2316 2375 quod
2347 2321 2481 2374 erga
2514 2322 2640 2358 eum
2669 2304 2844 2357 nimia
2864 2309 3052 2357 essent
3097 2303 3372 2357 charitate
3404 2303 3653 2366 connexi,
3695 2309 3742 2356 et

2169 2395 2436 2447 honorem
2460 2393 2563 2446 sibi
2581 2393 2888 2446 maximum
2910 2390 3252 2455 exhiberent,
3279 2408 3479 2446 verens
3493 2391 3742 2445 neobten-

2167 2488 2228 2536 tu
2249 2499 2441 2536 eorum
2463 2481 2812 2536 abstinentiae
2834 2498 2947 2534 sum
2965 2481 3215 2548 regulam
3237 2480 3528 2534 destruere
3541 2497 3741 2550 cogere-

2167 2577 2276 2629 tur.
2308 2578 2364 2625 et
2394 2588 2724 2642 quocunque.
2755 2571 2920 2623 modo
2950 2586 3108 2623 mens
3157 2571 3278 2639 ejus
3328 2570 3569 2624 terrenis
3612 2569 3742 2623 curis

2169 2660 2596 2730 astringeretur,
2621 2675 2960 2728 consurgens
2981 2658 3038 2711 in
3060 2659 3243 2711 medio
3262 2659 3463 2723 noctis,
3488 2659 3626 2712 hanc
3637 2675 3742 2711 om-

2169 2750 2376 2804 tionem
2409 2750 2614 2802 fudisse
2643 2749 2820 2802 fertur
2858 2748 2927 2800 ad
2959 2747 3299 2801 Dominum:
3336 2748 3420 2802 Tu
3461 2748 3608 2801 solus
3637 2747 3740 2800 sine

2167 2844 2414 2909 peccato,
2448 2839 2614 2900 Deus,
2645 2837 2761 2908 qui,
2794 2853 2921 2891 cum
2949 2836 3026 2890 sis
3066 2842 3314 2902 sanctus,
3359 2837 3658 2907 requiescis
3693 2835 3740 2888 in

2167 2927 2393 2991 sanctis,
2429 2928 2687 2998 quisolus
2701 2933 2919 2980 amator
2945 2944 3003 2979 es
3032 2926 3321 2978 hominum
3347 2941 3412 2979 ac
3443 2925 3741 2979 misericors

2165 3017 2458 3077 Dominus,
2493 3016 2588 3087 qui
2619 3016 2822 3069 mentis
2841 3016 3030 3068 oculos
3050 3015 3217 3084 hujus
3245 3013 3740 3068 multitudinisillu-

487 3117 717 3156 aversus
742 3109 828 3156 est
843 3121 877 3158 a
891 3104 1072 3169 nobis,
1093 3106 1188 3158 sed
1211 3123 1334 3159 cum
1355 3107 1560 3176 gaudio
1584 3123 1786 3175 magno
1809 3109 2086 3162 sustinue-
2103 3119 2145 3176 ρ
2165 3106 2414 3172 minasti,
2433 3106 2529 3175 qui
2557 3122 2652 3159 eos
2673 3105 2742 3158 ab
2761 3104 3066 3158 adversarii
3083 3103 3316 3157 vinculis
3333 3102 3633 3165 absolvisti,
3657 3100 3737 3172 qui

488 3191 566 3245 rit
589 3191 867 3247 universa.
893 3194 1052 3248 Unde
1079 3195 1186 3248 nisi
1217 3193 1364 3249 esset
1384 3200 1467 3254 (ut
1488 3196 1704 3264 asserit)
1741 3197 1889 3250 Deus
1919 3214 2082 3251 verus

489 3297 654 3356 quem
687 3283 970 3352 prmdicat,
1004 3288 1062 3337 et
1085 3301 1320 3353 regnum
1361 3290 1418 3339 et
1440 3278 1750 3356 paradisus,
1786 3287 1923 3339 υιιλυ
1950 3302 2083 3356 quo-

489 3385 598 3440 que
614 3371 910 3430 malorum.
935 3389 1046 3427 non
1062 3373 1204 3426 hanc
1221 3373 1641 3428 tribulationem
1659 3381 1946 3445 pateretur
1965 3375 2082 3428 ina-

487 3457 655 3512 niter.
686 3460 829 3514 Illud
875 3461 1046 3514 etiam
1099 3456 1585 3527 considerandum,
1637 3463 1900 3533 quoniam
1947 3463 2081 3516 deos

487 3553 728 3613 nostros,
753 3565 879 3603 cum
909 3556 1058 3604 esset
1075 3551 1246 3615 solus,
1288 3551 1505 3612 evertit.
1553 3557 1611 3603 et
1655 3551 1712 3604 in
1760 3552 1913 3605 nullo
1953 3569 2079 3605 cum

486 3633 689 3689 laedere
716 3639 1033 3692 valuerunt.
1055 3639 1198 3692 Vere.
1230 3657 1422 3693 servus
1454 3639 1553 3692 Dei
1583 3645 1664 3692 est
1707 3640 1738 3691 Ιι
1758 3657 1871 3692 uno
1893 3639 2000 3700 hic,
2026 3646 2084 3692 et

487 3732 689 3779 cuncta
714 3743 845 3780 vera
873 3733 1006 3781 sunt
1034 3745 1156 3798 quae
1187 3728 1256 3781 de
1286 3745 1352 3782 eo
1377 3730 1526 3782 fama
1549 3728 1831 3798 dispersit.
1883 3729 2081 3782 Venite

485 3811 694 3884 itaque,
720 3816 1013 3869 credamus
1046 3816 1104 3869 in
1142 3816 1318 3870 Deum
1349 3833 1514 3887 quem
1545 3816 1826 3886 praedicat.
1856 3815 1930 3869 Et
1965 3817 2080 3869 hzec

484 3901 634 3956 inter
660 3919 719 3956 se
747 3905 1148 3974 colloquentes,
1199 3905 1408 3975 pariter
1437 3922 1636 3959 omnes
1687 3905 1744 3958 in
1790 3905 2078 3958 ecclesiam

484 3997 746 4062 pergunt,
779 3993 1086 4047 clamantes
1117 3999 1285 4064 atque
1305 3994 1580 4047 dicentes:
1615 3994 1807 4046 Gloria
1830 3994 1945 4047 Deo
1967 4011 2077 4046 cm-

485 4080 634 4145 lesti,
665 4081 760 4150 qui
793 4081 948 4134 misit
975 4082 1246 4136 famulum
1269 4099 1452 4147 suum,
1476 4088 1540 4136 ut
1559 4099 1661 4135 nos
1680 4082 1749 4135 ab
1766 4099 1953 4136 errore
1976 4083 2080 4136 sal-

485 4174 661 4221 varet.

558 4258 689 4310 CAP.
725 4257 874 4310 VIII.
909 4288 969 4298 —
993 4259 1148 4333 Tunc
1168 4258 1366 4312 beatus
1397 4261 1562 4313 homo
1585 4260 1689 4314 Dei
1716 4261 1830 4313 haec
1859 4260 2071 4325 videns,

485 4345 682 4401 laetitia
707 4345 923 4415 ingenti
953 4347 1198 4418 repletus
1227 4354 1330 4413 est,
1357 4355 1413 4402 et
1440 4348 1606 4402 facies
1635 4351 1756 4420 ejus
1786 4351 1945 4420 quasi
1982 4366 2074 4403 ros

2164 3195 2475 3265 implicatos
2495 3212 2590 3247 eos
2620 3194 2689 3248 ab
2710 3194 3136 3247 simulacrorum
3167 3191 3453 3246 erroribus
3484 3190 3738 3246 converti-

2164 3284 2256 3348 sti,
2275 3289 2330 3337 et
2347 3291 2455 3338 tum
2477 3283 2810 3353 cognitionis
2830 3283 2908 3336 eis
2929 3282 3218 3336 scientiam
3237 3281 3518 3346 tribuisti;
3547 3297 3732 3352 quaeso.

2165 3374 2419 3434 Domine,
2443 3385 2507 3427 ut
2524 3389 2701 3442 usque.
2730 3372 2786 3425 in
2817 3375 2983 3425 finem
3007 3387 3203 3438 regere
3225 3387 3319 3423 eos
3349 3375 3406 3424 et
3429 3385 3738 3424 conservare

2164 3462 2428 3530 digneris,
2465 3468 2522 3515 et
2534 3461 2802 3516 auxilium
2822 3467 2982 3514 tuum
3004 3461 3160 3529 gregi
3183 3460 3312 3514 huic
3341 3460 3574 3530 optimo,
3590 3473 3735 3530 quem

2165 3552 2446 3622 possidere
2459 3551 3030 3621 voluisti.perpetuum
3043 3550 3441 3620 capiosumque
3454 3550 3738 3602 clementer

2164 3641 2452 3710 impertias
2476 3658 2487 3705 ;
2523 3646 2578 3692 et
2605 3640 2761 3710 quasi
2787 3656 2945 3692 muro
2975 3637 3314 3691 validissimo
3343 3655 3439 3690 eos
3458 3638 3640 3707 gratia
3658 3635 3738 3687 bo-

2164 3729 2357 3783 nitatis
2387 3735 2494 3785 tuae
2531 3728 2858 3790 circumdes,
2891 3733 2946 3781 et
2965 3745 3059 3780 cor
3079 3744 3271 3780 eorum
3302 3744 3527 3797 semper
3555 3724 3738 3780 illumi-

2163 3835 2280 3880 nes,
2307 3825 2370 3872 ut
2399 3835 2464 3871 ea
2494 3835 2616 3888 quae
2644 3823 2776 3871 sunt
2808 3816 2910 3870 tibi
2951 3821 3128 3882 I48
3155 3815 3355 3886 placita
3379 3815 3734 3886 perﬁcientes,

2161 3914 2426 3961 aeternam
2453 3907 2621 3960 vitam
2653 3907 2935 3977 percipere
2964 3911 3322 3964 mereantur;
3364 3904 3506 3958 mihi
3534 3917 3736 3974 quoque

2161 3996 2544 4049 inﬁrmissimo
2565 3995 2966 4049 adminiculum
2987 3993 3223 4054 tribuas,
3246 4010 3427 4064 neque
3448 4001 3667 4064 reputes
3686 3990 3733 4042 in

2163 4091 2450 4154 peccatum
2481 4085 2628 4155 quod
2662 4083 2732 4137 ab
2759 4083 2838 4136 eis
2867 4083 3066 4136 festino
3113 4083 3418 4135 discedere.
3468 4083 3552 4136 Tu
3600 4079 3731 4134 enim

2161 4175 2326 4240 nosti,
2361 4174 2747 4227 universorum
2778 4172 3048 4240 cognitor,
3085 4171 3230 4240 quod
3280 4178 3337 4224 te
3381 4171 3562 4224 solum
3606 4167 3734 4221 desi-

2159 4263 2311 4327 dero,
2341 4269 2398 4316 et
2417 4269 2472 4316 te
2503 4262 2638 4316 mihi
2671 4262 2970 4316 Dominum
3000 4278 3120 4314 esse
3151 4276 3440 4329 cognosco.
3475 4262 3732 4315 Consum-

2164 4358 2426 4422 mataque
2443 4353 2692 4404 oratione
2712 4351 3018 4415 discedens,
3033 4349 3200 4402 tertio
3215 4349 3564 4418 consignavit
3577 4347 3734 4400 vicum

485 4434 798 4489 matutinus
826 4441 1044 4490 mutata
1071 4442 1174 4490 est.
1203 4437 1586 4508 Aperiensque
1606 4455 1667 4492 os
1692 4455 1876 4503 suum,
1910 4439 1992 4492 ait
2010 4439 2080 4492 ad
2100 4433 2370 4494 DChristi
2395 4440 2712 4508 signaculo;
2737 4439 2983 4508 abiitque
3013 4438 3254 4490 latenter
3281 4437 3339 4490 in
3362 4437 3535 4491 alium
3547 4437 3732 4489 locum.

485 4540 611 4578 eos:
646 4525 842 4579 Patres
865 4525 995 4590 mei,
1027 4525 1228 4579 fratres
1258 4542 1321 4579 ac
1350 4526 1468 4584 ﬁlii.
1506 4527 1707 4591 venite,
1731 4528 1928 4581 demus
1951 4528 2075 4596 glo-

483 4613 628 4667 riam
655 4615 790 4679 Deo,
823 4614 918 4685 qui
947 4615 1266 4669 illuminare
1287 4616 1550 4684 dignatus
1569 4623 1652 4670 est
1671 4617 1859 4671 oculos
1870 4618 2075 4670 mentis

482 4707 698 4767 vestrae,
717 4710 782 4758 ut
795 4721 923 4758 eum
941 4705 1162 4776 possitis
1183 4722 1484 4775 agnoscere
1501 4725 1512 4764 ;
1532 4712 1588 4759 et
1607 4707 1874 4778 percipite
1895 4707 2080 4775 signa-

485 4791 674 4845 culum
695 4792 824 4846 vitae
842 4799 907 4847 ut
916 4794 1288 4864 puriﬁcemini
1315 4793 1385 4848 ab
1408 4794 2072 4848 immunditiaidolorum:

487 4885 544 4934 et
571 4881 781 4935 credite
811 4899 875 4936 ex
905 4887 1022 4936 toto
1049 4884 1214 4936 corde
1262 4888 1317 4937 et
1362 4884 1570 4949 animo,
1613 4884 1763 4954 quod
1809 4900 1956 4936 unus
2004 4883 2080 4936 sit

484 4969 636 5023 Deus
663 4970 785 5023 coeli
815 4976 873 5024 et
899 4976 1061 5024 terra:
1089 4977 1144 5024 et
1173 4973 1422 5026 omnium
1446 4989 1567 5043 quae
1597 4973 1653 5026 in
1683 4973 1764 5026 eis
1792 4979 1941 5034 sunt,
1958 4971 2077 5024 sine

483 5057 667 5125 initio,
701 5059 1091 5113 inenarrabilis
1117 5066 1174 5114 et
1201 5061 1792 5134 incomprehensibilis.
1815 5061 1978 5114 dator
1995 5060 2078 5113 lu-

484 5148 672 5214 minis,
703 5153 762 5202 et
785 5155 1006 5202 amator
1027 5166 1091 5202 ac
1129 5150 1450 5221 redemptor
1469 5149 1781 5213 hominum,
1812 5148 2076 5202 terribilis

483 5253 549 5291 ac
568 5237 786 5304 suavis;
819 5244 876 5292 et
903 5238 959 5292 in
991 5239 1194 5294 Filium
1227 5241 1349 5309 ejus
1370 5239 1744 5308 unigenitum,
1763 5237 1856 5308 qui
1881 5242 1969 5290 est
1993 5255 2078 5290 sa-

482 5326 697 5396 pientia
722 5328 870 5398 ejus;
906 5333 962 5382 et
989 5328 1046 5381 in
1079 5329 1347 5398 Spiritum
1380 5333 1657 5386 sanctum,
1703 5327 1798 5396 qui
1840 5326 2078 5380 viviﬁeat

483 5415 692 5481 omnia,
727 5421 792 5470 ut
815 5417 1066 5470 ccelestes
1097 5433 1163 5470 ex
1185 5416 1425 5469 terrenis
1457 5415 1656 5478 effecti,
1691 5417 1860 5469 vitam
1909 5416 2076 5468 coele-

483 5507 627 5557 stem
647 5504 870 5574 possitis
889 5505 1138 5576 adipisci.
1164 5505 1585 5574 Respondentes
1601 5509 1789 5558 autem
1810 5505 2074 5570 universi,

485 5589 770 5647 dixerunt:
797 5593 882 5648 Ita
897 5600 1058 5663 pater
1069 5598 1274 5657 noster,
1290 5592 1372 5646 ita
1391 5593 1500 5647 dux
1514 5593 1872 5658 vitzenostrae,
1888 5611 2079 5664 quem-

2158 4535 2215 4583 et
2243 4528 2442 4599 quibus
2480 4529 2664 4600 potuit
2679 4526 2907 4581 latebris
2935 4526 3250 4580 occultavit.

2231 4618 2360 4671 CAP.
2394 4618 2460 4671 X.
2499 4648 2562 4657 —
2594 4618 2756 4670 Mane
2783 4621 2973 4669 autem
3003 4615 3166 4669 solito
3197 4631 3350 4668 more
3377 4613 3446 4668 ad
3460 4612 3734 4668 ecclesiam

2159 4706 2336 4760 turbae
2351 4706 2706 4760 conveniunt.
2725 4706 2979 4774 Cumque
2991 4721 3118 4758 eum
3135 4704 3366 4758 minime
3389 4703 3733 4774 reperissent.

2161 4795 2404 4849 maxime
2431 4801 2657 4866 stupore
2703 4794 2973 4864 percussi,
3022 4800 3079 4848 et
3123 4793 3280 4864 quasi
3312 4800 3564 4846 errantes
3602 4805 3734 4851 oves,

2159 4884 2390 4938 diversis
2421 4884 2553 4938 locis
2579 4890 2860 4954 pastorem
2884 4882 3173 4953 preprium
3204 4882 3619 4952 perquirebant,
3653 4893 3737 4931 no-

2159 4989 2399 5042 menque
2424 4972 2706 5026 ululantes
2727 4971 3129 5041 cumlacrymis
3147 4970 3471 5024 inclamant.
3501 4971 3636 5023 Cum
3652 4981 3738 5019 au-

2160 5067 2274 5114 tem
2307 5061 2623 5114 diutissime
2649 5059 3023 5132 perquirendo
3053 5077 3182 5113 eum
3213 5059 3462 5112 invenire
3492 5074 3601 5112 non
3630 5072 3739 5126 pos-

2159 5155 2303 5213 sent,
2329 5150 2503 5203 nimio
2541 5166 2780 5203 mmrore
2809 5149 3030 5217 dejecti,
3065 5148 3376 5212 confestim,
3407 5147 3552 5218 quod
3579 5146 3739 5198 eisac-

2159 5239 2391 5300 ciderat,
2425 5245 2720 5309 pergentes
2747 5238 3005 5308 episc0po
3035 5237 3452 5291 nuntiaverunt.
3487 5235 3596 5300 Qui
3625 5246 3738 5286 cum

2160 5327 2264 5380 hoc
2279 5328 2612 5396 agnovisset,
2629 5327 2745 5398 ipse
2759 5344 2980 5397 quoque
2998 5327 3300 5379 admodum
3314 5325 3491 5378 tristis
3505 5326 3736 5378 effectus.

2159 5417 2350 5469 statim
2372 5416 2644 5486 plurimos
2665 5417 2734 5469 ad
2761 5416 3158 5486 requirendum
3176 5415 3276 5469 Dei
3299 5415 3577 5468 hominem
3590 5407 3740 5464 desti-

2160 5506 2332 5570 navit,
2363 5505 2602 5559 maxime
2623 5505 2692 5559 ob
2711 5505 3146 5560 consolationem
3168 5504 3355 5574 gregis
3375 5505 3516 5573 ejus,
3531 5519 3594 5554 eo
3606 5495 3737 5570 quod

2161 5601 2418 5648 cerneret
2441 5611 2535 5646 eos
2567 5595 2826 5648 ﬂebiliter
2845 5593 3180 5648 contristari.
3218 5594 3470 5663 Cumque
3513 5591 3580 5644 ab
3627 5601 3736 5640 om-
