3912 6400
178 383 287 444 289
1218 383 1388 438 vna
1425 384 1683 441 SANCTI
1719 382 2036 438 ABRAHjE
2073 380 2430 438 EREMITAE.
3355 389 3462 448 290

175 511 345 565 nibus
373 516 647 582 tanquam
689 509 832 580 lapis
858 507 1298 580 pretiosissimus
1325 517 1690 581 quaereretur,
1723 509 1998 576 etAmei,
2034 509 2297 564 festinate
2343 509 2620 575 celeriter,
2670 515 2841 582 atque
2881 512 3250 580 introeuntes,
3285 515 3458 572 vitam

173 617 409 671 prorsus
431 599 671 654 inveniri
698 614 810 652 non
834 603 1041 668 posset,
1059 597 1250 652 habito
1279 599 1510 654 consilio
1533 617 1660 654 cum
1673 601 1779 654 cle-
1859 601 1983 669 ejus
2009 599 2282 654 violenter
2309 599 2529 670 eripite.
2554 599 2652 653 Ait
2681 606 2870 655 autem
2892 608 3089 657 contra
3103 621 3232 659 eum
3259 603 3459 661 beatus

171 689 305 742 ricis
333 689 468 754 suis,
493 687 789 758 episcopus
820 692 1195 740 memoratum
1222 687 1407 740 vicum
1438 688 1772 758 ingreditur.

169 777 466 848 Cmpitque
496 776 567 830 ad
597 793 692 829 eos
704 774 1137 828 consolatorium
1155 775 1403 845 proferre
1435 793 1771 844 sermonem,

167 871 226 919 et
245 867 499 920 dolorem
518 865 846 928 maximum,
863 863 1030 934 quem
1053 864 1124 917 de
1139 864 1388 919 discessu
1407 867 1651 920 hominis
1676 869 1772 922 Dei

163 961 560 1026 conceperant,
607 953 813 1007 blanda
859 953 1252 1024 praedicatione
1296 955 1490 1008 lenire.
1524 957 1772 1011 Cernens

162 1051 358 1098 autem
384 1046 442 1098 in
487 1045 597 1098 ﬁde.
633 1043 840 1097 Christi
875 1059 970 1097 eos
1003 1043 1376 1108 firmissimos,
1401 1045 1571 1114 elegit
1599 1063 1664 1098 ex
1689 1047 1769 1100 eis

158 1134 314 1188 viros
341 1132 676 1206 probabiles,
698 1149 838 1204 quos
856 1132 1210 1204 presbyteros
1233 1149 1295 1186 ac
1316 1133 1580 1187 diaconos
1605 1135 1772 1189 lecto-

158 1239 370 1292 resque
400 1221 712 1276 constituit.
758 1221 1007 1275 Audiens
1055 1237 1185 1274 vero
1233 1221 1334 1274 hoc
1383 1222 1770 1277 sanctissimus

155 1311 468 1374 Abraham,
523 1311 886 1366 vehementer
923 1309 1148 1380 gavisus
1185 1315 1314 1377 est;
1361 1317 1418 1364 et
1450 1311 1771 1380 glorificans

155 1401 363 1467 Deum,
418 1401 554 1454 dixit
587 1418 598 1452 :
635 1399 779 1464 Quid
818 1397 1124 1452 retribuam
1175 1398 1297 1463 tibi,
1351 1399 1592 1453 Domine
1621 1402 1770 1456 Deus

153 1507 342 1551 meus,
368 1489 766 1560 benignissime
807 1488 992 1554 Pater,
1038 1495 1207 1558 atque
1234 1493 1454 1542 amator
1476 1489 1768 1543 hominum

153 1579 510 1643 suavissime,
531 1595 630 1649 pro
657 1577 917 1630 omnibus
953 1593 1077 1646 qua:
1102 1575 1412 1630 retribuisti
1435 1577 1573 1630 mihi
1591 1579 1620 1630 ?
1650 1579 1760 1632 H0-

150 1667 394 1720 norilico
426 1673 483 1720 et
495 1665 745 1736 gloriﬁco
766 1665 1242 1736 dispensationem
1262 1672 1437 1719 tuam.
1461 1666 1619 1720 Tunc
1637 1683 1766 1720 con-

1856 687 2164 743 Abraham:
2195 690 2402 743 Omnes
2429 695 2626 758 gentes
2658 689 3151 748 circumdederunt
3180 711 3288 762 me,
3310 701 3367 749 et
3397 696 3458 750 in

1857 777 2085 831 nomine
2105 777 2329 831 Domini
2351 777 2678 832 vindicabor
2694 778 2752 832 in
2775 779 2854 833 eis
2870 779 3039 846 (Psal.
3061 787 3246 850 cxvn).
3268 784 3456 838 Atille

1856 866 2112 936 protinus
2150 884 2277 920 cum
2315 867 2460 920 hanc
2489 884 2678 920 vocem
2725 869 2992 933 audisset,
3037 873 3280 939 evanuit,
3315 873 3457 928 cella

1853 961 2044 1008 autem
2071 955 2220 1008 beati
2246 955 2350 1008 viri
2375 955 2597 1026 integra
2624 962 2792 1027 atque
2822 957 2998 1012 illaesa
3017 961 3341 1030 permansit.

1925 1044 2054 1097 CAP.
2089 1045 2233 1098 XIV.
2267 1071 2329 1082 ο·-
2367 1046 2506 1098 Item
2541 1049 2668 1115 post
2697 1063 2904 1116 paucos
2950 1048 3068 1102 dies
3097 1066 3224 1104 cum
3267 1052 3456 1106 media

1854 1138 2016 1186 nocte
2046 1134 2328 1204 psalleret,
2361 1134 2668 1204 psiathium
2697 1153 2884 1202 suum,
2933 1154 3103 1208 super
3131 1141 3280 1209 quod
3315 1157 3449 1194 con-

1853 1221 2105 1288 sistebat,
2138 1223 2307 1292 cmpit
2333 1223 2636 1277 vehemens
2665 1225 2894 1278 ﬂamma
2925 1227 3272 1282 comburere.
3296 1229 3451 1284 Tunc

1853 1308 1948 1361 ille
1985 1309 2297 1380 intrepidus
2337 1309 2523 1380 ignem
2563 1312 2916 1377 conculcans,
2977 1312 3232 1368 dicebat.
3271 1316 3452 1386 Super

1852 1397 2104 1468 aspidem
2135 1405 2191 1452 et
2211 1399 2467 1469 regulum
2490 1399 2808 1465 ambulabo,
2833 1401 3053 1455 leonem
3075 1408 3132 1456 et
3151 1403 3452 1458 draconem

1851 1486 2186 1540 conculcabo
2221 1490 2384 1556 (Psat.
2416 1491 2541 1558 xc);
2573 1493 2628 1542 et
2659 1505 2884 1542 omnem
2914 1489 3181 1544 virtutem
3205 1491 3446 1560 inimici,

1847 1573 1908 1626 in
1929 1576 2155 1629 nomine
2171 1576 2394 1630 Domini
2413 1576 2522 1630 mei
2543 1577 2570 1631 J
2577 1593 2675 1630 esu
2697 1577 2928 1644 Christi,
2953 1579 3050 1649 qui
3080 1581 3220 1634 mihi
3241 1581 3452 1651 przebet

1847 1663 2138 1730 auxilium,
2157 1665 2454 1736 superabo.
2472 1665 2783 1736 Ditl‘ugiens
2811 1667 3004 1738 itaque
3034 1670 3292 1735 Satanas,
3315 1688 3448 1726 voce

149 1755 318 1810 tinuo
343 1755 416 1810 ad
453 1755 749 1827 pristinam
780 1755 1037 1808 cellulam
1076 1755 1394 1811 revertitur.
1417 1755 1573 1808 Fecit
1592 1755 1766 1824 igitur
1847 1767 2053 1821 magna
2083 1753 2494 1823 proclamabat:
2528 1754 2643 1824 Ego
2674 1761 2749 1821 te,
2774 1755 3054 1826 inquiens,
3088 1758 3238 1811 mala
3265 1766 3448 1815 morte

148 1846 397 1900 alteram
426 1845 771 1900 extrinsecus
792 1844 1072 1910 cellulam,
1093 1849 1150 1898 et
1174 1844 1539 1914 semetipsum
1561 1861 1767 1913 magna
1783 1831 1829 1890 Β
1846 1840 2157 1908 devincam,
2189 1842 2584 1914 inveniamque
2611 1849 2780 1909 artes,
2807 1843 3009 1914 quibus
3051 1852 3107 1900 te
3136 1854 3449 1918 conteram,

147 1952 280 1990 cum
302 1935 500 1990 laetitia
513 1935 570 1988 in
590 1933 858 1988 interiore
877 1932 1166 1987 conclusit.
1187 1932 1233 1988 Ο
1265 1933 1617 1998 miraculum,
1641 1935 1766 1988 cha.

147 2024 385 2090 rissimi,
418 2023 678 2078 laudibus
707 2023 937 2094 plenum
967 2028 1025 2076 et
1050 2023 1242 2092 gloriae
1277 2023 1664 2094 sempiternae!
1699 2025 1762 2078 In

146 2115 324 2168 tantis
370 2130 612 2184 namque
669 2111 1088 2177 afﬂictionibus,
1134 2129 1274 2182 quas
1321 2112 1380 2165 in
1425 2130 1570 2184 saepe
1611 2113 1759 2167 dicto

146 2203 265 2257 vico
295 2219 594 2274 perpessus
625 2213 729 2267 est,
763 2218 1051 2272 nunquam
1081 2201 1432 2255 abstinentia:
1458 2219 1573 2256 sua:
1599 2219 1761 2270 regu-

143 2294 259 2346 lam
289 2293 476 2363 fregit,
511 2308 692 2362 neque
734 2291 793 2344 in
827 2291 1113 2344 dexteram
1143 2291 1226 2344 vel
1265 2291 1549 2345 sinistram
1591 2292 1662 2345 ab
1693 2309 1760 2345 ea

143 2382 394 2436 divertit.
428 2381 619 2436 Gloria
649 2387 706 2434 et
743 2379 1160 2450 magnificentia
1189 2379 1324 2445 Deo,
1374 2381 1471 2451 qui
1501 2381 1554 2434 ei
1582 2381 1753 2434 talem

142 2471 504 2526 tolerantiam
551 2469 766 2534 tribuit,
799 2486 908 2539 qua
947 2475 1005 2524 et
1039 2469 1176 2523 alios
1204 2468 1382 2540 possit
1409 2476 1750 2536 convertere,

141 2567 200 2614 et
229 2563 318 2614 sui
348 2558 619 2631 propositi
649 2559 888 2628 gratiam
919 2557 1219 2614 custodire.

214 2650 348 2703 CAP.
381 2649 477 2702 XI.
527 2680 590 2691 —
631 2649 879 2707 Cernens
929 2652 1116 2700 autem
1175 2646 1444 2711 diabolus,
1478 2646 1751 2702 bonorum

139 2739 434 2792 hominum
449 2737 703 2802 aemulus,
722 2737 869 2808 quod
889 2742 1074 2814 tantas
1097 2737 1153 2790 in
1172 2753 1302 2790 eum
1319 2736 1748 2791 tribulationum

138 2828 432 2882 molestias
461 2827 726 2892 excitans,
775 2843 886 2880 non
928 2825 987 2879 in
1031 2825 1304 2880 desidiam
1333 2825 1435 2880 Dei
1464 2825 1748 2880 hominem

133 2918 387 2983 trahere,
419 2933 532 2971 non
584 2916 643 2970 in
691 2916 877 2986 aliquo
922 2920 1168 2969 mentem
1201 2915 1304 2968 viri
1350 2915 1454 2969 Dei
1481 2915 1749 2968 valuisset

136 3025 172 3060 a
212 3007 455 3062 Domino
483 3023 747 3077 separare
776 3023 789 3072 ;
822 3010 897 3068 et,
942 3005 1092 3075 quod
1123 3005 1307 3075 majus
1343 3010 1446 3070 est,
1483 3004 1628 3058 sicut
1655 3021 1751 3058 au-

134 3113 266 3150 rum
290 3096 351 3151 in
377 3095 602 3150 fornace
623 3094 899 3166 pressaris
915 3094 1218 3164 fulgentior
1237 3093 1565 3148 redderetur
1579 3099 1748 3164 atque

1849 1930 1944 2000 qui
1971 1947 2061 1984 me
2087 1948 2235 1986 nunc
2255 1931 2414 2002 quasi
2435 1932 2913 2002 contemptibilem
2943 1941 3191 2006 reputas.

1919 2021 2049 2074 CAP.
2077 2022 2188 2074 XV.
2216 2053 2280 2062 —
2303 2022 2557 2085 Quadam
2581 2023 3060 2092 dieigiturcibum
3083 2043 3149 2080 eo
3161 2035 3440 2097 sumente,

1843 2111 2278 2179 transﬁguratus
2289 2111 2319 2164 d
2327 2128 2505 2165 aimon
2516 2111 2574 2165 in
2585 2111 2778 2166 habitu
2791 2113 3445 2181 adolescentis,cellulam

1843 2199 1965 2268 ejus
2012 2198 2345 2269 ingreditur,
2380 2206 2438 2253 et
2472 2201 2946 2272 apprOpinquans,
2989 2208 3169 2270 I49
3205 2222 3441 2263 caucam

1841 2288 1965 2356 ejus
1994 2288 2281 2342 nitebatur
2309 2295 2576 2344 evertere.
2613 2291 2714 2343 Vir
2737 2297 2928 2344 autem
2967 2293 3066 2346 Dei
3097 2311 3267 2350 manu
3296 2296 3440 2352 illud

1839 2376 2109 2442 retinens,
2128 2378 2499 2432 manducabat
2519 2379 2854 2450 intrepidus.
2869 2381 3024 2436 Tunc
3039 2383 3296 2438 exsiliens
3320 2385 3440 2441 dia-

1840 2465 2016 2531 bolus,
2049 2467 2218 2520 aliam
2243 2468 2602 2538 phantasiam
2631 2477 2860 2539 repente
2891 2473 3192 2542 conﬁngit;
3231 2480 3288 2528 et
3308 2491 3436 2530 ecce

1835 2555 1996 2625 quasi
2025 2555 2424 2610 candelabrum
2452 2563 2705 2612 statuens
2734 2565 2864 2612 ante
2888 2575 3038 2626 eum,
3065 2567 3122 2615 et
3149 2563 3436 2619 lucernam

1836 2644 2078 2715 desuper
2114 2644 2427 2711 ardentem,
2464 2663 2558 2699 ore
2608 2647 2820 2716 polluto
2871 2665 2936 2702 ac
2984 2649 3158 2704 fetido
3189 2653 3435 2722 psalmos

1833 2733 2098 2788 cantabat
2119 2751 2247 2788 voce
2268 2751 2503 2804 magna:
2535 2735 2713 2801 Beati,
2732 2735 3016 2807 inquiens,
3050 2739 3108 2792 in
3128 2739 3218 2794 via
3237 2741 3436 2796 imma-

1831 2822 2022 2888 culati,
2066 2823 2161 2894 qui
2191 2823 2486 2878 ambulant
2521 2824 2582 2878 in
2625 2825 2746 2894 lege
2785 2826 3008 2880 Domini
3035 2829 3206 2897 (Psal.
3252 2831 3424 2901 cxw).

1831 2911 2084 2982 Cumque
2109 2930 2174 2965 ex
2201 2913 2398 2966 eodem
2429 2913 2644 2984 psalmo
2666 2913 2833 2967 verba
2851 2915 3094 2985 plurima
3119 2918 3429 2988 cecinisset,

1832 3001 2051 3054 nullum
2076 3001 2128 3055 ei
2144 3019 2461 3056 sermonem
2479 3008 2708 3056 sanctus
2725 3003 2820 3057 ille
2837 3006 3142 3075 respondit,
3160 3007 3338 3062 donec
3359 3009 3433 3063 ci-

1830 3088 1965 3142 bum
1995 3089 2221 3144 solitum
2249 3091 2608 3162 percepisset.
2641 3092 2948 3163 Postquam
2979 3111 3107 3148 vero
3137 3096 3207 3150 de
3233 3113 3433 3152 mensa

131 3185 192 3239 in
233 3186 508 3256 majorem
547 3183 878 3256 patientiam
933 3188 990 3238 et
1043 3183 1392 3237 alacritatem
1456 3178 2090 3251 charitatisCsurrexit,
2141 3195 2270 3233 cum
2298 3179 2452 3234 omni
2497 3181 2812 3234 constantia
2841 3182 2922 3236 ait
2949 3183 3021 3236 ad
3049 3199 3212 3238 eum:
3261 3187 3429 3242 Canis

131 3276 434 3346 proficeret
450 3315 462 3338 ,
483 3275 844 3328 vehementer
857 3272 1112 3326 irritatus
1143 3278 1201 3326 et
1227 3271 1434 3326 acriter
1457 3272 1738 3336 ell‘eratus,

129 3364 402 3418 adversus
424 3380 555 3418 eum
583 3380 713 3416 cum
746 3379 952 3432 magna
981 3361 1281 3433 phantasia
1331 3359 1442 3429 (1‘2)
1495 3361 1739 3427 advenit,

129 3460 196 3506 ut
225 3453 430 3507 saltem
461 3453 540 3506 sic
578 3451 629 3506 ei
669 3467 930 3524 pavorem
976 3451 1274 3516 incutiens,
1326 3449 1582 3520 decipere
1612 3467 1742 3502 eum

132 3548 327 3612 posset
349 3559 415 3595 ac
446 3541 660 3595 fallere.

208 3632 343 3687 CAP.
376 3631 499 3685 XII.
532 3659 597 3669 —
622 3629 802 3700 Igitur
819 3646 947 3683 cum
971 3635 1148 3682 staret
1175 3628 1234 3682 in
1258 3627 1443 3681 medio
1469 3627 1648 3681 noctis
1679 3644 1743 3680 ac

133 3720 422 3790 psalleret,
456 3723 686 3790 repente
717 3719 811 3773 lux
851 3718 1094 3790 cepiosa,
1129 3717 1300 3771 veluti
1329 3716 1478 3780 solis,
1510 3715 1567 3770 in
1607 3717 1748 3770 cella

134 3811 266 3880 ejus
287 3808 522 3876 refulsit,
541 3815 598 3863 et
615 3825 716 3862 vox
737 3807 896 3879 quasi
917 3807 1210 3877 cujusdam
1236 3805 1614 3860 multitudinis
1649 3823 1746 3860 au-

134 3899 259 3953 dita
274 3905 379 3964 est,
412 3898 631 3952 dicens:
661 3899 867 3952 Beatus
888 3914 966 3962 es,
998 3895 1437 3961 Abraham,vere
1468 3895 1666 3949 beatus
1683 3912 1742 3949 es

136 3994 195 4042 et
220 3988 422 4054 fidelis,
455 3987 750 4058 nullusque
781 3987 928 4040 sicut
953 3992 1016 4040 tu
1053 3985 1111 4039 in
1140 3985 1293 4039 omni
1323 3983 1743 4038 conversatione

134 4077 399 4132 inventus
437 4082 538 4142 est,
571 4076 669 4148 qui
717 4091 911 4130 omnes
938 4074 1256 4129 voluntates
1304 4089 1458 4126 meas
1485 4072 1738 4144 explesti.

134 4167 402 4221 Protinus
430 4171 620 4220 autem
648 4165 733 4218 vir
769 4170 995 4220 sanctus
1025 4163 1217 4218 dolum
1271 4162 1506 4232 maligni
1535 4178 1743 4232 cogno-

133 4273 316 4321 scens,
351 4255 614 4310 exaltavit
648 4271 838 4308 vocem
867 4270 1046 4319 suam,
1082 4269 1147 4306 ac
1191 4251 1368 4306 dixit:
1411 4251 1737 4306 Obscuritas

1826 3267 2116 3322 immunde
2147 3273 2202 3322 et
2229 3275 2318 3322 ter
2363 3268 2699 3330 miserande,
2747 3275 2915 3341 atque
2961 3271 3344 3329 infirmissime
3373 3281 3430 3331 et

1826 3357 2272 3423 mendacissime,
2298 3356 2344 3411 si
2384 3357 2530 3412 nosti
2557 3357 2704 3428 quod
2731 3358 2878 3412 beati
2900 3366 3055 3426 sunt,
3080 3378 3180 3414 cur
3205 3363 3286 3416 eis
3311 3381 3429 3418 mo-

1824 3446 2000 3500 lestus
2029 3446 2132 3500 es?
2157 3447 2302 3500 Nam
2321 3445 2469 3500 beati
2498 3455 2631 3500 sunt
2647 3463 2840 3501 revera
2865 3434 3080 3515 omnes,
3104 3451 3200 3522 qui
3221 3469 3286 3505 ex
3306 3458 3426 3508 toto

1826 3536 1991 3590 corde
2019 3535 2261 3606 diligunt
2290 3536 2488 3590 Deum.
2522 3537 2885 3607 Respondens
2925 3545 3114 3593 autem
3147 3540 3426 3611 diabolus,

1827 3625 1934 3679 ait:
1955 3623 2167 3678 Idcirco
2189 3624 2298 3678 illis
2318 3625 2555 3678 infestus
2576 3642 2720 3690 sum,
2753 3632 2817 3680 ut
2834 3643 3095 3698 superem
3125 3646 3239 3692 eos,
3263 3635 3328 3684 ut
3356 3631 3426 3686 ab

1829 3713 1982 3768 omni
2011 3730 2180 3784 opere
2231 3713 2376 3767 bono
2415 3714 2725 3785 praepediti,
2773 3716 2914 3770 meis
2951 3716 3294 3773 facinoribus
3333 3737 3426 3774 so-

1827 3802 2062 3856 cientur.
2081 3801 2184 3856 Cui
2204 3801 2289 3855 vir
2304 3801 2501 3856 beatus
2526 3803 2608 3856 ita
2636 3804 2925 3874 respondit
2949 3823 2960 3858 :
2995 3805 3121 3859 Non
3152 3806 3254 3860 tibi
3282 3807 3426 3864 bene

1827 3891 1900 3946 sit
1919 3890 2232 3958 maledicte,
2263 3897 2328 3944 ut
2356 3891 2677 3962 quempiam
2705 3892 3027 3948 timentium
3056 3895 3235 3949 Deum
3264 3913 3426 3968 supe-

1826 3997 1955 4035 rare
1973 3981 2056 4034 vel
2089 3979 2363 4051 impedire
2392 3981 2714 4052 praevaleas,
2759 3981 2868 4035 nisi
2902 3983 3043 4038 forte
3074 4001 3169 4038 eos
3201 3985 3298 4056 qui
3322 3985 3426 4040 tibi

1826 4072 2040 4126 similes
2061 4071 2364 4125 existentes
2381 4089 2413 4125 a
2436 4072 2550 4126 Deo
2563 4072 2792 4143 propria
2805 4072 3089 4128 voluntate
3106 4074 3422 4130 discedunt.

1825 4161 1957 4215 Illos
1974 4160 2146 4215 vincis
2184 4177 2248 4214 ac
2275 4161 2440 4226 fallis,
2459 4161 2723 4232 quoniam
2744 4163 2894 4216 Deus
2913 4179 3024 4217 non
3037 4169 3124 4217 est
3140 4163 3197 4217 in
3211 4163 3312 4218 eis.
3338 4163 3425 4220 Ab

1824 4250 1913 4304 his
1947 4255 2138 4304 autem
2183 4249 2280 4321 qui
2326 4249 2574 4320 diligunt
2603 4251 2804 4316 Deum,
2856 4257 3128 4322 tanquam
3177 4253 3428 4310 fumusa

133 4353 234 4400 tua
280 4353 466 4400 tecum
492 4345 566 4400 sit
599 4345 658 4398 in
696 4343 1090 4415 perditionem,
1123 4358 1156 4396 ο
1205 4342 1368 4413 plene
1409 4341 1538 4395 dolo
1569 4345 1737 4411 atque
1819 4345 2006 4402 vento,
2039 4339 2346 4394 exhalescis
2374 4356 2439 4394 ac
2475 4339 2685 4394 deficis.
2733 4341 2859 4394 Una
2903 4341 3184 4412 siquidem
3230 4360 3426 4399 eorum

132 4435 373 4489 fallacia.
415 4434 530 4504 Ego
561 4432 712 4488 enim
740 4433 908 4488 homo
935 4437 1194 4503 peccator
1230 4447 1377 4494 sum,
1407 4429 1620 4484 habens
1647 4435 1736 4482 ta-
1821 4429 2003 4484 oratio
2015 4428 2094 4482 sic
2114 4435 2169 4482 te
2188 4428 2545 4500 persequitur
2572 4445 2637 4482 ac
2661 4427 3426 4500 deturbat,quemadmodum

133 4542 266 4578 men
297 4523 415 4596 spei
453 4522 728 4596 praesidia,
769 4539 872 4594 per
911 4521 1156 4592 gratiam
1187 4519 1289 4574 Dei
1326 4519 1386 4573 in
1431 4519 1584 4572 nullo
1615 4513 2004 4590 tuastulvis
2031 4535 2065 4571 a
2096 4524 2260 4572 vento
2299 4517 2608 4572 insectatus
2643 4517 3006 4588 dispergitur.
3055 4518 3204 4573 Vivit
3231 4525 3424 4577 autem

130 4607 1742 4684 insidiaspertimescam.Ncqueenimplurimmphantasiae
1825 4608 1974 4662 Deus
2005 4623 2179 4673 meus,
2214 4607 2309 4678 qui
2359 4613 2443 4660 est
2490 4606 2817 4662 benedictus
2864 4607 2922 4660 in
2959 4607 3180 4674 saacula,
3211 4608 3309 4679 qui
3337 4616 3424 4664 est

135 4719 400 4774 pavorem
432 4701 568 4756 mihi
612 4701 911 4756 incutiunt.
953 4699 1171 4754 Nomen
1199 4697 1476 4769 siquidem
1516 4695 1740 4750 Domini

133 4793 243 4847 mei
275 4799 333 4845 et
362 4791 665 4847 Salvatoris
689 4792 717 4845 J
723 4806 821 4844 esu
840 4787 1066 4854 Christi,
1083 4803 1250 4859 quem
1270 4785 1438 4840 dilexi
1465 4792 1522 4839 et
1544 4785 1737 4856 diligo,

132 4881 271 4937 mihi
302 4881 678 4936 validissimus
707 4897 901 4934 murus
931 4883 1038 4940 est,
1063 4877 1123 4931 in
1151 4893 1262 4946 quo
1291 4882 1346 4930 te
1371 4875 1616 4946 increpo,
1641 4875 1742 4928 im-

133 4971 344 5026 munde
368 4969 542 5035 canis,
576 4987 642 5024 ac
685 4975 773 5024 ter
798 4967 1134 5022 miserande.
1168 4967 1237 5020 Et
1262 4965 1482 5019 dicente
1507 4981 1572 5018 eo
1603 4964 1736 5031 haec,

133 5061 426 5115 confestim
463 5066 524 5114 ut
550 5059 740 5112 fumus
767 5057 838 5112 ab
868 5056 1043 5112 oculis
1073 5056 1195 5126 ejus
1224 5054 1468 5108 evanuit.
1501 5055 1740 5108 Sanctus

134 5156 321 5206 autem
353 5150 454 5204 Dei
483 5148 725 5202 famulus
768 5164 895 5202 cum
937 5145 1117 5200 multa
1143 5143 1433 5199 alacritate
1462 5142 1736 5214 tranquil-

132 5241 297 5312 loque
325 5238 516 5294 animo
544 5235 910 5292 benedicebat
937 5234 1260 5300 Dominum,
1295 5233 1454 5304 quasi
1483 5231 1579 5304 qui
1618 5231 1740 5286 nul-

133 5329 242 5384 lam
274 5328 631 5400 phantasiam
650 5325 898 5400 vidisset.

200 5418 493 5473 C.\P.XIII.
516 5447 580 5457 ——
612 5416 830 5471 Rursus
863 5429 991 5467 vero
1017 5418 1144 5483 post
1164 5411 1283 5466 dies
1313 5427 1518 5482 paucos
1536 5414 1732 5464 orante

133 5525 194 5561 eo
211 5515 402 5573 noctu,
438 5513 636 5561 tenens
665 5503 906 5558 securim
922 5501 1197 5566 diabolus,
1219 5501 1476 5554 cellulam
1501 5500 1624 5570 ejus
1647 5514 1734 5553 co-

1821 4696 2081 4768 gloriatio
2110 4712 2256 4760 mea,
2305 4695 2438 4766 quia
2467 4712 2580 4749 non
2630 4701 2686 4750 te
2717 4695 3129 4766 pertimescam,
3171 4697 3344 4752 etiam
3375 4699 3424 4754 si

1821 4785 1978 4839 omni
2008 4793 2261 4857 tempore
2283 4784 2372 4838 hic
2401 4784 2740 4838 constiteris.
2765 4784 2855 4839 Sic
2881 4791 3072 4840 autem
3113 4804 3214 4858 pro
3245 4788 3422 4844 nihilo

1825 4880 1880 4930 te
1909 4891 2194 4946 spernam.
2223 4873 2394 4928 veluti
2419 4873 2465 4926 si
2491 4889 2638 4930 unus
2666 4873 2887 4927 catulus
2915 4875 3190 4930 contritus
3221 4877 3292 4931 ab
3318 4877 3424 4933 ali-

1823 4981 1934 5036 quo
1953 4970 2364 5019 contemnatur.
2385 4963 2515 5018 Haec
2539 4979 2604 5016 eo
2634 4962 2876 5030 dicente,
2901 4965 3193 5020 confestim
3219 4967 3314 5022 ille
3339 4971 3425 5036 (ut

1823 5053 2058 5117 solebat)
2091 5053 2334 5108 evanuit.

1894 5143 2025 5197 CAP.
2060 5142 2204 5199 XVI.
2235 5172 2300 5183 —
2327 5143 2543 5197 Rursus
2562 5148 2689 5215 post
2701 5141 2821 5196 dies
2834 5142 3104 5214 quinque,
3122 5161 3250 5199 cum
3270 5145 3422 5216 psal-

1821 5231 2068 5286 modiam
2099 5249 2260 5286 suam
2285 5231 2464 5287 noctis
2493 5236 2746 5303 tempore
2775 5239 3240 5299 consummasset,
3269 5234 3424 5290 aliud

1820 5320 2129 5392 phantasia:
2156 5327 2556 5391 argumentum
2578 5319 2648 5374 ab
2672 5320 2898 5374 inimico
2919 5322 3424 5392 contingitur.Ecce

1819 5408 1971 5464 enim
2000 5409 2159 5480 quasi
2187 5407 2358 5463 turba
2383 5409 2629 5479 plurima
2657 5409 2908 5464 cernitur
2926 5409 3235 5476 advenisse;
3260 5417 3318 5466 et
3333 5429 3422 5467 ve-

1813 5498 1900 5552 lut
1927 5497 2214 5566 trahentes
2255 5496 2510 5562 invicem,
2557 5515 2685 5552 cum
2734 5497 3074 5552 clamoribus
3112 5516 3171 5553 se
3219 5506 3418 5556 mutuo

133 5597 371 5652 nabatur
397 5603 666 5650 evertere.
702 5595 771 5649 Et
796 5609 924 5647 cum
949 5591 1070 5661 jam
1096 5594 1392 5662 putaretur
1423 5589 1733 5661 perforasse
1814 5586 2200 5652 cohortantur,
2252 5591 2316 5639 ut
2344 5585 2512 5638 homo
2540 5584 2642 5639 Dei
2692 5585 2752 5640 in
2783 5585 2998 5640 foveam
3028 5587 3417 5658 projiceretur.

133 5703 272 5756 eam,
303 5703 436 5742 voce
461 5701 672 5756 magna
699 5682 962 5740 clamavit
986 5687 1044 5735 et
1056 5679 1222 5736 dixit:
1245 5662 1545 5746 Festinate,
1569 5677 1735 5732 amici

1815 5676 1967 5741 Quos
1981 5675 2435 5746 circumspiciens
2455 5673 2539 5728 vir
2555 5674 2770 5728 beatus:
2791 5675 3296 5733 Circumdederunt
3306 5695 3420 5750 me,
