3912 6394
497 370 606 429 295
1509 373 1603 429 DE
1639 375 1828 430 VITIS
1865 375 2160 432 PATRUM
2195 376 2411 432 LIBER
2445 373 2737 430 PRIMUS.
3655 374 3746 432 296

575 501 756 561 ιδῃ
778 495 929 548 Licet
950 500 1080 548 ante
1112 495 1217 550 hoc
1243 512 1384 568 opus
1413 515 1516 568 ego
1541 515 1655 552 non
1683 502 2134 572 praesumpserim
2162 502 2412 572 aggredi,
2444 506 2668 572 putans,
2700 503 2766 552 ut
2795 498 2914 570 ipse
2937 498 3102 564 nosti,
3135 498 3206 553 ab
3234 499 3346 553 alio
3370 499 3493 570 jam
3521 499 3742 554 transla-

425 599 431 608 '
492 591 634 650 tum,
663 584 720 638 in
744 601 854 654 quo
883 584 1081 638 merito
1111 583 1228 654 ipse
1259 603 1349 640 me
1371 589 1722 658 reprehendi.
1749 591 2151 660 Nunquidnam
2179 591 2313 661 quia
2341 589 2689 660 Scripturam
2715 603 2932 642 sacram
2959 587 3188 657 quidam
3219 587 3578 658 interpretati
3607 593 3739 652 sunt,

493 672 698 726 idcirco
729 673 1063 742 posteriores
1086 673 1420 745 interpretes
1448 677 1590 730 hanc
1622 678 1806 732 minus
1843 678 2198 750 interpretati
2244 679 2414 734 sunt?
2446 679 2506 732 Si
2543 678 2646 731 hoc
2674 683 2840 741 esset,
2874 677 3130 730 eamdem
3160 693 3374 730 sacram
3408 676 3740 747 Scripturam

492 761 764 815 Latinitas
794 778 860 814 ex
890 762 1010 832 ipso
1037 762 1313 816 Hebraico
1343 764 1492 818 fonte
1521 782 1621 836 per
1645 766 1874 820 beatum
1905 768 2314 841 Hieronymum
2345 767 2600 822 Ecclesiae
2632 766 2897 820 Romanis
2922 765 3314 836 presbyterum
3341 766 3436 835 (4),
3470 771 3529 819 et
3563 765 3745 820 divina

493 849 849 904 Bibliotheca:
875 851 1169 916 cultorem,
1202 852 1472 906 hactenus
1510 871 1622 908 non
1650 855 1947 909 hausisset.

559 939 770 993 Verum
799 939 1100 1009 diligenter
1131 940 1436 1011 inquirens,
1475 942 1616 996 nihil
1653 945 1923 1014 scriptum
1952 945 2021 998 de
2054 943 2177 998 Vita
2213 945 2383 1015 hujus
2425 943 2603 997 sancti
2637 945 2784 1014 apud
2817 943 3045 997 Latinos
3074 941 3281 1006 inveni,
3313 941 3421 996 nisi
3450 943 3564 996 duo
3587 941 3743 996 mira-

492 1029 744 1083 culorum
775 1030 898 1098 ejus
925 1027 1018 1098 (8),
1051 1029 1108 1082 id
1131 1035 1234 1094 est,
1269 1030 1337 1083 de
1359 1047 1534 1100 puero
1563 1032 1772 1086 Christi
1818 1040 2086 1102 negatore
2126 1033 2380 1098 liberato,
2428 1038 2485 1086 et
2522 1033 2756 1087 muliere
2802 1049 2836 1085 a
2863 1032 3102 1103 peccatis
3131 1037 3362 1102 erepta;
3394 1049 3520 1102 qua:
3561 1037 3738 1084 tamen

491 1117 629 1171 adeo
658 1117 962 1188 depravata
987 1119 1190 1188 reperi,
1226 1124 1290 1172 ut
1317 1136 1513 1173 rursus
1545 1137 1613 1174 ea
1641 1122 1997 1192 interpretari
2028 1139 2198 1192 quam
2229 1121 2527 1176 emendare
2558 1122 2901 1176 maluissem.

566 1207 712 1260 Sane
741 1207 1051 1260 notandum
1080 1213 1183 1272 est,
1216 1207 1348 1277 quia
1375 1224 1503 1262 cum
1531 1209 1760 1278 quidam
1789 1211 1986 1280 legunt
2011 1211 2070 1264 in
2093 1210 2177 1264 his
2197 1209 2427 1264 Actibus
2455 1227 2577 1280 qua:
2598 1215 2824 1263 sanctus
2857 1209 3265 1280 Amphilochius
3284 1211 3526 1281 scripsit,
3552 1209 3741 1266 discre~

494 1311 658 1366 passe
717 1301 1017 1348 autumant
1070 1295 1140 1348 ab
1188 1295 1276 1348 his
1324 1313 1448 1366 quae
1501 1305 1728 1352 sanctus
1755 1300 2058 1370 Gregorius
2113 1299 2496 1352 Nazianzenus
2525 1299 2583 1352 in
2623 1297 2908 1369 epitaphio
2931 1297 3013 1367 (6)
3041 1298 3210 1368 h'ujus
3248 1299 3440 1369 magni
3469 1298 3572 1352 viri
3604 1315 3742 1352 com-

492 1390 789 1449 memorat,
848 1400 976 1437 cum
1027 1383 1169 1437 alter
1196 1384 1337 1438 forte
1367 1385 1609 1440 tacuerit
1636 1389 1784 1458 quod
1813 1389 1958 1442 alter
1997 1405 2111 1442 non
2163 1389 2358 1453 tacuit,
2401 1388 2647 1458 idipsum
2693 1387 2854 1440 nobis
2891 1387 3040 1440 inter
3066 1387 3450 1458 Evangelistas
3480 1387 3743 1458 reperien-

494 1471 665 1526 tibus.
697 1472 1016 1526 Prmsertim
1048 1489 1176 1526 cum
1205 1478 1263 1526 et
1290 1473 1439 1527 idem
1474 1476 1913 1546 Amphilochius,
1948 1477 2042 1548 qui
2080 1494 2250 1547 super
2275 1477 2420 1531 tanti
2446 1477 2551 1530 viri
2578 1476 2693 1530 vita
2718 1476 3061 1547 scripserint,
3099 1477 3215 1530 haec
3245 1477 3602 1548 expositurus
3628 1481 3741 1546 apte

498 1562 775 1631 designet.

1456 1755 2119 1928 mrologus
2196 1759 2816 1894 auctoris.

565 1981 910 2046 Charissimi,
943 1996 1057 2034 non
1085 1980 1481 2034 inconveniens
1513 1985 1654 2045 erat,
1687 1981 1782 2033 sed
1798 1981 2039 2049 justum,
2072 1979 2299 2033 devotos
2325 1980 2470 2034 ﬁlios
2491 1997 2660 2050 super
2682 1979 2837 2033 obitu
2869 1979 3050 2050 patrio
3081 1978 3422 2044 contristari,
3454 1984 3513 2032 et
3539 1977 3590 2032 ei
3616 1977 3748 2032 dona

490 2069 866 2140 lacrymarum
896 2069 1115 2132 offerre,
1148 2069 1297 2138 quod
1326 2069 1600 2122 hactenus
1627 2068 2032 2138 compatienter
2049 2069 2286 2138 egimus.
2320 2072 2394 2124 At
2420 2086 2550 2123 vero
2580 2077 2877 2140 postquam
2906 2069 3091 2123 luctus
3118 2067 3422 2132 turbinem,
3459 2067 3748 2121 secundum

501 2159 650 2229 quod
681 2158 949 2228 scriptum
983 2162 1086 2222 est,
1111 2157 1492 2228 deposuimus,
1527 2156 1598 2210 ad
1631 2157 1946 2226 gratiﬁcam
1995 2158 2462 2228 supplicationem
2492 2158 2742 2211 omnium
2769 2158 3008 2212 Domino
3039 2156 3260 2212 Christo
3296 2157 3412 2211 Deo
3463 2163 3649 2210 nostro
3676 2171 3746 2209 re-

495 2247 847 2318 pendendam
875 2245 1143 2300 commoti
1163 2263 1388 2313 sumus;
1421 2262 1605 2316 Operae
1638 2245 1882 2316 pretium
1909 2246 2059 2311 duxi,
2089 2253 2206 2301 tam
2229 2247 2651 2302 memorabilem
2675 2247 2882 2312 Vitam,
2917 2263 3086 2318 quam
3116 2263 3247 2300 vera
3275 2247 3551 2300 miracula
3580 2251 3745 2317 pasto-

487 2336 566 2390 ris
615 2341 670 2389 et
717 2334 973 2405 magistri
1002 2334 1182 2390 nostri
1219 2335 1428 2401 Basilii,
1475 2351 1546 2388 ne
1575 2333 1792 2388 diutino
1822 2339 2146 2389 transcursu
2176 2336 2448 2406 temporis
2487 2334 2750 2389 oblivioni
2798 2335 3087 2406 profunda:
3118 2333 3434 2399 tradantur,
3472 2333 3744 2404 scriptura:

495 2424 614 2478 fore
641 2424 980 2478 mandanda.
1347 2415 1357 2422 ’

559 2513 761 2566 Tribus
783 2513 934 2566 enim
960 2511 1350 2566 sacratissimis
1372 2517 1428 2566 et
1459 2511 1701 2581 egregiis
1731 2511 1884 2576 viris,
1909 2513 2178 2581 Gregorio
2204 2513 2482 2578 videlicet,
2518 2513 2613 2583 qui
2644 2513 2701 2566 in
2731 2511 3012 2582 theologia
3051 2512 3254 2566 claruit
3285 2513 3376 2578 (7),
3410 2518 3471 2566 et
3499 2510 3749 2582 Gregorio

490 2600 842 2655 memorabili
891 2602 1234 2671 Nysseorum
1264 2605 1334 2668 (8)
1367 2601 1606 2654 civitatis
1653 2599 1932 2670 episcopo,
1977 2601 2074 2654 sed
2127 2607 2184 2654 et
2215 2601 2379 2655 beato
2423 2601 2679 2673 Ephraem
2707 2601 2806 2672 (9),
2838 2600 2962 2654 aliis
3005 2605 3172 2670 atque
3218 2599 3382 2653 aliter
3410 2599 3747 2654 sermonibus

489 2689 820 2760 epitaphicis
848 2694 1068 2742 tantum
1098 2689 1280 2743 virum
1310 2688 1588 2758 fulgidum
1627 2688 2036 2753 exhibentibus,
2060 2689 2240 2742 visum
2272 2696 2358 2744 est
2386 2696 2443 2743 et
2482 2689 2620 2742 mihi
2651 2697 2922 2759 tanquam
2951 2687 3221 2754 abortivo,
3249 2695 3314 2742 ut
3339 2705 3471 2742 cum
3501 2687 3748 2759 Apostolo

497 2778 700 2842 dicam,
734 2794 859 2831 cum
894 2795 1006 2848 prae
1036 2778 1296 2832 manibus
1323 2778 1657 2848 accepissem
1691 2777 2044 2831 narrationes
2075 2795 2197 2848 quae
2241 2777 2311 2831 ab
2337 2777 2592 2848 utrisque
2621 2777 2968 2832 admirandis
3013 2777 3146 2830 viris
3177 2777 3338 2830 edita:
3367 2783 3522 2842 sunt,
3555 2793 3620 2830 ea
3644 2791 3750 2846 qua:

491 2866 580 2919 his
601 2866 796 2920 deesse
821 2866 1151 2920 videbantur
1171 2867 1439 2938 supplevi,
1476 2882 1631 2920 more
1660 2865 1871 2920 scilicet
1888 2865 2072 2920 devoti
2092 2865 2193 2920 ﬁlii
2222 2866 2473 2920 debitum
2504 2866 2652 2936 patri
2671 2865 3142 2937 repraesentantis,
3161 2865 3229 2918 de
3252 2882 3476 2918 sursum
3494 2865 3746 2936 quaedam,

491 2960 558 3008 ut
587 2955 852 3008 aestimari
881 2961 1084 3026 potest,
1116 2956 1484 3027 assequentis,
1515 2961 1572 3010 et
1608 2960 1820 3008 certam
1860 2955 2158 3010 scientiam
2195 2955 2571 3026 percipientis.
2621 2955 2788 3010 Novit
2831 2955 3000 3020 enim,
3040 2953 3194 3008 novit
3221 2953 3396 3008 nubes
3426 2953 3751 3008 abscondam

488 3044 684 3104 solem,
713 3050 770 3096 et
789 3061 1046 3098 morosus
1079 3044 1352 3099 bonarum
1383 3044 1770 3098 narrationum
1797 3051 2150 3099 transcursus
2181 3044 2342 3098 facile
2381 3043 2688 3098 introducit
2715 3043 3069 3097 oblivionem.

569 3134 801 3202 Magnus
826 3133 1000 3204 igitur
1030 3134 1248 3188 exstitit
1279 3141 1470 3206 pastor
1496 3140 1706 3200 noster,
1740 3138 1797 3186 et
1825 3134 2070 3188 famosus
2096 3133 2306 3187 mundo
2336 3133 2575 3188 Basilius
2600 3133 2910 3186 caelestium
2935 3132 3208 3185 virtutum
3235 3133 3746 3195 consermocinator,

496 3223 826 3292 angelorum
856 3222 1115 3276 ordinum
1145 3223 1547 3288 comminister,
1580 3221 1948 3293 praedicabilis
1979 3222 2238 3277 Ecclesiae
2265 3222 2476 3287 doctor,
2510 3221 2836 3292 incorrupta
2862 3221 3190 3290 dogmatum
3219 3221 3656 3276 orthodoxorum
3675 3236 3749 3273 co-

501 3311 721 3377 lumna;
753 3311 850 3380 qui
877 3317 1140 3366 naturam
1180 3312 1544 3366 existentium
1574 3311 1920 3366 enucleatius
1959 3311 2294 3382 explanavit,
2337 3311 2431 3381 qui
2480 3311 2786 3381 pessimum
2814 3309 3105 3364 Trinitatis
3135 3315 3451 3380 apostatam
3479 3311 3746 3365 Julianum

489 3397 602 3468 (l0;
638 3399 914 3470 depOsuit,
949 3401 1045 3471 qui
1065 3401 1317 3455 Valentis
1338 3418 1399 3454 os
1417 3400 1523 3467 (ll)
1552 3400 1940 3469 blasphemum
1971 3399 2268 3466 obstruxit,
2304 3400 2399 3470 qui
2427 3400 2766 3454 Arianorum
2793 3415 3051 3470 expresse
3081 3399 3491 3468 nequissimum
3520 3414 3748 3453 errorem

494 3487 819 3554 devastavit,
852 3489 947 3559 qui
973 3489 1424 3544 Christianorum
1450 3487 1664 3558 liquido
1695 3487 1964 3542 stabilivit
2003 3494 2216 3543 rectam
2261 3489 2601 3559 opinionem.
2644 3489 2844 3542 Pastor
2871 3487 3227 3558 acceptabilis
3261 3488 3518 3543 Ecclesiae
3554 3485 3744 3559 papuli,

491 3577 700 3646 regalis
731 3577 1027 3630 sacerdotii
1063 3595 1309 3645 consors,
1341 3577 1790 3632 circumamictus
1822 3577 2057 3632 veritate
2093 3577 2319 3642 Christi,
2357 3577 2541 3631 ovium
2581 3577 2746 3638 aries,
2781 3577 2978 3630 divinae
3008 3575 3136 3630 ﬁdei
3183 3577 3458 3645 magister
3493 3577 3744 3648 inclytus;

491 3664 587 3734 qui
613 3670 670 3718 et
698 3665 889 3720 vivens
919 3671 976 3719 et
1004 3672 1130 3736 post
1151 3666 1365 3721 obitum
1397 3665 1614 3736 magnis
1645 3665 1956 3720 coruscavit
1985 3666 2294 3732 miraculis,
2343 3666 2438 3736 qui
2468 3666 2582 3719 Deo
2613 3665 2833 3719 odibilis
2862 3664 3091 3730 Juliani,
3124 3669 3190 3717 ut
3207 3663 3420 3718 dictum
3453 3671 3557 3731 est,
3587 3662 3748 3718 extol-

483 3753 654 3808 lentis
680 3755 738 3808 in
759 3755 934 3809 altum
958 3772 1152 3821 cornu,
1176 3762 1229 3810 et
1251 3756 1534 3827 loquentis
1552 3754 1816 3808 adversus
1839 3755 2016 3809 Deum
2040 3755 2420 3826 iniquitatem,
2455 3755 2870 3824 corruptionem
2897 3753 3148 3806 oratione
3170 3769 3269 3806 sua
3284 3753 3524 3824 paravit.
3548 3755 3751 3808 Interea

487 3843 695 3897 Valens
716 3843 996 3914 accipiens
1013 3843 1241 3914 indigne
1259 3843 1613 3914 Imperialem
1636 3859 1963 3914 purpuram,
1987 3849 2046 3898 et
2068 3845 2406 3898 Arianorum
2433 3860 2672 3914 nequam
2696 3842 2884 3896 sensui
2904 3841 3274 3913 patrocinium
3303 3849 3594 3913 prtestans,
3617 3841 3752 3896 venit

485 3933 557 3986 ad
579 3933 878 3996 illustrem,
896 3950 1019 4003 qua:
1043 3933 1193 4003 apud
1221 3949 1323 3986 nos
1355 3938 1460 3998 est,
1485 3931 1720 3986 Ctesaris
1743 3931 1958 3986 urbem.
2000 3933 2209 3988 Verum
2243 3932 2502 4004 qualiter,
2529 3932 2614 3985 vel
2635 3947 2746 4001 qua
2768 3948 2958 3997 causa,
2986 3947 3099 3984 non
3128 3937 3214 3989 est
3231 3932 3526 4002 praesentis
3554 3939 3746 4002 tempo-

485 4019 564 4074 ris
589 4020 892 4074 enarratio.
929 4021 1037 4075 Sed
1062 4021 1132 4074 ad
1163 4021 1514 4092 propositum
1531 4021 1855 4086 redeamus;
1879 4021 2116 4076 virtutes
2136 4022 2306 4089 illius,
2332 4037 2471 4093 quas
2493 4021 2702 4074 avulva
2724 4037 2902 4092 usque
2927 4019 2998 4074 ad
3019 4022 3190 4074 ﬁnem
3210 4019 3425 4087 habuit,
3452 4019 3738 4076 narraturi.

1807 4205 2384 4343 VITA.

554 4368 739 4425 CAPUT
779 4382 1003 4423 parum.
1051 4399 1116 4410 —
1162 4366 1402 4422 Basilius
1451 4367 1603 4422 solus
1647 4385 1817 4440 super
1860 4374 2258 4442 terramAper
2283 4373 2704 4445 duodecim(15)
2747 4373 3069 4430 moderatus
3106 4381 3192 4428 est
3226 4390 3422 4439 annos,
3467 4373 3728 4436 Julianus,

483 4458 863 4530 aequalitatem
893 4456 1155 4520 ostendit,
1190 4456 1360 4510 vitam
1391 4456 1649 4512 videlicet
1683 4458 1943 4530 cperibus
1970 4451 2042 4513 de
2051 4489 2072 4500 ο
2158 4461 2253 4532 qui
2286 4462 2356 4516 ad
2384 4463 2549 4519 breve
2595 4471 2819 4536 tempus
2844 4461 3197 4518 Christianus
3225 4463 3347 4525 fuit,
3380 4469 3552 4534 atque
3581 4461 3732 4517 Liba-

481 4545 750 4614 coratam,
785 4554 843 4602 et
891 4545 1244 4601 sermonibus
1281 4545 1480 4601 divinae
1509 4548 1794 4618 sapientiae
1824 4549 2075 4603 illustra-
2155 4549 2285 4604 nius
2309 4550 2446 4621 ('16).
2476 4553 2581 4607 Hic
2622 4559 2812 4607 autem
2849 4569 2962 4624 pra:
2999 4551 3260 4606 omnibus
3289 4551 3636 4605 admirabilis
3659 4549 3733 4602 vir

479 4627 615 4702 tam,
653 4635 843 4691 omnia
884 4635 1107 4690 Christo
1146 4635 1306 4699 dans,
1338 4635 1588 4690 animam
1616 4642 1673 4691 et
1703 4655 1922 4710 corpus,
1956 4653 2074 4691 ver-

477 4725 677 4780 borum
706 4726 920 4796 palmas
953 4723 1080 4793 412),
1107 4729 1336 4794 propter
1357 4725 1504 4796 quod
1535 4731 1588 4780 et
1617 4727 1887 4796 gentilem
1916 4742 2072 4780 erro-

477 4831 600 4868 rem
627 4819 694 4868 ut
721 4829 1058 4866 araneorum
1087 4813 1228 4867 telas
1257 4813 1485 4884 dirupit.
1515 4815 1619 4868 Hic
1651 4822 1865 4886 septem
1894 4831 2070 4869 anno-

476 4918 606 4956 rum
649 4901 848 4966 factus,
879 4901 948 4954 ad
987 4901 1205 4954 litteras
1233 4901 1478 4955 traditur
1505 4920 1538 4956 a
1578 4903 1904 4974 parentibus
1937 4921 1948 4955 :
1982 4919 2073 4956 va-

477 5007 612 5044 cans
625 4995 815 5044 autem
845 4988 902 5043 in
917 4989 1327 5044 mathematicis
1345 4991 1748 5062 quinquennio,
1773 4991 2072 5046 fructifica-

477 5079 576 5134 bat
615 5078 922 5151 plurimum
974 5079 1033 5132 in
1079 5078 1462 5150 philosophica
1507 5081 1822 5152 disciplina,
1853 5087 2069 5134 naturae

477 5165 928 5223 mansuetudine.
963 5167 1176 5220 Rursus
1204 5167 1400 5222 relicta
1431 5175 1467 5234 1
1483 5174 1611 5235 53
1630 5169 1833 5239 patria,
1857 5170 2070 5240 Cappa-

477 5257 587 5313 dox
615 5257 764 5312 enim
793 5262 914 5310 erat
941 5273 1166 5326 genere,
1194 5257 1451 5328 pervenit
1482 5257 1554 5310 ad
1582 5264 1820 5312 matrem
1845 5273 2068 5312 sermo-

471 5363 630 5413 num,
664 5346 720 5400 id
751 5352 853 5408 est,
909 5346 1160 5400 Athenas
1199 5344 1326 5416 (13),
1377 5351 1434 5400 et
1464 5345 1720 5400 castitate
1751 5363 1850 5402 seu
1889 5347 2066 5402 multa

471 5435 815 5491 continentia
841 5441 898 5488 et
925 5435 1302 5505 temperantia
1329 5435 1592 5488 decenter
1611 5443 1860 5503 ornatus,
1884 5436 2066 5492 adhae-

472 5533 559 5580 ret
609 5523 936 5596 praeceptori
993 5524 1314 5578 Grzecorum
1358 5523 1664 5593 sapientiae,
1706 5525 1920 5580 Eubulo
1958 5525 2059 5594 (14)

471 5613 719 5677 nomine,
753 5618 810 5666 et
828 5612 909 5666 ita
937 5629 1056 5667 sese
1085 5611 1396 5682 disciplinis
1425 5612 1676 5679 tradidit,
1702 5620 1766 5668 ut
1793 5631 1920 5670 eum
1944 5619 2062 5670 tam

469 5707 838 5774 praceptores
857 5717 1028 5770 quam
1079 5699 1442 5773 condiscipuli
1480 5701 1857 5759 imitarentur.
1890 5705 2064 5760 Erant

2153 4639 2342 4709 posuit
2367 4641 2427 4695 in
2457 4643 2621 4696 corde
2646 4659 2747 4696 suo
2799 4657 2911 4695 non
2948 4640 3272 4712 participari
3313 4640 3442 4711 pani
3482 4641 3567 4695 vel
3593 4639 3728 4702 vino,

2154 4727 2330 4782 donec
2359 4746 2425 4784 ex
2465 4747 2710 4802 superna
2749 4729 3064 4800 provisione
3105 4729 3394 4800 sapientiae
3424 4731 3733 4800 penetraret

2153 4833 2376 4872 arcana.
2412 4819 2660 4875 Moratus
2687 4825 2875 4872 autem
2906 4819 2965 4872 in
2995 4817 3404 4872 eruditionibus
3425 4815 3730 4890 quindecim

2154 4921 2350 4970 annos,
2384 4912 2442 4962 et
2470 4925 2692 4964 omnem
2715 4908 2983 4977 gentilem
3015 4907 3423 4978 philosophiam
3453 4913 3729 4960 transcur-

2152 5005 2299 5055 rens,
2336 4989 2394 5044 in
2424 4991 2536 5045 ﬁne
2560 4990 2964 5044 astronomiam
3007 5006 3228 5062 quoque
3258 5006 3323 5043 ac
3349 4989 3724 5060 geometriam.

2151 5085 2208 5132 et
2231 5080 2444 5150 Optima
2471 5097 2705 5151 quaeque
2725 5080 2934 5149 legens,
2963 5096 3090 5134 cum
3120 5079 3274 5133 nullo
3299 5079 3462 5133 modo
3478 5077 3730 5133 valuisset

2149 5184 2252 5238 per
2281 5185 2350 5222 ea
2370 5169 2620 5223 invenire
2639 5169 2893 5222 omnium
2919 5167 3283 5232 conditorem,
3311 5168 3554 5238 quadam
3578 5169 3726 5220 nocte

2148 5257 2417 5325 vigilante
2437 5257 2552 5324 illo,
2575 5257 2794 5312 divinus
2813 5257 3043 5329 quidam
3072 5257 3336 5328 splendor
3355 5257 3480 5311 inﬁt
3508 5262 3572 5311 ut
3585 5261 3726 5310 tran-

2149 5352 2428 5402 scurreret
2453 5353 2657 5401 nostra:
2686 5345 2970 5416 religionis
2999 5345 3356 5416 scripturam.

2219 5436 2465 5506 Surgens
2490 5452 2622 5506 ergo
2651 5435 2970 5506 properavit
2994 5435 3301 5506 {Egyptum
3331 5436 3462 5504 (17),
3495 5441 3552 5488 et
3586 5448 3724 5486 acce-

2147 5525 2284 5579 dens
2304 5525 2375 5578 ad
2397 5525 2696 5595 quemdam
2718 5523 3324 5590 Archimandritarum,
3356 5525 3579 5578 nomine
3600 5523 3723 5576 Por-

2145 5613 2408 5685 phyrium
2441 5613 2564 5682 (l8),
2595 5613 2793 5684 petivit
2815 5613 2938 5667 dari
2965 5612 3070 5666 sibi
3099 5629 3286 5668 sacros
3313 5613 3483 5668 libros
3509 5612 3577 5666 ad
3602 5624 3719 5682 per-

2144 5703 2457 5774 ceptionem
2500 5701 2815 5756 divinorum
2843 5703 3191 5774 dogmatum.
3225 5703 3296 5756 Et
3329 5703 3434 5758 hoc
3473 5706 3718 5773 percepto

469 5791 620 5847 enim
639 5790 810 5860 hujus
823 5795 1229 5860 cooperatores,
1252 5805 1490 5862 magnus
1505 5791 1808 5865 Gregorius
1825 5793 2061 5848 Nazian-
2141 5791 2353 5847 mansit
2401 5791 2534 5859 illic,
2577 5791 2718 5846 dans
2759 5807 2990 5864 operam
3026 5791 3381 5847 meditationi
3415 5790 3718 5847 divinorum

468 5895 638 5938 zenus
663 5877 976 5951 episcopus,
1009 5877 1108 5952 qui
1129 5877 1320 5936 throni
1334 5880 1638 5972 Apostolici
1675 5881 2060 5954 gubernacula
2141 5881 2513 5954 eloquiorum,
2545 5897 2696 5955 aqua
2721 5885 2781 5940 et
2808 5879 3052 5939 oleribus
3087 5880 3378 5950 educatus.
3405 5881 3568 5940 Anno
3592 5891 3714 5962 vero
