3912 6404
129 450 238 507 297

612 454 784 508 VITA
821 454 1080 510 SANCTI
1118 456 1402 519 BASILII,
1445 452 1810 508 CESAREIE
1849 454 2325 510 CAPPADOCIIE
2364 457 2940 518 ARCllIEPlSCOPI.

3307 467 3412 525 298

130 575 355 646 integro
392 574 605 630 ibidem
642 583 915 641 moratus,
959 586 1016 634 et
1041 582 1293 636 veritatis
1323 581 1599 636 rationem
1620 578 1799 636 fideA
1818 579 1971 633 enim
1995 598 2208 647 omnes,
2226 583 2351 636 hiin
2380 584 2553 638 vitam
2570 589 2931 653 mternam,hi
2956 590 3015 644 in
3047 594 3412 664 opprobrium

132 666 516 731 considerans,
550 669 928 737 perseveravit
961 676 1244 725 scrutatus
1274 671 1505 725 verbum
1535 669 1733 723 verita-

133 755 226 819 tis,
259 761 316 809 et
343 755 542 826 petivit
572 773 631 810 se
662 757 872 812 dimitti
896 759 1302 831 Jerosolymam
1333 777 1501 815 causa
1531 759 1734 813 oratio-

132 844 220 898 nis
252 843 357 912 (19)
388 845 622 912 iturum,
653 852 711 901 et
738 847 853 901 illic
890 848 1163 903 miracula
1190 850 1594 921 inspecturum,
1637 848 1732 919 qui

133 939 395 988 exoratus
416 934 631 988 dimisit
659 953 811 990 eum.

207 1024 339 1078 CAP.
364 1024 435 1077 ΙΙ.
458 1055 525 1065 -
550 1025 795 1079 Rediens
812 1031 1001 1081 autem
1023 1026 1138 1090 illo,
1170 1027 1266 1082 ubi
1301 1028 1621 1081 Graecorum
1650 1026 1733 1079 in-

132 1113 368 1168 stitutus
417 1119 503 1167 est
551 1114 927 1186 phiIOSOphia,
961 1117 1129 1188 ccepit
1165 1117 1501 1188 persuadere
1541 1116 1733 1170 multis

130 1202 480 1274 philosophis
494 1210 552 1258 et
570 1204 919 1259 multitudini
939 1206 1236 1277 gentilium
1263 1207 1559 1260 ostendere
1572 1206 1733 1259 Chri-

132 1298 303 1357 stum,
348 1293 742 1347 demonstrans
780 1294 892 1349 illis
949 1296 1096 1349 viam
1139 1296 1361 1352 salutis.
1396 1294 1738 1365 Requirebat

129 1399 265 1435 vero
296 1387 355 1436 et
382 1390 785 1454 praeceptorem
815 1401 983 1438 suum
1014 1384 1295 1439 Eubulum
1329 1385 1597 1455 (quierat
1625 1384 1736 1437 dux

133 1471 317 1540 verbi)
342 1471 399 1525 in
420 1472 862 1527 vicissitudinem
907 1473 1244 1540 studiorum,
1277 1473 1479 1545 quibus
1516 1472 1583 1526 ab
1614 1473 1733 1543 ipso

130 1562 319 1616 fuerat
342 1561 658 1623 institutus,
673 1561 744 1616 ad
766 1562 1107 1617 trahendum
1129 1580 1257 1617 eum
1275 1574 1331 1617 et
1350 1561 1734 1615 inclinandum

130 1651 509 1705 immaculata:
530 1652 680 1713 ﬁdei,
697 1657 891 1723 utpote
916 1653 1036 1723 ipse
1063 1652 1204 1707 bene
1234 1668 1465 1706 currens
1485 1652 1555 1705 ad
1586 1668 1730 1704 eam.

131 1739 455 1811 Omnesque
485 1740 739 1805 docebat,
785 1741 878 1811 qui
916 1741 1273 1812 philosophia
1310 1740 1512 1795 imbuti
1550 1746 1728 1806 erant,

132 1830 292 1884 illum
316 1830 475 1901 sequi
509 1831 670 1901 quasi
691 1830 1047 1900 magistrum.
1067 1831 1379 1902 Requirens
1394 1834 1581 1884 autem
1605 1847 1733 1883 eum

1817 675 1873 721 et
1897 670 2280 725 confusionem
2310 679 2638 743 perpetuam
2676 692 2687 726 :
2723 681 2781 729 et
2810 677 3116 734 astabimus
3146 690 3277 737 ante
3306 685 3412 738 tri-

1815 757 1987 812 bunal
2016 760 2316 831 Christi(II
2333 762 2543 834 Conv),
2580 767 3051 841 quemadmodum
3081 772 3283 828 docent
3309 792 3413 829 nos

1815 849 2162 920 magniloqui
2206 853 2510 922 prophetae,
2564 855 2758 921 Isaias,
2809 858 3101 923 Jeremias,
3137 863 3408 921 Ezechiel.

1815 927 2030 1002 Daniel,
2052 945 2109 992 et
2129 940 2302 993 David
2326 958 2445 1007 rex,
2471 947 2528 995 et
2551 944 2810 1015 egregius
2834 947 3059 1003 Paulus.
3076 951 3146 1005 Et
3168 958 3296 1022 post
3310 954 3413 1007 hos

1814 1024 1934 1094 ipse
1953 1026 2226 1081 Dominus
2246 1030 2586 1098 paenitentiae
2608 1032 2789 1112 dator,
2827 1041 2884 1088 et
2904 1035 3074 1107 hujus
3092 1056 3414 1112 recompen-

1815 1118 1986 1180 sator,
2021 1116 2116 1186 qui
2158 1130 2320 1170 ovem
2347 1120 2624 1188 perditam
2654 1110 2946 1193 requisivit
2980 1128 3196 1194 (Matth.
3230 1110 3411 1199 xvm),

1818 1203 1913 1272 qui
1945 1205 2296 1259 recedentem
2324 1224 2357 1259 a
2376 1209 2625 1277 paternis
2647 1210 2861 1265 sinibus
2895 1230 3020 1268 cum
3049 1218 3243 1271 multis
3271 1219 3415 1273 divi-

1817 1291 1909 1345 tiis
1938 1310 2197 1362 puerum,
2232 1300 2289 1348 et
2318 1296 2404 1349 his
2430 1298 2712 1352 luxuriose
2742 1304 3088 1373 consumptis
3108 1312 3304 1375 postea
3323 1323 3415 1362 re-

1818 1380 2106 1449 deuntem,
2136 1384 2281 1437 fame
2312 1385 2673 1453 tabefactum,
2696 1406 2969 1458 germane
2990 1394 3277 1464 amplexus
3307 1402 3412 1462 est,

1818 1475 1875 1522 et
1903 1471 2184 1525 adornans
2214 1473 2427 1543 fulgida
2456 1476 2600 1529 stola
2629 1482 2685 1530 et
2705 1479 2915 1533 annulo
2945 1498 3010 1534 ac
3028 1482 3275 1538 vestibus
3295 1502 3420 1556 pre-

1815 1557 1995 1625 tiosis,
2027 1561 2228 1616 suadet
2256 1562 2403 1616 nihil
2427 1581 2603 1634 puero
2632 1568 2905 1636 peccanti,
2936 1586 3049 1624 non
3078 1573 3293 1640 saevire,
3320 1575 3418 1628 sed

1817 1648 1988 1702 veluti
2014 1650 2174 1703 fratri
2204 1652 2425 1705 veniam
2456 1654 2590 1708 dare
2619 1655 2791 1724 (Lucas
2817 1660 2951 1726 xxv);
2985 1659 3065 1714 sic
3094 1661 3304 1733 absque
3335 1664 3431 1717 in-.

1816 1738 1963 1792 vidia
1975 1740 2247 1795 Dominus
2268 1744 2540 1798 excellens
2558 1744 2867 1801 bonitatem
2887 1751 3161 1819 aequalem
3191 1753 3300 1819 his,
3322 1754 3418 1824 qui

1817 1825 1965 1879 circa
2003 1834 2037 1892 |
2056 1836 2173 1894 54
2193 1831 2545 1886 undecimam
2570 1832 2767 1888 horam
2794 1845 3085 1903 venerunt,
3102 1842 3420 1897 mercedem

130 1920 188 1973 in
213 1893 474 1974 omnibus
493 1893 717 1986 scholis,
737 1893 953 1973 invvenit
970 1919 1028 1973 in
1066 1893 1313 1990 proastio
1334 1919 1576 1987 (QOacum
1609 1920 1734 1990 phi-
1758 1893 1916 1968 Bdat
1947 1893 2287 1985 (Matthxx).
2308 1922 2434 1990 Ipse
2466 1928 2523 1975 et
2542 1922 2702 1976 nobis
2741 1893 3419 1995 pmnitentibus,et

130 2008 561 2079 losophis.Nihil
578 2015 701 2062 erat
712 2009 860 2062 enim
876 2009 1025 2080 apud
1039 2027 1132 2062 eos
1144 2009 1315 2063 studii
1330 2026 1499 2079 quam
1514 2008 1735 2062 dicendi

130 2097 267 2168 quid
301 2114 366 2151 ac
390 2098 657 2152 audiendi
678 2115 903 2152 novum.
939 2099 1279 2169 Disputante
1308 2106 1498 2153 autem
1525 2098 1737 2159 illo,re-

130 2187 432 2258 prehendit
460 2204 591 2241 eum
630 2194 821 2242 astans
859 2188 1118 2242 Basilius.
1152 2189 1220 2242 Et
1270 2188 1497 2258 quidam
1541 2204 1736 2241 eorum

132 2277 229 2347 qui
256 2293 387 2329 cum
416 2276 552 2346 ipsis
598 2284 760 2331 erant
811 2277 952 2331 dixit
984 2296 995 2330 :
1028 2278 1412 2348 Reprehendit
1439 2282 1495 2330 te
1525 2277 1671 2347 quis,
1703 2293 1736 2329 o

130 2366 463 2437 philosophe
486 2366 509 2418 Τ
539 2367 647 2430 Qui
671 2367 752 2420 ait
776 2385 786 2419 :
820 2368 934 2421 Aut
962 2367 1130 2433 Deus,
1160 2370 1260 2420 aut
1288 2366 1546 2420 Basilius.
1566 2367 1737 2420 Reco-

129 2472 412 2525 gnoscens
440 2473 575 2526 ergo
607 2473 757 2523 eum,
790 2462 847 2510 et
877 2457 978 2510 hos
1008 2457 1102 2527 qui
1137 2473 1328 2510 secum
1359 2462 1519 2509 erant
1544 2456 1736 2509 dimit-

132 2551 279 2612 tens,
298 2546 499 2599 aderat
523 2563 650 2600 cum
672 2546 898 2611 Basilio,
926 2551 983 2599 et
1003 2545 1183 2599 tribus
1196 2545 1391 2599 diebus
1406 2545 1589 2616 jejuni
1608 2562 1737 2616 per-

136 2642 477 2702 severantes,
512 2636 849 2706 quaestiones
874 2635 1107 2689 invicem
1140 2634 1545 2706 proponebant.
1562 2636 1740 2689 Inter-

136 2725 357 2795 rogavit
370 2725 562 2795 itaque
585 2724 833 2779 Eubulus
869 2724 1168 2778 Basilium:
1204 2724 1338 2788 Quae
1371 2729 1457 2777 est
1486 2724 1739 2778 definitio

136 2815 525 2885 philosophiae,
547 2812 755 2868 Basili?
783 2814 890 2878 Qui
911 2815 993 2867 ait
1017 2831 1028 2865 :
1061 2814 1252 2868 Prima
1281 2814 1534 2868 deﬁnitio
1562 2814 1740 2884 philo-

136 2903 370 2974 sophiae,
397 2903 689 2958 meditatio
718 2904 935 2957 mortis.
961 2904 1061 2957 Ille
1110 2920 1240 2957 vero
1271 2903 1574 2969 admirans,
1609 2903 1689 2956 ait
1720 2922 1731 2956 :

136 2993 272 3056 Quis
300 2997 388 3047 est
421 2993 711 3047 mundus?
739 2993 867 3046 Ait:
910 2993 1017 3056 Qui
1050 2996 1135 3046 est
1160 2980 1330 3063 super
1348 2992 1644 3045 mundum.
1671 2992 1741 3045 Et

136 3082 329 3136 dulces
350 3082 575 3153 quidem
597 3082 935 3135 suntmundi
956 3098 1263 3145 sermones,
1280 3082 1400 3152 ipse
1411 3097 1540 3135 vero
1570 3097 1737 3134 mun-

136 3171 242 3225 dus
260 3172 624 3225 vehementer
652 3188 903 3237 amarus,
946 3171 1007 3225 εἰ-
1048 3171 1171 3241 quis
1202 3172 1348 3224 hunc
1376 3169 1572 3224 vitiose
1602 3169 1736 3223 reti-

1817 2007 2250 2080 piscentibus,ex
2264 2026 2410 2080 aqua
2422 2017 2479 2064 et
2494 2012 2706 2082 Spiritu
2721 2020 2913 2069 sancto
2925 2020 3414 2087 regenerationem

1819 2094 2071 2161 donabit,
2091 2096 2222 2166 quia
2252 2115 2352 2151 nec
2367 2100 2561 2153 oculus
2577 2101 2732 2166 vidit,
2750 2119 2853 2157 nec
2872 2106 3026 2159 auris
3071 2108 3301 2167 audivit.
3315 2126 3419 2164 nec

1818 2187 1877 2240 in
1908 2203 2003 2239 cor
2049 2185 2292 2240 hominis
2333 2190 2584 2243 ascendit
2612 2207 2737 2261 quae
2783 2196 3118 2264 praeparavit
3145 2198 3420 2254 Dominus

1820 2274 2184 2344 diligentibus
2208 2292 2267 2329 se
2299 2279 2351 2344 (Ι
2369 2280 2491 2332 Cor.
2523 2285 2602 2341 II).
2631 2280 2845 2335 Horum
2876 2300 3009 2354 ergo
3049 2302 3218 2340 sensu
3248 2287 3419 2342 intel-

1818 2364 1979 2429 lecto,
2001 2365 2250 2418 Eubulus
2262 2365 2370 2419 ait:
2398 2366 2647 2433 OBasili,
2676 2370 2914 2425 caelestis
2940 2373 3420 2431 Trinitatisasser—

1819 2458 1927 2515 tor,
1946 2471 2047 2524 per
2059 2460 2116 2506 te
2132 2455 2296 2507 credo
2320 2455 2377 2508 in
2403 2472 2579 2511 unum
2602 2459 2781 2512 Deum
2814 2462 3040 2516 Patrem
3071 2465 3421 2536 omnipoten-

1820 2548 1954 2605 tem,
1981 2549 2037 2596 et
2059 2549 2261 2597 caatera
2285 2562 2298 2609 ;
2322 2550 2650 2615 exspectans
2671 2551 3141 2606 resurrectionem
3175 2560 3423 2609 mortuo-

1822 2647 1966 2697 rum,
2004 2638 2059 2686 et
2083 2633 2255 2686 vitam
2284 2635 2505 2688 venturi
2534 2637 2743 2703 saeculi,
2775 2655 2958 2693 amen.
2999 2641 3181 2711 Opere
3230 2649 3421 2698 autem

1824 2721 2118 2775 ostendam
2151 2722 2253 2775 tibi
2281 2724 2447 2776 ﬁdem
2471 2741 2593 2794 quae
2621 2726 2678 2779 in
2700 2744 2789 2781 me
2831 2735 2917 2782 est
2940 2749 2950 2782 :
2986 2732 3272 2800 quoniam,
3301 2750 3422 2787 om-

1822 2808 1986 2863 nibus
2009 2827 2131 2881 quze
2147 2811 2285 2864 mihi
2308 2812 2581 2867 adsuntin
2604 2816 2861 2870 manibus
2885 2818 2997 2872 tuis
3008 2818 3172 2885 datis,
3198 2821 3422 2876 residuo

1821 2899 1946 2952 vitae
1977 2916 2116 2953 meae
2145 2906 2415 2971 tempore,
2453 2902 2500 2955 si
2547 2904 2814 2974 placitum
2857 2907 2915 2960 in
2967 2915 3269 2980 conspectu
3321 2911 3423 2966 Dei

1819 2986 2008 3051 fuerit,
2040 2994 2225 3043 tecum
2248 3007 2360 3054 ero,
2398 2998 2656 3062 suscepta
2683 3011 2746 3047 ex
2774 3001 2970 3049 sancta
3001 3013 3150 3068 aqua
3172 3016 3272 3053 seu
3303 3000 3425 3071 Spi-

1821 3076 1934 3130 ritu
1959 3079 2404 3146 regeneratione.
2436 3081 2534 3135 Ait
2560 3088 2749 3136 autem
2774 3084 3013 3140 Basilius
3038 3106 3049 3140 :
3084 3088 3421 3143 Benedictus

1819 3165 2093 3219 Dominus
2111 3168 2260 3221 Deus
2290 3174 2498 3235 noster,
2514 3187 2578 3222 ex
2601 3171 2705 3225 hoc
2726 3189 2873 3226 nunc
2888 3179 2945 3227 et
2965 3191 3144 3245 usque
3164 3177 3222 3230 in
3252 3194 3422 3232 saecu-

134 3265 287 3315 neat.
324 3261 393 3314 Et
420 3261 529 3314 alia
552 3266 638 3315 est
665 3261 921 3331 voluptas
949 3260 1217 3330 corporis,
1255 3266 1311 3313 et
1340 3259 1450 3312 alia
1477 3259 1735 3329 incorpo-
1752 3251 1797 3313 Ο
1817 3255 2002 3319 lum,o
2035 3254 2265 3321 Eubule,
2283 3257 2377 3327 qui
2406 3258 2707 3313 illustravit
2728 3262 2919 3316 lumen
2942 3280 3132 3318 verum
3155 3265 3211 3318 in
3232 3272 3421 3321 mente

132 3350 271 3403 ralis
299 3355 534 3405 natura.
568 3351 638 3405 Et
665 3349 877 3421 pariter
904 3350 1023 3404 haec
1052 3349 1314 3419 cuiquam
1336 3348 1516 3402 inesse
1539 3348 1741 3418 impos-

128 3439 295 3493 sibile
320 3446 557 3494 constat.
592 3441 769 3493 Nemo
816 3439 966 3493 enim
1017 3443 1203 3510 potest
1248 3437 1466 3492 duobus
1494 3437 1736 3491 dominis

130 3530 344 3583 servire
370 3530 583 3597 (Matth.
602 3534 694 3596 vI).
711 3529 942 3594 Verum,
964 3534 1238 3599 quantum
1276 3528 1454 3581 virtus
1470 3527 1736 3598 suppedi-

129 3626 235 3684 tat,
270 3619 585 3689 frangimus
610 3617 984 3695 esurientibus
1013 3634 1217 3689 panem
1257 3617 1521 3681 scientiae,
1557 3621 1614 3669 et
1643 3633 1737 3669 eos

130 3708 229 3779 qui
250 3726 354 3779 per
382 3708 657 3762 malitiam
696 3708 1069 3778 quorumdam
1110 3708 1230 3761 sine
1272 3712 1421 3760 tecto
1454 3710 1602 3769 sunt,
1635 3722 1737 3775 per

128 3799 399 3852 virtutem
432 3798 685 3852 ducimus
709 3797 815 3851 sub
845 3803 1077 3851 tectum.
1106 3797 1163 3850 Si
1202 3812 1332 3849 vero
1356 3812 1485 3849 eum
1518 3794 1733 3848 nudum

130 3888 407 3953 videmus,
421 3887 632 3941 amictu
644 3886 1076 3951 circumdamus,
1095 3890 1151 3938 et
1161 3885 1493 3938 domesticos
1504 3881 1734 3937 seminis

129 3993 244 4030 non
262 3975 620 4047 despicimus.
645 3977 897 4047 Cumque
927 3975 1159 4029 dixisset
1174 3974 1310 4037 hzec,
1342 3973 1658 4042 imaginans
1685 3971 1736 4025 ei

132 4064 454 4137 parabolice
498 4065 801 4120 Salvatoris
848 4064 1029 4119 nostri
1065 4063 1523 4128 misericordiam,
1567 4078 1734 4131 quam

134 4156 287 4211 circa
305 4172 405 4209 nos
424 4172 523 4226 per
541 4155 929 4226 paenitentiam
940 4159 1225 4225 operatur,
1248 4158 1367 4206 tres
1390 4151 1609 4205 tabulas
1628 4149 1678 4217 (2
1692 4150 1731 4213 l)

132 4245 347 4299 sensim
364 4244 696 4316 proponitin
713 4243 1028 4316 proforibus
1059 4242 1282 4307 mentis,
1305 4257 1476 4295 unam
1506 4240 1734 4310 quidem

129 4334 191 4388 in
210 4334 597 4405 superioribus
617 4340 905 4405 portarum
925 4333 1160 4387 virtutes
1177 4333 1470 4396 ferentem,
1488 4329 1734 4401 pruden-

132 4424 280 4478 tiam
308 4424 579 4487 videlicet,
598 4422 1004 4489 fortitudinem,
1021 4421 1476 4493 temperantiam,
1495 4426 1553 4474 et
1564 4418 1735 4490 justi-

134 4515 298 4568 tiam.
318 4514 383 4568 In
396 4514 623 4568 sinistra
638 4530 768 4567 vero
794 4520 954 4584 parte
975 4512 1380 4566 seductionem.
1400 4511 1574 4564 Porro
1606 4509 1735 4562 hinc

1822 3348 1940 3407 tua,
1975 3348 2032 3396 et
2061 3345 2351 3398 transtulit
2372 3353 2426 3400 te
2463 3364 2499 3400 a
2545 3348 2853 3403 multorum
2879 3368 3068 3406 errore
3096 3353 3331 3408 deorum
3360 3356 3418 3409 in

1824 3432 2166 3502 agnitionem
2192 3434 2589 3490 misericordiae
2608 3454 2744 3493 suae.
2770 3439 2942 3493 Porro
2962 3440 3028 3507 si,
3055 3447 3118 3495 ut
3132 3442 3312 3498 fassus
3334 3461 3418 3513 es,

1819 3539 2037 3575 mecum
2060 3523 2273 3594 pariter
2297 3542 2416 3578 esse
2438 3525 2537 3589 vis,
2554 3527 2971 3583 ostendamlibi
3003 3547 3114 3601 quo
3143 3532 3312 3587 saluti
3323 3551 3421 3588 no-
3518 3596 3526 3603 _

1821 3615 1948 3684 stne
1976 3612 2141 3665 modo
2171 3614 2581 3683 provideamus,
2613 3632 2648 3668 a
2683 3616 2914 3671 vinculis
2938 3618 3102 3674 istius
3132 3622 3318 3676 saeculi
3348 3622 3420 3676 li-

1818 3698 2070 3757 berandi.
2106 3702 2506 3756 Venundemus
2537 3704 2725 3758 omnia
2760 3723 2882 3777 qum
2928 3707 3087 3762 nobis
3112 3709 3322 3775 insunt,
3362 3717 3419 3765 et

1817 3790 2134 3843 tribuamus
2163 3789 2371 3859 egenis,
2393 3790 2582 3861 sicque
2607 3791 2834 3846 demum
2850 3795 2919 3847 ad
2945 3801 3193 3850 sanctam
3218 3798 3415 3853 civita-

1816 3885 1928 3933 tem
1961 3895 2282 3950 pergamus,
2303 3879 2650 3949 inspectores
2681 3898 2781 3952 per
2805 3899 2907 3937 nos
2924 3885 3199 3939 efficiendi
3230 3894 3416 3958 patra-

1817 3974 2004 4023 torum
2018 3968 2223 4021 ibidem
2256 3968 2675 4037 miraculorum,
2696 3983 2752 4025 et
2775 3973 3133 4043 acquiramus
3152 3976 3415 4032 ﬁduciam

1818 4059 1966 4129 apud
1986 4058 2186 4112 Deum.
2210 4058 2423 4111 Taliter
2452 4059 2641 4130 itaque
2672 4060 2836 4115 ambo
2866 4062 3034 4117 rebus
3062 4065 3178 4120 suis
3208 4065 3298 4137 pie
3336 4067 3417 4121 di-

1818 4147 2091 4210 stributis,
2118 4148 2235 4201 sola
2265 4164 2328 4201 ex
2359 4148 2446 4202 his
2476 4149 2829 4215 indumenta,
2852 4169 2973 4223 quae
2995 4160 3187 4209 sancto
3208 4154 3418 4228 baptis-

1816 4236 1954 4290 mati
2001 4237 2305 4307 prmparari
2327 4238 2527 4305 solent,
2555 4245 2822 4305 ementes,
2863 4242 3269 4315 Jerosolymam
3296 4251 3417 4300 ten-

1818 4327 1977 4391 dunt,
2012 4331 2398 4381 convertentes
2428 4327 2499 4381 ad
2546 4329 2849 4384 Dominum
2890 4332 3190 4400 gentilium
3220 4334 3414 4388 multi-

1816 4416 2071 4469 tudinem
2104 4416 2384 4487 copiosam
2399 4462 2411 4475 .

1890 4506 2137 4561 CAPJII.
2172 4537 2241 4547 -—
2273 4507 2667 4562 Pervenientes
2697 4510 3411 4579 veroadAntiochiurbem,

134 4610 191 4656 et
211 4602 347 4657 inde
379 4602 892 4674 intemperantiam,
924 4601 1389 4674 profanationem,
1407 4598 1735 4669 linguosita-
1750 4611 1803 4671 ι)
1819 4596 2166 4650 diverterunt
2185 4595 2253 4648 ad
2276 4597 2688 4666 receptaculum
2711 4598 3011 4669 quoddam.
3036 4601 3209 4655 Filius
3224 4612 3415 4656 autem

132 4698 272 4759 tem,
306 4692 644 4759 suasionem,
680 4699 737 4747 et
764 4692 1150 4762 hujuscemodi
1178 4706 1411 4745 examen
1434 4689 1731 4743 malorum.

132 4782 531 4837 Paenitentiam
560 4791 751 4837 autem
779 4782 1043 4836 decenter
1072 4785 1350 4835 astantem
1374 4778 1731 4849 intrepidam,

131 4872 398 4934 hilarem,
424 4873 629 4939 lenem,
662 4877 719 4926 et
746 4870 1044 4925 contrariis
1066 4870 1292 4941 quidem
1323 4868 1732 4932 adversantem,

135 4962 348 5033 p0pulo
386 4979 517 5015 vero
554 4961 702 5015 bona
753 4961 944 5015 omnia
987 4961 1411 5031 imprecantem.
1451 4959 1735 5011 Praeterea

128 5053 297 5122 juxta
326 5052 489 5117 hanc,
505 5050 927 5117 abstinentiam,
953 5050 1316 5120 sagacitatem
1328 5092 1340 5114 ,
1354 5047 1730 5102 clementiam.

135 5141 489 5212 pudicitiam,
523 5141 813 5212 pudorem,
847 5140 1280 5201 humanitatem,
1329 5143 1386 5192 et
1430 5137 1739 5190 multorum

138 5229 418 5287 bonorum
443 5230 682 5302 plebem.
698 5232 906 5285 Sensus
934 5246 1063 5284 vero
1089 5229 1258 5297 hujus
1281 5226 1529 5281 historia:
1553 5226 1740 5279 viden-

136 5322 289 5377 tibus
341 5320 568 5392 quidem
607 5326 692 5375 est
719 5319 972 5383 monitio,
996 5317 1357 5373 audientibus
1399 5323 1587 5370 autem
1641 5314 1742 5369 zeli

133 5412 374 5483 potioris
406 5410 641 5465 occasio.
675 5411 806 5465 Haec
834 5416 892 5465 et
927 5409 1047 5481 ipse
1078 5426 1180 5479 ego
1214 5407 1405 5461 videns
1434 5405 1742 5459 delectatus

135 5519 282 5568 sum,
319 5500 456 5555 etin
478 5500 584 5553 hoc
606 5500 807 5555 ductus
830 5516 977 5566 sum,
1011 5515 1043 5553 o
1074 5497 1306 5552 Eubule.
1349 5498 1493 5551 Sunt
1536 5495 1742 5566 quippe

138 5590 195 5645 in
215 5590 381 5645 nobis
404 5606 519 5645 non
547 5588 823 5661 imagines
851 5606 1034 5661 neque
1056 5587 1379 5658 aenigmata,
1401 5585 1501 5639 sed
1529 5585 1651 5656 ipsa
1681 5584 1743 5637 li—

1818 4682 2074 4754 hospitis,
2096 4684 2324 4737 nomine
2354 4685 2711 4752 Philoxenus,
2737 4687 2966 4742 sedebat
2981 4706 3093 4760 prae
3127 4688 3336 4745 foribus
3354 4691 3415 4746 in

1818 4774 2183 4828 meditatione
2210 4775 2389 4827 multa
2414 4794 2424 4828 :
2448 4782 2570 4829 erat
2594 4782 2783 4830 autem
2811 4778 2902 4831 hic
2923 4779 3227 4851 discipulus
3255 4781 3417 4836 Liba-

1818 4864 1895 4917 nii
1926 4862 2206 4934 sophistae,
2232 4880 2264 4916 a
2285 4880 2395 4933 quo
2427 4858 2751 4936 susceperat
2776 4885 2970 4923 versus
2998 4870 3325 4926 Homericos
3345 4872 3418 4926 ad

1818 4952 2267 5007 transferendum
2298 4970 2392 5006 eos
2425 4953 2480 5007 in
2520 4955 2847 5010 rhetoricos.
2884 4958 2949 5012 Et
2979 4976 3106 5013 cum
3136 4959 3194 5014 in
3237 4962 3419 5015 multa

1817 5042 2179 5097 tribulatione
2207 5039 2556 5109 consisteret,
2574 5043 2876 5100 laborando
2904 5048 3226 5116 deficiebat;
3249 5066 3417 5121 quem

1822 5132 2097 5204 aspiciens
2118 5132 2357 5187 Basilius
2380 5132 2517 5187 dixit
2534 5134 2605 5187 ad
2618 5150 2745 5189 eum
2772 5155 2783 5188 :
2810 5137 2994 5199 Quare
3015 5137 3094 5191 ita
3128 5139 3305 5192 tristis
3334 5156 3412 5203 es,

1825 5222 2187 5277 adolescens?
2219 5221 2315 5275 Ait
2346 5240 2358 5275 :
2392 5221 2525 5286 Quae
2568 5220 2960 5279 mihi‘utilitas
2989 5227 3114 5291 erit,
3150 5227 3197 5282 si
3223 5228 3414 5281 dixero

1822 5311 1970 5365 tibi?
1990 5312 2390 5365 Perseverante
2405 5317 2591 5365 autem
2614 5312 2837 5378 Basilio,
2869 5320 2924 5367 et
2944 5314 2996 5369 ei
3022 5314 3285 5386 prodesse
3302 5316 3418 5386 pol-

1823 5401 2045 5465 licente,
2079 5401 2218 5455 dixit
2248 5401 2298 5454 ei
2327 5406 2445 5454 tam
2474 5401 2803 5471 sophistam,
2829 5406 2997 5474 quam
3014 5404 3185 5458 etiam
3202 5422 3414 5469 versus,

1826 5497 1881 5545 et
1909 5491 2040 5561 quia
2070 5496 2299 5562 propter
2319 5492 2423 5545 hoc
2453 5490 2664 5545 laboro.
2699 5492 2805 5555 Qui
2851 5493 3124 5565 susceptis
3165 5495 3419 5551 versibus

1828 5579 1995 5651 coepit
2022 5579 2207 5633 dicere
2255 5581 2453 5634 horum
2495 5580 2940 5636 translationem.
2970 5585 3045 5637 At
3073 5601 3203 5639 vero
3238 5586 3422 5641 adole—

108 5708 113 5715 ~
142 5681 313 5751 quido
351 5679 561 5735 veritas
598 5678 672 5733 ad
721 5680 962 5735 salutem
1019 5678 1322 5733 adducens.
1364 5676 1745 5745 Resurgemus
1828 5687 1984 5726 scens
2012 5668 2353 5741 stupefactus
2380 5670 2594 5741 pariter
2632 5676 2689 5724 et
2716 5666 2959 5741 gavisus,
2994 5672 3053 5730 in
3083 5674 3305 5747 scriptis
3337 5694 3426 5731 ex-

205 5803 232 5834 ι
260 5792 384 5847 Hoc
414 5794 588 5862 caput
615 5788 774 5845 deest
798 5788 860 5847 in
887 5788 1031 5845 Vitis
1060 5789 1311 5846 Patrum.

380 5892 656 5954 PATROL.
704 5891 985 5954 LXXIII.

3117 5885 3195 5954 lO
