3912 6404
560 421 663 477 299

1570 421 1662 474 DE
1701 421 1888 474 VITIS
1928 421 2221 476 PATRUM
2258 421 2472 476 LIBER
2509 419 2799 474 PRIMUS.

3711 419 3815 477 300

557 544 689 614 poni
720 559 843 597 eam
872 541 1103 612 rogavit.
1133 541 1239 603 Qui
1269 541 1488 610 scripsit
1517 541 1714 594 horum
1741 542 2076 594 solutionem
2103 543 2156 594 in
2179 546 2218 598 A
2242 559 2306 595 eo
2336 543 2562 594 veniens
2581 540 2870 593 descendit
2901 540 2956 592 in
2974 556 3198 611 aquam,
3217 547 3272 593 et
3290 540 3516 594 turbata
3539 557 3687 612 aqua
3700 559 3823 596 con-

555 633 734 686 trihus
751 631 1112 685 cditionibus:
1140 647 1280 700 puer
1293 631 1739 699 autemsuscepit
1759 649 1851 682 (ms
1873 632 2146 696 gaudens,

557 729 611 775 et
645 721 867 774 diliculo
912 721 1098 790 pergit
1126 721 1194 772 ad
1245 719 1558 774 Libanium.
1592 727 1648 772 et
1675 720 1767 771 dat
1809 720 1856 770 ei
1890 736 2150 771 versuum

553 809 1014 864 enucleationem.
1047 809 1338 878 Accipiens
1383 816 1570 861 autem
1614 808 1898 870 Lihanius,
1933 816 1986 861 et
2017 826 2147 861 con-

551 905 832 952 sternatus
852 915 1022 968 super
1035 899 1421 961 translatione,
1437 898 1577 950 dixit
1601 916 1612 950 :
1633 897 1995 950 Perdivinam
2013 899 2150 950 Prov

553 987 852 1042 videntiam
893 988 1083 1042 nullus
1120 987 1481 1059 praesentium
1510 987 1847 1057 sapientium
1877 987 1987 1039 tale
2018 987 2150 1056 quid

550 1084 735 1148 potest
753 1077 1133 1148 interpretari.
1156 1077 1314 1131 Unde
1335 1094 1468 1146 ergo
1485 1083 1569 1130 est
1591 1077 1792 1128 horum
1824 1075 2152 1129 innovator?

549 1166 630 1220 ait
657 1183 798 1238 puer
826 1185 837 1219 :
873 1166 1210 1235 Peregrinus
1231 1166 1460 1236 quidam
1491 1165 1716 1218 veniens
1745 1165 1815 1218 ad
1847 1165 2149 1234 hospitium

550 1271 758 1320 meum,
775 1256 1136 1326 paratissime
1155 1255 1422 1308 disseruit
1439 1254 1574 1307 mihi
1601 1255 1801 1308 horum
1827 1254 2148 1308 dissolutio-

551 1362 702 1400 nem.
717 1344 871 1400 Nihil
891 1362 1023 1414 ergo
1038 1344 1330 1414 negligens
1344 1343 1629 1407 Libanius,
1647 1343 1854 1396 cursim
1874 1343 1942 1396 ad
1961 1344 2150 1414 hospi-

551 1433 694 1488 tium
720 1433 890 1498 venit,
927 1442 984 1488 et
1013 1433 1204 1487 videns
1235 1433 1502 1487 Basiliam
1532 1450 1646 1486 una
1673 1449 1799 1485 cum
1835 1432 2062 1493 Eubolo,
2095 1439 2152 1486 et

553 1539 956 1592 recognoscens
1003 1540 1116 1586 eos,
1159 1521 1573 1593 obstupefactus
1602 1528 1689 1575 est
1736 1539 1837 1591 pro
1877 1521 2147 1590 inspirato

551 1613 845 1682 utriusque
875 1612 1136 1666 adventu.
1179 1612 1408 1681 Rogavit
1443 1619 1631 1665 autem
1662 1629 1756 1664 eos
1785 1611 2057 1663 divertere
2089 1611 2145 1664 in

547 1701 782 1755 domum
813 1717 1004 1767 suam;
1039 1707 1093 1754 et
1129 1701 1231 1753 hoc
1256 1707 1602 1763 consecutus,
1639 1699 1853 1769 rogavit
1883 1699 2052 1752 etiam
2084 1705 2146 1752 ut

551 1806 776 1844 suavem
805 1807 903 1844 seu
925 1789 1204 1844 conditam
1228 1795 1515 1842 sumerent
1555 1806 1756 1841 escam.
1778 1788 1885 1850 Qui
1916 1806 2059 1858 pane
2090 1794 2146 1841 et

2235 631 2434 682 volmit
2463 632 2519 682 in
2549 631 2780 690 coelum;
2823 629 2878 682 hi
2915 647 3042 682 vero
3087 630 3180 699 qui
3217 629 3474 683 astabant
3518 631 3820 684 tremefacti

2230 721 2683 789 gloriﬁcaverunt
2703 721 2897 784 Deum;
2933 718 3244 789 baptizatus
3259 726 3445 772 autem
3461 721 3699 773 Basilius
3711 722 3822 773 exi-

2233 809 2389 862 vitab
2407 827 2569 878 aqua.
2583 811 2618 860 Λ
2629 808 2878 860 dmirans
2891 815 3077 861 autem
3097 808 3429 862 Maximinus
3443 809 3634 862 Basilii
3656 810 3821 863 dilec-

2233 897 2441 950 tionem
2457 915 2623 966 quam
2639 898 2693 950 in
2709 899 2823 950 Deu
2835 914 2885 949 m
2901 895 3161 959 habebat,
3179 903 3235 950 et
3247 897 3496 951 oratione
3522 897 3648 951 fusa
3659 916 3822 970 super

2235 1003 2362 1038 eum
2381 986 2560 1038 induit
2576 986 2821 1039 vestibus
2839 985 3263 1040 resurrectionis
3277 986 3503 1040 Christi.
3521 987 3822 1058 Baptizavit

2235 1081 2420 1126 autem
2452 1087 2511 1126 et
2551 1074 2848 1138 Eubulum,
2890 1080 2944 1127 et
2971 1091 3187 1144 ungens
3219 1074 3390 1129 etiam
3433 1082 3630 1130 sancto
3661 1077 3826 1130 chris-

2235 1170 2383 1215 mate
2410 1162 2547 1230 (25),
2587 1164 2820 1216 tradidit
2848 1164 3119 1217 viviﬁcam
3161 1165 3638 1232 communionem,
3671 1173 3727 1219 et
3747 1184 3824 1219 ro-

2230 1251 2383 1320 gavit
2409 1252 2675 1305 Basilium
2708 1253 2807 1306 Dei
2838 1253 3094 1306 sacerdos
3122 1260 3248 1325 post
3269 1254 3584 1308 orationem
3604 1271 3820 1308 sumere

2235 1340 2439 1405 cibum,
2477 1343 2624 1411 quod
2661 1350 2713 1394 et
2750 1342 2880 1395 fecit
2921 1343 3109 1395 dicens
3139 1359 3153 1396 :
3187 1341 3420 1396 Domine
3450 1344 3584 1397 Jesu
3607 1344 3822 1397 Christe

2235 1427 2383 1480 Deus
2406 1437 2613 1491 noster,
2633 1430 2710 1483 ita
2737 1432 2900 1484 credo
2933 1431 3264 1500 evangelicae
3283 1432 3399 1486 voci
3423 1437 3554 1496 tuae,
3591 1439 3648 1485 et
3670 1449 3823 1504 spero

2231 1517 2288 1568 in
2311 1516 2654 1585 benignitate
2668 1519 2896 1582 tua,ait,
2915 1520 3260 1574 manducans
3291 1528 3346 1574 et
3377 1520 3592 1584 bibens,
3613 1523 3821 1574 vincam

2229 1607 2584 1659 resistentem
2625 1608 2784 1660 nobis
2821 1607 3104 1661 diabolum
3155 1610 3547 1680 cooperatione
3587 1610 3820 1682 Spiritus

2229 1696 2404 1747 sancti
2453 1697 2555 1748 tui.
2593 1697 2946 1766 Stupefactus
2983 1704 3172 1751 autem
3204 1697 3463 1752 sacerdos
3496 1699 3598 1752 Dei
3631 1700 3690 1752 in
3721 1699 3818 1752 ﬁde

2231 1785 2396 1846 illius,
2419 1802 2671 1838 reversus
2691 1793 2774 1838 est
2785 1803 2910 1839 cum
2930 1787 3079 1839 eisin
3100 1793 3354 1840 sanctam
3372 1787 3682 1841 civitatem.
3706 1790 3815 1842 An-

549 1896 714 1950 aqua,
739 1879 1044 1933 secundum
1072 1878 1532 1947 consequentiam
1564 1895 1685 1947 qua:
1720 1877 1788 1929 ab
1821 1876 1957 1946 ipsis
1985 1883 2145 1929 tene-
2166 1862 2532 1927 Bniversario
2553 1893 2680 1927 vero
2710 1885 2961 1945 tempore
2988 1877 3098 1929 illic
3127 1877 3504 1940 demorantes,
3538 1895 3814 1931 communi

549 1967 732 2032 batur,
763 1974 1084 2022 mensurate
1108 1967 1402 2038 perceptis,
1427 1967 1641 2036 gratias
1669 1973 1905 2035 egerunt
1936 1966 2068 2030 Deo,
2089 1973 2145 2020 et

547 2057 796 2112 omnium
811 2057 996 2111 datori
1007 2056 1672 2111 bonorum.Paratissime
1684 2054 2144 2124 itaqueLibanius

545 2146 712 2218 ccepit
736 2162 864 2201 cum
895 2146 963 2200 iis
1010 2163 1278 2216 qumrere,
1323 2163 1387 2199 ac
1417 2145 1750 2216 protendere
1781 2145 2143 2199 verbositates

545 2234 873 2290 rhetoricas.
908 2235 996 2290 llli
1019 2241 1210 2289 autem
1243 2241 1660 2306 preposuerunt
1695 2234 1745 2286 ei
1796 2235 1863 2286 de
1896 2233 2002 2286 lide.
2033 2251 2144 2286 ser-

546 2326 880 2380 monem.At
898 2341 1026 2377 vero
1053 2323 1321 2380 Libanius
1344 2323 1592 2377 sentiens
1623 2341 1746 2393 qum
1769 2323 2138 2386 ,dicehantur:

543 2415 806 2469 Nondum
827 2420 932 2476 est,
952 2414 1155 2482 inquit,
1182 2418 1402 2483 tempus
1431 2414 1598 2482 hujus
1621 2413 1990 2482 Operationis;
2017 2429 2145 2465 cum

544 2510 733 2559 autem
745 2503 982 2573 jusserit
1001 2519 1244 2572 superna
1273 2501 1652 2567 Providentia,
1677 2518 1786 2554 non
1816 2508 1900 2555 est
1928 2502 2022 2571 qui
2064 2520 2147 2554 re-

546 2593 726 2646 sistat.
754 2592 861 2646 Sed
881 2591 1014 2661 quia
1043 2591 1100 2644 in
1131 2590 1388 2644 maximis
1419 2590 1556 2644 mihi
1581 2591 1856 2660 profuisti,
1882 2609 1913 2643 o
1953 2591 2142 2654 Basili,

546 2681 835 2751 disputare
867 2696 1089 2750 quoque
1120 2679 1188 2732 ad
1221 2679 1458 2732 novitios
1490 2697 1644 2732 meos
1691 2696 1760 2731 ne
1789 2680 2135 2747 dedigneris.

547 2769 655 2832 Qui
715 2769 977 2823 celeriter
1031 2767 1384 2838 congregatis
1415 2768 1738 2837 juvenibus,
1784 2769 2016 2821 docebat
2055 2787 2148 2821 eos

547 2857 886 2914 munditiam
909 2857 1108 2912 anima:
1121 2864 1180 2911 et
1198 2857 1707 2927 impassibilitatem
1726 2858 2149 2928 corporis,gres-

548 2963 675 3002 sum
707 2946 923 3012 mitem,
958 2963 1146 3000 vocem
1176 2952 1570 3016 temperatam,
1591 2965 1906 2999 sermonem
1927 2947 2149 2999 ordina-

546 3042 688 3100 tum,
709 3035 896 3089 cibum
923 3041 980 3092 et
1005 3035 2146 3105 potumimperturhabilem,coramsenio-

551 3125 703 3180 ribus
722 3125 1027 3189 silentium,
1048 3131 1178 3178 ante
1207 3124 1577 3195 sapientiores
1608 3124 1975 3188 auditionem,
1996 3125 2148 3177 circa

2227 1963 2457 2016 consilio
2504 1971 2778 2017 venerunt
2817 1965 3193 2032 Antiochiam,
3223 1972 3280 2019 et
3321 1966 3564 2020 Basilius
3594 1985 3629 2020 a
3659 1967 3815 2021 Mele-

2227 2051 2306 2103 tio
2331 2051 2444 2118 ('26)
2465 2053 2717 2122 ersdem
2741 2053 2892 2106 urbis
2937 2055 3194 2125 episcopo
3224 2055 3294 2108 ad
3318 2054 3538 2109 diaconi
3566 2055 3816 2110 ordinem

2227 2150 2534 2210 promotus,
2554 2153 2609 2194 et
2635 2142 3061 2197 Proverbiorum
3085 2142 3191 2213 (‘27)
3211 2162 3530 2198 sermonem
3551 2145 3816 2216 interpre-

2226 2234 2396 2296 tatus,
2433 2233 2610 2284 multa
2641 2239 2725 2284 est
2753 2233 3127 2286 admiratione
3155 2243 3464 2304 provectus.

2301 2320 2429 2372 Cu).
2465 2320 2532 2374 V.
2565 2351 2629 2362 -—
2659 2321 2794 2375 Post
2833 2339 2942 2376 non
2992 2323 3169 2377 multo
3226 2330 3480 2394 tempore
3517 2331 3812 2380 transacto.

2229 2410 2546 2478 properavit
2568 2427 2680 2463 una
2701 2429 2826 2463 cum
2851 2411 3063 2465 Eubulo
3095 2412 3167 2466 ad
3200 2413 3720 2484 Cappadocensium
3745 2432 3818 2468 re-

2227 2497 2448 2566 gionem
2474 2518 2485 2561 ;
2509 2505 2567 2551 et
2597 2517 2722 2552 cum
2748 2502 2867 2570 jam
2897 2502 3130 2572 jamque
3161 2501 3469 2570 ingressuri
3497 2493 3687 2557 esSent
3715 2505 3817 2556 Ca:-

2229 2587 2561 2640 sariensium
2579 2589 2878 2651 civitatem,
2905 2589 2961 2642 in
2977 2591 3185 2643 visione
3233 2592 3409 2644 noctis
3439 2593 3717 2646 revelatus
3743 2599 3816 2645 est

2231 2681 2361 2727 tunc
2407 2675 2666 2748 episcopo
2718 2678 2891 2748 ipsius
2941 2679 3114 2744 urbis,
3152 2680 3389 2734 Eusebio
3435 2680 3547 2748 ('28)
3579 2682 3813 2744 nomine,

2230 2765 2430 2817 horum
2451 2766 2743 2834 adventus,
2771 2775 2829 2820 et
2856 2768 3002 2838 quod
3033 2769 3276 2823 Basilius
3289 2771 3410 2839 ejus
3427 2777 3578 2824 esset
3609 2770 3818 2824 futurus

2232 2870 2538 2907 successor.
2573 2855 2677 2919 Qui
2710 2859 3132 2927 expergefactus
3163 2859 3376 2912 vocavit
3405 2859 3716 2930 principem
3745 2876 3821 2912 ee-

2232 2943 2554 2997 clesiasticze
2585 2946 3111 3012 administrationis,
3156 2954 3214 3001 et
3239 2948 3514 3018 quosdam
3547 2948 3820 3002 venerabi-

2231 3031 2366 3084 lium
2397 3033 2817 3092 clericorum,et
2845 3036 2997 3088 misit
3022 3055 3116 3089 eos
3147 3036 3214 3089 ad
3247 3037 3582 3092 orientalem
3607 3044 3816 3109 portam

2229 3120 2402 3183 urbis,
2450 3122 2638 3176 dicens
2668 3125 2746 3176 eis
2789 3125 3084 3187 visionem;
3132 3143 3370 3196 cumque.
3401 3125 3554 3180 irent
3592 3127 3662 3181 ad
3700 3144 3816 3198 por-

545 3216 803 3288 przelatos
833 3214 1256 3283 subjectionem,
1287 3215 1436 3268 circa
1475 3215 1717 3282 aequales
1761 3232 1859 3267 seu
1903 3215 2365 3286 minoresctam,
2399 3210 2544 3263 obvii
2603 3213 2831 3266 fuerunt
2881 3213 2978 3278 eis,
3014 3231 3140 3268 cum
3191 3215 3645 3284 ingrederentur.
3679 3216 3815 3279 Quos

544 3305 874 3360 charitatem
907 3321 1018 3358 non
1048 3306 1257 3368 ﬁctam,
1289 3321 1466 3374 pauca
1504 3303 1681 3362 eil‘ari,
1715 3303 1877 3374 plura
1905 3321 2033 3356 vero
2063 3304 2145 3357 in-

545 3394 831 3463 telligere;
861 3410 973 3447 non
1007 3393 1324 3462 exasperari
1355 3409 1761 3456 sermone,non
1795 3393 2144 3462 superabun-

543 3481 679 3537 dare
695 3483 953 3554 loquelis,
1003 3499 1112 3535 non
1145 3499 1267 3535 esse
1299 3489 1587 3552 promptos
1618 3482 1688 3534 ad
1709 3481 1908 3544 risum,
1934 3482 2144 3552 pudore

547 3571 758 3637 ornari,
774 3588 901 3625 cum
923 3569 1561 3640 mulieribusimpudicis
1575 3587 1687 3623 non
1709 3571 1968 3639 colloqui,
1989 3571 2146 3623 deor-

546 3678 670 3715 sum
702 3661 880 3715 visum
911 3659 1137 3718 habere,
1163 3676 1386 3712 sursum
1411 3659 1692 3723 animam;
1726 3649 2146 3723 iugerecontrai

546 3751 837 3817 dictiones,
865 3765 978 3804 non
1001 3749 1394 3802 didascalicam
1424 3749 1581 3818 sequi
1613 3748 1967 3817 dignitatem,
2005 3748 2144 3800 nihil

544 3841 822 3894 aestimare
852 3855 886 3893 θ.
913 3837 1338 3908 quibuscunque
1353 3838 1585 3890 collatos
1625 3838 1882 3890 honores.
1918 3837 2077 3899 Quod
2098 3837 2142 3889 si

545 3929 844 3999 quisquam
871 3933 1118 3981 vestrum
1139 3926 1263 3979 aliis
1289 3927 1457 3978 etiam
1476 3926 1738 3996 prodesse
1763 3931 1963 3994 potest,
1981 3942 2014 3978 a
2030 3926 2144 3978 Deo

547 4016 865 4070 mercedem
895 4019 1198 4084 exspectet,
1231 4020 1287 4066 et
1316 4019 1654 4068 aeternorum
1687 4013 1959 4066 bonorum
1991 4014 2146 4066 vicis-

547 4103 854 4158 situdinem
875 4120 909 4156 a
929 4103 1152 4157 Christo
1173 4103 1198 4156 J
1207 4119 1309 4156 esu
1341 4102 1580 4155 Domino
1611 4109 1822 4155 nostro.
1839 4103 1941 4155 llis
1960 4103 2141 4169 dictis,

549 4192 788 4247 Basilius
810 4192 882 4245 ad
905 4191 1210 4260 discipulos
1240 4189 1482 4254 Libanii,
1517 4197 1574 4244 et
1604 4191 1762 4244 miris
1790 4190 1859 4244 ab
1887 4191 2145 4245 omnibus

547 4281 808 4336 laudibus
836 4281 1172 4340 cumulatus,
1198 4295 1311 4333 una
1341 4296 1465 4333 cum
1489 4279 1703 4333 Eubulo
1733 4280 1996 4350 carpebat
2015 4281 2139 4334 iter.

621 4371 751 4424 CAP.
770 4370 858 4424 IV.
873 4400 935 4408 —
956 4370 1208 4438 Cumque
1224 4369 1630 4438 Jerosolymam
1654 4377 2055 4439 pervenissent,
2089 4377 2146 4424 et

546 4477 772 4516 omnem
787 4461 969 4514 locum
985 4464 1402 4511 sacrosanctum
1415 4458 1522 4511 fide
1538 4464 1595 4511 et
1606 4475 1796 4512 amore
1815 4461 2144 4529 perlustras-

545 4556 689 4616 sent,
712 4556 768 4604 et
785 4550 844 4604 in
865 4550 946 4603 eis
975 4549 1174 4612 Deum,
1220 4547 1315 4617 qui
1349 4564 1520 4618 super
1545 4548 1736 4602 omnia
1781 4555 1886 4611 est,
1919 4549 2144 4602 adoras-

546 4645 692 4705 sent,
721 4637 1002 4693 manifesti
1023 4637 1154 4691 facti
1179 4642 1310 4691 sunt
1337 4637 1596 4708 episcopo
1628 4638 1887 4703 civitatis,
1916 4639 2144 4692 nomine

545 4728 850 4783 Maximino
880 4727 1003 4795 (22).
1033 4727 1103 4782 Et
1139 4727 1268 4781 huic
1299 4727 1669 4797 procidentes,
1722 4728 2146 4798 postulaverunt

547 4815 781 4887 adipisci
836 4816 1082 4870 divinam
1141 4815 1624 4883 regenerationem
1655 4815 1713 4869 in
1758 4815 2000 4869 Jordane
2035 4815 2140 4884 ('23)

549 4904 802 4962 ﬂumine.
835 4904 986 4968 Quos
1027 4903 1255 4958 intuens
1295 4908 1522 4958 sanctus
1561 4904 1650 4958 hic
1682 4903 1764 4956 vir
1807 4903 1928 4967 Dei,
1959 4905 2143 4973 gratia

544 4995 764 5066 plenus,
798 4993 1124 5064 adimplevit
1153 4992 1480 5064 petitionem
1512 4992 1861 5064 ipsorum,et
1881 5008 1995 5046 una
2015 5009 2143 5048 cum

543 5082 804 5138 ﬁdelibus
821 5083 954 5137 viris
983 5081 1136 5137 venit
1157 5082 1228 5136 ad
1255 5083 1578 5137 Jordanem.
1601 5081 1741 5135 Cum
1765 5087 1954 5135 autem
1983 5082 2142 5136 Basi-

543 5173 653 5228 lius
673 5172 996 5228 accessisset
1022 5171 1093 5226 ad
1123 5171 1324 5242 ripam,
1341 5171 1565 5242 projicit
1593 5187 1652 5223 se
1687 5187 1856 5239 super
1884 5170 2137 5233 humum,

543 5269 601 5316 et
629 5279 757 5316 cum
788 5262 1051 5334 lacrymis
1094 5266 1151 5314 et
1179 5261 1424 5314 clamore
1453 5257 1634 5312 valido
1663 5258 1891 5328 patebat
1919 5259 2142 5329 signum

543 5370 656 5407 suae
677 5351 807 5406 fidei
827 5351 1084 5406 revelari.
1121 5350 1191 5404 Et
1228 5365 1354 5401 mox
1380 5363 1508 5401 cum
1537 5353 1782 5401 tremore
1799 5366 2140 5418 consurgens

549 5446 734 5508 .55
761 5440 990 5512 deponit
1019 5438 1355 5492 vestimenta
1382 5453 1502 5498 sua,
1528 5442 1587 5488 et
1605 5454 1730 5491 cum
1743 5437 1822 5491 eis
1841 5439 2142 5508 proculdu-

543 5529 638 5584 bio
665 5535 911 5584 veterem
939 5526 1250 5590 hominem,
1288 5525 1366 5579 sic
1420 5525 1646 5578 demum
1699 5525 2040 5581 descendens
2082 5527 2139 5581 in

542 5633 750 5688 aquam
765 5617 982 5681 orabat,
1004 5620 1064 5668 et
1083 5614 1351 5668 accedens
1382 5614 1639 5668 sacerdos
1653 5614 1953 5686 baptizavit
1982 5633 2132 5671 eum.

545 5707 614 5760 Et
638 5723 760 5761 ecce
779 5707 966 5778 fulgur
990 5704 1137 5774 ignis
1162 5703 1542 5776 praefulsiteis,
1572 5710 1629 5757 et
1642 5705 1899 5758 columba
1925 5704 2040 5771 (24)
2069 5722 2132 5758 ex

2157 4501 2207 4560 D

2228 3298 2476 3352 videntes
2529 3307 2584 3353 et
2631 3310 3023 3367 agnoscentes,
3065 3310 3406 3372 rogaverunt
3453 3309 3521 3358 ut
3571 3305 3814 3360 ascende-

2227 3395 2353 3440 rent
2376 3390 2445 3441 ad
2474 3391 2814 3460 epist-apum.
2851 3392 3104 3462 Cumque
3133 3393 3430 3458 intrarent,
3463 3393 3706 3448 intuitus
3732 3411 3813 3447 eos

2228 3479 2614 3533 sanctissimus
2643 3481 2951 3551 episcopus,
2986 3488 3042 3534 et
3090 3481 3430 3552 stupefactus
3459 3483 3520 3537 in
3572 3484 3813 3537 similitu-

2225 3565 2353 3619 dine
2381 3567 2627 3632 visioms,
2660 3569 2775 3622 Deo
2804 3570 3015 3639 gratias
3044 3571 3179 3639 egit.
3213 3571 3592 3641 Interrogavit
3639 3579 3809 3626 autem

2227 3655 2374 3706 unde
2398 3656 2668 3719 venirent,
2693 3664 2748 3710 et
2775 3676 2883 3728 quo
2907 3657 3146 3724 abirent,
3171 3664 3228 3711 et
3261 3677 3383 3729 quae
3414 3676 3613 3714 eorum
3645 3667 3807 3714 essent

2228 3743 2511 3806 vocabula,
2545 3752 2602 3798 et
2629 3746 2867 3810 discens,
2891 3747 3030 3800 dixit
3051 3747 3378 3802 diaconibus
3408 3749 3662 3820 praebere
3706 3765 3808 3819 qua

2227 3832 2294 3882 ad
2329 3834 2574 3902 requiem
2607 3853 2800 3888 eorum
2821 3843 3224 3906 congruerent:
3255 3837 3350 3907 qui
3370 3838 3712 3892 adducentes
3732 3854 3808 3890 eos

2227 3921 2294 3972 ad
2339 3921 2556 3992 insigne
2607 3923 2992 3980 habitaculum
3028 3924 3156 3997 (29),
3191 3927 3378 3980 omnia
3409 3926 3733 3982 obtulerunt
3753 3924 3806 3978 ad

2228 4011 2560 4065 suavitatem
2593 4031 2805 4067 eorum.
2867 4015 3072 4068 Eadem
3119 4021 3308 4082 autem
3357 4016 3493 4070 hora
3551 4017 3806 4071 advocatis

2229 4101 2612 4157 sanctissimus
2640 4103 2732 4157 'vir
2760 4102 3089 4157 lectissimos
3135 4103 3269 4158 cleri
3299 4111 3356 4157 et
3383 4104 3644 4168 civitatis,
3669 4119 3807 4158 enar-

2229 4191 2370 4245 ravit
2399 4192 2478 4244 eis
2509 4208 2572 4244 ea
2609 4207 2730 4262 quae
2774 4209 2806 4244 a
2848 4191 2962 4245 Deo
2994 4193 3218 4247 fuerant
3263 4193 3368 4246 sibi
3417 4195 3686 4248 revelata.
3715 4190 3804 4255 Qui

2227 4297 2341 4335 una
2361 4277 2691 4333 vocedixeru
2705 4286 2792 4334 nt:
2829 4279 3118 4334 Veraciter
3128 4287 3184 4335 et
3197 4282 3299 4335 hoc
3321 4282 3494 4352 digna
3516 4289 3603 4337 est
3616 4281 3807 4336 munda

2227 4371 2339 4424 vita
2365 4375 2481 4436 tua,
2511 4376 2574 4423 ut
2593 4369 2858 4424 divinitus
2887 4370 2956 4424 de
2992 4371 3129 4424 coelo
3158 4359 3502 4426 revelaretur
3520 4372 3569 4426 is
3585 4372 3676 4444 qui
3700 4372 3808 4441 post

2225 4465 2281 4512 te
2310 4461 2531 4512 futurus
2569 4465 2653 4512 est
2681 4460 3059 4530 pontiﬁcalem
3101 4460 3370 4514 thronum
3409 4477 3633 4515 ornare.
3666 4458 3803 4514 Unde

2226 4549 2365 4602 nihil
2393 4549 2661 4602 haesitans
2692 4547 2778 4600 fac
2809 4548 2957 4618 quod
2987 4547 3088 4602 tibi
3121 4549 3358 4603 videtur.
3390 4549 3697 4621 Episcopus
3724 4564 3804 4601 au-

2226 4642 2339 4692 tem
2371 4638 2636 4691 advocato
2679 4637 2884 4690 Basilio
2913 4654 3027 4690 una
3055 4655 3181 4692 cum
3214 4637 3448 4700 Eubulo.
3475 4639 3645 4711 coepit
3671 4653 3802 4691 scru-

2224 4727 2334 4780 tari
2359 4744 2483 4780 cum
2507 4727 2588 4781 eis
2609 4743 2795 4779 sacras
2827 4726 3175 4796 Scripturas;
3208 4733 3264 4780 et
3283 4727 3570 4782 admirans
3591 4729 3802 4800 pelagus

2226 4816 2514 4886 sapientia:
2539 4833 2661 4887 quae
2682 4815 2866 4869 inerat
2907 4816 3036 4882 illis,
3057 4822 3112 4871 et
3139 4815 3348 4870 habitis
3379 4817 3461 4870 eis
3484 4817 3699 4872 idoneis
3727 4831 3804 4868 as-

2225 4905 2539 4965 sistoribus,
2556 4922 2668 4958 non
2695 4911 2819 4977 post
2840 4905 3082 4959 multum
3108 4906 3375 4976 temporis
3422 4905 3580 4960 obiit.
3615 4907 3802 4960 Conve-

2227 4995 2443 5048 nientes
2474 5011 2606 5065 ergo
2636 4993 2880 5065 episcopi
2913 4993 2981 5047 ad
3014 4995 3290 5065 synodum
3325 4993 3456 5062 (30),
3481 5012 3610 5048 cum
3633 5007 3804 5064 opera-

2224 5084 2376 5138 tione
2408 5083 2648 5154 Spiritus
2685 5083 2861 5137 sancti
2893 5083 3110 5154 eligunt
3155 5083 3424 5138 Basilium
3455 5083 3525 5138 ad
3555 5083 3801 5138 thronum

2226 5173 2615 5243 episcopalem.
2651 5172 2758 5236 Qui
2788 5171 3044 5226 videlicet
3085 5177 3442 5228 consecratus
3467 5169 3800 5244 gubernabat

2226 5263 2525 5318 Ecclesium
2547 5263 2644 5318 Dei
2667 5261 3036 5333 providentia.

2294 5353 2422 5406 CAr.
2443 5352 2536 5408 VI.
2559 5382 2623 5393 ——
2647 5352 2779 5405 Post
2807 5352 3033 5422 aliquod
3058 5370 3188 5407 vero
3218 5358 3441 5424 tempus
3471 5348 3799 5424 postulavita

2222 5442 2336 5496 Deo
2369 5458 2479 5512 quo
2511 5441 2840 5495 concederet
2869 5441 2973 5494 sibi
2995 5441 3238 5511 gratiam
3261 5441 3550 5512 sapientiae
3581 5445 3637 5494 et
3661 5434 3798 5490 intel-

2224 5529 2416 5594 lectus,
2443 5535 2505 5582 ut
2517 5531 2741 5582 offerret
2769 5547 2870 5600 per
2899 5529 3123 5601 propria
3143 5529 3309 5583 verba
3330 5546 3432 5584 sua
3460 5529 3793 5584 incruentum

2220 5619 2334 5674 Deo
2391 5619 2743 5684 sacrificium,
2778 5625 2834 5672 et
2881 5619 3095 5674 veniret
3141 5617 3201 5673 in
3231 5618 3589 5692 praesentiam
3632 5609 3791 5670 sancti

2218 5707 2493 5778 Spiritus;
2528 5714 2584 5762 et
2625 5714 2751 5779 post
2779 5725 2873 5763 sex
2911 5707 3048 5776 dies,
3083 5709 3237 5763 velut
3262 5709 3322 5764 in
3359 5725 3583 5762 excessu
3604 5700 3791 5760 mentis
