3912 6430
107 430 201 488 301

584 430 753 485 VITA
792 429 1051 484 SANCTI
1090 428 1372 494 BASILII,
1414 427 1781 485 C/ESAREE
1819 432 2296 486 CAPPADOOIAE
2331 432 2909 486 ARCHIEPISCOPI.

3273 430 3380 491 302

110 559 342 612 adventu
385 538 631 628 Spiritus
671 556 848 610 sancti
887 556 1086 617 iactus,
1120 554 1359 625 septimo
1402 554 1492 607 die
1531 555 2224 625 coepitAChristianorum
2258 557 2609 626 mysterium,
2644 559 2702 611 in
2733 559 3043 613 crastinum
3081 559 3201 614 adit
3226 560 3382 615 Basi-

112 648 426 702 ministrare
456 648 573 701 Deo
602 663 703 717 per
742 645 993 715 singulos
1040 645 1178 708 dies,
1214 650 1270 697 et
1302 650 1427 714 post
1475 644 1701 714 aliquod

107 744 323 808 tempus
351 737 464 790 ﬁde
508 752 572 790 ac
614 736 868 789 oratione
915 735 1110 799 multa,
1162 733 1442 786 inchoavit
1476 734 1703 803 propria

108 843 276 881 manu
309 825 554 880 scribere
606 826 789 879 missae
822 823 1108 894 mysteria.
1158 824 1226 876 Et
1254 823 1497 893 quadam
1540 827 1701 875 nocte

104 922 290 969 astans
320 914 371 970 ei
390 915 662 969 Dominus
692 914 749 967 in
776 913 899 967 visu
927 929 1055 967 cum
1085 912 1352 983 apostolis
1373 911 1701 982 propositio-

106 1022 232 1058 nem
262 1004 423 1075 panis
452 1003 662 1057 faciens
689 1003 747 1056 in
777 1007 971 1057 sancto
1001 1002 1184 1067 altari,
1213 1002 1390 1055 erexit
1410 1000 1698 1066 Basilium,

108 1096 292 1148 dicens
321 1094 373 1148 ei
397 1111 408 1145 :
445 1093 764 1147 Secundum
792 1092 1122 1164 petitionem
1143 1097 1303 1145 tuam
1330 1091 1618 1161 repleatur
1641 1104 1703 1142 os

108 1190 267 1238 tuum
296 1184 481 1247 laude,
516 1189 581 1237 ut
610 1198 709 1253 per
734 1181 963 1253 propria
994 1181 1164 1235 verba
1206 1186 1305 1234 tua
1347 1180 1703 1233 incruentum

111 1274 307 1327 offeras
337 1272 693 1327 sacriﬁcium.
713 1272 820 1336 Qui
840 1288 953 1325 non
983 1270 1167 1324 ferens
1198 1270 1371 1324 oculis
1410 1269 1703 1331 visionem,

109 1363 350 1417 surrexit
364 1362 744 1426 tremefactus,
770 1367 827 1415 et
853 1362 1120 1415 accedens
1142 1360 1212 1414 ad
1243 1364 1502 1413 sanctum
1530 1358 1708 1411 altare

110 1453 278 1524 cmpit
313 1451 497 1507 dicere
524 1468 588 1506 ac
613 1450 856 1506 scribere
884 1451 946 1504 in
971 1450 1185 1516 charta,
1215 1449 1295 1502 ita
1321 1467 1333 1502 :
1369 1466 1396 1501 α
1435 1448 1609 1518 Reple
1647 1461 1709 1499 os

112 1558 299 1597 meum
341 1542 506 1596 laude
536 1541 668 1609 (3i),
720 1545 784 1594 ut
822 1540 1048 1594 laudem
1092 1538 1334 1609 gloriam
1382 1544 1563 1604 tuam,
1602 1536 1710 1589 Do-

111 1633 259 1686 mine
288 1633 454 1696 Deus,
491 1632 587 1702 qui
614 1630 815 1684 creasti
860 1646 979 1695 nos,
1013 1634 1071 1683 et
1114 1627 1395 1682 adduxisti
1438 1627 1509 1680 ad
1540 1626 1711 1678 vitam

114 1724 280 1789 hanc;
303 1740 328 1773 ν
350 1728 405 1774 et
432 1721 677 1791 reliquas
705 1724 908 1774 sanctae
938 1719 1123 1772 missa:
1155 1717 1456 1771 orationes.
1493 1716 1562 1769 Et
1585 1719 1713 1786 post

1783 647 1921 700 lium
1964 646 2284 717 supplicans
2314 647 2364 700 ei
2402 664 2511 718 quo
2551 648 2671 701 sine
2701 648 2968 702 dilatione
3015 650 3295 721 acciperet
3321 650 3381 704 in

1785 736 2006 789 Christo
2034 736 2405 805 signaculum.
2420 737 2526 800 Qui
2547 737 2687 790 nihil
2715 738 3020 808 negligens,
3040 738 3235 793 solitas
3253 754 3384 810 gra-

1783 831 1869 879 tes
1899 825 1967 890 ei,
2011 824 2105 895 qui
2146 842 2340 879 omnes
2379 826 2498 879 vult
2528 826 2752 892 salvari,
2784 828 3051 895 referens,
3082 828 3386 899 baptizavit

1785 930 1915 967 eum
1947 931 2074 967 cum
2102 915 2256 969 omni
2285 915 2452 967 domo
2489 931 2593 969 sua
2622 916 2942 971 credentem
2967 918 3024 971 in
3056 917 3380 972 Dominum.

1856 1004 1990 1059 CAP.
2027 1003 2167 1057 VIII.
2201 1034 2265 1043 —
2288 1003 2578 1057 Helladius
2612 1003 2724 1071 (37)
2746 1011 2937 1060 autem
2969 1011 3175 1062 sanctae
3202 1023 3383 1061 recor-

1785 1093 2047 1157 dationis,
2072 1093 2167 1164 qui
2198 1093 2480 1165 inspector
2507 1099 2564 1147 et
2582 1094 2842 1149 minister
2858 1095 2965 1149 ﬁxit
2984 1095 3385 1150 miraculorum

1788 1199 1910 1253 quae
1931 1181 2000 1235 ab
2029 1199 2093 1235 eo
2114 1188 2337 1252 patrata
2351 1187 2500 1247 sunt,
2518 1183 2726 1254 quique
2746 1189 2874 1254 post
2894 1184 3110 1239 obitum
3129 1186 3385 1256 ejusdem

1789 1272 2104 1342 apostolicae
2133 1272 2416 1326 memoriae
2452 1273 2646 1326 Basilii
2685 1274 2875 1327 sedem
2916 1274 3067 1328 illius
3103 1275 3389 1345 suscipere

1789 1361 2014 1425 meruit,
2042 1360 2128 1414 vir
2156 1365 2213 1415 et
2241 1361 2528 1415 miraculis
2557 1362 2761 1425 clarus,
2795 1368 2964 1433 atque
2996 1364 3151 1417 omni
3180 1364 3391 1418 virtute

1791 1454 2042 1508 ornatus,
2070 1449 2267 1504 retulit
2288 1451 2425 1504 mihi
2450 1451 2584 1521 quia
2598 1467 2727 1505 cum
2746 1457 2976 1507 senator
2998 1451 3229 1525 quidam
3258 1452 3393 1507 ﬁde-

1791 1538 1879 1604 lis,
1914 1537 2142 1592 nomine
2186 1538 2472 1593 Proterius
2524 1537 2650 1607 (38),
2693 1545 2955 1613 pergeret
2993 1540 3064 1594 ad
3104 1545 3299 1595 sancta
3337 1546 3396 1595 et

1792 1627 2126 1698 percolenda
2144 1628 2283 1689 loca,
2307 1633 2364 1681 et
2391 1628 2601 1683 ibidem
2620 1626 2796 1683 ﬁliam
2819 1646 2979 1685 suam
3003 1629 3236 1684 tondere
3254 1628 3388 1700 (39),

1793 1723 1850 1771 et
1878 1717 1937 1771 in
1964 1732 2139 1771 unum
2161 1716 2563 1771 venerabilium
2594 1719 3063 1775 monasteriorum
3077 1720 3320 1785 mittere,
3337 1724 3396 1774 et

112 1813 279 1866 ﬁnem
305 1811 625 1865 orationum
654 1809 919 1863 exaltavit
938 1824 1144 1879 panem
1157 1806 1289 1878 (3‘2),
1309 1806 1520 1877 prolixe
1545 1821 1770 1885 orans“
1793 1806 2127 1860 sacrificium
2171 1807 2287 1861 Deo
2330 1807 2528 1861 offerre
2565 1807 2849 1873 voluisset,
2883 1808 3158 1875 diabolus,
3194 1809 3290 1885 qui
3324 1808 3395 1864 ab

114 1907 167 1955 et
196 1901 416 1955 dicens:
452 1919 476 1951 (ί
497 1874 1003 1964 Attende,Domine
1033 1874 1177 1951 Jesu'
1195 1874 1593 1963 Christe,Deus
1615 1874 1773 1948 no—B
1792 1895 1950 1950 initio
1980 1896 2262 1950 homicida
2300 1902 2403 1959 est,
2435 1897 2690 1951 invidens
2736 1899 2858 1969 ejus
2902 1874 3165 1969 religioso
3193 1874 3396 1971 propo-

111 1998 245 2056 ster,
261 1991 329 2044 de
350 1995 540 2044 sancto
561 1988 879 2042 habitaculo
899 1994 1017 2048 tuo,
1042 1993 1098 2040 et
1118 1987 1242 2040 veni
1270 1986 1341 2039 ad
1363 1985 1711 2039 sanctiﬁcan-
1793 1989 1918 2053 sito,
1951 1988 2250 2041 commovit
2290 2005 2469 2042 unum
2501 2006 2566 2042 ex
2617 1990 2791 2043 servis
2837 1990 2979 2059 ejus,
3029 1993 3086 2044 et
3133 1989 3283 2044 hunc
3322 1988 3393 2044 ad

110 2072 244 2135 dum
267 2098 387 2145 nos,
413 2080 507 2150 qui
538 2096 764 2133 sursum
788 2094 915 2131 cum
939 2078 1105 2131 Patre
1126 2076 1306 2140 sedes,
1328 2080 1386 2129 et
1416 2075 1507 2128 hic
1527 2073 1712 2128 nobis—
1792 2078 1991 2149 puellae
2029 2077 2317 2131 succendit
2363 2094 2634 2133 amorem.
2670 2077 2773 2131 Hic
2826 2078 3019 2149 itaque
3060 2094 3187 2133 cum
3235 2078 3397 2133 tanto

108 2188 237 2225 cum
264 2168 620 2223 invisibiliter
647 2168 797 2233 ades,
832 2174 889 2221 et
916 2167 1148 2236 dignare
1176 2164 1393 2236 potenti
1411 2181 1582 2218 manu
1611 2169 1712 2217 tua
1794 2174 1920 2222 voto
1965 2172 2113 2221 esset
2166 2164 2449 2237 indignus,
2496 2173 2552 2221 et
2607 2184 2720 2221 non
2773 2168 3008 2222 auderet
3047 2168 3399 2240 propositum

108 2260 360 2314 tribuere
395 2257 554 2312 nobis
584 2264 642 2312 et
663 2274 765 2328 per
792 2273 894 2310 nos
923 2256 1074 2311 omni
1106 2256 1311 2327 pepulo
1349 2260 1543 2308 sancta
1585 2270 1714 2306 san—
1796 2257 1992 2310 saltem
2026 2255 2367 2326 contingere,
2402 2255 2708 2327 alloquitur
2736 2273 2911 2311 unum
2946 2274 3011 2311 ex
3054 2257 3399 2313 detestandis

110 2351 269 2403 etis.»
288 2347 533 2419 POpulus
547 2347 865 2417 respondit:
891 2347 1089 2400 «Unus
1108 2343 1715 2407 sanctus,unusDomi-
1742 2344 1745 2351 ’
1798 2346 2082 2403 maleﬁcis.
2106 2334 2504 2416 repromittens
2532 2345 2613 2399 illi
2641 2350 2706 2400 ut
2728 2346 2788 2411 _si
2823 2345 2966 2400 forte
2995 2352 3116 2401 arte
3142 2358 3247 2401 sua
3275 2364 3401 2418 pos-

102 2446 220 2493 'nus
241 2439 403 2493 Jesus
422 2438 679 2493 Christus
704 2452 830 2490 cum
850 2442 1040 2489 sancto
1075 2435 1290 2505 Spiritu
1318 2434 1376 2487 in
1405 2434 1586 2504 gloria
1615 2433 1716 2487 Dei
1799 2440 1885 2489 set
1941 2435 2095 2488 illam
2147 2451 2515 2503 commovere,
2564 2435 2803 2489 multam
2858 2435 2908 2489 ei
2950 2436 3073 2490 auri
3125 2434 3405 2492 tribueret

112 2530 318 2584 Patris.
341 2531 583 2582 Amen.»
612 2527 680 2581 Et
699 2526 949 2580 dividens
968 2542 1172 2596 panem
1191 2525 1249 2578 in
1269 2529 1382 2577 tres
1410 2523 1713 2594 portiones,
1801 2525 2193 2595 quantitatem.
2227 2525 2302 2578 At
2344 2541 2472 2579 vero
2513 2526 2793 2579 veneﬁcus
2832 2525 2975 2578 dixit
3019 2525 3090 2579 ad
3141 2541 3273 2580 eum
3309 2544 3322 2580 :
3355 2526 3403 2581 Ο

116 2636 288 2673 unam
303 2618 531 2688 quidem
550 2615 932 2687 suseepitcum
952 2615 1155 2668 timore
1174 2613 1370 2678 multo,
1398 2612 1568 2667 aliam
1591 2629 1718 2667 vero
1799 2616 1986 2677 homo,
2032 2631 2135 2684 ego
2165 2614 2235 2667 ad
2281 2615 2385 2668 hoc
2422 2614 2605 2685 impos
2644 2613 2819 2668 existo
2845 2633 2858 2682 ;
2893 2608 2993 2669 sed
3028 2614 3075 2668 si
3105 2612 3208 2679 vis,
3239 2615 3405 2670 mitto

118 2709 360 2762 servavit
387 2708 458 2761 ad
485 2705 972 2783 consepeliendum
999 2703 1103 2757 sibi
1125 2702 1255 2770 (33),
1279 2702 1508 2757 tertiam
1529 2707 1716 2756 autem
1801 2709 1857 2757 te
1886 2704 1957 2757 ad
1986 2703 2330 2774 provisorem
2367 2720 2556 2757 meum
2586 2702 2893 2769 diabolum,
2917 2709 2975 2758 et
3000 2703 3097 2758 ille
3122 2702 3290 2758 faciet
3320 2721 3408 2759 vo-

116 2798 358 2869 positam
403 2795 505 2865 (34)
554 2811 721 2867 super
758 2793 1077 2848 columbam
1130 2809 1381 2857 auream,
1426 2791 1720 2864 suspendit
1801 2794 2080 2846 luntatem
2115 2798 2291 2857 tuam,
2324 2792 2372 2846 si
2416 2798 2478 2846 tu
2518 2792 2790 2847 duntaxat
2830 2792 3029 2847 feceris
3058 2789 3416 2848 voluntatem.

112 2904 285 2959 super
313 2887 510 2939 altare.
535 2884 783 2939 Eubulus
804 2889 996 2937 autem
1020 2888 1075 2936 et
1105 2882 1241 2936 cleri
1267 2882 1525 2954 princeps
1547 2882 1718 2935 simul
1804 2884 1945 2952 ejus.
1980 2882 2089 2946 Qui
2118 2881 2257 2935 dixit
2285 2882 2357 2935 ad
2387 2898 2516 2936 eum
2551 2900 2560 2935 :
2611 2882 2969 2954 Quaecunque
2999 2880 3209 2945 dixerit
3246 2880 3406 2950 mihi,

114 2993 233 3049 prae
260 2976 473 3029 foribus
501 2974 696 3045 templi
727 2978 960 3038 stantes,
984 2971 1247 3026 videbant
1287 2972 1479 3025 lumen
1508 2970 1720 3025 intelli-
1804 2971 2024 3025 faciam.
2058 2971 2153 3025 Ait
2192 2971 2285 3025 ille
2319 2989 2330 3023 :
2381 2970 2782 3036 Abrenuntias,
2814 2971 3017 3043 inquit,
3071 2972 3296 3026 Christo
3349 2972 3412 3026 in

115 3066 293 3137 gibile
324 3066 381 3119 in
408 3064 639 3135 templo,
665 3069 722 3117 et
752 3062 1006 3116 homines
1028 3061 1338 3115 clarissime
1371 3061 1718 3126 candidatos,
1806 3060 2069 3130 scriptis?
2106 3060 2253 3115 Dicit
2281 3060 2331 3114 ei
2364 3080 2376 3113 :
2410 3058 2615 3115 Etiam.
2650 3062 2826 3116 Porro
2855 3060 3173 3133 iniquitatis
3217 3076 3412 3134 Opera-

114 3162 171 3209 et
198 3171 395 3209 vocem
425 3152 615 3224 populi
635 3151 999 3222 gloriﬁcantis
1030 3151 1350 3215 Dominum,
1373 3156 1429 3204 et
1453 3149 1723 3204 Basilium
1742 3201 1782 3224 η
1806 3149 1923 3202 rius
1951 3148 2087 3202 dicit
2110 3149 2161 3202 ei
2196 3166 2207 3201 :
2236 3149 2294 3203 Si
2324 3149 2395 3202 ad
2429 3150 2535 3203 hoc
2566 3156 2797 3221 paratus
2836 3168 2914 3217 es,
2950 3156 3282 3221 cooperator
3307 3144 3413 3219 tibi

116 3201 170 3209 ν,
213 3201 395 3209 ηπ-..
425 3201 996 3224 Γρηοηηηηηη-
1033 3201 1062 3204 _
1381 3201 1425 3204 μ

114 3246 285 3299 altari
309 3248 618 3309 astantem;
642 3248 698 3295 et
712 3241 1053 3296 consternati
1075 3257 1244 3312 super
1263 3241 1491 3305 visione,
1515 3239 1723 3293 cecide—
1740 3201 1783 3259 Ο

116 3340 253 3388 runt
271 3333 332 3387 in
350 3333 569 3398 faciem,
584 3348 710 3386 cum
730 3331 995 3402 lacrymis
1008 3330 1385 3399 gloriﬁcantes
1396 3329 1718 3383 Dominum.

117 3425 261 3479 Cum
310 3429 502 3477 autem
546 3421 749 3475 exisset
786 3421 1047 3480 Basilius,
1079 3419 1403 3473 ceciderunt
1430 3419 1499 3472 ad
1530 3419 1718 3489 pedes.

120 3513 227 3577 Qui
264 3511 634 3582 interrogavit
670 3526 896 3564 causam
940 3509 1285 3563 adorationis
1320 3514 1377 3561 et
1420 3509 1726 3562 adventum

118 3619 340 3655 eorum.
361 3601 448 3656 Illi
464 3616 593 3653 vero
615 3600 876 3653 dixerunt
894 3599 1367 3669 gloriosissimum
1390 3598 1729 3651 miraculum

121 3692 273 3763 quod
320 3690 582 3744 viderunt
627 3690 685 3743 in
725 3689 955 3760 templo.
1010 3689 1161 3742 I‘unc
1212 3688 1451 3741 Basilius
1500 3693 1729 3741 extense

118 3781 337 3851 gratias
362 3786 398 3844 1
414 3783 719 3848 “agens
730 3778 988 3843 Domino,
1008 3779 1293 3831 enarravit
1301 3777 1725 3847 gloriosissima.

124 3871 189 3924 Et
218 3871 490 3923 advocato
522 3869 769 3933 auriﬁce,
802 3867 931 3922 fecit
954 3868 1269 3921 columbam
1300 3868 1368 3920 de
1393 3884 1530 3921 auro
1563 3883 1730 3920 mun-

122 3960 377 4024 dissimo,
398 3959 530 4012 etin
550 3975 616 4011 ea
630 3957 817 4029 posuit
836 3958 1169 4028 portionem,
1189 3957 1539 4028 suspendens
1563 3973 1733 4028 super

122 4055 379 4102 sanctam
412 4064 684 4111 mensam,
707 4048 888 4100 instar
917 4052 1123 4101 sanctae
1146 4047 1295 4101 illius
1317 4046 1585 4101 columba:
1609 4063 1731 4117 quae

123 4138 393 4209 apparuit
420 4138 479 4192 in
503 4137 745 4192 Jordane
782 4136 1020 4190 Domino
1054 4136 1355 4208 baptizato.
1391 4137 1506 4190 Hoc
1539 4143 1730 4189 autem

123 4229 295 4293 facto,
327 4226 649 4299 repromisit
678 4242 997 4280 sermonem
1026 4224 1429 4279 exhortationis
1461 4242 1519 4278 se
1549 4224 1733 4278 dicere

126 4319 195 4371 ad
230 4317 531 4389 pepulum;
575 4321 633 4371 et
661 4316 931 4369 collocata
960 4320 1046 4369 est
1073 4316 1295 4369 inﬁnita
1326 4315 1627 4368 multitudo
1676 4314 1733 4367 in

123 4406 381 4469 ecclesia,
422 4399 570 4460 inth
608 4420 747 4478 quos
808 4411 930 4459 erat
983 4405 1069 4458 vir
1113 4421 1369 4474 magnus,
1404 4405 1505 4458 Dei
1555 4403 1736 4457 cultor

126 4497 391 4567 Ephraem
436 4494 567 4563 (35),
618 4495 685 4549 de
738 4512 847 4565 quo
907 4495 1266 4565 postmodum
1317 4492 1728 4559 enarrabimus,

124 4587 376 4655 qualiter
386 4603 449 4640 ex
470 4584 823 4657 apparitione
845 4584 1034 4639 divina
1055 4584 1338 4654 inspector
1358 4582 1537 4637 factus
1564 4582 1751 4638 fuerit

124 4674 484 4729 memorandi
520 4673 734 4729 Basilii.

199 4765 336 4819 CAP.
370 4764 493 4818 VII.
549 4798 610 4807 —
646 4764 844 4835 Itaque
892 4780 1018 4819 cum
1056 4762 1309 4818 divinum
1353 4761 1734 4816 celebraretur

124 4854 399 4919 ofﬁcium,
425 4853 692 4911 Hebraeus
724 4850 835 4925 (36)
880 4853 1129 4927 quidam,
1164 4858 1228 4906 ut
1265 4853 1641 4918 Christianus,
1674 4868 1734 4905 se

123 4945 339 5017 pOpulo
370 4942 614 5008 miscuit,
649 4943 904 4998 ordinem
951 4942 1118 4997 ofﬁcii
1150 4947 1207 4996 et
1242 4942 1452 4996 donum
1482 4957 1735 4996 commu-

125 5034 318 5088 nionis
347 5033 635 5104 explorare
665 5033 873 5101 volens,
908 5039 965 5087 et
1002 5033 1155 5087 videt
1180 5032 1522 5085 infantulum
1555 5047 1734 5090 mem-

126 5124 339 5177 bratim
378 5122 547 5176 incidi
576 5122 635 5176 in
662 5123 923 5177 manibus
953 5121 1146 5176 Basilii
1176 5141 1187 5189 ;
1232 5126 1289 5176 et
1320 5120 1737 5175 communican-

124 5213 281 5267 tibus
311 5211 571 5267 omnibus
586 5212 737 5266 venit
757 5218 815 5265 et
833 5213 971 5284 ipse,
996 5218 1053 5265 et
1072 5211 1207 5266 data
1226 5216 1311 5265 est
1341 5211 1390 5265 ei
1414 5211 1472 5264 in
1500 5210 1735 5263 veritate

121 5318 291 5369 caro;
333 5300 536 5357 deinde
566 5302 727 5355 adest
755 5307 812 5356 et
849 5301 1024 5365 calici,
1052 5300 1147 5372 qui
1169 5305 1290 5355 erat
1315 5300 1589 5371 sanguine
1622 5297 1738 5371 ple-

125 5409 255 5459 nus,
291 5397 350 5445 et
377 5390 554 5463 ipsius
583 5390 860 5463 particeps
886 5395 971 5445 est
998 5389 1244 5444 effectus.
1274 5392 1459 5462 Atque
1490 5406 1554 5443 ex
1586 5393 1737 5443 utro-

126 5497 237 5550 que
263 5486 623 5534 conservatas
644 5480 927 5550 reliquias,
953 5496 1192 5552 pergens
1218 5479 1275 5533 in
1297 5480 1529 5532 domum
1552 5493 1733 5543 suam,

1809 3238 2036 3292 efﬁciar.
2062 3238 2163 3292 Ille
2188 3244 2378 3292 autem
2403 3239 2472 3292 ad
2492 3239 2677 3309 ipsum
2704 3258 2715 3292 :
2746 3240 2984 3293 Paratus
3007 3257 3156 3311 sum,
3186 3244 3412 3309 tantum

1809 3333 1872 3382 ut
1892 3344 2204 3398 consequar
2223 3327 2583 3382 desiderium.
2608 3326 2680 3382 Et
2696 3327 2843 3383 facta
2872 3328 3127 3400 epistola,
3153 3324 3411 3403 pessimae

1809 3417 2151 3488 operationis
2181 3416 2438 3471 minister
2467 3417 2538 3471 ad
2585 3414 2869 3472 diabolum
2903 3417 3207 3473 destinavit
3261 3432 3408 3488 eam,

1810 3506 2112 3560 habentem
2142 3507 2417 3560 dictatum
2439 3507 2764 3577 hujusmodi
2789 3525 2800 3560 :
2833 3527 2854 3559 α
2874 3507 3153 3572 Quoniam
3183 3500 3413 3577 domino

1812 3601 1869 3649 et
1900 3596 2169 3667 provisori
2214 3613 2339 3649 meo
2390 3602 2614 3668 oportet
2653 3613 2742 3650 me
2789 3597 2925 3651 dare
2955 3613 3206 3669 operam,
3239 3614 3352 3669 quo
3381 3612 3417 3653 a

1812 3684 2261 3739 Christianorum
2292 3684 2563 3754 religione
2605 3684 2912 3753 discedant,
2946 3690 3004 3740 et
3033 3687 3104 3740 ad
3133 3691 3292 3741 tuam
3321 3704 3415 3742 so-

1813 3766 2073 3828 cietatem
2102 3773 2387 3837 accedant,
2435 3779 2500 3827 ut
2534 3775 2881 3845 compleatur
2908 3775 3090 3846 portio
3132 3781 3248 3843 tua,
3287 3774 3417 3843 misi

1813 3863 1913 3917 tibi
1941 3868 2291 3934 praesentem.
2335 3880 2492 3917 meas
2521 3863 2869 3918 deferentem
2912 3864 3212 3932 litterulas,
3254 3866 3415 3937 cupi-

1815 3953 1944 4007 dine
1974 3953 2172 4023 puellae
2227 3952 2557 4007 sauciatum.
2592 3953 2661 4006 Et
2706 3952 2933 4008 obsecro
2981 3959 3045 4008 ut
3090 3954 3259 4025 hujus
3300 3944 3415 4010 voti

1814 4059 2040 4114 compos
2063 4042 2283 4109 existat,
2316 4047 2378 4096 ut
2407 4048 2463 4096 et
2490 4042 2549 4096 in
2578 4042 2681 4097 hoc
2707 4043 2935 4113 glorier,
2961 4049 3018 4098 et
3036 4058 3162 4098 cum
3186 4043 3418 4099 afﬂuen-

1813 4132 1945 4186 tiori
1977 4132 2266 4186 alacritate
2297 4132 2555 4201 colligam
2590 4138 2871 4187 amatores
2892 4139 3037 4188 tuos.
3063 4153 3084 4184 ι
3117 4132 3183 4189 Et
3204 4132 3337 4188 data
3365 4134 3417 4197 ei

1818 4222 2068 4294 epistola,
2113 4222 2252 4275 dixit
2287 4240 2297 4274 :
2334 4222 2486 4276 Vade
2513 4222 2612 4276 tali
2642 4223 2782 4277 hora
2811 4223 3008 4291 noctis,
3046 4228 3102 4278 et
3130 4229 3219 4287 sta
3248 4222 3421 4296 su’pra

1818 4317 2247 4365 monumentum
2280 4311 2518 4382 alicujus
2548 4311 2772 4383 pagani,
2807 4319 2863 4367 et
2902 4312 3054 4383 erige
3085 4314 3337 4377 chartam
3360 4315 3419 4368 in

1817 4419 1968 4467 aera,
2004 4407 2060 4454 et
2090 4400 2356 4456 astabunt
2385 4401 2484 4455 tibi
2515 4390 2705 4473 quite
2735 4401 2942 4462 debent
2966 4403 3270 4457 duceread
3304 4402 3427 4458 dia-

1817 4489 2029 4546 bolum.
2069 4490 2175 4553 Qui
2206 4492 2311 4545 hoc
2340 4492 2605 4546 alacriter
2630 4498 2809 4563 gesto.
2829 4492 3017 4546 emisit
3042 4493 3420 4546 miserrimam

1816 4579 1971 4633 illam
2001 4596 2211 4643 vocem,
2244 4580 2507 4634 invocans
2537 4580 2742 4635 diaboli
2777 4580 3149 4651 adjutorium;
3189 4586 3245 4634 et
3284 4596 3420 4635 con-

1817 4670 1976 4723 tinuo
1998 4668 2302 4722 astiterunt
2329 4670 2379 4722 ei
2412 4669 2690 4741 principes
2716 4669 3009 4742 potestatis
3030 4668 3416 4737 tenebrarum,

1816 4758 2045 4829 spiritus
2066 4757 2328 4829 nequitire
2369 4759 2577 4827 (Ep/les.
2612 4762 2705 4827 Vl),
2737 4764 2793 4813 et
2822 4764 3079 4830 suscepto
3111 4758 3206 4831 qui
3236 4757 3422 4814 fuerat

1817 4848 2100 4919 deceptus,
2135 4864 2263 4901 cum
2310 4847 2516 4915 gaudio
2570 4860 2775 4923 magno
2823 4849 3110 4905 duxerunt
3155 4864 3283 4905 eum
3324 4845 3419 4907 ubi

1817 4944 1939 4994 erat
1954 4937 2229 5001 diabolus,
2246 4954 2415 5008 quem
2434 4944 2491 4991 et
2514 4943 2968 4993 monstraverunt
2989 4940 3038 4994 ei
3064 4954 3232 5012 super
3245 4942 3421 4995 excel-

1818 5045 1944 5083 sum
1972 5026 2175 5082 solium
2198 5027 2508 5095 sedentem,
2534 5033 2590 5081 et
2618 5029 2675 5082 in
2696 5046 2835 5100 gyro
2863 5031 2986 5100 ejus
3016 5029 3284 5103 nequitia:
3312 5031 3425 5111 spi-

1818 5117 1961 5172 ritus
2018 5118 2449 5172 circumstantes
2485 5136 2497 5184 ;
2530 5122 2589 5171 et
2616 5118 2891 5191 susceptis
2930 5120 3161 5175 veneﬁci
3190 5118 3417 5184 litteris,

1819 5206 1965 5262 dixit
1983 5208 2052 5261 ad
2084 5206 2361 5261 infelicem
2391 5206 2549 5263 illum
2582 5226 2592 5261 :
2626 5208 2819 5264 Credis
2848 5209 2907 5264 in
2936 5227 3026 5264 me
3054 5210 3078 5262 ?
3107 5208 3213 5274 Qui
3234 5209 3374 5266 dixit
3402 5228 3418 5265 :

1819 5297 2018 5351 Credo.
2047 5295 2199 5350 Dixit
2227 5296 2277 5349 ei
2309 5296 2563 5351 diabolus
2606 5316 2617 5350 :
2650 5297 3130 5370 Tergiversatores
3159 5297 3295 5353 estis
3325 5316 3422 5354 vos

1820 5385 2145 5451 Christiani,
2177 5392 2234 5440 et
2260 5386 2485 5457 quidem
2518 5387 2740 5459 quando
2778 5404 2869 5442 me
2897 5404 3037 5461 Opus
3065 5386 3306 5455 habetis,
3335 5406 3424 5443 ve-

1824 5475 1958 5529 nitis
1978 5475 2048 5530 ad
2070 5492 2185 5541 me;
2207 5493 2335 5530 cum
2365 5482 2557 5530 autem
2586 5477 2868 5531 consecuti
2898 5476 3115 5531 fueritis
3137 5477 3417 5547 eﬁ‘ectum,

133 5571 387 5625 ostendit
411 5570 573 5624 uxori
606 5586 738 5635 suae,
775 5570 842 5623 ad
874 5569 1361 5623 conﬁrmationem
1391 5584 1585 5621 eorum
1618 5583 1741 5639 quae
1824 5564 2113 5636 abnegatis
2133 5583 2223 5618 me
2246 5571 2302 5619 et
2329 5565 2591 5622 acceditis
2612 5566 2681 5620 ad
2702 5566 2987 5620 Christum
3008 5572 3277 5634 vestrum,
3303 5568 3421 5641 qui,

132 5656 1742 5732 dicebantur,enarransquzepmpriisvideratoculis.Cre-
1824 5672 1949 5709 cum
1981 5656 2055 5709 sit
2082 5654 2262 5710 bonus
2290 5662 2460 5729 atque
2497 5656 2835 5723 misericors,
2878 5655 3113 5729 suscipit
3148 5674 3262 5712 vos.
3314 5658 3423 5713 Sed

133 5751 275 5806 dens
306 5765 443 5820 ergo
475 5748 626 5819 quod
656 5760 850 5803 revera
885 5734 1231 5804 horrendum
1253 5747 1326 5802 sit
1353 5752 1409 5801 et
1433 5746 1742 5817 gloriosum
1825 5746 1908 5800 fac
1938 5745 2077 5799 mihi
2104 5744 2162 5798 in
2189 5745 2409 5816 scriptis
2428 5751 2547 5800 tam
2576 5744 2784 5801 Christi
2814 5745 2898 5801 tui
2940 5752 2997 5801 et
3034 5746 3215 5801 sancti
3242 5745 3426 5820 bapti-
