3912 6408
499 377 611 432 303

1514 379 1606 434 DE
1643 379 1832 435 VITlS
1869 380 2166 434 PATRUM
2205 379 2421 435 LIBER
2456 376 2748 434 PRIMUS.

3668 373 3779 433 304

499 505 698 562 amatis
724 504 1090 559 voluntariam
1113 503 1677 568 abrenuntiationem,
1711 520 1878 573 quam
1906 503 1966 556 in
1995 521 2086 556 me
2103 511 2152 566 Α
2174 503 2439 558 suasoriis
2467 506 2588 574 ejus
2608 503 2788 557 verbis
2811 503 3128 567 deveniens,
3150 501 3287 556 dixit
3317 501 3388 556 ad
3418 518 3582 557 eum:
3610 501 3673 556 Si
3690 499 3774 553 vis

497 610 604 664 per
656 593 855 648 smcula
895 597 1261 663 spontaneam
1300 591 1811 662 repromissionem,
1851 597 1908 645 et
1957 591 2089 662 quia

499 699 717 738 mecum
743 681 855 735 eris
882 681 940 735 in
969 681 1060 735 die
1085 681 1282 752 judicii
1313 681 1481 735 simul
1519 681 1892 752 perfruiturus
1921 686 2086 734 mter-

495 771 584 824 nis
638 771 940 842 suppliciis,
989 787 1112 842 qum
1151 770 1288 824 mihi
1327 775 1461 824 sunt
1496 775 1827 840 praeparata.
1875 771 1949 822 At
1993 769 2086 822 ille

495 859 751 930 exposuit
773 859 1016 930 pr0prim
1047 876 1246 913 manus
1286 859 1576 930 scriptum,
1609 858 2086 929 quemadmodum

491 949 678 1002 fuerat
702 947 998 1019 expetitus.
1035 949 1360 1017 Rursusque
1415 947 1508 1000 ille
1537 953 1832 1018 corruptor
1875 946 2088 1000 anima-

489 1053 614 1092 rum
644 1036 812 1092 draco
839 1036 1086 1090 destinat
1107 1037 1388 1091 dmmones
1430 1035 1785 1090 fornicationi
1817 1036 2087 1106 prmposi-

488 1131 578 1179 tos
597 1125 802 1194 (40),et
829 1125 1188 1179 exardescere
1217 1124 1431 1180 faciunt
1457 1125 1701 1195 puellam
1731 1124 1802 1177 ad
1832 1140 2082 1177 amorem

490 1213 670 1284 pueri,
705 1229 827 1286 qum
876 1213 1112 1285 projecit
1150 1231 1210 1268 se
1263 1213 1322 1267 in
1377 1212 1782 1284 pavimentum,
1825 1219 1883 1265 et
1919 1212 2087 1282 coepit

490 1303 737 1357 clamare
765 1303 838 1356 ad
874 1308 1094 1373 patrem
1128 1319 1140 1354 :
1175 1301 1442 1355 Miserere
1469 1300 1600 1364 mei,
1632 1300 1920 1365 miserere,
1953 1300 2086 1371 quia

489 1391 755 1446 atrociter
780 1395 1048 1461 torqueor
1075 1395 1304 1462 propter
1339 1390 1510 1443 talem
1538 1405 1774 1460 puerum
1806 1396 2080 1443 nostrum.

489 1480 825 1551 Compatere
849 1478 1154 1534 visceribus
1179 1477 1312 1543 tuis,
1347 1478 1577 1532 ostende
1607 1478 1665 1532 in
1704 1495 1795 1532 me
1831 1477 2086 1547 unigeni-

490 1574 609 1624 tam
634 1574 794 1624 tuam
821 1575 1119 1640 paternum
1149 1567 1430 1630 affectum,
1477 1572 1534 1620 et
1555 1567 1732 1637 junge
1769 1584 1858 1621 me
1888 1583 2080 1637 puero,

491 1674 661 1729 quem
689 1657 839 1728 eligi.
863 1656 1023 1721 Quod
1052 1656 1098 1710 si
1120 1656 1237 1711 haec
1265 1672 1432 1726 agere
1462 1655 1727 1720 nolueris,
1753 1655 1964 1708 videbis
1995 1672 2084 1709 me

2171 591 2309 644 mihi
2341 592 2680 655 satisfacere,
2705 591 3056 645 etinfelicem
3077 590 3322 644 animam
3351 607 3538 644 meam
3566 590 3776 644 certiﬁ-

2169 697 2318 746 care,
2348 697 2472 734 cras
2501 698 2604 750 ego
2632 687 2690 734 et
2712 687 2774 734 tu
2802 696 3100 751 pergemus
3129 679 3476 734 unanimiter
3494 679 3567 733 ad
3598 679 3775 733 eccle-

2170 769 2331 833 siam,
2365 777 2422 823 et
2451 786 2638 823 coram
2683 786 2772 822 me
2812 786 2971 822 sume
3010 769 3347 822 intemerata
3385 768 3679 838 mysteria,
3714 775 3774 822 et

2168 858 2360 911 taliter
2387 859 2523 912 mihi
2555 859 2763 929 poteris
2798 858 3140 912 satisfacere.
3173 858 3328 912 Tunc
3372 862 3598 911 coactus
3629 857 3773 911 dixit

2169 947 2220 999 ei
2241 947 2579 1001 sententiam
2603 947 2852 1018 capituli.
2875 947 3139 1000 Protinus
3164 963 3297 1016 ergo
3320 946 3508 1016 puella
3523 947 3772 1000 feminea

2166 1033 2494 1090 inﬁrmitate
2521 1035 2795 1106 deposita,
2824 1041 2881 1088 et
2903 1035 3132 1089 consilio
3157 1033 3302 1088 bono
3323 1041 3572 1106 accepto,
3592 1035 3773 1088 currit

2167 1124 2236 1177 ad
2255 1130 2536 1194 pastorem
2551 1130 2608 1177 et
2616 1124 2950 1195 discipulum
2964 1123 3171 1178 Christi
3185 1123 3476 1190 Basilium,
3498 1123 3771 1177 adversus

2166 1217 2380 1266 tantam
2424 1213 2674 1266 clamans
2714 1213 3064 1283 impietatem
3099 1230 3110 1265 :
3153 1212 3596 1266 Misericordiam
3627 1212 3770 1266 mihi

2167 1301 2386 1355 miserm
2415 1307 2636 1372 prmsta,
2672 1308 2863 1355 sancte
2892 1302 3014 1366 Dei,
3033 1302 3301 1355 miserere
3333 1300 3462 1368 mei,
3491 1301 3768 1372 discipule

2165 1389 2409 1454 Domini,
2430 1407 2552 1460 qum
2581 1395 2930 1444 contractum
2950 1405 3079 1442 cum
3095 1389 3442 1444 dmmonibus
3456 1389 3581 1443 feci.
3605 1390 3769 1444 Mise-

2167 1494 2292 1531 rere
2321 1479 2452 1543 mei,
2483 1495 2606 1550 qum
2640 1479 2864 1550 proprio
2896 1478 3043 1549 patri
3083 1477 3231 1533 facta
3258 1495 3384 1534 sum
3413 1478 3762 1534 inobediens.

2169 1565 2238 1620 Et
2257 1566 2578 1636 cognitailli
2608 1567 2738 1620 fecit
2756 1567 2837 1620 rei
2863 1574 3036 1637 gestm
3055 1567 3299 1637 negotia.
3332 1567 3508 1621 Porro
3535 1573 3765 1621 sanctus

2166 1655 2287 1721 Dei,
2305 1662 2604 1710 convocato
2633 1673 2825 1727 puero,
2851 1655 3242 1710 sciscitabatur
3267 1656 3338 1709 ab
3365 1673 3430 1710 eo
3454 1655 3501 1710 si
3523 1657 3642 1710 hmc
3665 1656 3764 1711 hn-

489 1762 688 1802 amara
716 1751 895 1800 morte
924 1752 1051 1816 post
1074 1745 1365 1816 paululum
1394 1750 1698 1808 mortuam,
1722 1749 1779 1798 et
1807 1744 2084 1798 rationem
2160 1743 2409 1813 jusmodi
2429 1751 2633 1801 essent.
2663 1745 2770 1808 Qui
2808 1745 2879 1798 ad
2910 1752 3167 1799 sanctum
3193 1761 3320 1799 cum
3345 1745 3607 1816 lacrymis
3633 1746 3715 1799 ait
3746 1764 3758 1798 :

488 1835 648 1890 dabis
676 1835 790 1890 Deo
820 1851 921 1906 pro
948 1851 1038 1888 me
1066 1834 1126 1888 in
1155 1834 1246 1888 die
1268 1832 1485 1902 judicii.
1504 1840 1538 1898 |
1556 1839 1675 1898 51
1703 1833 1872 1887 Pater
1891 1817 2144 1886 autemB
2168 1833 2370 1892 Etiam.
2394 1839 2584 1888 sancte
2614 1833 2731 1887 Dei.
2752 1835 2894 1887 Nam
2912 1834 3014 1888 etsi
3035 1851 3138 1903 ego
3165 1841 3413 1899 tacuero,
3441 1850 3615 1905 opera
3638 1851 3763 1888 mea

485 1941 614 1980 cum
642 1923 902 1996 lacrymis
931 1923 1153 1978 dicebat
1191 1941 1204 1976 :
1249 1923 1374 1977 Heu
1410 1923 1549 1977 mihi
1587 1923 1900 1994 peccaturi!
1947 1922 2082 1992 quid

486 2018 572 2067 est
599 2013 746 2084 quod
765 2012 1000 2082 contigit
1017 2013 1234 2067 miserm
1259 2012 1385 2065 ﬁlim
1415 2011 1589 2066 mem?
1609 2011 1733 2082 quis
1750 2012 2080 2065 thesaurum

485 2115 675 2157 meum
703 2102 920 2157 furatus
941 2101 1201 2172 est?quis
1231 2101 1357 2154 ﬁliae
1386 2117 1527 2154 mem
1555 2099 1823 2170 injuriam
1853 2099 2082 2154 intulit?

485 2191 610 2262 quis
637 2191 799 2246 dulce
829 2191 1120 2244 oculorum
1149 2199 1401 2243 meorum
1433 2189 1624 2242 lumen
1653 2189 1957 2243 exstinxit?
1977 2206 2080 2258 ego

480 2287 538 2336 te
581 2297 807 2353 semper
866 2279 1248 2350 supercmlesti
1313 2295 1518 2349 sponso
1573 2277 1896 2332 consiliatus
1953 2294 2079 2331 sum

481 2370 823 2442 ilesponsare
876 2367 1100 2424 Christo
1125 2408 1138 2433 ,
1201 2372 1259 2421 et
1309 2367 1652 2438 Angelorum
1711 2365 2077 2421 contubernio

479 2459 690 2514 sociam
718 2458 1078 2522 constituere,
1112 2461 1170 2510 et
1201 2455 1259 2510 in
1279 2455 1508 2527 psalmis
1533 2467 1591 2510 et
1613 2455 1836 2528 hymnis
1867 2461 1925 2510 et
1951 2472 2078 2510 can-

477 2548 606 2602 ticis
629 2545 1014 2617 spiritualibus
1029 2561 1230 2600 canere
1245 2545 1360 2599 Deo
1380 2544 1779 2608 accelerabam,
1804 2551 1865 2598 tu
1884 2550 2076 2598 autem

479 2636 539 2690 in
560 2635 842 2690 lasciviam
872 2633 1194 2706 petulantiae
1215 2633 1490 2687 insanisti.
1527 2633 1758 2688 Dimitte
1790 2650 1898 2698 me,
1931 2633 2078 2687 sicut

477 2725 622 2789 volo,
683 2740 812 2778 cum
876 2723 992 2777 Deo
1045 2728 1395 2776 contractum
1451 2723 1652 2785 facere,
1712 2739 1782 2775 ne
1833 2721 2076 2776 deducas

477 2816 825 2866 senectutem
845 2828 1026 2866 meam
1056 2828 1182 2865 cum
1201 2811 1520 2884 maerorem
1551 2811 1854 2876 infernum,
1890 2827 2072 2881 neque

476 2899 802 2955 confusione
838 2899 1189 2955 nobilitatem
1227 2905 1522 2971 parentum
1573 2905 1799 2953 tuorum
1829 2899 2067 2970 operias.

479 2989 615 3053 Qum
643 2989 702 3044 in
729 2989 970 3043 nihilum
999 2996 1267 3060 reputans
1293 3005 1416 3060 qum
1436 3005 1470 3042 a
1501 2993 1660 3060 patre
1685 2987 1790 3042 sibi
1815 2989 2072 3043 diceban-

472 3083 587 3145 tur,
611 3078 1004 3150 perseverabat
1030 3079 1280 3132 clamans
1311 3095 1323 3130 :
1361 3078 1528 3132 Pater
1557 3077 1654 3140 mi,
1678 3083 1777 3132 aut
1804 3078 1892 3132 fac
1918 3078 2068 3132 desi-

473 3167 695 3223 derium
724 3185 933 3234 meum,
971 3174 1071 3222 aut
1099 3167 1255 3239 prius
1289 3167 1596 3238 pauxillum
1647 3173 1928 3221 mortuam
1976 3185 2066 3222 me

471 3256 703 3313 videbis.
739 3257 908 3312 Pater
934 3257 1128 3328 itaque
1171 3258 1292 3327 ejus
1325 3256 1384 3310 in
1415 3273 1622 3326 magna
1648 3257 2065 3312 dementatione

469 3347 828 3412 constitutus,
857 3350 976 3400 tam
1015 3344 1394 3398 immensitate
1435 3344 1713 3398 mmstitim
1741 3345 2058 3416 absorptus,

469 3452 638 3508 quam
672 3435 980 3490 amicorum
1009 3433 1257 3489 consiliis
1284 3433 1642 3504 acquiescens
1663 3451 1722 3487 se
1750 3433 2060 3488 admonen-

466 3525 610 3580 tium
623 3541 687 3578 ac
705 3523 1010 3578 dicentium
1024 3522 1284 3593 expedire
1295 3522 1480 3593 potius
1499 3523 1840 3577 voluntatem
1864 3524 2061 3594 puellm

467 3613 612 3676 ﬁeri,
635 3629 804 3686 quam
843 3630 964 3667 sese
1007 3611 1266 3666 manibus
1303 3611 1638 3676 interﬁcere,
1671 3613 1972 3676 consensit,
2005 3619 2063 3667 et

464 3701 730 3774 prmoepit
756 3701 879 3755 ﬁeri
909 3699 1251 3756 desiderium
1281 3700 1482 3770 puellm
1513 3699 1716 3770 potius,
1739 3718 1908 3771 quam
1933 3719 2059 3756 eam

465 3790 736 3846 exitiabili
751 3790 974 3844 tradere
994 3789 1182 3844 morti.
1207 3790 1275 3844 Et
1297 3806 1423 3844 mox
1448 3789 1683 3861 protulit
1701 3806 1935 3861 puerum
1963 3791 2058 3862 qui

465 3875 840 3946 qumrebatur,
865 3873 1033 3928 simul
1057 3879 1114 3928 et
1133 3873 1419 3945 prapriam
1447 3874 1718 3944 genitam,
1735 3878 1792 3927 et
1813 3875 1954 3928 dans
1978 3875 2058 3928 eis

460 3963 650 4018 omnia
664 3963 813 4018 bona
833 3980 952 4027 sua,
981 3962 1145 4017 dixit:
1169 3962 1331 4016 Salve
1354 3967 1488 4017 nata
1509 3979 1636 4016 vere
1656 3962 1890 4030 misera;
1918 3963 2060 4017 mul-

457 4057 582 4108 tum
603 4052 1000 4107 lamentaberis
1021 4051 1361 4123 repmnitens
1381 4051 1438 4105 in
1462 4051 1796 4115 novissimis,
1833 4053 2056 4122 quando

459 4140 711 4196 nihiltibi
723 4140 992 4213 proderit.
1008 4140 1182 4194 Porro
1199 4139 1424 4194 nefandi
1443 4140 1788 4194 matrimonii
1797 4142 1920 4212 conj
1929 4142 2057 4211 ugio

457 4229 624 4295 facto,
647 4233 706 4284 et
732 4227 1018 4283 diabolicm
1037 4227 1380 4298 operationis
1402 4228 1678 4300 completo
1713 4228 1976 4296 facinore,
2003 4236 2060 4284 et

456 4334 636 4392 pauco
647 4324 898 4390 tempore
909 4322 1300 4388 prmtereunte,
1309 4322 1534 4372 notatus
1547 4321 1634 4370 est
1642 4333 1781 4389 puer
1791 4335 1825 4372 a
1835 4317 2060 4389 quibus-

2164 1921 2505 1976 clamabunt.
2522 1923 2590 1976 Et
2609 1922 2893 1977 enarravit
2920 1923 2970 1976 ei
2997 1932 3055 1977 et
3081 1922 3200 1992 ipse
3223 1922 3528 1993 malignam
3555 1922 3763 1977 diaboli

2165 2011 2567 2081 operationem,
2600 2011 2842 2082 qualiter
2885 2011 2954 2065 ab
2993 2012 3220 2065 exordio
3260 2028 3436 2082 usque
3483 2012 3555 2065 ad
3593 2013 3760 2067 ﬁnem

2163 2099 2334 2153 fuerit
2362 2099 2710 2154 subsecutus.
2759 2101 2914 2155 Tunc
2955 2099 3092 2154 dicit
3121 2100 3171 2154 ei
3207 2118 3218 2153 :
3253 2101 3350 2154 Vis
3393 2102 3642 2155 converti
3689 2102 3758 2156 ad

2161 2188 2462 2242 Dominum
2495 2190 2674 2243 Deum
2705 2190 3002 2243 nostrum?
3031 2190 3138 2253 Qui
3179 2189 3318 2244 dixit
3353 2207 3365 2243 :
3401 2191 3585 2244 Etiam
3614 2191 3754 2256 volo,

2161 2277 2260 2331 sed
2304 2294 2416 2331 non
2455 2295 2701 2348 possum.
2747 2278 2893 2332 Dicit
2933 2277 2984 2332 ei
3028 2296 3039 2330 :
3092 2278 3258 2333 Cur?
3301 2279 3652 2351 Respondit:
3695 2281 3756 2335 In

2161 2365 2383 2436 scriptis
2416 2365 2807 2420 abrenuntiavi
2844 2367 3084 2432 Christo,
3119 2374 3176 2421 et
3203 2367 3380 2421 foedus
3414 2369 3601 2440 pepigi
3630 2386 3757 2423 cum

2158 2453 2399 2509 diabolo.
2420 2455 2565 2509 Dicit
2583 2455 2634 2508 ei
2655 2461 2907 2509 sanctus:
2924 2456 3048 2509 Non
3065 2455 3167 2509 tibi
3182 2456 3256 2510 sit
3273 2473 3419 2512 curm
3444 2476 3456 2510 :
3480 2457 3758 2528 benignus

2160 2549 2247 2596 est
2258 2544 2406 2597 Deus
2426 2550 2635 2609 noster,
2653 2550 2709 2598 et
2724 2544 2989 2615 suscipiet
3002 2550 3058 2599 te
3072 2545 3456 2616 paenitentiam
3471 2553 3753 2616 agentem.

2159 2631 2444 2702 Benignus
2473 2633 2620 2686 enim
2653 2639 2738 2686 est
2767 2650 2938 2704 super
2965 2634 3194 2688 malitiis
3223 2635 3449 2688 nostris.
3482 2635 3551 2689 Et
3579 2636 3756 2706 proji-

2157 2720 2310 2774 ciens
2339 2739 2398 2775 se
2437 2722 2625 2792 puella
2652 2722 2723 2775 ad
2770 2722 2939 2792 pedes
2969 2723 3111 2792 ejus,
3154 2724 3471 2794 evangelice
3520 2724 3759 2794 rogabat

2157 2826 2306 2873 eum,
2339 2811 2530 2864 dicens
2563 2829 2574 2864 :
2613 2810 2892 2882 Discipule
2934 2811 3142 2865 Christi
3169 2812 3269 2866 Dei
3311 2813 3507 2879 nostri,
3540 2813 3586 2867 si
3618 2814 3756 2884 quid

2153 2904 2332 2968 potes,
2365 2899 2570 2970 adjuva
2591 2916 2712 2953 nos.
2738 2899 2885 2954 Dicit
2911 2906 3139 2954 sanctus
3159 2900 3230 2954 ad
3256 2918 3493 2972 puerum
3517 2920 3529 2954 :
3560 2903 3758 2957 Credis

2152 3004 2315 3057 posse
2331 2988 2534 3042 salvari
2551 2988 2662 3042 ?At
2689 2988 2782 3042 ille
2811 2989 2951 3043 dixit
2976 3007 2987 3041 :
3023 2990 3222 3056 Credo,
3247 2989 3483 3044 Domine
3505 3009 3518 3056 ;
3549 2991 3760 3061 adjuva

2150 3075 2603 3130 incredulitatem
2656 3093 2840 3134 meam
2871 3079 3067 3141 (Marci
3103 3083 3201 3146 Ix).
3229 3079 3297 3133 Et
3325 3079 3616 3134 confestim
3653 3097 3751 3152 ap-

2149 3165 2426 3236 prehensa
2446 3183 2618 3221 manu
2633 3167 2774 3237 ejus,
2788 3173 2846 3221 et
2869 3167 3014 3221 facto
3030 3184 3200 3238 super
3217 3185 3346 3222 eum
3368 3168 3576 3222 Christi
3588 3169 3751 3239 signo

2147 3255 2316 3308 simul
2346 3260 2403 3308 et
2429 3255 2704 3320 oratione,
2737 3257 2968 3310 retrusit
2997 3256 3156 3310 illum
3185 3256 3240 3311 in
3271 3274 3383 3311 uno
3413 3258 3554 3324 loco,
3596 3258 3752 3313 intra

2147 3360 2313 3414 quem
2342 3344 2483 3397 sacri
2521 3343 2873 3400 habebantur
2895 3345 3134 3399 amictus
3160 3346 3292 3415 (41).
3316 3347 3385 3400 Et
3407 3346 3541 3401 data
3572 3347 3623 3401 ei
3655 3364 3749 3402 re-

2141 3431 2278 3501 gula
2303 3431 2482 3486 oravit
2511 3437 2567 3486 et
2595 3433 2713 3503 ipse
2743 3449 2844 3504 pro
2868 3433 2962 3488 illo
2993 3451 3094 3504 per
3121 3439 3236 3488 tres
3264 3433 3401 3488 dies.
3433 3435 3573 3489 Post
3605 3452 3747 3506 quos

2142 3520 2388 3575 visitavit
2429 3539 2579 3586 eum,
2633 3527 2690 3576 et
2735 3521 2918 3576 dixit:
2954 3523 3244 3586 Quomodo
3285 3529 3342 3576 te
3381 3523 3576 3583 habes.
3620 3525 3746 3579 ﬁli?

2143 3608 2290 3663 Dicit
2309 3610 2357 3664 ei
2387 3627 2529 3681 puer
2561 3629 2572 3663 :
2617 3612 2682 3666 In
2712 3627 2918 3681 magna
2947 3627 3090 3672 sum,
3126 3610 3368 3674 domine,
3411 3612 3740 3667 defectione.

2143 3699 2344 3753 Sancte
2366 3700 2484 3764 Dei,
2503 3717 2616 3754 non
2643 3701 2847 3754 suﬁ‘ero
2871 3701 3167 3766 clamores,
3189 3717 3438 3771 pavores,
3460 3702 3670 3772 jacula,
3687 3708 3743 3757 et

2142 3787 2509 3858 lapidationes
2531 3789 2798 3859 ipsorum.
2813 3790 3090 3843 Tenentes
3107 3789 3256 3844 enim
3274 3789 3512 3861 praprim
3537 3807 3742 3846 manus

2141 3890 2278 3928 mem
2317 3876 2672 3947 scripturam,
2704 3875 3077 3947 objurgantur
3104 3877 3163 3930 in
3193 3893 3302 3940 me,
3333 3877 3582 3932 dicentes
3613 3897 3626 3932 :
3655 3879 3739 3934 Tu

2141 3963 2339 4018 venisti
2367 3964 2439 4018 ad
2467 3982 2586 4031 nos,
2621 3982 2735 4019 non
2764 3981 2866 4019 nos
2896 3965 2967 4020 ad
2996 3972 3071 4020 te.
3107 3966 3175 4020 Et
3203 3965 3338 4020 dicit
3367 3966 3420 4021 ei
3465 3975 3692 4022 sanctus
3723 3987 3735 4022 :

2139 4052 2266 4106 Noli
2297 4053 2514 4120 timere,
2541 4054 2619 4108 ﬁli
2648 4054 2745 4120 mi,
2779 4054 3170 4108 tantummodo
3203 4055 3388 4109 crede.
3430 4056 3501 4110 Et
3521 4056 3655 4112 data
3686 4058 3736 4112 ei

2140 4142 2360 4196 modica
2375 4159 2518 4208 esca,
2535 4149 2592 4198 et
2616 4143 2762 4198 facto
2783 4160 2952 4215 super
2971 4160 3100 4198 eum
3123 4143 3333 4199 Christi
3361 4144 3546 4200 denuo
3576 4146 3736 4218 signo

2141 4236 2198 4285 et
2236 4233 2509 4297 oratione,
2540 4232 2770 4286 inclusit
2797 4250 2956 4300 eum;
2989 4238 3047 4288 et
3071 4238 3200 4304 post
3227 4251 3434 4305 paucos
3463 4234 3584 4289 dies
3613 4235 3737 4290 visi-

2139 4321 2280 4374 tavit
2298 4321 2479 4385 illum,
2511 4327 2569 4376 et
2597 4321 2737 4376 dixit
2765 4340 2776 4375 :
2811 4322 3101 4387 Quomodo
3134 4328 3188 4377 te
3217 4323 3409 4389 habes,
3442 4323 3522 4377 ﬁli
3551 4323 3576 4377 ?
3606 4325 3729 4379 Ait:

458 4408 610 4473 dam,
631 4407 780 4479 quod
800 4423 912 4460 non
934 4405 1325 4476 ingrederetur
1343 4406 1655 4471 ecclesiam,
1683 4423 1865 4477 neque
1886 4413 2056 4462 attre-
2074 4451 2123 4509 Β
2139 4410 2308 4464 Pater
2327 4417 2536 4478 sancte,
2556 4411 2773 4482 alonge
2787 4411 3058 4466 clamores
3087 4428 3283 4466 eorum
3308 4412 3474 4467 audio
3495 4412 3668 4468 simul
3681 4418 3736 4468 et

457 4503 640 4553 ctaret
667 4495 1011 4551 immortalia
1039 4502 1098 4551 ct
1118 4494 1337 4550 viviﬁca
1365 4500 1734 4562 sacramenta,
1778 4502 1836 4551 et
1862 4497 2055 4551 dicunt
2076 4494 2320 4554 "minas
2344 4519 2356 4567 ;
2388 4517 2520 4554 nam
2548 4517 2661 4555 non
2690 4500 2849 4554 video
2875 4500 3019 4554 illos.
3038 4501 3107 4555 Et
3133 4518 3327 4556 rursus
3352 4502 3484 4556 dato
3507 4501 3559 4556 ei
3589 4501 3728 4567 cibo,

457 4586 790 4642 miserandm
813 4585 973 4641 uxori
1001 4586 1153 4656 ejus:
1190 4585 1423 4640 Noveris
1462 4585 1595 4656 quia
1625 4584 1860 4640 maritus
1897 4592 2050 4652 tuus,

458 4693 626 4747 quem
641 4676 997 4748 elegisti,non
1010 4681 1098 4730 est
1117 4674 1488 4734 Christianus,
1503 4674 1601 4728 sed
1615 4680 1912 4729 extraneus
1923 4681 2009 4729 est
2019 4692 2054 4729 a

459 4764 592 4832 ﬁde,
608 4771 664 4820 et
677 4765 901 4837 penitus
916 4770 1002 4819 est
1015 4765 1398 4828 alienus.Qum
1410 4763 1656 4818 tenebris
1675 4769 1734 4818 et
1745 4765 1871 4820 dira
1886 4765 2052 4835 plaga

459 4852 688 4921 referta,
708 4852 943 4924 projecit
960 4869 1019 4906 se
1047 4853 1107 4906 in
1136 4851 1538 4923 pavimentum,
1559 4858 1617 4906 et
1631 4853 1800 4924 cmpit
1826 4853 2050 4924 ungulis

457 4940 822 5013 semetipsam
855 4941 1190 5012 discerpere,
1225 4949 1282 4996 et
1325 4947 1618 5012 percutere
1651 4948 1845 5012 pectus
1881 4948 2050 5013 atque

457 5033 731 5087 clamare:
755 5031 936 5086 Nemo
962 5046 1213 5101 unquam
1246 5029 1342 5100 qui
1367 5030 1695 5102 parentibus
1723 5029 2050 5086 mobediens

451 5121 770 5187 fuit,salvus
790 5119 970 5174 factus
987 5119 1233 5184 est.Quis
1252 5119 1613 5176 annuntiabit
1621 5120 1767 5190 patri
1782 5136 1906 5174 meo
1915 5136 2050 5174 con-

454 5210 730 5266 fusionem
744 5208 1004 5264 meam?H
1012 5225 1082 5263 eu
1095 5207 1234 5263 mihi
1245 5209 1470 5263 infelici!
1485 5209 1544 5263 in
1556 5208 1704 5279 quod
1717 5210 2049 5280 perditionis

452 5300 792 5372 profundum
805 5297 1066 5353 descendi
1088 5298 1100 5350 !
1115 5315 1288 5369 quare
1309 5303 1445 5352 nata
1462 5297 1616 5352 sum?
1628 5298 1710 5352 vel
1726 5305 1859 5354 nata
1874 5318 2048 5371 quare

451 5405 566 5444 non
605 5387 798 5444 statim
835 5386 1227 5458 indireptibilis
1263 5387 1383 5457 [Gr.
1417 5381 1748 5456 ἆνάρπαστος,
1788 5387 2043 5461 abrepta]

452 5479 600 5532 facta
625 5495 748 5532 sum
771 5476 1151 5547 7Hujusmodi
1172 5491 1305 5546 ergo
1337 5491 1462 5529 eam
1493 5475 1932 5547 complorantem
1953 5496 2045 5535 se-

449 5567 650 5622 ductus
668 5567 752 5620 vir
775 5567 900 5636 ejus
929 5581 1258 5638 agnoscens,
1277 5563 1431 5619 venit
1457 5564 1528 5619 ad
1555 5581 1698 5634 eam,
1719 5583 2044 5624 asseverans

450 5671 564 5711 non
592 5671 652 5710 se
679 5655 760 5710 ita
775 5655 859 5710 rei
881 5655 1170 5710 veritatem
1197 5653 1437 5708 habere:
1463 5671 1586 5725 qum
1609 5655 1667 5710 in
1687 5656 2043 5727 refrigerium

2135 4594 2192 4644 et
2208 4589 2384 4644 effusa
2394 4589 2646 4644 oratione
2659 4589 2861 4644 clausit
2874 4589 3166 4656 ostium,et
3177 4590 3735 4647 discessit.Prmterea

2135 4679 2564 4749 quadragesimo
2577 4678 2666 4732 die
2694 4678 2837 4732 abiit
2859 4679 2928 4732 ad
2950 4695 3102 4747 eum,
3123 4685 3180 4734 et
3201 4679 3338 4734 dicit
3353 4679 3434 4734 illi
3460 4698 3471 4733 :
3494 4681 3735 4745 Quomo-

2132 4767 2204 4822 do
2225 4772 2282 4822 te
2299 4767 2489 4831 habes,
2517 4768 2726 4822 frater?
2741 4769 3052 4838 Respondit
3070 4775 3127 4823 et
3151 4769 3288 4823 dicit
3305 4769 3356 4823 ei
3379 4791 3392 4826 :
3416 4769 3587 4837 Bene,
3610 4787 3734 4826 san-

2132 4863 2218 4912 cte
2246 4856 2366 4912 Dei.
2398 4857 2526 4911 Vidi
2556 4857 2705 4911 enim
2735 4863 2790 4910 te
2825 4857 2990 4912 hodie
3039 4858 3098 4912 in
3129 4857 3344 4913 somnis
3385 4866 3732 4930 pugnantem

2131 4963 2232 5018 pro
2247 4963 2358 5012 me,
2381 4952 2438 5000 et
2455 4946 2766 5000 vincentem
2791 4946 3094 5001 diabolum.
3120 4947 3245 5002 Mox
3273 4965 3405 5018 ergo
3419 4949 3732 5004 secundum

2132 5035 2597 5090 consuetudinem
2623 5035 2772 5090 facta
2798 5034 3052 5090 oratione
3075 5035 3268 5090 eduxit
3291 5037 3472 5104 illum,
3495 5043 3555 5092 et
3571 5038 3732 5094 duxit

2131 5123 2288 5180 illum
2318 5125 2390 5178 ad
2417 5124 2734 5179 cubiculum
2754 5141 2940 5179 suum.
2969 5130 3148 5191 I58
3160 5125 3323 5180 Mane
3347 5135 3539 5180 autem
3559 5127 3728 5195 facto,

2133 5219 2430 5268 convocato
2457 5220 2576 5269 tam
2596 5213 2900 5269 venerabili
2922 5213 3070 5268 clero
3093 5231 3263 5286 quam
3292 5217 3654 5271 monasteriis
3674 5224 3728 5273 et

2131 5302 2284 5356 omni
2314 5303 2536 5358 Christo
2557 5302 2783 5358 amabili
2809 5303 3036 5374 populo,
3060 5303 3200 5358 dixit
3219 5303 3302 5358 eis
3329 5321 3340 5355 :
3363 5304 3492 5359 Filii
3509 5305 3623 5360 mei
3649 5304 3728 5359 di-

2126 5391 2276 5458 lecti,
2309 5393 2556 5448 universi
2599 5392 2813 5464 gratias
2857 5409 3092 5463 agamus
3122 5394 3390 5462 Domino;
3421 5411 3548 5449 ecce
3573 5395 3724 5450 enim

2125 5479 2377 5536 futurum
2407 5487 2493 5536 est
2518 5487 2582 5536 ut
2608 5498 2768 5536 ovem
2805 5481 3084 5552 perditam
3126 5489 3318 5554 pastor
3345 5482 3525 5538 bonus
3555 5501 3724 5557 super

2123 5569 2388 5625 humeros
2415 5588 2548 5626 suos
2575 5569 2830 5641 imponat
2852 5571 3028 5635 (Luca
3043 5572 3154 5643 xv),
3184 5577 3241 5627 et
3269 5571 3502 5627 reducat
3529 5572 3719 5628 Eccle-

2123 5660 2244 5727 sim;
2279 5663 2338 5714 et
2373 5676 2474 5716 nos
2521 5665 2744 5732 oportet
2770 5659 3097 5730 pervigilem
3134 5661 3338 5718 ducere
3375 5667 3622 5734 noctem,
3662 5670 3719 5717 et
