3912 6390
149 377 255 438 305

636 382 806 437 VITA
844 382 1102 437 SANCTI
1141 380 1423 447 BASILII,
1466 377 1838 435 C/ESARE/E
1876 378 2350 434 CAPPADOCI/E
2385 380 2961 440 ARCHIEPISCOPI.

3323 391 3429 446 306

144 507 435 579 deprecari
461 508 807 563 voluntatem
833 508 1030 580 ipsius,
1049 514 1234 564 utnon
1245 509 1431 563 vincat
1449 514 1743 580 corruptor
1759 506 1899 567 Ami
1924 523 2101 574 soror,
2135 507 2230 562 sed
2251 524 2422 578 surge
2451 515 2509 563 et
2538 525 2677 563 orna
2725 510 2956 565 domum
2985 517 3163 580 tuam,
3198 520 3256 569 et
3278 515 3428 570 circa

147 596 488 651 animarum.
517 597 641 661 Quo
671 598 927 669 protinus
946 605 1090 665 acto,
1117 603 1173 652 et
1198 597 1615 670 promptissime
1644 614 1745 668 po-

145 685 280 755 pulo
305 692 667 757 congregato,
695 704 797 758 per
828 692 1006 741 totam
1031 692 1251 742 noctem
1280 704 1396 742 una
1429 704 1555 742 cum
1599 687 1744 741 bono

144 780 371 845 pastore
381 775 666 846 deprecati
692 784 825 831 sunt
844 777 1043 843 Deum,
1067 793 1195 831 cum
1216 778 1481 849 lacrymis
1504 794 1606 849 pro
1622 777 1743 848 ipso

143 864 475 932 clamantes,
493 864 665 937 Kyrie
694 865 923 920 eleison.
947 866 1015 920 Et
1038 866 1284 922 diluculo
1313 882 1429 921 una
1440 884 1569 922 cum
1589 867 1743 922 omni

145 951 510 1007 multitudine
537 954 728 1025 populi
749 955 988 1009 assumit
1013 961 1240 1010 sanctus
1270 972 1529 1027 puerum,
1565 961 1622 1009 et
1664 961 1744 1010 te-

145 1056 288 1095 nens
310 1041 599 1097 dexteram
628 1059 861 1097 manum
890 1045 1032 1114 ejus,
1063 1045 1223 1099 duxit
1247 1062 1374 1099 cum
1406 1046 1463 1099 in
1492 1052 1744 1100 sanctam

145 1130 250 1184 Dei
278 1132 569 1186 ecclesiam
591 1149 718 1187 cum
747 1134 979 1204 psalmis
1007 1139 1063 1187 et
1092 1134 1335 1205 hymnis.
1370 1135 1438 1189 Et
1465 1152 1591 1189 ecce
1619 1136 1744 1190 dia-

147 1218 327 1287 bolus,
381 1221 482 1291 qui
514 1221 639 1276 vitae
682 1227 886 1276 nostrae
944 1239 1168 1294 semper
1210 1223 1440 1290 invidet,
1503 1225 1549 1279 si
1598 1226 1743 1280 hanc

142 1308 267 1363 sine
310 1310 545 1364 tristitia
586 1310 804 1377 viderit,
858 1328 986 1366 cum
1027 1317 1148 1387 tota
1185 1312 1496 1384 perniciosa
1536 1314 1744 1369 virtute

142 1413 249 1451 sua
276 1398 446 1464 venit,
492 1403 549 1453 et
588 1416 764 1470 puero
792 1399 1145 1454 invisibiliter
1183 1403 1603 1473 comprehenso,
1646 1421 1744 1458 vo-

141 1485 254 1540 luit
282 1503 480 1557 rapere
509 1488 668 1542 illum
715 1489 784 1542 de
819 1506 991 1543 manu
1023 1490 1237 1556 sancti;
1291 1496 1348 1545 et
1394 1492 1564 1562 coepit
1606 1510 1746 1564 puer

143 1575 397 1629 clamans
425 1576 627 1630 dicere:
663 1578 864 1632 Sancte
887 1578 1007 1644 Dei,
1037 1580 1309 1633 auxiliare
1335 1580 1490 1647 mihi,
1520 1585 1578 1634 et
1603 1582 1743 1637 adeo

141 1670 345 1718 contra
385 1665 547 1719 illum
588 1667 902 1737 impudenti
942 1667 1213 1722 instantia
1251 1669 1422 1731 venit,
1463 1676 1527 1723 ut
1554 1670 1739 1740 ipsum

142 1753 436 1824 egregium
468 1755 738 1809 Basilium
752 1757 919 1810 simul
939 1772 1066 1811 cum
1088 1758 1184 1811 illo
1206 1757 1525 1829 impelleret
1540 1765 1598 1812 et
1615 1759 1743 1813 sub-

1826 595 2027 649 horam
2084 612 2291 651 nonam
2345 598 2479 651 tolle
2526 598 2878 653 thuribulum
2934 605 2993 655 et
3046 618 3239 657 cereos
3292 604 3421 672 (44),

1827 684 2045 739 obviam
2088 680 2227 740 vade
2284 693 2477 741 sancto
2521 687 2729 742 Basilio
2773 689 3190 762 archiepiscopo
3227 711 3240 758 ;
3271 693 3427 749 venit

1827 774 1979 828 enim
1997 775 2281 845 applicare
2309 776 2369 829 in
2389 777 2556 830 domo
2586 783 2797 832 nostra.
2813 779 2916 833 Illa
2938 786 3127 835 autem
3157 783 3425 837 tremefa-

1826 868 1917 917 cta
1936 880 2107 934 super
2133 870 2251 918 tam
2269 865 2577 935 gloriosum
2597 866 2827 932 dictum,
2859 868 2991 923 fecit
3007 875 3073 924 ut
3088 870 3285 925 edocta
3304 878 3392 927 est
3411 892 3426 942 ;

1827 958 1951 1006 erat
1961 958 2151 1007 autem
2163 953 2261 1007 illa
2272 953 2433 1024 virgo
2445 954 2644 1025 pudice
2658 957 2848 1011 vivens
2860 959 3235 1029 quadraginta
3242 966 3425 1016 trans-

1828 1041 1950 1095 iens
1981 1058 2159 1096 annos
2183 1059 2311 1097 cum
2340 1044 2580 1115 conjuge
2618 1061 2720 1099 suo
2751 1062 3088 1102 conservans
3119 1055 3419 1117 secretum,

1826 1131 2075 1185 sterilem
2098 1148 2157 1185 se
2182 1132 2453 1186 simulans
2474 1133 2817 1189 hominibus.
2851 1135 3096 1191 Obvians
3117 1144 3307 1192 autem
3327 1156 3425 1194 no-

1824 1218 1910 1274 bis
1928 1236 2056 1274 cum
2077 1220 2267 1274 debita
2288 1222 2581 1287 modestia,
2605 1230 3006 1293 congruentem
3024 1227 3421 1283 salutationem

1824 1308 2079 1362 tribuens
2106 1309 2350 1380 primum
2374 1310 2602 1380 quidem
2626 1310 3026 1367 benedicitura
3042 1322 3234 1369 sancto
3256 1318 3425 1373 Patre

1825 1403 2020 1451 nostro
2055 1417 2068 1465 ;
2106 1398 2309 1452 deinde
2337 1399 2474 1453 dicit
2506 1399 2625 1453 illi:
2661 1401 2951 1464 Quomodo
2979 1402 3170 1469 habes,
3195 1404 3427 1460 domina

1826 1486 2116 1557 Theognia
2159 1487 2311 1556 (4:3)?
2341 1488 2445 1542 Illa
2493 1505 2641 1553 vero,
2680 1490 2992 1560 stupefacta
3020 1492 3091 1545 de
3138 1494 3425 1549 vocatione

1828 1575 2090 1640 nominis,
2124 1576 2259 1630 dicit
2289 1577 2358 1630 ei:
2378 1577 2545 1641 Bene,
2565 1583 2756 1631 sancte
2784 1578 3071 1634 Dei.Dicit
3088 1581 3172 1635 illi
3198 1588 3426 1638 sanctus

1826 1650 1996 1717 Pater
2005 1670 2214 1717 noster:
2238 1664 2342 1719 Ubi
2364 1673 2452 1719 est
2470 1666 2730 1720 dominus
2750 1669 3081 1723 Anastasius
3110 1671 3421 1743 presbyter,

1825 1752 2001 1806 frater
2027 1760 2160 1807 tuus
2182 1753 2205 1805 ?
2224 1753 2374 1807 Dicit
2399 1753 2468 1806 ei:
2502 1755 2737 1809 Maritus
2767 1772 2927 1811 meus
2955 1764 3057 1823 est,
3092 1759 3339 1828 domine,
3369 1767 3426 1816 et

140 1848 406 1897 verteret.
439 1844 749 1899 Conversus
777 1862 909 1915 ergo
930 1852 1157 1900 sanctus
1188 1846 1260 1900 ad
1299 1847 1586 1901 diabolum
1612 1849 1693 1903 ait
1726 1849 1810 1909 :B
1831 1840 1933 1894 iVit
1956 1842 2026 1894 ad
2056 1842 2345 1895 COleIldam
2371 1848 2600 1896 terram
2637 1843 2744 1907 Qui
2776 1845 2919 1899 diXit
2950 1864 2961 1899 ε
3015 1847 3080 1901 In
3116 1848 3283 1903 domo
3325 1856 3427 1905 tua

141 1930 657 2002 Impudentissime,
691 1939 748 1988 et
767 1935 1083 1989 animarum
1113 1936 1365 2003 violator,
1401 1943 1565 2007 pater
1590 1943 1744 1992 tene-

140 2018 376 2074 brarum
399 2027 456 2075 et
492 2023 840 2093 perditionis,
872 2040 983 2078 non
1004 2024 1108 2078 tibi
1127 2025 1334 2079 sufﬁcit
1349 2030 1451 2079 tua
1477 2027 1739 2096 perditio,

142 2125 317 2180 quam
335 2110 555 2166 tibimet
582 2111 687 2183 ipsi
717 2118 776 2166 et
806 2113 895 2167 his
926 2114 1022 2184 qui
1044 2113 1147 2168 sub
1176 2118 1232 2168 te
1262 2121 1396 2169 sunt
1425 2116 1734 2186 acquisisti,

140 2199 240 2253 sed
271 2199 456 2254 adhuc
474 2216 587 2254 non
614 2201 870 2271 quiescis,
894 2208 952 2257 et
964 2202 1067 2256 Dei
1084 2204 1193 2257 mei
1210 2204 1427 2274 plasma
1443 2205 1739 2259 tentando?

139 2287 411 2342 Diabolus
422 2306 552 2343 vero
564 2290 705 2344 dixit
722 2291 792 2347 ad
813 2307 943 2345 eum
966 2308 977 2343 :
1003 2292 1141 2362 Prsej
1152 2293 1341 2346 udicas
1354 2292 1511 2359 mihi,
1544 2294 1735 2360 Basili,

140 2377 223 2430 ita
266 2382 335 2431 ut
361 2378 524 2432 multi
563 2395 630 2432 ex
658 2379 818 2434 nobis
859 2380 1120 2435 audirent
1148 2398 1310 2436 voces
1336 2383 1476 2452 ejus.
1509 2384 1585 2436 At
1612 2400 1741 2436 vero

140 2472 371 2521 sanctus
395 2467 498 2522 Dei
518 2467 590 2521 ad
606 2468 766 2523 illum
790 2485 801 2520 :
825 2470 1101 2541 Increpat,
1120 2470 1324 2541 inquit,
1344 2471 1447 2525 tibi
1468 2473 1741 2526 Dominus

142 2557 316 2625 (Juda:
351 2559 551 2625 epist),
584 2556 821 2612 diabole.
854 2561 929 2613 At
955 2560 1079 2612 ille:
1116 2560 1306 2627 Basili,
1351 2561 1739 2630 prajudicium

139 2644 282 2698 mihi
301 2643 454 2698 facis.
486 2647 610 2700 Non
632 2646 705 2699 ivi
725 2663 828 2717 ego
850 2647 921 2702 ad
943 2664 1092 2714 eum,
1123 2649 1221 2702 sed
1240 2650 1334 2702 ille
1351 2649 1501 2703 venit
1524 2651 1596 2703 ad
1624 2667 1734 2717 me,

137 2733 591 2789 abrenuntisndo
621 2736 929 2804 Christum,
961 2753 1298 2809 mecumque
1325 2744 1411 2792 est
1438 2739 1739 2810 sponsione

136 2828 458 2894 pactuatus,
487 2830 545 2878 et
573 2841 698 2879 ecce
729 2825 1000 2896 scriptum
1039 2826 1218 2880 habeo
1250 2833 1307 2880 et
1334 2827 1395 2881 in
1425 2827 1516 2881 die
1539 2828 1739 2898 judicii

136 2928 329 2966 coram
345 2913 630 2967 communi
642 2914 833 2984 judice
843 2914 1091 2969 deferam
1112 2915 1249 2969 illud
1259 2957 1271 2969 .
1295 2916 1536 2970 Sanctus
1549 2933 1620 2971 au
1628 2922 1739 2971 tem

134 3001 365 3055 Domini
380 3001 547 3056 dixit:
567 3002 900 3058 Benedictus
921 3004 1193 3058 Dominus
1229 3005 1381 3059 Deus
1412 3022 1594 3072 meus,
1627 3022 1739 3060 non

134 3091 382 3162 deponet
410 3092 649 3162 populus
678 3092 784 3146 iste
824 3109 1025 3147 manus
1066 3093 1136 3146 ab
1185 3095 1402 3148 excelso
1453 3095 1596 3162 coeli,
1629 3096 1738 3150 nisi

1826 1934 1930 1996 est,
1951 1936 2008 1983 et
2036 1947 2106 1983 ne
2135 1930 2406 1999 fatigeris.
2439 1931 2768 1985 Verecunda
2796 1949 2930 2003 ergo
2959 1936 3165 1989 mulier
3191 1954 3303 1992 non
3338 1956 3427 1994 so-

1825 2018 1943 2072 lum
1971 2018 2041 2072 de
2072 2019 2237 2073 verbo
2250 2021 2370 2084 hoc,
2391 2026 2561 2090 atque
2577 2020 2842 2075 vocabulo
2859 2024 3103 2077 nominis
3112 2026 3422 2092 sui,verum

1828 2108 1999 2161 etiam
2022 2109 2170 2179 quod
2200 2109 2417 2162 dixerat
2437 2109 2487 2163 ei
2510 2110 2687 2164 deifer
2714 2112 2883 2165 Pater
2910 2118 3120 2181 noster,
3153 2116 3422 2186 quoniam

1825 2197 2049 2266 quidem
2078 2198 2284 2251 mulier
2302 2198 2567 2253 existeret
2594 2200 2839 2265 nomine,
2872 2218 3031 2256 soror
3049 2220 3182 2259 vero
3206 2221 3333 2272 usu,
3366 2212 3425 2261 et

1823 2285 2152 2356 stupefacta,
2186 2292 2542 2358 tremoreque
2573 2305 2862 2358 concussa,
2885 2291 3086 2346 cecidit
3107 2292 3167 2346 in
3185 2299 3418 2362 terram,

1824 2375 2073 2429 clamans
2102 2380 2161 2429 et
2191 2376 2382 2430 dicens
2406 2395 2418 2429 :
2451 2377 2654 2431 Sancte
2697 2379 2818 2444 Dei,
2846 2396 2947 2433 ora
2982 2397 3084 2451 pro
3113 2398 3206 2436 me
3232 2399 3425 2454 pecca-

1825 2464 1983 2531 trice,
2005 2464 2138 2534 quia
2161 2481 2366 2535 magna
2384 2470 2443 2518 et
2463 2466 2956 2522 mirandaintueor
2975 2486 3163 2540 opera.
3189 2472 3259 2525 Et
3277 2472 3425 2527 facta

1823 2568 1994 2622 super
2021 2553 2176 2607 illam
2200 2552 2606 2620 benedictione,
2642 2572 2831 2610 coram
2862 2558 3123 2613 omnibus
3151 2559 3293 2615 dixit
3320 2562 3373 2615 ei
3408 2580 3420 2615 :

1827 2640 2073 2695 Extende
2107 2658 2361 2712 pannum
2386 2643 2536 2697 inter
2569 2643 2801 2698 brachia
2828 2651 2947 2700 tua.
2981 2647 3051 2701 Et
3076 2664 3205 2702 cum
3234 2655 3424 2704 exten-

1822 2730 2014 2795 disset,
2042 2731 2214 2800 jussit
2243 2732 2453 2786 etfundi
2483 2732 2753 2787 carbones
2776 2734 2845 2788 de
2874 2735 3161 2791 thuribulo
3198 2738 3259 2792 in
3286 2755 3422 2810 pan-

1822 2834 1981 2883 num,
2025 2835 2411 2891 superponens
2437 2821 2730 2876 incensum
2757 2841 2770 2890 ;
2800 2828 2858 2877 et
2883 2830 3014 2879 ante
3042 2842 3239 2881 omnes
3269 2827 3409 2896 ibat,

1825 2914 1882 2961 et
1909 2907 2259 2962 venientibus
2283 2908 2444 2964 nobis
2472 2910 2532 2964 in
2551 2910 2782 2966 domum
2796 2912 3134 2984 presbyteri,
3159 2915 3421 2972 obviavit:

1824 3002 1881 3050 et
1929 2997 2049 3067 ipse
2099 2998 2827 3055 deosculanshonorabiles
2865 3003 2990 3071 ejus
3024 3003 3215 3074 pedes,
3265 3005 3424 3060 dedit

1822 3084 1905 3138 illi
1928 3084 1987 3138 in
2017 3086 2261 3139 Domino
2287 3086 2705 3154 salutationem,
2748 3094 2806 3143 et
2833 3089 2970 3143 dicit
2997 3090 3050 3143 ei
3082 3091 3378 3163 presbyter
3401 3112 3418 3149 :

134 3161 451 3234 reddideris
481 3181 769 3252 scriptum,
806 3182 875 3236 Et
901 3198 1199 3237 conversus
1228 3183 1370 3238 dixit
1393 3184 1573 3254 Plebi;
1604 3185 1735 3238 Τοι-
1753 3161 1799 3222 C
1821 3173 1982 3227 Unde
2010 3174 2150 3227 mihi
2182 3175 2286 3228 hoc
2306 3181 2370 3229 ut
2391 3175 2578 3230 veniat
2604 3183 2830 3231 sanctus
2851 3178 3035 3232 Deiad
3054 3161 3174 3235 me?
3187 3161 3263 3235 Et
3283 3181 3422 3235 dicit

134 3269 232 3323 lite
246 3285 456 3323 manus
470 3275 683 3325 vestras
702 3271 760 3325 in
780 3272 1004 3338 malum,
1026 3272 1271 3326 universi
1285 3273 1594 3327 clamantes
1607 3289 1736 3327 cum

133 3358 422 3430 lacrymis,
442 3359 614 3431 Kyrie
628 3360 856 3414 eleison.
877 3361 1133 3432 Cumque
1147 3366 1324 3415 staret
1339 3362 1580 3432 papulus
1595 3363 1736 3416 hora

134 3444 315 3497 multa
344 3449 602 3498 extensas
623 3444 893 3499 habentes
908 3462 1109 3500 manus
1129 3446 1188 3499 in
1204 3447 1426 3511 caelum,
1450 3463 1575 3500 ecce
1600 3448 1735 3501 scri-

131 3538 289 3602 ptum
323 3533 486 3603 pueri
513 3533 572 3587 in
593 3550 778 3588 aerem
810 3535 1190 3605 deportatum,
1210 3540 1267 3588 et
1295 3535 1365 3589 ab
1382 3536 1643 3589 omnibus
1664 3538 1736 3591 vi-

130 3638 257 3675 sum
284 3622 458 3688 venit,
486 3628 545 3676 et
572 3623 819 3694 positum
870 3629 956 3677 est
1002 3623 1061 3677 in
1090 3640 1291 3678 manus
1319 3624 1531 3694 egregii
1558 3626 1735 3696 patris

128 3710 309 3765 nostri
340 3712 582 3782 pastoris
612 3712 823 3767 Basilii.
855 3713 1122 3784 Suscepto
1149 3717 1340 3768 autem
1372 3714 1485 3779 illo,
1520 3715 1735 3784 gratias

129 3799 246 3869 egit
269 3800 410 3865 Deo,
439 3801 774 3872 gavisusque
801 3802 1163 3856 vehementer
1178 3818 1291 3856 una
1321 3819 1448 3857 cum
1471 3803 1731 3858 universa

128 3888 311 3959 plebe,
346 3889 490 3944 dixit
513 3890 583 3944 ad
615 3907 889 3961 puerum:
921 3891 1290 3962 Recognoscis
1305 3891 1585 3946 litterulas
1606 3892 1727 3956 has,

126 3978 349 4033 frater?
375 3980 451 4033 At
486 3978 577 4033 ille
602 3980 742 4033 dixit
786 3980 855 4033 ad
906 3997 1074 4034 eum:
1118 3981 1321 4046 Etiam,
1366 3987 1555 4034 sancte
1603 3982 1725 4044 Dei,

126 4067 371 4139 propria:
400 4083 600 4122 manus
630 4085 766 4124 mea:
781 4069 1062 4139 scriptura
1091 4074 1194 4123 est.
1230 4070 1301 4123 Et
1327 4069 1553 4141 dirupta
1596 4070 1731 4124 scri-

126 4165 296 4228 ptura
315 4157 626 4212 introduxit
645 4174 774 4212 eum
796 4159 854 4212 in
876 4159 1186 4223 ecclesiam,
1211 4166 1266 4213 et
1278 4159 1480 4229 dignus
1503 4158 1729 4214 habitus

125 4253 214 4301 est
242 4247 419 4300 sacris
434 4246 705 4301 interesse
718 4248 1021 4302 missarum
1031 4247 1245 4309 officiis,
1275 4254 1331 4302 et
1352 4249 1732 4319 participatio-

127 4353 199 4390 ne
226 4352 516 4390 sacrorum
538 4343 1026 4407 mysteriorum,et
1056 4337 1382 4392 muneribus
1403 4338 1632 4392 Christi.
1662 4338 1733 4392 Et

127 4425 276 4479 facta
303 4425 654 4496 susceptione
689 4442 899 4496 magna
918 4427 1193 4480 recreavit
1214 4426 1537 4480 universum
1558 4444 1732 4499 popu-

1820 3262 1870 3316 ei
1898 3263 2067 3316 Pater
2108 3270 2325 3318 noster:
2360 3265 2512 3317 Bene
2540 3270 2597 3318 te
2627 3265 2832 3333 inveni,
2865 3267 3135 3339 discipule
3164 3269 3375 3324 Christi
3398 3290 3416 3337 ;

1821 3367 2017 3405 eamus
2047 3357 2105 3406 et
2131 3352 2403 3408 faciamus
2430 3360 2685 3409 sanctam
2706 3355 2810 3409 Dei
2831 3356 3083 3412 missam.
3104 3358 3241 3413 Erat
3266 3359 3421 3414 enim

1819 3440 1940 3511 ipse
1958 3441 2252 3511 presbyter
2270 3443 2370 3496 Dei
2380 3444 2647 3513 jejunans
2667 3462 2769 3516 per
2790 3452 2830 3510 |
2847 3452 2975 3512 59
2986 3445 3243 3516 singulos
3272 3448 3413 3509 dies,

1821 3529 2032 3600 absque
2047 3529 2294 3585 Sabbato
2306 3537 2364 3585 et
2388 3533 2699 3599 Dominica,
2726 3551 2841 3589 non
2851 3535 3180 3606 contingens
3204 3536 3419 3608 aliquid

1819 3618 1929 3672 nisi
1960 3635 2164 3689 panem
2196 3626 2254 3674 et
2289 3637 2512 3691 aquam.
2548 3623 2619 3676 Et
2647 3623 3013 3694 pergentibus
3040 3624 3201 3679 nobis
3226 3626 3297 3679 ad
3326 3642 3418 3680 ec-

1819 3708 2070 3774 clesiam,
2103 3709 2368 3779 praecepit
2380 3709 2725 3781 presbytero,
2760 3718 2824 3767 ut
2842 3713 3043 3767 missas
3063 3714 3417 3769 caneret.llle

1817 3801 2008 3850 autem
2040 3797 2121 3850 ait
2139 3797 2211 3850 ad
2240 3814 2402 3852 eum:
2433 3799 2634 3853 Sancte
2647 3800 2767 3867 Dei,
2799 3802 2945 3855 sicut
2973 3801 3157 3869 doces,
3178 3802 3275 3873 qui
3300 3817 3417 3856 ma-

1814 3884 1903 3938 lus
1939 3889 2025 3937 est
2053 3900 2088 3937 a
2112 3886 2345 3940 meliore
2372 3886 2740 3941 benedicitur.
2773 3888 2919 3943 Dicit
2935 3889 2986 3943 ei
3007 3895 3236 3944 sanctus
3255 3894 3419 3960 pater

1816 3979 2022 4026 noster:
2034 3975 2173 4027 Cum
2186 3975 2448 4029 omnibus
2462 3976 2666 4030 studiis
2676 3978 2789 4031 tuis
2800 3977 3003 4032 habeto
3014 3977 3414 4033 obedientiam.

1815 4061 2184 4117 Consentiens
2205 4071 2394 4119 autem
2404 4065 2700 4136 presbyter
2709 4066 2891 4120 astitit
2915 4067 2985 4121 ad
3003 4072 3257 4122 sanctam
3278 4067 3415 4121 mis-

1813 4166 1956 4216 sam,
1991 4156 2049 4204 et
2074 4157 2326 4223 tempore
2365 4154 2719 4208 exaltationis
2759 4154 2984 4210 vivifica
3026 4155 3274 4227 corporis
3302 4156 3417 4210 Do-

1816 4240 1956 4294 mini
1977 4243 2155 4298 nostri
2178 4245 2205 4298 J
2212 4260 2311 4298 esu
2327 4243 2537 4298 Christi
2566 4242 2705 4297 vidit
2723 4249 2948 4298 sanctus
2976 4244 3099 4310 Dei,
3114 4250 3171 4298 et
3187 4244 3415 4315 quidam

1815 4335 1885 4388 de
1902 4335 2106 4405 dignis,
2126 4338 2384 4387 sanctum
2412 4333 2681 4403 Spiritum
2707 4333 3140 4388 descendentem
3155 4334 3215 4387 in
3234 4333 3419 4404 specie

1816 4422 2427 4494 ignis,circumdantem
2441 4420 2851 4492 presbyterum,
2874 4427 2932 4475 et
2950 4427 3205 4476 sanctum
3216 4423 3416 4477 altare.

126 4514 266 4580 lum,
299 4519 357 4567 et
377 4514 545 4568 ducto
573 4531 748 4585 puero
777 4520 836 4568 et
862 4515 1157 4581 instructo,
1186 4520 1356 4586 atque
1388 4515 1524 4570 data
1547 4516 1600 4570 ei
1634 4517 1726 4571 de-
1745 4508 1798 4568 D
1817 4512 2308 4567 Communicantes
2339 4515 2547 4575 autem,
2584 4515 2641 4563 et
2668 4510 2882 4580 gratias
2907 4516 3139 4580 agentes
3152 4510 3413 4577 Domino,

124 4603 279 4657 centi
306 4603 520 4673 regula,
547 4603 781 4657 tradidit
809 4620 939 4657 eum
971 4604 1132 4658 uxori
1164 4606 1307 4674 ejus,
1340 4604 1727 4660 indesinenter

122 4690 535 4761 glorificantem
557 4698 615 4746 et
639 4692 962 4747 laudantem
992 4694 1192 4749 Deum.
1224 4694 1424 4747 Amen.

196 4781 335 4834 CAP.
369 4794 442 4833 Ix.
485 4812 551 4821 —
593 4781 887 4835 Enarravit
940 4787 1128 4836 autem
1177 4786 1233 4835 et
1279 4782 1383 4836 hoc
1426 4784 1726 4854 praedictus

125 4868 331 4923 nobilis
359 4869 445 4923 vir
472 4869 778 4934 Helladius,
794 4870 1059 4941 quoniam
1084 4887 1201 4925 una
1228 4871 1448 4926 dierum
1472 4873 1726 4943 resplen-

123 4959 314 5024 dente,
334 4963 563 5013 sanctus
582 4964 742 5030 pater
752 4965 810 5014 et
818 4977 1058 5030 magnus
1075 4960 1317 5015 Basilius
1335 4960 1617 5032 profectus
1641 4967 1728 5016 est

124 5044 195 5097 de
223 5043 451 5098 civitate
480 5048 692 5111 nostra,
725 5045 938 5099 nemini
978 5045 1171 5099 dicens
1197 5061 1310 5115 quo
1343 5051 1491 5099 esset
1514 5045 1724 5100 iturus.

126 5133 197 5187 Et
223 5133 516 5202 ingressus
540 5149 732 5187 coram
750 5133 912 5188 nobis
932 5134 1091 5188 dixit:
1112 5133 1240 5187 Filii
1267 5134 1400 5199 mei,
1423 5134 1728 5205 sequimini

124 5238 237 5286 me,
270 5227 338 5275 ut
362 5221 599 5276 videatis
627 5238 849 5277 mecum
875 5222 1116 5293 gloriam
1146 5223 1269 5288 Dei,
1293 5228 1350 5277 et
1379 5223 1729 5278 admiremur

123 5309 383 5381 discipuli
403 5310 758 5381 magistrum.
772 5312 898 5366 Mox
917 5327 1054 5382 ergo
1079 5316 1145 5366 ut
1178 5311 1452 5382 proficisci
1475 5312 1644 5383 coepit
1659 5312 1728 5367 de

122 5399 349 5453 civitate
368 5404 564 5454 nostra
591 5400 902 5455 communis
931 5406 1095 5472 pater
1112 5405 1322 5467 noster,
1342 5401 1570 5471 agnovit
1593 5418 1725 5456 eum

123 5504 225 5558 per
253 5488 521 5543 virtutem
546 5488 787 5561 Spiritus
798 5490 974 5544 sancti
1002 5489 1335 5544 Anastasius
1362 5490 1472 5558 (42)
1499 5488 1725 5562 presby-

122 5584 292 5639 εει-,ει
311 5576 453 5631 dicit
469 5578 806 5633 nominatim
823 5579 1050 5651 quidem
1060 5579 1220 5633 uxori
1245 5594 1380 5645 suae,
1403 5595 1511 5633 usu
1533 5584 1725 5634 autem

125 5666 301 5721 sorori
329 5664 484 5739 (43):
520 5667 637 5737 Ego
664 5668 866 5729 vadam
892 5669 964 5723 ad
994 5668 1279 5723 culturam
1319 5667 1463 5737 agri,
1496 5667 1731 5723 domina

1812 4600 2013 4654 ivimus
2034 4600 2091 4653 in
2104 4599 2331 4653 domum
2344 4598 2741 4669 presbyteri,et
2760 4604 3047 4652 sumentes
3062 4598 3416 4663 escam,dixit

1812 4689 1894 4743 illi
1925 4693 2152 4742 sanctus
2181 4686 2299 4740 Dei:
2320 4686 2487 4741 Refer
2514 4686 2652 4739 mihi
2668 4686 2816 4739 unde
2839 4684 2940 4738 tibi
2958 4685 3262 4740 thesaurus
3282 4686 3409 4753 iste,

1812 4783 1869 4832 et
1897 4794 2020 4847 quae
2043 4782 2128 4830 est
2156 4775 2271 4829 vita
2297 4775 2423 4828 tua?
2444 4774 2596 4829 Dixit
2619 4774 2670 4827 ei
2696 4773 2992 4845 presbyter
3015 4792 3027 4827 :
3064 4774 3200 4845 Ego,
3221 4780 3415 4830 sancte

1811 4866 1934 4931 Dei,
1968 4869 2226 4937 peccator
2254 4880 2406 4927 sum,
2437 4862 2733 4933 subjacens
2757 4862 2995 4934 publicis
3020 4863 3269 4918 tributis.
3302 4865 3414 4920 Ha-

1809 4955 1914 5009 beo
1938 4957 2079 5026 juga
2102 4953 2271 5007 boum
2313 4952 2445 5019 duo,
2498 4968 2673 5006 unum
2716 4951 2943 5022 quidem
2978 4969 3081 5023 ego
3103 4953 3247 5009 duco
3281 4952 3410 5021 {46),

1811 5045 2053 5098 alterum
2083 5048 2274 5095 autem
2307 5041 2688 5095 mercenarius
2718 5056 2898 5107 meus,
2916 5046 2973 5095 et
2992 5057 3169 5096 unum
3184 5041 3412 5113 quidem

1813 5139 1900 5188 est
1924 5132 1983 5186 in
2012 5129 2499 5185 administratione
2528 5129 2975 5201 peregrinorum,
3013 5146 3192 5184 unum
3220 5135 3412 5183 autem

1810 5221 1871 5275 in
1881 5218 2369 5275 administratione
2380 5217 2735 5288 vectigalium
2743 5258 2757 5285 ,
2765 5223 2822 5272 et
2840 5223 2927 5272 est
2953 5216 3171 5272 confam
3177 5217 3273 5271 ula
3283 5232 3412 5270 mea

1809 5311 1946 5375 haec,
1970 5308 2299 5363 ministrans
2330 5307 2647 5378 hospitibus
2667 5312 2727 5360 et
2756 5306 2913 5360 mihi.
2946 5306 3094 5360 Dicit
3110 5305 3223 5359 illi:
3256 5304 3409 5359 Voca

1811 5398 1965 5452 illam
1994 5412 2264 5460 sororem,
2287 5397 2450 5466 juxta
2475 5395 2623 5466 quod
2653 5399 2712 5448 et
2739 5401 2842 5461 est,
2876 5398 2937 5447 et
2962 5393 3051 5447 dic
3081 5392 3221 5448 mihi
3247 5396 3407 5447 actus

1810 5493 1958 5542 tuos.
1990 5485 2140 5541 Dicit
2164 5485 2216 5539 ei
2243 5484 2536 5557 presbyter
2559 5502 2570 5536 :
2602 5484 2729 5538 Non
2740 5483 2996 5555 possideo
3009 5481 3217 5536 bonum
3238 5496 3411 5554 super

1811 5583 2044 5640 terram,
2076 5580 2374 5628 extraneus
2396 5590 2520 5627 sum
2567 5572 2820 5627 omnium
2846 5571 3138 5626 virtutum.
3171 5569 3319 5625 Dicit
3355 5570 3407 5624 ei

1813 5663 2127 5719 communis
2148 5663 2317 5723 Pater
2344 5668 2536 5718 noster
2561 5681 2572 5715 :
2606 5677 2773 5730 surge
2803 5665 2861 5714 et
2888 5675 3083 5715 eamus
3112 5658 3279 5714 simul
3307 5678 3320 5726 ;
3353 5665 3410 5716 et
