3912 6406
190 319 296 374 309

680 318 849 372 VITA
887 317 1145 371 SANCTI
1187 314 1470 382 BASILII,
1513 312 1878 369 C/ESAREIE
1918 310 2407 366 CAPPADOCI/E
2446 311 3021 365 ARCHIEPISCOPI.

3388 306 3494 361 310

196 446 563 500 multitudine
588 444 814 499 illorum
840 444 1149 498 facinorum
1170 442 1353 513 potuit
1372 439 1625 494 obtinere
1655 440 1803 510 apud
1822 444 2329 528 A'chitordinem,
2359 455 2548 508 dicens
2588 456 2645 507 in
2672 455 2971 525 semetipso
2999 473 3009 507 ;
3046 454 3161 508 N05
3183 454 3277 525 qui
3298 461 3488 525 porta-

197 532 401 599 Deum,
439 542 496 589 et
522 533 592 588 de
620 535 727 588 hoc
757 551 868 587 uno
897 549 1007 586 non
1030 536 1214 604 potest
1241 530 1587 584 intercedere
1619 534 1674 581 et
1706 529 1804 581 ob-

196 624 409 679 tinere?
430 625 585 678 Vade
611 624 840 687 etenim,
874 640 942 676 ne
979 621 1309 683 tardaveris,
1336 626 1398 673 ut
1419 637 1545 673 eum
1563 621 1805 689 jungere

198 715 429 770 debeas.
444 716 773 786 priusquam
793 713 983 766 anima
1002 713 1051 781 ej
1060 728 1124 765 us
1141 711 1209 763 de
1226 726 1457 779 corpore
1487 709 1805 778 proﬁcisca-

198 806 483 859 tur.Tunc
512 803 718 857 mulier
745 802 842 855 illa
870 800 1279 854 commendavit
1304 816 1362 852 se
1392 804 1585 852 sancto
1596 798 1808 851 confes-

198 895 315 949 sori
335 894 616 964 Ephrem,
640 908 866 946 reversa
893 895 980 944 est
1005 890 1064 943 in
1084 890 1418 944 Caesaream.
1444 889 1585 942 Cum
1614 892 1805 941 autem

196 986 461 1053 ingressa
481 988 632 1036 esset
649 979 867 1046 urbem,
911 979 1095 1033 obviax
1111 980 1153 1042 it
1170 994 1379 1049 corpus
1399 976 1803 1031 deducentibus

194 1073 379 1128 sancti
409 1070 621 1135 Basilii,
656 1076 713 1124 et
738 1068 935 1124 videns
966 1068 1268 1139 prostravit
1289 1084 1351 1121 se
1369 1067 1426 1120 in
1448 1072 1682 1132 terram,
1699 1082 1804 1119 cu:-

196 1163 284 1234 pit
311 1162 554 1217 clamare
574 1161 841 1215 adversus
870 1162 1124 1213 sanctum
1158 1155 1276 1221 Dei,
1313 1156 1501 1209 dicens
1528 1173 1538 1208 :
1576 1156 1670 1208 Vae
1702 1154 1805 1209 mi-

195 1253 257 1307 hi
280 1250 594 1322 pewatrici,
630 1266 708 1303 va:
739 1248 878 1303 mihi
908 1253 1271 1317 consumptae,
1307 1264 1385 1300 va:
1411 1245 1570 1310 mihi,
1606 1251 1802 1300 sancte

197 1342 321 1405 Dei,
351 1357 452 1412 pro
485 1340 592 1393 hoc
619 1338 874 1392 direxisti
902 1354 993 1390 me
1025 1338 1084 1390 in
1116 1351 1391 1399 eremum,
1428 1340 1491 1389 ut
1518 1335 1589 1388 de
1611 1351 1701 1387 me
1726 1334 1801 1388 si-

196 1448 270 1485 ne
297 1429 625 1500 fatigatione
662 1427 1079 1499 proiicisceres;
1118 1431 1176 1479 et
1226 1418 1351 1478 ecce
1392 1424 1510 1477 sine
1541 1424 1803 1494 operibus

198 1536 427 1575 reversa
457 1518 676 1581 sum,in
698 1533 903 1571 vanum
924 1515 1198 1569 devorans
1228 1519 1398 1568 tanta!
1425 1513 1804 1567 multitudinis

196 1609 387 1681 pelagi
404 1609 549 1662 viam
559 1607 813 1661 iteranti.
836 1605 1037 1659 Videat
1056 1604 1327 1658 Dominus
1344 1603 1513 1667 Deus,
1528 1608 1586 1656 et
1590 1603 1805 1672 judicet

195 1701 351 1753 inter
361 1715 453 1751 me
473 1703 531 1751 et
548 1702 627 1760 te,
648 1695 915 1766 quoniam
938 1693 1171 1764 potuisti
1202 1692 1548 1746 intercedere
1578 1698 1636 1744 et
1659 1691 1804 1745 obti-

1890 546 2068 598 vimus
2100 545 2319 615 pondus
2341 544 2452 598 diei
2476 552 2531 598 et
2559 552 2744 609 aestus,
2775 544 2913 597 nihil
2944 543 3299 613 proﬁcimus;
3325 551 3381 598 et
3402 544 3491 597 hic

1889 629 1947 683 in
1977 630 2075 683 tali
2123 629 2389 699 obsequio
2420 637 2477 682 et
2504 630 2715 682 honore
2752 628 3019 689 humano,
3051 629 3315 683 columna
3344 628 3491 699 ignis

1890 719 2121 772 exstitit!
2148 719 2340 774 miror.
2362 720 2489 771 Haec
2524 735 2588 771 eo
2621 719 2858 782 dicente,
2885 716 3060 770 mittit
3078 724 3304 771 sanctus
3316 717 3494 771 archi-

1886 807 2188 861 diaconum
2211 825 2397 873 suum,
2432 808 2655 861 dicens:
2692 808 2847 860 Vade
2878 812 3074 860 contra
3102 812 3323 876 portam
3352 807 3493 861 occi-

1888 895 2193 963 dentalem,
2234 901 2294 949 et
2342 897 2399 950 in
2440 897 2646 966 angulo
2676 896 2923 949 ecclesiae
2950 896 3201 949 invenies
3228 895 3490 950 abbatem

1886 1001 2015 1038 cum
2039 984 2149 1039 alio
2169 986 2434 1055 quodam,
2452 986 2752 1039 habentem
2775 986 3070 1049 cucullum,
3092 984 3486 1051 raribarbium,

1887 1074 2175 1145 pusillum,
2210 1081 2263 1128 et
2302 1079 2503 1129 caetera
2528 1076 2713 1128 vultus
2743 1075 2883 1146 ejus,
2918 1079 2976 1127 et
3003 1072 3153 1128 dices
3174 1074 3258 1128 ei:
3301 1070 3491 1145 Ingre-

1886 1164 2019 1217 dere
2040 1165 2349 1219 sacrarium
2383 1164 2512 1233 (52),
2550 1165 2749 1219 invitat
2774 1170 2829 1218 te
2859 1168 3020 1237 pater
3047 1169 3180 1218 tuus
3209 1162 3489 1234 archiepi-

1886 1254 2410 1324 sc0pus.Etdiscens
2433 1271 2532 1324 per
2550 1254 2918 1323 interpretem
2942 1252 3174 1317 dictum,
3199 1251 3492 1322 respondit

1885 1340 2077 1396 dicens
2101 1363 2112 1395 :
2143 1344 2375 1405 Errasti,
2416 1343 2608 1408 frater,
2633 1358 2734 1395 nos
2762 1342 3010 1412 hospites
3043 1355 3255 1395 sumus.
3282 1342 3352 1395 Et
3370 1357 3495 1411 per-

1886 1446 2025 1501 gens
2074 1432 2497 1487 archidiaconus
2526 1430 2870 1486 renuntiavit
2906 1431 3023 1485 haec
3050 1446 3254 1501 magno
3286 1428 3491 1484 Basilio

1889 1538 2075 1574 saeros
2105 1522 2277 1575 libros
2309 1520 2588 1577 recitanti.
2628 1520 2794 1575 Videt
2838 1526 3066 1575 sanctus
3094 1519 3353 1591 Ephraem
3382 1518 3490 1574 lin-

1886 1626 2055 1679 guam
2071 1610 2295 1680 igneam
2310 1612 2631 1680 loquentem
2650 1627 2750 1681 per
2775 1628 2835 1663 os
2853 1612 3062 1680 ejus,et
3080 1609 3217 1664 dicit
3232 1609 3485 1663 diacono:

1893 1697 2060 1763 Vade,
2093 1706 2150 1752 et
2177 1700 2327 1753 dices
2346 1701 2574 1753 domino
2598 1700 2873 1770 Ephrmm,
2896 1698 3033 1769 jube
3056 1700 3269 1752 intrare
3291 1699 3347 1752 in
3368 1712 3493 1752 san-

198 1805 335 1843 nere
371 1787 519 1859 apud
538 1787 739 1851 Deum,
764 1784 870 1838 nisi
902 1782 971 1838 ad
986 1783 1157 1837 alium
1177 1798 1265 1836 me
1285 1781 1575 1851 dirigeres.
1599 1780 1668 1833 Et
1685 1781 1801 1835 hrec

1892 1800 2035 1847 ctum
2074 1794 2324 1848 tribunal
2370 1794 2473 1862 (:33)
2500 1816 2512 1861 ;
2545 1766 2705 1848 vocat
2735 1801 2791 1848 te
2821 1766 3276 1865 archiepiscopus
3311 1799 3376 1849 ut
3402 1795 3493 1851 in-

198 1876 411 1941 dicens,
439 1875 673 1947 jactavit
720 1872 1010 1945 praefatam
1038 1872 1293 1925 chartam
1338 1887 1509 1941 supra
1537 1876 1797 1936 stratum,

198 1968 260 2022 in
289 1984 403 2036 quo
430 1965 740 2020 ducebatur
763 1979 964 2033 corpus
993 1962 1172 2015 sancti
1201 1960 1413 2017 Basilii.
1438 1961 1506 2013 Et
1528 1960 1801 2013 minutius

196 2055 481 2110 referebat
507 2055 587 2108 rei
615 2059 847 2106 eventus
874 2067 1061 2105 coram
1086 2050 1236 2103 omni
1260 2050 1484 2120 populo.
1511 2050 1666 2102 Unus
1682 2050 1801 2118 qui-

197 2146 329 2199 dem
363 2161 428 2198 ex
457 2145 604 2197 clero
632 2143 822 2196 volens
847 2157 1179 2211 cognoscere
1204 2138 1486 2210 quodnam
1505 2144 1652 2191 esset
1671 2155 1800 2210 pec-

198 2239 387 2290 catum
435 2232 592 2293 illud,
628 2232 851 2286 elevans
889 2230 1141 2285 chartam
1174 2229 1327 2282 illam
1359 2234 1415 2282 et
1444 2229 1680 2294 solvens,
1711 2245 1800 2281 re-

197 2325 347 2396 perit
365 2341 490 2377 eam
512 2327 691 2376 totam
722 2322 985 2386 deletam,
1009 2324 1067 2372 et
1090 2318 1377 2383 mundam,
1405 2319 1655 2371 clamans
1671 2333 1800 2369 voce

196 2430 410 2483 magna
430 2413 509 2466 illi
532 2411 778 2465 feminae:
802 2410 847 2463 Ο
871 2410 1091 2472 mulier,
1113 2408 1301 2460 charta
1334 2407 1443 2459 ista
1464 2407 1671 2476 scripta
1691 2423 1801 2459 non

198 2509 304 2565 est;
327 2500 460 2573 quid
484 2502 631 2555 enim
655 2500 713 2553 in
742 2498 843 2552 tali
870 2497 1061 2552 labore
1077 2504 1131 2550 et
1152 2497 1413 2566 angustia
1435 2495 1799 2561 consumeris,

197 2592 456 2647 nesciens
483 2589 769 2659 magnalia
786 2588 888 2642 Dei
915 2587 973 2641 in
1005 2593 1060 2640 te
1079 2587 1241 2651 facta,
1278 2591 1333 2639 et
1362 2584 1803 2655 investigabilem

196 2684 324 2752 ejus
353 2679 817 2734 misericordiam.
843 2676 1143 2731 Multitudo
1159 2675 1382 2745 quidem
1406 2674 1595 2744 p0puli
1618 2674 1806 2726 viden-

192 2780 279 2825 tes
293 2772 409 2824 tale
438 2769 744 2840 gloriosum
776 2767 1111 2820 miraculum
1143 2772 1198 2818 et
1221 2781 1508 2833 magnum,
1526 2764 1804 2834 glorifica-

196 2870 337 2924 bant
364 2868 565 2931 Deum,
582 2867 675 2938 qui
705 2870 1041 2937 potestatem
1067 2865 1237 2917 talem
1260 2862 1444 2925 habet,
1473 2869 1536 2916 ut
1563 2862 1621 2915 in
1639 2862 1804 2915 terris

196 2960 457 3013 remittat
486 2952 738 3010 omnium
768 2960 996 3025 peccata
1028 2972 1042 3021 ;
1074 2959 1130 3007 et
1158 2953 1321 3006 daret
1347 2952 1590 3022 gratiam
1630 2952 1803 3004 servis

195 3049 339 3113 suis,
372 3054 439 3101 ut
466 3052 593 3117 post
620 3046 925 3098 discessum
971 3060 1167 3096 eorum
1199 3049 1399 3095 sanent
1426 3059 1651 3095 omnem
1680 3042 1801 3094 lan-

197 3142 521 3207 guorem,et
550 3152 772 3189 omnem
798 3134 1208 3199 infirmitatem,
1233 3131 1670 3201 remittendique
1691 3148 1806 3185 om-

200 3228 363 3281 nium
399 3226 730 3279 delictorum
770 3225 1017 3277 facinora
1047 3227 1382 3293 potestatem
1414 3221 1689 3274 concessit
1717 3221 1805 3273 his

203 3317 301 3389 qui
330 3322 541 3370 rectam
581 3314 748 3369 ﬁdem
778 3312 1015 3367 Domino
1046 3318 1396 3375 conservant,
1438 3315 1716 3364 certantes
1747 3311 1805 3364 in

202 3406 371 3461 bonis
403 3404 685 3475 operibus,
719 3409 776 3457 et
797 3402 1174 3471 glorificantes
1205 3401 1385 3454 Deum
1418 3406 1475 3453 et
1503 3400 1805 3454 Dominum

204 3500 463 3548 nostrum
494 3495 683 3547 Iesum
707 3492 1011 3546 Christum.

276 3586 415 3639 CAP.
449 3583 618 3636 XL—
642 3582 865 3634 Fratres
895 3581 1021 3647 (50),
1059 3579 1441 3632 narrationem
1474 3580 1596 3631 volo
1626 3579 1807 3632 facere

204 3675 275 3726 de
310 3672 539 3733 Basilio,
559 3671 732 3724 nobili
762 3669 991 3735 scilicet,
1021 3674 1078 3722 et
1104 3669 1362 3739 Ephrmm
1397 3667 1633 3738 Syro.Et
1663 3685 1808 3738 quae-

198 3762 333 3816 dam
357 3761 584 3832 quidem
615 3774 679 3813 ex
708 3758 892 3812 Patris
906 3758 1106 3826 nostri,
1124 3758 1378 3828 quaedam
1399 3763 1590 3810 autem
1606 3774 1670 3809 ex
1696 3773 1806 3810 non

198 3848 531 3905 mentientis
561 3865 656 3903 ore
686 3848 863 3901 sancti
893 3852 953 3900 et
989 3846 1262 3900 mirabilis
1289 3846 1550 3916 Ephraem
1600 3846 1804 3899 audivi.

201 3942 304 3995 Est
332 3956 461 3992 vero
478 3939 559 3992 ita
584 3957 596 3992 :

278 4029 537 4098 Ephraam
569 4025 769 4079 nobilis
801 4026 1051 4078 existens
1082 4025 1140 4077 in
1171 4039 1382 4089 eremo,
1407 4024 1661 4093 quaedam
1696 4023 1813 4094 qui-

203 4119 336 4172 dem
365 4115 738 4170 illustratione
769 4114 948 4167 sancti
964 4114 1205 4184 Spiritus
1220 4113 1433 4179 videns,
1454 4114 1706 4184 quazdam
1729 4130 1815 4165 ve-

204 4225 272 4261 ro
308 4225 377 4260 ex
405 4204 682 4259 desiderio
712 4212 769 4257 et
800 4203 1241 4273 interrogatione
1277 4203 1529 4256 ediscens
1560 4202 1817 4256 miranda

203 4294 367 4351 nobis
393 4295 571 4348 nostri
611 4294 795 4347 Patris
820 4293 1028 4353 Basilii,
1061 4292 1181 4345 sine
1202 4292 1615 4345 intermissione
1649 4309 1814 4361 roga-

205 4387 307 4439 bat
335 4383 570 4438 revelari
602 4382 708 4436 sibi
742 4381 866 4449 (5|),
900 4381 1083 4451 qualis
1112 4386 1260 4433 esset
1284 4381 1522 4451 Magnus
1551 4380 1811 4435 Basilius.

1882 1883 2159 1953 grediaris
2189 1884 2248 1937 in
2279 1892 2534 1941 sanctum
2564 1884 2831 1938 tribunal.
2865 1885 3221 1954 Stupefactus
3240 1900 3373 1953 ergo
3400 1898 3494 1939 su-

1883 1990 1985 2042 per
2012 1974 2098 2027 his
2127 1982 2370 2039 sanctus,
2401 1974 2723 2043 glorificans
2752 1975 2952 2039 Deum,
2980 1980 3039 2027 et
3065 1974 3276 2027 faciens
3307 1979 3489 2028 meta-

1883 2078 2070 2115 nmam
2094 2061 2227 2129 (Si),
2256 2063 2601 2135 respondens
2630 2064 2681 2117 ei
2712 2062 2852 2117 dixit
2876 2082 2890 2118 :
2934 2062 3225 2118 Veraclter
3252 2076 3492 2132 magnus

1888 2151 2149 2216 Basilius,
2184 2152 2456 2207 veraciter
2482 2153 2743 2208 columna
2770 2153 2918 2223 ignis
2934 2152 3196 2218 Basilius,
3219 2152 3493 2206 veraciter

1889 2241 2131 2311 Spiritus
2146 2248 2373 2295 sanctus
2398 2242 2644 2312 loquitur
2662 2259 2764 2312 per
2788 2258 2849 2294 os
2868 2244 3007 2311 ejus.
3035 2241 3272 2310 Rogavit
3297 2247 3490 2295 autem

1886 2332 2341 2385 archidiaconum
2354 2338 2418 2384 ut
2438 2332 2791 2385 renuntiaret
2809 2331 2879 2397 ei,
2897 2330 3161 2401 quoniam
3172 2330 3353 2401 magis
3366 2335 3495 2400 post

1888 2421 2090 2473 missas
2121 2421 2238 2489 (55)
2274 2420 2331 2474 in
2363 2422 2663 2474 secretario
2695 2420 2953 2475 salutabo
2984 2436 3134 2474 eum.
3163 2419 3492 2490 Ingrediens

1889 2526 2020 2578 ergo
2044 2516 2166 2579 post
2185 2510 2595 2565 absolutionem
2624 2512 2807 2564 missa
2838 2510 2895 2564 in
2919 2509 3305 2576 secretarium,
3328 2526 3491 2565 voca-

1890 2599 1967 2651 vit
1995 2608 2253 2652 sanctum
2303 2601 2580 2671 Ephriem,
2636 2607 2693 2653 et
2740 2601 2798 2654 in
2830 2600 3067 2654 Domino
3100 2600 3354 2654 osculum
3383 2596 3492 2671 (56)

1888 2687 2121 2741 tradidit
2150 2689 2220 2741 ei.
2251 2689 2401 2742 Dicit
2428 2690 2539 2742 illi:
2583 2690 2732 2742 Bene
2777 2689 2998 2753 venisti,
3032 2689 3168 2759 quia
3219 2688 3492 2759 multipli-

1889 2778 2026 2830 casti
2047 2777 2351 2848 discipulos
2388 2778 2598 2832 Christi
2626 2780 2683 2832 in
2705 2776 2971 2844 Ecclesia,
2996 2784 3052 2832 et
3071 2779 3352 2831 daemones
3397 2792 3495 2831 ex-

1888 2866 2081 2936 pulisti
2111 2885 2209 2937 per
2238 2868 2543 2931 Christum,
2580 2868 2637 2921 in
2667 2885 2777 2939 quo
2809 2874 2896 2921 est
2932 2864 3091 2921 labor
3118 2873 3270 2922 tuus.
3302 2865 3491 2934 Pater,

1887 2956 2089 3009 venisti
2120 2957 2307 3010 videre
2342 2963 2689 3026 peccatorem
2735 2957 3039 3011 hominem.
3081 2957 3190 3011 Det
3212 2956 3315 3010 tibi
3345 2957 3494 3010 Deus

1887 3044 2202 3098 mercedem
2231 3047 2538 3099 secundum
2574 3046 2819 3100 laborem
2852 3053 3032 3100 tuum.
3060 3046 3128 3100 Et
3147 3046 3496 3116 respondens

1889 3134 1939 3187 ei
1957 3134 2299 3187 honorabilis
2314 3135 2588 3205 Ephrzem,
2610 3142 2667 3189 et
2686 3135 2876 3189 dicens
2892 3135 3083 3189 omnia
3108 3151 3230 3206 quae
3252 3135 3307 3187 in
3329 3134 3496 3188 corde

1889 3240 1989 3277 suo
2016 3222 2401 3290 versabantur,
2435 3240 2549 3277 una
2572 3242 2697 3277 cum
2730 3222 2933 3278 abbate
2967 3223 3063 3294 qui
3090 3241 3217 3278 cum
3247 3224 3342 3277 illo
3372 3228 3498 3279 erat

1890 3313 2323 3367 communicavit
2350 3313 2406 3365 in
2436 3321 2658 3366 sanctas
2690 3328 2891 3367 manus
2913 3316 3055 3384 ejus,
3086 3318 3143 3366 et
3170 3312 3407 3366 faciente
3427 3329 3495 3366 eo

1890 3402 2223 3455 charitatem
2240 3402 2381 3455 dixit
2402 3409 2627 3455 sanctus
2650 3400 2906 3473 Ephrzem
2925 3421 2937 3454 :
2958 3403 3127 3456 Pater
3146 3401 3491 3467 honorande,

1889 3507 2061 3544 unam
2096 3498 2223 3562 peto
2254 3493 2498 3562 gratiam
2545 3490 2643 3545 abs
2680 3498 2755 3557 te,
2806 3498 2862 3544 et
2902 3492 3045 3545 hanc
3092 3490 3331 3546 concede
3373 3489 3495 3546 dari

1893 3581 2165 3645 mihi.Qui
2184 3580 2325 3635 dixit
2341 3580 2411 3634 ad
2430 3597 2559 3635 eum
2585 3600 2595 3634 :
2636 3579 2796 3644 Jube,
2822 3581 2911 3634 dic
2933 3598 3056 3651 qum
3078 3580 3338 3635 videntur
3370 3579 3490 3645 tibi,

1892 3671 2233 3725 multaenim
2257 3671 2357 3725 tibi
2373 3671 2584 3735 debeo;
2629 3676 2686 3725 et
2708 3671 2949 3723 maxime
2980 3674 3211 3740 propter
3245 3669 3494 3723 laborem

1891 3765 2070 3823 tuum,
2106 3766 2164 3811 et
2190 3759 2274 3811 tui
2307 3759 2600 3812 adventus.
2642 3759 2789 3811 Dicit
2816 3759 2867 3811 ei
2896 3759 3150 3827 Ephraem
3180 3776 3191 3809 :
3232 3757 3357 3811 Scio
3386 3756 3497 3812 Pa-

1897 3852 1984 3899 ter
2012 3853 2222 3913 sancte,
2271 3848 2401 3917 quia
2432 3862 2780 3917 quaecunque
2811 3847 2955 3917 petis
2986 3862 3021 3899 a
3060 3842 3198 3912 Deo,
3232 3844 3500 3901 concedet

1894 3935 2017 4003 tibi,
2044 3937 2164 3989 volo
2185 3942 2249 3990 ut
2277 3936 2594 4007 depreceris
2625 3936 2826 4003 Deum,
2848 3942 2914 3990 ut
2938 3936 3135 4006 loquar
3155 3935 3345 3990 Graece
3371 3934 3495 4004 (57).

1898 4025 2002 4089 Qui
2033 4026 2171 4079 dixit
2193 4026 2274 4079 ei:
2314 4028 2496 4097 Super
2544 4027 2855 4097 potentiam
2903 4042 3085 4078 meam
3130 4024 3497 4095 petiisti;sed

1899 4115 2029 4184 quia
2054 4115 2296 4167 ﬁdeliter
2312 4115 2541 4185 petiisti,
2570 4115 2689 4168 veni
2710 4116 2959 4179 Pater,et
2978 4114 3151 4167 eremi
3167 4119 3494 4185 przeceptor,

1899 4204 2267 4274 deprecemur
2298 4203 2619 4264 Dominum,
2652 4209 2850 4274 potens
2882 4208 2969 4256 est
2996 4202 3144 4256 enim
3180 4202 3360 4256 facere
3402 4216 3505 4261 vo-.

1900 4293 2173 4346 luntatem
2211 4299 2385 4367 tuam.
2424 4292 2706 4363 Scriptum
2732 4300 2817 4346 est
2846 4293 2997 4346 enim
3023 4312 3038 4346 :
3073 4292 3405 4346 Voluntates
3434 4291 3503 4345 ti-

1903 4383 2177 4436 mentium
2210 4400 2268 4435 se
2298 4383 2481 4450 faciet,
2515 4389 2572 4436 et
2602 4383 2885 4435 orationes
2908 4397 3105 4435 eorum
3135 4381 3417 4445 exaudiet,
3444 4385 3502 4433 et

209 4475 277 4531 In
306 4473 508 4527 exstasi
536 4489 669 4542 ergo
707 4471 903 4537 factus,
938 4470 1077 4526 vidit
1103 4471 1420 4523 columnam
1454 4471 1619 4540 ignis,
1653 4471 1811 4541 cujus
1836 4465 2083 4524 Dsalvos
2122 4472 2287 4524 faciet
2306 4488 2400 4525 eos
2428 4474 2596 4541 (Psal.
2626 4476 2792 4535 XLIV).
2836 4472 2905 4524 Et
2926 4470 3256 4525 faeientibus
3286 4467 3499 4523 oratio-

210 4569 381 4634 caput
396 4560 749 4634 pertingebat
767 4560 837 4615 ad
864 4558 1149 4625 caelum,et
1159 4578 1257 4614 vox
1281 4561 1574 4614 desursum
1596 4560 1807 4614 dicens:

212 4654 490 4724 Ephraem,
548 4652 825 4722 Ephrem,
874 4649 1347 4720 quemadmodum
1381 4650 1567 4703 vidisti
1605 4652 1813 4703 colum-

212 4760 342 4796 nam
376 4743 517 4795 hane
539 4741 704 4811 ignis,
731 4740 859 4793 talis
890 4744 974 4792 est
991 4745 1047 4792 et
1066 4755 1303 4808 magnus
1334 4739 1588 4792 Basilius.
1608 4738 1675 4792 Et
1696 4746 1810 4793 sta-

208 4833 317 4886 tim
345 4831 547 4884 tcllens
576 4831 963 4899 interpretem,
988 4844 1053 4881 eo
1083 4828 1233 4899 quod
1271 4828 1512 4881 nesciret
1542 4829 1813 4899 loquilin-

207 4934 381 4993 guam
415 4920 686 4985 Graecam,
736 4918 887 4972 venit
922 4918 980 4971 in
1011 4934 1273 4987 magnam
1305 4917 1597 4972 ecclesiam
1629 4919 1819 4988 magni

208 5009 455 5066 nominis
487 5009 770 5073 Caesareae,
802 5013 858 5061 et
896 5008 1150 5078 pervenit
1186 5007 1243 5059 in
1273 5013 1526 5060 sanctam
1553 5008 1819 5061 festivita-

211 5108 328 5154 tem
369 5103 543 5165 lﬁl
581 5098 973 5167 Theophanis},
994 5102 1050 5149 et
1086 5097 1406 5167 ingrediens
1433 5098 1648 5150 occulte
1687 5098 1824 5150 vidit

222 5189 615 5261 precedentem
646 5186 705 5240 in
735 5186 967 5240 ecclesia
996 5202 1263 5256 magnum
1295 5184 1583 5249 Basilium,
1603 5192 1659 5239 et
1687 5184 1826 5239 dixit

220 5276 587 5349 sequentibus
615 5292 705 5329 se:
760 5274 1039 5340 Quoniam
1085 5275 1143 5329 in
1173 5292 1377 5329 vanum
1418 5274 1817 5341 laboravimus;

225 5374 357 5438 puto
389 5366 559 5429 enim,
600 5364 775 5419 frater
802 5365 927 5429 iste,
975 5366 1031 5419 in
1063 5365 1163 5418 tali
1195 5366 1389 5419 ordine
1412 5366 1676 5424 existens,
1709 5382 1821 5419 non

222 5464 308 5512 est
316 5459 482 5527 juxta
495 5455 644 5525 quod
663 5455 791 5509 vidi.
820 5456 952 5509 Erat
962 5455 1111 5509 enim
1134 5455 1511 5509 circumdatus
1524 5456 1666 5509 stola
1686 5471 1819 5508 can-

222 5548 372 5611 dida,
403 5552 464 5600 et
490 5546 638 5599 circa
659 5562 787 5598 eum
813 5546 1166 5599 venerandus
1194 5546 1377 5599 clerus
1408 5546 1735 5599 candidatus
1766 5552 1823 5597 et

226 5635 537 5708 obsequens
558 5634 704 5688 ei.Et
730 5641 886 5689 stans
916 5636 976 5689 in
1016 5635 1135 5689 loco
1177 5633 1444 5688 absconso
1465 5635 1707 5689 ecclesiae
1739 5649 1823 5687 as-

1896 4577 1994 4613 nes
2029 4577 2129 4631 per
2158 4559 2429 4630 plurimas
2460 4562 2645 4623 horas,
2680 4575 2915 4629 surgens
2940 4558 3079 4612 dixit
3107 4574 3344 4627 magnus
3391 4555 3499 4612 Ba-

1894 4649 2081 4702 silius:
2119 4648 2325 4715 Quarv,
2351 4648 2575 4702 domine
2608 4646 2884 4718 Ephrazm,
2914 4664 3027 4701 non
3065 4645 3272 4716 accipis
3302 4661 3503 4699 conse-

1897 4739 2203 4791 crationem
2230 4737 2584 4808 presbyterii,
2614 4737 2882 4807 quoniam
2907 4736 3167 4805 congruit
3183 4734 3333 4789 tibi?
3358 4734 3504 4791 Dicit

1900 4828 1949 4879 ei
1982 4844 2082 4897 per
2121 4827 2527 4897 interpretem:
2562 4826 2841 4889 Quoniam
2886 4830 3143 4899 peccator
3185 4842 3333 4879 sum.
3387 4822 3503 4880 Re-

1903 4916 2131 4987 spondit
2151 4916 2261 4968 illi:
2294 4910 2521 4969 Utinam
2564 4921 2791 4986 peccata
2818 4921 2920 4970 tua
2967 4933 3070 4986 ego
3099 4913 3367 4969 haberem
3400 4914 3507 4970 lEt

1904 5006 2040 5060 dicit
2058 5006 2108 5059 ei
2134 5026 2143 5059 :
2173 5002 2462 5059 Mittamus
2490 5006 2960 5075 genuﬂexionem,
2990 5012 3047 5059 et
3064 5004 3384 5075 jacentist
3407 5019 3503 5059 su-

1906 5113 2006 5167 per
2049 5096 2453 5167 pavimentum,
2505 5096 2694 5166 posuit
2740 5112 2971 5150 manum
3022 5110 3193 5166 super
3248 5098 3506 5148 sanctum

1907 5188 2165 5259 Ephraem
2212 5202 2453 5255 magnus
2485 5184 2761 5247 sacerdos,
2793 5190 2850 5239 et
2876 5184 3018 5240 dixit
3046 5185 3357 5239 orationem
3391 5181 3509 5235 dia-

1905 5276 2071 5341 conii,
2099 5283 2154 5330 et
2191 5276 2326 5329 dicit
2355 5275 2464 5328 illi:
2500 5273 2661 5339 Jube,
2694 5274 2922 5328 subleva
2947 5292 3067 5328 nos.
3103 5271 3341 5344 Repleta
3371 5289 3507 5342 ergo

1904 5366 2101 5436 lingua
2147 5368 2287 5435 ejus,
2332 5365 2471 5418 dicit
2510 5369 2737 5418 sanctus
2772 5364 3027 5434 Ephrem
3061 5363 3255 5417 Graeca
3283 5363 3503 5431 lingua:

1908 5456 2088 5517 Salva,
2143 5456 2429 5515 miserere,
2464 5453 2704 5523 suscipe,
2738 5459 2794 5505 et
2819 5466 3085 5505 conserva
3112 5466 3215 5504 nos
3258 5452 3409 5505 Deus
3450 5451 3510 5505 in

1903 5550 2003 5598 tua
2022 5547 2227 5613 gratia;
2246 5550 2761 5598 etconsummatum
2796 5549 2881 5595 est
2912 5540 3059 5612 quod
3082 5540 3353 5613 scriptum
3386 5548 3505 5595 est:

1904 5632 2059 5688 Tunc
2072 5632 2235 5688 saliet
2255 5635 2399 5689 sicut
2422 5651 2614 5687 cervus
2635 5632 2887 5699 claudus,
2904 5637 2961 5687 et
2977 5636 3176 5709 aperta
3192 5630 3302 5688 erit
3315 5629 3510 5703 lingua
