3912 6400
104 537 3407 591 N

1550 698 1879 744 FEBRUABII
1923 699 1967 743 1.

461 868 883 1021 VITA
972 870 1592 1026 SANCTI
1667 875 1716 1025 Ι

1802 874 2417 1028 ΡΗΒλἘΜ
2492 945 2585 1037 (ι)
2670 874 3069 1031 SYRI

1216 1134 1659 1209 DIACONI
1707 1136 2145 1210 EDESSIE
2196 1141 2304 1221 (2),

410 1285 780 1347 AUCTORE
822 1285 1099 1351 GR/ECO
1139 1288 1482 1349 INCERTO
1526 1287 1635 1369 (3),
1685 1289 2195 1352 INTERPRETE
2241 1290 2625 1354 GERARDO
2669 1292 2950 1354 VOSSIO
2997 1291 3098 1369 (4).

172 1583 361 1637 Cpr'r
378 1584 934 1639 Paulina—Sanctus
948 1584 1037 1639 hic
1046 1586 1215 1639 Pater
1226 1592 1418 1640 noster
1434 1588 1711 1659 Ephraem,
1731 1586 1783 1645 A
1798 1584 1975 1639 dienti
1990 1586 2110 1654 jam
2138 1586 2189 1639 ei
2218 1585 2279 1639 in
2299 1586 2503 1649 locum.
2529 1590 2586 1638 et
2605 1586 3025 1655 pertmnseunti
3038 1594 3257 1657 portam
3276 1589 3404 1641 οἰνι-

110 1688 178 1724 ex
209 1671 443 1727 Oriente
471 1671 761 1740 oriundus,
795 1674 970 1745 Syrus
997 1692 1221 1744 genere,
1254 1676 1363 1746 piis
1387 1678 1716 1747 parentibus

108 1765 281 1814 natus
308 1760 367 1814 in
399 1760 607 1815 Edessa
633 1763 735 1829 (5).
775 1763 931 1817 Vixit
984 1764 1332 1835 temporibus
1362 1766 1717 1821 Constantini

108 1849 304 1919 Magni
332 1850 502 1919 regis,
538 1855 596 1903 et
620 1850 859 1904 aliorum
890 1852 986 1922 qui
1015 1860 1141 1923 post
1169 1852 1353 1924 ipsum
1384 1861 1714 1925 regnarunt.

108 1937 417 1992 Abstinens
444 1955 479 1991 a
499 1955 672 2009 puero
692 1938 762 1993 ab
778 1940 932 1994 omni
973 1958 1032 1995 re
1066 1942 1232 1996 mala.
1259 1944 1435 2013 Cujus
1457 1950 1717 2014 parentes

111 2043 179 2080 eo
200 2026 387 2081 adhuc
406 2044 598 2097 puero,
615 2045 714 2099 per
727 2029 1008 2101 somnium
1030 2030 1287 2085 videlicet
1301 2032 1569 2086 visionem
1591 2050 1718 2087 con-

109 2121 442 2185 spexerunt,
475 2116 622 2187 quod
648 2134 714 2170 ex
738 2134 835 2172 ore
862 2118 1039 2189 ipsius
1065 2120 1323 2190 Ephraem
1342 2121 1471 2175 vitis
1492 2122 1717 2176 adscen-

110 2204 278 2259 deret
296 2203 371 2273 (6)
399 2205 557 2259 valde
582 2206 866 2283 frugifera,
901 2225 1023 2278 quae
1049 2210 1421 2275 excrescebat,
1447 2216 1504 2264 et
1532 2212 1716 2282 reple-

112 2293 214 2347 bat
232 2310 458 2348 omnem
479 2294 583 2349 sub
595 2296 736 2349 caelo
756 2297 1071 2367 regionem:
1093 2298 1501 2370 veniebantque
1515 2306 1717 2354 cuncta

111 2382 364 2436 volatilia
385 2384 529 2450 caeli,
571 2390 629 2438 et
656 2386 1022 2440 comedebant
1046 2387 1115 2441 de
1138 2387 1324 2442 fructu
1343 2388 1484 2453 vitis,
1504 2396 1561 2443 et
1582 2407 1719 2460 pree-

113 2477 206 2525 ter
224 2489 350 2542 quae
376 2472 760 2540 comedebant,
794 2475 979 2529 adhuc
1012 2476 1316 2547 superabat
1349 2476 1583 2531 fructus.
1617 2479 1720 2532 Hic

113 2560 188 2613 ab
214 2566 384 2615 mtate
407 2562 642 2632 juvenili
686 2580 938 2617 eremum
986 2564 1237 2631 incoluit,
1272 2567 1720 2637 cumpunctionis

112 2650 223 2703 sibi
254 2649 519 2721 abyssum
550 2651 852 2718 vindicans,
885 2670 987 2724 per
1032 2671 1200 2725 quam
1231 2661 1289 2709 et
1325 2656 1567 2709 divinam
1602 2656 1722 2727 Spi-

114 2740 265 2792 ritus
294 2739 474 2793 sancti
500 2741 744 2810 gratiam
774 2743 1036 2813 suscepit.

1798 1674 1950 1737 tatis,
1971 1674 2216 1728 occurrit
2239 1674 2443 1728 mulier
2472 1674 2563 1742 (9),
2588 1691 2711 1744 qua:
2741 1674 2800 1727 in
2829 1674 3052 1728 civitate
3069 1680 3192 1729 erat
3220 1693 3403 1730 mere-

1800 1762 1936 1816 trix:
1964 1780 2135 1833 quam
2167 1763 2443 1833 aspiciens
2470 1778 2662 1817 servus
2695 1763 2796 1817 Dei
2828 1764 3105 1834 Ephrem,
3139 1764 3397 1829 indoluit,

1799 1851 1879 1904 sic
1935 1868 2125 1905 secum
2175 1852 2411 1922 loquens
2457 1871 2468 1905 :
2522 1851 2759 1906 Domine
2814 1853 2948 1906 Jesu
3009 1854 3251 1920 Christe,
3303 1854 3402 1908 dc-

1800 1940 2029 2010 spexisti
2064 1957 2256 2011 preces
2285 1940 2430 1994 servi
2460 1940 2543 1994 tui
2573 1941 2828 2010 Ephraem
2855 1959 2868 2006 ;
2921 1958 3030 2011 quo
3059 1947 3222 2012 pacto
3252 1942 3401 1996 enim

1799 2029 1916 2083 haec
1940 2030 2009 2083 de
2032 2029 2322 2100 Scriptura
2351 2046 2572 2083 mecum
2602 2029 2885 2083 disserat?
2921 2029 3185 2084 Substitit
3209 2036 3397 2085 autem

1798 2118 2083 2181 meretrix,
2141 2117 2366 2172 intuens
2405 2118 2585 2171 illum.
2646 2118 2733 2172 Ad
2783 2134 2951 2188 quam
2997 2126 3223 2173 sanctus
3257 2138 3268 2172 :
3302 2120 3402 2174 Dic

1798 2207 1957 2273 mihi,
1975 2208 2182 2278 puella,
2206 2208 2339 2278 quid
2363 2207 2640 2273 subsistis,
2670 2212 2725 2261 et
2762 2207 2842 2261 ita
2871 2208 3105 2262 intentis
3126 2209 3185 2263 in
3206 2227 3297 2263 me
3320 2209 3403 2265 in-

1797 2296 1975 2351 tueris
1999 2296 2209 2350 oculis?
2230 2297 2332 2350 Cui
2354 2297 2699 2366 respondens
2732 2298 3015 2363 meretrix,
3031 2297 3112 2351 ait
3138 2298 3209 2351 ad
3225 2315 3354 2353 eum
3384 2318 3396 2353 :

1800 2387 2033 2439 Intueor
2061 2390 2135 2451 te,
2157 2385 2289 2455 quia
2310 2402 2413 2454 ego
2443 2385 2647 2439 mulier
2676 2402 2741 2438 ex
2770 2391 2827 2439 te
2856 2386 2973 2440 viro
3000 2393 3228 2458 sumpta
3248 2405 3397 2443 sum.

1800 2475 1883 2528 Tu
1909 2480 2099 2528 autem
2119 2491 2190 2527 ne
2211 2491 2300 2527 me
2330 2474 2621 2530 intuearis.
2638 2475 2735 2528 sed
2761 2478 2973 2528 terram
3003 2492 3074 2529 ex
3103 2493 3213 2547 qua
3233 2482 3297 2531 tu
3317 2477 3404 2530 vir

1804 2569 2061 2634 sumptus
2092 2581 2170 2619 es.
2205 2563 2340 2627 Quae
2369 2580 2497 2616 cum
2524 2564 2747 2617 audiret
2766 2580 2959 2617 servus
2988 2564 3089 2618 Dei
3120 2566 3398 2635 Ephraem,

1804 2652 2071 2723 suspexit,
2097 2658 2155 2707 et
2182 2652 2516 2722 gloriﬁcavit
2549 2653 2749 2719 Deum,
2784 2652 2880 2724 qui
2908 2654 3080 2707 talem
3110 2654 3160 2707 ei
3186 2654 3404 2725 sapien-

1800 2742 1939 2795 tiam
1953 2743 2276 2807 dederat,ut
2295 2742 2571 2811 ejusmodi
2592 2742 2662 2795 ab
2689 2742 2813 2812 ipsa
2840 2756 3171 2813 responsum
3192 2743 3404 2814 accipe-

188 2830 321 2883 er.
350 2830 422 2883 II.
443 2857 500 2867 —
524 2830 604 2883 De
621 2847 750 2901 quo,
774 2832 1003 2901 quidam
1023 2832 1209 2887 divino
1238 2834 1462 2888 afﬂatus
1492 2836 1713 2906 spiritu,
1736 2901 1770 2906 _
1800 2836 1905 2884 ret.
1926 2831 1994 2885 Et
2020 2830 2280 2901 cognovit
2302 2847 2465 2884 suam
2485 2847 2520 2884 a
2539 2832 2654 2885 Deo
2679 2848 3035 2902 nequaquam
3053 2832 3222 2885 fuisse
3245 2849 3400 2903 spre-

114 2934 217 2988 per
226 2917 514 2973 somnium
533 2918 673 2972 vidit
685 2919 865 2973 virum
881 2920 1720 2988 terribilem,tenentemchartze
1736 2901 1782 2961 B
1801 2924 1920 2973 tam
1936 2920 2270 2974 orationem.
2291 2919 2647 2991 Veniensque
2667 2920 2727 2974 in
2745 2920 2961 2985 urbem,
2983 2921 3295 2976 diversatus
3316 2926 3402 2975 est

112 3008 401 3073 volumen,
434 3012 491 3062 et
518 3007 901 3079 interrogabat
934 3028 946 3063 :
973 3011 1128 3077 Quis,
1162 3018 1349 3082 putas,
1383 3014 1634 3084 accipere
1663 3018 1721 3068 et

110 3096 400 3151 custodire
428 3097 566 3151 illud
596 3099 846 3169 poterit?
883 3099 1141 3171 factaque
1170 3108 1257 3155 est
1286 3118 1391 3156 vox
1436 3104 1508 3156 ad
1537 3120 1668 3157 eum
1700 3123 1712 3159 :

109 3185 319 3241 Nullus
340 3186 504 3253 alius,
528 3187 636 3241 nisi
658 3188 912 3259 Ephrmm
934 3206 1127 3244 servus
1145 3207 1322 3245 meus.
1343 3192 1465 3255 Quo
1488 3192 1715 3263 quidem

110 3282 358 3341 astante,
398 3280 455 3329 et
482 3293 545 3331 os
572 3278 879 3347 aperiente,
923 3278 1172 3350 illudque
1210 3280 1530 3347 devorante,
1568 3282 1715 3336 illico

106 3365 235 3419 fons
255 3381 581 3420 sermonum
595 3383 629 3420 a
645 3367 760 3420 Deo
780 3368 1251 3438 proﬁciscentium
1270 3371 1544 3436 scaturiit,
1568 3388 1717 3425 com-

105 3454 419 3525 punctione
440 3460 497 3509 et
507 3456 833 3526 paenitentia
856 3458 1073 3529 plenus,
1098 3458 1359 3513 timorem
1381 3477 1718 3515 commemo-

107 3561 244 3598 rans
258 3543 544 3614 judicii,et
561 3545 788 3599 secundi
817 3563 944 3600 cum
976 3548 1271 3617 majestate
1292 3548 1565 3604 adventus
1585 3551 1714 3604 uni-

107 3650 404 3687 versorum
456 3634 625 3704 Regis
659 3640 718 3689 et
760 3636 984 3689 Domini
1039 3638 1173 3691 Jesu
1212 3638 1440 3703 Christi,
1472 3640 1589 3693 veri
1614 3640 1716 3694 Dei

108 3722 314 3785 nostri.
368 3728 434 3777 ut
477 3724 675 3778 reddat
702 3725 1003 3796 unicuique
1032 3727 1340 3781 secundum
1387 3745 1558 3798 opera
1612 3744 1717 3782 sua

110 3814 331 3875 (Matth.
356 3826 446 3866 xw
470 3832 483 3879 ;
508 3814 657 3868 Rom.
672 3817 752 3875 n).
771 3815 1233 3870 Praetereaetiam
1258 3816 1571 3871 divinorum
1584 3817 1717 3887 dog-

106 3908 332 3956 matum
388 3902 787 3958 rectitudinem
838 3921 903 3958 ac
939 3906 1233 3960 veritatem
1272 3905 1431 3960 libris
1484 3907 1715 3961 manda-

110 3990 212 4044 vit.

183 4080 320 4135 Cxp.
342 4081 441 4136 III.
455 4082 677 4136 —Alius
695 4088 886 4137 autem
906 4084 1137 4155 quidam
1148 4089 1470 4139 sanctorum
1491 4101 1712 4151 senum,

109 4169 385 4224 rursusin
407 4170 616 4225 visione
632 4171 1103 4243 viditangelorum
1133 4173 1363 4244 agmina
1375 4174 1451 4246 (7)
1476 4191 1542 4228 ex
1562 4174 1716 4229 cmlis

108 4258 302 4313 divino
327 4260 492 4329 jussu
516 4260 930 4327 descendentia,
964 4267 1021 4317 et
1055 4262 1115 4316 in
1153 4262 1412 4317 manibus
1439 4268 1626 4335 caput,
1658 4261 1716 4317 id

1799 3007 1900 3063 ibi.

1872 3098 2003 3152 CAP.
2027 3098 2093 3151 V.
2124 3128 2189 3138 -
2223 3099 2370 3153 CaSu
2399 3103 2589 3152 autem
2613 3098 2780 3169 juxta
2809 3099 2932 3168 ejus
2954 3099 3261 3170 hospitium
3287 3100 3402 3154 alia

1800 3187 2066 3241 meretrix
2096 3187 2201 3256 (10)
2233 3187 2525 3242 habitabat
2548 3206 2559 3241 :
2586 3204 2729 3257 quae,
2753 3204 2881 3241 cum
2912 3187 3007 3242 ille
3035 3205 3137 3259 per
3155 3189 3400 3259 complu-

1797 3292 1887 3330 res
1917 3277 2036 3330 dies
2064 3276 2123 3330 in
2152 3276 2290 3330 urbe
2305 3281 2768 3341 commoraretur,
2783 3275 2923 3329 dixit
2937 3276 3009 3329 ad
3026 3293 3155 3330 eum
3180 3295 3192 3330 :
3224 3277 3400 3332 Bene-

1797 3366 1904 3431 dic,
1936 3365 2160 3419 domine
2190 3365 2379 3419 abbas.
2407 3366 2477 3419 Et
2496 3364 2614 3419 ﬁxis
2628 3365 2802 3419 oculis
2822 3365 3128 3419 fenestram
3148 3364 3395 3432 intuens,

1799 3455 1935 3509 vidit
1981 3455 2137 3508 illam
2186 3454 2639 3526 prospicientem,
2681 3454 2872 3525 aitque
2914 3454 2986 3507 ad
3042 3471 3166 3508 eam
3201 3473 3212 3507 :
3249 3455 3398 3510 Deus

1799 3543 2088 3598 benedicat
2117 3543 2241 3597 tibi.
2274 3544 2358 3597 Ad
2386 3560 2554 3614 quem
2582 3542 2713 3596 illa:
2745 3542 2891 3606 Quid
2916 3548 3014 3596 tuo
3054 3544 3212 3597 deest
3239 3551 3398 3615 septo

1798 3639 1968 3705 atque
1988 3633 2304 3687 domicilio?
2326 3634 2429 3687 Cui
2451 3637 2677 3686 sanctus
2699 3650 2710 3683 :
2734 3632 2871 3685 Tres
2891 3632 3106 3702 lapides
3125 3639 3183 3686 et
3199 3634 3399 3703 argilla

1800 3722 2041 3788 modica,
2068 3728 2131 3776 ut
2164 3722 2410 3776 fenestra
2430 3720 2775 3786 obstruatur,
2796 3737 2896 3790 per
2920 3737 3089 3790 quam
3106 3722 3392 3792 prospicis.

1800 3811 1903 3865 Cui
1923 3811 2045 3882 ipsa
2064 3810 2567 3882 respondit,dicens
2593 3829 2603 3863 :
2624 3810 2764 3865 Cum
2786 3809 3100 3880 primumte
3120 3811 3397 3881 alloquor,

1798 3901 1987 3971 rejicis
2008 3918 2117 3967 me,
2138 3917 2243 3970 ego
2270 3900 2514 3954 dormire
2544 3904 2728 3953 tecum
2756 3899 2937 3969 cupio,
2963 3904 3019 3952 et
3039 3904 3102 3953 tu
3128 3900 3264 3953 vela
3281 3900 3397 3954 col-

1798 3990 2076 4044 locutione
2093 4007 2181 4043 me
2204 3989 2476 4043 excludis?
2490 3988 2854 4059 Respondens
2874 3993 3063 4042 autem
3092 3989 3174 4043 illi
3205 4006 3397 4043 servus

1798 4079 1901 4134 Dei
1931 4078 2339 4150 Ephraem,ait:
2372 4077 2433 4133 Si
2459 4094 2679 4132 mecum
2710 4076 2956 4131 dormire
2971 4078 3266 4144 velis,veni
3288 4095 3398 4150 quo

1798 4168 1988 4223 dixero
2009 4167 2130 4234 tibi,
2162 4174 2227 4222 ut
2249 4167 2325 4221 ibi
2348 4167 2515 4221 simul
2545 4166 3010 4222 dormiamus.Ad
3032 4184 3197 4239 quem
3224 4185 3401 4222 mere-

1797 4257 1907 4312 trix
1941 4276 1952 4311 :
1986 4258 2087 4313 Dic
2106 4257 2489 4328 mihi,inquit,
2505 4257 2709 4323 locum,
2744 4263 2802 4311 et
2830 4256 3157 4312 veniam.Et
3173 4264 3400 4313 sanctus

108 4352 199 4401 est
220 4347 483 4402 volumen
510 4348 662 4403 intus
689 4355 746 4404 et
764 4356 923 4404 extra
941 4350 1320 4422 conscriptum
1349 4352 1621 4406 tenentia.
1648 4352 1717 4406 Et
1735 4337 1778 4401 C
1799 4349 1870 4402 ad
1890 4348 2073 4401 illam:
2096 4347 2154 4402 Si
2175 4346 2528 4401 condormire
2544 4345 2682 4399 mihi
2704 4346 2916 4417 cupias,
2933 4362 3044 4401 non
3057 4347 3268 4418 poteris
3289 4348 3399 4402 alio

108 4435 376 4490 dicebant
394 4436 542 4491 inter
558 4455 649 4492 se:
679 4439 782 4493 Cui
811 4438 978 4494 debet
1004 4439 1148 4494 liber
1171 4440 1278 4495 iste
1302 4440 1618 4495 committi?
1649 4441 1717 4495 Et

109 4525 259 4579 alius
274 4525 501 4597 quidem
522 4527 687 4595 hunc,
712 4533 771 4582 et
796 4529 894 4583 alii
908 4529 1049 4584 alios
1078 4529 1465 4584 nominabant.
1488 4530 1599 4584 Alii
1620 4546 1717 4585 au-

108 4619 231 4669 tem
254 4617 665 4687 responderunt
683 4618 933 4673 dicentes
953 4637 965 4672 :
993 4620 1131 4673 Vere
1148 4620 1326 4673 sancti
1348 4626 1407 4673 et
1421 4620 1562 4691 justi
1585 4625 1718 4674 sunt

109 4704 206 4758 isti
234 4722 246 4756 :
271 4711 660 4761 verumtamen
680 4708 892 4762 nemini
912 4708 1018 4762 hoc
1032 4709 1291 4763 volumen
1313 4709 1464 4763 credi
1484 4709 1711 4780 poterit,

108 4792 226 4847 nisi
258 4793 515 4865 Ephraem
547 4795 670 4851 miti
700 4802 755 4851 et
778 4797 979 4851 humili
1008 4798 1193 4852 corde.
1242 4798 1509 4870 Viditque
1547 4815 1715 4853 senex

110 4882 265 4953 quod
317 4890 510 4939 sancto
551 4886 807 4957 Ephraem
855 4886 1176 4941 tradidisset
1213 4893 1393 4953 [63
1424 4892 1611 4958 caput.
1646 4888 1717 4942 Et

105 4988 352 5041 surgens
381 4989 564 5040 mane,
598 4976 811 5031 audivit
837 4993 903 5031 ex
933 4993 1030 5031 ore
1058 4976 1237 5047 ipsius
1259 4976 1581 5047 aptissimos
1612 4993 1714 5049 pro

107 5062 355 5116 aliorum
375 5062 743 5121 instructione
759 5066 1254 5133 sermones,omnis
1269 5066 1716 5138 compunctionis

108 5157 167 5205 et
185 5150 413 5205 timoris
437 5152 634 5222 divini,
666 5155 817 5210 velut
846 5172 912 5209 ex
940 5155 1093 5210 fonte
1127 5155 1315 5227 aliquo
1351 5155 1711 5222 scaturiente,

109 5241 478 5310 proﬂuentes.
506 5242 576 5297 Et
603 5244 832 5314 agnovit
857 5262 1045 5313 senex,
1076 5262 1111 5300 a
1141 5244 1355 5316 Spiritu
1394 5250 1588 5299 sancto
1618 5244 1716 5300 illa

109 5330 361 5400 suggeri,
395 5348 519 5402 qua:
549 5350 616 5386 ex
643 5333 794 5388 illius
821 5351 917 5389 ore
945 5334 1271 5390 manabant.

181 5420 317 5473 CAP.
341 5420 725 5494 IV.—Captus
744 5429 829 5478 est
848 5430 1039 5480 autem
1060 5424 1340 5479 desiderio
1372 5428 1601 5479 sanctus
1629 5424 1720 5479 hic

111 5508 284 5562 Pater
310 5516 504 5564 noster
535 5511 792 5583 Ephrem
828 5513 1069 5569 visenda:
1114 5514 1524 5569 Edessenorum
1564 5513 1720 5568 urbis

112 5599 207 5665 (ὅ),
239 5599 532 5671 oravitque
559 5601 740 5657 Deum
784 5602 976 5658 dicens
1003 5622 1015 5656 :
1049 5602 1285 5658 Domine
1314 5605 1446 5659 Jesu
1471 5603 1714 5672 Christe,

1798 4438 1857 4493 in
1888 4438 2027 4504 loco,
2062 4435 2172 4491 nisi
2200 4436 2259 4490 in
2287 4434 2424 4491 urbe
2454 4434 2657 4489 media.
2687 4435 3052 4507 Respondens
3067 4441 3257 4491 autem
3279 4437 3394 4504 illa,

1798 4527 1941 4581 dixit
1956 4527 2027 4580 ad
2059 4525 2218 4580 illum
2242 4544 2253 4578 :
2281 4525 2352 4579 Et
2373 4541 2485 4578 non
2512 4522 2895 4589 erubescimus
2914 4530 3273 4595 conspectum
3293 4526 3398 4579 ho-

1799 4616 2052 4670 minum?
2082 4615 2151 4668 Et
2179 4614 2524 4685 respondens
2554 4628 2792 4682 magnus
2824 4613 3103 4682 Ephraam,
3128 4613 3268 4667 dixit
3294 4613 3345 4667 ei
3380 4632 3392 4667 :

1800 4705 1858 4760 Si
1887 4702 2144 4758 homines
2173 4701 2575 4767 erubescimus,
2594 4701 2771 4754 multo
2787 4700 2967 4771 magis
2992 4701 3170 4755 Deum
3204 4702 3400 4757 erube-

1798 4808 1951 4848 scere
1980 4789 2147 4844 simul
2170 4795 2227 4843 et
2253 4789 2451 4843 timere
2481 4786 2780 4859 Oportebit,
2814 4788 2910 4859 qui
2940 4790 3095 4844 novit
3116 4791 3286 4846 etiam
3304 4809 3398 4847 oc-

1798 4882 1946 4937 culta
1972 4878 2284 4943 hominum,
2307 4876 2575 4948 quoniam
2590 4877 2709 4948 ipse
2737 4878 2953 4949 est,qui
2975 4878 3162 4934 veniet
3184 4880 3399 4951 judica-

1796 4976 1960 5027 turus
1987 4969 2280 5033 mundum,
2312 4973 2369 5020 et
2396 4965 2719 5021 redditurus
2747 4967 3049 5039 unicuique
3092 4971 3398 5025 secundum

1798 5077 1972 5133 opera
1983 5076 2086 5113 sua
2110 5060 2282 5129 (Rom.
2308 5056 2541 5125 10.ch
2561 5056 2795 5110 audiens
2817 5058 3101 5124 meretrix,
3125 5074 3398 5131 compun-

1797 5156 1889 5205 cta
1911 5155 1994 5203 est
2029 5164 2096 5203 ex
2141 5144 2323 5201 verbis
2351 5144 2539 5212 illius;
2579 5150 2636 5199 et
2684 5146 2954 5200 accedens
2989 5147 3229 5218 procidit
3266 5153 3398 5201 ante

1798 5240 1969 5312 pedes
1993 5239 2134 5308 ejus,
2169 5236 2412 5307 plorans,
2449 5233 2752 5306 dicensque
2784 5252 2796 5288 :
2848 5236 3019 5290 Serve
3063 5235 3183 5302 Dei,
3219 5235 3399 5290 deduc

1802 5346 1894 5385 me
1920 5328 1979 5383 in
2009 5328 2156 5382 viam
2177 5323 2466 5389 salutis,ut
2485 5340 2519 5376 a
2546 5323 2739 5377 multis
2764 5323 2905 5377 meis
2929 5324 3093 5377 malis
3105 5322 3397 5395 operibus-

1802 5435 1911 5491 que
1940 5415 2211 5489 improbis
2236 5413 2460 5468 liberer.
2504 5412 2744 5466 Sanctus
2791 5417 2982 5466 autem
3012 5429 3180 5466 senex
3203 5413 3398 5467 multis

1802 5525 1928 5563 eam
1964 5507 2272 5561 admonens
2309 5520 2375 5558 ex
2413 5517 2575 5555 sacra
2602 5500 2911 5571 Scriptura,
2946 5502 3400 5573 conﬁrmansque

1801 5598 1949 5653 illius
1971 5594 2386 5669 panitentiam,
2415 5590 2571 5645 misit
2597 5590 2779 5661 ipsam
2809 5589 2868 5644 in
2893 5590 3318 5659 monasterium,
3344 5597 3401 5649 et

110 5686 348 5757 dignare
366 5705 457 5744 me
477 5689 665 5746 videre
684 5692 969 5748 civitatem
989 5693 1165 5758 illam,
1186 5699 1247 5748 et
1264 5710 1393 5748 cum
1407 5693 1713 5764 ingrediar,
1733 5703 1784 5764 ι)
1801 5687 2034 5743 salvavit
2062 5686 2186 5756 ejus
2213 5683 2463 5738 animam
2486 5697 2553 5735 ex
2580 5695 2737 5735 como
2762 5679 3125 5749 ﬂagitiorum.

112 5774 334 5832 obviam
354 5778 493 5834 mihi
510 5779 718 5837 habere
744 5797 967 5837 merear
988 5781 1275 5838 hominem
1307 5782 1603 5854 ejusmodi,
1620 5782 1717 5855 qui

111 5880 336 5924 mecum
364 5885 401 5925 a
417 5869 709 5945 Scriptura
724 5888 1049 5930 sermonem
1068 5873 1412 5931 exordiatur.
1438 5870 1510 5929 Et
1532 5869 1721 5946 ingre-

1871 5779 1984 5833 Cxp
2029 5776 2125 5831 VI.
2149 5803 2189 5816 -
2231 5775 2302 5829 Et
2326 5769 2617 5827 discedens
2647 5787 2683 5824 a
2709 5768 2935 5824 civitate
2954 5769 3070 5838 illa,
3098 5771 3250 5827 venit
3277 5774 3399 5827 Ca-

1800 5883 2023 5927 saream
2050 5861 2436 5939 Cappadociae,
2458 5859 2558 5918 ubi
2571 5860 2863 5935 ingressus
2881 5861 3405 5935 templum,reperit
