3912 6420
131 395 246 454 325

1180 396 1348 455 VITA
1387 398 1648 455 SANC'TI
1689 398 2029 457 SIMEONIS
2071 401 2407 457 STYLITAE.

3333 409 3436 468 3‘26

130 523 277 577 dum
308 523 433 601 ait_:
492 542 516 573 ι
542 524 649 601 Ἐκν
669 522 950 592 impudica
982 521 1259 592 pudicam,
1295 524 1592 601 ex‘lasciva
1615 530 1812 601 ἕνη-Α
1837 524 1893 578 in
1941 525 2312 601 similitudine
2341 526 2611 601 c_olumba3
2639 530 2934 601 tractantis
2980 531 3435 601 frequentissime

130 611 288 661 vem,
309 612 377 648 ex
396 594 693 664 inquinata
723 611 921 665 puram
946 600 1270 665 castamque
1293 595 1588 648 reddidit.»
1614 597 1754 649 Tota

131 674 226 737 est
265 666 421 736 apud
448 664 906 737 Metapl'irastem,
941 664 1033 718 ubi
1064 665 1211 734 quod
1235 665 1323 718 hic
1354 672 1437 719 est
1468 673 1556 718 tuo
1585 673 1743 736 πρίν).

132 736 213 789 ibi
250 742 340 789 est
373 745 464 790 tuo
492 740 626 789 cibo.

213 809 299 873 (Η
314 820 330 873 )
369 811 794 861 [minam/alam
819 809 1174 876 cotznnbam.1
1207 808 1360 862 Idem
1388 814 1583 861 narrat
1613 809 1747 862 Gre-

130 879 339 947 gorius
394 880 683 949 Nyssenus
721 879 778 932 in
828 879 1079 933 encomio
1138 879 1412 948 Ephraem,
1464 887 1520 933 et
1575 880 1747 934 habes

135 951 319 1004 etiam
350 951 494 1021 apud
526 951 981 1021 Metaphrastem.

211 1018 411 1075 Simile
450 1021 622 1075 habes
652 1018 707 1075 in
739 1021 867 1073 Vita
904 1020 1081 1074 sancti
1112 1018 1368 1090 Gregorii
1399 1022 1544 1090 apud
1577 1023 1747 1076 Joan-

88 1149 101 1155 _
135 1108 278 1145 nem
308 1093 640 1155 Diaconum,
674 1092 814 1146 libro
844 1107 918 1151 ιν,
952 1064 1285 1162 cap.6‘.l,uT)i
1316 1064 1515 1145 Petr‘us
1546 1093 1746 1146 Diaco-

132 1180 270 1225 nus,
295 1166 391 1234 qui
413 1165 591 1218 sancti
616 1163 873 1232 Gregorii
895 1164 1363 1217 familiarissimus
1384 1162 1508 1225 fuit,
1531 1170 1742 1225 narrat,

131 1236 292 1304 quod
317 1254 344 1287 (ι
366 1253 532 1306 super
561 1244 731 1306 caput
748 1235 1039 1304 (Gregorii)
1064 1235 1181 1305 ipse
1200 1236 1472 1305 Spiritum
1491 1242 1747 1290 sanctum

1836 597 2226 670 perspexisset.
2266 618 2319 670 in,
2354 599 2419 651 Et
2467 600 2723 667 sequenti
2750 601 2931 670 capite
2973 597 3163 657 subdit
3190 606 3434 661 Joannes

1841 668 2144 721 Diaconus:
2192 689 2218 748 α.
2254 668 2394 721 Hinc
2417 676 2500 748 est
2522 668 3234 748 quod_consuetudinaliter
3257 678 3437 748 Spiri-

1837 744 2177 813 tussanrtus
2206 740 2263 813 in
2289 740 2470 813 specie
2492 740 2760 794 columba:
2790 760 2958 813 super
2979 747 3271 800 scribentis
3294 740 3430 802 Cre-

1831 809 1975 878 gorii
2001 817 2171 880 caput
2197 811 2539 879 depingitur.
2577 834 2598 859 η

1908 881 2020 949 (15)
2045 883 2350 951 Merrtrirj
2383 883 2535 935 Idem
2571 883 2740 937 habes
2762 886 2924 950 infra,
2960 886 3101 941 libro
3132 903 3166 942 v
3192 891 3271 943 De
3290 891 3433 945 Vitis

1832 952 2095 1020 Patrum,
2120 953 2267 1022 apud
2298 953 2607 1022 Pelagium,
2634 956 2818 1009 libello
2841 974 2895 1021 Χ,
2921 975 2975 1013 n.
3002 959 3089 1011 2L

1903 1030 1915 1089 (
1938 1022 2010 1089 l3)
2050 1025 2128 1076 ΓΛ
2152 1042 2214 1106 far
2234 1028 2342 1077 solo
2371 1026 2635 1106 aspectu]
2659 1028 2964 1106 nyssenus,
2987 1047 3158 1101 supra
3178 1051 3240 1106 :_«
3257 1034 3433 1106 Aspe-

1830 1099 2065 1186 ctliusque
2101 1096 2237 1186 lejus
2271 1096 2557 1186 angelicas
2606 1096 2885 1186 sufficiens
2935 1096 3082 1183 erat,
3112 1103 3207 1172 qui
3240 1096 3354 1186 per.
3376 1125 3433 1157 se

1831 1164 2039 1234 absque
2061 1166 2177 1218 ulla
2206 1167 2458 1219 oratione
2481 1168 2763 1223 intuentes
2785 1172 2855 1224 ad
2885 1164 3432 1230 commiserationem

1832 1242 2204 1305 permoveret.
2243 1256 2267 1289 ι)

128 1385 3422 1422 Ὴ

1593 1513 1875 1557 JANUAHI]
1925 1513 1986 1557 γ.

309 1663 892 1811 VITA
986 1662 1827 1811 SANCTI
1922 1662 3049 1817 SIMEONIS
3135 1710 3298 1836 ως

1402 1898 2021 1971 STYLITIE
2078 1919 2188 1999 (2),

974 2052 1346 2113 A‘UCTORE
1394 2053 1742 2113 ANTONIO
1788 2052 1870 2131 (3)
1916 2053 2106 2114 EJUS
2150 2055 2587 2115 DlSClPULO.

211 2294 400 2346 CAPUT
417 2307 645 2350 renum.
668 2300 714 2361 ι
732 2297 1102 2361 τθὸξωοὶιιδ
1122 2294 1349 2349 Simeon
1371 2311 1433 2347 ex
1448 2301 1607 2349 utero
1626 2311 1747 2349 ma-
1771 2293 1903 2353 BEt
1930 2295 2020 2348 die
2051 2294 2249 2365 quinta
2274 2294 2568 2363 egrediens
2591 2295 2764 2349 abbas
2806 2296 3135 2351 Timotheus
3196 2297 3434 2354 interro-

134 2381 243 2434 tris
273 2398 387 2435 suae
415 2383 624 2436 electus
647 2388 729 2437 est
750 2401 783 2437 a
803 2379 1060 2449 Domino,
1084 2390 1140 2437 et
1163 2383 1748 2455 meditabaturparere

134 2478 196 2525 et
222 2472 549 2540 placereilli
574 2490 584 2523 :
613 2478 734 2527 erat
758 2480 949 2528 autem
971 2475 1065 2527 isti
1091 2480 1254 2549 pater
1271 2472 1625 2543 Susocion(l)
1654 2490 1749 2526 no-

134 2560 313 2626 mine,
330 2570 386 2614 et
401 2562 756 2616 nutriebatur
772 2580 804 2618 a
822 2563 1147 2634 parentibus
1166 2563 1417 2627 suis.Qui
1430 2561 1556 2617 cum
1570 2562 1747 2616 factus

132 2650 340 2702 fuisset
368 2667 646 2706 annorum
668 2653 955 2719 tredecim,
996 2653 1256 2723 pascebat
1281 2670 1409 2707 oves
1438 2652 1618 2723 patris
1637 2651 1745 2721 sui;

134 2744 194 2791 et
224 2740 421 2793 videns
449 2741 739 2794 ecclesiam
758 2740 852 2811 (ὃ),
877 2742 1085 2796 relictis
1128 2742 1440 2813 pecoribus,
1460 2742 1745 2811 ingressus

134 2834 241 2887 est,
276 2829 602 2898 audivitque
634 2831 964 2901 Apostolum
996 2831 1073 2885 ibi
1106 2832 1234 2901 legi.
1269 2833 1743 2899 Interrogansque

134 2934 326 2971 unum
357 2918 659 2984 seniorem,
685 2920 765 2973 ait
796 2939 805 2972 :
841 2920 1099 2986 Domine,
1135 2921 1268 2991 quid
1301 2927 1384 2973 est
1414 2920 1564 2974 istud
1595 2919 1743 2989 quod

133 3007 560 3077 legitur?senex
574 3010 873 3078 respondet
893 3010 943 3063 ei
963 3029 977 3063 :
999 3011 1108 3064 Pro
1131 3009 1443 3064 substantia
1465 3010 1668 3064 animre
1686 3013 1748 3062 ut

136 3096 319 3149 discat
342 3097 511 3149 homo
538 3098 738 3152 timere
765 3099 945 3153 Deum
972 3116 1037 3153 ex
1070 3105 1187 3153 toto
1220 3100 1406 3163 corde,
1442 3106 1497 3151 et
1523 3116 1587 3152 ex
1630 3103 1748 3152 tota

141 3192 338 3241 mente
369 3203 473 3240 sua
497 3190 676 3252 (Dum;
700 3188 930 3247 x).Dixit
957 3188 1152 3243 beatus
1184 3189 1410 3243 Simeon
1442 3207 1452 3241 :
1492 3188 1638 3253 Quid
1663 3192 1750 3241 est

137 3275 345 3328 timere
378 3276 592 3329 Deum?
618 3276 767 3331 Dixit
795 3278 847 3331 ei
876 3278 1062 3331 senior
1090 3296 1099 3329 :
1135 3279 1321 3342 Quare
1370 3296 1460 3332 me
1505 3277 1740 3347 flagitas,

140 3364 222 3417 ﬁli
239 3364 263 3417 ‘?
297 3366 365 3419 Et
388 3365 481 3418 ille
512 3382 524 3419 :
556 3365 725 3429 Quasi
756 3368 955 3433 Deum,
979 3368 1181 3438 inquit,
1216 3368 1497 3437 interrogo
1524 3373 1599 3420 te.
1633 3368 1748 3422 Ista

139 3453 295 3507 enim
321 3472 444 3524 quae
470 3472 505 3507 a
532 3460 586 3507 te
615 3456 800 3519 audio,
821 3456 1035 3510 discere
1062 3458 1344 3527 volo.quia
1369 3458 1599 3526 ignarus
1621 3474 1746 3510 sum

1829 2383 1982 2453 gavit
2011 2400 2160 2447 eum,
2194 2384 2419 2438 dicens:
2454 2385 2602 2438 unde
2625 2402 2703 2449 es,
2722 2384 2842 2437 ﬁli?
2872 2392 2971 2439 aut
3001 2403 3138 2457 quos
3168 2393 3433 2457 parentes

1832 2473 2002 2526 habes
2022 2473 2115 2544 qui
2138 2473 2216 2526 sic
2238 2473 2479 2527 afﬂictus
2510 2474 2605 2527 es?
2633 2480 2732 2528 aut
2748 2475 2895 2544 quod
2917 2481 3000 2529 est
3021 2492 3227 2530 nomen
3245 2483 3425 2542 tuum,

1833 2579 1901 2615 ne
1930 2561 2070 2616 forte
2091 2562 2303 2633 aliquid
2327 2563 2458 2616 mali
2474 2564 2733 2631 gesseris,
2757 2571 2856 2617 aut
2871 2564 3105 2618 forsitan
3123 2582 3313 2619 servus
3330 2566 3431 2631 sis,

1832 2657 1889 2704 et
1924 2652 2214 2704 dominum
2236 2657 2396 2705 tuum
2426 2651 2646 2721 fugias?
2667 2654 2821 2707 Tunc
2843 2652 3039 2708 beatus
3061 2654 3286 2709 Simeon
3303 2672 3431 2709 cum

1830 2740 2091 2810 lacrymis
2140 2740 2276 2794 dixit
2313 2759 2323 2792 :
2369 2742 2760 2811 Nequaquam,
2796 2742 3041 2807 domine,
3073 2744 3169 2796 sed
3208 2749 3338 2814 opto
3368 2748 3434 2797 ut

1831 2830 1937 2883 sim
1972 2847 2165 2883 servus
2198 2830 2311 2895 Dei,
2347 2830 2392 2882 si
2423 2830 2542 2900 ipse
2574 2831 2829 2893 i'oluerit,
2876 2832 3008 2901 quia
3038 2833 3161 2886 volo
3210 2850 3433 2888 servare

1828 2919 2075 2973 animam
2106 2936 2287 2973 meam
2315 2920 2618 2990 perditam.
2652 2919 2795 2973 Jube
2821 2938 2952 2991 ergo
2978 2938 3067 2975 me
3100 2922 3334 2976 introire
3372 2922 3433 2977 in

1830 3009 2257 3073 monasterium,
2292 3016 2348 3061 et
2377 3008 2635 3062 omnibus
2664 3010 2942 3063 deservire
2969 3029 2981 3077 ;
3017 3011 3130 3064 noli
3162 3029 3250 3065 me
3288 3012 3423 3091 foris

1830 3097 2042 3151 diutius
2082 3098 2385 3151 dimittere.
2418 3099 2571 3152 Tunc
2592 3098 2943 3168 apprehensa
2965 3116 3136 3153 manu
3167 3102 3307 3169 ejus,
3341 3101 3431 3154 in-

1830 3187 2077 3240 troduxit
2111 3204 2239 3241 eum
2275 3186 2451 3240 abbas
2482 3189 2538 3240 in
2570 3188 2994 3252 monasterium,
3029 3189 3217 3242 dicens
3248 3189 3439 3242 fratri-

1828 3276 1934 3329 bus
1966 3296 1980 3329 :
2026 3277 2209 3329 Filioli
2244 3276 2373 3341 mei,
2410 3293 2534 3329 ecce
2566 3275 2725 3330 trado
2758 3276 2911 3330 vobis
2959 3277 3133 3331 istum
3178 3277 3430 3338 fratrem,

1829 3364 2021 3417 docete
2044 3382 2172 3419 eum
2201 3381 2441 3418 canones
2472 3365 2979 3419 monasterii.Fecit
3015 3371 3205 3418 autem
3238 3366 3295 3418 in
3316 3383 3434 3420 mo-

1828 3455 2074 3508 nasterio
2115 3454 2273 3525 quasi
2320 3470 2541 3507 menses
2580 3460 2841 3523 quatuor,
2885 3454 3135 3511 serviens
3174 3455 3435 3510 omnibus

140 3550 200 3597 et
228 3544 457 3597 stultus.
489 3543 795 3614 Respondit
815 3546 867 3598 ei
899 3546 1085 3599 senior
1120 3564 1129 3598 :
1167 3546 1222 3601 Si
1246 3547 1371 3617 quis
1396 3538 1949 3617 jejunaverithine
1962 3546 2211 3615 querela,
2242 3547 2299 3598 in
2326 3543 2526 3615 quibus
2549 3544 2887 3597 Psalterium
2908 3561 2971 3596 ex
2993 3544 3213 3613 integro
3227 3562 3437 3605 memo-

133 3633 373 3703 jugiter,
411 3638 467 3685 et
495 3632 907 3687 obsecrationes
928 3635 1119 3688 fecerit
1134 3642 1545 3705 permomenta,
1574 3643 1630 3689 et
1648 3615 1928 3690 hu-‘B‘rize
1957 3633 2382 3699 commendavit,
2422 3633 2669 3703 quotidie
2703 3633 3014 3703 percipiens
3061 3634 3247 3688 cibum
3296 3634 3436 3689 divi-

140 3722 451 3775 miliaverit
470 3723 713 3792 seipsum
739 3724 889 3776 omni
910 3724 1142 3781 homini.
1166 3732 1223 3778 et
1242 3742 1353 3779 non
1370 3725 1627 3779 dilexerit
1647 3743 1749 3779 au-

140 3829 292 3877 rum,
327 3828 509 3882 neque
542 3819 819 3882 parentes,
842 3830 1021 3883 neque
1048 3815 1397 3877 vestimenta,
1426 3832 1607 3884 neque
1628 3832 1751 3885 pos-

140 3900 442 3964 sessiones,
460 3909 515 3954 et
530 3902 766 3955 honorat
789 3910 1005 3973 patrem
1042 3909 1097 3956 et
1126 3911 1386 3969 matrem,
1411 3911 1465 3958 et
1490 3906 1750 3979 sacerdo-

141 3998 229 4043 tes
242 3990 344 4043 Dei
358 3992 831 4061 prosequitur,hic
846 3993 1195 4047 lizereditabit
1209 4011 1441 4063 regnum
1455 4002 1623 4047 zetern
1634 4012 1746 4059 um;

142 4087 199 4133 et
230 4080 327 4149 qui
355 4079 667 4134 econtrario
698 4083 807 4134 ista
845 4099 956 4134 non
985 4083 1247 4149 custodit,
1268 4084 1356 4137 hic
1396 4083 1750 4137 luereditabit

141 4168 407 4222 tenebras
432 4169 903 4241 exteriores,quas
923 4172 1143 4242 paravit
1157 4173 1307 4226 Deus
1330 4173 1552 4226 diabolo
1579 4180 1635 4226 et
1655 4190 1752 4227 an-

146 4257 291 4328 gelis
326 4260 448 4329 ejus
472 4259 686 4329 (Jlatth.
717 4274 857 4325 xxu,
884 4260 1036 4331 xxv).
1058 4263 1171 4315 Ista
1186 4262 1394 4325 omnia,
1428 4262 1527 4325 ﬁli,
1554 4263 1610 4316 in
1628 4280 1750 4316 mo-

146 4347 397 4401 nasterio
420 4354 850 4419 exaggerantur.
870 4350 1119 4407 Audiens
1142 4352 1256 4407 hzec
1274 4351 1472 4405 beatus
1499 4352 1748 4416 Simeon,

145 4436 351 4490 cecidit
378 4435 450 4489 ad
480 4438 650 4507 pedes
681 4438 822 4508 ejus,
854 4439 1043 4493 dicens
1078 4459 1089 4492 :
1117 4441 1200 4494 Tu
1228 4458 1286 4494 es
1313 4448 1475 4511 pater
1510 4459 1669 4495 meus
1697 4447 1752 4494 et

148 4530 332 4579 mater
360 4543 504 4591 mea,
540 4532 597 4580 et
625 4526 817 4580 doctor
842 4545 1074 4599 operum
1105 4529 1400 4597 bonorum,
1444 4536 1500 4585 et
1540 4531 1651 4585 dux
1681 4530 1750 4583 ad

150 4631 326 4685 regna
354 4616 640 4669 caelorum.
673 4617 755 4671 Tu
782 4616 932 4670 enim
955 4619 1243 4688 acquisisti
1263 4621 1511 4675 animam
1542 4637 1746 4685 meam,

152 4720 274 4775 quae
281 4705 402 4774 jam
423 4704 782 4775 mergebatur
799 4705 857 4759 in
875 4707 1243 4777 perditionem
1256 4710 1544 4763 .Dominus
1558 4710 1758 4764 reddat

153 4794 254 4848 tibi
305 4794 746 4849 vicissitudinem
782 4812 881 4866 pro
911 4797 1101 4853 anima
1125 4815 1271 4855 mea.
1308 4800 1423 4854 Ista
1448 4806 1581 4855 sunt
1603 4799 1753 4854 enim

1834 3740 1987 3778 num.
2024 3724 2226 3778 Cibum
2259 3740 2385 3776 vero
2436 3739 2602 3791 quem
2640 3722 2808 3776 simul
2840 3739 2966 3775 cum
2997 3722 3263 3776 fratribus
3286 3724 3436 3777 acci-

1835 3813 2039 3884 piebat,
2074 3814 2239 3867 tacite
2293 3810 2632 3882 pauperibus
2679 3810 2966 3880 erogabat,
3001 3828 3113 3864 non
3164 3812 3435 3866 sollicitus

1833 3904 1901 3956 de
1941 3903 2203 3956 crastino.
2255 3902 2478 3954 Fratres
2522 3916 2653 3968 ergo
2699 3900 2769 3953 ad
2824 3916 3132 3970 vesperam,
3166 3900 3258 3954 ille
3304 3917 3435 3954 vero

1833 3993 2070 4063 septimo
2100 3992 2188 4044 die
2217 3991 2402 4043 cibum
2425 3988 2700 4042 sumebat.

1904 4084 2033 4135 ΟΜ).
2054 4081 2357 4135 IlI.—Una
2373 4086 2563 4133 autem
2581 4079 2799 4133 dierum
2820 4079 3107 4148 ingressus
3120 4080 3189 4134 ad
3203 4087 3435 4152 puteum

1832 4190 2035 4242 aquam
2068 4170 2313 4234 haurire,
2332 4168 2573 4238 sumpsit
2607 4168 2799 4222 funem
2826 4168 2895 4221 de
2924 4168 3110 4237 situla,
3137 4171 3285 4224 unde
3319 4170 3433 4225 fra-

1832 4268 1946 4315 tres
1976 4278 2181 4332 aquam
2210 4259 2564 4317 hauriebant.
2590 4264 2647 4311 et
2665 4257 2895 4311 involvit
2923 4276 3052 4312 eum
3083 4260 3186 4313 toti
3215 4262 3437 4332 corpori

1834 4369 1934 4406 suo
1965 4352 2114 4406 nudo
2139 4368 2172 4405 a
2192 4349 2417 4404 renibus
2446 4365 2624 4419 usque
2655 4348 2724 4401 ad
2756 4348 2962 4402 collum
2988 4366 3001 4415 ;
3042 4354 3099 4402 et
3125 4349 3432 4421 ingressus,

1835 4441 1971 4495 dicit
1991 4440 2257 4495 fratribus
2282 4458 2293 4491 :
2326 4438 2477 4493 Exivi
2508 4438 2737 4492 haurire
2758 4454 2984 4507 aquam,
3011 4444 3068 4492 et
3104 4456 3216 4494 non
3247 4440 3436 4495 inveni

1832 4530 2023 4585 funem
2063 4529 2122 4583 in
2152 4528 2340 4583 situla.
2375 4528 2444 4581 Et
2482 4526 2563 4579 illi
2594 4527 2856 4595 dixerunt
2891 4544 2902 4578 :
2936 4527 3097 4591 Tace,
3137 4528 3331 4594 frater,
3363 4546 3437 4583 ne

1838 4620 1981 4673 forte
2008 4623 2279 4689 agnoscat
2306 4616 2497 4675 abbas,
2530 4631 2820 4685 quousque
2851 4621 3074 4684 tempus
3116 4622 3432 4686 praetereat.

1838 4688 2231 4763 Putrefactum
2248 4711 2334 4759 cst
2361 4710 2551 4758 autem
2570 4720 2771 4775 corpus
2794 4704 2916 4773 ejus
2936 4704 3003 4757 de
3027 4703 3366 4775 obligatione
3380 4711 3438 4762 et

1837 4797 2143 4868 asperitate
2180 4795 2346 4860 funis,
2384 4793 2518 4865 quia
2550 4798 2592 4861 ι
2612 4797 2661 4858 ὐ
2680 4799 2720 4863 ι
2751 4791 2977 4846 secabat
3007 4809 3137 4847 eum
3169 4810 3343 4864 usque
3364 4795 3435 4851 ad

155 4901 276 4956 quae
314 4884 609 4938 aediﬁcant.
661 4885 775 4955 Ego
805 4891 994 4941 autem
1026 4888 1147 4957 jam
1182 4905 1328 4943 nunc
1358 4890 1577 4955 vadam,
1611 4890 1801 4963 sicut;
1806 4928 1823 4947 μ
1837 4904 1991 4951 ossa;
2021 4886 2308 4956 ingressus
2340 4890 2424 4937 est
2454 4883 2606 4937 enim
2634 4882 2690 4937 in
2719 4898 2945 4936 carnem
2974 4882 3145 4949 ita,ut
3168 4884 3256 4938 vix
3273 4901 3440 4957 appa-

153 4973 413 5039 docuisti,
442 4973 500 5027 in
533 4976 958 5042 monasterium,
980 4976 1077 5033 ubi
1098 4979 1248 5032 Deus
1271 4979 1540 5033 voluerit:
1574 4985 1631 5032 et
1657 4973 1999 5034 ﬁat-B’reret.
2033 4975 2287 5039 Quadam
2315 4978 2503 5027 autem
2538 4972 2629 5026 die
2660 4976 2925 5026 exeuntes
2946 4971 3120 5044 aliqui
3150 4974 3219 5028 de
3238 4973 3436 5029 fratri-

154 5063 409 5117 voluntas
430 5063 551 5134 ejus
566 5062 623 5116 in
640 5080 747 5117 me.
770 5064 920 5119 Dixit
946 5065 1027 5119 illi
1056 5067 1270 5122 senior:
1293 5068 1756 5141 Fili,priusquam

153 5152 487 5225 ingrediaris
502 5152 926 5231 monasterium,
949 5156 1084 5210 audi
1101 5174 1224 5227 qua:
1244 5157 1386 5211 dico.
1410 5157 1755 5213 Tribulatio-

154 5259 282 5296 nem
329 5241 622 5295 habiturus
663 5259 763 5307 es;
803 5259 1028 5299 necesse
1066 5253 1151 5300 est
1181 5246 1333 5301 enim
1376 5252 1431 5303 te
1461 5248 1669 5302 servire
1702 5254 1758 5302 et

154 5332 384 5401 viligare
412 5331 471 5385 in
489 5330 837 5395 nuditate,et
864 5332 1247 5390 indesinenter
1272 5337 1550 5392 sustinere
1572 5339 1753 5393 mala:

156 5428 211 5476 et
242 5422 450 5475 iterum
478 5420 879 5476 confortandus
911 5440 988 5490 es,
1024 5441 1119 5477 vas
1140 5426 1449 5496 pretiosum
1469 5428 1605 5482 Deo.

226 5512 357 5565 CAP.
382 5509 811 5565 II.——Etstatim
842 5512 1029 5567 exiens
1061 5513 1257 5570 beatus
1281 5517 1469 5570 Simon
1492 5517 1561 5571 de
1591 5518 1761 5570 eccle-

156 5601 255 5665 sia,
272 5599 392 5655 ibat
412 5599 469 5653 in
498 5599 905 5655 monasterium
934 5604 1112 5658 sancti
1142 5605 1421 5660 Timothei
1445 5604 1518 5675 (ti)
1546 5606 1761 5676 magni-

160 5691 245 5745 ﬁci
273 5689 378 5744 viri
400 5689 496 5760 (7);
519 5694 576 5742 et
602 5688 901 5760 procidens
922 5698 1053 5747 ante
1082 5693 1228 5749 fores
1248 5696 1761 5766 monasterii,jace—

161 5781 254 5834 bat
280 5796 382 5851 per
410 5777 531 5834 dies
550 5777 798 5850 quinque
826 5797 939 5835 non
962 5783 1309 5838 manducans
1338 5770 1521 5855 neque
1543 5784 1756 5839 bibens.

1838 5067 1960 5131 bus,
1992 5066 2329 5120 invenerunt
2353 5078 2483 5117 eum
2504 5060 2690 5115 cibum
2719 5077 2884 5116 suum
2914 5062 3141 5117 dantem
3173 5062 3439 5133 pauperi-

1837 5156 1975 5221 bus;
2009 5161 2065 5209 et
2092 5152 2351 5223 regressi,
2393 5150 2658 5207 dixerunt
2703 5148 2894 5205 abbati
2928 5168 2938 5202 :
2975 5151 3125 5204 unde
3154 5150 3314 5204 nobis
3342 5151 3439 5206 ad-

1839 5245 2045 5301 duxisti
2081 5243 2368 5298 hominem
2412 5239 2627 5294 istum?
2657 5239 2783 5293 Non
2812 5255 3112 5308 possumus
3156 5238 3442 5295 abstinere

1840 5337 1984 5390 sicut
2003 5335 2125 5401 ille;
2161 5334 2228 5387 de
2250 5329 2543 5385 Dominica
2563 5328 2713 5383 enim
2740 5327 2798 5382 in
2821 5326 3167 5382 Dominicam
3192 5328 3439 5397 jejunat,

1841 5426 1991 5481 cibos
2022 5440 2160 5494 quos
2191 5421 2392 5491 accipit
2422 5416 2758 5489 pauperibus
2790 5421 2987 5486 erogat
3012 5434 3024 5468 :
3077 5416 3174 5469 sed
3205 5422 3261 5468 et
3299 5415 3444 5471 fetor

1840 5515 2206 5586 gravissimus
2237 5510 2525 5581 egreditur
2548 5508 2616 5562 de
2645 5522 2877 5576 corpore
2908 5506 3048 5575 ejus,
3066 5504 3146 5559 ita
3163 5510 3227 5559 ut
3252 5505 3445 5559 nullus

1839 5607 2002 5675 juxta
2027 5620 2157 5658 eum
2180 5608 2330 5655 stare
2353 5598 2553 5671 possit;
2583 5602 2637 5650 et
2668 5612 2797 5651 cum
2832 5592 3102 5660 ambulat,
3128 5610 3346 5649 vermes
3377 5593 3449 5648 de

1845 5710 2077 5765 corpore
2106 5693 2228 5762 ejus
2257 5692 2486 5755 cadunt,
2511 5689 2797 5757 lectusque
2825 5684 2946 5755 ejus
2978 5683 3176 5754 plenus
3210 5689 3297 5739 est
3332 5700 3450 5741 ver-

1847 5782 2048 5837 mibus.
2068 5782 2223 5835 Tunc
2247 5781 2437 5834 exiens
2457 5776 2627 5831 abbas
2662 5774 2874 5829 invenit
2897 5772 3044 5827 sicut
3061 5773 3141 5827 illi
3166 5772 3448 5839 dixerunt;
