3912 6436
442 401 548 458 327
1461 401 1556 456 DE
1593 401 1782 456 VITIS
1821 396 2117 456 PATRUM
2153 401 2369 457 LIBER
2404 401 2696 458 PRIMUS.
3625 401 3726 460 328

444 533 534 586 cui
559 531 642 584 ait
671 550 684 586 :
713 527 977 599 Fili,quid
988 532 1075 582 est
1089 527 1239 598 quod
1259 527 1456 581 dicunt
1479 527 1684 581 fratres
1708 527 1778 580 de
1808 527 2106 586 te?NonA
2195 527 2326 581 CAP.
2351 528 2417 580 V.
2438 557 2506 571 —
2537 527 2672 580 Post
2699 527 2817 580 haec
2840 543 3098 597 egressus
3127 527 3362 593 occulte,
3392 526 3592 598 pergit
3619 544 3726 582 non

442 619 545 675 tibi
573 619 778 674 sufﬁcit
817 619 1078 687 jejunare
1126 615 1289 681 sicut,
1304 633 1406 670 nos
1427 616 1452 668 ἱ)
1492 617 1580 670 An
1617 633 1728 670 non
1775 616 2038 669 audivisti
2119 616 2282 686 longe
2307 633 2340 669 a
2359 616 2719 680 monasterio,
2748 615 2935 686 ibique
2963 615 3140 669 multo
3153 621 3416 686 tempore
3447 615 3580 678 fuit,
3605 617 3727 670 mdi-

446 707 828 778 Evangelium,
859 706 928 760 de
954 705 1276 760 doctoribus
1308 705 1498 758 dicens
1536 707 1746 771 (Matth.
1791 710 1871 771 x),
1906 705 2040 775 quia
2120 704 2416 774 ficavitque
2438 704 2542 757 sibi
2567 705 2880 758 clausuram
2906 722 2969 758 ex
3000 705 3182 775 lapide
3212 705 3358 758 sicco
3391 705 3495 772 (8),
3540 703 3726 775 ibique

445 815 556 852 non
574 803 660 851 est
677 795 982 866 discipulus
1003 812 1172 866 super
1195 795 1528 864 magistrum
1554 811 1566 846 :
1591 793 1902 847 eritautem
1923 810 2040 846 om-
2120 793 2229 846 fuit
2247 809 2424 846 annos
2453 798 2649 846 tres.et
2671 793 2968 847 veniebant
2994 794 3064 847 ad
3086 810 3213 846 eum
3232 793 3402 847 multi
3428 793 3507 846 ad
3529 793 3728 846 oratio-

443 887 530 941 nis
573 885 870 957 perfectus,
905 884 953 938 si
1001 885 1075 938 sit
1120 883 1264 938 sicut
1303 885 1498 937 doctor
1525 883 1697 952 ejus?
1740 883 1829 936 dic
1877 881 2034 947 mihi,

444 975 544 1041 fili,
571 975 717 1028 fetor
746 975 852 1027 iste
881 973 1028 1026 unde
1055 972 1308 1043 procedit
1325 973 1350 1024 Τ
1375 973 1542 1026 Stans
1567 971 1764 1025 beatus
1790 971 2036 1034 Simeon,

444 1065 585 1119 nihil
614 1063 922 1134 respondit.
953 1063 1024 1116 Et
1051 1062 1228 1116 iratus
1249 1061 1439 1126 abbas,
1449 1061 1620 1131 jussit
1638 1077 1768 1114 eum
1789 1058 2038 1130 spoliari,

444 1160 504 1208 et
531 1154 865 1207 invenerunt
885 1151 1074 1205 funem
1101 1151 1249 1204 circa
1279 1167 1482 1220 corpus
1511 1151 1652 1219 ejus,
1693 1149 1774 1202 ita
1801 1155 1867 1202 ut
1900 1147 2040 1201 nihil

443 1247 670 1316 pareret
687 1243 757 1295 de
786 1258 851 1294 eo
872 1239 980 1294 nisi
997 1240 1295 1294 summitas
1322 1244 1564 1292 tantum.
1593 1239 1918 1292 Exclamans
1938 1253 2042 1291 au-

445 1339 560 1387 tem
581 1331 755 1385 abbas
771 1347 902 1384 voce
922 1345 1146 1400 magna,
1169 1329 1311 1382 dixit
1329 1347 1340 1382 :
1369 1328 1518 1381 unde
1530 1325 1689 1380 nobis
1701 1326 2042 1380 advenitiste

449 1422 638 1487 homo,
669 1420 959 1474 destruere
990 1419 1178 1472 volens
1203 1417 1457 1487 regulam
1493 1415 1862 1470 monasterii?
1888 1415 2042 1485 Rogo

449 1528 582 1582 ergo
607 1515 682 1577 te,
715 1508 937 1563 discede
967 1508 1114 1573 hinc,
1135 1513 1192 1561 et
1221 1523 1390 1578 perge
1420 1523 1530 1577 quo
1563 1505 1642 1558 vis
1670 1524 1681 1558 :
1714 1521 1843 1558 cum
1864 1504 2042 1558 multo

451 1606 643 1654 tamen
673 1599 864 1653 dolore
893 1603 950 1652 et
977 1596 1165 1650 labore
1197 1596 1452 1650 tulerunt
1478 1612 1513 1648 a
1539 1611 1770 1665 corpore
1802 1595 1924 1663 ejus
1953 1593 2042 1647 fu-

448 1707 597 1755 nem,
640 1689 708 1742 de
750 1705 859 1758 quo
897 1693 1020 1740 erat
1062 1685 1362 1746 involutus,
1396 1701 1511 1739 una
1549 1701 1676 1738 cum
1724 1699 1890 1736 carne
1921 1683 2043 1752 ejus

451 1778 693 1851 putrida.
741 1776 1030 1830 Facientes
1065 1781 1253 1830 autem
1296 1774 1378 1828 illi
1415 1774 1664 1828 studium
1706 1789 1808 1844 per
1836 1772 2044 1826 multos

450 1869 588 1932 dies,
623 1871 962 1920 sanaverunt
991 1882 1140 1919 eum.

521 1957 1074 2013 CAP.IV.—Sanatus
1103 1959 1294 2009 autem
1324 1958 1452 2023 post
1478 1952 1615 2016 haec,
1641 1951 1808 2005 exivit
1831 1951 1901 2003 de
1923 1965 2046 2002 mo-

451 2047 714 2112 nasterio,
735 2046 888 2100 nullo
908 2045 1119 2098 sciente
1145 2063 1156 2110 ;
1181 2050 1238 2098 et
1265 2043 1554 2113 ingressus
1583 2045 1668 2094 est
1692 2045 1925 2110 puteum
1954 2038 2047 2091 de-

452 2143 683 2200 sertum,
709 2135 804 2190 ubi
832 2152 946 2189 non
974 2139 1097 2189 erat
1115 2149 1282 2202 aqua,
1315 2148 1428 2185 non
1450 2131 1661 2199 longea
1681 2127 2042 2192 monasterio,

447 2226 543 2281 ubi
573 2225 849 2280 immundi
867 2224 1100 2295 spiritus
1129 2219 1536 2276 inhabitabant.
1555 2220 1624 2274 Et
1641 2219 1764 2289 ipsa
1784 2223 1944 2270 nocte
1963 2233 2046 2269 re-

447 2317 690 2370 velatum
703 2320 789 2368 est
801 2313 987 2368 abbati
1003 2311 1150 2383 quod
1162 2309 1466 2364 multitudo
1478 2308 1812 2380 populorum
1823 2307 2046 2360 circum-

446 2405 647 2460 darent
669 2402 1073 2458 monasterium
1101 2417 1267 2454 suum
1298 2415 1425 2453 cum
1454 2397 1692 2451 fustibus
1736 2401 1794 2449 et
1819 2395 2041 2466 gladiis,

445 2494 695 2548 dicentes
717 2512 728 2547 :
748 2493 834 2546 Da
847 2491 1006 2546 nobis
1025 2507 1248 2544 servum
1273 2488 1372 2542 Dei
1387 2485 2041 2550 Simeonem,Timothee.

449 2583 550 2637 Sin
571 2588 782 2647 autem,
803 2580 1166 2634 incendemus
1194 2583 1251 2632 te
1271 2594 1397 2632 cum
1413 2575 1753 2630 monasterio
1779 2579 1895 2637 tuo,
1915 2589 2048 2644 quo-

451 2671 606 2725 niam
637 2669 979 2740 exasperasti
1031 2667 1317 2722 hominem
1355 2667 1592 2735 justum.
1618 2665 1726 2727 Qui
1757 2663 2043 2732 evigilans,

452 2760 533 2814 ait
551 2758 821 2813 fratribus
843 2776 854 2810 :
902 2757 1086 2811 Filioli
1116 2755 1245 2820 mei,
1271 2753 1536 2807 visionem
1563 2752 1694 2816 vidi,
1729 2758 1786 2806 et
1807 2752 2046 2805 multum

452 2848 714 2904 turbatus
735 2864 859 2901 sum
886 2847 944 2900 in
974 2863 1059 2900 ea.
1086 2846 1156 2900 Et
1172 2845 1230 2898 in
1260 2843 1370 2897 alia
1398 2849 1561 2897 nocte
1575 2842 1711 2896 vidit
1732 2840 2048 2896 multitudi«

454 2955 584 2992 nem
614 2937 858 2991 virorum
879 2935 1106 3004 fortium
1128 2931 1432 2988 astantium
1462 2938 1518 2986 et
1537 2931 1843 2986 dicentium
1860 2931 1938 2984 ei:
1965 2931 2048 2984 Da

455 3027 618 3081 nobis
639 3041 863 3080 servum
885 3024 986 3079 Dei
1004 3024 1321 3078 Simeonem
1345 3041 1358 3089 ;
1380 3021 1616 3075 dilectus
1639 3027 1726 3074 est
1752 3020 1901 3074 enim
1933 3019 2047 3074 Deo

458 3122 516 3170 et
539 3115 786 3184 angelis;
818 3129 990 3185 quare
1020 3113 1180 3166 illum
1208 3111 1463 3166 vexasti?
1489 3111 1672 3180 major
1698 3115 1755 3163 te
1783 3115 1870 3164 est
1897 3108 2047 3178 apud

2123 897 2270 934 nem.
2296 881 2508 936 Deinde
2535 881 2666 936 fecit
2693 882 3084 936 columnellam
3103 882 3430 936 cubitorum
3461 888 3724 952 quatuor,

2123 971 2390 1040 stetitque
2411 971 2469 1024 in
2498 988 2566 1024 ea
2597 987 2773 1024 annos
2798 977 3056 1042 quatuor.
3092 971 3395 1026 Crescebat
3423 975 3625 1026 autem
3665 971 3728 1024 de

2124 1075 2189 1112 eo
2203 1060 2352 1112 fama
2365 1066 2556 1113 sancta
2575 1077 2676 1130 per
2695 1059 2883 1115 orbem
2898 1067 3080 1126 terrae,
3097 1066 3154 1115 et
3174 1061 3390 1114 faciunt
3425 1061 3481 1114 ei
3517 1061 3727 1114 colum-

2123 1165 2254 1202 nam
2277 1149 2576 1203 habentem
2604 1149 2818 1203 cubitos
2848 1150 3160 1215 duodecim,
3195 1156 3252 1204 et
3270 1150 3434 1204 stetit
3459 1150 3522 1203 in
3545 1166 3614 1202 ea
3641 1166 3730 1203 an-

2121 1254 2225 1291 nos
2249 1237 2562 1292 duodecim.
2592 1239 2950 1308 Rursumque
2989 1239 3241 1292 fecerunt
3269 1239 3608 1292 columnam
3635 1256 3726 1292 cu-

2125 1325 2866 1398 bitorumviginti,stetitque
2883 1327 2940 1382 in
2961 1344 3028 1382 ea
3047 1345 3222 1382 annos
3245 1327 3728 1382 duodecim.Tunc

2124 1415 2448 1484 congregati
2471 1421 2602 1469 sunt
2619 1433 2812 1469 omnes
2829 1415 3170 1470 habitatores
3195 1417 3300 1472 loci
3331 1417 3514 1482 illius,
3536 1423 3596 1471 et
3608 1417 3729 1471 adi-

2125 1506 2432 1558 ficaverunt
2454 1505 2616 1574 juxta
2644 1505 2823 1576 ipsam
2852 1507 3171 1560 columnam
3199 1506 3467 1561 basilicas
3491 1507 3654 1570 duas,
3677 1513 3729 1560 et

2123 1594 2442 1647 columnam
2462 1593 2776 1648 cubitorum
2805 1595 3059 1664 triginta,
3093 1601 3150 1649 et
3168 1612 3337 1667 super
3364 1595 3556 1666 ipsam
3579 1594 3730 1649 stetit

2124 1699 2302 1736 annos
2321 1690 2582 1753 quatuor,
2606 1689 2664 1737 et
2690 1684 2859 1754 coepit
2885 1685 3120 1738 virtutes
3155 1685 3357 1738 facere.
3401 1685 3578 1738 Multi
3611 1685 3728 1737 lan-

2123 1772 2279 1842 guidi
2307 1772 2604 1826 veniebant
2634 1773 2704 1826 ad
2727 1790 2876 1839 eum,
2909 1780 2967 1827 et
3009 1774 3287 1828 daemonia
3325 1774 3630 1834 habentes,
3677 1779 3730 1826 et

2068 1861 2360 1941 Bcurabat
2370 1879 2465 1915 eos
2489 1862 2832 1916 :caecivisum
2851 1863 3214 1933 recipiebant,
3230 1863 3510 1917 debilium
3532 1879 3728 1916 manus

2126 1950 2587 2015 restituebantur,
2623 1951 2779 2004 surdi
2811 1952 3067 2006 auditum
3112 1953 3480 2023 recipiebant,
3527 1951 3728 2022 leprosi

2127 2039 2562 2094 mandabantur.
2597 2041 2800 2094 Multas
2820 2041 2908 2094 hic
2927 2047 3124 2111 gentes
3140 2043 3431 2096 inclinavit
3459 2043 3534 2096 ad
3567 2042 3729 2095 fidem

2129 2129 2525 2195 Christianam,
2564 2130 2618 2183 id
2659 2137 2760 2194 est,
2818 2133 3176 2191 Sarracenos,
3205 2132 3427 2196 Persas,
3461 2133 3729 2185 Armace-

2126 2235 2228 2272 nos
2253 2218 2330 2290 (9)
2364 2225 2422 2272 et
2453 2221 2654 2273 Laotos
2690 2221 2817 2288 (-10),
2851 2220 3110 2274 similiter
3138 2226 3195 2274 et
3225 2221 3581 2292 Allophylos.
3617 2223 3727 2274 Au-

2125 2307 2453 2378 dientesque
2472 2309 2542 2362 de
2571 2325 2637 2362 eo
2659 2315 2713 2362 et
2741 2309 2810 2363 de
2831 2309 3128 2364 virtutibus
3157 2311 3297 2380 ejus,
3322 2309 3730 2364 conveniebant

2128 2401 2185 2450 et
2221 2397 2532 2452 adorabant
2561 2414 2710 2451 eum.

2198 2487 2327 2540 CAP.
2351 2487 2676 2542 VI.-Tunc
2697 2487 2918 2542 invidus
2948 2488 3204 2543 diabolus
3231 2489 3728 2544 transformavitse

2127 2575 2184 2628 in
2214 2575 2455 2646 speciem
2484 2576 2689 2645 angeli,
2730 2576 2952 2646 fulgens
2979 2577 3035 2632 in
3075 2579 3370 2650 splendore
3401 2596 3536 2634 cum
3577 2577 3727 2648 equis

2127 2663 2329 2731 igneis.
2359 2665 2427 2718 Et
2451 2681 2648 2718 currus
2679 2665 2876 2734 igneus
2905 2668 3169 2738 apparuit
3191 2669 3354 2738 juxta
3381 2669 3722 2730 columnam,

2128 2751 2224 2806 ubi
2253 2753 2440 2806 stabat
2483 2753 2684 2808 beatus
2732 2755 2959 2811 Simeon
3027 2761 3206 2823 ιθπ
3257 2757 3556 2828 illuxitque
3604 2771 3725 2810 cum

2129 2842 2347 2911 fulgore
2375 2849 2434 2896 et
2450 2844 2743 2914 splendore
2773 2846 2933 2916 quasi
2959 2845 3141 2917 specie
3171 2847 3368 2916 Angeli
3393 2847 3638 2917 fulgens.
3664 2846 3727 2898 Et

2130 2931 2272 2986 dixit
2311 2931 2565 2986 diabolus
2613 2932 2832 2986 blandis
2878 2934 3266 2988 sermonibus:
3311 2936 3566 3000 Simeon,
3597 2933 3722 2988 audi

2129 3020 2298 3074 verba
2327 3038 2472 3080 mea.
2523 3039 2644 3092 quae
2673 3021 2775 3076 tibi
2808 3023 3080 3078 Dominus
3119 3024 3422 3078 mandavit.
3455 3024 3612 3080 Misit
3639 3039 3722 3076 me

2129 3111 2394 3180 angelum
2422 3127 2588 3164 suum
2618 3128 2742 3164 cum
2764 3129 2931 3166 curru
2961 3112 3125 3182 igneo
3155 3120 3213 3167 et
3245 3114 3402 3185 equis
3439 3114 3640 3184 igneis,
3663 3117 3721 3166 ut

458 3206 636 3260 Deum
665 3223 677 3271 ;
723 3219 916 3257 omnes
959 3201 1110 3256 enim
1149 3200 1335 3271 angeli
1383 3199 1788 3255 contristantur
1828 3198 2110 3270 propterC
2131 3199 2348 3270 rapiam
2374 3205 2448 3264 te,
2480 3201 2760 3271 quomodo
2782 3202 2942 3273 rapui
2969 3202 3145 3256 Eliam
3183 3205 3414 3272 (lVch.
3442 3212 3528 3272 II).
3562 3204 3720 3257 Tem-

454 3293 834 3364 illum.Ipsum
847 3298 1032 3346 autem
1050 3307 1372 3363 praeponere
1389 3289 1558 3343 habet
1577 3289 1795 3343 Deusin
1816 3287 2045 3353 mundo,

451 3383 533 3437 ita
558 3389 624 3438 ut
655 3399 756 3454 per
782 3381 940 3436 illum
969 3381 1147 3435 multa
1171 3379 1334 3449 signa
1361 3380 1518 3445 fiant,
1556 3377 1744 3448 qualia
1775 3393 1941 3430 nemo
1969 3375 2051 3430 fe-

451 3471 544 3526 cit.
577 3472 733 3526 Tunc
761 3487 1062 3541 exsurgens
1082 3468 1274 3534 abbas,
1307 3485 1435 3522 cum
1456 3483 1661 3536 magno
1687 3467 1889 3520 timore
1915 3463 2054 3518 dixit

449 3560 718 3616 fratribus
738 3581 752 3614 :
776 3560 1063 3631 Requirite
1081 3558 1219 3612 mihi
1235 3557 1518 3611 hominem
1537 3557 1782 3617 illum,et
1793 3553 2052 3608 adducite

451 3651 511 3704 in
539 3651 688 3704 hunc
719 3651 919 3716 locum,
953 3665 1022 3702 ne
1069 3648 1211 3704 forte
1241 3663 1434 3700 omnes
1479 3644 1796 3698 moriamur
1827 3648 2054 3714 propter

453 3739 630 3794 illum.
667 3739 810 3793 Vere
843 3739 994 3794 enim
1034 3741 1262 3792 sanctus
1304 3735 1405 3790 Dei
1445 3741 1563 3799 est;
1594 3732 1877 3788 mirabilia
1900 3732 2050 3786 enim

453 3845 661 3900 magna
690 3829 800 3883 vidi
823 3833 880 3882 et
906 3827 1094 3882 audivi
1121 3827 1191 3880 de
1240 3825 1356 3880 illo.
1384 3824 1541 3879 Tunc
1567 3839 1762 3876 omnes
1791 3820 2047 3876 monachi

2131 3305 2238 3358 pus
2263 3294 2424 3342 tuum
2449 3291 2570 3360 jam
2603 3296 2704 3344 est.
2729 3291 2798 3344 Et
2817 3296 2878 3345 tu
2909 3291 3168 3346 similiter
3199 3293 3437 3347 ascende
3465 3295 3589 3363 jam
3618 3307 3720 3344 me-

2133 3393 2260 3432 cum
2282 3379 2339 3432 in
2361 3395 2609 3438 currum.
2643 3380 2776 3450 quia
2802 3381 3075 3435 Dominus
3095 3382 3218 3435 cazli
3247 3389 3303 3436 et
3333 3389 3502 3438 terrae
3542 3389 3722 3436 trans-

2133 3467 2290 3520 misit
2309 3468 2862 3524 hunc.Ascendamus
2890 3471 3100 3541 pariter
3125 3471 3183 3525 in
3213 3471 3398 3538 caelos,
3420 3478 3490 3526 ut
3509 3472 3721 3526 videant

2133 3562 2190 3610 te
2212 3557 2397 3627 angeli
2427 3563 2484 3612 et
2518 3559 2841 3629 archangeli
2885 3576 3008 3614 cum
3041 3561 3217 3614 Maria
3260 3567 3440 3615 matre
3481 3558 3715 3622 Domini,

2134 3662 2261 3699 cum
2289 3647 2556 3716 apostolis
2595 3653 2652 3700 et
2672 3649 3032 3720 martyribus,
3067 3650 3477 3705 confessoribus
3521 3656 3579 3704 et
3605 3663 3720 3720 pro-

2135 3735 2338 3804 phetis,
2373 3735 2506 3805 quia
2536 3737 2782 3805 gaudent
2815 3738 2999 3792 videre
3038 3744 3113 3804 te,
3145 3745 3211 3794 ut
3255 3757 3378 3794 ores
3422 3739 3717 3794 Dominum

2135 3824 2232 3894 qui
2252 3829 2308 3878 te
2339 3824 2471 3878 fecit
2489 3825 2559 3879 ad
2593 3825 2896 3896 imaginem
2927 3845 3108 3882 suam.
3145 3829 3327 3883 Etiam
3358 3830 3581 3884 locutus
3603 3841 3718 3881 sum

455 3919 710 3974 exierunt
749 3935 879 3972 eum
927 3933 1195 3987 quaerere,
1240 3920 1298 3968 et
1341 3912 1533 3967 omnia
1561 3912 1967 3982 perlustrantes
1992 3915 2048 3963 et
2127 3911 2250 3978 tibi,
2277 3930 2346 3967 ne
2365 3915 2552 3968 tardes
2581 3916 2900 3970 ascendere.
2926 3918 3152 3972 Simeon
3173 3919 3452 3990 completa
3475 3917 3716 3973 oratione

454 4023 565 4061 non
595 4005 962 4067 invenientes,
1001 4003 1465 4056 renuntiaverunt
1503 3999 1691 4054 abbati
1741 3999 1989 4052 dicentes
2029 4016 2040 4051 :

454 4095 685 4151 Nullum
696 4093 881 4148 locum
902 4089 1353 4162 reliquimus,ubi
1367 4106 1496 4144 eum
1507 4106 1618 4143 non
1633 4088 2044 4159 quaesissemus,

455 4183 566 4238 nisi
609 4187 833 4238 tantum
875 4181 934 4234 in
965 4181 1185 4234 deserto
1229 4184 1419 4250 puteo.
1471 4177 1782 4248 Respondit
1828 4175 2044 4231 abbas:

456 4273 613 4342 Rogo
631 4289 747 4338 vos,
767 4271 990 4332 fratres,
1013 4269 1090 4323 ite
1119 4268 1189 4322 ad
1217 4267 1656 4339 perquirendum
1686 4283 1836 4333 eum,
1866 4267 1964 4320 sed
1994 4272 2051 4320 et

457 4379 560 4433 ego
602 4360 804 4414 vadam
846 4357 1150 4413 vobiscum.
1191 4357 1336 4411 Vere
1373 4362 1600 4411 sanctus
1645 4361 1702 4410 et
1733 4372 1924 4410 servus
1952 4355 2055 4409 Dei

2127 4001 2312 4058 dixit:
2347 4004 2600 4068 Domine,
2651 4005 2731 4059 vis
2777 4023 2975 4076 rapere
3009 4025 3097 4062 me
3135 4015 3484 4078 peccatorem
3525 4009 3582 4063 in
3624 4022 3718 4060 coe—

2131 4090 2292 4145 lum?
2321 4092 2391 4146 Et
2417 4093 2638 4148 elevans
2680 4095 2973 4150 dexterum
3001 4097 3197 4167 pedem
3231 4104 3295 4151 ut
3317 4099 3643 4153 ascenderet
3665 4093 3716 4148 in

2130 4196 2380 4246 currum,
2404 4181 2608 4236 levavit
2637 4183 2922 4238 dexteram
2951 4202 3204 4252 manum,
3237 4192 3294 4240 et
3324 4187 3454 4241 fecit
3475 4187 3718 4258 signacu-

2131 4269 2249 4322 lum
2273 4270 2502 4324 Christi.
2541 4273 2682 4326 Cum
2716 4273 2938 4342 signum
2971 4275 3149 4330 crucis
3188 4276 3426 4342 fecisset,
3460 4275 3715 4331 continuo

2136 4357 2391 4413 diabolus
2428 4377 2708 4432 nusquam
2737 4364 3068 4434 comparuit,
3103 4381 3231 4419 cum
3260 4371 3592 4436 argumento
3625 4378 3716 4418 suo

457 4454 561 4506 est.
579 4450 648 4504 Et
667 4465 896 4504 sumens
917 4463 1110 4501 secum
1139 4445 1385 4518 quinque
1413 4443 1481 4500 cx
1511 4445 1641 4512 illis,
1675 4444 1827 4500 venit
1855 4445 1926 4498 ad
1949 4461 2113 4522 pu-“
2138 4449 2366 4503 evanuit
2392 4449 2538 4504 sicut
2564 4452 2745 4522 pulvis
2768 4458 2899 4507 ante
2920 4451 3116 4508 faciem
3148 4455 3486 4510 venti.Tunc
3517 4452 3716 4510 intelle-

455 4544 630 4594 teum.
652 4539 722 4594 Et
751 4537 957 4592 faciens
977 4511 1614 4601 orationem;descendit
1632 4511 1760 4589 cum
1789 4511 2120 4587 fratribusD
2132 4536 2213 4590 xit
2233 4537 2460 4592 Simeon
2489 4511 2668 4594 artem
2695 4558 2816 4595 esse
2844 4541 3070 4608 diaboli,

457 4629 516 4683 in
539 4633 790 4700 puteum.
822 4626 1145 4696 Videasque
1171 4625 1334 4679 illum
1362 4623 1559 4678 beatus
1611 4623 1858 4690 Simeon,
1891 4621 2060 4693 coepit

456 4733 676 4788 rogare,
710 4717 933 4770 dicens:
983 4715 1142 4785 Rogo
1170 4731 1286 4780 vos,
1319 4713 1463 4768 servi
1503 4713 1624 4779 Dei,
1677 4711 1944 4766 dimittite
1969 4727 2058 4764 me

455 4821 572 4858 una
592 4805 750 4869 hora,
782 4809 845 4858 ut
865 4803 1097 4857 reddam
1125 4802 1386 4874 spiritum
1434 4819 1653 4872 meum;
1685 4802 1871 4856 adhuc
1906 4799 2058 4854 enim

2203 4625 2458 4682 CAP.VII.
2473 4628 2814 4684 -Reversus
2826 4648 2958 4701 ergo
2974 4631 3031 4686 in
3047 4650 3126 4699 se,
3145 4633 3282 4689 dixit
3303 4634 3430 4705 pedi
3450 4652 3554 4690 suo
3577 4654 3588 4688 :
3603 4632 3714 4687 Non

2133 4715 2430 4770 reverteris
2473 4723 2786 4773 retrorsum
2815 4720 2966 4787 hinc,
2999 4723 3095 4776 sed
3129 4723 3304 4777 stabis
3335 4724 3425 4778 hic
3456 4740 3630 4796 usque
3653 4719 3714 4774 ad

2140 4803 2355 4858 obitum
2386 4822 2593 4873 meum,
2631 4808 2808 4863 donec
2833 4810 3102 4865 accersiat
3125 4813 3397 4868 Dominus
3421 4831 3509 4868 me
3543 4826 3716 4886 pecca-

455 4892 762 4958 modicum,
781 4893 1043 4946 deficiens
1071 4897 1176 4946 est.
1191 4891 1366 4946 Valde
1383 4897 1571 4946 autem
1582 4891 1851 4961 fatigatur
1868 4889 2060 4942 anima
2140 4898 2347 4948 torem.
2385 4895 2610 4950 Interea
2644 4897 2898 4954 diabolus
2926 4899 2982 4953 in
3007 4900 3212 4971 frigore
3242 4903 3503 4974 apposuit
3529 4903 3716 4957 vulnus

457 4981 875 5053 mea,quoniam
905 4981 1224 5052 exasperavi
1262 4981 1586 5036 Dominum.
1604 4979 1863 5050 Dixitque
1893 4978 1964 5032 ad
1993 4977 2058 5032 il-

458 5072 575 5127 lum
615 5069 825 5124 abbas:
882 5069 1044 5136 Veni,
1080 5086 1235 5124 serve
1260 5069 1380 5136 Dei,
1416 5077 1480 5124 ut
1506 5069 1849 5124 deducamus
1891 5072 1949 5120 te
1995 5067 2055 5120 in

459 5159 884 5227 monasterium;
907 5159 1137 5228 cognovi
1159 5159 1307 5213 enim
1329 5159 1398 5213 de
1421 5164 1476 5212 te
1491 5158 1622 5229 quia
1643 5173 1834 5211 servus
1850 5155 1949 5210 Dei
1973 5173 2050 5210 es.

459 5251 562 5308 Illo
592 5267 722 5305 vero
743 5249 987 5314 nolente,
1007 5247 1296 5303 adducunt
1308 5265 1437 5303 eum
1455 5247 1508 5300 vi
1527 5247 1598 5300 ad
1623 5245 2048 5312 monasterium,

462 5345 520 5394 et
541 5357 739 5394 omnes
752 5343 1120 5410 prosternunt
1137 5355 1196 5391 se
1217 5337 1284 5391 ad
1309 5337 1478 5407 pedes
1509 5337 1650 5405 ejus,
1667 5336 1864 5388 ﬂentes
1885 5341 1940 5388 et
1969 5335 2056 5388 di-

2140 4997 2310 5052 super
2337 4983 2519 5038 femur
2548 4987 2688 5057 ejus,
2717 4993 2775 5042 et
2803 4989 3175 5058 putrefactum
3205 4999 3292 5046 est
3327 4992 3408 5046 ita
3442 4999 3507 5047 ut
3537 4987 3715 5046 multi-

2135 5071 2272 5126 tudo
2293 5073 2570 5129 vermium
2600 5082 2914 5132 scatescens
2933 5079 3002 5132 de
3032 5096 3115 5145 eo,
3150 5081 3514 5136 descenderet
3528 5081 3594 5137 de
3613 5092 3717 5133 cor-

2135 5176 2271 5230 pore
2291 5163 2432 5232 ejus,
2464 5163 2906 5238 decurrebatque
2935 5168 3004 5222 de
3034 5169 3267 5239 pedibus
3297 5172 3420 5241 ejus
3445 5171 3502 5225 in
3526 5171 3716 5226 colum-

2135 5265 2286 5315 nam,
2319 5256 2376 5305 et
2403 5252 2471 5306 de
2500 5255 2761 5310 columna
2787 5255 2844 5309 in
2868 5259 3276 5313 tei'ram.Anno
3291 5265 3482 5314 autem
3511 5261 3712 5327 integro

2135 5339 2294 5394 stetit
2312 5340 2370 5394 in
2381 5342 2643 5398 columna
2661 5361 2830 5416 super
2841 5361 3016 5400 unum
3047 5348 3264 5417 pedem.
3282 5348 3519 5412 Quidam
3541 5353 3714 5404 autem

461 5434 678 5484 centes:
707 5428 1062 5484 Peccavimus
1081 5427 1142 5480 in
1168 5423 1458 5492 te,famule
1488 5423 1608 5490 Dei,
1624 5423 1851 5494 indulge
1872 5423 2052 5480 nobis.
2131 5427 2354 5498 juvenis
2379 5430 2558 5485 astitit
2587 5432 2659 5498 ei,
2684 5435 2963 5489 Antonius
2988 5437 3232 5502 nomine,
3251 5438 3347 5508 qui
3360 5438 3497 5492 vidit
3514 5445 3572 5492 et
3597 5431 3712 5490 scri-

461 5517 669 5573 Beatus
689 5523 880 5572 autem
900 5517 1127 5572 Simeon
1138 5511 1618 5586 gemebat,dicens
1637 5531 1648 5566 :
1664 5513 1849 5577 Quare
1863 5530 2058 5584 grava-

463 5605 538 5661 tis
564 5605 842 5660 infelicem
872 5611 931 5661 et
961 5601 1360 5677 peccatorem?
1388 5601 1500 5656 Vos
1526 5607 1716 5657 autem
1745 5603 1881 5657 estis
1911 5603 2058 5658 servi

464 5695 568 5752 Dei
593 5699 650 5750 et
667 5695 886 5751 Patres.
919 5695 1090 5750 Stetit
1115 5697 1307 5748 autem
1327 5690 1406 5746 ibi
1437 5691 1596 5762 quasi
1615 5709 1827 5748 annum
1855 5708 2054 5747 unum.

2139 5516 2252 5588 psit
2278 5517 2412 5572 haec.
2443 5518 2617 5574 Juxta
2642 5531 2982 5594 praeceptum
3004 5525 3154 5580 illius
3173 5527 3472 5597 colligebat
3492 5538 3708 5586 vermes:

2141 5605 2237 5676 qui
2257 5605 2533 5662 cadebant
2559 5609 2632 5664 ad
2671 5617 2901 5680 terram,
2917 5614 3349 5687 porrigebatque
3375 5615 3456 5670 illi
3483 5627 3714 5671 sursum.

2140 5694 2332 5750 Atille
2355 5697 2600 5768 ponebat
2630 5717 2726 5756 eos
2756 5701 2864 5756 sibi
2890 5702 2950 5758 in
2980 5703 3104 5774 ipso
3131 5705 3456 5773 vulnere,ad
3476 5703 3713 5761 similitu-

3760 2368 3817 2454 ν
