3912 6388
484 410 588 468 331
1513 398 1607 455 DE
1642 395 1832 455 VITIS
1869 386 2167 451 PATRUM
2203 385 2419 445 LIBER
2452 383 2744 443 PRIMUS.
3661 372 3767 433 332

486 523 1157 597 tesautem,veneruntad
1173 522 1776 585 sanctumSimeonem,
1797 514 2414 591 portantesAvestram
2447 526 2571 565 cum
2617 502 3004 563 habitantibus
3031 501 3091 558 in
3121 516 3207 567 ea,
3254 499 3350 573 qui
3390 497 3570 554 etiam
3617 495 3769 552 hunc

489 624 704 681 corium
733 621 872 691 ejus,
906 623 965 673 et
986 616 1240 671 fecerunt
1265 613 1341 668 ibi
1364 612 1504 668 duos
1532 629 1726 675 annos,
1771 615 1827 664 et
1856 608 1942 662 vix
1972 607 2077 661 ali-
2159 599 2540 657 reconciliavit
2568 597 2673 652 sibi
2698 596 2713 652 ἑ
2747 600 2805 650 et
2833 611 2935 667 ego
2960 591 3126 647 timui
3164 606 3235 646 ne
3258 588 3444 644 subito
3477 585 3769 643 occideret

490 678 712 786 quando
741 678 1043 765 sanitatem
1073 706 1321 777 recipere
1344 707 1669 776 potuerunt.
1702 700 1965 771 Iniquum
1994 700 2081 751 est
2161 709 2284 758 me;
2318 707 2389 745 ne
2419 705 2553 759 ergo
2579 684 2820 757 amplius
2848 682 3094 752 fatigatis
3119 696 3209 734 me
3237 678 3513 733 humilem
3535 682 3598 731 et
3627 692 3769 746 pau-

491 803 637 858 enim
655 804 942 873 peccatum
966 813 1159 852 eorum
1182 794 1437 849 recitare.
1462 791 1687 848 Corium
1702 795 1890 845 autem
1907 802 2080 841 cerva:
2163 797 2374 854 perem.
2410 780 2479 834 Et
2508 777 2588 831 ita
2615 791 2741 830 cum
2762 774 2965 828 timore
2984 768 3225 841 regressi
3252 774 3404 835 sunt,
3433 766 3769 821 nuntiantes

489 860 903 964 suspenderunt
930 886 1009 941 ibi
1038 886 1108 940 ad
1135 882 1521 939 testimonium
1549 880 1874 935 multorum.
2164 870 2356 924 omnia
2384 885 2506 939 quas
2535 866 2791 919 viderant
2819 868 2876 917 et
2905 860 3225 916 audierant.

562 946 693 1035 (SAP.
722 979 873 1034 XIII.
907 1006 975 1018 —
1004 975 1113 1030 Sed
1130 979 1188 1029 et
1213 972 1421 1045 pardus
1441 969 1705 1025 immanis
1720 974 1843 1022 erat
1868 966 1927 1020 in
1948 963 2084 1019 locis
2239 961 2368 1014 CAP.
2405 957 2550 1012 XVI.
2586 986 2649 997 -
2674 954 2808 1008 Post
2834 967 3039 1023 paucos
3062 966 3192 1004 vero
3216 964 3413 1011 annos,
3437 946 3655 1000 factum
3689 949 3774 998 est

488 1033 619 1136 illis,
654 1068 751 1140 qui
784 1073 841 1122 et
866 1065 1120 1120 homines
1149 1033 1501 1118 et.animalia
1530 1056 1918 1121 interﬁciebat,
1953 1054 2085 1108 etin
2166 1065 2281 1104 una
2305 1047 2414 1111 die,
2448 1046 2553 1099 hoc
2569 1050 2671 1107 est,
2708 1047 2866 1097 sexta
2895 1039 3143 1104 Sabbati,
3178 1043 3237 1092 et
3282 1034 3573 1091 inclinavit
3612 1051 3675 1088 se
3702 1033 3771 1087 ad

488 1175 630 1232 gyro
658 1157 850 1213 omnia
871 1153 1126 1209 vastabat
1165 1152 1469 1206 Venientes
1499 1155 1689 1204 autem
1709 1146 1967 1200 homines
1983 1144 2086 1196 loci
2169 1134 2797 1201 orationem,sustinens
2810 1137 2926 1185 tres
2945 1129 3083 1193 dies,
3097 1128 3152 1182 id
3170 1133 3273 1191 est,
3296 1132 3472 1192 sexta,
3498 1123 3769 1189 Sabbato,

489 1214 640 1303 illius
672 1247 742 1301 ad
771 1250 1026 1301 sanctum
1055 1242 1394 1306 Simeonem,
1424 1239 1825 1295 nuntiaverunt
1859 1234 1910 1288 ei
1940 1232 2089 1305 quod
2170 1233 2229 1281 et
2253 1225 2561 1281 Dominico.
2592 1224 2747 1278 Tunc
2766 1238 2868 1291 ego
2893 1218 3210 1291 pavefactus
3228 1214 3453 1270 ascendi
3473 1214 3547 1268 ad
3561 1214 3771 1284 ipsum,

487 1342 651 1394 tanta
678 1353 745 1391 ac
770 1335 907 1390 talia
929 1334 1076 1387 mala
1104 1331 1313 1403 pardus
1335 1303 1851 1401 operaretur.Tunc
1865 1303 2089 1377 sanctus
2171 1322 2228 1370 et
2255 1315 2385 1370 steti
2407 1314 2466 1368 in
2494 1316 2794 1383 conspectu
2819 1311 2959 1380 ejus,
2989 1307 3216 1377 dixique
3252 1305 3323 1359 ad
3352 1321 3483 1359 eum
3509 1322 3521 1357 :
3568 1303 3769 1373 Surge,

490 1392 718 1482 Simeon
730 1424 979 1495 jussitde
994 1392 1148 1476 terra
1168 1421 1253 1474 vel
1274 1420 1344 1473 de
1356 1392 1506 1489 aqua
1524 1414 1850 1470 monasterii
1866 1411 2088 1483 aspergi
2169 1406 2416 1469 domine,
2447 1402 2680 1457 benedic
2709 1417 2830 1465 nos,
2862 1396 3127 1469 quoniam
3154 1395 3394 1467 populus
3419 1399 3540 1448 tres
3564 1392 3695 1446 dies
3721 1400 3777 1446 et

489 1517 550 1571 in
568 1517 666 1570 illa
687 1484 828 1569 ldca.
855 1514 924 1568 Et
942 1511 1149 1566 factum
1177 1517 1279 1564 est.
1307 1484 1674 1579 Exquirentes
1692 1520 1821 1558 vero
1847 1506 2091 1573 postmo-
2170 1502 2287 1549 tres
2316 1499 2508 1548 noctes
2528 1491 2716 1555 habet,
2737 1494 3064 1560 exspectans
3089 1484 3537 1540 benedictionem
3553 1486 3690 1546 ate;
3721 1487 3777 1535 et

490 1606 647 1671 dum,
669 1601 1197 1672 inveneruntipsum
1221 1598 1459 1670 pardum
1474 1598 1759 1666 jacentem
1779 1597 2085 1657 mortuum,
2173 1601 2286 1639 non
2323 1581 2613 1654 respondit
2640 1579 2798 1634 mihi.
2833 1579 2905 1633 Et
2929 1593 3125 1631 rursus
3154 1576 3244 1629 aio
3273 1574 3345 1628 ad
3375 1590 3537 1629 eum:
3584 1573 3777 1637 Quare

491 1700 552 1749 et
577 1663 773 1749 omnes
796 1663 1250 1762 gloriﬁcaverunt
1276 1688 1455 1741 Deum
1477 1663 1784 1740 'Simeonis.
2173 1691 2265 1728 me
2291 1673 2609 1736 contristas,
2642 1668 2885 1732 domine,
2921 1672 3021 1721 aut
3047 1665 3182 1737 quid
3208 1663 3455 1719 oﬁ‘endi?
3482 1663 3775 1735 Supplice,

567 1784 698 1838 CAP.
728 1752 874 1837 XIV.
906 1809 965 1820 —
986 1780 1386 1847 Quemcunque
1417 1782 1605 1829 tamen
1631 1772 1884 1837 sanabat,
1904 1768 2093 1842 praeci-
2115 1764 2335 1847 “mitte
2362 1762 2501 1816 mihi
2530 1776 2780 1822 manum,
2808 1763 2909 1813 aut
2925 1756 3156 1811 forsitan
3181 1755 3301 1825 jam
3318 1770 3353 1807 a
3374 1752 3539 1808 nobis
3562 1753 3781 1824 migra-

494 1872 686 1946 piebat
697 1871 797 1936 illi,
823 1829 1040 1926 dicem;
1073 1829 1579 1922 Vadeﬂin‘domum
1590 1869 1768 1926 tuam,
1796 1867 1854 1915 et
1869 1829 2093 1914 honori-
2115 1829 2243 1909 Bsti
2264 1855 2289 1907 7
2320 1854 2388 1907 Et
2412 1852 2660 1905 sentiens
2689 1848 2837 1921 quod
2863 1864 2975 1902 non
2999 1844 3333 1917 loquebatur
3345 1843 3505 1909 mihi,
3534 1843 3779 1913 cogitavi

496 1933 603 2017 fica
621 1933 799 2016 Deum
813 1960 908 2032 qui
937 1965 993 2013 te
1021 1956 1257 2020 sanavit,
1272 1960 1329 2010 et
1342 1971 1414 2009 ne
1440 1953 1648 2008 audeas
1660 1952 1847 2005 dicere
1869 1948 2015 2019 quod
2034 1952 2091 2001 te
2173 1950 2238 1999 ut
2261 1943 2400 1998 nulli
2430 1942 2692 2004 dicerem,
2728 1938 2860 2009 quia
2903 1935 3172 1991 timebam
3207 1935 3369 1988 illum
3400 1939 3661 2003 tangere.
3717 1933 3784 1987 Et

497 2052 726 2107 Simeon
754 2048 1051 2113 curaverit,
1068 2063 1140 2101 ne
1164 2045 1267 2100 tibi
1287 2044 1471 2099 subito
1491 2041 1739 2096 deterius
1768 2038 2089 2107 contingat:
2176 2039 2331 2089 stans
2348 2031 2507 2104 quasi
2534 2031 2670 2085 hora
2687 2028 2891 2093 media,
2907 2024 3171 2080 inclinavi
3183 2039 3291 2089 me,
3318 2028 3377 2078 et
3399 2021 3560 2093 posui
3579 2038 3782 2077 aurem

496 2146 555 2196 et
568 2157 639 2195 ne
653 2138 1163 2212 presumasjurare
1182 2149 1283 2205 per
1296 2148 1503 2187 nomen
1518 2128 1760 2193 Domini,
1776 2127 1908 2199 quia
1924 2142 2092 2196 grave
2174 2139 2357 2178 meam
2386 2122 2458 2176 ad
2485 2117 2935 2178 auscultandum,
2959 2121 3017 2171 et
3030 2131 3142 2170 non
3158 2120 3284 2169 erat
3310 2113 3497 2175 ﬂatus,
3521 2110 3637 2165 nisi
3657 2117 3784 2165 tan-

494 2199 786 2302 peccatum
798 2232 912 2282 est:
942 2199 1037 2281 sed
1058 2225 1116 2279 in
1134 2199 1225 2278 m-e
1245 2221 1445 2276 humili
1465 2226 1522 2275 et
1536 2224 1820 2291 peccatore
1836 2218 1967 2287 jura
1980 2214 2094 2268 sive
2174 2217 2296 2268 tum
2326 2211 2486 2283 quasi
2516 2211 2654 2264 odor
2676 2208 2981 2271 multorum
3011 2209 3328 2260 aromatum
3346 2199 3783 2256 'ascendebatde

492 2290 648 2390 juste
688 2317 802 2372 sive
838 2316 1047 2386 injuste
1095 2312 1225 2382 (15).
1274 2312 1455 2376 Quam
1501 2290 1571 2364 ob
1618 2322 1842 2389 causam
1899 2321 2093 2359 omnes
2177 2318 2413 2372 corpore
2434 2301 2576 2370 ejus,
2593 2304 2649 2353 et
2666 2290 3782 2365 sicintellexiquiarequievitinDomino.

499 2407 815 2464 Orientales
838 2411 896 2460 et
920 2402 1169 2459 barbarae
1187 2407 1405 2473 gentes,
1420 2416 1541 2471 quae
1561 2396 1767 2452 suntin
1794 2394 1906 2449 illis
1919 2393 2098 2463 regio-

500 2497 687 2564 nibus,
721 2513 826 2568 per
853 2512 981 2550 eum
1006 2495 1220 2564 jurant.

574 2587 708 2641 CAP.
738 2584 856 2639 XV.
890 2614 955 2626 -—
986 2583 1154 2637 Latro
1183 2580 1411 2652 quidam
1436 2580 1506 2633 de
1528 2575 1845 2639 Antiochia,
1874 2572 1969 2644 qui
1997 2587 2097 2625 no-

504 2673 827 2729 minabatur
851 2672 1120 2727 Jonathas
1149 2670 1277 2741 (16),
1310 2669 1489 2723 multa
1506 2667 1657 2721 mala
1673 2664 1898 2725 faciens,
1918 2677 2046 2715 cum
2063 2676 2097 2713 a

504 2763 701 2818 multis
728 2767 1178 2833 persequeretur,
1212 2774 1314 2812 nec
1336 2761 1523 2828 posset
1546 2772 1605 2810 se
1621 2757 1739 2825 jam
1762 2753 1833 2806 ab
1854 2751 1963 2806 illis
1983 2748 2106 2803 abs-

507 2853 766 2913 condere,
801 2849 962 2921 quasi
982 2849 1068 2903 leo
1090 2865 1123 2902 a
1140 2846 1279 2901 facie
1305 2846 1613 2901 multorum
1644 2839 2100 2914 persequentium

505 2941 746 3013 fugiens,
778 2938 963 2994 subito
991 2937 1274 3008 ingressus
1305 2939 1390 2990 est
1419 2932 1820 2989 monasterium
1850 2949 1862 2997 ;
1895 2934 1952 2985 et
1979 2944 2102 2982 am-

2179 2391 2249 2444 Et
2273 2388 2615 2451 hebefactus,
2648 2385 2836 2459 planxi
2867 2384 3246 2449 amarissime;
3272 2387 3330 2436 et
3357 2380 3641 2435 inclinans
3667 2395 3779 2444 me,

2180 2479 2461 2533 osculatus
2480 2494 2606 2532 sum
2627 2476 2815 2530 oculos
2838 2475 2887 2545 ej
2895 2491 2960 2528 us
2977 2471 3107 2541 (18),
3123 2478 3180 2526 et
3197 2470 3428 2526 barbam
3453 2468 3786 2540 complexus

2177 2568 2470 2639 crinesque
2490 2566 2688 2637 capitis
2719 2566 2860 2635 ejus.
2893 2564 2963 2617 Et
2990 2563 3284 2634 increpans
3322 2560 3472 2614 dixi:
3516 2559 3625 2614 Cui
3669 2575 3781 2622 me,

2179 2657 2424 2721 domine,
2446 2655 2789 2726 derelinquis
2810 2655 2833 2708 ἰ)
2851 2654 2938 2708 vel
2958 2653 3053 2708 ubi
3073 2651 3353 2723 requiram
3381 2657 3541 2705 tuam
3568 2647 3787 2718 angeli-

2187 2764 2308 2802 cam
2334 2746 2684 2803 doctrinam?
2715 2745 2890 2810 Quale
2917 2758 3247 2814 responsum
3280 2738 3516 2794 reddam
3545 2754 3652 2810 pro
3681 2744 3743 2791 te
3762 2736 3787 2788 ?

2187 2849 2287 2898 aut
2306 2844 2467 2913 cujus
2492 2840 2681 2895 anima
2708 2836 2971 2909 respiciat
2997 2834 3314 2889 columnam
3329 2831 3451 2885 sine
3477 2836 3555 2894 te,
3582 2834 3644 2883 et
3670 2844 3787 2882 non

2184 2932 2418 3003 lugeat?
2447 2931 2622 2995 Quale
2642 2943 2972 2999 responsum
3001 2923 3232 2978 reddam
3262 2919 3522 2984 inﬁrmis,
3556 2917 3790 2989 quando

505 3030 702 3102 plexus
723 3027 1039 3082 columnam
1056 3025 1234 3080 sancti
1251 3023 1545 3086 Simeonis,
1571 3021 1738 3092 cepit
1752 3016 2102 3074 amarissime
2184 3022 2416 3077 veniunt
2441 3025 2499 3076 et
2524 3019 2822 3089 requirunt
2857 3022 2909 3071 te
2929 3015 3040 3081 hic,
3073 3017 3130 3067 et
3151 3028 3261 3066 non
3290 3006 3624 3064 inveniunt?
3636 3006 3786 3072 Quid

509 3095 665 3173 flere.
697 3119 768 3171 At
788 3117 882 3171 ille
903 3116 1045 3170 dixit
1068 3115 1150 3169 ei:
1188 3114 1325 3178 Quis
1347 3113 1449 3167 es?
1479 3117 1578 3166 aut
1602 3110 1750 3165 unde
1778 3105 1978 3163 venisti
1998 3105 2103 3158 ho-
2186 3114 2389 3173 dicam,
2414 3116 2515 3165 aut
2541 3108 2675 3180 quid
2703 3109 2902 3178 loquar
2920 3121 3024 3175 ego
3048 3097 3509 3158 humilisTHodie
3520 3095 3688 3151 video
3710 3101 3785 3161 te,

508 3224 623 3274 mo,
658 3212 758 3260 aut
776 3221 877 3260 cur
897 3203 1276 3260 hicintroisti?
1297 3204 1371 3257 At
1387 3201 1480 3256 ille
1503 3219 1513 3255 :
1550 3200 1664 3271 Ego
1688 3215 1812 3253 sum
1830 3194 2102 3251 Jonathas
2120 3182 2167 3245 Ο
2187 3202 2434 3258 crastina
2458 3216 2589 3254 vero
2612 3196 2902 3252 considero
2933 3194 3005 3249 ad
3042 3192 3331 3247 dexterum
3372 3187 3487 3242 sive
3530 3184 3606 3240 ad
3645 3184 3788 3239 sini-

506 3296 671 3363 latro,
699 3295 794 3366 qui
824 3294 1015 3349 omnia
1038 3294 1187 3347 mala
1215 3291 1338 3351 feci,
1373 3290 1497 3345 veni
1541 3290 1632 3343 hic
1677 3288 1968 3359 paenitere.
2012 3283 2105 3339 Ait
2185 3299 2380 3353 etram,
2416 3295 2473 3345 et
2501 3304 2615 3343 non
2643 3285 2865 3342 invenio
2895 3288 2971 3339 te.
3002 3283 3117 3337 Aut
3144 3295 3255 3352 quo
3285 3276 3495 3333 amictu
3526 3273 3787 3346 aperiam

506 3385 699 3456 itaque
711 3391 937 3439 sanctus
953 3383 1179 3439 Simeon
1198 3401 1209 3436 :
1233 3381 1458 3437 Talium
1474 3384 1561 3434 est
1578 3392 1814 3449 regnum
1833 3375 2104 3429 caelorum
2186 3381 2504 3436 columnam
2518 3383 2675 3433 tuum
2696 3376 2721 3429 7
2747 3375 2871 3429 Heu
2886 3389 2996 3439 me,
3032 3369 3254 3443 quando
3270 3366 3500 3422 veniunt
3518 3363 3700 3435 aliqui
3721 3362 3789 3416 de

511 3450 724 3542 (Matth.
755 3481 891 3539 xxx).
921 3472 1031 3528 Sed
1059 3488 1130 3526 ne
1159 3471 1299 3525 velis
1327 3486 1417 3524 me
1438 3474 1677 3529 tentare,
1702 3482 1774 3520 ne
1795 3465 2001 3519 iterum
2023 3462 2106 3514 in.

2195 3469 2353 3539 longe
2383 3472 2696 3540 querentes
2722 3469 2797 3525 te,
2818 3469 2876 3518 et
2893 3478 3006 3517 non
3024 3456 3346 3515 inveniunt!
3381 3455 3449 3509 Et
3462 3469 3577 3526 pm
3606 3450 3790 3506 multa

509 3540 751 3617 veniaris
777 3561 836 3616 in
855 3560 1157 3616 sceleribus
1192 3558 1328 3631 ipsis
1353 3574 1476 3630 quas
1511 3555 1809 3627 reliquisti.
1842 3553 1972 3607 Haec
2008 3550 2106 3603 illo
2186 3558 2418 3614 tristitia
2430 3554 2759 3611 obdormivi,
2784 3550 3099 3621 Statimque
3123 3545 3385 3619 apparuit
3397 3540 3787 3607 mihi,dicens:

507 3650 789 3723 loquente,
808 3667 934 3705 ecce
962 3649 1228 3704 officiales
1252 3646 1362 3718 (17)
1385 3645 1681 3701 veniebant
1701 3643 1769 3698 ab
1784 3639 2101 3705 Antiochia,

2195 3650 2313 3704 Non
2323 3647 2713 3716 derelinquam
2724 3642 3042 3697 columnam
3054 3639 3217 3702 hanc,
3233 3651 3337 3691 nec
3355 3633 3539 3688 locum
3556 3636 3617 3685 et
3631 3644 3789 3684 mon-

510 3742 759 3798 dicentes
782 3760 793 3795 :
826 3740 1008 3796 Trade
1036 3738 1196 3795 nobis
1219 3738 1511 3793 inimicum
1532 3742 1589 3791 et
1602 3735 1920 3790 maleﬁcum
1943 3732 2107 3786 Jona-
2188 3745 2303 3794 tem
2334 3737 2485 3792 hunc
2511 3734 2887 3797 benedictum,
2915 3731 2975 3785 in
2997 3745 3106 3801 quo
3134 3724 3484 3782 illuminatus
3503 3736 3665 3788 sum;
3689 3717 3788 3773 sed

506 3831 667 3899 than,
697 3847 769 3885 ne
795 3830 981 3886 subito
1009 3834 1430 3884 commoveatur
1447 3826 1641 3882 civitas
1660 3824 1719 3879 in
1748 3822 2100 3879 seditionem.
2192 3825 2553 3891 descendens,
2577 3823 2801 3880 satisfuc
2827 3820 3056 3894 populo,
3088 3822 3146 3872 et
3172 3812 3448 3871 annuntia
3463 3810 3533 3866 de
3562 3825 3658 3864 me
3678 3809 3790 3863 An-

509 3896 711 3977 Βθεῐίεθ
740 3919 890 3974 enim
920 3924 1128 3990 Parata
1155 3922 1289 3973 sunt
1317 3917 1390 3971 ad
1416 3914 1796 3970 devorandum
1828 3926 1978 3967 eum-
1997 3909 2110 3963 ΒΘ·
2193 3917 2411 3971 tiochiaa
2432 3919 2645 3970 secrete
2662 3929 2732 3967 ne
2750 3911 3029 3967 tumultus
3051 3908 3148 3962 fiat
3167 3906 3227 3961 in
3244 3902 3468 3976 populo.
3493 3900 3612 3971 Ego
3634 3896 3789 3953 enim

511 4008 739 4080 spondit
757 4008 838 4062 eis
865 4006 1064 4062 beatus
1083 4007 1312 4062 Simeon
1338 4023 1350 4059 :
1381 4003 1565 4060 Filioli
1591 4003 1722 4069 mei,
1745 4018 1849 4072 ego
1885 4014 1999 4054 non
2015 3997 2112 4053 ad-
2193 4005 2461 4077 requievi,
2488 4004 2633 4058 sicut
2646 3999 2919 4057 Dominus
2945 3997 3153 4063 voluit;
3197 3999 3261 4050 tu
3290 3998 3479 4048 autem
3504 4004 3579 4044 ne
3606 4001 3791 4041 cesses

513 4077 647 4153 diui
674 4112 802 4150 eum
831 4095 974 4150 huc:
1010 4095 1274 4167 quoniam
1313 4093 1409 4165 qui
1442 4092 1673 4147 adduxit
1727 4107 1876 4154 eum.
1931 4089 2115 4158 major
2193 4094 2515 4150 ministrare
2544 4093 2603 4148 in
2629 4092 2734 4147 hoc
2762 4089 2990 4155 loco,~et
3020 4082 3331 4141 reddettibi
3350 4077 3622 4137 Dominus
3645 4091 3793 4131 mer-

509 4182 674 4240 nobis
689 4189 794 4251 est,
821 4190 880 4239 et
904 4163 1249 4239 istis—talibus
1278 4163 1554 4248 subvenit,
1580 4181 1789 4237 etenim
1808 4178 2010 4234 talium
2025 4182 2113 4231 est
2194 4186 2386 4241 cedem
2415 4184 2476 4240 in
2504 4182 2677 4239 οωιίε,
2701 4180 3020 4250 Exsurgens
3039 4179 3228 4231 autem
3251 4188 3286 4227 α
3314 4184 3531 4234 somno,
3567 4163 3792 4238 pavefa.

512 4289 753 4344 regnum
781 4273 1068 4328 caelorum.
1096 4272 1165 4328 Et
1182 4272 1229 4327 si
1258 4271 1491 4344 potestis
1513 4271 1743 4335 intrare,
1780 4269 1960 4340 rapite
1981 4283 2112 4323 eum
2194 4280 2316 4330 etus
2346 4274 2460 4329 dixi
2485 4292 2497 4328 ε
2531 4271 2786 4336 Domine,
2815 4271 3101 4325 memento
3128 4262 3240 4319 mei
3286 4261 3346 4316 in
3374 4256 3568 4329 requie
3596 4259 3793 4311 sancta

511 4342 662 4418 hinc.
695 4363 810 4433 Ego
839 4366 1031 4416 autem
1058 4377 1171 4417 non
1200 4342 1446 4433 possum,
1490 4361 1624 4432 quia
1659 4359 1830 4415 timeo
1857 4375 1985 4414 eum
2014 4356 2113 4429 qui
2192 4368 2307 4419 tua.
2348 4363 2417 4418 Et
2442 4361 2737 4418 sublevans
2762 4357 3096 4414 vestimenta
3120 4354 3261 4425 ejus,
3284 4346 3495 4422 procidi
3520 4343 3594 4400 ad
3621 4342 3792 4416 pedes

511 4451 674 4506 illum
703 4451 859 4507 misit
887 4450 957 4507 ad
989 4468 1098 4506 me.
1128 4450 1436 4506 Audientes
1474 4455 1664 4505 autem
1708 4449 1827 4504 haec
1861 4448 1966 4503 viri
2007 4445 2107 4513 illi,
2195 4453 2338 4523 ejus,
2359 4463 2417 4506 et
2431 4451 2714 4507 osculatus
2726 4464 2849 4504 sum
2862 4441 3288 4515 vestigiaillius;
3312 4443 3578 4495 ettenens
3591 4446 3795 4497 manus

511 4541 754 4613 regressi
781 4546 1062 4597 suntcum
1080 4540 1284 4599 timore
1316 4546 1352 4606 Ι
1374 4546 1488 4607 τι.
1504 4556 1728 4612 magno,
1753 4546 1810 4594 et
1825 4539 2109 4593 renuntia-
2123 4532 2177 4594 D
2198 4519 2336 4611 ejus,
2364 4541 2526 4613 posui
2542 4555 2713 4612 super
2735 4536 2925 4593 oculos
2949 4549 3124 4599 meos,
3153 4530 3344 4585 dicens
3367 4544 3381 4582 :
3405 4522 3670 4582 Benedic,
3696 4519 3795 4575 ob-

512 4635 716 4686 verunt
738 4630 927 4686 omnia
948 4628 1277 4697 Antiochiae;
1298 4629 1395 4684 sed
1413 4630 1683 4685 Jonathas
1712 4629 1857 4683 latro
1884 4643 2118 4700 persep-

513 4723 630 4775 tem
659 4718 780 4774 dies
809 4719 1132 4791 amplexans
1161 4724 1219 4773 et
1242 4724 1441 4774 tenens
1479 4719 1819 4783 columnam,
1870 4717 2006 4771 dicit
2042 4716 2113 4771 ad

513 4805 744 4862 beatum
754 4808 1073 4863 Simeonem
1093 4826 1105 4861 :
1128 4808 1385 4875 Domine,
1400 4807 1444 4863 si
1453 4808 1638 4879 jubes,
1663 4807 1954 4862 ambulare
1967 4806 2108 4861 volo.

515 4895 825 4967 Respondit
842 4896 923 4950 illi
943 4897 1166 4966 justus:
1201 4898 1413 4952 Iterum
1433 4896 1492 4951 in
1518 4897 1642 4969 ipsa
1659 4896 1807 4951 mala
1834 4896 2066 4952 festinas
2087 4896 2113 4950 'I

516 4984 672 5039 Dixit
698 4984 782 5038 illi
806 4985 1076 5040 Jonathas
1102 5003 1114 5040 :
1137 4986 1282 5053 Non,
1306 4985 1549 5052 domine,
1574 4986 1673 5041 sed
1689 4991 1911 5058 tempus
1922 5002 2113 5042 meum

514 5072 813 5146 impletum
844 5078 947 5129 est.
967 5074 1036 5129 Et
1052 5074 1131 5129 sic
1158 5075 1391 5146 loquens
1421 5092 1547 5130 cum
1578 5092 1664 5143 eo,
1697 5076 1940 5131 reddidit
1952 5076 2115 5148 spiri-

514 5166 659 5218 tum.
683 5162 754 5218 Et
774 5161 1088 5218 volentibus
1104 5178 1232 5218 eum
1257 5164 1495 5236 sepelire
1502 5166 1666 5236 juxta
1681 5165 2109 5233 monasterium,

516 5265 644 5307 ecce
672 5250 769 5306 alii
797 5250 1062 5307 ofﬁciales
1089 5252 1390 5307 veniebant
1431 5253 1502 5307 ab
1538 5254 1836 5310 Antiochia
1884 5260 2118 5327 propter

514 5339 698 5409 illum,
731 5346 788 5395 et
817 5345 1108 5413 ceperunt
1133 5341 1377 5395 clamare
1403 5347 1461 5396 et
1478 5342 1689 5399 dicere:
1724 5343 1807 5400 Da
1822 5343 1982 5400 nobis
2012 5343 2120 5399 ini-

514 5429 728 5485 micum
770 5437 1050 5498 nostrum,
1100 5428 1281 5484 omnis
1334 5430 1485 5486 enim
1516 5431 1709 5488 civitas
1757 5432 1987 5489 turbata
2028 5438 2116 5489 est

515 5524 747 5590 propter
799 5518 976 5574 illum.
1024 5516 1338 5590 Respondit
1364 5519 1417 5574 ei
1443 5518 1645 5577 beatus
1693 5521 1953 5579 Simeon:
2004 5522 2113 5588 Qui

514 5603 678 5661 illum
702 5605 953 5673 adduxit,
983 5605 1139 5662 venit
1159 5624 1287 5662 cum
1317 5607 1677 5665 multitudine
1706 5610 1946 5667 caelestis
1961 5610 2115 5667 mili-

515 5691 631 5761 tiae,
661 5692 757 5765 qui
786 5700 987 5766 potens
1025 5699 1112 5750 est
1149 5693 1210 5751 in
1235 5702 1515 5754 tartarum
1553 5696 1779 5755 mittere
1825 5697 2112 5756 civitatem

2196 4608 2385 4695 sacro,
2406 4629 2486 4685 mi
2514 4608 2761 4685 domine.
2789 4625 2857 4681 Et
2884 4624 3092 4681 iterum
3122 4617 3249 4677 flevi
3277 4622 3334 4673 et
3361 4614 3476 4671 dixi
3506 4631 3520 4668 :
3591 4608 3796 4676 Quales

2195 4719 2466 4792 reliquias
2493 4718 2689 4774 tollam
2719 4733 2754 4771 a
2780 4721 2837 4771 te
2862 4714 2922 4769 in
2942 4708 3310 4768 memoriam?
3338 4706 3408 4763 Et
3433 4703 3554 4792 hec
3581 4700 3791 4763 dicens.

2195 4790 2415 4865 motum
2445 4812 2533 4864 est
2558 4822 2760 4880 corpus
2776 4802 2967 4863 illius.
3005 4801 3122 4873 Ego
3151 4802 3342 4855 autem
3369 4790 3537 4851 timui
3560 4796 3797 4861 tangere

2197 4912 2346 4953 eum.

2272 4988 2405 5042 Cap.
2436 4986 2613 5043 XVII.
2644 5016 2708 5031 —
2737 4985 2805 5040 Et
2824 4987 2891 5039 ut
2911 4996 3078 5037 nemo
3098 4978 3285 5042 sciret,
3318 4969 3587 5029 descendi
3610 4966 3800 5024 celeri-

2196 5083 2305 5145 ter,
2335 5080 2394 5132 et
2422 5074 2645 5131 ﬁdelem
2673 5068 3066 5142 fratrem‘misi
3092 5063 3448 5123 Antiochiam
3477 5059 3549 5115 ad
3585 5058 3799 5130 episco-

2198 5183 2335 5241 pum
2373 5163 2502 5232 (19).
2535 5162 2644 5229 Qui
2673 5162 2864 5218 statim
2877 5158 3106 5215 veniens
3135 5172 3264 5212 cum
3280 5151 3465 5210 tribus
3495 5144 3793 5241 episcopis,

2188 5236 2262 5333 et
2288 5271 2417 5311 cum
2440 5254 2551 5310 illis
2577 5250 2920 5308 Ardaborius
2958 5247 3228 5319 magister
3252 5242 3501 5298 militum
3533 5236 3649 5333 ('29)
3679 5250 3803 5333 cum

2203 5343 2338 5412 suis,
2361 5341 2659 5398 tendentes
2680 5338 2926 5395 cortinas
2936 5334 3410 5392 circacolumnam
3424 5330 3570 5399 ejus,
3595 5325 3805 5380 deﬁxe-

2202 5438 2339 5488 runt
2363 5431 2700 5488 vestimenta
2734 5444 2854 5485 sua.
2883 5427 3060 5484 Erant
3085 5429 3276 5480 autem
3293 5419 3534 5476 conﬁcta
3554 5415 3628 5471 ab
3644 5428 3801 5473 auro.

2202 5523 2274 5579 Et
2301 5519 2709 5595 deponentibus
2737 5533 2867 5574 eum
2889 5518 3054 5589 juxta
3080 5513 3259 5568 altare
3297 5514 3429 5566 ante
3457 5505 3805 5568 columnam,

2201 5609 2705 5683 colligentibusque
2730 5624 2809 5675 se,
2833 5622 2962 5662 aves
2981 5601 3244 5661 volabant
3264 5612 3435 5671 super
3457 5595 3803 5683 columnam,

2198 5680 2511 5756 clamantes
2533 5703 2593 5755 et
2800 5694 3077 5767 lugentes,
3106 5689 3190 5748 ita
3208 5693 3275 5746 ut
3298 5698 3495 5743 omnes
3524 5680 3809 5739 viderent.
