3912 6414
541 287 648 345 339
1555 292 1648 348 ΒΕ
1685 292 1875 348 VITIS
1915 293 2212 349 PATRUM
2247 293 2464 349 LIBER
2498 291 2788 347 PRIMUS.
3721 288 3828 346 3-50

539 418 751 486 sufﬁcit
775 419 894 481 tibi,
929 433 994 472 ne
1021 419 1162 485 forte
1190 419 1425 471 satiatus
1449 433 1660 470 evomas
1686 419 1832 472 illud
1861 419 2036 486 (Prov.
2061 416 2214 486 xxv).
2259 419 2327 473 Et
2365 417 2498 473 alibi
2529 437 2541 472 :
2575 420 2794 472 Altz'ora
2819 422 2866 470 te
2889 432 2956 470 ne
2982 416 3280 485 quasicris,
3315 419 3364 469 et
3396 415 3648 483 fortiora
3679 421 3736 469 te
3771 431 3832 469 ne

538 511 820 560 scrutatus
843 509 1017 572 fueris
1045 505 1236 578 (Ecclt.
1267 509 1386 574 In);
1411 523 1536 560 ecce
1563 505 1748 561 subito
1779 507 2006 578 quidam
2032 507 2247 562 strenui
2278 524 2342 562 ac
2373 507 2610 562 studiosi
2639 507 2742 561 viri
2774 523 2865 560 me
2885 505 3165 559 cohortari
3191 505 3513 566 voluerunt,
3539 511 3609 558 ut
3636 506 3698 559 in
3731 506 3832 559 La-

540 593 724 648 tinum
755 611 1070 650 sermonem
1099 600 1376 649 verterem
1404 595 1697 650 Leontium
1742 596 1811 649 de
1857 596 1995 650 Vita:
2023 597 2262 651 residuis
2302 598 2370 664 (5)
2410 597 2642 651 Joannis
2691 595 3057 650 Alexandrini
3098 594 3387 652 antistitis.
3429 611 3604 666 quem
3651 594 3830 648 ϐιωςὶ

542 689 773 754 propter
802 683 1165 754 multiplicem
1196 685 1658 756 compassionem,
1691 702 1858 756 quam
1887 702 2021 755 erga
2047 703 2242 741 omnes
2280 686 2618 758 possidebat,
2651 685 2852 739 merito
2874 690 2932 738 et
2977 683 3232 738 absolute
3265 685 3596 749 Eleemona,
3632 685 3689 738 id
3721 691 3827 744 est.

485 807 498 819 .
543 773 959 827 misericordem
992 775 1294 845 appellant,
1329 780 1606 845 quatenus
1635 780 1826 829 tantus
1853 775 1940 828 vir
1967 791 2080 829 non
2117 781 2338 831 tantum
2369 793 2626 830 sermone
2659 775 2874 842 Graeco,
2901 791 3096 829 verum
3137 774 3308 828 etiam
3357 773 3567 828 Latino
3605 774 3832 845 eloquio

544 860 883 932 pollentibus
913 863 1142 916 utilitati
1170 869 1318 918 esset
1345 868 1402 917 et
1427 865 1736 919 commodo.

621 951 976 1022 Quapropter
1006 953 1136 1022 quia
1165 968 1255 1006 me
1284 951 1517 1022 dignum
1575 954 1642 1007 ad
1694 958 1919 1008 tantum
1959 971 2100 1026 opus
2148 959 2321 1025 atque
2376 954 2642 1008 idoneum
2680 953 2912 1007 minime
2957 952 3235 1025 perspexi,
3269 955 3446 1006 (oravi
3473 956 3664 1006 oculos
3694 967 3834 1005 mm:

538 1043 606 1094 in
633 1045 840 1094 montes
871 1043 1014 1094 unde
1043 1045 1251 1095 veniret
1279 1044 1564 1096 auxit-ium
1599 1045 1743 1096 mihi
1765 1047 1928 1111 (Psa’.
1962 1051 2106 1110 cxx);
2139 1043 2329 1114 sicque
2359 1044 2559 1098 solatia
2587 1049 2815 1114 patrum
2841 1048 2898 1097 et
2925 1043 3215 1096 orationes
3237 1041 3531 1108 adhibens,
3560 1047 3681 1096 tam
3708 1060 3834 1113 pro-

539 1130 749 1183 ﬁcuum
777 1129 955 1183 virum
987 1146 1099 1184 non
1128 1147 1326 1202 passus
1355 1147 1482 1185 sum
1511 1131 1692 1186 celare
1729 1131 1960 1188 Latinis.
1995 1132 2104 1186 Sed
2133 1131 2263 1186 licet
2290 1132 2647 1187 membranas
2692 1131 3008 1196 inciderim,
3069 1131 3324 1186 scedulas
3365 1133 3828 1203 przeparaverim.

541 1233 655 1274 non
679 1223 870 1272 tamen
900 1219 1048 1273 hunc
1074 1218 1133 1273 in
1161 1220 1422 1275 Codicem
1450 1221 1722 1276 conﬁcere
1753 1238 1922 1276 ausus
1969 1238 2114 1288 sum,
2148 1227 2455 1292 antequam
2487 1239 2521 1276 a
2564 1221 2950 1275 dominatione
2983 1227 3184 1282 vestra,
3222 1238 3254 1274 ο
3286 1221 3497 1274 millies
3537 1221 3729 1285 beate,
3767 1222 3831 1274 li-

543 1307 784 1362 centiam
814 1308 1046 1378 adipisci
1077 1310 1382 1378 promerui.
1415 1310 1610 1380 Neque
1634 1310 1786 1364 enim
1815 1311 1897 1364 fas
1922 1316 2008 1364 est
2029 1315 2092 1364 ut
2119 1310 2328 1380 absque
2372 1311 2579 1365 vicario
2631 1311 2728 1365 Dei
2765 1308 2858 1378 (6),
2897 1310 3110 1381 absque
3136 1311 3410 1381 clavigero
3437 1311 3592 1375 cceli,
3623 1311 3834 1382 absque

545 1413 714 1452 curru
744 1400 801 1452 et
831 1397 1028 1466 auriga
1057 1398 1366 1468 spiritualis
1392 1399 1633 1465 Israelis,
1664 1398 1873 1470 absque
1919 1398 2304 1453 universitatis
2340 1400 2620 1470 pontiﬁce,
2654 1399 2864 1470 absque.
2895 1399 3059 1453 unico
3091 1415 3260 1470 papa,
3303 1399 3519 1470 absque
3551 1400 3834 1470 singulari

543 1491 804 1558 pastore,
860 1485 1072 1556 absque
1117 1487 1342 1557 speciali
1394 1489 1578 1554 Patre,
1632 1487 1842 1560 absque
1885 1495 1939 1543 te
1979 1488 2231 1543 omnium
2279 1487 2492 1542 arbitro
2555 1488 2766 1558 aliquid
2821 1495 3245 1541 consummetur
3306 1493 3406 1542 aut
3477 1488 3832 1558 divulgetur.

545 1576 631 1632 Tu
663 1575 814 1630 enim
843 1580 999 1630 tenes
1025 1576 1204 1630 claves
1234 1577 1404 1630 David
1445 1579 1614 1646 (Luca:
1641 1579 1739 1644 x1),
1773 1583 1835 1632 tu
1865 1577 2126 1649 accepisti
2147 1579 2326 1632 claves
2355 1577 2618 1632 scientiae.
2645 1579 2708 1632 In
2737 1594 2868 1631 arca
2895 1577 3101 1648 quippe
3134 1577 3375 1648 pectoris
3402 1577 3488 1632 tui
3511 1577 3731 1632 tabulae
3755 1585 3837 1630 te-

547 1664 814 1718 stamenti
831 1669 888 1717 et
902 1680 1109 1718 manna
1128 1665 1368 1718 cmlestis
1391 1665 1609 1736 saporis
1629 1665 2010 1736 requiescunt.
2040 1667 2121 1721 Tu
2147 1667 2294 1721 enim
2313 1667 2461 1738 quod
2481 1667 2641 1736 ligas,
2675 1683 2841 1720 nemo
2862 1667 3026 1720 solvit
3049 1685 3061 1732 ;
3099 1667 3246 1737 quod
3271 1667 3460 1720 solvis.
3479 1683 3655 1720 nemo
3671 1668 3831 1736 ligat:

549 1753 646 1824 qui
674 1753 877 1824 aperis,
910 1758 967 1807 et
995 1770 1159 1807 nemo
1185 1753 1426 1820 claudit;
1458 1755 1691 1820 claudis,
1725 1761 1782 1808 et
1811 1772 1975 1809 nemo
2005 1755 2187 1826 aperit
2215 1758 2426 1824 (Matth.
2463 1763 2590 1822 va).
2625 1756 2819 1809 Vicem
2852 1772 3092 1826 namque
3123 1756 3178 1809 in
3210 1755 3375 1810 terris
3405 1756 3666 1826 possides
3697 1756 3824 1812 Dei.

635 1850 668 1907 Ι
691 1848 814 1908 σθ
841 1844 981 1898 Cum
1009 1850 1198 1898 autem
1224 1844 1372 1898 hunc
1397 1843 1624 1898 beatum
1651 1844 1711 1898 in
1732 1844 1996 1899 Latinum
2025 1849 2298 1899 verterem
2321 1845 2626 1916 eloquium,
2674 1861 2776 1898 nec
2808 1845 3127 1900 Graecorum
3172 1845 3462 1910 idiomata,
3499 1861 3610 1900 nec
3634 1863 3833 1900 eorum

551 1933 804 1987 ordinem
834 1933 1126 1988 verborum
1157 1934 1316 2004 sequi
1344 1933 1498 2004 potui
1528 1933 1613 1986 vel
1642 1932 1828 1986 debui.
1854 1935 1978 1988 Non
2011 1934 2160 1988 enim
2193 1933 2422 1988 verbum
2454 1951 2484 1988 e
2515 1933 2698 1995 verbo,
2743 1935 2838 1988 sed
2865 1951 3092 1988 sensum
3127 1951 3158 1988 e
3205 1952 3371 1989 sensu
3410 1936 3694 2006 excerpsi.
3731 1937 3838 1990 Sed

545 2038 650 2076 nec
678 2021 904 2076 Latinas
933 2023 1155 2092 regulas
1184 2038 1588 2092 usquequaque
1616 2037 1838 2074 servare
1868 2022 2076 2087 curavi,
2109 2023 2243 2076 dum
2272 2028 2493 2076 tantum
2523 2023 2763 2077 intentio
2795 2040 2920 2078 mea
2940 2024 3035 2077 illo
3060 2025 3340 2090 tenderet,
3375 2041 3441 2078 ex
3469 2041 3584 2095 quo
3615 2024 3837 2078 utilitas

546 2116 877 2167 nasceretur
903 2111 1237 2181 legentibus.
1269 2112 1391 2174 Qua
1421 2112 1489 2163 de
1518 2127 1596 2175 re,
1631 2110 1945 2180 coangelice
1973 2110 2194 2176 domne,
2230 2129 2341 2166 non
2372 2128 2668 2182 personam
2698 2111 3042 2165 tantillitatis
3075 2130 3211 2167 mea:
3242 2113 3490 2178 intuens,
3526 2130 3644 2166 non
3677 2127 3840 2167 astu-

546 2201 686 2255 tiam
714 2199 1073 2270 investigans,
1099 2217 1211 2253 non
1237 2199 1528 2252 verborum
1559 2199 1817 2269 phaleras
1845 2200 2155 2269 requirens,
2186 2201 2282 2254 sed
2305 2201 2491 2272 potius
2513 2201 2603 2272 pio
2625 2201 2806 2254 cordis
2827 2202 2985 2255 oculo
3015 2201 3323 2272 profectum
3351 2202 3666 2271 legentium
3691 2221 3836 2274 pne-

544 2305 802 2354 noscens,
835 2294 900 2342 ut
926 2294 1120 2344 tantus
1148 2289 1233 2341 vir
1259 2294 1528 2359 tanquam
1560 2288 1844 2358 exemplar
1872 2294 1927 2340 et
1947 2289 2245 2359 speculum
2271 2291 2346 2343 sit
2369 2290 2647 2355 omnibus,
2678 2297 2864 2344 vestra
2888 2291 3192 2361 apostolica
3223 2291 3561 2345 auctoritate
3592 2293 3838 2345 transla-

543 2379 757 2434 tionem
781 2379 944 2445 hanc,
981 2378 1028 2432 si
1060 2383 1240 2432 vestro
1269 2377 1502 2432 arbitrio
1525 2378 1724 2448 placet,
1760 2379 2014 2446 ﬁrmate;
2049 2379 2095 2432 si
2127 2377 2400 2450 displicet,
2431 2379 2758 2444 emendate;
2799 2379 3104 2434 dummodo
3137 2379 3410 2434 Latinitas
3441 2398 3499 2433 se
3525 2386 3693 2435 tant)
3725 2398 3836 2434 non

549 2467 738 2523 doleat
759 2484 879 2522 esse
909 2467 1024 2522 sale
1056 2467 1348 2538 privatam,
1384 2484 1492 2538 quo
1525 2467 1741 2522 Graecia
1772 2485 1831 2522 se
1861 2469 2073 2538 gaudet
2101 2467 2311 2538 optime
2341 2469 2647 2523 conditam.

620 2556 852 2628 Suscipe
875 2573 1012 2626 ergo
1041 2561 1295 2610 sanctum
1326 2574 1362 2611 a
1405 2563 1694 2628 peccatore
1742 2557 2210 2628 interpretatum;
2245 2562 2302 2611 et
2327 2558 2441 2611 noli
2472 2557 2761 2611 attendere
2790 2575 2891 2629 per
2911 2574 3078 2628 quem
3109 2557 3420 2610 translatus
3445 2557 3542 2623 sit,
3578 2558 3679 2612 sed
3714 2558 3838 2628 quis

545 2646 862 2701 translatus
891 2645 980 2700 sit.
1010 2647 1203 2716 Neque
1233 2647 1380 2700 enim
1411 2651 1640 2718 propter
1658 2647 1905 2700 ﬁstulam
1935 2645 2254 2717 plumbeam
2279 2646 2349 2712 (7)
2382 2663 2586 2717 aquam
2616 2647 3066 2717 limpidissimam
3096 2646 3354 2718 despicis,
3388 2663 3575 2718 neque
3604 2654 3839 2718 propter

555 2734 747 2807 spinas
777 2751 899 2806 quae
949 2735 1280 2806 producunt,
1311 2752 1494 2789 rosam
1522 2752 1644 2806 quae
1693 2735 2020 2807 producitur
2053 2736 2292 2807 spernis.
2329 2736 2530 2789 Custos
2570 2735 2811 2807 denique
2862 2742 2919 2790 et
2947 2740 3169 2790 amator
3189 2741 3339 2800 tuus,
3377 2736 3610 2807 quando
3637 2737 3833 2795 voluit.

554 2823 834 2880 Pharaoni
863 2825 1008 2894 (Gen.
1042 2826 1147 2893 xu)
1180 2829 1237 2878 et
1267 2824 1782 2880 Nabuchodonosor
1803 2826 1966 2892 (Dan.
2000 2828 2074 2893 Iv)
2106 2823 2314 2896 iniquis
2342 2824 2567 2896 regibus
2597 2825 2834 2892 somnia,
2867 2825 3069 2897 quibus
3099 2824 3290 2879 futura
3320 2833 3834 2896 pramoscerentur,

555 2913 830 2980 ostendit;
864 2917 921 2968 et
949 2913 1220 2985 Caipham
1243 2913 1480 2986 impium
1513 2914 1662 2985 quod
1689 2912 2017 2986 expediebat
2039 2913 2273 2984 protulit
2300 2917 2474 2979 (.Ioan.
2507 2917 2604 2982 x1):
2639 2915 2892 2986 quinimo
2914 2920 2972 2969 et
2999 2914 3222 2986 quando
3245 2913 3437 2980 voluit,
3471 2914 3654 2970 asina:
3685 2914 3836 2986 loqui

555 3001 857 3058 articulata
881 3019 1014 3058 voce
1042 3003 1302 3075 permisit
1334 3005 1520 3070 (Num.
1555 3009 1707 3074 xm).

1602 3111 1757 3174 Salve,
1780 3107 1969 3174 Preaul
1998 3109 2286 3174 amateDeo,
2315 3123 2398 3174 per
2421 3109 2593 3158 saecula
2616 3109 2766 3171 salve,

1703 3171 1872 3222 Totius
1902 3176 2045 3235 atque
2071 3172 2200 3221 orbis
2227 3171 2345 3236 papa
2377 3173 2510 3221 beate
2532 3174 2652 3220 vale.

1455 3381 2256 3553 jﬂrooemium
2332 3385 2950 3522 auctoris.

628 3633 874 3692 Intentio
890 3633 1118 3706 quidem
1131 3651 1248 3690 una
1261 3639 1554 3690 estnostra
1571 3651 1792 3707 quoque
1809 3639 1866 3690 et
1885 3651 2080 3690 eorum
2098 3633 2194 3706 qui
2215 3637 2345 3688 ante
2366 3649 2467 3687 nos
2485 3633 2712 3688 fuerunt
2730 3632 3132 3698 studiosorum,
3150 3637 3206 3686 et
3225 3635 3549 3685 sanctorum
3564 3631 3840 3691 virorum.

555 3739 729 3796 super
748 3723 1012 3796 presenti
1045 3724 1426 3779 memorabilis
1456 3724 1561 3779 viri
1583 3725 1722 3780 Vitae
1740 3725 2093 3792 narratione;
2116 3724 2173 3778 id
2191 3728 2294 3789 est,
2326 3727 2390 3776 ut
2410 3739 2475 3776 ex
2503 3723 2606 3776 hoc
2621 3721 2880 3776 omnibus
2908 3721 3134 3794 quidem
3165 3720 3406 3774 imitatio
3428 3720 3521 3792 pia
3543 3725 3603 3774 et
3625 3721 3842 3775 utilitas

560 3815 680 3882 ﬁat,
701 3815 884 3885 gloria
911 3819 1099 3869 autem
1124 3819 1180 3868 et
1196 3814 1614 3885 magniﬁcentia
1632 3819 1838 3869 sanctae
1867 3819 1924 3868 et
1952 3812 2250 3868 adorandae
2279 3811 2542 3866 Trinitati
2566 3811 2872 3878 referatur;
2903 3817 2960 3865 et
2986 3811 3044 3864 in
3065 3811 3186 3874 hoc,
3219 3809 3366 3863 sicut
3391 3814 3448 3862 et
3475 3807 3531 3862 in
3559 3809 3842 3863 omnibus.

562 3921 690 3976 quae
721 3921 945 3976 semper
968 3904 1027 3959 in
1046 3905 1468 3975 generationem
1492 3910 1550 3959 et
1575 3904 1999 3976 generationem
2030 3901 2259 3975 propria
2279 3900 2590 3956 luminaria
2605 3900 2869 3965 ostendit,
2894 3899 2964 3953 ad
2985 3898 3384 3953 illuminandos
3404 3897 3496 3969 qui
3513 3897 3571 3952 in
3593 3899 3845 3952 tenebris

568 4000 628 4050 et
645 3993 941 4063 ingumbra
969 3994 1170 4048 mortis
1199 3995 1398 4048 sedent
1428 3996 1574 4056 (Luc.
1607 3992 1653 4064 1)
1680 3999 1738 4048 et
1766 3993 1996 4066 peccati.
2030 3991 2304 4057 Quoniam
2339 4007 2464 4044 vero
2493 3989 2660 4044 amici
2687 3989 2892 4044 Christi
2921 4005 3034 4043 non
3063 3987 3224 4042 valde
3253 3987 3544 4050 miramur,
3581 3988 3684 4058 qui
3715 3996 3843 4042 ante

573 4083 996 4155 generationem
1027 4087 1280 4136 nostram
1309 4082 1540 4136 fuerunt
1565 4081 1684 4148 viri,
1711 4081 1807 4153 qui
1840 4083 1955 4136 Deo
1985 4082 2188 4153 placita
2215 4080 2638 4136 conversatione
2667 4079 2952 4145 vixerunt;
2975 4077 3072 4132 sed
3105 4077 3176 4131 de
3213 4075 3485 4131 diabolica
3513 4078 3846 4148 Operatione

571 4171 701 4226 illos
725 4186 1014 4226 sermones
1045 4187 1268 4242 semper
1289 4170 1524 4225 dicimus
1553 4171 1622 4224 ad
1649 4171 2007 4239 alterutrum,
2037 4171 2170 4242 quia
2211 4169 2316 4224 sub
2343 4169 2474 4223 viris
2503 4168 2598 4240 qui
2624 4173 2754 4222 ante
2778 4185 2880 4222 nos
2906 4167 3151 4230 fuerunt,
3175 4183 3288 4220 non
3317 4171 3440 4220 erat
3465 4165 3546 4220 ita
3573 4165 3846 4236 iniquitas

570 4258 867 4316 hominum
923 4259 1295 4330 multiplicata
1353 4259 1496 4314 sicut
1551 4261 1756 4326 modo,
1814 4265 1880 4315 ut
1933 4260 2189 4332 praedixit
2238 4258 2427 4314 divina
2481 4258 2812 4330 Scriptura,
2865 4274 2929 4312 eo
2981 4256 3131 4327 quod
3189 4255 3493 4310 abundavit
3546 4255 3842 4326 iniquitas,

568 4349 882 4422 refrigescit
909 4349 1156 4404 charitas
1195 4350 1503 4404 multorum
1531 4351 1750 4420 (Matth.
1783 4352 1929 4420 xxxv)
1959 4368 1972 4418 ;
2005 4350 2130 4404 ideo
2160 4367 2273 4405 non
2307 4349 2555 4403 valemus
2592 4347 2662 4401 ad
2696 4363 2892 4402 eorum
2933 4361 3269 4416 consurgere
3314 4344 3581 4398 meritum
3611 4363 3622 4398 :
3671 4345 3843 4414 hujus

570 4441 654 4497 rei
673 4440 861 4513 gratia
887 4439 958 4494 ad
990 4444 1323 4510 praesentem
1347 4443 1552 4494 sanctae
1580 4439 1749 4509 hujus
1773 4439 1915 4494 Vita:
1945 4439 2327 4495 narrationem
2360 4454 2424 4492 ex
2446 4442 2604 4509 parte
2624 4436 2879 4490 venimus
2908 4435 2979 4489 ad
3009 4433 3415 4489 ostendendum
3446 4433 3620 4486 etiam
3652 4433 3850 4487 diebus

571 4530 782 4588 nostris
794 4531 1062 4595 volentes,
1078 4535 1136 4584 et
1153 4528 1502 4601 propositum
1517 4545 1683 4583 suum
1696 4534 1976 4600 cogentes,
1993 4528 2415 4584 excellentiores
2427 4525 2586 4581 nobis
2603 4525 2998 4588 demonstrari,
3017 4529 3074 4578 et
3082 4529 3378 4594 angustam
3401 4527 3685 4577 etarctam
3702 4523 3848 4576 viam

573 4639 738 4695 posse
764 4621 1024 4675 incedere
1047 4620 1268 4686 (Matth.
1307 4621 1405 4688 vn)
1435 4623 1492 4672 et
1519 4617 1808 4674 obstruere
1837 4635 1899 4674 os
1924 4618 2275 4690 loquentium
2307 4616 2503 4688 iniqua
2529 4619 2688 4684 (Psal.
2723 4618 2883 4685 Lxu),
2909 4620 2966 4668 et
2985 4613 3186 4668 animae
3215 4629 3421 4667 nocuos
3447 4611 3790 4666 intellectus.

641 4713 769 4768 Jam
801 4709 1028 4782 quidem
1058 4713 1116 4764 et
1145 4707 1241 4762 alii
1267 4712 1398 4763 ante
1426 4724 1530 4764 nos
1560 4707 1773 4780 optima
1793 4713 1962 4780 atque
1992 4706 2460 4762 excellentissima
2484 4705 2554 4760 de
2580 4705 2685 4759 hoc
2713 4703 3031 4758 admirabili
3061 4703 3180 4756 viro
3213 4706 3271 4755 et
3305 4716 3526 4755 summo
3555 4701 3847 4755 sacerdote

570 4801 787 4858 Joanne
817 4798 1195 4871 philosophati
1215 4803 1364 4863 sunt,
1381 4803 1637 4870 potentes
1665 4797 1966 4858 existentes
1987 4797 2048 4852 in
2071 4811 2238 4868 opere
2264 4801 2318 4850 et
2336 4795 2394 4850 in
2414 4810 2692 4849 sermone.
2717 4793 2854 4848 Dico
2886 4791 3036 4847 enim
3067 4792 3342 4846 Joannem
3373 4795 3429 4844 et
3459 4789 3840 4860 Sophronium

575 4891 656 4963 (8)
681 4891 786 4947 Dei
813 4891 1072 4954 cultores,
1105 4894 1163 4944 et
1185 4895 1467 4945 amatores
1490 4889 1783 4955 virtutum,
1815 4893 1875 4944 et
1899 4887 2126 4960 pietatis
2153 4889 2599 4958 propugnatores
2623 4901 2636 4950 ;
2661 4888 2914 4938 attamen
2942 4880 3206 4953 quamvis-
3221 4880 3362 4933 tales
3409 4883 3619 4942 essent,
3655 4879 3727 4933 de
3766 4879 3848 4931 di-

573 4981 794 5052 gnitate
822 4985 878 5036 et
900 4979 1104 5035 merito
1133 4979 1304 5034 studii
1331 4979 1441 5034 viri
1477 4978 1642 5036 istius
1682 4983 1739 5033 et
1767 4976 1874 5048 ipsi
1902 4977 2234 5042 omiserunt,
2261 4981 2319 5030 et
2359 4974 2604 5046 idipsum
2632 4970 2880 5044 perpessi
2907 4975 3056 5031 sunt,
3110 4969 3258 5041 quod
3305 4967 3564 5023 nonnulli
3614 4967 3848 5022 studiosi

573 5071 854 5144 agricolae,
886 5071 1109 5124 vineam
1135 5069 1367 5126 uberem
1398 5073 1457 5124 et
1483 5068 1827 5124 fructuosam
1845 5065 2282 5132 vindemiantes;
2314 5080 2448 5118 nam
2477 5063 2805 5133 relinquunt
2829 5061 3024 5132 utique
3045 5075 3112 5113 ex
3154 5058 3338 5112 fructu
3370 5056 3840 5121 benedictionem,

530 5227 540 5238 ι
578 5162 751 5218 etiam
780 5161 1056 5229 nolentes,
1092 5165 1243 5216 retro
1267 5176 1328 5214 se
1357 5157 1723 5230 sequentibus
1752 5156 1942 5227 egenis
1971 5155 2309 5227 eligentibus
2336 5153 2574 5217 vineam,
2607 5167 2674 5204 ex
2693 5149 2896 5221 quibus
2921 5165 3116 5204 sumus
3141 5152 3198 5201 et
3225 5163 3328 5201 nos
3353 5145 3594 5200 minimi.
3627 5146 3776 5200 Nam
3801 5153 3852 5200 et

576 5269 774 5309 omnes
803 5251 982 5307 sancti
1009 5250 1124 5317 isti,
1157 5249 1414 5323 quamvis
1441 5247 1596 5303 omni
1614 5246 1942 5303 fortitudine
1969 5263 2071 5302 sua
2099 5243 2443 5300 fructiferam
2469 5241 2612 5295 hanc
2635 5239 2856 5304 olivam,
2890 5254 3012 5310 quae
3041 5237 3098 5290 in
3129 5236 3296 5291 domo
3325 5234 3448 5301 Dei,
3483 5239 3548 5288 ut
3577 5235 3664 5289 ait
3692 5235 3852 5290 Psal-

571 5343 744 5399 mista
769 5343 930 5412 (Psal.
966 5345 1060 5408 ιιι,
1088 5341 1342 5412 plantata
1371 5343 1475 5405 est,
1505 5343 1734 5410 propter
1757 5336 2093 5408 multiplices
2115 5349 2314 5390 revera
2339 5331 2532 5396 olivas,
2568 5347 2690 5402 quae
2718 5329 2777 5385 in
2805 5345 2873 5384 ea
2895 5332 3046 5394 sunt,
3079 5327 3194 5381 zelo
3224 5325 3328 5380 Dei
3361 5324 3717 5380 vindemiare
3742 5331 3850 5380 stu-

521 5494 525 5498 ,
576 5433 822 5500 duerint,
856 5436 1106 5487 attamen
1131 5429 1302 5485 latuit
1332 5444 1426 5482 eos
1455 5427 1668 5482 multus
1692 5425 1851 5482 olivae
1887 5425 2120 5491 fructus,
2153 5421 2391 5479 Domino
2419 5419 2804 5492 dispensante.
2833 5419 3098 5474 Nostram
3129 5431 3262 5486 ergo
3289 5415 3455 5469 vilem
3499 5419 3558 5468 et
3587 5413 3848 5485 frigidam

577 5521 927 5578 alacritatem
956 5519 1241 5592 suscipite,
1273 5523 1339 5572 ut
1363 5517 1476 5572 duo
1495 5517 1676 5572 viduae
1704 5515 1924 5570 minuta
1951 5516 2124 5583 (Lucas
2151 5512 2298 5584 xxx);
2330 5527 2444 5566 non
2473 5509 2622 5564 enim
2652 5509 2764 5564 illis
2793 5507 3174 5571 detrahentes,
3208 5520 3390 5576 neque
3419 5503 3517 5576 qui
3563 5504 3845 5576 possimus

578 5627 774 5667 eorum
799 5627 832 5666 a
855 5611 970 5668 Deo
1000 5611 1268 5666 donatam
1289 5606 1627 5682 sapientiam
1653 5605 1886 5672 imitari,
1910 5603 2052 5678 justi
2079 5606 2240 5676 gesta
2263 5601 2556 5674 scripturae
2581 5599 2805 5656 tradere
2834 5597 3258 5663 festinavimus;
3291 5595 3387 5650 sed
3409 5593 3592 5666 primo
3623 5595 3847 5666 quidem

576 5704 644 5758 ut
672 5700 823 5774 quod
838 5698 1210 5773 intelligimus
1235 5713 1350 5756 non
1373 5698 1595 5771 justum
1625 5712 1765 5766 esse,
1811 5711 1880 5754 ea
1903 5711 2026 5770 quae
2053 5698 2290 5769 possunt
2309 5691 2615 5750 utilitatem
2644 5687 3001 5748 audientibus
3032 5686 3238 5754 facere,
3272 5683 3496 5741 silentio
3533 5684 3846 5746 occultare;
