3912 6428
190 275 295 335 341
367 271 389 275 ”
1102 274 1274 334 VITA
1311 274 1572 334 SANCTI
1608 268 1915 333 JOANNIS
1953 271 2557 334 ELEEMOSYNARII.
3373 276 3483 334 342

193 420 268 460 ne
287 409 348 461 et
369 420 473 462 nos
490 404 806 465 incidamus
834 401 893 460 in
919 394 1195 477 judicium
1225 402 1369 458 servi
1399 400 1551 457 illius
1578 401 1788 466 (Matth.
1811 401 1956 465 xxv).
1989 400 2085 473 qui
2106 401 2385 457 talentum
2409 400 2468 456 in
2492 405 2649 457 terra
2678 405 2717 467 1
2736 405 2862 466 80
2885 399 3194 458 abscondit.
3219 402 3475 460 Secundo

190 499 409 557 autem,
442 500 507 551 ut
534 495 590 551 in
622 495 727 551 hac
756 494 1077 551 narratione
1104 498 1301 548 nostra
1328 492 1692 548 correctiores
1721 496 1779 547 et
1815 488 2172 546 delectabiles
2204 491 2452 547 historiae
2481 490 2924 554 conscribentur.
2957 508 3082 563 quae
3109 493 3330 567 scriptae
3361 511 3473 549 non

189 590 327 639 sunt
356 583 427 638 ab
456 583 684 656 optimis
710 583 865 647 viris,
891 583 949 638 in
978 582 1238 638 laudibus
1263 581 1599 637 sanctissimi
1628 597 1822 636 revera
1851 587 2019 652 atque
2048 580 2359 635 beatissimi
2389 581 2638 637 Joannis.
2671 580 2885 635 Deinde
2914 598 3063 647 vero,
3096 582 3226 653 quia
3249 584 3477 655 sapien-

185 676 278 727 tes
310 679 369 729 et
387 678 644 746 potentes
673 673 732 729 in
752 689 1031 737 sermone,
1054 677 1336 727 amatores
1366 671 1614 728 historiae
1634 677 1815 736 erant,
1840 670 2124 742 sapienter
2150 676 2207 726 et
2231 670 2547 726 sublimiter
2573 670 2870 725 materiam
2891 671 3296 741 depinxerunt:
3324 675 3475 746 quod

186 761 436 818 maxime
465 768 522 818 et
552 763 895 836 peramplius
925 761 1108 818 erexit
1138 778 1240 816 nos
1265 762 1336 818 ad
1364 771 1699 834 praesentem
1729 760 2184 826 sollicitudinem,
2211 765 2276 814 ut
2304 777 2369 816 eo
2394 759 2492 831 qui
2520 759 2670 815 inest
2698 758 2879 821 nobis,
2909 751 3182 830 pedestri,
3213 761 3469 829 deformi,

182 851 503 925 humilique
530 858 853 910 charactere
882 868 1293 916 enarraremus,
1323 857 1385 907 ut
1414 856 1605 924 posset
1632 857 1690 906 et
1718 851 1891 907 idiota
1921 856 1977 907 et
2003 850 2125 906 sine
2155 850 2360 907 litteris
2390 851 2459 906 de
2490 850 2578 905 his
2611 866 2736 921 quae
2766 849 3031 905 dicuntur
3069 852 3359 924 proﬁcere.

1552 1087 2132 1223 VITA.

196 978 3473 1007 Ἃ

266 1292 453 1346 Cxpur
482 1301 716 1342 ramum.
744 1285 964 1341 —Cum
986 1282 1361 1357 pervenissem
1392 1281 1786 1338 Alexandriam
1805 1283 1855 1343 A
1873 1280 2237 1351 Evangelium
2264 1279 2589 1335 audientem
2617 1296 2696 1343 se,
2730 1280 2866 1335 dicit
2887 1280 3026 1335 mihi
3053 1296 3181 1335 cum
3210 1297 3476 1354 compun-

184 1396 297 1451 ego
347 1378 611 1449 indignus
659 1376 730 1431 ad
763 1375 1181 1446 amplectandos
1208 1378 1431 1427 sanctos
1461 1377 1517 1427 et
1551 1371 1789 1426 victores

184 1474 473 1541 martyres
489 1468 699 1539 Cyrum
727 1466 1065 1521 etJoannem
1093 1462 1194 1534 (9),
1229 1468 1286 1517 et
1314 1478 1507 1516 eorum
1525 1461 1789 1532 jucundis

183 1558 374 1631 epulis
394 1562 451 1611 et
477 1556 779 1610 refectione
800 1550 1597 1617 frueremur,convenientibus
1614 1556 1670 1605 et
1681 1551 1790 1604 col-

179 1646 550 1718 loquentibus
582 1645 788 1699 ibidem
838 1644 1170 1715 quibusdam
1205 1641 1335 1695 viris
1378 1639 1787 1695 venerabilibus

184 1742 363 1808 atque
383 1734 759 1808 philochristis
791 1734 879 1801 (lO
910 1737 987 1798 ,et
1007 1732 1423 1803 disputaremus
1443 1730 1512 1784 de
1534 1730 1786 1801 Scriptu-

184 1826 270 1881 ris
302 1831 359 1880 et
387 1825 455 1879 de
484 1824 685 1881 animos
715 1822 1087 1887 institutione,
1144 1821 1294 1876 venit
1323 1820 1392 1874 ad
1422 1836 1524 1873 nos
1554 1819 1787 1890 quidam

182 1915 520 1988 peregrinus
574 1919 770 1986 petens
826 1913 1259 1983 eleemosynam.
1285 1908 1516 1965 Dicebat
1545 1908 1694 1962 enim
1725 1925 1785 1962 se

182 2022 373 2077 nuper
398 2004 466 2058 de
495 2002 815 2075 captivitate
846 2002 1146 2055 Persarum
1169 1998 1666 2071 ereptum.Accidit
1686 1997 1784 2068 igi-

182 2100 285 2149 tur
322 2100 385 2148 ut
426 2093 614 2148 nullus
638 2093 708 2146 de
737 2090 1153 2146 considentibus
1196 2089 1543 2143 inveniretur
1570 2087 1785 2142 habens

184 2183 433 2264 pretiqm
473 2188 573 2236 aut
602 2197 913 2236 nummum.
934 2180 1090 2234 Unus
1113 2195 1244 2249 ergo
1270 2177 1339 2231 de
1364 2176 1785 2231 considentibus

182 2270 552 2325 habebatillic
566 2275 843 2325 astantem
860 2266 1495 2333 mercenarium,callide
1509 2266 1784 2332 datorem,

180 2361 551 2432 accipientem
568 2366 681 2413 tres
696 2364 917 2413 tantum
935 2373 1193 2412 nummos
1208 2373 1308 2428 per
1318 2356 1569 2426 singulos
1583 2371 1778 2419 annos,

181 2456 242 2504 et
270 2450 569 2504 habentem
600 2464 831 2503 uxorem
861 2452 917 2501 et
954 2448 1095 2502 duos
1125 2446 1286 2501 filios.
1322 2446 1574 2516 Cumque
1606 2461 1785 2498 reces-

178 2539 351 2593 sisset
376 2538 470 2609 qui
511 2537 753 2610 petebat,
787 2539 1213 2607 prosecutusest
1233 2550 1359 2589 eum
1381 2533 1687 2604 ingeniose,
1727 2536 1784 2585 et

1870 1372 2055 1425 ctione
2086 1388 2098 1423 :
2133 1371 2199 1425 In
2223 1369 2330 1424 hoc
2358 1369 2599 1433 miraris,
2634 1370 2909 1425 Domine?
2938 1371 3063 1425 Jam
3084 1370 3132 1424 si
3168 1370 3474 1426 invenisses

1872 1466 2128 1515 sanctum
2171 1459 2571 1531 patriarcham,
2607 1458 2779 1529 quid?
2805 1459 2910 1514 Aio
2927 1459 3010 1513 ei:
3065 1458 3210 1524 Quid
3231 1460 3474 1532 amplius

1869 1552 2159 1608 viderem?
2181 1553 2338 1607 Tunc
2353 1552 2496 1606 dixit
2522 1551 2661 1605 mihi
2683 1570 2695 1604 :
2733 1551 2911 1606 Crede
2931 1568 3033 1624 per
3060 1552 3474 1623 indulgentiam

1868 1642 1990 1697 Dei.
2026 1643 2150 1715 Ipse
2172 1658 2260 1696 me
2275 1642 2408 1696 fecit
2422 1640 2835 1713 presbyterum,
2865 1641 3342 1697 etvicedominum
3359 1641 3477 1712 (15)

1869 1731 2233 1786 sanctissimae
2256 1730 2519 1795 ecclesiae,
2553 1735 2610 1784 et
2636 1730 2750 1785 vidi
2776 1730 2833 1784 in
2863 1747 2929 1785 eo
2951 1731 3470 1802 opera,universam

1868 1838 2011 1892 pene
2054 1827 2317 1875 naturam
2342 1819 2684 1874 excedentia.
2722 1820 2791 1874 Et
2826 1819 2873 1873 si
2903 1819 3168 1891 dignatus
3205 1820 3376 1876 fueris
3410 1821 3471 1877 in

1868 1910 2093 1965 servilia
2112 1915 2210 1965 tua
2238 1910 2404 1964 hodie
2434 1909 2726 1975 veniendo,
2759 1909 3112 1964 sanctificare
3155 1927 3279 1970 nos,
3311 1927 3472 1966 enar-

1865 1999 2002 2055 rabo
2033 1999 2133 2054 tibi
2153 2004 2334 2069 gesta,
2358 2016 2481 2057 quae
2500 1999 2619 2070 ipse
2647 1998 2932 2069 inspector
2962 2015 3159 2053 eorum
3184 1999 3364 2055 factus
3384 2017 3472 2055 as-

1867 2089 2011 2161 pexi.
2047 2090 2299 2160 Cumque
2347 2089 2452 2142 hoc
2491 2086 2740 2154 dixisset,
2790 2087 2950 2142 tenui
2979 2104 3210 2142 manum
3237 2092 3295 2143 et
3322 2090 3472 2145 erexi

1869 2196 1999 2233 eum
2029 2197 2041 2245 ;
2094 2178 2651 2250 apprehendensque,
2685 2176 2845 2231 duxit
2870 2194 2959 2230 me
2990 2177 3050 2231 in
3076 2194 3111 2231 a
3138 2178 3255 2232 Deo
3283 2194 3468 2233 serva-

1867 2272 1985 2322 tam
2015 2268 2245 2321 domum
2275 2283 2455 2322 suam.
2488 2267 2512 2321 1
2542 2282 2686 2337 aque
2712 2283 2840 2321 cum
2853 2266 3119 2321 voluisset
3136 2266 3295 2322 nobis
3315 2284 3469 2323 men-

1867 2374 1986 2411 sam
2008 2357 2271 2424 dignatus
2300 2372 2602 2428 apponere,
2630 2355 2742 2410 dixi
2778 2356 2848 2410 ad
2885 2373 3013 2410 eum
3046 2375 3058 2410 :
3090 2357 3218 2412 Non
3246 2359 3467 2428 justum

1866 2452 1969 2511 est,
1995 2463 2027 2500 o
2057 2446 2312 2512 Domine,
2347 2446 2559 2499 animae
2595 2444 2783 2499 cibum
2812 2445 3212 2516 relinquentes,
3263 2463 3467 2518 corpus

1866 2541 1996 2590 ante
2024 2535 2274 2589 animam
2292 2536 2542 2600 reﬁcere,
2565 2534 2664 2588 sed
2686 2535 2866 2605 magis
2895 2534 3080 2589 cibum
3111 2535 3208 2606 qui
3230 2552 3343 2590 non
3372 2553 3466 2608 pe-

178 2607 417 2683 abstulit
436 2607 540 2682 ase
556 2643 722 2698 quam
740 2624 952 2680 ferebat
969 2624 1304 2679 cruciculam
1325 2627 1648 2693 argenteam
1670 2622 1712 2691 (Ἰ
1732 2607 1846 2690 UB
1864 2625 1958 2692 rit,
1987 2642 2297 2691 sumamus,
2328 2630 2385 2680 et
2412 2624 2771 2696 postmodum
2810 2624 3029 2695 corpori
3067 2607 3465 2681 necessitatem

178 2724 237 2772 et
259 2718 360 2771 dat
389 2717 459 2783 ei,
497 2717 688 2771 dicens
718 2732 776 2769 se
796 2732 909 2769 non
941 2714 1148 2769 habere
1190 2712 1341 2766 aliud
1366 2712 1577 2782 aliquid
1602 2728 1779 2782 usque

175 2808 249 2860 ad
271 2806 537 2878 siliquam
588 2822 758 2859 unam
791 2806 899 2872 (l2)
955 2804 1011 2858 in
1061 2803 1174 2857 vita
1203 2820 1323 2856 sua.
1357 2802 1471 2871 Ego
1504 2801 1680 2871 igitur
1709 2801 1778 2854 de

174 2896 285 2950 hoc
308 2895 459 2967 quod
480 2894 779 2957 acciderat,
826 2894 939 2948 imo
957 2892 1102 2964 quod
1115 2897 1336 2963 gestum
1374 2891 1643 2956 videram,
1679 2906 1779 2960 per

173 2985 426 3055 gratiam
437 2984 539 3040 Dei
558 2984 916 3039 considerans
928 2982 1073 3053 quod
1088 2981 1373 3048 fecerat,et
1386 2984 1773 3050 compunctus,

173 3075 439 3129 enarravi
462 3074 653 3129 statim
674 3090 845 3145 prope
871 3071 1107 3137 sedenti,
1132 3071 1187 3125 Μ
1191 3087 1351 3125 enna:
1370 3068 1616 3136 nomine,
1658 3068 1775 3123 viro

169 3163 455 3219 industrio
486 3171 541 3218 et
564 3162 783 3217 timenti
813 3162 1011 3225 Deum,
1046 3160 1141 3231 qui
1162 3165 1219 3214 et
1240 3165 1362 3213 erat
1395 3158 1661 3212 ordinans
1685 3158 1773 3211 di-

166 3253 591 3325 spensationem
643 3251 1008 3307 sanctissimae
1052 3249 1295 3304 ecclesiae
1342 3246 1444 3302 sub
1498 3247 1672 3301 nobili
1717 3251 1774 3301 et

169 3342 498 3397 beatissimo
533 3345 746 3399 Joanne
779 3341 1115 3413 patriarcha.
1138 3339 1244 3403 Qui
1273 3355 1398 3393 cum
1423 3354 1512 3391 me
1534 3337 1771 3391 intuitus

164 3438 318 3486 esset
336 3432 712 3487 admirantem
749 3437 805 3485 et
827 3430 1151 3485 laudantem
1182 3445 1312 3483 eum
1337 3427 1433 3499 qui
1467 3427 1769 3498 eleemosy-

164 3538 299 3575 nam
316 3521 688 3587 fecerat,dixit
705 3520 839 3575 mihi
860 3539 872 3574 :
896 3521 979 3575 Ne
1003 3518 1243 3585 mireris,
1260 3534 1325 3572 eo
1344 3516 1492 3588 quod
1513 3533 1577 3570 ex
1589 3515 1768 3569 tradi-

161 3612 322 3665 tione
353 3617 411 3665 et
431 3610 687 3665 do;trina
709 3608 1034 3681 hujusmodi
1054 3608 1290 3663 actionis
1319 3610 1583 3678 operator
1597 3605 1766 3660 exsti-

162 3700 257 3755 tit.
283 3701 354 3755 Et
369 3700 588 3755 dicente
603 3716 689 3754 me
711 3700 781 3753 ad
800 3716 949 3765 eum,
972 3698 1264 3762 Quomodo
1287 3697 1311 3750 ’ἶ
1336 3702 1567 3768 propter
1588 3694 1767 3749 chari-

1860 2720 2208 2787 praestemus.
2244 2716 2387 2770 Cum
2416 2731 2548 2785 ergo
2583 2712 2843 2784 cmpisset
2887 2714 3060 2767 vitam
3116 2714 3294 2769 sancti
3343 2715 3464 2770 sine

1860 2804 2151 2859 mendacio
2171 2802 2919 2874 recitare,Primum,inquit,
2929 2807 2983 2856 et
3000 2805 3345 2876 praecipuum
3367 2804 3462 2859 bo-

1860 2910 1996 2948 num
2026 2896 2149 2964 ejus
2170 2892 2566 2965 fuit,quoniam
2597 2891 2935 2946 omnimodis
2956 2909 3066 2947 non
3073 2893 3460 2963 juravit.Petii

1858 2983 2034 3054 igitur
2059 2984 2311 3037 chartam
2343 2988 2401 3037 et
2431 2982 2919 3049 atramentarium,
2957 2986 3014 3036 et
3050 2999 3173 3055 quae
3202 2983 3462 3039 diceban-

1858 3077 1972 3139 tur,
2008 3089 2110 3144 per
2137 3072 2390 3126 ordinem
2422 3071 2784 3126 annotabam.

1930 3162 2061 3216 CAP.
2087 3162 2158 3216 ΙΙ.
2194 3192 2259 3201 -
2281 3161 2580 3215 Promotus
2620 3176 2773 3230 ergo,
2807 3165 2865 3215 et
2891 3160 2952 3215 in
2972 3162 3177 3216 throno
3206 3161 3459 3219 residens

1856 3251 1915 3306 in
1945 3250 2127 3305 amica
2148 3249 2357 3305 Christi
2374 3265 2583 3320 magna
2602 3249 2825 3303 civitate
2845 3250 3201 3315 Alexandria,
3231 3251 3457 3308 decreto

1854 3340 2040 3395 divino
2098 3339 2391 3405 veraciter,
2426 3343 2484 3393 et
2511 3354 2624 3393 non
2653 3355 2717 3392 ex
2748 3338 3087 3403 hominibus,
3137 3356 3320 3412 neque
3353 3358 3456 3413 per

1853 3429 2128 3495 homines,
2157 3429 2260 3483 hoc
2269 3428 2518 3501 primum
2539 3427 2683 3482 forte
2703 3427 2913 3482 factum
2935 3434 2992 3483 et
3010 3429 3308 3501 premium
3336 3447 3454 3487 om-

1852 3518 2018 3573 nibus
2047 3517 2470 3573 demonstravit.
2508 3517 2730 3572 Mittens
2758 3517 2910 3572 enim
2942 3534 3069 3572 mox
3099 3519 3451 3591 dispensato-

1850 3626 1959 3676 res,
1981 3615 2039 3663 et
2062 3625 2191 3663 eum
2214 3607 2311 3679 qui
2329 3605 2620 3661 dicebatur
2645 3622 2816 3678 super
2836 3623 3031 3678 pacem
3057 3606 3144 3679 (16
3168 3649 3183 3676 ,
3206 3609 3341 3664 dicit
3359 3626 3454 3664 co-

1847 3715 1971 3753 ram
2001 3697 2263 3753 omnibus
2282 3697 2349 3750 ad
2370 3712 2466 3751 eos
2488 3695 2548 3750 in
2574 3690 2886 3750 honorabili
2905 3702 3119 3752 secreto
3139 3698 3254 3770 (17)
3279 3713 3293 3753 :
3324 3700 3453 3754 Non

159 3795 343 3844 tatem
369 3788 631 3861 prodesto
654 3789 808 3843 mihi.
835 3790 960 3859 Ipse
974 3786 1317 3858 respondens
1331 3786 1440 3839 ait:
1473 3783 1768 3839 Sanctissi-
1842 3789 2063 3859 justum
2115 3792 2219 3852 est,
2252 3785 2475 3850 fratres,
2521 3801 2623 3839 nos
2649 3790 2781 3839 ante
2835 3785 3067 3840 alterius
3113 3787 3449 3859 cujusquam

160 3896 258 3933 mo
271 3886 359 3933 ter
376 3878 537 3933 beato
556 3878 884 3950 patriarchae
899 3882 1088 3931 nostro
1106 3875 1433 3930 ministrans
1452 3873 1766 3945 permansit
1846 3892 2039 3931 curam
2067 3874 2274 3929 habere
2305 3890 2476 3945 quam
2496 3874 2721 3929 Christi.
2748 3875 2914 3930 Omni
2935 3892 3059 3929 vero
3087 3875 3453 3932 multitudine

156 3968 385 4033 Joanni,
404 3974 461 4022 et
488 3974 758 4043 tanquam
788 3967 934 4021 filius
966 3965 1226 4038 proprius
1240 3962 1765 4037 patrisindustriam
1791 3969 1969 4038 Cquaz
1989 3969 2343 4029 convenerat,
2391 3963 2583 4019 audito
2638 3963 2805 4018 verbo
2830 3970 3166 4036 compuncta
3194 3982 3259 4020 ac
3282 3966 3450 4021 susti-

156 4057 429 4128 suscepit,
462 4058 683 4112 dicente
712 4062 904 4111 sancto
933 4056 1003 4110 ad
1030 4071 1156 4109 eum
1186 4052 1459 4108 :Humilis
1473 4051 1756 4117 Zacharia,

159 4157 282 4201 esto
314 4147 658 4217 misericors;
688 4153 746 4201 et
775 4145 1001 4201 verbum
1020 4143 1191 4198 habes
1221 4160 1286 4199 ex
1312 4143 1427 4197 Deo
1459 4158 1561 4213 per
1584 4140 1763 4196 infeli-

159 4236 387 4290 citatem
416 4253 619 4304 meam,
656 4236 787 4308 quia
811 4252 992 4308 neque
1030 4236 1088 4289 in
1117 4234 1231 4289 vita
1258 4249 1385 4287 mea
1412 4248 1594 4303 neque
1636 4236 1764 4302 post

160 4331 400 4380 mortem
421 4326 651 4382 deerita
678 4333 735 4381 te
760 4326 934 4380 Deus:
985 4324 1133 4397 quod
1162 4329 1347 4378 servat
1361 4338 1539 4393 usque
1570 4320 1756 4375 hodie.

160 4415 369 4468 Multas
392 4416 541 4470 enim
580 4414 993 4470 benedictiones
1026 4413 1200 4468 mittit
1230 4412 1282 4466 ei
1324 4413 1494 4475 Deus,
1519 4410 1616 4464 sed
1647 4426 1760 4464 non

157 4503 396 4559 dimittit
425 4504 905 4577 quidquam,quod
922 4521 1032 4558 non
1054 4503 1244 4557 statim
1268 4502 1365 4556 det
1392 4498 1753 4572 pauperibus,

153 4594 561 4666 propemodum
592 4594 979 4664 constringens
1002 4598 1057 4647 et
1092 4592 1151 4646 in
1197 4590 1437 4646 nihilum
1497 4588 1758 4660 redigens

155 4682 387 4737 domum
400 4699 578 4738 suam.
603 4683 888 4739 Multoties
910 4688 1100 4737 autem
1130 4682 1188 4736 in
1217 4678 1587 4736 exsultatione
1607 4678 1758 4732 inve-

153 4777 364 4826 nerunt
392 4789 521 4827 eum
552 4773 802 4845 quidam,
836 4772 1113 4827 dicentem
1126 4772 1274 4826 Deo:
1308 4770 1399 4825 Sic
1428 4769 1528 4834 sic,
1561 4772 1662 4821 aut
1688 4773 1753 4821 tu

154 4861 450 4928 mittendo,
481 4868 580 4917 aut
599 4878 701 4934 ego
716 4862 1087 4934 dispergende
1109 4880 1120 4929 ;
1148 4859 1459 4915 videbimus
1479 4874 1608 4912 vero
1627 4855 1751 4928 quis

153 4951 358 5006 vincat.
390 4951 589 5023 Liquet
635 4952 785 5008 enim
812 4953 1077 5024 quoniam
1106 4958 1169 5006 tu
1208 4950 1380 5013 dives,
1414 4947 1669 5013 Domine,
1694 4950 1751 5001 et

152 5039 277 5094 vitae
307 5046 509 5096 nostra:
551 5040 901 5095 ministrator
932 5058 1011 5095 es.
1038 5041 1212 5095 Porro
1233 5044 1319 5094 est
1341 5037 1563 5111 quando
1587 5037 1751 5106 juxta

148 5136 412 5184 eventum
438 5147 551 5185 non
580 5129 749 5185 habet
776 5130 847 5184 ad
870 5131 1067 5185 horam
1089 5129 1302 5201 aliquid
1324 5128 1473 5201 quod
1508 5126 1603 5181 det
1632 5142 1666 5179 a
1689 5140 1749 5179 se

147 5220 395 5291 petenti;
430 5225 487 5274 et
499 5219 756 5275 tristatus
784 5219 920 5275 dicit
940 5221 1008 5275 ad
1032 5219 1415 5276 tabernarium
1434 5222 1535 5274 aut
1560 5215 1630 5271 ad
1648 5231 1749 5270 ne-

1844 4054 2176 4121 nente,dicit
2187 4053 2392 4108 iterum
2414 4052 2508 4108 ille
2527 4052 2743 4108 beatus:
2763 4054 2971 4109 Euntes
3001 4070 3134 4125 ergo
3150 4072 3251 4127 per
3266 4060 3447 4112 totam

1844 4143 2146 4210 civitatem,
2204 4142 2535 4198 conscribite
2580 4149 2617 4210 ι
2639 4148 2697 4210 8
2715 4150 2750 4209 |
2795 4143 2934 4198 mihi
2964 4161 3141 4217 usque
3170 4145 3241 4201 ad
3268 4162 3445 4202 unum

1844 4249 2040 4286 omnes
2053 4233 2313 4288 dominos
2326 4249 2500 4289 meos.
2516 4232 2633 4288 Illis
2657 4238 2846 4289 autem
2869 4250 2981 4289 non
2997 4233 3447 4306 intelligentibus

1844 4323 1941 4394 qui
1965 4322 2025 4377 hi
2055 4327 2262 4390 essent,
2294 4322 2393 4377 sed
2422 4322 2751 4394 rogantibus
2779 4323 2985 4391 dicere,
3010 4329 3068 4380 et
3098 4325 3437 4382 mirantibus

1843 4412 2074 4483 quinam
2090 4412 2422 4485 patriarchae
2432 4413 2645 4468 domini
2661 4414 2983 4476 existerent,
3006 4415 3297 4487 respondit
3324 4433 3446 4472 rur-

1841 4518 1937 4556 sus
1967 4503 2282 4573 angelicum
2307 4501 2447 4557 illud
2477 4519 2558 4569 os,
2584 4507 2641 4557 et
2669 4502 2751 4557 ait
2777 4521 2789 4557 :
2842 4503 3003 4568 Quod
3033 4521 3128 4559 vos
3150 4521 3356 4576 egenos
3387 4512 3445 4562 et

1839 4592 2126 4647 mendicos
2151 4592 2379 4658 vocatis,
2416 4592 2544 4647 illos
2573 4609 2676 4664 ego
2706 4592 2965 4648 dominos
2988 4599 3046 4648 et
3081 4588 3440 4651 auxiliatores

1837 4680 2097 4753 praedico.
2125 4681 2240 4752 Ipsi
2268 4681 2418 4736 enim
2441 4681 2601 4737 nobis
2634 4698 2760 4737 vere
2781 4686 2838 4736 et
2864 4681 3144 4747 auxiliari,
3180 4688 3238 4737 et
3276 4686 3439 4740 coelo-

1835 4786 1962 4824 rum
1993 4786 2229 4841 regnum
2244 4770 2456 4825 donare
2470 4777 2754 4843 poterunt.
2788 4773 2857 4827 Et
2882 4789 3009 4827 cum
3025 4773 3130 4828 hoc
3142 4773 3323 4830 multa
3341 4792 3437 4831 ve-

1834 4859 2059 4914 locitate
2104 4858 2332 4915 vidisset
2373 4859 2583 4915 factum
2629 4860 2838 4916 Christi
2870 4861 3142 4929 imitator,
3174 4864 3440 4937 praecepit

1833 4948 1914 5003 eis
1952 4965 2054 5020 per
2103 4948 2354 5020 singulos
2402 4948 2523 5004 dies
2552 4950 2835 5022 stipendia
2869 4951 3063 5020 tribui,
3107 4958 3166 5008 et
3190 4970 3293 5026 per
3309 4971 3437 5027 pro-

1829 5038 2014 5110 prium
2068 5037 2513 5110 dispensatorem
2539 5039 2796 5111 praebens
2830 5041 2913 5097 eis
2939 5041 3312 5100 sufﬁcientem
3333 5060 3434 5100 ne-

1831 5128 2149 5183 cessitatem
2174 5146 2186 5181 :
2229 5128 2356 5201 plus
2381 5134 2570 5184 autem
2608 5136 2772 5185 erant
2802 5147 2973 5203 quam
3004 5138 3221 5205 septem
3250 5133 3432 5189 millia

1831 5219 2147 5292 quingenti.
2178 5220 2335 5276 Tunc
2374 5219 2534 5292 quasi
2562 5225 2757 5294 pastor
2783 5238 2949 5277 verus
2979 5226 3038 5277 et
3064 5238 3177 5277 non
3216 5238 3430 5278 merce-

143 5308 481 5381 gotiatorem
512 5327 524 5362 :
564 5309 649 5364 Da
677 5309 815 5365 mihi
832 5326 1009 5365 unum
1038 5308 1357 5365 tremissem
1384 5310 1435 5382 (Ι
1448 5306 1520 5378 3),
1549 5312 1606 5364 et
1626 5324 1746 5363 ser-
1764 5296 1813 5356 D
1832 5309 2043 5377 uarius,
2070 5326 2198 5365 cum
2219 5326 2376 5365 sacro
2407 5326 2510 5366 suo
2547 5310 2676 5365 ovili
2706 5314 2763 5365 et
2789 5327 2915 5366 cum
2946 5310 3424 5381 convenientibus,

143 5398 289 5453 viam
318 5398 421 5453 tibi
442 5415 554 5455 uno
598 5416 789 5456 mense
837 5400 924 5455 vel
979 5399 1218 5467 duobus,
1241 5406 1307 5456 ut
1334 5399 1416 5455 vis
1435 5404 1491 5454 et
1517 5398 1615 5455 ubi
1644 5401 1745 5468 vis,

145 5488 412 5560 quoniam
444 5488 704 5547 esuriunt
732 5489 891 5545 valde
920 5490 1019 5562 qui
1053 5490 1112 5545 in
1141 5490 1309 5545 domo
1335 5505 1463 5545 mea
1490 5495 1639 5545 sunt.
1681 5492 1751 5547 Et

143 5596 370 5635 sumens
397 5579 497 5635 dat
513 5596 711 5653 egeno,
738 5597 941 5653 rogans
971 5584 1035 5637 ut
1061 5579 1272 5636 nemini
1288 5580 1604 5636 dicat.Cum
1617 5597 1751 5653 ergo

143 5670 413 5729 sensisset
440 5669 694 5730 meidem
724 5671 825 5729 Dei
851 5672 1034 5730 cultor
1051 5671 1285 5729 Mennas
1319 5669 1448 5743 (14),
1475 5675 1748 5745 tanquam

1832 5399 2040 5455 sanctis
2063 5399 2195 5456 viris
2215 5399 2486 5474 episcopis
2506 5400 2577 5455 ad
2595 5400 2886 5456 ecclesiam
2914 5405 3166 5455 sanctam
3188 5417 3428 5473 pergens

1832 5494 2190 5546 consecratus
2214 5496 2302 5546 est
2317 5490 2505 5546 divino
2528 5489 2740 5563 judicio
2772 5488 2898 5559 (18).

1906 5581 2037 5636 ΟΑΡ.
2057 5581 2232 5637 ΙΙΙ.-
2261 5582 2290 5638 J
2296 5587 2485 5637 ustum
2513 5597 2643 5637 vero
2674 5585 2759 5636 est
2779 5585 2837 5637 et
2856 5578 2962 5635 hoc
2986 5583 3275 5652 gestorum
3304 5582 3429 5654 ejus

1834 5686 1948 5728 non
1975 5675 2316 5746 postponere
2342 5671 2575 5731 bonum.
2612 5671 2678 5729 In
2697 5669 3007 5729 crastinum
3045 5670 3199 5729 enim
3226 5670 3433 5730 iterum
