3912 6418
465 259 576 346 343
1497 289 1590 344 DE
1628 289 2152 365 VITISAPATRUM
2187 284 2405 343 LIBER
2441 281 2732 339 PRIMUS.
3654 279 3767 338 344

471 415 706 470 mittens
738 431 839 486 per
883 417 1061 468 totam
1099 413 1381 470 civitatem
1421 413 1647 472 eosdem
1706 418 1808 474 Dei
1837 419 2064 486 amicos,
2085 418 2297 480 Aelim,
2320 427 2392 467 ne
2417 410 2624 476 tardet,
2651 407 2749 465 88d
2769 406 2908 464 illud
2931 407 3226 480 ΡΥΟΡῘιθιω
3256 405 3474 463 dicm!!!
3497 405 3770 480 Protinus

475 520 790 558 ceconomos
839 508 894 556 et
941 503 1301 558 cancellarios
1349 503 1474 574 (19),
1517 511 1572 560 et
1595 507 1840 580 reliquos
1866 508 2068 580 quibus
2151 505 2528 560 exclamamus
2559 500 2712 555 :Cito
2741 499 3010 570 anticipet
3052 515 3154 554 nos
3202 497 3597 553 misericordia
3627 502 3756 560 tua,

475 600 599 648 erat
623 591 909 664 dispositio
933 593 1174 648 civitatis
1195 594 1546 661 credita,non
1577 598 1834 669 permisit
1848 615 2068 653 mensu—
2149 594 2385 650 Domine
2419 593 2578 655 (Psal.
2604 588 2852 660 Lxxvm):
2873 589 3170 662 quomodo,
3193 595 3379 660 putas,
3400 604 3507 642 nos
3537 603 3770 642 conser-

475 699 596 738 ram
615 683 1080 754 qualemcunque,
1101 683 1188 736 vel
1205 684 1423 755 pondus
1445 701 1679 755 parvum
1695 687 1780 742 vel
1798 703 2067 758 magnum
2151 699 2348 738 verum
2377 687 2698 736 nostrorum
2727 679 3024 752 petitiones
3053 695 3179 734 cum
3209 679 3362 733 omni
3395 677 3769 732 festinatione

472 771 534 825 in
562 775 678 824 tota
707 770 928 824 civitate
959 789 970 837 ;
1005 771 1103 825 sed
1133 772 1324 826 omnia
1349 772 1407 826 in
1431 789 1546 827 una
1575 775 1864 847 Campana
1893 781 2069 830 state-

472 877 539 915 ra
573 858 706 927 (20),
731 859 919 913 modio
933 865 990 914 et
1008 859 1201 915 artabe
1221 859 1356 929 (21),
1382 863 1620 918 vendere
1647 869 1704 918 et
1732 881 1919 920 emere
1941 881 2068 920 con-

469 947 1060 1013 testabatur,scribens
1079 949 1136 1003 in
1151 949 1560 1022 subscriptione
1578 968 1679 1007 sua
1689 954 2071 1010 conditionem

475 1053 578 1108 per
615 1053 839 1091 omnem
879 1038 1188 1106 regionem,
1243 1038 1545 1094 habentem
1584 1041 1824 1096 formam
1877 1043 2022 1098 hanc
2054 1061 2066 1096 :

482 1143 506 1176 «
531 1126 776 1180 Joannes
817 1126 1044 1180 humilis
1073 1132 1131 1180 et
1167 1127 1400 1199 exiguus
1430 1146 1624 1184 servus
1647 1148 1936 1186 servorum
1967 1133 2075 1187 Do-

476 1213 616 1268 mini
647 1215 824 1268 nostri
853 1216 985 1270 Jesu
1033 1217 1262 1283 Christi,
1312 1217 1572 1273 omnibus
1611 1219 1714 1274 sub
1744 1225 2074 1291 paupertate

478 1307 672 1357 nostra
707 1303 1058 1374 degentibus,
1093 1305 1299 1376 quique
1319 1305 1388 1360 ab
1409 1307 1606 1361 eodem
1627 1308 1866 1363 Domino
1883 1314 1939 1364 et
1958 1310 2074 1364 Deo

475 1397 668 1447 nostro
689 1392 968 1462 regimini,
989 1395 1132 1448 haec:
1155 1395 1390 1466 Egregia
1418 1394 1582 1450 beato
1607 1397 1800 1463 Paulo,
1826 1415 1926 1469 per
1945 1415 2072 1454 eum

478 1481 575 1554 qui
602 1481 661 1536 in
691 1499 756 1536 eo
789 1482 1432 1552 loquebatur,Christum
1459 1485 1712 1556 jubente,
1733 1492 1791 1540 et
1817 1487 2076 1543 omnibus

476 1571 663 1641 legem
683 1577 945 1642 ponente,
969 1572 1204 1627 Obedite
1236 1574 1549 1645 prmpositis
1568 1576 1766 1630 vestris
1795 1582 1851 1630 et
1883 1577 2075 1648 subja-

477 1666 598 1714 cete
625 1660 706 1713 eis
731 1679 743 1727 ;
769 1659 875 1731 ipsi
905 1661 1054 1715 enim
1086 1663 1440 1732 pervigilant,
1473 1663 1634 1734 quasi
1667 1665 1943 1720 rationem
1973 1683 2075 1737 pro

2151 772 2420 827 debemus
2442 785 3016 842 peragere,memores
3032 768 3256 823 Domini
3270 769 3544 822 dicentes:
3567 767 3638 822 In
3651 783 3769 838 qua

2151 878 2418 917 mensura
2437 860 2617 914 mensi
2629 857 3200 913 fueritis.remetietur
3211 857 3365 911 vobis
3379 856 3605 926 (Matth.
3643 858 3764 926 vn).

2155 951 2225 1005 Et
2249 950 2544 1021 Propheta?
2585 948 2789 1002 iterum
2825 945 3170 1018 perhibentis
3206 964 3218 1000 :
3259 945 3766 1010 Quemadmodum

2152 1037 2569 1111 perfecisti,erit
2583 1035 2684 1091 tibi
2703 1037 2726 1089 ?
2753 1037 2876 1090 Una
2892 1052 3025 1105 ergo
3043 1035 3260 1088 dierum
3277 1034 3451 1088 simili
3475 1034 3650 1088 modo
3677 1033 3767 1087 hic

2153 1128 2430 1182 mirabilis
2441 1126 2832 1198 procedens,et
2847 1125 2902 1178 in
2917 1125 3081 1178 solito
3109 1125 3230 1178 loco
3253 1123 3566 1195 przesidens
3580 1139 3766 1192 usque

2156 1219 2226 1272 ad
2259 1219 2456 1271 horam
2501 1216 2776 1286 quintam,
2811 1220 2868 1268 et
2908 1214 3134 1268 nemine
3164 1213 3488 1276 accedente,
3523 1219 3766 1266 maestus

2159 1312 2214 1361 et
2241 1307 2648 1377 collacrymans
2673 1304 2932 1370 recessit;
2957 1303 3111 1357 nullo
3142 1308 3335 1356 autem
3365 1301 3618 1356 audente
3631 1317 3766 1354 eum

2157 1396 2440 1465 interroga
2449 1411 2506 1448 re
2519 1410 2742 1448 causam
2760 1392 3032 1455 mceroris,
3057 1397 3284 1446 sanctus
3304 1391 3666 1462 Sophronius
3687 1390 3768 1446 ait

2159 1485 2229 1539 ad
2261 1501 2390 1538 eum
2421 1489 2633 1538 Secreto
2649 1482 2778 1552 (illic
2795 1481 2944 1536 enim
2967 1485 3249 1543 erattunc)
3272 1500 3282 1533 :
3305 1481 3440 1544 Quae
3456 1496 3632 1534 causa
3657 1485 3762 1543 est,

2157 1573 2260 1629 Dei
2289 1579 2528 1637 curator,
2539 1571 2834 1626 retinentis
2851 1571 3102 1625 animum
3122 1577 3281 1624 tuum
3304 1576 3569 1624 sanctum
3591 1568 3771 1622 tristi-

2156 1662 2472 1716 tiae?omnes
2489 1661 2693 1732 quippe
2706 1677 2805 1714 nos
2825 1665 3053 1730 repente
3078 1657 3448 1712 conturbavit.
3479 1657 3594 1721 Qui
3623 1657 3772 1710 dixit

479 1747 775 1803 animabus
805 1750 1002 1804 vestris
1025 1751 1297 1806 reddituri
1332 1754 1512 1820 (Hebr.
1545 1755 1662 1821 xm)
1699 1773 1710 1809 :
1743 1754 1924 1808 credit
1953 1760 2076 1810 tan-
2093 1751 2208 1837 Βθί
2238 1756 2532 1805 mansueta
2556 1767 2686 1804 voce
2720 1749 2932 1803 :Iiodic
2951 1747 3060 1818 ('23)
3087 1747 3316 1801 humilis
3345 1749 3599 1802 Joannes
3633 1762 3772 1817 qua-

479 1837 678 1892 tillitas
699 1855 842 1904 mea,
877 1839 1048 1893 verbo
1068 1839 1255 1894 divino
1285 1841 1608 1896 obedientes
1641 1860 1755 1908 vos,
1791 1844 2075 1916 suscipere
2093 1836 2126 1837 ᾧ
2157 1842 2493 1911 lemcunque
2514 1839 2829 1894 mercedem
2859 1855 2893 1892 a
2919 1838 3180 1909 quopiam
3205 1854 3317 1892 non
3347 1836 3769 1907 habuit,neque

478 1927 780 1998 petitiones
803 1933 1022 1982 nostras
1046 1935 1109 1983 ut
1129 1947 1194 1982 ex
1217 1931 1349 1994 Deo,
1371 1935 1550 1985 etnon
1573 1949 1636 1984 ex
1663 1931 2076 2000 homine,unde
2159 1930 2384 1985 Christo
2414 1947 2514 2000 pro
2544 1927 2857 1982 innumeris
2886 1930 3124 1999 peccatis
3153 1928 3274 1997 ejus
3295 1925 3509 1997 aliquid
3532 1924 3767 1988 obtulit,

479 2015 587 2070 hoc
627 2016 824 2082 sciens,
858 2033 1059 2072 moneo
1111 2018 1443 2072 charitatem
1467 2025 1728 2085 vestram,
1759 2026 1826 2074 ut
1861 2038 2079 2092 nequa-

481 2122 651 2178 quam
697 2106 756 2160 in
791 2107 1056 2178 quopiam
1101 2112 1348 2160 vestrum
1393 2114 1664 2178 appareat
1693 2109 2079 2178 hujuscemodi

445 2182 460 2192 ’
479 2195 884 2267 praevaricatio.
917 2194 1192 2264 Denique,
1224 2200 1289 2248 ut
1319 2196 1398 2248 ait
1427 2196 2078 2268 divinaScriptura,Sta-

479 2287 662 2337 teram
687 2299 950 2353 magnam
963 2288 1020 2336 et
1037 2299 1266 2353 parvam
1291 2283 1418 2336 odio
1437 2283 1604 2338 habet
1627 2285 1774 2340 Deus
1792 2290 1966 2353 (Prov.
1985 2292 2076 2354 x1).

484 2373 542 2428 Si
569 2389 700 2428 vero
729 2371 854 2443 quis
899 2371 1226 2444 apparuerit
1264 2379 1390 2443 post
1419 2379 1752 2444 prmsentem
1807 2375 2082 2448 subscrip-

481 2461 652 2516 tionis
698 2466 905 2516 nostrae
935 2461 1335 2526 conditionem,
1382 2461 1701 2517 istiusmodi
1751 2465 1966 2518 crimen
1999 2465 2080 2519 in-

483 2551 693 2615 cidens,
725 2551 1015 2604 universas
1044 2549 1338 2604 facultates
1359 2567 1490 2605 suas
1531 2551 1929 2623 indigentibus,
1967 2571 2080 2610 non

482 2637 696 2705 volens,
727 2638 848 2692 sine
887 2638 1164 2704 mercede,
1193 2645 1456 2710 apponet.
1496 2659 1518 2692 ι
1564 2641 1732 2712 Ergo,
1759 2647 1824 2697 ut
1847 2643 2082 2715 dignum

487 2727 779 2794 memoria,
810 2728 991 2782 ethoc
1045 2727 1231 2798 ipsum
1277 2728 1561 2800 publicum
1611 2736 1953 2804 praeceptum
1991 2732 2083 2788 hic

485 2833 696 2890 ponere
717 2815 1122 2872 festinavimus.

560 2906 690 2960 Car.
719 2906 888 2962 IV.—
919 2906 1179 2961 Relatum
1205 2913 1290 2961 est
1313 2912 1503 2962 autem
1524 2908 1826 2980 aliquando
1853 2909 1984 2966 huic
2001 2911 2083 2966 di-

485 2995 695 3050 vinitus
719 2995 1055 3068 sapientiam
1086 2998 1558 3068 consecuto,quod
1587 3015 1690 3070 per
1711 2999 1875 3054 xenia
1903 3001 2081 3056 eccle-

2159 2020 2305 2074 sicut
2325 2036 2427 2073 nec
2444 2017 2772 2089 aliquando.
2810 2017 2910 2071 Cui
2926 2023 3151 2070 sanctus
3177 2015 3530 2086 Sophronius
3553 2014 3771 2068 divini-

2161 2114 2254 2163 tus
2284 2108 2606 2179 inspiratus,
2633 2106 2922 2177 respondit
2968 2106 3113 2174 (mox
3145 2105 3293 2158 enim
3324 2104 3610 2158 intellexit
3640 2120 3774 2156 cau-

2162 2214 2283 2251 sam
2315 2196 2384 2250 ob
2409 2213 2580 2266 quam
2610 2196 2757 2248 idem
2797 2195 3132 2248 tristabatur
3157 2193 3494 2266 patriarcha)
3527 2211 3540 2248 :
3577 2192 3769 2246 Hodie

2163 2286 2388 2358 quidem
2414 2285 2660 2355 gaudere
2683 2289 2738 2338 et
2761 2284 2941 2337 laetari
2962 2290 3006 2350 ι
3022 2289 3144 2350 ετ
3159 2281 3770 2354 oportet,beatissime;

2162 2373 2595 2428 veraciterenim
2616 2373 2972 2427 beatissimus
3003 2389 3080 2437 es,
3103 2372 3182 2425 ita
3215 2371 3516 2443 paciﬁcans
3543 2387 3576 2424 a
3601 2369 3773 2426 Chri-

2163 2469 2249 2518 sto
2271 2463 2545 2518 creditum
2577 2462 2676 2516 tibi
2702 2479 2953 2532 gregem,
2985 2467 3050 2515 ut
3079 2461 3291 2514 nullam
3328 2459 3538 2514 habeat
3567 2467 3774 2513 contra

2163 2553 2477 2625 proximum
2501 2568 2662 2606 suum
2686 2551 2844 2605 litem
2857 2557 2956 2604 aut
2973 2549 3338 2616 dubietatem,
3370 2549 3468 2604 sed
3490 2549 3658 2602 velut
3678 2565 3774 2602 an-

2161 2643 2320 2713 gelos
2337 2641 2456 2695 sine
2485 2641 2665 2711 litigio
2695 2646 2752 2694 et
2779 2639 2899 2694 sine
2939 2639 3149 2711 judicio
3190 2638 3448 2693 homines
3478 2654 3602 2691 esse
3641 2635 3772 2690 feci-

2165 2731 2256 2784 sti.
2291 2731 2390 2785 Ille
2421 2735 2609 2784 autem
2663 2746 2790 2784 vere
2829 2728 2982 2783 mitis
3006 2735 3218 2801 pastor,
3251 2727 3486 2781 credens
3505 2726 3666 2797 quod
3687 2725 3772 2778 di-

2162 2825 2313 2874 ctum
2345 2825 2468 2874 erat
2495 2835 2687 2874 verum
2707 2835 2850 2883 esse,
2885 2819 3074 2872 oculos
3095 2818 3152 2871 in
3182 2817 3384 2871 caelum
3428 2815 3769 2870 extendens.

2161 2908 2418 2964 dicebat:
2461 2909 2684 2962 Gratias
2701 2906 2936 2978 egotibi,
2961 2907 3127 2971 Deus,
3164 2907 3294 2976 quia
3341 2911 3399 2960 et
3417 2903 3772 2959 immeritam

2163 2997 2684 3070 pusillanimitatem
2718 3011 2900 3050 meam
2918 2995 3228 3050 sacerdotio
3255 2994 3496 3065 fungi,et
3525 3009 3622 3046 me
3655 2992 3771 3046 exi—

488 3083 585 3138 siee
614 3089 858 3138 rectores
888 3084 1062 3156 empti
1091 3101 1360 3156 personas
1379 3085 1698 3158 acciperent
1716 3086 1863 3142 circa
1899 3089 2083 3160 dispo-
2101 3096 2337 3158 Cguum
2376 3093 2433 3142 et
2482 3091 2851 3158 peccatorem,
2884 3085 3232 3139 sacerdotem
3270 3089 3433 3138 tuum
3461 3083 3678 3146 vocari,
3715 3088 3771 3134 et

489 3172 722 3228 sitiones
751 3173 1117 3245 captivorum.
1151 3175 1302 3238 Quos
1314 3173 1453 3228 nihil
1482 3175 1794 3245 negligens,
1819 3193 2084 3233 convoca-

484 3261 610 3330 vit;
662 3267 721 3316 et
746 3262 1029 3317 neminem
1084 3263 1308 3335 penitus
1356 3279 1714 3335 exasperans,
1755 3268 2085 3337 superauxit

487 3352 774 3406 mercedes
795 3368 917 3423 quae
955 3351 1035 3406 eis
1080 3352 1236 3424 prius
1263 3351 1562 3420 dabantur,
1581 3370 1796 3426 ponens
1822 3355 2076 3424 verbum,

459 3435 474 3527 ἰ
485 3445 764 3514 quatenus
785 3458 1022 3496 munera
1041 3459 1074 3495 a
1094 3441 1342 3512 quolibet
1370 3443 1708 3498 omnimodis
1735 3461 1848 3498 non
1871 3446 2083 3518 accipe-

485 3535 648 3586 rent:
683 3529 979 3595 Quoniam,
1012 3529 1214 3602 inquit,
1248 3530 1394 3600 ignis
1415 3536 1709 3586 consumet
1736 3531 1932 3587 domos
1957 3550 2084 3588 mu-

485 3636 626 3675 nera
656 3619 1074 3692 accipientium.
1122 3620 1199 3674 Ex
1227 3623 1362 3674 tunc
1390 3619 1565 3690 igitur
1591 3636 1693 3692 per
1715 3621 1958 3692 gratiam
1983 3623 2085 3677 Dei

431 3785 437 3790 _
487 3709 914 3764 abundaverunt
961 3707 1160 3762 domus
1203 3725 1414 3775 eorum,
1439 3708 1520 3763 ita
1553 3715 1620 3764 ut
1647 3709 1880 3781 quidam
1909 3727 1976 3766 ex
2005 3711 2085 3767 eis

487 3799 690 3854 additae
709 3798 816 3854 sibi
838 3798 1113 3853 mercedis
1134 3798 1508 3870 quantitatem
1532 3799 1902 3856 dimitterent.

559 3889 689 3944 CAP.
722 3889 859 3942 V.-
891 3887 1123 3943 Discens
1151 3904 1282 3960 vero
1311 3889 1614 3960 aliquando
1654 3888 1861 3944 iterum
1886 3889 1978 3946 ille
1997 3895 2087 3946 ter

487 3978 660 4042 dives,
689 3977 837 4050 quod
853 3977 1081 4048 quidam
1103 3977 1368 4048 injuriam
1385 3982 1716 4049 paterentur
1727 3977 1798 4033 ab
1823 3979 2084 4034 adversa-

485 4066 588 4122 riis
615 4066 752 4132 suis,
786 4071 844 4120 et
871 4066 1120 4121 volentes
1149 4065 1304 4120 adire
1341 4067 1701 4134 eum,timore
1731 4069 2087 4124 cancellario-

476 4163 616 4210 "rum
643 4159 700 4208 et
719 4153 962 4210 ecclesiae
990 4153 1345 4208 defensorum
1369 4153 1484 4224 (2‘2)
1511 4159 1681 4226 atque
1706 4155 1756 4210 ei
1777 4158 2086 4213 astantium

487 4243 1323 4318 prohiberentur,consideravit
1346 4244 1460 4297 tale
1491 4243 1625 4315 quid
1641 4245 1756 4299 Deo
1795 4252 2085 4318 acceptum

489 4332 781 4404 negotium
813 4351 826 4400 ;
860 4337 918 4386 et
945 4337 1146 4404 quarta
1179 4337 1235 4387 et
1263 4338 1418 4386 sexta
1448 4333 1588 4388 feria
1625 4333 1845 4406 publice
1871 4353 2086 4408 ponens

2164 3193 2392 3249 pascere
2417 3174 2809 3230 rationabilem
2829 3191 3058 3245 gregem
3069 3179 3230 3228 tuum
3241 3173 3508 3243 dignatus
3522 3188 3608 3226 es.
3644 3171 3768 3226 Mox

2165 3282 2298 3336 ergo
2337 3264 2800 3336 pusillanimitate
2821 3263 2974 3317 omni
2995 3261 3545 3334 deposita,gaudiu‘m
3577 3260 3639 3314 in
3667 3260 3766 3313 hu-

2163 3355 2401 3410 militate
2447 3354 2691 3408 multum
2734 3353 2817 3407 illi
2845 3352 3042 3408 adﬁxit.
3067 3353 3226 3406 Hunc
3253 3367 3384 3406 vero
3413 3353 3498 3419 (ut
3524 3350 3762 3422 quidam

2165 3443 2352 3515 aiunt)
2377 3443 2436 3498 in
2463 3444 2566 3498 hoc
2593 3443 2847 3497 imitatus
2877 3448 2963 3496 est
3005 3441 3427 3505 Constantinus,
3489 3439 3590 3510 qui
3643 3443 3770 3510 post

2168 3533 2488 3588 Heraclium
2511 3533 2907 3604 imperatorem
2937 3531 3168 3598 exstitit,
3189 3532 3348 3602 cujus
3367 3534 3426 3584 et
3453 3528 3609 3583 ﬁlius
3626 3533 3764 3582 erat.

2238 3623 2370 3678 ΟΑΡ.
2402 3622 2497 3678 VI.
2525 3652 2594 3662 —
2615 3623 2797 3692 Hujus
2825 3621 3002 3676 sancti
3034 3619 3366 3692 patriarchae
3411 3617 3769 3690 temporibus

2168 3711 2531 3766 ascendentes
2551 3712 2734 3766 Persae
2769 3709 2882 3783 (‘24)
2908 3711 3328 3782 captivaverunt
3361 3713 3417 3763 et
3453 3704 3769 3778 depraedati

2168 3806 2304 3856 sunt
2353 3800 2592 3873 Syriam.
2643 3801 2839 3872 Itaque
2869 3817 3010 3872 pene
3065 3816 3259 3854 omnes
3291 3797 3386 3870 qui
3417 3795 3770 3868 effugiebant

2167 3906 2371 3944 manus
2390 3889 2786 3954 Persarum,ad
2805 3906 3008 3944 nomen
3021 3889 3191 3961 hujus
3210 3895 3298 3942 ter
3313 3887 3769 3957 beati,tanquam

2167 3979 2237 4032 ad
2269 3984 2496 4051 portum
2537 3979 2659 4034 sine
2689 3980 2863 4033 fluctu
2927 3977 3310 4044 accurrebant,
3369 3975 3440 4031 ab
3469 3991 3537 4030 eo
3568 3980 3629 4029 et
3660 3973 3767 4045 ipsi

2167 4069 2437 4140 suffragio
2463 4074 2519 4123 et
2549 4068 2900 4140 susceptione
2936 4067 3149 4140 perfrui
3195 4066 3564 4138 postulantes.
3612 4065 3766 4129 Quos

2167 4155 2364 4212 beatus
2379 4158 2484 4213 iste
2505 4158 2745 4230 hospitio
2774 4157 3098 4230 recipiebat,
3131 4162 3189 4211 et
3216 4155 3616 4212 consolabatur
3657 4170 3768 4209 non

2167 4252 2436 4320 tanquam
2458 4247 2825 4320 captivos,sed
2847 4247 3006 4319 quasi
3027 4253 3228 4301 natura
3245 4245 3518 4300 veraciter
3536 4245 3764 4298 fratres.

2167 4337 2446 4394 Continuo
2469 4354 2602 4407 ergo
2619 4337 2872 4408 plagatos
2889 4336 3114 4407 quidem
3145 4341 3202 4390 et
3228 4336 3482 4390 inﬁrmos
3500 4333 3562 4388 in
3589 4350 3767 4388 xeno-

488 4423 686 4480 sellam
708 4427 766 4478 et
792 4421 904 4477 duo
925 4437 1171 4487 scamna,
1201 4421 1432 4476 sedebat
1459 4427 1591 4477 ante
1625 4424 1932 4491 ecclesiam,
1967 4427 2081 4480 col-
2103 4456 2150 4515 D
2169 4426 2384 4482 dochiis
2413 4432 2470 4481 et
2498 4426 2833 4480 nosocomiis
2870 4425 3001 4480 fecit
3028 4425 3374 4486 recumbere,
3432 4422 3766 4496 przecipiens

485 4514 723 4586 loquens
735 4511 1069 4584 quibusdam
1090 4511 1335 4566 strenuis
1359 4511 1613 4575 viris,aut
1627 4518 1820 4568 sancta
1832 4515 2081 4587 Evange-
2103 4511 2140 4515 ⁷
2169 4532 2363 4570 curam
2393 4515 2474 4570 eis
2499 4521 2556 4569 et
2604 4515 2938 4570 medicinam
2981 4514 3160 4586 gratis
3188 4513 3438 4586 impendi
3472 4531 3485 4579 ;
3531 4517 3592 4566 et
3627 4518 3766 4566 tunc

483 4602 566 4658 lia
591 4617 708 4674 prae
723 4599 982 4656 manibus
997 4601 1438 4661 tenens,nullum
1459 4601 1602 4656 tanti
1625 4601 1874 4674 obsequii
1885 4620 2084 4676 appro-

485 4691 761 4766 pinquare
807 4690 912 4746 sibi
941 4691 1294 4764 permittens,
1357 4697 1584 4764 excepto
1633 4708 1746 4746 uno
1793 4692 2085 4748 defensore

489 4779 1045 4844 ecclesiae,licentiam
1065 4787 1122 4834 et
1144 4781 1541 4835 conﬁdentiam
1571 4781 1707 4837 dare
1729 4781 2004 4838 festinans
2023 4799 2084 4837 se

488 4870 645 4926 adire
671 4869 984 4925 volentibus
1007 4889 1020 4939 ;
1054 4869 1255 4942 quibus
1274 4876 1330 4926 et
1352 4870 1644 4926 confestim
1673 4871 1822 4944 quod
1851 4872 2083 4943 dignum

491 4963 740 5032 erut,per
757 4958 1004 5014 ecclesia:
1049 4959 1370 5015 defensores
1398 4959 1667 5028 faciebat;
1711 4965 1767 5016 et
1796 4961 2085 5034 praecipie-

489 5039 588 5106 bat
612 5053 677 5104 ut
700 5065 865 5104 nemo
877 5064 1068 5104 eorum
1087 5053 1362 5120 gustaret,
1377 5050 1748 5123 quoadusque
1758 5051 2088 5106 ordinarent

489 5137 904 5214 capitulum.Et
931 5137 1288 5194 audientibus
1317 5139 1540 5194 dicebat
1581 5159 1592 5193 :
1628 5140 1686 5196 Si
1702 5157 1804 5196 nos
1829 5140 2085 5196 homines

489 5231 809 5298 existentes,
841 5227 1270 5302 permissionem
1319 5245 1542 5301 semper
1571 5245 1672 5302 pro
1719 5229 2084 5302 petitionibus

488 5319 695 5376 nostris
721 5317 995 5374 habemus
1019 5317 1372 5390 ingrediendi
1401 5319 1631 5374 domum
1649 5318 1838 5386 Dei,et
1861 5320 2086 5392 petitio-

489 5426 588 5466 nes
609 5415 832 5466 nostras
861 5414 1024 5465 notas
1061 5407 1241 5464 facere
1271 5409 1341 5477 ei,
1365 5409 1622 5465 videlicet
1647 5409 1989 5466 intractabili
2017 5427 2083 5467 ac

489 5500 644 5557 omni
669 5504 940 5557 creaturae
959 5500 1421 5575 supereminenti,
1439 5505 1610 5574 atque
1631 5516 1860 5575 operam
1881 5502 2081 5558 damus

492 5603 601 5662 quo
627 5605 817 5662 preces
844 5595 1050 5648 nostrae
1077 5590 1440 5665 impleantur,
1472 5606 1576 5648 nec
1589 5605 1702 5647 non
1731 5597 1790 5648 et
1815 5607 2080 5664 rogamus

2169 4605 2681 4676 recedere,quando
2694 4604 3079 4676 unusquisque
3102 4620 3295 4659 eorum
3317 4601 3546 4676 propria
3572 4601 3768 4656 volun-

2168 4699 2286 4750 tate
2313 4695 2494 4749 vellet.
2530 4695 2736 4749 Eorum
2751 4710 2902 4760 vero,
2936 4695 3166 4765 quicum
3195 4693 3315 4746 sani
3329 4696 3523 4746 essent
3548 4697 3608 4744 et
3638 4707 3766 4762 ege-

2167 4783 2245 4851 ni,
2275 4781 2575 4838 veniebant
2605 4783 2675 4838 ad
2705 4799 2900 4853 regam
2919 4781 3318 4842 I25|.masculis
3333 4780 3560 4853 quidem
3574 4779 3767 4851 singu-

2165 4873 2250 4927 las
2279 4872 2514 4945 siliquas
2542 4871 2747 4939 dabat;
2777 4870 3308 4926 mulieribusautem
3338 4875 3394 4925 et
3413 4869 3766 4942 puellis,tan-

2167 4979 2336 5034 quam
2391 4961 2795 5018 inﬁrmioribus
2848 4960 3132 5026 membris,
3179 4959 3361 5014 binas.
3392 4959 3764 5014 Venientibus

2167 5058 2356 5108 autem
2386 5051 2722 5124 quibusdam
2753 5050 2962 5106 indutis
2977 5049 3324 5105 ornamentis
3347 5049 3533 5104 aureis
3557 5057 3615 5103 et
3629 5050 3762 5104 dex-

2164 5141 2487 5207 tralibus,et
2506 5139 2884 5214 quaerentibus
2904 5141 3335 5212 eleemosynam,
3354 5138 3679 5195 referebant
3697 5141 3762 5194 de

2167 5232 2248 5288 eis
2277 5231 2608 5305 patriarchae
2641 5229 2700 5285 hi
2737 5228 2941 5301 quibus
2961 5233 3086 5285 erat
3119 5245 3258 5300 roga
3283 5228 3608 5283 credita.Ad
3623 5246 3759 5301 quos

2155 5310 2364 5378 beatus
2391 5322 2486 5377 ille
2511 5327 2668 5377 torvo
2698 5320 2857 5375 oculo
2903 5336 2968 5375 ac
2995 5335 3191 5375 severa
3235 5335 3366 5374 voce
3397 5335 3556 5387 usus,
3587 5337 3760 5392 quan-

2165 5429 2336 5486 quam
2355 5411 2508 5468 mitis
2543 5415 2690 5468 esset
2718 5417 2776 5466 et
2801 5410 2953 5466 visus
2973 5409 3186 5474 hilaris,
3209 5409 3350 5465 dixit
3381 5427 3392 5463 :
3429 5408 3488 5464 Si
3529 5410 3754 5482 quidem

2161 5501 2394 5560 humilis
2421 5500 2672 5569 Joannis,
2707 5501 2822 5557 imo
2861 5499 3069 5558 Christi
3126 5499 3543 5573 dispensatores
3592 5500 3753 5555 vultis

2163 5610 2303 5662 esse,
2333 5592 2520 5649 divino
2553 5595 2831 5665 praecepto
2865 5590 2986 5647 sine
3039 5589 3342 5646 calliditate
3392 5588 3638 5658 obedite,
3669 5590 3752 5645 di-
