3912 6388
136 311 247 368 315

1056 314 1227 371 VITA
1262 314 1525 373 SANCTI
1563 315 1870 375 JOANNIS
1908 312 2517 374 ELEEMOSYNARII.

3331 307 3433 365 346

138 436 293 493 centi
324 452 337 490 ε
373 436 544 494 Omni
573 436 786 511 petenti
824 442 881 495 te
909 438 983 495 da
1014 441 1186 505 (Luca:
1201 444 1297 505 Vi).
1333 443 1391 499 Si
1433 448 1623 499 autem
1651 445 1993 506 ve-Adines
2023 444 2265 499 habente
2295 458 2361 499 ex
2389 444 2506 499 Deo
2534 440 2738 497 humili
2778 444 2817 506 1
2836 440 2961 507 83
2988 437 3180 494 anima
3206 453 3351 501 mea,
3368 432 3434 491 hi

136 528 370 582 nientes
407 528 626 584 curiose
671 530 1154 601 investigaveritis,
1204 532 1355 587 Deus
1400 535 1749 589 curiosorum

145 618 538 673 ministrorum
561 634 673 673 non
689 619 921 689 indiget,
952 636 1134 692 neque
1156 622 1384 677 humilis
1403 625 1645 679 Joannes
1692 625 1751 679 Si

147 707 299 762 enim
348 724 473 779 quae
511 709 719 764 dantur
746 726 871 763 mea
915 711 1234 774 existerent,
1271 717 1329 767 et
1356 729 1576 768 mecum
1618 720 1753 769 nata

149 802 357 864 essent,
404 798 642 853 fortasse
680 798 820 853 bene
852 800 912 853 in
949 800 1089 854 meis
1133 806 1301 855 tenax
1336 803 1652 858 existerem.
1694 804 1752 859 Si

148 903 283 942 vero
304 905 427 959 quae
454 889 664 943 dantur
682 888 783 943 Dei
802 890 1156 961 sunt,utique
1177 891 1235 945 in
1257 891 1371 945 suis
1407 899 1751 964 praeceptum

148 993 321 1032 suum
351 978 619 1032 custodiri
646 978 783 1033 vult.
829 978 886 1033 Si
917 984 1107 1033 autem
1130 997 1196 1033 ex
1234 981 1624 1036 incredulitate
1654 989 1753 1037 aut

148 1067 373 1121 modica
402 1068 510 1121 fide
540 1068 678 1122 illud
704 1068 933 1135 timetis,
966 1085 1035 1123 ne
1065 1069 1207 1124 forte
1227 1070 1528 1125 multitudo
1557 1087 1751 1127 eorum

151 1156 357 1228 quibus
386 1156 613 1223 dantur,
650 1158 1199 1230 superetintroitum
1230 1160 1614 1231 pecuniarum;
1650 1178 1752 1232 ego

148 1251 351 1302 vestrae
366 1247 584 1318 pusilla:
605 1247 734 1301 ﬁdei
751 1248 1153 1303 communicari
1174 1266 1285 1303 non
1303 1250 1503 1322 patior.
1529 1251 1750 1305 Etenim

150 1336 201 1390 si
232 1334 580 1407 beneplacito
608 1337 709 1391 Dei
739 1342 924 1392 actum
949 1345 1035 1393 est
1056 1344 1119 1392 ut
1147 1356 1326 1393 essem
1356 1356 1458 1410 ego
1488 1340 1751 1411 indignus

150 1425 507 1497 dispensator
528 1428 650 1496 ejus
670 1442 989 1494 munerum,
1015 1428 1060 1482 si
1082 1433 1236 1482 totus
1258 1430 1502 1484 mundus
1526 1446 1753 1501 congre-

148 1521 382 1585 garetur
399 1515 749 1570 Alexandria;
770 1516 1137 1588 eleemosynze
1163 1517 1753 1588 indigens,immensos

148 1603 448 1657 thesauros
466 1603 692 1659 Deinon
710 1606 1299 1678 angustabunt,neque
1317 1614 1568 1662 sanctam
1583 1609 1754 1663 eccle-

151 1708 316 1747 51am.

1832 534 2105 589 increduli
2133 534 2368 590 fortasse
2392 533 2556 588 hodie
2584 536 2876 598 venerunt,
2911 535 3071 585 etme
3099 529 3159 584 in
3171 526 3430 584 difﬁden-

1832 625 1970 680 tiam
2004 640 2191 679 secum
2226 624 2425 678 cadere
2456 622 2846 677 hortabantur.

1907 716 2036 769 Cxp.
2073 715 2221 769 VIII.
2259 745 2319 755 —
2351 713 2549 768 Adhuc
2581 710 2686 779 (‘28)
2714 711 2986 765 existente
3017 707 3213 763 eadem
3238 707 3431 779 populi

1833 804 2195 861 multitudine
2210 803 2265 857 in
2287 803 2531 865 civitate,
2559 802 2785 874 quidam
2801 799 3225 872 peregrinorum
3239 797 3431 852 videns

1832 900 2049 948 tantam
2082 895 2203 964 ejus
2232 892 2696 965 compassionem,
2724 890 2902 945 voluit
2925 895 3143 944 tentare
3168 904 3298 942 eum
3334 905 3346 953 ;
3379 891 3436 941 et

1834 984 2066 1038 indutus
2088 984 2422 1037 vestimenta
2443 989 2651 1047 vetera,
2671 981 2813 1035 adiit
2827 996 2976 1046 eum,
3011 982 3238 1033 euntem
3260 976 3331 1030 ad
3360 975 3437 1030 vi-

1835 1072 2087 1126 sitandos
2117 1072 2213 1143 qui
2255 1072 2313 1125 in
2342 1071 2661 1125 nosocomio
2687 1070 2969 1141 jacebant.
3011 1068 3104 1123 Bis
3136 1068 3286 1121 enim
3332 1080 3435 1138 per

1834 1161 2241 1216 hebdomadam
2274 1161 2358 1215 vel
2387 1166 2475 1215 ter
2496 1160 2614 1215 ibat
2642 1159 2790 1215 illuc.
2821 1159 2891 1214 Et
2905 1158 3040 1213 dicit
3058 1158 3128 1212 ad
3150 1172 3299 1211 eum:
3335 1154 3435 1209 Mi-

1833 1267 2018 1305 serere
2046 1251 2177 1317 mei,
2211 1250 2476 1321 quoniam
2504 1250 2753 1321 captivus
2774 1265 2921 1305 sum.
2949 1246 3096 1301 Dicit
3123 1242 3437 1300 datori:Da

1834 1341 1885 1394 ei
1915 1358 2009 1395 sex
2035 1340 2394 1395 numismata.
2430 1339 2644 1394 Deinde
2670 1355 2796 1393 cum
2818 1339 2941 1391 haec
2957 1333 3440 1406 accepisset,vadit

1836 1436 1893 1484 et
1923 1435 2107 1484 mutat
2136 1429 2412 1491 habitum.
2443 1435 2501 1483 et
2541 1428 2728 1483 obviat
2750 1427 2800 1481 ei
2833 1426 3079 1491 aliunde,
3117 1430 3174 1478 et
3203 1422 3443 1493 procidit

1836 1520 1906 1585 ei,
1934 1520 2126 1574 dicens
2151 1537 2161 1572 :
2190 1519 2458 1574 Miserere
2487 1518 2618 1585 mei,
2638 1518 2770 1589 quia
2790 1521 3063 1570 coarctor.
3090 1513 3237 1569 Dicit
3254 1512 3438 1567 denuo

1833 1609 2156 1680 patriarcha
2184 1608 2367 1663 datori
2393 1627 2403 1661 :
2438 1609 2523 1662 Da
2550 1608 2600 1661 ei
2633 1624 2727 1661 sex
2753 1622 3017 1661 nummos
3047 1619 3265 1658 aureos.
3293 1601 3436 1656 Cum

1835 1715 1968 1769 ergo
1998 1698 2152 1764 isset,
2187 1698 2323 1752 dicit
2360 1698 2455 1751 ille
2487 1696 2820 1752 distributor
2839 1695 2910 1749 ad
2940 1710 3136 1749 aurem
3168 1692 3316 1747 illius
3345 1706 3440 1762 pa-

226 1782 356 1837 Cxp.
386 1781 849 1856 VII.-Cumque
878 1783 1013 1840 istos
1043 1785 1398 1854 dimississet,
1429 1787 1748 1842 universam
1769 1769 1818 1831 Β
1837 1789 2094 1843 triarehae
2120 1807 2130 1842 :
2177 1788 2285 1842 Per
2315 1788 2599 1842 orationes
2641 1790 2789 1851 tuas,
2837 1784 3081 1849 domine,
3136 1782 3285 1836 idem
3315 1780 3437 1852 ipse

152 1888 278 1944 quae
336 1872 778 1928 circumdederat
815 1874 941 1928 illos
980 1874 1347 1931 defectionem
1380 1881 1437 1931 et
1475 1877 1753 1931 modicam

151 1961 324 2016 ﬁdem
355 1961 633 2028 scindens,
668 1962 1001 2045 loquebatur
1029 1965 1117 2019 his
1145 1966 1240 2037 qui
1270 1966 1323 2020 ei
1352 1966 1747 2033 consedebant,

152 2056 210 2105 et
236 2051 666 2107 admirabantur
676 2053 744 2107 de
764 2070 794 2107 a
813 2054 927 2107 Deo
940 2054 1073 2108 data
1094 2055 1544 2127 eieompassione
1567 2073 1577 2108 :
1607 2057 1749 2111 Cum

152 2140 722 2212 essem,inquiens,in
754 2143 937 2214 Cypro
953 2144 1136 2197 adhuc
1157 2146 1379 2214 juvenis
1401 2145 1560 2216 quasi
1581 2162 1754 2200 anno-

151 2245 280 2283 rum
309 2230 649 2301 quindecim,
672 2231 833 2285 video
863 2248 976 2287 una
997 2232 1246 2288 noctium
1274 2235 1332 2288 in
1363 2235 1573 2289 somnis
1601 2236 1754 2307 puel-

150 2319 267 2373 lam
287 2320 777 2391 quamdam,cujus
796 2322 1005 2393 species
1021 2339 1193 2393 supra
1208 2324 1381 2377 solem
1401 2324 1747 2395 Splendebat,

151 2414 410 2463 ornatam
438 2426 611 2481 supra
632 2426 857 2465 omnem
880 2412 1187 2466 humanum
1209 2429 1584 2484 sensum,quae
1604 2413 1756 2467 venit

153 2503 210 2553 et
239 2499 392 2553 stetit
423 2505 555 2553 ante
579 2500 783 2554 lectum
802 2517 1011 2565 meum,
1035 2507 1091 2556 et
1107 2502 1345 2572 pulsavit
1365 2519 1454 2556 me
1475 2502 1532 2556 in
1554 2504 1683 2557 latet
1701 2519 1749 2559 e.

153 2586 583 2659 Expergefaetus
609 2605 758 2655 vero,
791 2590 951 2644 video
982 2607 1106 2645 eam
1139 2592 1197 2645 in
1225 2592 1458 2646 veritate
1484 2598 1749 2658 stantem,

151 2682 209 2730 et
232 2677 502 2731 aestimavi
530 2695 655 2732 eam
676 2696 797 2733 esse
822 2680 1120 2733 mulierem
1144 2700 1156 2747 ;
1177 2682 1358 2751 figura
1380 2682 1554 2752 igitur
1574 2682 1755 2737 crucis

154 2766 430 2836 signatus,
454 2766 569 2821 dixi
598 2767 682 2821 ei:
717 2769 852 2832 Quae
883 2786 941 2823 es
970 2774 1033 2823 tu
1063 2768 1089 2823 ?
1134 2776 1190 2823 et
1226 2772 1504 2841 quomodo
1534 2788 1670 2825 ausa
1696 2788 1755 2825 es

151 2854 370 2910 intrare
399 2872 569 2927 super
596 2874 685 2911 me
716 2858 850 2912 dum
882 2859 1214 2913 dormirem?
1236 2860 1492 2915 Habebat
1520 2867 1577 2915 et
1604 2879 1757 2916 coro-

152 2945 369 3000 namde
397 2945 668 3000 olivarum
700 2948 870 3001 ramis
896 2965 1067 3019 super
1080 2954 1251 3020 caput
1283 2952 1638 3006 suum.Tunc
1660 2951 1757 3006 illa

151 3033 321 3088 hilari
350 3035 506 3089 vultu
528 3041 586 3089 et
603 3035 943 3091 subridcndo
974 3038 1137 3092 labiis
1157 3038 1294 3093 dicit
1313 3039 1470 3093 mihi:
1491 3040 1605 3111 Ego
1630 3058 1755 3095 sum

152 3124 593 3195 primafiliarum
615 3125 782 3196 regis.
807 3127 1062 3197 Cumque
1092 3128 1210 3181 haec
1232 3128 1532 3194 audissem,
1562 3130 1753 3184 statim

154 3212 385 3267 adoravi
432 3229 576 3267 eam.
623 3215 779 3269 Tunc
809 3214 943 3269 dicit
974 3215 1110 3270 mihi
1146 3234 1157 3270 :
1197 3217 1256 3271 Si
1307 3234 1396 3272 me
1443 3219 1756 3290 possederis

154 3301 416 3367 amicam,
477 3319 580 3373 ego
636 3308 694 3358 te
746 3304 947 3359 ducam
1003 3306 1061 3360 in
1110 3313 1412 3378 conspectu
1447 3308 1757 3381 imperato-

152 3390 251 3446 ris.
310 3390 530 3446 Etenim
579 3408 744 3447 nemo
792 3394 963 3450 habet
1009 3401 1345 3467 potestatem
1403 3398 1552 3469 apud
1604 3416 1752 3466 eum,

153 3480 307 3534 sicut
331 3496 453 3551 ego.
485 3481 599 3552 Ego
631 3482 836 3554 quippe
866 3484 968 3537 feci
999 3500 1127 3538 eum
1171 3485 1229 3539 in
1260 3485 1427 3539 terris
1471 3486 1755 3542 hominem

153 3569 281 3625 fieri
313 3576 369 3624 et
400 3571 618 3625 salvere
648 3568 923 3627 homines.
966 3573 1037 3628 Et
1063 3573 1179 3628 hzec
1206 3575 1415 3640 dicens,
1458 3576 1752 3647 disparuit.

154 3661 274 3730 Ego
306 3676 437 3713 vero
465 3660 525 3714 in
572 3662 967 3733 memetipsum
999 3681 1274 3732 reversus,
1309 3665 1556 3720 intellexi
1586 3667 1756 3720 visio-

152 3765 309 3813 nem,
339 3754 397 3803 et
419 3748 531 3803 dixi
555 3764 569 3799 ε
601 3750 1133 3825 Credo,Compassio
1163 3770 1227 3807 ac
1256 3754 1622 3826 Eleemosyna
1651 3762 1756 3825 est,

155 3843 215 3893 et
234 3838 363 3893 ideo
394 3836 565 3893 habet
593 3840 653 3893 in
681 3840 863 3912 capite
896 3858 960 3896 ex
990 3842 1147 3896 oliva
1176 3844 1323 3898 foliis
1355 3861 1641 3899 coronam.
1662 3846 1758 3899 Et-

154 3928 312 3982 enim
343 3928 616 3983 veraciter
627 3931 938 4002 eompassio
955 3937 1010 3986 et
1020 3930 1340 4002 benignitas
1356 3951 1489 4004 erga
1504 3934 1759 3990 homines

152 4018 341 4073 Deum
368 4033 536 4072 carne
567 4018 754 4073 vestiri
774 4019 919 4074 fecit.
955 4021 1156 4075 Statim
1186 4038 1318 4092 ergo
1340 4024 1535 4078 vestivi
1566 4042 1674 4090 me,
1705 4031 1762 4079 et

154 4106 382 4161 nullum
402 4107 750 4163 domusmeze
771 4109 1102 4167 exeitans.in
1132 4112 1420 4166 ecclesiam
1460 4113 1592 4169 abii.
1626 4115 1760 4169 Erat

154 4195 313 4249 enim
338 4195 458 4265 jam
490 4211 713 4250 aurora.
737 4198 805 4252 Et
833 4214 962 4253 cum
984 4199 1123 4253 irem
1139 4199 1357 4254 obviam
1378 4201 1539 4256 fratri
1554 4202 1759 4274 frigore

156 4285 389 4338 vexanti
432 4284 558 4354 (26),
604 4287 876 4358 expoliavi
914 4304 1004 4342 me
1042 4289 1372 4345 indumento
1411 4292 1661 4364 caprino,
1704 4300 1761 4348 et

157 4374 290 4429 dedi
316 4373 387 4438 ei,
412 4373 636 4447 dixique
676 4376 827 4431 intra
843 4394 932 4432 me
959 4396 969 4431 :
992 4379 1127 4433 Ecce
1157 4380 1214 4434 in
1244 4381 1348 4435 hoe
1369 4382 1540 4437 sciam
1570 4380 1761 4438 siuti-

1835 1878 2048 1949 aecepit
2073 1878 2337 1932 secundo.
2358 1877 2511 1931 Fecit
2538 1892 2668 1930 vero
2696 1875 2940 1946 seipsum
2960 1870 3283 1944 patriarcha
3306 1874 3434 1923 tan-
3520 1866 3533 1873 ’

1836 1985 2004 2040 quam
2038 1967 2296 2021 nesciret.
2325 1966 2495 2021 Venit
2522 1965 2711 2037 itaque
2738 1964 2905 2019 tertio
2927 1962 3134 2016 iterum
3156 1959 3429 2030 accipere,

1836 2063 1893 2112 et
1909 2057 2099 2128 tetigit
2118 2057 2281 2111 dator
2290 2056 2669 2128 patriarcham
2687 2054 2781 2125 qui
2800 2068 3002 2107 aurum
3020 2046 3437 2119 ferebat,signi-

1835 2148 2009 2201 fieans
2032 2147 2178 2218 quod
2196 2147 2314 2218 ipse
2336 2152 2501 2199 esset.
2525 2146 2679 2199 Tunc
2698 2142 2987 2215 respondit
3003 2141 3052 2195 ei
3076 2140 3175 2194 Dei
3197 2138 3432 2202 amicus,

1834 2236 1929 2291 ille
1959 2237 2233 2290 veraciter
2249 2235 2581 2289 misericors:
2608 2234 2692 2289 Da
2711 2232 2761 2287 ei
2788 2231 3081 2286 duodecim
3094 2228 3439 2284 numismata

1836 2343 1907 2381 ne
1937 2326 2081 2381 forte
2114 2325 2372 2380 Christus
2402 2341 2558 2378 meus
2588 2323 2678 2386 sit,
2714 2328 2771 2377 et
2795 2326 2977 2376 tentet
3004 2336 3113 2375 me.

1909 2417 2038 2470 CAP.
2067 2416 2162 2471 IX.
2190 2446 2253 2455 -—
2277 2415 2588 2469 Nauclerus
2619 2412 2847 2484 quidam
2868 2409 3199 2483 peregrinus
3227 2407 3438 2462 damna

1836 2504 2103 2576 pertulit;
2147 2509 2203 2559 et
2230 2504 2503 2558 accedens
2522 2503 2670 2557 hunc
2698 2502 2925 2556 beatum
2959 2500 3159 2563 virum,
3200 2496 3440 2568 rogabat

1838 2611 1967 2648 eum
1996 2593 2187 2648 multis
2225 2593 2504 2666 lacrymis,
2554 2597 2619 2646 ut
2646 2594 3062 2662 eompateretur
3101 2588 3172 2655 ei,
3206 2587 3352 2641 sicut
3380 2590 3437 2640 et

1838 2683 2098 2737 omnibus
2129 2683 2275 2737 aliis.
2322 2681 2704 2754 Praecepitque
2735 2697 2865 2735 eum
2898 2679 3149 2749 accipere
3180 2676 3433 2748 quinque

1838 2772 2010 2827 libras
2045 2773 2166 2827 auri
2214 2774 2467 2843 Cumque
2495 2770 2931 2843 aceepissethas,
2958 2768 3151 2822 abiens
3171 2766 3308 2819 emit
3336 2782 3436 2820 en-

1838 2863 2058 2917 thecam
2087 2861 2219 2930 (‘29),
2254 2869 2310 2916 et
2335 2861 2487 2916 misit
2505 2861 2563 2914 in
2594 2860 2801 2914 navim.
2826 2859 2949 2913 Mox
2978 2856 3181 2912 accidit
3198 2860 3263 2910 ut
3282 2860 3441 2910 extra

1839 2951 2211 3024 pharum(30)
2268 2950 2625 3021 naufragium
2668 2950 3028 3022 pertulisset;
3088 2947 3277 3002 navim
3308 2962 3439 3000 vero

1838 3058 1951 3096 non
1981 3041 2244 3113 perdidit.
2273 3040 2522 3095 Accessit
2549 3040 2755 3095 iterum
2779 3039 2849 3093 ad
2880 3054 3031 3103 eum,
3055 3038 3124 3091 de
3147 3036 3295 3090 bona
3316 3036 3439 3106 ejus

1839 3132 2125 3185 voluntate
2177 3147 2544 3203 praesumens,
2598 3135 2652 3183 et
2684 3128 2856 3183 dixit:
2902 3128 3167 3182 Miserere
3202 3124 3332 3189 mei,
3377 3129 3443 3179 ut

1837 3220 1988 3275 Deus
2018 3220 2213 3274 mundi
2243 3219 2507 3274 misertus
2537 3223 2641 3272 est.
2674 3218 2777 3272 Cui
2800 3216 2895 3270 ille
2925 3214 3245 3288 patriarcha
3273 3212 3435 3268 dixit:

1840 3310 2037 3373 Crede,
2062 3309 2252 3373 frater,
2282 3307 2388 3362 nisi
2417 3307 2736 3361 miscuisses
2766 3305 3017 3377 pecuniae
3045 3303 3289 3359 ecclesiae
3311 3302 3437 3357 illas

1840 3399 2105 3471 pecunias
2134 3415 2257 3470 quae
2285 3395 2386 3451 tibi
2415 3400 2824 3460 remanserant,
2858 3394 3180 3449 nullatenus
3206 3391 3438 3446 naufra-

1837 3489 1991 3559 gium
2033 3488 2379 3560 pertulisses.
2421 3487 2501 3541 De
2540 3484 2702 3539 malis
2743 3486 2896 3539 enim
2942 3482 3190 3538 habuisti
3237 3498 3352 3548 eas,
3383 3486 3440 3536 et

1839 3578 2071 3650 perdita:
2102 3582 2235 3632 sunt
2263 3593 2389 3631 cum
2416 3575 2495 3630 eis
2528 3583 2585 3630 et
2614 3592 2737 3646 quae
2766 3574 2994 3629 fuerunt
3019 3590 3085 3627 ex
3115 3571 3293 3627 bonis.
3325 3569 3437 3625 Ve-

1840 3685 1966 3721 rum
2002 3666 2265 3738 praecepit
2292 3666 2475 3719 denuo
2496 3665 2617 3718 dari
2652 3663 2702 3718 ei
2736 3664 2927 3718 decem
2957 3661 3129 3716 libras
3158 3661 3302 3727 auri,
3344 3660 3441 3713 de-

1841 3755 2186 3821 nuntians,ei
2204 3772 2273 3808 ne
2289 3754 2677 3808 eommiseeret
2688 3753 2767 3806 eis
2782 3752 2918 3806 alias
2941 3750 3437 3823 pecuniasEmens

1841 3852 2117 3918 pneterea
2145 3845 2457 3908 enthecam,
2482 3847 2542 3897 et
2569 3842 2839 3914 navigans
2877 3857 2990 3896 uno
3018 3840 3128 3905 die,
3158 3843 3323 3893 vento
3349 3855 3439 3893 va-

1842 3936 1955 3991 lido
1999 3936 2187 3998 flante,
2222 3936 2505 4006 projectus
2536 3939 2620 3988 est
2649 3933 2707 3987 in
2737 3938 2969 3997 terram;
3003 3936 3063 3986 et
3093 3929 3284 3984 omnia
3311 3945 3439 4001 per-

1842 4026 2002 4091 didit,
2048 4031 2106 4080 et
2140 4025 2319 4095 ipsam
2359 4040 2579 4089 navem,
2630 4027 2688 4080 et
2720 4039 2832 4077 non
2879 4026 3013 4076 sunt
3054 4020 3279 4075 salvatae
3328 4018 3439 4073 nisi

1843 4115 2047 4170 animae
2074 4120 2317 4169 tantum.
2350 4113 2541 4169 Voluit
2577 4130 2710 4185 ergo
2742 4130 2854 4185 pra:
2899 4110 3225 4167 confusione
3258 4114 3316 4163 et
3340 4125 3444 4163 an-

1838 4205 2191 4277 gustiaidem
2213 4205 2508 4259 nauclerus
2528 4221 2726 4258 necare
2763 4202 3010 4275 seipsum
3029 4220 3041 4269 ;
3059 4200 3156 4255 sed
3172 4198 3324 4255 Deus
3345 4197 3443 4271 qui

1842 4310 2066 4367 semper
2082 4294 2250 4349 saluti
2271 4295 2564 4349 hominum
2587 4293 2859 4366 providet,
2882 4291 3146 4347 revelavit
3159 4291 3265 4345 hoc
3274 4288 3440 4344 beato

1844 4385 2196 4457 patriarchae.
2232 4384 2301 4439 Et
2316 4401 2441 4439 eum
2456 4383 2707 4438 audisset
2726 4382 2872 4455 quod
2895 4381 3175 4437 acciderat
3190 4379 3260 4444 ei,
3295 4394 3443 4433 nun-

159 4478 272 4535 que
295 4479 429 4517 vera
458 4469 543 4518 est
568 4463 709 4520 visio
739 4482 907 4537 quam
929 4467 1060 4533 vidi,
1091 4484 1163 4522 an
1189 4469 1532 4525 daemoniaca
1577 4472 1645 4527 Et
1672 4490 1760 4527 ve-
1782 4458 1951 4530 Dtiat
1987 4476 2038 4529 ei
2091 4474 2282 4529 venire
2331 4474 2402 4528 ad
2448 4489 2507 4527 se
2538 4473 2679 4527 nihil
2705 4472 2934 4526 omnino
2974 4469 3257 4525 dubitans.
3283 4466 3442 4523 Tunc
3520 4534 3527 4539 _

156 4552 334 4607 ritate
351 4554 612 4619 testante,
631 4555 878 4610 necdum
898 4558 1185 4612 ecclesiam
1203 4561 1757 4631 comprehenderem,

159 4648 219 4697 et
246 4642 431 4696 subito
456 4642 683 4699 obvians
710 4646 849 4699 mihi
879 4646 1129 4718 quidam,
1160 4647 1301 4702 albis
1331 4649 1561 4705 indutus
1591 4653 1761 4708 vesti-

158 4731 287 4793 bus,
314 4732 413 4787 dat
434 4733 571 4787 mihi
600 4733 901 4806 ligaturam
928 4735 1043 4806 (27)
1074 4742 1300 4793 centum
1327 4741 1757 4811 numismatum,

160 4820 389 4876 dicens:
418 4822 619 4894 Accipe
649 4822 787 4891 haec,
818 4824 1015 4892 frater,
1051 4833 1108 4881 et
1136 4827 1400 4899 dispensa
1427 4836 1491 4885 ut
1524 4831 1621 4884 vis.
1648 4831 1762 4902 Ego

161 4915 357 4966 autem
390 4928 502 4983 prae
529 4913 735 4984 gaudio
762 4916 955 4969 statim
985 4916 1104 4971 haec
1133 4918 1464 4990 suscipiens,
1506 4937 1763 4976 reversus

160 5016 313 5065 sum,
346 5001 538 5057 volens
563 5003 796 5058 reddere
816 5004 867 5059 ei
897 5003 1203 5077 ligaturam
1234 5008 1409 5075 illam,
1434 5010 1594 5081 quasi
1622 5010 1763 5066 nihil

161 5089 446 5161 indigens,
489 5097 547 5145 et
574 5092 816 5165 amplius
857 5110 969 5149 non
1006 5095 1119 5150 vidi
1162 5097 1428 5169 aliquem.
1469 5099 1625 5154 Tune
1652 5099 1765 5155 dixi

161 5178 344 5234 mihi:
377 5179 668 5235 Veraciter
698 5194 812 5237 non
860 5189 982 5238 erat
1009 5185 1321 5256 phantasia.
1357 5187 1435 5243 Ex
1491 5186 1587 5241 illa
1632 5205 1765 5259 ergo

163 5269 302 5324 hora
332 5285 480 5342 saepe
532 5269 737 5325 dabam
788 5273 1000 5344 aliquid
1035 5274 1318 5343 fratribus,
1373 5280 1430 5331 et
1461 5276 1714 5332 dicebam
1749 5296 1761 5332 :

157 5357 377 5413 Videbo
402 5359 450 5414 si
481 5359 673 5415 mittat
704 5361 855 5417 Deus
885 5364 1044 5430 mihi,
1078 5369 1145 5419 ut
1173 5364 1331 5433 dixit,
1373 5366 1655 5439 eentupla.
1697 5367 1767 5424 Et

158 5465 286 5505 cum
302 5455 618 5505 tentassem
636 5451 955 5520 Dominum,
982 5454 1356 5523 malefaciens,
1373 5461 1430 5511 et
1449 5456 1766 5513 satisfactus

162 5556 344 5599 essem
370 5541 609 5598 diversis
647 5543 827 5601 modis
860 5561 963 5618 per
989 5562 1083 5603 eas
1113 5563 1223 5615 res,
1255 5546 1405 5604 dixi:
1440 5548 1627 5615 Cessa,
1658 5548 1768 5603 mi-

162 5648 285 5689 sera
299 5633 793 5701 anima,tentando
810 5635 1221 5694 intentabilem.
1235 5638 1526 5710 Totigitur
1540 5638 1768 5695 certitu-

1843 4565 2085 4637 aspersit
2102 4581 2161 4618 se
2181 4563 2426 4634 pulvere,
2455 4567 2511 4615 et
2530 4562 2779 4616 tunicam
2806 4560 3084 4623 scindens,
3110 4557 3437 4611 indecenter

1844 4653 2061 4708 accedit
2088 4652 2158 4708 ad
2185 4669 2334 4706 eum.
2361 4651 2615 4722 Cumque
2628 4650 2855 4704 vidisset
2873 4665 3001 4703 eum
3025 4647 3083 4702 in
3111 4646 3211 4701 tali
3243 4644 3441 4699 habitu

1843 4743 1939 4797 ille
1970 4746 2214 4805 sanctus,
2247 4738 2537 4809 redarguit
2557 4753 2706 4801 eum,
2732 4743 2789 4791 et
2813 4736 2972 4791 dixit:
3001 4735 3336 4790 Misereatur
3354 4733 3441 4789 tui

1843 4831 2119 4888 Dominus
2139 4828 2464 4883 benedictus
2480 4826 2834 4883 Deus.Credo
2855 4826 2904 4881 ei
2923 4826 3071 4898 quod
3091 4822 3160 4879 ab
3172 4825 3447 4879 hodierna

1847 4922 1937 4977 die
1960 4934 2315 4992 nequaquam
2347 4917 2707 4989 naufaagium
2737 4917 2972 4981 incidas,
2997 4931 3289 4987 usquequo
3321 4930 3443 4969 mo-

1845 5010 2155 5066 riaris.lloe
2183 5025 2312 5063 vero
2338 5006 2439 5062 tibi
2460 5005 2753 5078 contingit,
2786 5024 2851 5062 eo
2884 5006 3031 5080 quod
3062 5012 3119 5061 et
3147 5005 3269 5078 ipsa
3284 5004 3444 5059 navis

1846 5084 1945 5157 tua
1965 5118 2031 5154 ex
2055 5097 2332 5171 injustitia
2353 5102 2503 5152 esset
2523 5113 2796 5169 possessa.
2813 5096 2938 5152 Mox
2953 5113 3086 5168 ergo
3103 5094 3275 5167 jussit
3294 5093 3443 5149 tradi

1849 5191 1899 5245 ei
1930 5206 2102 5245 unam
2143 5204 2406 5259 magnam
2437 5186 2643 5251 navim,
2675 5187 2900 5258 plenam
2932 5185 3213 5241 frumento
3243 5181 3441 5254 viginti

1848 5279 2088 5335 millium
2102 5277 2442 5343 modiorum,
2460 5275 2529 5331 de
2547 5275 2659 5331 illis
2685 5275 2920 5330 navibus
2944 5271 3443 5346 quaesanctissimaa

1849 5369 2092 5424 ecclesia:
2138 5366 2400 5439 subjectae
2438 5364 2859 5423 ministrabant.
2916 5363 3098 5430 Quam
3144 5361 3440 5434 recipiens,

1850 5459 1987 5515 exiit
2017 5456 2372 5526 Alexandria;
2397 5461 2453 5512 et
2471 5453 2921 5528 affirmabatipse
2956 5453 3272 5520 nauclerus,
3298 5469 3448 5509 asse-

1848 5566 2049 5605 verane
2069 5564 2084 5605 :
2115 5548 2330 5621 Viginti
2358 5547 2555 5604 diebus
2575 5564 2639 5602 ac
2659 5545 2914 5602 noctibus
2942 5543 3259 5601 vehementi
3278 5549 3444 5600 vento

1850 5639 2380 5712 navigavimus,non
2392 5638 2640 5695 valentes
2652 5635 2879 5694 omnino
2902 5635 3044 5693 scire
3061 5651 3172 5707 quo
3183 5634 3442 5700 issemus,
