3912 6386
507 277 614 336 347

1522 275 1618 332 DE
1652 273 1842 331 VITIS
1879 268 2177 330 PATRUM
2210 266 2428 330 LIBER
2462 269 2754 328 PRIMUS.

3681 268 3790 329 348

509 423 695 480 neque
715 422 816 480 per
850 404 1059 462 stellas.
1080 418 1263 476 neque
1276 416 1380 476 per
1406 401 1548 466 loca,
1581 404 1808 472 excepto
1829 398 1977 472 quod
1999 415 2101 470 gu-
2115 399 2166 461 Α
2181 401 2240 455 et
2261 396 2402 454 dixit
2428 395 2539 454 eis:
2566 396 2715 462 Quot
2735 393 2908 452 libras
2951 393 3183 452 dedistis
3210 393 3294 451 illi
3333 393 3432 469 qui
3454 393 3530 452 ad
3557 409 3655 450 me
3685 409 3784 451 ac-

508 496 780 552 bernator
796 495 1016 551 videbat
1037 493 1193 549 illum
1212 493 1590 565 patriarcham
1608 507 1797 546 secum
1816 495 2102 544 tenentem

509 592 812 651 temonem,
855 591 912 640 et
930 585 1208 639 dicentem
1231 583 1376 638 sibi:
1418 583 1502 637 Ne
1527 582 1744 646 timeas,
1778 579 1918 634 bene
1947 577 2103 633 navi-

511 692 633 746 gas.
659 676 837 746 Igitur
865 679 991 746 post
1019 673 1346 744 vigesimam
1376 671 1525 726 diem
1553 669 1919 742 apparuimus
1945 669 2003 722 in
2022 667 2105 722 in-

508 765 648 819 sulis
681 763 1013 831 Britanniae;
1041 767 1099 817 et
1117 761 1582 817 descendentibus
1603 759 1760 815 nobis
1787 759 1844 813 in
1869 763 2099 821 terram,

508 853 824 908 invenimus
835 853 948 906 illic
961 852 1167 907 famem
1181 851 1608 922 magnam.Cum
1625 866 1760 920 ergo
1772 848 2104 904 dixissemus

507 943 692 1014 primo
707 941 1121 1012 civitatis,quod
1133 941 1477 996 frumentum
1497 939 1556 994 in
1584 939 1711 993 navi
1728 944 2100 1010 portaremus,

509 1031 680 1086 dixit:
715 1031 864 1086 Bene
893 1031 1042 1086 Deus
1071 1030 1304 1085 adduxit
1329 1046 1444 1084 vos.
1470 1027 1754 1099 Quidquid
1784 1028 1968 1095 vultis,
2009 1027 2105 1082 eli-

505 1120 622 1192 gite
648 1139 660 1187 ;
685 1125 786 1175 aut
813 1135 914 1192 per
941 1120 1194 1190 singulos
1221 1119 1438 1174 modios
1468 1117 1751 1174 numisma
1778 1134 1972 1184 unum,
2007 1123 2107 1172 aut

509 1209 760 1280 ejusdem
782 1209 1045 1281 ponderis
1069 1208 1302 1280 accipite
1325 1207 1899 1278 stannum.Elegimus
1915 1207 2104 1278 itaque

508 1298 802 1353 dimidium
825 1299 921 1364 sic,
957 1304 1012 1352 et
1037 1298 1330 1352 dimidium
1346 1297 1442 1352 sic.
1470 1297 1606 1351 Rem
1629 1301 1818 1350 autem
1847 1295 2002 1351 vadit
2017 1295 2104 1350 di-

509 1405 635 1442 cere
663 1405 867 1453 sermo,
916 1387 1221 1459 inexpertis
1254 1403 1548 1442 munerum
1581 1386 1681 1441 Dei
1719 1384 2103 1440 incredibilem

509 1476 736 1548 quidem
755 1481 812 1531 et
840 1476 960 1530 sine
991 1477 1118 1543 ﬁde,
1143 1477 1232 1531 his
1248 1493 1376 1530 vero
1399 1476 1492 1548 qui
1513 1474 1913 1547 experientiam
1931 1475 2103 1528 mira-

507 1565 619 1620 culi
651 1566 774 1635 ejus
794 1564 1020 1632 habent,
1047 1565 1371 1620 credibilem
1410 1571 1582 1635 atque
1612 1569 1920 1634 acceptam.
1961 1561 2104 1617 Navi

506 1660 779 1726 praeterea
807 1654 1201 1709 Alexandriam
1246 1671 1370 1712 cum
1403 1653 1610 1725 gaudio
1647 1669 1869 1707 reversa
1897 1651 2105 1723 quievi-

2183 487 2386 543 cessit?
2421 485 2527 552 Qui
2551 487 2841 542 dixerunt:
2867 485 3124 550 Domine,
3141 485 3383 558 utjussit
3400 483 3789 540 sacratissima

2184 578 2454 633 sanctitas
2483 583 2684 640 vestra,
2719 575 3036 648 quindecim
3066 575 3254 630 libras.
3303 576 3448 631 Cum
3474 580 3675 630 autem
3694 589 3785 628 co-

2182 665 2466 738 gnovisset
2491 683 2592 740 per
2613 665 3020 721 inhabitantem
3045 665 3104 720 in
3130 681 3190 720 se
3215 665 3485 736 gratiam.
3505 664 3636 720 illos
3667 679 3786 719 esse

2185 755 2706 820 mentitos,adducit
2725 772 2854 810 eum
2875 755 2971 827 qui
2987 759 3297 826 acceperat,
3331 760 3392 809 et
3412 752 3788 826 interrogavit

2187 861 2316 900 eum
2355 844 2486 917 quid
2536 844 2864 916 accepisset?
2899 843 3002 899 lllo
3026 859 3158 898 vero
3183 842 3404 898 dicente
3431 841 3690 914 quinque
3717 840 3786 896 li-

2188 932 2336 1002 bras,
2367 933 2654 1006 proferens
2675 933 2745 989 de
2774 931 3105 987 honoranda
3123 947 3297 986 manu
3323 947 3429 986 sua
3441 931 3539 986 ille
3554 937 3783 987 sanctus

2185 1023 2478 1094 pittacium
2502 1021 2633 1091 (37),
2667 1021 2816 1093 quod
2834 1020 2941 1076 sibi
2968 1021 3242 1076 traditum
3269 1020 3477 1087 fuerat,
3510 1019 3656 1075 dixit
3684 1019 3780 1074 eis:

2184 1113 2233 1166 A
2255 1111 2406 1166 vobis
2421 1111 2679 1182 exquirat
2701 1112 2854 1167 Deus
2881 1116 2938 1166 et
2965 1110 3061 1165 illa
3085 1110 3199 1164 alia
3216 1109 3409 1166 decem
3431 1109 3779 1174 centenaria,

2188 1201 2453 1273 quoniam
2483 1201 2530 1255 si
2559 1199 2854 1255 dedissetis
2873 1199 3190 1274 quindecim
3211 1199 3401 1265 libras,
3426 1207 3494 1254 ut
3506 1197 3656 1254 dixit
3677 1199 3780 1254 hu-

2187 1290 2398 1346 militas
2431 1307 2576 1355 mea,
2595 1289 2690 1361 qui
2713 1289 2906 1344 attulit
2925 1289 3172 1361 quinque
3189 1287 3531 1354 centenaria,
3551 1287 3787 1360 quinde-

2185 1381 2293 1434 cim
2315 1379 2479 1434 daret
2521 1380 2590 1434 Et
2602 1384 2666 1433 ut
2683 1384 2867 1433 certos
2891 1394 2988 1432 vos
3007 1377 3226 1444 faciam,
3250 1377 3481 1433 mittens
3505 1377 3782 1432 adducam

2186 1486 2310 1541 quae
2341 1469 2443 1524 has
2469 1468 2678 1523 attulit.
2712 1468 2782 1522 Et
2804 1467 3036 1522 mittens
3065 1466 3207 1522 duos
3234 1465 3584 1522 venerabiles
3614 1466 3779 1532 viros,

2186 1564 2251 1612 ut
2277 1558 2617 1613 accersirent
2642 1555 3006 1611 reverendam
3034 1555 3321 1622 feminam,
3353 1573 3476 1628 quae
3505 1555 3569 1610 in
3597 1554 3786 1628 bapti-

2186 1647 2356 1702 sterio
2395 1646 2686 1718 pittacium
2718 1645 2770 1699 ei
2809 1649 3152 1718 porrexerat.
3196 1645 3286 1700 cui
3325 1651 3383 1700 et
3425 1645 3663 1708 indicat,
3698 1645 3784 1699 di-

507 1722 633 1801 inus
661 1743 719 1797 in
749 1743 1039 1816 Pentapoli
1083 1743 1224 1811 (3|);
1259 1750 1316 1798 et
1343 1722 1648 1815 asportavit
1692 1722 1988 1797 nauclerus
2031 1722 2315 1796 deBcens
2347 1754 2359 1790 :
2393 1734 2864 1798 Benedictionem,
2896 1739 3072 1806 quam‘
3094 1734 3244 1790 Deus
3292 1733 3398 1788 sibi
3435 1733 3785 1789 offerendam

505 1831 604 1886 illo
635 1837 858 1898 stanno,
889 1838 954 1888 ut
983 1833 1350 1888 venumdaret
1368 1833 1524 1888 illud.
1550 1831 1806 1886 Habebat
1825 1829 2100 1886 enimillic
2183 1825 2338 1880 misit
2364 1826 2423 1880 in
2451 1842 2547 1880 cor
2573 1831 2754 1890 tuum,
2785 1823 2970 1878 ferens
2997 1829 3202 1890 tecum,
3227 1823 3354 1878 veni
3383 1823 3452 1877 ad
3485 1823 3783 1878 humilita-

507 1921 802 1993 antiquum
841 1923 1053 1978 socium
1092 1923 1150 1978 in
1194 1922 1433 1994 negotiis
1478 1928 1763 1994 petentem
1795 1935 1862 1975 ex
1905 1919 2100 1974 eodem
2181 1919 2295 1970 tem
2323 1931 2526 1969 meam.
2559 1913 2692 1978 Quae
2719 1913 2926 1968 cursim
2943 1929 3197 1984 surgens,
3216 1911 3592 1984 apprehendit
3619 1911 3786 1967 vesti-

505 2014 728 2064 stanno.
747 2011 856 2066 Dat
873 2011 924 2067 ei
947 2015 1005 2066 in
1024 2027 1182 2067 sacco
1204 2011 1363 2083 quasi
1386 2011 1796 2082 quinquaginta
1813 2009 2006 2063 libras.
2029 2011 2105 2063 At
2181 2004 2277 2075 gia
2305 2002 2484 2058 sancti
2510 2003 2611 2057 viri
2640 2018 2754 2057 una
2781 2019 2908 2057 cum
2939 2001 3258 2074 quantitate
3287 2000 3433 2056 auri.
3467 2001 3611 2057 Cum
3647 2017 3782 2072 ergo

503 2093 600 2150 ille
631 2095 820 2150 volens
851 2095 1087 2167 probare
1115 2096 1357 2167 speciem
1389 2095 1435 2149 si
1457 2094 1603 2148 bona
1632 2099 1825 2160 essset,
1851 2094 2015 2148 solvit
2042 2094 2104 2148 il-
2185 2095 2521 2166 suscepisset
2563 2093 2657 2148 ille
2686 2093 3006 2164 patriarcha
3056 2091 3416 2158 oblationem,
3457 2096 3516 2147 et
3564 2097 3786 2146 orasset

505 2183 604 2238 lud
633 2184 692 2238 in
719 2184 867 2256 igne,
887 2191 943 2239 et
962 2185 1174 2239 invenit
1201 2189 1499 2255 argentum
1526 2183 2102 2255 purum.Putavitque
2185 2199 2356 2254 super
2385 2199 2534 2249 eum,
2567 2187 2626 2237 et
2653 2199 2822 2254 super
2850 2182 3028 2236 tilium
3060 2183 3182 2252 ejus
3211 2180 3575 2246 sufﬁcienter,
3604 2180 3778 2236 dixit:

503 2289 564 2327 se
594 2289 714 2327 esse
746 2279 1045 2340 tentatum,
1079 2278 1136 2328 et
1164 2273 1358 2328 retulit
1387 2272 1670 2326 eisaccum
1691 2272 1919 2327 dicens:
1953 2273 2102 2327 Deus
2184 2271 2426 2327 Obsecro
2455 2276 2532 2336 te,
2571 2286 2760 2325 nonna
2793 2267 2922 2336 (36),
2972 2269 3089 2324 haec
3106 2275 3326 2324 tantum
3373 2267 3600 2324 voluisti
3643 2268 3780 2323 dare

422 2397 432 2415 ρ
504 2361 798 2433 indulgeat
839 2362 957 2418 tibi.
1001 2362 1270 2434 Nunquid
1314 2362 1574 2416 invenisti
1613 2378 1704 2415 me
1734 2361 2098 2432 impostorem

505 2467 640 2522 erga
664 2457 739 2516 te,
761 2451 895 2523 quia
923 2451 1194 2506 tentando
1221 2456 1518 2522 argentum
1552 2468 1650 2522 pro
1670 2456 1870 2506 stanno
1893 2449 2099 2505 dedisti

505 2539 675 2594 mihi?
699 2541 1076 2612 Expavescens
1103 2557 1234 2595 vero
1275 2541 1345 2594 de
1370 2557 1627 2595 sermone
1652 2540 1748 2594 illo
1779 2539 2094 2605 nauclerus,

507 2626 673 2681 dicit:
715 2629 912 2696 Crede,
958 2646 1062 2700 ego
1103 2646 1203 2701 pro
1234 2634 1435 2684 stanno
1465 2629 1602 2683 illud
1649 2628 1848 2683 habeo.
1883 2629 1940 2684 Si
1968 2645 2098 2683 vero

502 2715 598 2770 ille
629 2717 724 2788 qui
745 2717 876 2772 fecit
893 2718 962 2772 de
992 2734 1140 2789 aqua
1183 2719 1370 2772 vinum
1394 2721 1572 2784 (Joan.
1599 2717 1686 2788 ιι),
1709 2717 1830 2789 ipse
1859 2734 1959 2788 per
1977 2734 2099 2772 ora-

502 2805 686 2860 tiones
705 2807 1038 2878 patriarcha:
1067 2807 1199 2862 fecit
1217 2811 1274 2861 et
1305 2812 1567 2861 stannum
1599 2813 1920 2877 argentum,
1958 2806 2097 2860 nihil

2183 2361 2405 2415 Christo
2449 2376 2522 2413 an
2547 2358 2700 2414 aliud
2730 2358 2970 2430 aliquid?
2998 2375 3124 2414 cum
3155 2364 3346 2413 autem
3373 2356 3648 2412 sensisset
3666 2356 3782 2412 dei-

2182 2449 2382 2515 ferum,
2415 2449 2554 2502 illud
2579 2448 2728 2520 quod
2756 2447 2964 2503 fecerat
2983 2447 3323 2518 cognovisse,
3345 2451 3594 2502 tremore
3623 2462 3778 2501 com-

2180 2555 2390 2610 pressa,
2416 2537 2557 2591 dixit
2580 2553 2592 2590 :
2625 2538 2734 2592 Per
2758 2543 2982 2592 sanctas
3010 2536 3223 2592 domini
3262 2535 3374 2591 mei
3399 2535 3780 2600 orationes,“

2179 2633 2435 2682 sanctum
2458 2643 2644 2680 meum
2675 2627 2938 2682 Mennam
2960 2625 3088 2694 (37),
3113 2625 3432 2698 quindecim
3452 2624 3780 2680 centenaria

2180 2717 2514 2788 scripseram
2553 2717 2612 2770 in
2646 2715 2912 2787 pittacio;
2945 2721 3004 2770 et
3031 2721 3162 2770 ante
3194 2731 3366 2770 unam
3411 2715 3615 2769 horam
3648 2730 3776 2769 cum

2179 2810 2387 2859 starem
2420 2803 2478 2858 in
2507 2805 2723 2876 synaxi,
2755 2809 2819 2858 ut
2861 2805 3054 2859 darem
3084 2805 3190 2859 hoc
3207 2802 3312 2858 tibi
3349 2803 3592 2858 Domino
3625 2819 3773 2871 meo,

505 2893 735 2950 mirum.
770 2897 838 2950 Et
866 2901 930 2951 ut
968 2895 1228 2962 satisﬁas,
1277 2895 1402 2950 veni
1433 2896 1502 2950 ad
1532 2895 1736 2960 navim,
1791 2901 1849 2949 et
1887 2895 2098 2950 videbis
2179 2894 2487 2949 dissolvens
2526 2895 2684 2961 illud,
2715 2895 3036 2966 importune
3054 2893 3186 2965 legi.
3215 2894 3330 2964 Ego
3355 2893 3507 2948 enim
3536 2893 3772 2964 indigna

505 2989 708 3038 caetera
745 2985 909 3040 istius
947 2985 1159 3040 metalli
1188 2985 1356 3052 socia,
1397 2985 1544 3056 quod
1573 2983 1854 3056 accepisti.
1886 2985 2097 3039 Ascen-
2123 3043 2161 3056 Α
2179 2983 2384 3038 ancilla
2411 2989 2512 3038 tua
2540 2983 2740 3055 scripsi
2777 2983 2882 3038 hoc
2901 2983 3130 3056 pr0pria
3151 2999 3345 3048 manu,
3379 2986 3438 3036 et
3459 2981 3655 3036 inveni
3677 2982 3774 3037 de-

502 3073 699 3128 dentes
724 3073 934 3144 itaque,
974 3075 1311 3129 invenerunt
1337 3043 1600 3128 stannum
1629 3043 1927 3144 argentum
1957 3073 2099 3144 opti-
2119 3043 2299 3128 ccem
2329 3073 2514 3127 deleta
2549 3089 2584 3128 a
2610 3043 2812 3144 seipse.
2836 3043 3342 3143 Tunc-stupefacta.
3361 3071 3515 3125 intra
3540 3077 3776 3127 memet-

499 3178 656 3217 mum
682 3162 910 3219 factum.
939 3164 1008 3218 Et
1035 3180 1148 3218 non
1178 3169 1263 3218 est
1292 3163 1650 3236 peregrinum
1677 3162 2032 3228 miraculum,
2063 3179 2096 3216 ο
2177 3161 2377 3234 ipsam,
2409 3161 2520 3217 dixi
2555 3179 2566 3215 :
2616 3162 2822 3232 Utique
2859 3177 2972 3216 non
3000 3165 3088 3216 est
3121 3161 3380 3215 voluntas
3406 3159 3510 3214 Dei
3544 3165 3614 3216 ut
3644 3160 3770 3216 dem

499 3253 868 3325 philochristi.
901 3254 1007 3319 Qui
1035 3253 1182 3308 enim
1221 3253 1468 3326 quinque
1499 3269 1670 3325 panes
1703 3251 2098 3324 multiplicavit
2177 3250 2282 3304 nisi
2314 3251 2579 3322 quinque.
2610 3249 2940 3304 Dimittente
2959 3255 3149 3304 autem
3170 3248 3492 3320 patriarcha
3519 3265 3774 3306 reveren-

503 3345 682 3409 (Joan.
715 3346 810 3411 v1),
845 3349 902 3398 et
929 3360 1126 3398 rursus
1149 3360 1355 3416 aquam
1377 3342 1606 3415 Egypti
1625 3341 2094 3396 transmutavitin
2177 3339 2307 3393 dam
2338 3339 2490 3393 illam
2536 3339 2824 3404 feminam,
2851 3336 3174 3393 ceciderunt
3210 3337 3282 3392 ad
3310 3337 3480 3410 pedes
3527 3339 3656 3410 ejus
3688 3338 3772 3394 di-

499 3431 1040 3502 sauguinem(E:codi
1061 3431 1177 3503 vn),
1204 3439 1261 3488 et
1279 3432 1564 3502 virgamin
1585 3435 2096 3503 serpentemtrans-
2175 3434 2550 3500 spensatores,
2592 3428 2689 3500 qui
2730 3427 3042 3498 trangressi
3078 3431 3213 3482 sunt
3239 3426 3588 3482 voluntatem
3628 3429 3768 3500 ejus,

497 3521 754 3587 mutavit,
781 3527 837 3578 et
861 3522 1151 3578 transtulit
1180 3523 1466 3576 ﬂammam
1495 3521 1553 3576 in
1582 3537 1768 3575 rorem
1802 3521 1962 3589 (Dan.
1986 3519 2088 3590 in),
2174 3522 2429 3590 petentes
2457 3516 2885 3588 indulgentiam,
2916 3521 2974 3571 et
3001 3515 3350 3572 afﬁrmantes
3391 3515 3533 3572 nihil
3563 3517 3683 3572 tale
3712 3533 3769 3572 se

498 3609 716 3666 facilius
753 3617 810 3666 et
838 3611 943 3666 hoc
971 3617 1088 3666 tam
1125 3611 1431 3683 gloriosum
1470 3609 1804 3664 miraculum
1828 3614 2092 3680 operatus
2172 3606 2410 3662 ulterius
2431 3611 2658 3661 acturos
2695 3605 2832 3661 fore.

496 3705 600 3765 est,
617 3705 893 3772 quatenus
915 3706 972 3756 et
986 3701 1260 3756 famulum
1273 3717 1436 3756 suum
1461 3706 1500 3766 Ι
1517 3705 1636 3766 μιῇ
1652 3699 1942 3764 ditaret,et
1955 3714 2092 3752 nau—
2245 3697 2376 3752 CAP.
2403 3697 2498 3752 XI.
2538 3726 2591 3736 -
2627 3696 2860 3750 Intuens
2901 3695 3102 3751 Niceta
3140 3694 3411 3768 patricius
3461 3693 3571 3766 (38)
3598 3695 3772 3768 hujus

496 3789 643 3845 clero
674 3791 1112 3846 misericordiam
1143 3807 1302 3845 suam
1330 3793 1641 3862 praestaret.
2171 3785 2277 3840 viri
2305 3785 2605 3842 virtutibus
2624 3785 2774 3858 pleni
2803 3784 3350 3857 magnanimitatem,
3373 3789 3433 3840 et
3450 3783 3572 3840 sine
3593 3785 3772 3857 parci-

567 3879 698 3934 CAP.
733 3881 802 3934 X.
836 3910 900 3920 -
932 3880 1314 3934 Descendente
1335 3877 1688 3933 sanctissimo
1708 3876 1816 3932 isto
1836 3876 1956 3930 viro
1984 3876 2090 3930 ali-
2171 3881 2290 3930 tate
2321 3891 2550 3930 manum
2581 3889 2905 3946 expansam,
2927 3881 2985 3930 et
3002 3879 3274 3946 tanquam
3295 3890 3362 3929 ex
3389 3872 3544 3928 fonte
3554 3875 3774 3945 jugiter

495 3967 719 4040 quando
738 3967 796 4022 in
823 3967 1114 4023 ecclesiam
1142 3967 1432 4023 Dominico
1461 3967 1571 4032 die,
1597 3967 1831 4022 accessit
1855 3966 1927 4020 ad
1957 3982 2088 4020 eum
2171 3964 2430 4020 omnibus
2439 3969 2798 4036 praestantem
2813 3963 3082 4019 instinctu
3094 3961 3464 4036 quorumdam
3477 3961 3769 4019 diabolum

493 4057 684 4122 homo,
714 4057 811 4127 qui
840 4058 1048 4112 multas
1064 4057 1389 4129 possederat
1404 4056 1726 4111 facultates:
1758 4061 1816 4110 et
1841 4054 1990 4110 fures
2006 4053 2090 4108 in-
2171 4053 2533 4119 imitantium,
2563 4052 2716 4108 subit
2740 4052 2812 4107 ad
2840 4059 3116 4119 sanctum,
3149 4058 3208 4108 et
3233 4051 3372 4107 dicit
3393 4051 3475 4106 ei:
3508 4051 3769 4124 Regnum

491 4144 674 4216 gressi
705 4145 936 4199 domum
965 4146 1107 4216 ejus,
1141 4145 1594 4216 despoliaverunt
1621 4161 1750 4199 eum
1798 4160 1977 4215 usque
2019 4143 2091 4198 ad
2172 4148 2443 4208 arctatur,
2475 4147 2534 4197 et
2551 4141 2788 4214 pecunia
2817 4146 2962 4212 eget.
2995 4143 3142 4207 Jam,
3174 4141 3309 4213 quia
3335 4141 3456 4196 sine
3493 4141 3771 4213 parcitate

496 4238 873 4288 stramentum
899 4252 912 4301 ;
937 4238 1137 4288 etcum
1175 4234 1355 4288 multa
1381 4233 1616 4304 quaestio
1657 4238 1802 4288 esset
1838 4233 2003 4300 facta,
2035 4238 2093 4287 et
2174 4237 2498 4307 erogantur.
2523 4247 2648 4303 quae
2673 4231 3002 4286 deferuntur
3025 4229 3126 4286 tibi
3145 4229 3414 4302 pecuniae,
3446 4229 3520 4284 da
3548 4246 3646 4285 eas
3666 4230 3768 4286 im-

494 4339 608 4378 non
636 4322 942 4378 invenisset
974 4323 1070 4394 qui
1100 4323 1216 4378 haec
1259 4327 1734 4395 perpetraverant,
1769 4322 2092 4394 compulsus
2172 4321 2348 4392 perio,
2371 4320 2444 4374 da
2474 4336 2569 4374 eas
2587 4319 2644 4374 in
2666 4319 2952 4392 publicum
2980 4319 3413 4375 saccellum.llle
3427 4335 3559 4374 vero
3581 4318 3768 4374 dehoc

495 4417 581 4467 est
608 4413 787 4468 multa
816 4412 986 4468 nimis
1013 4398 1364 4485 paupertate,
1395 4412 1683 4484 deprecari
1723 4429 1852 4467 cum
1881 4402 2315 4483 magnaunod
2343 4408 2768 4475 dictumfuerat,
2791 4407 3233 4481 imperturbatus
3251 4424 3508 4474 manens,
3534 4407 3677 4463 dicit
3695 4408 3768 4463 ad

492 4501 807 4558 reverentia
832 4502 1252 4558 sanctissimum
1280 4502 1439 4556 illum
1463 4501 1862 4574 patriarcham,
1896 4501 2088 4556 dicens
2169 4515 2298 4554 eum
2319 4517 2331 4552 :
2353 4499 2478 4554 Non
2486 4499 2706 4569 justum
2731 4503 2819 4553 est
2836 4503 2902 4553 ut
2921 4497 3183 4564 arbitror,
3203 4497 3430 4553 domine
3450 4496 3671 4569 patrici,
3701 4513 3768 4552 ea

491 4592 542 4648 ei
571 4597 624 4648 et
646 4592 1025 4648 calamitatem
1049 4609 1231 4648 suam.
1257 4592 1509 4647 llisertus
1527 4607 1662 4662 ergo
1680 4591 1829 4646 illius
1845 4591 2084 4645 multum
2169 4605 2292 4661 quae
2319 4605 2490 4660 super
2515 4587 2727 4642 caelesti
2754 4586 2894 4659 Regi
2922 4585 3112 4642 oblata
3139 4592 3291 4651 sunt,
3322 4586 3580 4642 terrestri
3605 4586 3762 4642 dare.

494 4682 698 4750 (fuerat
725 4682 874 4738 enim
913 4699 980 4738 ex
1015 4681 1341 4738 clarissimis
1382 4687 1440 4737 et
1459 4681 1677 4753 magnis
1721 4678 2081 4754 principibus)
2169 4677 2228 4734 Si
2254 4694 2384 4732 vero
2413 4681 2472 4731 et
2499 4677 2726 4732 omnino
2754 4676 2868 4731 tale
2888 4675 3100 4748 aliquid
3121 4675 3412 4746 judicasti,
3443 4676 3629 4742 crede,
3648 4676 3765 4732 hu-

492 4768 630 4824 dicit
659 4771 727 4824 ad
761 4788 961 4840 aurem
993 4771 1144 4827 illius
1171 4771 1262 4828 cui
1296 4788 1500 4827 aurum
1536 4771 1809 4826 creditum
1847 4775 1986 4836 erat,
2020 4774 2086 4825 ut
2165 4766 2316 4821 milis
2344 4767 2588 4822 Joannes
2618 4782 2684 4820 ex
2714 4765 2796 4820 eis
2824 4781 3121 4821 nummum
3150 4780 3262 4821 non
3291 4763 3451 4820 dabit
3475 4763 3581 4820 tibi
3617 4784 3630 4832 ;
3665 4765 3764 4820 sed

489 4858 652 4914 daret
679 4858 732 4913 ei
759 4860 1076 4932 quindecim
1095 4860 1266 4915 libras
1293 4861 1438 4916 auri.
1469 4862 1609 4916 Cum
1637 4865 1826 4914 autem
1852 4859 1955 4914 has
1982 4859 2084 4913 da—
2165 4872 2291 4910 ecce
2319 4855 2423 4910 sub
2467 4854 2670 4910 humili
2714 4855 2918 4910 lectulo
2956 4871 3082 4910 meo
3111 4858 3199 4910 est
3233 4853 3509 4926 apotheca
3531 4853 3761 4921 Christi,

487 4952 650 5003 turus
681 4947 880 5014 abiret,
903 4950 1274 5021 apprehendit
1300 4951 1595 5005 consilium
1639 4949 1940 5020 logothetze
1971 4947 2076 5019 (32)
2164 4949 2230 5000 ut
2262 4944 2504 5000 volueris
2525 4943 2629 4998 fac.
2650 4943 2901 5014 Surgens
2928 4943 3324 5016 itaquestatim
3351 4941 3645 5015 patricius,
3666 4959 3764 4996 vo-

487 5041 544 5092 et
573 5035 846 5091 (economi
879 5055 891 5102 ;
923 5042 978 5092 et
1009 5053 1074 5090 ex
1097 5035 1369 5093 diabolica
1396 5037 1720 5110 operatione
1745 5036 2077 5102 invidentes,
2160 5039 2253 5090 cat
2285 5034 2354 5089 de
2377 5033 2493 5092 suis
2520 5031 2842 5088 hominibus
2871 5032 2968 5105 qui
2999 5038 3223 5105 portare
3254 5031 3544 5098 deberent,
3568 5035 3631 5087 et
3653 5031 3755 5086 im-

485 5142 599 5182 non
628 5125 909 5180 dederunt
929 5125 980 5180 ei
1009 5125 1118 5180 nisi
1148 5127 1395 5199 quinque
1423 5126 1614 5182 libras.
1666 5127 1808 5182 Cum
1838 5141 1971 5196 ergo
1999 5141 2084 5178 re-
2163 5123 2323 5196 ponit
2357 5139 2528 5194 super
2553 5138 2649 5177 eos
2679 5120 2944 5194 pecunias
2967 5126 3138 5188 totas,
3174 5137 3289 5178 non
3323 5119 3654 5192 relinquens
3698 5136 3762 5176 ex

484 5220 799 5270 verteretur
843 5215 915 5270 de
961 5215 1192 5270 collecta
1215 5214 1330 5285 (33)
1369 5215 1518 5270 idem
1557 5213 2080 5270 honorabilissimus
2162 5213 2244 5268 eis
2265 5212 2374 5267 nisi
2394 5228 2570 5267 unum
2592 5211 2997 5279 centenarium,
3017 5211 3224 5266 Etcum
3242 5209 3654 5266 descenderent
3667 5208 3760 5282 qui

485 5305 960 5376 archiepiscopus,
973 5304 1074 5359 dat
1083 5305 1134 5358 ei
1151 5304 1208 5360 in
1220 5305 1441 5377 scriptis
1456 5304 1660 5362 mulier
1680 5303 1847 5358 vidua
1866 5301 2080 5358 habens
2161 5301 2462 5374 portabant
2471 5299 2794 5372 hujusmodi
2808 5299 3122 5372 pecuniam,
3141 5297 3520 5356 ascendebant
3529 5299 3762 5371 quidam

471 5395 713 5468 [unicum
741 5394 940 5462 ﬁlium,
975 5393 1237 5450 notitiam
1273 5395 1422 5450 xenii
1453 5393 1565 5472 (34)
1601 5393 1849 5466 quinque
1886 5396 2077 5448 cente-

485 5482 772 5538 nariorum
795 5483 937 5538 auri.
967 5483 1106 5539 Cum
1137 5488 1325 5540 autem
1362 5482 1717 5555 suscepisset,
1749 5486 1808 5536 et
1833 5481 2077 5537 honora-

483 5567 594 5624 bile
623 5577 899 5628 secretum
919 5571 1272 5642 dimississet,
1298 5571 1624 5629 convocavit
1639 5571 2072 5644 dispensatores.

2159 5391 2256 5446 alii
2278 5393 2575 5462 portantes
2586 5389 2817 5461 pusillas
2834 5389 3182 5460 lagunculas,
3207 5387 3478 5444 habentes
3490 5388 3762 5460 pecunias

2159 5479 2360 5534 missas
2380 5477 2714 5550 patriarchae
2733 5477 2804 5532 de
2827 5476 3032 5545 Africa,
3053 5475 3461 5550 superscriptas
3477 5477 3619 5533 alias
3641 5477 3762 5549 qui-

2158 5569 2288 5624 dem
2317 5579 2428 5622 um.
2455 5581 2719 5633 OP'HMUM,
2753 5566 2894 5623 alias
2913 5572 3106 5624 autem
3133 5583 3242 5626 nsi.
3271 5582 3388 5622 smn
3415 5582 3585 5623 anno.
3617 5566 3763 5623 Cum
