3912 6410
248 300 356 359 349
1123 307 1294 363 VITA
1329 308 1589 367 SANCTI
1622 310 1931 368 JOANNIS
1968 313 2572 374 ELEEMOSYNARII.
3436 318 3542 375 350

249 445 388 501 ergo
426 428 772 487 descendens
797 430 1066 504 patricius
1108 432 1322 504 legeret
1350 436 1915 508 superscriptionesA
1943 441 2111 496 sitate
2160 460 2477 515 compresso
2498 462 2693 500 eorum
2723 445 2819 518 qui
2847 445 2917 501 ab
2948 462 3014 501 eo
3052 445 3368 513 alebantur,
3403 438 3539 500 etin

249 528 608 599 lagenarum,
642 530 892 586 insinuat
911 532 1244 603 patriarchae
1270 538 1335 587 ut
1377 534 1481 588 sibi
1514 535 1764 590 mitteret
1788 538 1857 591 de
1939 532 2119 586 multa
2166 549 2301 588 cura
2348 540 2405 588 et
2434 536 2687 590 oratione
2716 536 2879 591 beato
2910 541 3322 608 perseverante.
3365 534 3540 590 sensit

228 619 353 674 -tali
386 620 690 691 melle,quo
712 621 932 691 adopus
962 637 1127 675 suum
1158 624 1689 679 uteretur.Noverat
1702 626 1853 679 enim
1941 620 2168 690 quidam
2202 622 2440 677 civitatis
2461 623 2745 678 habitator
2768 642 2892 679 eam
2921 642 3043 697 quae
3088 624 3534 679 circumdederat

230 725 382 764 eum
415 710 548 763 mali
578 727 698 765 esse
719 710 1128 765 immemorem.
1183 712 1534 767 Ascendente
1556 714 1730 784 igitur
1760 715 1854 786 qui
1938 711 2355 767 sanctissimum
2387 713 2547 768 illum
2575 714 2892 769 ariditatem
2917 722 2974 769 et
3001 714 3381 768 omnimodam
3414 730 3541 784 ege-

247 800 583 869 lagunculas
600 799 844 855 habebat
885 801 1151 869 creditas,
1185 807 1241 855 et
1270 819 1537 873 responsa
1564 804 1849 870 reddente,
1937 805 2179 855 etatem:
2223 801 2483 872 bigamus
2512 804 2775 871 existens,
2808 804 3375 859 desideratdiaconus
3401 819 3534 857 san-

249 895 309 943 et
330 888 613 943 indicante
641 890 906 961 pecunias
926 908 1047 945 esse
1079 908 1179 962 pro
1203 892 1368 945 melle
1385 893 1441 946 in
1461 894 1627 959 vasis,
1662 894 1851 948 statim
1937 896 2037 944 ctae
2068 892 2312 946 ecclesiae
2347 894 2494 964 ﬁeri.
2524 895 2593 948 Et
2620 911 2721 965 per
2744 894 3131 949 necessitatem
3146 897 3535 965 quaesanctum

247 994 380 1032 vere
411 979 564 1033 mitis
592 984 786 1050 pastor
810 980 964 1034 misit
978 981 1029 1034 ei
1061 997 1231 1035 unam
1252 982 1630 1052 lagunculam,
1666 1000 1858 1055 super-
1940 980 2187 1051 undique
2218 982 2682 1050 circumdederat,
2721 983 2941 1038 volebat
2969 984 3205 1038 suadere
3231 983 3282 1037 ei
3311 987 3377 1037 ut
3405 997 3537 1036 eum

250 1067 521 1139 scriptam
552 1085 661 1123 δίει
691 1081 961 1136 op'rmum,
995 1070 1203 1125 faciens
1229 1071 1278 1125 ei
1313 1078 1370 1125 et
1390 1072 1705 1143 pittacium,
1730 1089 1857 1126 con-
1939 1077 2315 1138 consecraret;
2340 1072 2580 1141 fecitque
2604 1073 2655 1127 ei
2675 1072 3534 1144 deprecationem,continentem

248 1157 439 1211 tinens
464 1158 546 1211 ita
571 1176 581 1211 :
622 1177 645 1208 ί
667 1158 938 1213 Dominus
956 1159 1050 1229 qui
1067 1160 1208 1214 dixit
1230 1178 1240 1213 :
1266 1162 1391 1215 Non
1410 1166 1467 1215 te
1483 1161 1738 1216 deseram
1762 1178 1857 1216 ne-
1939 1158 2021 1213 ita
2043 1159 2119 1228 (in
2146 1160 2284 1214 facie
2306 1161 2511 1232 quippe
2532 1161 2583 1215 ei
2607 1179 2718 1216 non
2749 1162 2992 1217 audebat
3012 1163 3125 1217 tale
3152 1161 3363 1232 aliquid
3385 1161 3536 1214 dice-

250 1262 362 1317 que
405 1246 793 1319 derelinquam
824 1249 1119 1315 (llebr.xm
1139 1267 1151 1314 ;
1171 1252 1279 1303 Jos.
1318 1252 1379 1317 1),
1417 1251 1538 1305 sine
1564 1252 1856 1305 mendacio
1940 1251 2021 1312 re)
2057 1267 2069 1301 :
2110 1268 2130 1299 ι
2157 1250 2520 1305 Sanctissimo
2542 1256 2603 1305 et
2625 1256 2712 1304 ter
2730 1250 3060 1305 beatoPatri
3091 1256 3313 1321 patrum
3332 1248 3534 1304 Joanni

251 1341 374 1403 est;
413 1340 471 1390 et
517 1337 667 1391 Deus
695 1353 895 1404 verus;
938 1338 1145 1392 idcirco
1202 1339 1401 1404 Deum,
1445 1341 1540 1411 qui
1598 1340 1858 1395 omnibus
1938 1338 2147 1393 vicario
2171 1339 2798 1411 Christi,deprecatioet
2829 1339 3173 1411 postulatioa
3202 1334 3532 1407 Cosma(’10)

251 1441 439 1479 escam
469 1431 525 1479 et
545 1426 715 1480 vitam
739 1426 967 1497 praebet,
1002 1428 1169 1481 homo
1191 1428 1569 1500 corruptibilis
1585 1430 1858 1485 constrin-
1939 1427 2171 1497 indigno
2196 1446 2358 1483 servo
2375 1446 2659 1484 servorum
2674 1430 2986 1484 sanctitatis
3003 1434 3216 1482 vestrae.
3249 1426 3532 1491 Ediscens,

249 1530 386 1585 gere
411 1531 525 1569 non
553 1521 760 1586 potest.
786 1517 941 1570 Vale.
978 1537 1003 1569 »
1047 1518 1319 1589 Praecepit
1362 1525 1550 1573 autem
1596 1518 1857 1574 abeunti-
1939 1518 2289 1572 sanctissime
2311 1519 2688 1590 domine,quae
2703 1518 2919 1573 obtinet
2948 1518 3337 1573 honorandum
3372 1521 3537 1587 caput

252 1602 358 1657 bus
386 1608 444 1657 et
463 1604 816 1674 portantibus
834 1606 1284 1675 lagunculam,ut
1297 1607 1613 1662 dicerentei
1634 1614 1697 1662 ut
1724 1613 1856 1663 ante
1936 1609 2100 1658 tuum
2131 1606 2439 1659 secundum
2462 1607 2887 1677 permissionem
2907 1605 3148 1672 Dei,imo
3165 1622 3265 1676 pro
3294 1603 3535 1676 peccatis

252 1709 313 1747 se
351 1691 559 1747 faceret
586 1709 711 1747 eam
760 1694 989 1765 aperiri,
1022 1700 1079 1750 et
1106 1696 1358 1750 dicerent
1406 1697 1457 1751 ei
1485 1698 1630 1767 quod
1660 1714 1854 1752 omnes
1878 1766 1891 1767 γ
1937 1694 2165 1759 nostris,
2202 1711 2457 1749 escarum
2485 1696 2801 1767 penuriam,
2843 1712 2957 1749 non
2979 1696 3196 1765 justum
3228 1692 3539 1748 existimavi

255 1797 395 1851 quas
427 1781 644 1835 viderat
672 1782 875 1837 deferri
904 1784 1231 1853 lagunculas
1253 1786 1504 1856 pecuniis
1534 1793 1723 1841 essent
1752 1804 1853 1858 pro
1875 1766 2129 1838 Bservus
2160 1790 2307 1849 tuus,
2337 1786 2396 1839 in
2418 1786 2719 1840 refectione
2733 1784 3304 1850 conversari,domino
3327 1800 3452 1837 meo
3479 1782 3536 1836 in

253 1870 422 1923 melle
454 1870 697 1940 repletae.
752 1872 1002 1942 Contigit
1036 1879 1069 1938 1
1091 1879 1214 1939 8:5
1243 1890 1377 1945 ergo
1421 1875 1650 1929 sedente
1679 1892 1744 1929 eo
1783 1876 1854 1929 ad
1936 1873 2247 1929 subtilitate
2295 1873 2405 1943 (ll)
2435 1874 2705 1928 manenti.
2737 1875 2880 1929 Sunt
2906 1874 3081 1944 igitur
3108 1873 3339 1944 indigno
3379 1889 3537 1927 servo

252 1975 531 2023 mensam,
565 1965 629 2014 ut
658 1961 1018 2016 nuntiaretur
1054 1962 1249 2016 adesse
1266 1980 1361 2017 eos
1377 1964 1473 2034 qui
1496 1964 1852 2035 lagunculam

252 2047 578 2119 portabant,
610 2054 667 2103 et
691 2049 982 2120 pittacium
1010 2052 1363 2122 patriarchae.
1409 2054 1852 2109 Ascendentibus

251 2136 445 2208 itaque
472 2137 573 2203 eis,
601 2155 728 2193 cum
759 2139 989 2194 vidisset
1020 2157 1192 2195 unam
1220 2147 1441 2197 tantum
1468 2143 1851 2213 lagunculam,

252 2226 395 2280 dixit
423 2226 501 2280 eis
528 2228 795 2298 patricius
824 2248 834 2282 :
862 2230 1041 2284 Dicite
1067 2230 1118 2284 ei
1149 2249 1160 2284 :
1191 2231 1389 2295 Credo,
1415 2232 1661 2299 domine,
1699 2250 1853 2303 mag-

249 2332 385 2369 nam
417 2316 765 2383 iracundiam
800 2319 1094 2374 adversum
1145 2338 1235 2374 me
1266 2322 1493 2387 retines,
1528 2338 1657 2376 nam
1680 2339 1852 2377 unam

251 2405 431 2459 solam
462 2422 574 2460 non
616 2407 872 2461 mitteres
916 2409 1071 2486 mihi.
1106 2410 1334 2464 Tradito
1380 2417 1570 2465 autem
1621 2412 1853 2483 pittacio

254 2494 539 2560 eodem,et
559 2495 766 2550 bullam
800 2496 903 2565 (39)
936 2498 1387 2565 dissolventibus,
1438 2505 1494 2553 et
1537 2502 1854 2555 evacuanti-

251 2582 359 2637 bus
388 2600 577 2638 coram
608 2585 867 2640 omnibus
908 2588 1225 2657 pecuniam,
1266 2589 1494 2657 agnovit
1521 2596 1576 2643 et
1606 2591 1852 2661 reliquas

250 2673 604 2744 lagunculas,
628 2691 766 2746 quas
786 2676 942 2740 vidit,
959 2676 1217 2731 similiter
1236 2678 1428 2748 plenas
1442 2695 1583 2732 esse.
1613 2680 1756 2734 Cum
1772 2697 1854 2734 er-

251 2762 331 2833 go
357 2762 587 2833 legisset
615 2765 763 2835 quod
782 2765 949 2818 homo
979 2766 1357 2837 corruptibilis
1369 2768 1547 2821 Deum
1572 2770 1852 2823 constrin-

250 2867 388 2922 gere
420 2868 534 2906 non
562 2859 768 2924 posset,
802 2860 1168 2925 compunctus
1189 2855 1257 2909 de
1271 2872 1547 2923 sermone,
1581 2857 1756 2912 dixit:
1787 2860 1856 2913 Et

249 2940 689 3008 vivitDominus,
714 2960 898 3015 neque
917 2944 1115 2998 Niceta
1129 2946 1474 3015 constringet
1503 2963 1652 3011 eum,
1687 2948 1853 3002 homo

251 3029 464 3083 etenim
490 3034 549 3084 et
576 3030 695 3102 ipse
725 3037 983 3102 peccator
994 3039 1050 3087 et
1079 3033 1456 3105 corruptibilis
1471 3041 1575 3089 est.
1593 3036 1661 3090 Et
1681 3037 1852 3091 relin-

254 3135 435 3189 quens
465 3136 592 3173 mox
620 3122 942 3191 prandium,
975 3127 1032 3176 et
1061 3139 1291 3177 sumens
1348 3140 1537 3178 secum
1580 3130 1856 3197 quotquot

1934 1968 2033 2017 tuo
2073 1963 2340 2018 frumenti
2370 1964 2609 2019 ducenta
2623 1964 2798 2018 millia
2824 1963 3223 2028 modiorum,et
3242 1962 3367 2017 auri
3382 1962 3536 2015 librae

1935 2058 2159 2106 centum
2190 2053 2492 2123 octoginta,
2514 2070 2653 2124 quas
2675 2070 2808 2124 rogo
2841 2051 2962 2106 dari
2992 2051 3213 2106 Christo
3237 2068 3338 2122 per
3362 2056 3421 2104 te
3433 2050 3534 2104 do-

1935 2142 2155 2196 minum
2178 2159 2365 2196 meum
2400 2160 2411 2195 :
2458 2148 2679 2197 tantum
2709 2159 2810 2212 ego
2836 2142 3101 2213 indignus
3131 2141 3189 2195 in
3219 2139 3535 2194 ministerio

1934 2232 2106 2285 vestri
2135 2232 2435 2286 diaconatu
2488 2232 2597 2286 frui
2624 2248 2861 2296 merear,
2894 2237 2957 2285 ut
2988 2247 3087 2302 per
3116 2231 3287 2284 talem
3319 2245 3445 2283 cum
3478 2233 3533 2283 te

1936 2321 2164 2375 domino
2194 2322 2371 2375 sancti
2418 2322 2612 2375 altaris
2663 2320 3152 2385 ministrationem.
3196 2318 3464 2373 emundet
3500 2334 3535 2371 a

1935 2418 2291 2482 peccatorum
2338 2427 2590 2464 meorum
2622 2411 2860 2464 luxuria.
2902 2410 3048 2464 Dicit
3080 2409 3228 2464 enim
3258 2425 3386 2463 vere
3431 2406 3532 2461 Dei

1935 2500 2267 2571 praedicator
2294 2505 2518 2554 sanctus
2546 2500 2863 2571 Apostolus,
2900 2500 3165 2570 quoniam
3194 2515 3258 2552 ex
3288 2496 3535 2552 necessi-

1934 2593 2051 2642 tate
2086 2594 2143 2643 et
2192 2589 2333 2658 legis
2362 2589 2655 2643 translatio
2683 2590 2745 2643 fit
2768 2590 2949 2655 (Hebr.
2977 2593 3094 2656 vn).
3121 2608 3145 2639 ›)
3192 2588 3329 2643 Haec
3357 2585 3537 2640 susci-

1935 2678 2094 2749 piens
2125 2678 2393 2732 divinitus
2431 2678 2675 2749 sapiens,
2725 2684 2782 2731 et
2810 2678 2990 2732 virum
3036 2677 3328 2735 advocans.
3362 2675 3444 2729 ait
3463 2674 3535 2729 ad

1937 2783 2067 2821 eum
2092 2786 2103 2821 :
2127 2768 2210 2822 Tu
2243 2784 2301 2822 es
2323 2767 2417 2838 qui
2444 2785 2634 2838 preces
2666 2766 2825 2820 nobis
2842 2784 2943 2837 per
2965 2765 3248 2820 notarium
3279 2769 3439 2818 tuum
3481 2768 3538 2817 et

1936 2858 2115 2911 filium
2139 2858 2370 2911 misisti?
2399 2858 2520 2921 Quo
2542 2857 2764 2926 dicente
2795 2875 2805 2909 :
2864 2856 3066 2921 Etiam,
3104 2854 3352 2920 domine,
3384 2852 3539 2906 misit

1936 2963 2131 3001 omnes
2160 2946 2311 3001 foras
2332 2946 2530 3000 beatus
2549 2952 2605 2999 et
2623 2945 3197 3009 misericordissimus,
3232 2944 3429 2997 nolens
3449 2959 3537 2997 co-

1935 3052 2058 3090 ram
2087 3036 2349 3091 omnibus
2396 3037 2545 3091 hunc
2571 3035 2931 3097 confundere,
2962 3039 3017 3089 et
3043 3034 3211 3105 coepit
3239 3032 3423 3087 dicere
3462 3030 3531 3085 ad

1937 3141 2104 3180 eum:
2166 3125 2387 3180 Oblatio
2436 3125 2663 3196 quidem
2702 3129 2801 3179 tua
2839 3124 2997 3178 valde
3019 3124 3177 3193 justa
3201 3127 3258 3176 et
3288 3120 3535 3192 tempori

254 3208 525 3280 pecunias
538 3208 608 3263 ab
625 3209 953 3265 honorando
968 3212 1134 3267 Patre
1155 3212 1485 3280 abstulerat,
1517 3219 1573 3268 et
1592 3214 1857 3285 laguncu-
1937 3214 2269 3281 necessaria,
2305 3215 2404 3269 sed
2427 3214 2712 3268 maculosa
2737 3218 2852 3281 est;
2882 3218 2937 3267 et
2954 3212 3099 3267 nosti
3130 3211 3279 3283 quod
3298 3211 3353 3264 in
3385 3211 3533 3281 Lege

254 3297 368 3351 lam
392 3315 518 3369 quae
543 3298 613 3352 ab
642 3316 707 3354 eo
724 3301 1059 3355 transmissa
1074 3301 1273 3368 fuerat,
1298 3307 1356 3357 et
1379 3303 1449 3357 de
1477 3320 1578 3358 suo
1598 3310 1857 3359 centena-
1937 3305 2053 3358 ovis
2071 3304 2185 3358 sive
2206 3320 2394 3376 parva,
2428 3304 2549 3357 sine
2579 3319 2803 3373 magna,
2836 3302 2943 3356 nisi
2977 3300 3342 3355 immaculata
3363 3304 3529 3365 esset,

252 3386 343 3440 ria
368 3387 501 3447 tria.
531 3389 904 3460 apprehendit
930 3390 1259 3446 honoranda
1279 3393 1399 3463 ejus
1428 3393 1667 3463 vestigia
1686 3394 1853 3461 ,nullo
1936 3410 2049 3447 non
2078 3394 2135 3447 in
2166 3392 2499 3447 sacriﬁcium
2525 3391 2863 3447 offerebatur
2887 3393 3066 3463 (Levii.
3109 3396 3273 3459 XXII};
3327 3393 3384 3442 et
3407 3387 3533 3442 ideo

253 3476 316 3529 in
336 3475 666 3548 obsequium
690 3479 982 3550 proprium
1004 3486 1228 3551 sumpto
1272 3500 1283 3549 ;
1318 3482 1414 3535 sed
1448 3482 1503 3535 in
1535 3483 1853 3537 humilitate

253 3566 439 3619 multa
461 3568 785 3633 ascendens,
818 3568 1053 3639 rogabat
1072 3586 1219 3636 eum,
1251 3571 1411 3641 quasi
1440 3571 1563 3624 aliis
1593 3588 1855 3627 accusan-

251 3653 409 3708 tibus
435 3661 668 3723 motum,
688 3657 1097 3728 indulgentiam
1126 3676 1160 3713 a
1190 3660 1303 3714 Deo
1332 3667 1671 3731 eXposceret,
1696 3662 1856 3715 satis-

252 3742 465 3797 faciens
496 3744 545 3798 ei
592 3746 740 3817 quod
766 3747 871 3800 etsi
898 3748 1285 3818 pcenitcntiam
1317 3750 1563 3811 eidaret,
1595 3756 1854 3821 prompte

252 3832 404 3887 hanc
432 3834 741 3906 susciperet
767 3841 823 3889 et
849 3837 1175 3891 custodiret.
1206 3838 1507 3891 Admirans
1538 3846 1728 3893 autem
1759 3856 1852 3894 ar-

252 3922 643 3995 chiepiscopus
689 3925 931 3979 velocem
961 3927 1064 3980 viri
1118 3928 1561 3991 conversionem,
1604 3928 1746 3982 nihil
1784 3930 1853 3983 de

253 4012 555 4067 commisso
586 4021 923 4085 conquestus
955 4022 1057 4081 est,
1091 4017 1188 4071 sed
1225 4022 1281 4071 et
1322 4017 1501 4087 magis
1533 4018 1854 4073 consolaba-

253 4106 353 4155 tur
381 4118 510 4156 eum
539 4102 721 4157 verbis
742 4105 1146 4160 consolatoriis.
1172 4107 1322 4161 Talis
1335 4113 1526 4161 autem
1556 4107 1853 4163 amborum

254 4192 593 4247 confirmata
618 4198 705 4247 est
730 4209 794 4247 ex
820 4199 953 4249 tunc
984 4212 1018 4249 a
1036 4196 1152 4250 Deo
1183 4195 1446 4262 Charitas,
1476 4201 1541 4250 ut
1568 4204 1853 4269 compater

255 4280 567 4352 supradicti
586 4282 751 4336 ﬁeret
779 4280 1020 4354 patricii.

328 4370 464 4425 CAP.
502 4371 605 4426 XII
632 4372 809 4436 —Qui
837 4373 1124 4428 Abraham
1152 4373 1210 4428 in
1240 4374 1343 4429 hoc
1362 4375 1508 4446 quod
1527 4376 1857 4447 expediebat

1878 4416 1925 4474 D

1936 3483 2004 3537 ad
2038 3482 2367 3536 sacrificium
2424 3482 2562 3536 Cain
2607 3498 2719 3536 non
2767 3459 3193 3552 respexitbeus
3257 3480 3407 3546 (Gen.
3441 3478 3531 3545 tv).

1937 3573 2214 3637 Quoniam
2240 3588 2370 3626 vero
2400 3572 2608 3639 dixisti,
2636 3570 2982 3642 frater,quod
3022 3586 3086 3624 ex
3108 3569 3442 3623 necessitate
3477 3572 3535 3621 et

1935 3662 2077 3732 legis
2107 3661 2404 3715 translatio
2430 3662 2548 3727 fiat,
2583 3661 2651 3715 de
2666 3662 2789 3731 lege
2812 3659 2983 3714 veteri
3004 3660 3108 3713 hoc
3144 3658 3279 3713 dicit
3298 3660 3534 3729 Aposto-

1936 3752 2055 3818 lus;
2084 3767 2215 3804 nam
2241 3750 2519 3822 quomodo
2558 3750 2638 3804 ait
2666 3749 2839 3803 frater
2860 3747 3357 3811 DominiJacobus,
3384 3745 3531 3817 quod

1937 3840 2254 3911 quicunque
2271 3839 2647 3893 observaverit
2661 3844 2837 3892 totam
2863 3838 3041 3907 legem
3052 3878 3065 3901 ,
3081 3835 3328 3890 offendat
3340 3841 3531 3889 autem

1935 3929 1995 3983 in
2021 3946 2153 3995 uno,
2184 3928 2362 3983 factus
2375 3928 2722 3982 cstomnium
2739 3944 2871 3981 reus
2895 3929 3029 3994 (Jac.
3048 3926 3145 3986 11)?
3167 3924 3244 3979 De
3264 3923 3534 3977 fratribus

1937 4036 2066 4073 vero
2096 4018 2237 4073 meis
2266 4018 2458 4089 egenis
2485 4022 2541 4072 et
2567 4017 2635 4071 de
2664 4022 2858 4071 sancta
2888 4015 3147 4078 Ecclesia,
3160 4015 3310 4069 Deus
3323 4013 3417 4085 qui
3439 4030 3534 4067 eos

1936 4107 2172 4162 nutrivit
2195 4112 2325 4162 ante
2357 4124 2525 4179 quam
2555 4122 2657 4177 ego
2707 4110 2764 4160 et
2799 4112 2860 4160 tu
2906 4120 3290 4170 nasceremur,
3319 4102 3438 4174 ipse
3480 4106 3540 4155 et

1936 4214 2087 4253 nunc
2116 4198 2331 4252 nutriet
2350 4214 2478 4252 eos:
2514 4202 2756 4262 tantum,
2791 4197 2838 4250 si
2865 4211 3154 4250 sermones
3183 4194 3304 4264 ejus
3333 4192 3535 4247 illaesos

1937 4287 2391 4341 custodierimus.
2428 4287 2529 4341 Ille
2578 4286 2730 4341 enim
2779 4285 2873 4357 qui
2904 4290 3040 4339 tunc
3078 4283 3325 4355 quinque
3362 4298 3536 4353 panes

1939 4377 2334 4448 multiplicavit
2358 4376 2540 4430 /Joan.
2567 4379 2664 4446 v1),
2689 4380 2875 4447 potest
2906 4379 2963 4428 et
2987 4374 3178 4427 decem
3207 4370 3394 4427 horrei
3426 4370 3537 4425 mei

253 4460 512 4527 tentavit,
549 4467 613 4516 ut
639 4463 761 4532 ejus
790 4462 958 4516 fidem
974 4463 1078 4517 soli
1107 4463 1229 4517 Deo
1251 4465 1533 4535 cognitam
1562 4466 1857 4522 universus
1880 4459 1924 4474 υ
1942 4467 2145 4520 modiis
2173 4465 2520 4521 benedicere.
2554 4465 2909 4536 Quapropter
2922 4462 3061 4517 illud
3094 4462 3219 4515 dico
3239 4461 3311 4515 ad
3340 4465 3415 4526 te,
3433 4459 3531 4523 fili,

255 4551 503 4605 mundus
551 4551 769 4605 discens
796 4552 1119 4607 imitaretur
1167 4554 1296 4621 (Gen
1322 4560 1472 4624 χχιι),
1529 4556 1775 4611 tentavit
1803 4561 1860 4611 et

254 4640 682 4695 memorabilem
712 4640 885 4696 istum
906 4642 1201 4695 Joannem.
1231 4642 1430 4699 Modus
1470 4651 1660 4699 autem
1706 4646 1856 4700 illius

254 4729 586 4784 tentationis
614 4730 794 4784 forma
813 4729 1073 4785 utilitatis
1102 4732 1309 4786 sanctis
1338 4734 1459 4803 ejus
1486 4734 1732 4789 ecclesiis
1767 4752 1857 4789 ex-

255 4819 419 4875 stitit.
451 4820 549 4875 Est
576 4823 764 4874 autem
791 4819 972 4874 forma
1003 4821 1153 4875 haec:
1192 4822 1575 4877 Inaestimabili
1605 4824 1857 4878 multitu-

256 4909 389 4965 dine
420 4909 758 4980 fugientium
786 4887 835 4963 a‘
848 4910 1054 4976 Persis,
1104 4910 1249 4965 sicut
1272 4913 1392 4983 jam
1414 4911 1624 4968 dictum
1651 4914 1856 4982 (Supra

255 5017 301 5056 c.
335 4999 411 5068 6),
470 5004 527 5057 et
574 4998 905 5054 adveniente
965 5000 1386 5065 Alexandriam,
1435 5006 1493 5056 et
1557 5002 1856 5057 sterilitate

253 5090 438 5144 multa
464 5087 719 5143 ciborum
741 5088 903 5153 facta,
939 5105 1004 5144 eo
1058 5090 1206 5161 quod
1245 5107 1358 5145 non
1406 5090 1620 5146 subiret
1656 5092 1857 5147 fluvius

254 5179 421 5235 Nilus
450 5178 759 5233 secundum
786 5178 1270 5247 consuetudinem,
1287 5185 1343 5234 et
1354 5197 1492 5235 auro
1517 5187 1716 5235 cuncto
1731 5198 1857 5237 ero-

253 5274 390 5341 gato
421 5267 571 5340 quod
596 5268 920 5338 possederat
931 5267 1271 5340 patriarcha.
1304 5270 1459 5325 misit
1473 5276 1529 5325 et
1558 5276 1755 5324 mutuo
1771 5287 1860 5325 ac-

256 5357 408 5430 cepit
435 5374 470 5411 a
498 5356 692 5412 multis
720 5357 1103 5429 philochristis
1126 5358 1274 5414 circa
1294 5360 1486 5415 decem
1512 5360 1853 5415 centenaria.

256 5448 328 5504 Et
353 5448 440 5503 his
468 5447 677 5502 iterum
705 5448 1069 5519 consumptis,
1104 5453 1161 5503 et
1180 5449 1363 5505 adhuc
1390 5449 1537 5505 fame
1571 5455 1854 5518 manente,

257 5544 316 5594 et
362 5538 434 5593 de
462 5542 663 5593 caetero
717 5542 981 5593 mutuum
1037 5536 1172 5593 dare
1210 5538 1262 5594 ei
1291 5540 1446 5595 nullo
1473 5540 1712 5607 volente,
1761 5541 1859 5596 sed

260 5626 523 5684 omnibus
570 5624 938 5699 pertinaciam
986 5625 1149 5682 famis
1202 5627 1552 5697 timentibus,
1584 5634 1639 5685 et
1667 5646 1861 5686 neces-

1941 4555 2089 4627 quod
2121 4555 2180 4609 in
2226 4555 2455 4610 Actibus
2487 4554 2868 4625 apostolorum
2900 4553 3111 4606 dictum
3134 4556 3219 4603 est
3247 4568 3258 4603 :
3295 4550 3421 4603 Non
3452 4553 3537 4602 est

1938 4645 2040 4699 tibi
2072 4645 2254 4714 portio
2284 4660 2465 4713 neque
2492 4642 2789 4696 haereditas
2826 4640 2885 4695 in
2915 4640 3018 4693 hac
3038 4643 3197 4710 parte
3225 4636 3360 4703 (Act.
3396 4640 3534 4707 vin).

1941 4734 2196 4803 Cumque
2248 4732 2399 4787 hunc
2424 4732 2644 4786 tristem
2703 4736 2759 4783 et
2790 4730 2910 4783 sine
2962 4729 3161 4782 effectu
3208 4726 3533 4792 dimisisset,

1938 4822 2237 4878 nuntiatur
2257 4821 2308 4875 ei
2334 4821 2475 4875 duas
2515 4819 2771 4874 Ecclesia:
2811 4834 3147 4889 magnarum
3188 4816 3415 4872 navium
3465 4815 3537 4870 ad

1938 4918 2151 4967 terram
2180 4927 2301 4965 esse
2350 4908 2676 4973 submissas,
2709 4924 2849 4980 quas
2906 4907 3140 4962 miserat
3168 4906 3228 4962 in
3287 4906 3536 4961 Siciliam

1940 5007 2170 5074 propter
2198 5000 2567 5054 frumentum.
2599 4999 2717 5053 Hcc
2741 5003 2929 5053 autem
2968 4997 3204 5052 audiens
3226 4996 3320 5051 ille
3341 4995 3537 5050 beatus

1940 5091 2144 5147 cadens
2173 5090 2230 5144 in
2259 5095 2489 5153 terram,
2522 5088 2735 5158 gratias
2766 5088 2880 5159 egit
2912 5086 3283 5158 omnipotenti
3314 5084 3535 5148 Deo,di-

1942 5198 2073 5235 cens
2097 5199 2108 5233 :
2143 5179 2366 5235 Gratias
2389 5178 2568 5233 refero
2584 5177 2969 5242 tibi,Domine,
2991 5175 3252 5248 quoniam
3276 5190 3388 5228 non
3413 5189 3538 5245 per-

1942 5269 2143 5325 misisti
2190 5286 2348 5323 servo
2388 5274 2486 5323 tuo
2529 5267 2778 5339 pecuniis
2811 5266 3048 5319 vendere
3075 5263 3319 5335 gratiam
3353 5268 3534 5317 tuam.

1941 5360 2086 5415 Vere
2116 5358 2467 5432 inquirentes
2512 5362 2587 5421 te,
2640 5356 2899 5421 Domine,
2946 5358 3005 5409 et
3031 5358 3235 5407 sanctae
3283 5351 3537 5407 Ecclesiae

1938 5453 2051 5505 tuae
2079 5449 2302 5521 regulas
2331 5446 2726 5514 custodientes,
2762 5448 2947 5511 [so
2964 5459 3074 5498 non
3104 5440 3365 5496 deﬁcient
3382 5440 3536 5495 omni

1941 5538 2088 5596 bono
2120 5542 2286 5607 (Psal.
2301 5539 2510 5609 χχχιιι).

2016 5630 2150 5687 CAP.
2173 5630 2325 5685 XIII.
2367 5659 2431 5671 —
2463 5624 2808 5694 Quibusdam
2845 5622 3066 5681 duobus
3092 5621 3307 5679 clericis
3336 5622 3394 5677 in
3422 5620 3536 5676 cul-
