  <div class='ocr_page' id='page_1' title='image "/cluster/home/n/w/nwhite01/storage/ocr_20150623/73/umn.31951002477366m/183.png"; bbox 0 0 3912 6386; ppageno 0'>
   <div class='ocr_carea' id='block_1_1' title="bbox 449 298 557 359">
    <p class='ocr_par' dir='ltr' id='par_1_1' title="bbox 449 298 557 359">
     <span class='ocr_line' id='line_1_1' title="bbox 449 298 557 359; baseline 0.037 -4"><span class='ocrx_word' id='word_1_1' title='bbox 449 298 557 359; x_wconf 83' lang='grc'>351</span> 
     </span>
    </p>
   </div>
   <div class='ocr_carea' id='block_1_2' title="bbox 1482 288 2709 356">
    <p class='ocr_par' dir='ltr' id='par_1_2' title="bbox 1482 288 2709 356">
     <span class='ocr_line' id='line_1_2' title="bbox 1482 288 2709 356; baseline 0.004 -5"><span class='ocrx_word' id='word_1_2' title='bbox 1482 294 1577 352; x_wconf 85' lang='lat' dir='ltr'>DE</span> <span class='ocrx_word' id='word_1_3' title='bbox 1610 293 1800 352; x_wconf 79' lang='lat' dir='ltr'>VITIS</span> <span class='ocrx_word' id='word_1_4' title='bbox 1835 289 2136 349; x_wconf 64' lang='lat' dir='ltr'>PATRUH</span> <span class='ocrx_word' id='word_1_5' title='bbox 2167 288 2383 354; x_wconf 76' lang='lat' dir='ltr'>LIBER</span> <span class='ocrx_word' id='word_1_6' title='bbox 2412 294 2709 356; x_wconf 72' lang='lat' dir='ltr'>PRIMUS.</span> 
     </span>
    </p>
   </div>
   <div class='ocr_carea' id='block_1_3' title="bbox 3613 300 3715 364">
    <p class='ocr_par' dir='ltr' id='par_1_3' title="bbox 3613 300 3715 364">
     <span class='ocr_line' id='line_1_3' title="bbox 3613 300 3715 364; baseline 0.02 -2"><span class='ocrx_word' id='word_1_7' title='bbox 3613 300 3715 364; x_wconf 79' lang='lat'>352</span> 
     </span>
    </p>
   </div>
   <div class='ocr_carea' id='block_1_4' title="bbox 452 418 3710 504">
    <p class='ocr_par' dir='ltr' id='par_1_4' title="bbox 452 418 3710 504">
     <span class='ocr_line' id='line_1_4' title="bbox 452 418 3710 504; baseline 0.001 -20"><span class='ocrx_word' id='word_1_8' title='bbox 452 444 588 502; x_wconf 88' lang='lat' dir='ltr'>pam</span> <span class='ocrx_word' id='word_1_9' title='bbox 620 427 963 496; x_wconf 71' lang='lat' dir='ltr'>cadentibus,</span> <span class='ocrx_word' id='word_1_10' title='bbox 1004 428 1109 483; x_wconf 84' lang='lat' dir='ltr'>hoc</span> <span class='ocrx_word' id='word_1_11' title='bbox 1120 432 1221 493; x_wconf 88' lang='lat' dir='ltr'>est,</span> <span class='ocrx_word' id='word_1_12' title='bbox 1251 436 1483 482; x_wconf 75' lang='lat' dir='ltr'>matrum</span> <span class='ocrx_word' id='word_1_13' title='bbox 1496 425 1553 480; x_wconf 87' lang='lat' dir='ltr'>in</span> <span class='ocrx_word' id='word_1_14' title='bbox 1571 418 2118 493; x_wconf 77' lang='lat' dir='ltr'>alterutruminji-A</span> <span class='ocrx_word' id='word_1_15' title='bbox 2204 424 2333 478; x_wconf 76' lang='lat' dir='ltr'>CAP.</span> <span class='ocrx_word' id='word_1_16' title='bbox 2366 424 2769 483; x_wconf 78' lang='lat' dir='ltr'>XIV.-Deiferi</span> <span class='ocrx_word' id='word_1_17' title='bbox 2785 428 3013 501; x_wconf 83' lang='lat' dir='ltr'>quidam</span> <span class='ocrx_word' id='word_1_18' title='bbox 3024 432 3346 486; x_wconf 80' lang='lat' dir='ltr'>sanctorum</span> <span class='ocrx_word' id='word_1_19' title='bbox 3364 428 3710 504; x_wconf 66' lang='lat' dir='ltr'>Patramﬂ‘l)</span> 
     </span>
    </p>
   </div>
   <div class='ocr_carea' id='block_1_5' title="bbox 454 513 2047 586">
    <p class='ocr_par' dir='ltr' id='par_1_5' title="bbox 454 513 2047 586">
     <span class='ocr_line' id='line_1_5' title="bbox 454 513 2047 586; baseline -0.004 -11"><span class='ocrx_word' id='word_1_20' title='bbox 454 520 746 586; x_wconf 80' lang='lat' dir='ltr'>cientibus,</span> <span class='ocrx_word' id='word_1_21' title='bbox 779 520 878 574; x_wconf 89' lang='lat' dir='ltr'>hos</span> <span class='ocrx_word' id='word_1_22' title='bbox 903 515 1675 573; x_wconf 80' lang='lat' dir='ltr'>excommunicavitcanonice</span> <span class='ocrx_word' id='word_1_23' title='bbox 1704 530 1805 586; x_wconf 88' lang='lat' dir='ltr'>per</span> <span class='ocrx_word' id='word_1_24' title='bbox 1832 513 2047 583; x_wconf 82' lang='lat' dir='ltr'>aliquot</span> 
     </span>
    </p>
   </div>
   <div class='ocr_carea' id='block_1_6' title="bbox 454 606 2045 680">
    <p class='ocr_par' dir='ltr' id='par_1_6' title="bbox 454 606 2045 680">
     <span class='ocr_line' id='line_1_6' title="bbox 454 606 2045 680; baseline -0.004 -16"><span class='ocrx_word' id='word_1_25' title='bbox 454 609 593 664; x_wconf 91' lang='lat' dir='ltr'>dies.</span> <span class='ocrx_word' id='word_1_26' title='bbox 630 611 841 664; x_wconf 89' lang='lat' dir='ltr'>Horum</span> <span class='ocrx_word' id='word_1_27' title='bbox 863 608 1090 680; x_wconf 88' lang='lat' dir='ltr'>quidem</span> <span class='ocrx_word' id='word_1_28' title='bbox 1108 624 1256 664; x_wconf 90' lang='lat' dir='ltr'>unus</span> <span class='ocrx_word' id='word_1_29' title='bbox 1267 608 1509 662; x_wconf 79' lang='lat' dir='ltr'>libenter</span> <span class='ocrx_word' id='word_1_30' title='bbox 1532 606 1777 678; x_wconf 84' lang='lat' dir='ltr'>suscepit</span> <span class='ocrx_word' id='word_1_31' title='bbox 1794 606 2045 676; x_wconf 89' lang='lat' dir='ltr'>increpa-</span> 
     </span>
    </p>
   </div>
   <div class='ocr_carea' id='block_1_7' title="bbox 451 694 2043 770">
    <p class='ocr_par' dir='ltr' id='par_1_7' title="bbox 451 694 2043 770">
     <span class='ocr_line' id='line_1_7' title="bbox 451 694 2043 770; baseline -0.004 -18"><span class='ocrx_word' id='word_1_32' title='bbox 451 698 684 765; x_wconf 85' lang='lat' dir='ltr'>tionem,</span> <span class='ocrx_word' id='word_1_33' title='bbox 716 704 771 752; x_wconf 90' lang='lat' dir='ltr'>et</span> <span class='ocrx_word' id='word_1_34' title='bbox 800 698 1058 767; x_wconf 86' lang='lat' dir='ltr'>cognovit</span> <span class='ocrx_word' id='word_1_35' title='bbox 1082 699 1305 770; x_wconf 81' lang='lat' dir='ltr'>culpam</span> <span class='ocrx_word' id='word_1_36' title='bbox 1326 713 1485 752; x_wconf 88' lang='lat' dir='ltr'>suam</span> <span class='ocrx_word' id='word_1_37' title='bbox 1517 716 1529 764; x_wconf 90' lang='lat'><strong>;</strong></span> <span class='ocrx_word' id='word_1_38' title='bbox 1562 698 1705 750; x_wconf 83' lang='lat' dir='ltr'>alter</span> <span class='ocrx_word' id='word_1_39' title='bbox 1732 711 1863 748; x_wconf 89' lang='lat' dir='ltr'>vero</span> <span class='ocrx_word' id='word_1_40' title='bbox 1886 694 2043 748; x_wconf 89' lang='lat' dir='ltr'>mali-</span> 
     </span>
    </p>
   </div>
   <div class='ocr_carea' id='block_1_8' title="bbox 450 785 2045 860">
    <p class='ocr_par' dir='ltr' id='par_1_8' title="bbox 450 785 2045 860">
     <span class='ocr_line' id='line_1_8' title="bbox 450 785 2045 860; baseline -0.002 -19"><span class='ocrx_word' id='word_1_41' title='bbox 450 787 628 841; x_wconf 91' lang='lat' dir='ltr'>tiosus</span> <span class='ocrx_word' id='word_1_42' title='bbox 650 788 910 851; x_wconf 86' lang='lat' dir='ltr'>existens,</span> <span class='ocrx_word' id='word_1_43' title='bbox 938 789 1189 857; x_wconf 87' lang='lat' dir='ltr'>gaudens</span> <span class='ocrx_word' id='word_1_44' title='bbox 1213 792 1551 860; x_wconf 75' lang='lat' dir='ltr'>praeceptum</span> <span class='ocrx_word' id='word_1_45' title='bbox 1573 785 1836 857; x_wconf 83' lang='lat' dir='ltr'>suscepit.</span> <span class='ocrx_word' id='word_1_46' title='bbox 1877 785 2045 839; x_wconf 88' lang='lat' dir='ltr'>Occa-</span> 
     </span>
    </p>
   </div>
   <div class='ocr_carea' id='block_1_9' title="bbox 452 873 2043 948">
    <p class='ocr_par' dir='ltr' id='par_1_9' title="bbox 452 873 2043 948">
     <span class='ocr_line' id='line_1_9' title="bbox 452 873 2043 948; baseline -0.002 -18"><span class='ocrx_word' id='word_1_47' title='bbox 452 876 666 931; x_wconf 89' lang='lat' dir='ltr'>sionem</span> <span class='ocrx_word' id='word_1_48' title='bbox 694 877 843 931; x_wconf 91' lang='lat' dir='ltr'>enim</span> <span class='ocrx_word' id='word_1_49' title='bbox 866 878 1150 948; x_wconf 80' lang='lat' dir='ltr'>quaerebat</span> <span class='ocrx_word' id='word_1_50' title='bbox 1169 878 1359 943; x_wconf 80' lang='lat' dir='ltr'>miser,</span> <span class='ocrx_word' id='word_1_51' title='bbox 1374 894 1445 931; x_wconf 91' lang='lat' dir='ltr'>ne</span> <span class='ocrx_word' id='word_1_52' title='bbox 1464 877 1852 947; x_wconf 83' lang='lat' dir='ltr'>ingrederetur</span> <span class='ocrx_word' id='word_1_53' title='bbox 1872 873 2043 928; x_wconf 88' lang='lat' dir='ltr'>eccle-</span> 
     </span>
    </p>
   </div>
   <div class='ocr_carea' id='block_1_10' title="bbox 446 964 2042 1039">
    <p class='ocr_par' dir='ltr' id='par_1_10' title="bbox 446 964 2042 1039">
     <span class='ocr_line' id='line_1_10' title="bbox 446 964 2042 1039; baseline -0.003 -18"><span class='ocrx_word' id='word_1_54' title='bbox 446 966 715 1031; x_wconf 89' lang='lat' dir='ltr'>siam,sed</span> <span class='ocrx_word' id='word_1_55' title='bbox 744 967 1028 1022; x_wconf 86' lang='lat' dir='ltr'>licentiam</span> <span class='ocrx_word' id='word_1_56' title='bbox 1057 965 1691 1039; x_wconf 85' lang='lat' dir='ltr'>haberetperseverandi</span> <span class='ocrx_word' id='word_1_57' title='bbox 1710 964 2042 1018; x_wconf 81' lang='lat' dir='ltr'>innefandis</span> 
     </span>
    </p>
   </div>
   <div class='ocr_carea' id='block_1_11' title="bbox 449 1055 2042 1124">
    <p class='ocr_par' dir='ltr' id='par_1_11' title="bbox 449 1055 2042 1124">
     <span class='ocr_line' id='line_1_11' title="bbox 449 1055 2042 1124; baseline -0.002 -14"><span class='ocrx_word' id='word_1_58' title='bbox 449 1055 665 1110; x_wconf 85' lang='lat' dir='ltr'>actibus</span> <span class='ocrx_word' id='word_1_59' title='bbox 690 1056 824 1110; x_wconf 89' lang='lat' dir='ltr'>suis.</span> <span class='ocrx_word' id='word_1_60' title='bbox 856 1057 1206 1112; x_wconf 85' lang='lat' dir='ltr'>Irascebatur</span> <span class='ocrx_word' id='word_1_61' title='bbox 1232 1062 1421 1112; x_wconf 89' lang='lat' dir='ltr'>autem</span> <span class='ocrx_word' id='word_1_62' title='bbox 1450 1061 1645 1111; x_wconf 89' lang='lat' dir='ltr'>contra</span> <span class='ocrx_word' id='word_1_63' title='bbox 1672 1062 1925 1109; x_wconf 87' lang='lat' dir='ltr'>sanctum</span> <span class='ocrx_word' id='word_1_64' title='bbox 1948 1069 2042 1124; x_wconf 89' lang='lat' dir='ltr'>pa-</span> 
     </span>
    </p>
   </div>
   <div class='ocr_carea' id='block_1_12' title="bbox 448 1144 2042 1217">
    <p class='ocr_par' dir='ltr' id='par_1_12' title="bbox 448 1144 2042 1217">
     <span class='ocr_line' id='line_1_12' title="bbox 448 1144 2042 1217; baseline -0.001 -18"><span class='ocrx_word' id='word_1_65' title='bbox 448 1146 771 1209; x_wconf 88' lang='lat' dir='ltr'>triarcham,</span> <span class='ocrx_word' id='word_1_66' title='bbox 806 1150 863 1200; x_wconf 88' lang='lat' dir='ltr'>et</span> <span class='ocrx_word' id='word_1_67' title='bbox 902 1152 1173 1217; x_wconf 88' lang='lat' dir='ltr'>quantum</span> <span class='ocrx_word' id='word_1_68' title='bbox 1195 1147 1256 1200; x_wconf 91' lang='lat' dir='ltr'>in</span> <span class='ocrx_word' id='word_1_69' title='bbox 1276 1164 1336 1200; x_wconf 87' lang='lat' dir='ltr'>se</span> <span class='ocrx_word' id='word_1_70' title='bbox 1354 1151 1494 1211; x_wconf 89' lang='lat' dir='ltr'>erat,</span> <span class='ocrx_word' id='word_1_71' title='bbox 1517 1144 1841 1199; x_wconf 84' lang='lat' dir='ltr'>minabatur</span> <span class='ocrx_word' id='word_1_72' title='bbox 1870 1144 1920 1197; x_wconf 89' lang='lat' dir='ltr'>ei</span> <span class='ocrx_word' id='word_1_73' title='bbox 1948 1159 2042 1197; x_wconf 86' lang='lat' dir='ltr'>no-</span> 
     </span>
    </p>
   </div>
   <div class='ocr_carea' id='block_1_13' title="bbox 450 1235 2039 1308">
    <p class='ocr_par' dir='ltr' id='par_1_13' title="bbox 450 1235 2039 1308">
     <span class='ocr_line' id='line_1_13' title="bbox 450 1235 2039 1308; baseline 0 -21"><span class='ocrx_word' id='word_1_74' title='bbox 450 1251 596 1289; x_wconf 86' lang='lat' dir='ltr'>cere.</span> <span class='ocrx_word' id='word_1_75' title='bbox 630 1236 870 1299; x_wconf 85' lang='lat' dir='ltr'>Quidam</span> <span class='ocrx_word' id='word_1_76' title='bbox 899 1253 1025 1291; x_wconf 89' lang='lat' dir='ltr'>vero</span> <span class='ocrx_word' id='word_1_77' title='bbox 1048 1236 1323 1303; x_wconf 87' lang='lat' dir='ltr'>dicebant,</span> <span class='ocrx_word' id='word_1_78' title='bbox 1350 1241 1407 1290; x_wconf 89' lang='lat' dir='ltr'>et</span> <span class='ocrx_word' id='word_1_79' title='bbox 1435 1236 1620 1308; x_wconf 89' lang='lat' dir='ltr'>ipsum</span> <span class='ocrx_word' id='word_1_80' title='bbox 1651 1252 1771 1289; x_wconf 91' lang='lat' dir='ltr'>esse</span> <span class='ocrx_word' id='word_1_81' title='bbox 1792 1235 1886 1306; x_wconf 86' lang='lat' dir='ltr'>qui</span> <span class='ocrx_word' id='word_1_82' title='bbox 1910 1251 2039 1305; x_wconf 90' lang='lat' dir='ltr'>pro-</span> 
     </span>
    </p>
   </div>
   <div class='ocr_carea' id='block_1_14' title="bbox 448 1323 2038 1396">
    <p class='ocr_par' dir='ltr' id='par_1_14' title="bbox 448 1323 2038 1396">
     <span class='ocr_line' id='line_1_14' title="bbox 448 1323 2038 1396; baseline 0 -20"><span class='ocrx_word' id='word_1_83' title='bbox 448 1323 667 1378; x_wconf 89' lang='lat' dir='ltr'>diderat</span> <span class='ocrx_word' id='word_1_84' title='bbox 719 1325 986 1396; x_wconf 84' lang='lat' dir='ltr'>pecunias</span> <span class='ocrx_word' id='word_1_85' title='bbox 1042 1324 1299 1379; x_wconf 82' lang='lat' dir='ltr'>Ecclesiae</span> <span class='ocrx_word' id='word_1_86' title='bbox 1330 1326 1401 1379; x_wconf 90' lang='lat' dir='ltr'>ad</span> <span class='ocrx_word' id='word_1_87' title='bbox 1447 1324 1746 1396; x_wconf 84' lang='lat' dir='ltr'>patricium</span> <span class='ocrx_word' id='word_1_88' title='bbox 1786 1324 2038 1378; x_wconf 84' lang='lat' dir='ltr'>Nicetam</span> 
     </span>
    </p>
   </div>
   <div class='ocr_carea' id='block_1_15' title="bbox 449 1413 2038 1487">
    <p class='ocr_par' dir='ltr' id='par_1_15' title="bbox 449 1413 2038 1487">
     <span class='ocr_line' id='line_1_15' title="bbox 449 1413 2038 1487; baseline -0.002 -18"><span class='ocrx_word' id='word_1_89' title='bbox 449 1413 628 1481; x_wconf 85' lang='lat' dir='ltr'>(Sup.,</span> <span class='ocrx_word' id='word_1_90' title='bbox 663 1431 707 1467; x_wconf 82' lang='grc' dir='ltr'>ο.</span> <span class='ocrx_word' id='word_1_91' title='bbox 739 1414 847 1484; x_wconf 78' lang='lat' dir='ltr'>ii).</span> <span class='ocrx_word' id='word_1_92' title='bbox 883 1432 1022 1487; x_wconf 92' lang='lat' dir='ltr'>quas</span> <span class='ocrx_word' id='word_1_93' title='bbox 1051 1420 1107 1470; x_wconf 89' lang='lat' dir='ltr'>et</span> <span class='ocrx_word' id='word_1_94' title='bbox 1134 1416 1323 1487; x_wconf 83' lang='lat' dir='ltr'>rapuit</span> <span class='ocrx_word' id='word_1_95' title='bbox 1351 1431 1542 1480; x_wconf 89' lang='lat' dir='ltr'>manu,</span> <span class='ocrx_word' id='word_1_96' title='bbox 1576 1420 1639 1469; x_wconf 89' lang='lat' dir='ltr'>ut</span> <span class='ocrx_word' id='word_1_97' title='bbox 1655 1413 2038 1486; x_wconf 62' lang='lat' dir='ltr'>praescriptum</span> 
     </span>
    </p>
   </div>
   <div class='ocr_carea' id='block_1_16' title="bbox 449 1503 2040 1576">
    <p class='ocr_par' dir='ltr' id='par_1_16' title="bbox 449 1503 2040 1576">
     <span class='ocr_line' id='line_1_16' title="bbox 449 1503 2040 1576; baseline 0.002 -22"><span class='ocrx_word' id='word_1_98' title='bbox 449 1503 893 1558; x_wconf 85' lang='lat' dir='ltr'>est.Nuntiatum</span> <span class='ocrx_word' id='word_1_99' title='bbox 923 1505 1195 1575; x_wconf 84' lang='lat' dir='ltr'>estigitur</span> <span class='ocrx_word' id='word_1_100' title='bbox 1216 1505 1361 1576; x_wconf 91' lang='lat' dir='ltr'>quod</span> <span class='ocrx_word' id='word_1_101' title='bbox 1385 1505 1479 1559; x_wconf 91' lang='lat' dir='ltr'>ille</span> <span class='ocrx_word' id='word_1_102' title='bbox 1500 1505 1634 1558; x_wconf 91' lang='lat' dir='ltr'>mali</span> <span class='ocrx_word' id='word_1_103' title='bbox 1658 1520 1872 1558; x_wconf 91' lang='lat' dir='ltr'>memor</span> <span class='ocrx_word' id='word_1_104' title='bbox 1883 1504 2040 1557; x_wconf 88' lang='lat' dir='ltr'>mali-</span> 
     </span>
    </p>
   </div>
   <div class='ocr_carea' id='block_1_17' title="bbox 446 1591 2039 1665">
    <p class='ocr_par' dir='ltr' id='par_1_17' title="bbox 446 1591 2039 1665">
     <span class='ocr_line' id='line_1_17' title="bbox 446 1591 2039 1665; baseline 0.001 -20"><span class='ocrx_word' id='word_1_105' title='bbox 446 1591 584 1645; x_wconf 90' lang='lat' dir='ltr'>tiam</span> <span class='ocrx_word' id='word_1_106' title='bbox 606 1599 935 1659; x_wconf 84' lang='lat' dir='ltr'>reservaret,</span> <span class='ocrx_word' id='word_1_107' title='bbox 987 1599 1044 1648; x_wconf 89' lang='lat' dir='ltr'>et</span> <span class='ocrx_word' id='word_1_108' title='bbox 1072 1611 1183 1648; x_wconf 91' lang='lat' dir='ltr'>non</span> <span class='ocrx_word' id='word_1_109' title='bbox 1214 1600 1422 1649; x_wconf 88' lang='lat' dir='ltr'>rectam</span> <span class='ocrx_word' id='word_1_110' title='bbox 1466 1610 1600 1665; x_wconf 88' lang='lat' dir='ltr'>erga</span> <span class='ocrx_word' id='word_1_111' title='bbox 1631 1593 1858 1648; x_wconf 90' lang='lat' dir='ltr'>beatum</span> <span class='ocrx_word' id='word_1_112' title='bbox 1890 1594 2039 1647; x_wconf 89' lang='lat' dir='ltr'>hunc</span> 
     </span>
    </p>
   </div>
   <div class='ocr_carea' id='block_1_18' title="bbox 443 1681 2040 1755">
    <p class='ocr_par' dir='ltr' id='par_1_18' title="bbox 443 1681 2040 1755">
     <span class='ocr_line' id='line_1_18' title="bbox 443 1681 2040 1755; baseline 0.003 -21"><span class='ocrx_word' id='word_1_113' title='bbox 443 1681 788 1736; x_wconf 80' lang='lat' dir='ltr'>voluntatem</span> <span class='ocrx_word' id='word_1_114' title='bbox 817 1682 1064 1738; x_wconf 88' lang='lat' dir='ltr'>haberet.</span> <span class='ocrx_word' id='word_1_115' title='bbox 1092 1683 1191 1739; x_wconf 94' lang='lat' dir='ltr'>Ille</span> <span class='ocrx_word' id='word_1_116' title='bbox 1221 1689 1407 1737; x_wconf 90' lang='lat' dir='ltr'>autem</span> <span class='ocrx_word' id='word_1_117' title='bbox 1431 1700 1557 1738; x_wconf 89' lang='lat' dir='ltr'>vere</span> <span class='ocrx_word' id='word_1_118' title='bbox 1577 1690 1787 1755; x_wconf 85' lang='lat' dir='ltr'>pastor,</span> <span class='ocrx_word' id='word_1_119' title='bbox 1822 1700 2040 1738; x_wconf 89' lang='lat' dir='ltr'>memor</span> 
     </span>
    </p>
   </div>
   <div class='ocr_carea' id='block_1_19' title="bbox 2122 513 3716 593">
    <p class='ocr_par' dir='ltr' id='par_1_19' title="bbox 2122 513 3716 593">
     <span class='ocr_line' id='line_1_19' title="bbox 2122 513 3716 593; baseline 0.006 -25"><span class='ocrx_word' id='word_1_120' title='bbox 2122 513 2391 571; x_wconf 81' lang='lat' dir='ltr'>dixerant</span> <span class='ocrx_word' id='word_1_121' title='bbox 2413 534 2426 569; x_wconf 94' lang='lat'>:</span> <span class='ocrx_word' id='word_1_122' title='bbox 2450 518 2793 589; x_wconf 80' lang='lat' dir='ltr'>Angelorum</span> <span class='ocrx_word' id='word_1_123' title='bbox 2824 518 3049 593; x_wconf 85' lang='lat' dir='ltr'>quidem</span> <span class='ocrx_word' id='word_1_124' title='bbox 3084 526 3172 575; x_wconf 81' lang='lat' dir='ltr'>est</span> <span class='ocrx_word' id='word_1_125' title='bbox 3199 519 3520 576; x_wconf 75' lang='lat' dir='ltr'>nullatenus</span> <span class='ocrx_word' id='word_1_126' title='bbox 3538 522 3716 593; x_wconf 76' lang='lat' dir='ltr'>litiga-</span> 
     </span>
    </p>
   </div>
   <div class='ocr_carea' id='block_1_20' title="bbox 2124 607 3711 683">
    <p class='ocr_par' dir='ltr' id='par_1_20' title="bbox 2124 607 3711 683">
     <span class='ocr_line' id='line_1_20' title="bbox 2124 607 3711 683; baseline 0.011 -24"><span class='ocrx_word' id='word_1_127' title='bbox 2124 621 2204 671; x_wconf 88' lang='lat' dir='ltr'>re,</span> <span class='ocrx_word' id='word_1_128' title='bbox 2244 607 2340 660; x_wconf 89' lang='lat' dir='ltr'>sed</span> <span class='ocrx_word' id='word_1_129' title='bbox 2372 607 2431 662; x_wconf 93' lang='lat' dir='ltr'>in</span> <span class='ocrx_word' id='word_1_130' title='bbox 2459 609 2783 664; x_wconf 89' lang='lat' dir='ltr'>omnimoda</span> <span class='ocrx_word' id='word_1_131' title='bbox 2807 619 2863 664; x_wconf 91' lang='lat' dir='ltr'>et</span> <span class='ocrx_word' id='word_1_132' title='bbox 2884 617 3157 683; x_wconf 81' lang='lat' dir='ltr'>perpetua</span> <span class='ocrx_word' id='word_1_133' title='bbox 3182 626 3319 683; x_wconf 77' lang='lat' dir='ltr'>pace</span> <span class='ocrx_word' id='word_1_134' title='bbox 3366 611 3673 667; x_wconf 52' lang='lat' dir='ltr'>consisto!“</span> <span class='ocrx_word' id='word_1_135' title='bbox 3698 630 3711 678; x_wconf 77' lang='grc' dir='ltr'><strong><em>ς</em></strong></span> 
     </span>
    </p>
   </div>
   <div class='ocr_carea' id='block_1_21' title="bbox 2125 694 3712 771">
    <p class='ocr_par' dir='ltr' id='par_1_21' title="bbox 2125 694 3712 771">
     <span class='ocr_line' id='line_1_21' title="bbox 2125 694 3712 771; baseline 0.005 -24"><span class='ocrx_word' id='word_1_136' title='bbox 2125 694 2418 751; x_wconf 84' lang='lat' dir='ltr'>hominum</span> <span class='ocrx_word' id='word_1_137' title='bbox 2457 712 2586 752; x_wconf 89' lang='lat' dir='ltr'>vero</span> <span class='ocrx_word' id='word_1_138' title='bbox 2608 704 2692 753; x_wconf 84' lang='lat' dir='ltr'>est</span> <span class='ocrx_word' id='word_1_139' title='bbox 2712 699 2973 753; x_wconf 79' lang='lat' dir='ltr'>altercari</span> <span class='ocrx_word' id='word_1_140' title='bbox 2996 700 3243 771; x_wconf 79' lang='lat' dir='ltr'>quidem,</span> <span class='ocrx_word' id='word_1_141' title='bbox 3274 699 3375 755; x_wconf 80' lang='lat' dir='ltr'>sed</span> <span class='ocrx_word' id='word_1_142' title='bbox 3405 700 3599 754; x_wconf 80' lang='lat' dir='ltr'>statim</span> <span class='ocrx_word' id='word_1_143' title='bbox 3627 715 3712 755; x_wconf 79' lang='lat' dir='ltr'>re-</span> 
     </span>
    </p>
   </div>
   <div class='ocr_carea' id='block_1_22' title="bbox 2126 784 3707 860">
    <p class='ocr_par' dir='ltr' id='par_1_22' title="bbox 2126 784 3707 860">
     <span class='ocr_line' id='line_1_22' title="bbox 2126 784 3707 860; baseline 0.004 -23"><span class='ocrx_word' id='word_1_144' title='bbox 2126 784 2446 851; x_wconf 86' lang='lat' dir='ltr'>conciliari;</span> <span class='ocrx_word' id='word_1_145' title='bbox 2500 787 2817 843; x_wconf 68' lang='lat' dir='ltr'>daemonum</span> <span class='ocrx_word' id='word_1_146' title='bbox 2837 795 3028 844; x_wconf 85' lang='lat' dir='ltr'>autem</span> <span class='ocrx_word' id='word_1_147' title='bbox 3054 794 3143 843; x_wconf 86' lang='lat' dir='ltr'>est</span> <span class='ocrx_word' id='word_1_148' title='bbox 3169 787 3410 860; x_wconf 75' lang='lat' dir='ltr'>litigare,</span> <span class='ocrx_word' id='word_1_149' title='bbox 3440 794 3504 843; x_wconf 88' lang='lat' dir='ltr'>et</span> <span class='ocrx_word' id='word_1_150' title='bbox 3527 794 3707 844; x_wconf 74' lang='lat' dir='ltr'>totum</span> 
     </span>
    </p>
   </div>
   <div class='ocr_carea' id='block_1_23' title="bbox 2125 873 3708 951">
    <p class='ocr_par' dir='ltr' id='par_1_23' title="bbox 2125 873 3708 951">
     <span class='ocr_line' id='line_1_23' title="bbox 2125 873 3708 951; baseline 0.004 -24"><span class='ocrx_word' id='word_1_151' title='bbox 2125 873 2276 928; x_wconf 89' lang='lat' dir='ltr'>diem</span> <span class='ocrx_word' id='word_1_152' title='bbox 2308 876 3142 934; x_wconf 61' lang='lat' dir='ltr'>transireirreconciliatoslioc</span> <span class='ocrx_word' id='word_1_153' title='bbox 3169 886 3469 951; x_wconf 76' lang='lat' dir='ltr'>propterea</span> <span class='ocrx_word' id='word_1_154' title='bbox 3500 878 3708 951; x_wconf 65' lang='grc' dir='ltr'>ι)ωήιὶ</span> 
     </span>
    </p>
   </div>
   <div class='ocr_carea' id='block_1_24' title="bbox 2123 968 3708 1040">
    <p class='ocr_par' dir='ltr' id='par_1_24' title="bbox 2123 968 3708 1040">
     <span class='ocr_line' id='line_1_24' title="bbox 2123 968 3708 1040; baseline 0.004 -23"><span class='ocrx_word' id='word_1_155' title='bbox 2123 978 2340 1030; x_wconf 87' lang='lat' dir='ltr'>sumus,</span> <span class='ocrx_word' id='word_1_156' title='bbox 2363 973 2644 1022; x_wconf 83' lang='lat' dir='ltr'>amatores</span> <span class='ocrx_word' id='word_1_157' title='bbox 2661 968 2888 1031; x_wconf 84' lang='lat' dir='ltr'>Christi,</span> <span class='ocrx_word' id='word_1_158' title='bbox 2908 974 3138 1040; x_wconf 83' lang='lat' dir='ltr'>propter</span> <span class='ocrx_word' id='word_1_159' title='bbox 3165 973 3501 1040; x_wconf 72' lang='lat' dir='ltr'>praesentem</span> <span class='ocrx_word' id='word_1_160' title='bbox 3520 982 3708 1023; x_wconf 76' lang='lat' dir='ltr'>narra-</span> 
     </span>
    </p>
   </div>
   <div class='ocr_carea' id='block_1_25' title="bbox 2123 1052 3713 1124">
    <p class='ocr_par' dir='ltr' id='par_1_25' title="bbox 2123 1052 3713 1124">
     <span class='ocr_line' id='line_1_25' title="bbox 2123 1052 3713 1124; baseline 0.004 -19"><span class='ocrx_word' id='word_1_161' title='bbox 2123 1052 2354 1107; x_wconf 89' lang='lat' dir='ltr'>tionem.</span> <span class='ocrx_word' id='word_1_162' title='bbox 2389 1055 2747 1112; x_wconf 80' lang='lat' dir='ltr'>Placuithuic</span> <span class='ocrx_word' id='word_1_163' title='bbox 2766 1058 3065 1122; x_wconf 78' lang='lat' dir='ltr'>aliquando</span> <span class='ocrx_word' id='word_1_164' title='bbox 3077 1056 3271 1124; x_wconf 79' lang='lat' dir='ltr'>nobili,</span> <span class='ocrx_word' id='word_1_165' title='bbox 3294 1072 3410 1111; x_wconf 89' lang='lat' dir='ltr'>una</span> <span class='ocrx_word' id='word_1_166' title='bbox 3427 1072 3558 1112; x_wconf 78' lang='lat' dir='ltr'>cum</span> <span class='ocrx_word' id='word_1_167' title='bbox 3571 1072 3713 1112; x_wconf 85' lang='lat' dir='ltr'>com-</span> 
     </span>
    </p>
   </div>
   <div class='ocr_carea' id='block_1_26' title="bbox 2122 1144 3712 1219">
    <p class='ocr_par' dir='ltr' id='par_1_26' title="bbox 2122 1144 3712 1219">
     <span class='ocr_line' id='line_1_26' title="bbox 2122 1144 3712 1219; baseline 0.005 -26"><span class='ocrx_word' id='word_1_168' title='bbox 2122 1148 2432 1198; x_wconf 89' lang='lat' dir='ltr'>memorato</span> <span class='ocrx_word' id='word_1_169' title='bbox 2459 1145 2653 1199; x_wconf 86' lang='lat' dir='ltr'>Niceta</span> <span class='ocrx_word' id='word_1_170' title='bbox 2677 1144 2929 1217; x_wconf 85' lang='lat' dir='ltr'>patricio,</span> <span class='ocrx_word' id='word_1_171' title='bbox 2952 1147 3023 1201; x_wconf 93' lang='lat' dir='ltr'>de</span> <span class='ocrx_word' id='word_1_172' title='bbox 3050 1147 3293 1219; x_wconf 83' lang='lat' dir='ltr'>quadam</span> <span class='ocrx_word' id='word_1_173' title='bbox 3306 1146 3535 1219; x_wconf 77' lang='lat' dir='ltr'>publica</span> <span class='ocrx_word' id='word_1_174' title='bbox 3562 1146 3712 1201; x_wconf 84' lang='lat' dir='ltr'>real-</span> 
     </span>
    </p>
   </div>
   <div class='ocr_carea' id='block_1_27' title="bbox 2123 1232 3709 1307">
    <p class='ocr_par' dir='ltr' id='par_1_27' title="bbox 2123 1232 3709 1307">
     <span class='ocr_line' id='line_1_27' title="bbox 2123 1232 3709 1307; baseline 0.006 -25"><span class='ocrx_word' id='word_1_175' title='bbox 2123 1232 2349 1285; x_wconf 88' lang='lat' dir='ltr'>tercari.</span> <span class='ocrx_word' id='word_1_176' title='bbox 2382 1232 2581 1287; x_wconf 86' lang='lat' dir='ltr'>Modus</span> <span class='ocrx_word' id='word_1_177' title='bbox 2610 1241 2800 1290; x_wconf 85' lang='lat' dir='ltr'>autem</span> <span class='ocrx_word' id='word_1_178' title='bbox 2833 1234 2996 1307; x_wconf 87' lang='lat' dir='ltr'>litigii</span> <span class='ocrx_word' id='word_1_179' title='bbox 3010 1236 3309 1297; x_wconf 82' lang='lat' dir='ltr'>erattalis;</span> <span class='ocrx_word' id='word_1_180' title='bbox 3334 1235 3709 1291; x_wconf 75' lang='lat' dir='ltr'>necessarium</span> 
     </span>
    </p>
   </div>
   <div class='ocr_carea' id='block_1_28' title="bbox 2123 1320 3708 1390">
    <p class='ocr_par' dir='ltr' id='par_1_28' title="bbox 2123 1320 3708 1390">
     <span class='ocr_line' id='line_1_28' title="bbox 2123 1320 3708 1390; baseline 0.005 -18"><span class='ocrx_word' id='word_1_181' title='bbox 2123 1324 2209 1373; x_wconf 88' lang='lat' dir='ltr'>est</span> <span class='ocrx_word' id='word_1_182' title='bbox 2238 1320 2388 1376; x_wconf 90' lang='lat' dir='ltr'>enim</span> <span class='ocrx_word' id='word_1_183' title='bbox 2440 1323 2647 1390; x_wconf 87' lang='lat' dir='ltr'>dicere,</span> <span class='ocrx_word' id='word_1_184' title='bbox 2706 1341 2833 1379; x_wconf 91' lang='lat' dir='ltr'>cum</span> <span class='ocrx_word' id='word_1_185' title='bbox 2857 1326 2931 1379; x_wconf 86' lang='lat' dir='ltr'>sit</span> <span class='ocrx_word' id='word_1_186' title='bbox 2957 1325 3160 1379; x_wconf 58' lang='lat' dir='ltr'>animo</span> <span class='ocrx_word' id='word_1_187' title='bbox 3190 1324 3347 1380; x_wconf 84' lang='lat' dir='ltr'>utilis</span> <span class='ocrx_word' id='word_1_188' title='bbox 3372 1344 3386 1379; x_wconf 86' lang='lat'><strong>:</strong></span> <span class='ocrx_word' id='word_1_189' title='bbox 3435 1325 3708 1381; x_wconf 76' lang='lat' dir='ltr'>Patricius</span> 
     </span>
    </p>
   </div>
   <div class='ocr_carea' id='block_1_29' title="bbox 2123 1410 3708 1487">
    <p class='ocr_par' dir='ltr' id='par_1_29' title="bbox 2123 1410 3708 1487">
     <span class='ocr_line' id='line_1_29' title="bbox 2123 1410 3708 1487; baseline 0.006 -25"><span class='ocrx_word' id='word_1_190' title='bbox 2123 1410 2352 1480; x_wconf 87' lang='lat' dir='ltr'>quidem</span> <span class='ocrx_word' id='word_1_191' title='bbox 2381 1413 2678 1484; x_wconf 88' lang='lat' dir='ltr'>disponere</span> <span class='ocrx_word' id='word_1_192' title='bbox 2706 1415 2925 1471; x_wconf 84' lang='lat' dir='ltr'>volebat</span> <span class='ocrx_word' id='word_1_193' title='bbox 2960 1415 3141 1470; x_wconf 85' lang='lat' dir='ltr'>forum</span> <span class='ocrx_word' id='word_1_194' title='bbox 3164 1420 3396 1487; x_wconf 82' lang='lat' dir='ltr'>propter</span> <span class='ocrx_word' id='word_1_195' title='bbox 3421 1415 3585 1470; x_wconf 86' lang='lat' dir='ltr'>lucra</span> <span class='ocrx_word' id='word_1_196' title='bbox 3608 1430 3708 1486; x_wconf 75' lang='lat' dir='ltr'>pu-</span> 
     </span>
    </p>
   </div>
   <div class='ocr_carea' id='block_1_30' title="bbox 2124 1497 3711 1577">
    <p class='ocr_par' dir='ltr' id='par_1_30' title="bbox 2124 1497 3711 1577">
     <span class='ocr_line' id='line_1_30' title="bbox 2124 1497 3711 1577; baseline 0.004 -26"><span class='ocrx_word' id='word_1_197' title='bbox 2124 1497 2296 1567; x_wconf 89' lang='lat' dir='ltr'>blica;</span> <span class='ocrx_word' id='word_1_198' title='bbox 2320 1502 2640 1573; x_wconf 87' lang='lat' dir='ltr'>patriarcha</span> <span class='ocrx_word' id='word_1_199' title='bbox 2670 1511 2859 1559; x_wconf 88' lang='lat' dir='ltr'>autem</span> <span class='ocrx_word' id='word_1_200' title='bbox 2888 1505 2945 1559; x_wconf 89' lang='lat' dir='ltr'>id</span> <span class='ocrx_word' id='word_1_201' title='bbox 2970 1521 3081 1560; x_wconf 93' lang='lat' dir='ltr'>non</span> <span class='ocrx_word' id='word_1_202' title='bbox 3110 1504 3449 1576; x_wconf 83' lang='lat' dir='ltr'>patiebatur,</span> <span class='ocrx_word' id='word_1_203' title='bbox 3508 1519 3711 1577; x_wconf 84' lang='lat' dir='ltr'>paupe-</span> 
     </span>
    </p>
   </div>
   <div class='ocr_carea' id='block_1_31' title="bbox 2119 1590 3710 1665">
    <p class='ocr_par' dir='ltr' id='par_1_31' title="bbox 2119 1590 3710 1665">
     <span class='ocr_line' id='line_1_31' title="bbox 2119 1590 3710 1665; baseline 0.005 -24"><span class='ocrx_word' id='word_1_204' title='bbox 2119 1603 2246 1642; x_wconf 89' lang='lat' dir='ltr'>rum</span> <span class='ocrx_word' id='word_1_205' title='bbox 2277 1590 2336 1644; x_wconf 90' lang='lat' dir='ltr'>in</span> <span class='ocrx_word' id='word_1_206' title='bbox 2355 1592 2459 1646; x_wconf 91' lang='lat' dir='ltr'>hoc</span> <span class='ocrx_word' id='word_1_207' title='bbox 2482 1610 2787 1665; x_wconf 88' lang='lat' dir='ltr'>procurans</span> <span class='ocrx_word' id='word_1_208' title='bbox 2816 1595 3326 1650; x_wconf 87' lang='lat' dir='ltr'>salutem.Multum</span> <span class='ocrx_word' id='word_1_209' title='bbox 3344 1609 3481 1664; x_wconf 86' lang='lat' dir='ltr'>ergo</span> <span class='ocrx_word' id='word_1_210' title='bbox 3520 1599 3710 1649; x_wconf 82' lang='lat' dir='ltr'>contra</span> 
     </span>
    </p>
   </div>
   <div class='ocr_carea' id='block_1_32' title="bbox 2121 1683 3705 1751">
    <p class='ocr_par' dir='ltr' id='par_1_32' title="bbox 2121 1683 3705 1751">
     <span class='ocr_line' id='line_1_32' title="bbox 2121 1683 3705 1751; baseline 0.004 -20"><span class='ocrx_word' id='word_1_211' title='bbox 2121 1693 2182 1731; x_wconf 89' lang='lat' dir='ltr'>se</span> <span class='ocrx_word' id='word_1_212' title='bbox 2201 1687 2416 1735; x_wconf 85' lang='lat' dir='ltr'>secreto</span> <span class='ocrx_word' id='word_1_213' title='bbox 2431 1685 2834 1739; x_wconf 87' lang='lat' dir='ltr'>contendentes</span> <span class='ocrx_word' id='word_1_214' title='bbox 2852 1684 3041 1751; x_wconf 70' lang='lat' dir='ltr'>(48),et</span> <span class='ocrx_word' id='word_1_215' title='bbox 3055 1683 3385 1739; x_wconf 82' lang='lat' dir='ltr'>inﬂexibiles</span> <span class='ocrx_word' id='word_1_216' title='bbox 3395 1689 3705 1749; x_wconf 69' lang='lat' dir='ltr'>manentes,</span> 
     </span>
    </p>
   </div>
   <div class='ocr_carea' id='block_1_33' title="bbox 447 1771 3705 1844">
    <p class='ocr_par' dir='ltr' id='par_1_33' title="bbox 447 1771 3705 1844">
     <span class='ocr_line' id='line_1_33' title="bbox 447 1771 3705 1844; baseline 0.001 -20"><span class='ocrx_word' id='word_1_217' title='bbox 447 1771 580 1826; x_wconf 89' lang='lat' dir='ltr'>dicti</span> <span class='ocrx_word' id='word_1_218' title='bbox 629 1772 779 1826; x_wconf 88' lang='lat' dir='ltr'>illius</span> <span class='ocrx_word' id='word_1_219' title='bbox 812 1791 824 1826; x_wconf 90' lang='lat'>:</span> <span class='ocrx_word' id='word_1_220' title='bbox 867 1773 1003 1837; x_wconf 88' lang='lat' dir='ltr'>Quis</span> <span class='ocrx_word' id='word_1_221' title='bbox 1026 1774 1363 1841; x_wconf 85' lang='lat' dir='ltr'>inﬁrmatur,</span> <span class='ocrx_word' id='word_1_222' title='bbox 1420 1779 1477 1829; x_wconf 92' lang='lat' dir='ltr'>et</span> <span class='ocrx_word' id='word_1_223' title='bbox 1518 1790 1621 1844; x_wconf 89' lang='lat' dir='ltr'>ego</span> <span class='ocrx_word' id='word_1_224' title='bbox 1648 1791 1761 1829; x_wconf 90' lang='lat' dir='ltr'>non</span> <span class='ocrx_word' id='word_1_225' title='bbox 1781 1774 2106 1837; x_wconf 83' lang='lat' dir='ltr'>inﬁrmorB</span> <span class='ocrx_word' id='word_1_226' title='bbox 2126 1781 2479 1825; x_wconf 86' lang='lat' dir='ltr'>recesserunt</span> <span class='ocrx_word' id='word_1_227' title='bbox 2504 1772 2668 1827; x_wconf 88' lang='lat' dir='ltr'>ambo</span> <span class='ocrx_word' id='word_1_228' title='bbox 2706 1774 2776 1828; x_wconf 86' lang='lat' dir='ltr'>ab</span> <span class='ocrx_word' id='word_1_229' title='bbox 2805 1774 3040 1829; x_wconf 89' lang='lat' dir='ltr'>invicem</span> <span class='ocrx_word' id='word_1_230' title='bbox 3058 1773 3188 1828; x_wconf 87' lang='lat' dir='ltr'>irati</span> <span class='ocrx_word' id='word_1_231' title='bbox 3209 1779 3267 1827; x_wconf 91' lang='lat' dir='ltr'>et</span> <span class='ocrx_word' id='word_1_232' title='bbox 3291 1772 3705 1828; x_wconf 75' lang='lat' dir='ltr'>irreoonciliati.</span> 
     </span>
    </p>
   </div>
   <div class='ocr_carea' id='block_1_34' title="bbox 445 1863 2036 1937">
    <p class='ocr_par' dir='ltr' id='par_1_34' title="bbox 445 1863 2036 1937">
     <span class='ocr_line' id='line_1_34' title="bbox 445 1863 2036 1937; baseline 0.001 -20"><span class='ocrx_word' id='word_1_233' title='bbox 445 1863 535 1934; x_wconf 89' lang='lat' dir='ltr'>(II</span> <span class='ocrx_word' id='word_1_234' title='bbox 559 1863 678 1918; x_wconf 86' lang='lat' dir='ltr'>Cor.</span> <span class='ocrx_word' id='word_1_235' title='bbox 710 1863 828 1934; x_wconf 78' lang='lat' dir='ltr'>x1)?</span> <span class='ocrx_word' id='word_1_236' title='bbox 865 1870 923 1918; x_wconf 91' lang='lat' dir='ltr'>et</span> <span class='ocrx_word' id='word_1_237' title='bbox 950 1864 1187 1919; x_wconf 82' lang='lat' dir='ltr'>iterum:</span> <span class='ocrx_word' id='word_1_238' title='bbox 1220 1867 1332 1919; x_wconf 82' lang='lat' dir='ltr'>Vos</span> <span class='ocrx_word' id='word_1_239' title='bbox 1363 1866 1459 1937; x_wconf 85' lang='lat' dir='ltr'>qui</span> <span class='ocrx_word' id='word_1_240' title='bbox 1489 1871 1747 1937; x_wconf 88' lang='lat' dir='ltr'>potentes</span> <span class='ocrx_word' id='word_1_241' title='bbox 1776 1864 2036 1927; x_wconf 90' lang='lat' dir='ltr'>estis,de-</span> 
     </span>
    </p>
   </div>
   <div class='ocr_carea' id='block_1_35' title="bbox 444 1949 2031 2027">
    <p class='ocr_par' dir='ltr' id='par_1_35' title="bbox 444 1949 2031 2027">
     <span class='ocr_line' id='line_1_35' title="bbox 444 1949 2031 2027; baseline 0.001 -22"><span class='ocrx_word' id='word_1_242' title='bbox 444 1949 587 2006; x_wconf 89' lang='lat' dir='ltr'>betis</span> <span class='ocrx_word' id='word_1_243' title='bbox 607 1952 965 2009; x_wconf 81' lang='lat' dir='ltr'>infirmitates</span> <span class='ocrx_word' id='word_1_244' title='bbox 994 1954 1384 2027; x_wconf 89' lang='lat' dir='ltr'>impotentium</span> <span class='ocrx_word' id='word_1_245' title='bbox 1399 1961 1623 2027; x_wconf 85' lang='lat' dir='ltr'>portare</span> <span class='ocrx_word' id='word_1_246' title='bbox 1648 1955 1861 2025; x_wconf 67' lang='lat' dir='ltr'>(Galm;</span> <span class='ocrx_word' id='word_1_247' title='bbox 1884 1957 2031 2009; x_wconf 80' lang='lat' dir='ltr'>Rom.</span> 
     </span>
    </p>
   </div>
   <div class='ocr_carea' id='block_1_36' title="bbox 442 2043 2030 2110">
    <p class='ocr_par' dir='ltr' id='par_1_36' title="bbox 442 2043 2030 2110">
     <span class='ocr_line' id='line_1_36' title="bbox 442 2043 2030 2110; baseline 0.003 -16"><span class='ocrx_word' id='word_1_248' title='bbox 442 2048 555 2110; x_wconf 85' lang='lat' dir='ltr'>xv),</span> <span class='ocrx_word' id='word_1_249' title='bbox 612 2043 787 2097; x_wconf 89' lang='lat' dir='ltr'>voluit</span> <span class='ocrx_word' id='word_1_250' title='bbox 814 2044 963 2098; x_wconf 88' lang='lat' dir='ltr'>hunc</span> <span class='ocrx_word' id='word_1_251' title='bbox 1010 2045 1302 2110; x_wconf 83' lang='lat' dir='ltr'>accersire,</span> <span class='ocrx_word' id='word_1_252' title='bbox 1335 2050 1392 2098; x_wconf 92' lang='lat' dir='ltr'>et</span> <span class='ocrx_word' id='word_1_253' title='bbox 1420 2045 1682 2098; x_wconf 90' lang='lat' dir='ltr'>decenter</span> <span class='ocrx_word' id='word_1_254' title='bbox 1709 2044 2030 2110; x_wconf 89' lang='lat' dir='ltr'>admonere,</span> 
     </span>
    </p>
   </div>
   <div class='ocr_carea' id='block_1_37' title="bbox 446 2131 2033 2199">
    <p class='ocr_par' dir='ltr' id='par_1_37' title="bbox 446 2131 2033 2199">
     <span class='ocr_line' id='line_1_37' title="bbox 446 2131 2033 2199; baseline 0.001 -14"><span class='ocrx_word' id='word_1_255' title='bbox 446 2137 503 2186; x_wconf 88' lang='lat' dir='ltr'>et</span> <span class='ocrx_word' id='word_1_256' title='bbox 525 2133 737 2187; x_wconf 90' lang='lat' dir='ltr'>solvere</span> <span class='ocrx_word' id='word_1_257' title='bbox 759 2150 885 2187; x_wconf 90' lang='lat' dir='ltr'>eum</span> <span class='ocrx_word' id='word_1_258' title='bbox 903 2133 972 2187; x_wconf 88' lang='lat' dir='ltr'>ab</span> <span class='ocrx_word' id='word_1_259' title='bbox 999 2134 1606 2199; x_wconf 86' lang='lat' dir='ltr'>excommunicatione;</span> <span class='ocrx_word' id='word_1_260' title='bbox 1634 2131 1857 2186; x_wconf 87' lang='lat' dir='ltr'>videbat</span> <span class='ocrx_word' id='word_1_261' title='bbox 1883 2133 2033 2187; x_wconf 89' lang='lat' dir='ltr'>enim</span> 
     </span>
    </p>
   </div>
   <div class='ocr_carea' id='block_1_38' title="bbox 442 2221 2034 2293">
    <p class='ocr_par' dir='ltr' id='par_1_38' title="bbox 442 2221 2034 2293">
     <span class='ocr_line' id='line_1_38' title="bbox 442 2221 2034 2293; baseline 0.001 -18"><span class='ocrx_word' id='word_1_262' title='bbox 442 2221 639 2292; x_wconf 90' lang='lat' dir='ltr'>lupum</span> <span class='ocrx_word' id='word_1_263' title='bbox 668 2228 966 2276; x_wconf 90' lang='lat' dir='ltr'>conantem</span> <span class='ocrx_word' id='word_1_264' title='bbox 1010 2239 1209 2293; x_wconf 89' lang='lat' dir='ltr'>rapere</span> <span class='ocrx_word' id='word_1_265' title='bbox 1239 2238 1416 2277; x_wconf 85' lang='lat' dir='ltr'>ovem.</span> <span class='ocrx_word' id='word_1_266' title='bbox 1449 2221 1878 2292; x_wconf 90' lang='lat' dir='ltr'>Dispensatione</span> <span class='ocrx_word' id='word_1_267' title='bbox 1906 2239 2034 2276; x_wconf 90' lang='lat' dir='ltr'>vere</span> 
     </span>
    </p>
   </div>
   <div class='ocr_carea' id='block_1_39' title="bbox 440 2309 2035 2381">
    <p class='ocr_par' dir='ltr' id='par_1_39' title="bbox 440 2309 2035 2381">
     <span class='ocr_line' id='line_1_39' title="bbox 440 2309 2035 2381; baseline 0 -17"><span class='ocrx_word' id='word_1_268' title='bbox 440 2309 542 2364; x_wconf 92' lang='lat' dir='ltr'>Dei</span> <span class='ocrx_word' id='word_1_269' title='bbox 582 2317 769 2365; x_wconf 90' lang='lat' dir='ltr'>actum</span> <span class='ocrx_word' id='word_1_270' title='bbox 802 2316 888 2366; x_wconf 90' lang='lat' dir='ltr'>est</span> <span class='ocrx_word' id='word_1_271' title='bbox 915 2316 980 2365; x_wconf 88' lang='lat' dir='ltr'>ut</span> <span class='ocrx_word' id='word_1_272' title='bbox 1019 2311 1394 2365; x_wconf 86' lang='lat' dir='ltr'>innotesceret</span> <span class='ocrx_word' id='word_1_273' title='bbox 1418 2310 1676 2365; x_wconf 87' lang='lat' dir='ltr'>omnibus</span> <span class='ocrx_word' id='word_1_274' title='bbox 1705 2311 2035 2381; x_wconf 53' lang='lat' dir='ltr'>patriarcha</span> 
     </span>
    </p>
   </div>
   <div class='ocr_carea' id='block_1_40' title="bbox 440 2398 2029 2470">
    <p class='ocr_par' dir='ltr' id='par_1_40' title="bbox 440 2398 2029 2470">
     <span class='ocr_line' id='line_1_40' title="bbox 440 2398 2029 2470; baseline 0.004 -17"><span class='ocrx_word' id='word_1_275' title='bbox 440 2398 740 2456; x_wconf 89' lang='lat' dir='ltr'>immemor</span> <span class='ocrx_word' id='word_1_276' title='bbox 783 2401 918 2456; x_wconf 91' lang='lat' dir='ltr'>mali</span> <span class='ocrx_word' id='word_1_277' title='bbox 947 2404 1187 2458; x_wconf 87' lang='lat' dir='ltr'>animus.</span> <span class='ocrx_word' id='word_1_278' title='bbox 1222 2398 1440 2459; x_wconf 79' lang='lat' dir='ltr'>Oblitus</span> <span class='ocrx_word' id='word_1_279' title='bbox 1469 2405 1555 2454; x_wconf 83' lang='lat' dir='ltr'>est</span> <span class='ocrx_word' id='word_1_280' title='bbox 1582 2405 1850 2458; x_wconf 74' lang='lat' dir='ltr'>accersire</span> <span class='ocrx_word' id='word_1_281' title='bbox 1882 2420 2029 2470; x_wconf 85' lang='lat' dir='ltr'>eum,</span> 
     </span>
    </p>
   </div>
   <div class='ocr_carea' id='block_1_41' title="bbox 443 2490 2035 2564">
    <p class='ocr_par' dir='ltr' id='par_1_41' title="bbox 443 2490 2035 2564">
     <span class='ocr_line' id='line_1_41' title="bbox 443 2490 2035 2564; baseline 0.003 -22"><span class='ocrx_word' id='word_1_282' title='bbox 443 2494 499 2543; x_wconf 90' lang='lat' dir='ltr'>et</span> <span class='ocrx_word' id='word_1_283' title='bbox 528 2490 739 2545; x_wconf 84' lang='lat' dir='ltr'>solvere</span> <span class='ocrx_word' id='word_1_284' title='bbox 769 2490 838 2545; x_wconf 89' lang='lat' dir='ltr'>ab</span> <span class='ocrx_word' id='word_1_285' title='bbox 869 2493 1453 2547; x_wconf 89' lang='lat' dir='ltr'>excommunicatione.</span> <span class='ocrx_word' id='word_1_286' title='bbox 1490 2494 1630 2548; x_wconf 92' lang='lat' dir='ltr'>Cum</span> <span class='ocrx_word' id='word_1_287' title='bbox 1653 2493 1879 2564; x_wconf 74' lang='lat' dir='ltr'>ergoad</span> <span class='ocrx_word' id='word_1_288' title='bbox 1910 2510 2035 2548; x_wconf 92' lang='lat' dir='ltr'>san-</span> 
     </span>
    </p>
   </div>
   <div class='ocr_carea' id='block_1_42' title="bbox 441 2579 2033 2653">
    <p class='ocr_par' dir='ltr' id='par_1_42' title="bbox 441 2579 2033 2653">
     <span class='ocr_line' id='line_1_42' title="bbox 441 2579 2033 2653; baseline 0.003 -20"><span class='ocrx_word' id='word_1_289' title='bbox 441 2582 594 2633; x_wconf 90' lang='lat' dir='ltr'>ctum</span> <span class='ocrx_word' id='word_1_290' title='bbox 625 2579 978 2634; x_wconf 90' lang='lat' dir='ltr'>Dominicum</span> <span class='ocrx_word' id='word_1_291' title='bbox 1004 2582 1149 2636; x_wconf 91' lang='lat' dir='ltr'>diem</span> <span class='ocrx_word' id='word_1_292' title='bbox 1183 2583 1546 2653; x_wconf 81' lang='lat' dir='ltr'>pervenisset,</span> <span class='ocrx_word' id='word_1_293' title='bbox 1581 2588 1638 2636; x_wconf 91' lang='lat' dir='ltr'>et</span> <span class='ocrx_word' id='word_1_294' title='bbox 1656 2588 1847 2637; x_wconf 88' lang='lat' dir='ltr'>sancto</span> <span class='ocrx_word' id='word_1_295' title='bbox 1868 2583 2033 2637; x_wconf 87' lang='lat' dir='ltr'>altari</span> 
     </span>
    </p>
   </div>
   <div class='ocr_carea' id='block_1_43' title="bbox 439 2666 2029 2739">
    <p class='ocr_par' dir='ltr' id='par_1_43' title="bbox 439 2666 2029 2739">
     <span class='ocr_line' id='line_1_43' title="bbox 439 2666 2029 2739; baseline 0.004 -19"><span class='ocrx_word' id='word_1_296' title='bbox 439 2666 862 2739; x_wconf 70' lang='lat' dir='ltr'>astitisset(42),</span> <span class='ocrx_word' id='word_1_297' title='bbox 900 2675 965 2724; x_wconf 91' lang='lat' dir='ltr'>ut</span> <span class='ocrx_word' id='word_1_298' title='bbox 1000 2670 1355 2725; x_wconf 90' lang='lat' dir='ltr'>incruentum</span> <span class='ocrx_word' id='word_1_299' title='bbox 1404 2671 1738 2726; x_wconf 86' lang='lat' dir='ltr'>sacriﬁcium</span> <span class='ocrx_word' id='word_1_300' title='bbox 1787 2673 2029 2739; x_wconf 73' lang='lat' dir='ltr'>offerret,</span> 
     </span>
    </p>
   </div>
   <div class='ocr_carea' id='block_1_44' title="bbox 433 2756 2030 2832">
    <p class='ocr_par' dir='ltr' id='par_1_44' title="bbox 433 2756 2030 2832">
     <span class='ocr_line' id='line_1_44' title="bbox 433 2756 2030 2832; baseline 0.004 -23"><span class='ocrx_word' id='word_1_301' title='bbox 433 2756 554 2826; x_wconf 85' lang='lat' dir='ltr'>jam</span> <span class='ocrx_word' id='word_1_302' title='bbox 608 2756 841 2811; x_wconf 88' lang='lat' dir='ltr'>diacono</span> <span class='ocrx_word' id='word_1_303' title='bbox 891 2760 1210 2829; x_wconf 87' lang='lat' dir='ltr'>generalem</span> <span class='ocrx_word' id='word_1_304' title='bbox 1242 2760 1552 2815; x_wconf 89' lang='lat' dir='ltr'>orationem</span> <span class='ocrx_word' id='word_1_305' title='bbox 1597 2777 1741 2832; x_wconf 90' lang='lat' dir='ltr'>pene</span> <span class='ocrx_word' id='word_1_306' title='bbox 1770 2777 2030 2816; x_wconf 88' lang='lat' dir='ltr'>consum-</span> 
     </span>
    </p>
   </div>
   <div class='ocr_carea' id='block_1_45' title="bbox 440 2850 2031 2920">
    <p class='ocr_par' dir='ltr' id='par_1_45' title="bbox 440 2850 2031 2920">
     <span class='ocr_line' id='line_1_45' title="bbox 440 2850 2031 2920; baseline 0.004 -20"><span class='ocrx_word' id='word_1_307' title='bbox 440 2852 648 2913; x_wconf 89' lang='lat' dir='ltr'>mante,</span> <span class='ocrx_word' id='word_1_308' title='bbox 681 2854 938 2902; x_wconf 89' lang='lat' dir='ltr'>sanctum</span> <span class='ocrx_word' id='word_1_309' title='bbox 958 2850 1142 2904; x_wconf 90' lang='lat' dir='ltr'>velum</span> <span class='ocrx_word' id='word_1_310' title='bbox 1172 2851 1483 2905; x_wconf 86' lang='lat' dir='ltr'>exaltaturo</span> <span class='ocrx_word' id='word_1_311' title='bbox 1532 2851 1661 2920; x_wconf 64' lang='grc' dir='ltr'>(ω),</span> <span class='ocrx_word' id='word_1_312' title='bbox 1707 2850 1764 2905; x_wconf 91' lang='lat' dir='ltr'>in</span> <span class='ocrx_word' id='word_1_313' title='bbox 1784 2860 2031 2907; x_wconf 87' lang='lat' dir='ltr'>mentem</span> 
     </span>
    </p>
   </div>
   <div class='ocr_carea' id='block_1_46' title="bbox 439 2937 2031 3012">
    <p class='ocr_par' dir='ltr' id='par_1_46' title="bbox 439 2937 2031 3012">
     <span class='ocr_line' id='line_1_46' title="bbox 439 2937 2031 3012; baseline 0.003 -22"><span class='ocrx_word' id='word_1_314' title='bbox 439 2937 667 2992; x_wconf 76' lang='lat' dir='ltr'>malitiae</span> <span class='ocrx_word' id='word_1_315' title='bbox 700 2937 1240 3007; x_wconf 87' lang='lat' dir='ltr'>immemorisvenit;</span> <span class='ocrx_word' id='word_1_316' title='bbox 1266 2944 1323 2993; x_wconf 90' lang='lat' dir='ltr'>et</span> <span class='ocrx_word' id='word_1_317' title='bbox 1352 2940 1541 2994; x_wconf 86' lang='lat' dir='ltr'>statim</span> <span class='ocrx_word' id='word_1_318' title='bbox 1570 2940 1741 2994; x_wconf 84' lang='lat' dir='ltr'>divini</span> <span class='ocrx_word' id='word_1_319' title='bbox 1767 2941 2031 3012; x_wconf 73' lang='lat' dir='ltr'>praecepti</span> 
     </span>
    </p>
   </div>
   <div class='ocr_carea' id='block_1_47' title="bbox 438 3028 2029 3095">
    <p class='ocr_par' dir='ltr' id='par_1_47' title="bbox 438 3028 2029 3095">
     <span class='ocr_line' id='line_1_47' title="bbox 438 3028 2029 3095; baseline 0.003 -14"><span class='ocrx_word' id='word_1_320' title='bbox 438 3028 1067 3095; x_wconf 88' lang='lat' dir='ltr'>recordans,asserentis</span> <span class='ocrx_word' id='word_1_321' title='bbox 1095 3047 1106 3083; x_wconf 94' lang='lat'>:</span> <span class='ocrx_word' id='word_1_322' title='bbox 1128 3028 1183 3083; x_wconf 89' lang='lat' dir='ltr'>Si</span> <span class='ocrx_word' id='word_1_323' title='bbox 1207 3030 1371 3084; x_wconf 75' lang='lat' dir='ltr'>offers</span> <span class='ocrx_word' id='word_1_324' title='bbox 1397 3046 1600 3084; x_wconf 90' lang='lat' dir='ltr'>munus</span> <span class='ocrx_word' id='word_1_325' title='bbox 1611 3036 1770 3085; x_wconf 84' lang='lat' dir='ltr'>tuum</span> <span class='ocrx_word' id='word_1_326' title='bbox 1793 3030 1860 3084; x_wconf 89' lang='lat' dir='ltr'>ad</span> <span class='ocrx_word' id='word_1_327' title='bbox 1885 3030 2029 3085; x_wconf 88' lang='lat' dir='ltr'>alta-</span> 
     </span>
    </p>
   </div>
   <div class='ocr_carea' id='block_1_48' title="bbox 2124 1857 3711 1934">
    <p class='ocr_par' dir='ltr' id='par_1_48' title="bbox 2124 1857 3711 1934">
     <span class='ocr_line' id='line_1_48' title="bbox 2124 1857 3711 1934; baseline 0.004 -24"><span class='ocrx_word' id='word_1_328' title='bbox 2124 1857 2259 1912; x_wconf 88' lang='lat' dir='ltr'>Erat</span> <span class='ocrx_word' id='word_1_329' title='bbox 2277 1866 2466 1915; x_wconf 89' lang='lat' dir='ltr'>autem</span> <span class='ocrx_word' id='word_1_330' title='bbox 2497 1862 2636 1916; x_wconf 87' lang='lat' dir='ltr'>hora</span> <span class='ocrx_word' id='word_1_331' title='bbox 2655 1863 2870 1934; x_wconf 88' lang='lat' dir='ltr'>quinta,</span> <span class='ocrx_word' id='word_1_332' title='bbox 2903 1869 2960 1917; x_wconf 91' lang='lat' dir='ltr'>et</span> <span class='ocrx_word' id='word_1_333' title='bbox 2977 1863 3205 1934; x_wconf 90' lang='lat' dir='ltr'>quidem</span> <span class='ocrx_word' id='word_1_334' title='bbox 3227 1862 3566 1934; x_wconf 67' lang='lat' dir='ltr'>patriarchae</span> <span class='ocrx_word' id='word_1_335' title='bbox 3595 1867 3711 1916; x_wconf 83' lang='lat' dir='ltr'>erat</span> 
     </span>
    </p>
   </div>
   <div class='ocr_carea' id='block_1_49' title="bbox 2120 1947 3710 2025">
    <p class='ocr_par' dir='ltr' id='par_1_49' title="bbox 2120 1947 3710 2025">
     <span class='ocr_line' id='line_1_49' title="bbox 2120 1947 3710 2025; baseline 0.004 -26"><span class='ocrx_word' id='word_1_336' title='bbox 2120 1947 2424 2018; x_wconf 84' lang='lat' dir='ltr'>refragatio</span> <span class='ocrx_word' id='word_1_337' title='bbox 2452 1956 2509 2005; x_wconf 90' lang='lat' dir='ltr'>et</span> <span class='ocrx_word' id='word_1_338' title='bbox 2536 1953 2851 2007; x_wconf 86' lang='lat' dir='ltr'>amaritudo</span> <span class='ocrx_word' id='word_1_339' title='bbox 2880 1969 2982 2025; x_wconf 88' lang='lat' dir='ltr'>pro</span> <span class='ocrx_word' id='word_1_340' title='bbox 3018 1953 3285 2007; x_wconf 80' lang='lat' dir='ltr'>mandato</span> <span class='ocrx_word' id='word_1_341' title='bbox 3338 1952 3460 2011; x_wconf 88' lang='lat' dir='ltr'>Dei.</span> <span class='ocrx_word' id='word_1_342' title='bbox 3492 1951 3710 2023; x_wconf 72' lang='lat' dir='ltr'>patricii</span> 
     </span>
    </p>
   </div>
   <div class='ocr_carea' id='block_1_50' title="bbox 2119 2040 3710 2113">
    <p class='ocr_par' dir='ltr' id='par_1_50' title="bbox 2119 2040 3710 2113">
     <span class='ocr_line' id='line_1_50' title="bbox 2119 2040 3710 2113; baseline 0.004 -25"><span class='ocrx_word' id='word_1_343' title='bbox 2119 2041 2307 2090; x_wconf 83' lang='lat' dir='ltr'>autem</span> <span class='ocrx_word' id='word_1_344' title='bbox 2340 2046 2568 2111; x_wconf 87' lang='lat' dir='ltr'>propter</span> <span class='ocrx_word' id='word_1_345' title='bbox 2593 2042 2917 2113; x_wconf 89' lang='lat' dir='ltr'>pecuniaria</span> <span class='ocrx_word' id='word_1_346' title='bbox 2934 2043 3091 2097; x_wconf 90' lang='lat' dir='ltr'>lucra</span> <span class='ocrx_word' id='word_1_347' title='bbox 3114 2047 3255 2097; x_wconf 88' lang='lat' dir='ltr'>erat.</span> <span class='ocrx_word' id='word_1_348' title='bbox 3287 2041 3502 2097; x_wconf 77' lang='lat' dir='ltr'>Tamen</span> <span class='ocrx_word' id='word_1_349' title='bbox 3534 2040 3710 2095; x_wconf 84' lang='lat' dir='ltr'>aitille</span> 
     </span>
    </p>
   </div>
   <div class='ocr_carea' id='block_1_51' title="bbox 2110 2122 3708 2204">
    <p class='ocr_par' dir='ltr' id='par_1_51' title="bbox 2110 2122 3708 2204">
     <span class='ocr_line' id='line_1_51' title="bbox 2110 2122 3708 2204; baseline 0 -21"><span class='ocrx_word' id='word_1_350' title='bbox 2110 2122 2333 2204; x_wconf 90' lang='lat' dir='ltr'>justus:</span> <span class='ocrx_word' id='word_1_351' title='bbox 2358 2146 2539 2202; x_wconf 89' lang='lat' dir='ltr'>neque</span> <span class='ocrx_word' id='word_1_352' title='bbox 2569 2148 2670 2203; x_wconf 91' lang='lat' dir='ltr'>pro</span> <span class='ocrx_word' id='word_1_353' title='bbox 2701 2131 3037 2197; x_wconf 88' lang='lat' dir='ltr'>rationabili,</span> <span class='ocrx_word' id='word_1_354' title='bbox 3070 2147 3255 2203; x_wconf 86' lang='lat' dir='ltr'>neque</span> <span class='ocrx_word' id='word_1_355' title='bbox 3275 2145 3378 2203; x_wconf 89' lang='lat' dir='ltr'>pro</span> <span class='ocrx_word' id='word_1_356' title='bbox 3409 2130 3708 2185; x_wconf 83' lang='lat' dir='ltr'>irrationa-</span> 
     </span>
    </p>
   </div>
   <div class='ocr_carea' id='block_1_52' title="bbox 2115 2220 3707 2291">
    <p class='ocr_par' dir='ltr' id='par_1_52' title="bbox 2115 2220 3707 2291">
     <span class='ocr_line' id='line_1_52' title="bbox 2115 2220 3707 2291; baseline -0.001 -16"><span class='ocrx_word' id='word_1_357' title='bbox 2115 2221 2214 2275; x_wconf 88' lang='lat' dir='ltr'>bili</span> <span class='ocrx_word' id='word_1_358' title='bbox 2245 2222 2533 2277; x_wconf 86' lang='lat' dir='ltr'>occasione</span> <span class='ocrx_word' id='word_1_359' title='bbox 2574 2221 2741 2275; x_wconf 89' lang='lat' dir='ltr'>debet</span> <span class='ocrx_word' id='word_1_360' title='bbox 2768 2221 2938 2275; x_wconf 88' lang='lat' dir='ltr'>homo</span> <span class='ocrx_word' id='word_1_361' title='bbox 2984 2220 3169 2275; x_wconf 90' lang='lat' dir='ltr'>irasci.</span> <span class='ocrx_word' id='word_1_362' title='bbox 3201 2220 3556 2275; x_wconf 78' lang='lat' dir='ltr'>Adveniente</span> <span class='ocrx_word' id='word_1_363' title='bbox 3580 2235 3707 2291; x_wconf 85' lang='lat' dir='ltr'>ergo</span> 
     </span>
    </p>
   </div>
   <div class='ocr_carea' id='block_1_53' title="bbox 2118 2308 3711 2383">
    <p class='ocr_par' dir='ltr' id='par_1_53' title="bbox 2118 2308 3711 2383">
     <span class='ocr_line' id='line_1_53' title="bbox 2118 2308 3711 2383; baseline 0 -19"><span class='ocrx_word' id='word_1_364' title='bbox 2118 2311 2257 2365; x_wconf 88' lang='lat' dir='ltr'>hora</span> <span class='ocrx_word' id='word_1_365' title='bbox 2285 2312 2598 2379; x_wconf 79' lang='lat' dir='ltr'>undecima,</span> <span class='ocrx_word' id='word_1_366' title='bbox 2630 2311 2863 2366; x_wconf 88' lang='lat' dir='ltr'>mandat</span> <span class='ocrx_word' id='word_1_367' title='bbox 2890 2328 2991 2383; x_wconf 90' lang='lat' dir='ltr'>per</span> <span class='ocrx_word' id='word_1_368' title='bbox 3018 2308 3573 2383; x_wconf 67' lang='lat' dir='ltr'>archipmsbyterum</span> <span class='ocrx_word' id='word_1_369' title='bbox 3603 2320 3711 2364; x_wconf 75' lang='lat' dir='ltr'>una</span> 
     </span>
    </p>
   </div>
   <div class='ocr_carea' id='block_1_54' title="bbox 2115 2397 3708 2472">
    <p class='ocr_par' dir='ltr' id='par_1_54' title="bbox 2115 2397 3708 2472">
     <span class='ocr_line' id='line_1_54' title="bbox 2115 2397 3708 2472; baseline -0.001 -20"><span class='ocrx_word' id='word_1_370' title='bbox 2115 2416 2241 2453; x_wconf 90' lang='lat' dir='ltr'>cum</span> <span class='ocrx_word' id='word_1_371' title='bbox 2273 2402 2421 2455; x_wconf 92' lang='lat' dir='ltr'>clero</span> <span class='ocrx_word' id='word_1_372' title='bbox 2442 2401 2765 2472; x_wconf 88' lang='lat' dir='ltr'>patriarcha</span> <span class='ocrx_word' id='word_1_373' title='bbox 2789 2400 3022 2472; x_wconf 86' lang='lat' dir='ltr'>patricio</span> <span class='ocrx_word' id='word_1_374' title='bbox 3042 2400 3147 2453; x_wconf 91' lang='lat' dir='ltr'>hoc</span> <span class='ocrx_word' id='word_1_375' title='bbox 3176 2398 3409 2469; x_wconf 88' lang='lat' dir='ltr'>dignum</span> <span class='ocrx_word' id='word_1_376' title='bbox 3438 2397 3708 2451; x_wconf 84' lang='lat' dir='ltr'>memoria</span> 
     </span>
    </p>
   </div>
   <div class='ocr_carea' id='block_1_55' title="bbox 2115 2486 3707 2555">
    <p class='ocr_par' dir='ltr' id='par_1_55' title="bbox 2115 2486 3707 2555">
     <span class='ocr_line' id='line_1_55' title="bbox 2115 2486 3707 2555; baseline -0.001 -13"><span class='ocrx_word' id='word_1_377' title='bbox 2115 2489 2380 2543; x_wconf 83' lang='lat' dir='ltr'>verbum:</span> <span class='ocrx_word' id='word_1_378' title='bbox 2418 2491 2663 2555; x_wconf 80' lang='lat' dir='ltr'>Domine,</span> <span class='ocrx_word' id='word_1_379' title='bbox 2698 2491 2779 2544; x_wconf 89' lang='lat' dir='ltr'>sol</span> <span class='ocrx_word' id='word_1_380' title='bbox 2798 2491 2868 2544; x_wconf 90' lang='lat' dir='ltr'>ad</span> <span class='ocrx_word' id='word_1_381' title='bbox 2890 2506 3147 2544; x_wconf 89' lang='lat' dir='ltr'>occasum</span> <span class='ocrx_word' id='word_1_382' title='bbox 3193 2493 3299 2542; x_wconf 86' lang='lat' dir='ltr'>est.</span> <span class='ocrx_word' id='word_1_383' title='bbox 3348 2486 3494 2542; x_wconf 87' lang='lat' dir='ltr'>Cum</span> <span class='ocrx_word' id='word_1_384' title='bbox 3522 2491 3707 2541; x_wconf 80' lang='lat' dir='ltr'>autem</span> 
     </span>
    </p>
   </div>
   <div class='ocr_carea' id='block_1_56' title="bbox 2117 2574 3707 2645">
    <p class='ocr_par' dir='ltr' id='par_1_56' title="bbox 2117 2574 3707 2645">
     <span class='ocr_line' id='line_1_56' title="bbox 2117 2574 3707 2645; baseline -0.001 -14"><span class='ocrx_word' id='word_1_385' title='bbox 2117 2579 2219 2632; x_wconf 88' lang='lat' dir='ltr'>hoc</span> <span class='ocrx_word' id='word_1_386' title='bbox 2248 2578 2476 2633; x_wconf 90' lang='lat' dir='ltr'>verbum</span> <span class='ocrx_word' id='word_1_387' title='bbox 2512 2580 2607 2633; x_wconf 91' lang='lat' dir='ltr'>ille</span> <span class='ocrx_word' id='word_1_388' title='bbox 2635 2580 2905 2645; x_wconf 85' lang='lat' dir='ltr'>audisset,</span> <span class='ocrx_word' id='word_1_389' title='bbox 2955 2594 3072 2633; x_wconf 89' lang='lat' dir='ltr'>non</span> <span class='ocrx_word' id='word_1_390' title='bbox 3122 2577 3370 2632; x_wconf 87' lang='lat' dir='ltr'>tolerans</span> <span class='ocrx_word' id='word_1_391' title='bbox 3408 2575 3599 2631; x_wconf 87' lang='lat' dir='ltr'>cordis</span> <span class='ocrx_word' id='word_1_392' title='bbox 3624 2574 3707 2629; x_wconf 87' lang='lat' dir='ltr'>sui</span> 
     </span>
    </p>
   </div>
   <div class='ocr_carea' id='block_1_57' title="bbox 2115 2666 3703 2741">
    <p class='ocr_par' dir='ltr' id='par_1_57' title="bbox 2115 2666 3703 2741">
     <span class='ocr_line' id='line_1_57' title="bbox 2115 2666 3703 2741; baseline -0.001 -21"><span class='ocrx_word' id='word_1_393' title='bbox 2115 2668 2394 2734; x_wconf 86' lang='lat' dir='ltr'>ardorem,</span> <span class='ocrx_word' id='word_1_394' title='bbox 2448 2669 2545 2723; x_wconf 89' lang='lat' dir='ltr'>sed</span> <span class='ocrx_word' id='word_1_395' title='bbox 2573 2674 2844 2741; x_wconf 85' lang='lat' dir='ltr'>tanquam</span> <span class='ocrx_word' id='word_1_396' title='bbox 2886 2668 3075 2723; x_wconf 89' lang='lat' dir='ltr'>divino</span> <span class='ocrx_word' id='word_1_397' title='bbox 3112 2667 3244 2738; x_wconf 84' lang='lat' dir='ltr'>igne</span> <span class='ocrx_word' id='word_1_398' title='bbox 3298 2666 3703 2729; x_wconf 75' lang='lat' dir='ltr'>inﬂammatus,</span> 
     </span>
    </p>
   </div>
   <div class='ocr_carea' id='block_1_58' title="bbox 2116 2754 3707 2829">
    <p class='ocr_par' dir='ltr' id='par_1_58' title="bbox 2116 2754 3707 2829">
     <span class='ocr_line' id='line_1_58' title="bbox 2116 2754 3707 2829; baseline -0.001 -20"><span class='ocrx_word' id='word_1_399' title='bbox 2116 2757 2293 2810; x_wconf 89' lang='lat' dir='ltr'>sancti</span> <span class='ocrx_word' id='word_1_400' title='bbox 2334 2774 2592 2812; x_wconf 89' lang='lat' dir='ltr'>sermone</span> <span class='ocrx_word' id='word_1_401' title='bbox 2615 2763 2983 2829; x_wconf 89' lang='lat' dir='ltr'>compunctus</span> <span class='ocrx_word' id='word_1_402' title='bbox 3009 2763 3114 2823; x_wconf 90' lang='lat' dir='ltr'>est,</span> <span class='ocrx_word' id='word_1_403' title='bbox 3146 2756 3500 2825; x_wconf 73' lang='lat' dir='ltr'>infestusque</span> <span class='ocrx_word' id='word_1_404' title='bbox 3526 2754 3707 2824; x_wconf 80' lang='lat' dir='ltr'>lacry-</span> 
     </span>
    </p>
   </div>
   <div class='ocr_carea' id='block_1_59' title="bbox 2113 2841 3709 2917">
    <p class='ocr_par' dir='ltr' id='par_1_59' title="bbox 2113 2841 3709 2917">
     <span class='ocr_line' id='line_1_59' title="bbox 2113 2841 3709 2917; baseline -0.001 -19"><span class='ocrx_word' id='word_1_405' title='bbox 2113 2845 2222 2899; x_wconf 88' lang='lat' dir='ltr'>mis</span> <span class='ocrx_word' id='word_1_406' title='bbox 2241 2847 2430 2901; x_wconf 90' lang='lat' dir='ltr'>statim</span> <span class='ocrx_word' id='word_1_407' title='bbox 2452 2852 2603 2902; x_wconf 91' lang='lat' dir='ltr'>totus</span> <span class='ocrx_word' id='word_1_408' title='bbox 2621 2848 2797 2903; x_wconf 84' lang='lat' dir='ltr'>factus</span> <span class='ocrx_word' id='word_1_409' title='bbox 2815 2853 2900 2902; x_wconf 88' lang='lat' dir='ltr'>est</span> <span class='ocrx_word' id='word_1_410' title='bbox 2922 2866 2935 2914; x_wconf 91' lang='lat'><strong>;</strong></span> <span class='ocrx_word' id='word_1_411' title='bbox 2973 2852 3029 2901; x_wconf 89' lang='lat' dir='ltr'>et</span> <span class='ocrx_word' id='word_1_412' title='bbox 3049 2844 3465 2917; x_wconf 87' lang='lat' dir='ltr'>surgens,venit</span> <span class='ocrx_word' id='word_1_413' title='bbox 3483 2843 3556 2898; x_wconf 88' lang='lat' dir='ltr'>ad</span> <span class='ocrx_word' id='word_1_414' title='bbox 3581 2841 3709 2897; x_wconf 78' lang='lat' dir='ltr'>bea-</span> 
     </span>
    </p>
   </div>
   <div class='ocr_carea' id='block_1_60' title="bbox 2111 2924 3707 3002">
    <p class='ocr_par' dir='ltr' id='par_1_60' title="bbox 2111 2924 3707 3002">
     <span class='ocr_line' id='line_1_60' title="bbox 2111 2924 3707 3002; baseline -0.002 -14"><span class='ocrx_word' id='word_1_415' title='bbox 2111 2940 2234 2989; x_wconf 90' lang='lat' dir='ltr'>tum</span> <span class='ocrx_word' id='word_1_416' title='bbox 2252 2936 2420 2991; x_wconf 86' lang='lat' dir='ltr'>hunc.</span> <span class='ocrx_word' id='word_1_417' title='bbox 2442 2938 2616 3002; x_wconf 88' lang='lat' dir='ltr'>Quem</span> <span class='ocrx_word' id='word_1_418' title='bbox 2632 2955 2757 2992; x_wconf 91' lang='lat' dir='ltr'>cum</span> <span class='ocrx_word' id='word_1_419' title='bbox 2774 2937 3115 3002; x_wconf 81' lang='lat' dir='ltr'>vidisset,ait</span> <span class='ocrx_word' id='word_1_420' title='bbox 3143 2954 3154 2990; x_wconf 88' lang='lat'><strong>:</strong></span> <span class='ocrx_word' id='word_1_421' title='bbox 3208 2936 3359 2989; x_wconf 89' lang='lat' dir='ltr'>Bene</span> <span class='ocrx_word' id='word_1_422' title='bbox 3373 2932 3600 2993; x_wconf 82' lang='lat' dir='ltr'>venisti,</span> <span class='ocrx_word' id='word_1_423' title='bbox 3632 2924 3707 2986; x_wconf 79' lang='lat' dir='ltr'>fili</span> 
     </span>
    </p>
   </div>
   <div class='ocr_carea' id='block_1_61' title="bbox 2115 3020 3707 3097">
    <p class='ocr_par' dir='ltr' id='par_1_61' title="bbox 2115 3020 3707 3097">
     <span class='ocr_line' id='line_1_61' title="bbox 2115 3020 3707 3097; baseline -0.001 -20"><span class='ocrx_word' id='word_1_424' title='bbox 2115 3024 2663 3092; x_wconf 66' lang='lat' dir='ltr'>Ecclesiae,obediens</span> <span class='ocrx_word' id='word_1_425' title='bbox 2683 3027 2801 3081; x_wconf 91' lang='lat' dir='ltr'>voci</span> <span class='ocrx_word' id='word_1_426' title='bbox 2819 3028 2941 3097; x_wconf 88' lang='lat' dir='ltr'>ejus</span> <span class='ocrx_word' id='word_1_427' title='bbox 2983 3027 3189 3096; x_wconf 76' lang='lat' dir='ltr'>(Ephes.</span> <span class='ocrx_word' id='word_1_428' title='bbox 3218 3024 3319 3093; x_wconf 81' lang='lat' dir='ltr'>Iv).</span> <span class='ocrx_word' id='word_1_429' title='bbox 3352 3020 3707 3078; x_wconf 83' lang='lat' dir='ltr'>Mittentibus</span> 
     </span>
    </p>
   </div>
   <div class='ocr_carea' id='block_1_62' title="bbox 441 3110 3708 3196">
    <p class='ocr_par' dir='ltr' id='par_1_62' title="bbox 441 3110 3708 3196">
     <span class='ocr_line' id='line_1_62' title="bbox 441 3110 3708 3196; baseline 0.002 -24"><span class='ocrx_word' id='word_1_430' title='bbox 441 3135 522 3179; x_wconf 83' lang='lat' dir='ltr'>re,</span> <span class='ocrx_word' id='word_1_431' title='bbox 554 3125 611 3173; x_wconf 91' lang='lat' dir='ltr'>et</span> <span class='ocrx_word' id='word_1_432' title='bbox 638 3118 714 3172; x_wconf 89' lang='lat' dir='ltr'>ibi</span> <span class='ocrx_word' id='word_1_433' title='bbox 747 3119 1071 3173; x_wconf 88' lang='lat' dir='ltr'>recordatus</span> <span class='ocrx_word' id='word_1_434' title='bbox 1100 3118 1292 3180; x_wconf 85' lang='lat' dir='ltr'>fueris,</span> <span class='ocrx_word' id='word_1_435' title='bbox 1330 3120 1462 3191; x_wconf 91' lang='lat' dir='ltr'>quia</span> <span class='ocrx_word' id='word_1_436' title='bbox 1503 3119 1676 3174; x_wconf 88' lang='lat' dir='ltr'>frater</span> <span class='ocrx_word' id='word_1_437' title='bbox 1698 3125 1832 3174; x_wconf 89' lang='lat' dir='ltr'>tuus</span> <span class='ocrx_word' id='word_1_438' title='bbox 1864 3119 2031 3175; x_wconf 83' lang='lat' dir='ltr'>habet</span> <span class='ocrx_word' id='word_1_439' title='bbox 2051 3115 2286 3196; x_wconf 74' lang='lat' dir='ltr'>Cigitur</span> <span class='ocrx_word' id='word_1_440' title='bbox 2305 3115 2577 3171; x_wconf 81' lang='lat' dir='ltr'>ambobus</span> <span class='ocrx_word' id='word_1_441' title='bbox 2605 3121 2941 3172; x_wconf 65' lang='lat' dir='ltr'>metanwam</span> <span class='ocrx_word' id='word_1_442' title='bbox 2964 3116 3158 3186; x_wconf 45' lang='lat'>(49).!”</span> <span class='ocrx_word' id='word_1_443' title='bbox 3172 3110 3708 3185; x_wconf 60' lang='lat' dir='ltr'>amplexanubusal&#39;</span> 
     </span>
    </p>
   </div>
   <div class='ocr_carea' id='block_1_63' title="bbox 440 3200 3702 3280">
    <p class='ocr_par' dir='ltr' id='par_1_63' title="bbox 440 3200 3702 3280">
     <span class='ocr_line' id='line_1_63' title="bbox 440 3200 3702 3280; baseline 0.001 -19"><span class='ocrx_word' id='word_1_444' title='bbox 440 3209 651 3280; x_wconf 88' lang='lat' dir='ltr'>aliquid</span> <span class='ocrx_word' id='word_1_445' title='bbox 700 3208 994 3263; x_wconf 86' lang='lat' dir='ltr'>adversum</span> <span class='ocrx_word' id='word_1_446' title='bbox 1052 3214 1126 3269; x_wconf 86' lang='lat' dir='ltr'>te,</span> <span class='ocrx_word' id='word_1_447' title='bbox 1168 3208 1423 3280; x_wconf 90' lang='lat' dir='ltr'>relinque</span> <span class='ocrx_word' id='word_1_448' title='bbox 1479 3208 1557 3263; x_wconf 90' lang='lat' dir='ltr'>ibi</span> <span class='ocrx_word' id='word_1_449' title='bbox 1604 3226 1809 3264; x_wconf 89' lang='lat' dir='ltr'>munus</span> <span class='ocrx_word' id='word_1_450' title='bbox 1864 3214 2027 3264; x_wconf 90' lang='lat' dir='ltr'>tuum</span> <span class='ocrx_word' id='word_1_451' title='bbox 2111 3204 3069 3276; x_wconf 83' lang='lat' dir='ltr'>terutrum,sederunt.Etaperiens</span> <span class='ocrx_word' id='word_1_452' title='bbox 3096 3220 3159 3259; x_wconf 89' lang='lat' dir='ltr'>os</span> <span class='ocrx_word' id='word_1_453' title='bbox 3185 3200 3702 3273; x_wconf 58' lang='lat' dir='ltr'>suumpatriarchts</span> 
     </span>
    </p>
   </div>
   <div class='ocr_carea' id='block_1_64' title="bbox 446 3297 2023 3367">
    <p class='ocr_par' dir='ltr' id='par_1_64' title="bbox 446 3297 2023 3367">
     <span class='ocr_line' id='line_1_64' title="bbox 446 3297 2023 3367; baseline 0.001 -16"><span class='ocrx_word' id='word_1_454' title='bbox 446 3299 654 3367; x_wconf 77' lang='lat' dir='ltr'>(Matth.</span> <span class='ocrx_word' id='word_1_455' title='bbox 680 3303 754 3367; x_wconf 92' lang='lat' dir='ltr'>v),</span> <span class='ocrx_word' id='word_1_456' title='bbox 798 3303 885 3351; x_wconf 88' lang='lat' dir='ltr'>etc</span> <span class='ocrx_word' id='word_1_457' title='bbox 931 3297 1153 3353; x_wconf 87' lang='lat' dir='ltr'>intimat</span> <span class='ocrx_word' id='word_1_458' title='bbox 1175 3299 1409 3353; x_wconf 90' lang='lat' dir='ltr'>diacono</span> <span class='ocrx_word' id='word_1_459' title='bbox 1438 3298 1663 3354; x_wconf 87' lang='lat' dir='ltr'>facienti</span> <span class='ocrx_word' id='word_1_460' title='bbox 1692 3298 2023 3366; x_wconf 87' lang='lat' dir='ltr'>orationem,</span> 
     </span>
    </p>
   </div>
   <div class='ocr_carea' id='block_1_65' title="bbox 437 3388 2030 3464">
    <p class='ocr_par' dir='ltr' id='par_1_65' title="bbox 437 3388 2030 3464">
     <span class='ocr_line' id='line_1_65' title="bbox 437 3388 2030 3464; baseline 0.001 -23"><span class='ocrx_word' id='word_1_461' title='bbox 437 3404 605 3459; x_wconf 89' lang='lat' dir='ltr'>quam</span> <span class='ocrx_word' id='word_1_462' title='bbox 651 3388 925 3464; x_wconf 54' lang='lat' dir='ltr'>diaconus</span> <span class='ocrx_word' id='word_1_463' title='bbox 954 3388 1150 3443; x_wconf 91' lang='lat' dir='ltr'>solitus</span> <span class='ocrx_word' id='word_1_464' title='bbox 1177 3388 1356 3444; x_wconf 84' lang='lat' dir='ltr'>facere</span> <span class='ocrx_word' id='word_1_465' title='bbox 1372 3393 1512 3455; x_wconf 89' lang='lat' dir='ltr'>erat,</span> <span class='ocrx_word' id='word_1_466' title='bbox 1536 3394 1601 3443; x_wconf 90' lang='lat' dir='ltr'>ut</span> <span class='ocrx_word' id='word_1_467' title='bbox 1634 3388 1969 3459; x_wconf 90' lang='lat' dir='ltr'>reinciperct</span> <span class='ocrx_word' id='word_1_468' title='bbox 1995 3405 2030 3442; x_wconf 90' lang='lat' dir='ltr'>a</span> 
     </span>
    </p>
   </div>
   <div class='ocr_carea' id='block_1_66' title="bbox 438 3477 2026 3549">
    <p class='ocr_par' dir='ltr' id='par_1_66' title="bbox 438 3477 2026 3549">
     <span class='ocr_line' id='line_1_66' title="bbox 438 3477 2026 3549; baseline 0 -18"><span class='ocrx_word' id='word_1_469' title='bbox 438 3477 617 3548; x_wconf 88' lang='lat' dir='ltr'>capite</span> <span class='ocrx_word' id='word_1_470' title='bbox 650 3477 762 3543; x_wconf 73' lang='lat'>(44)</span> <span class='ocrx_word' id='word_1_471' title='bbox 792 3494 805 3543; x_wconf 93' lang='lat'><strong>;</strong></span> <span class='ocrx_word' id='word_1_472' title='bbox 837 3482 894 3531; x_wconf 91' lang='lat' dir='ltr'>et</span> <span class='ocrx_word' id='word_1_473' title='bbox 916 3478 963 3532; x_wconf 89' lang='lat' dir='ltr'>si</span> <span class='ocrx_word' id='word_1_474' title='bbox 991 3478 1337 3549; x_wconf 90' lang='lat' dir='ltr'>impleretur,</span> <span class='ocrx_word' id='word_1_475' title='bbox 1376 3478 1581 3533; x_wconf 86' lang='lat' dir='ltr'>iterum</span> <span class='ocrx_word' id='word_1_476' title='bbox 1608 3477 2026 3549; x_wconf 88' lang='lat' dir='ltr'>recapitularet,</span> 
     </span>
    </p>
   </div>
   <div class='ocr_carea' id='block_1_67' title="bbox 436 3565 2029 3638">
    <p class='ocr_par' dir='ltr' id='par_1_67' title="bbox 436 3565 2029 3638">
     <span class='ocr_line' id='line_1_67' title="bbox 436 3565 2029 3638; baseline 0.001 -19"><span class='ocrx_word' id='word_1_477' title='bbox 436 3580 615 3636; x_wconf 91' lang='lat' dir='ltr'>usque</span> <span class='ocrx_word' id='word_1_478' title='bbox 644 3565 778 3620; x_wconf 92' lang='lat' dir='ltr'>dum</span> <span class='ocrx_word' id='word_1_479' title='bbox 805 3567 1095 3637; x_wconf 89' lang='lat' dir='ltr'>perveniat</span> <span class='ocrx_word' id='word_1_480' title='bbox 1123 3568 1244 3638; x_wconf 90' lang='lat' dir='ltr'>ejus</span> <span class='ocrx_word' id='word_1_481' title='bbox 1260 3566 1646 3621; x_wconf 83' lang='lat' dir='ltr'>sanctificatio.</span> <span class='ocrx_word' id='word_1_482' title='bbox 1679 3565 2029 3620; x_wconf 84' lang='lat' dir='ltr'>Finxitenim</span> 
     </span>
    </p>
   </div>
   <div class='ocr_carea' id='block_1_68' title="bbox 439 3655 2026 3726">
    <p class='ocr_par' dir='ltr' id='par_1_68' title="bbox 439 3655 2026 3726">
     <span class='ocr_line' id='line_1_68' title="bbox 439 3655 2026 3726; baseline 0.001 -19"><span class='ocrx_word' id='word_1_483' title='bbox 439 3670 520 3719; x_wconf 91' lang='lat' dir='ltr'>se,</span> <span class='ocrx_word' id='word_1_484' title='bbox 551 3658 821 3726; x_wconf 85' lang='lat' dir='ltr'>tanquam</span> <span class='ocrx_word' id='word_1_485' title='bbox 852 3655 900 3709; x_wconf 91' lang='lat' dir='ltr'>si</span> <span class='ocrx_word' id='word_1_486' title='bbox 930 3672 1057 3710; x_wconf 91' lang='lat' dir='ltr'>eum</span> <span class='ocrx_word' id='word_1_487' title='bbox 1086 3656 1295 3710; x_wconf 91' lang='lat' dir='ltr'>ventris</span> <span class='ocrx_word' id='word_1_488' title='bbox 1326 3656 1628 3710; x_wconf 90' lang='lat' dir='ltr'>necessitas</span> <span class='ocrx_word' id='word_1_489' title='bbox 1649 3655 2026 3726; x_wconf 88' lang='lat' dir='ltr'>compulisset.</span> 
     </span>
    </p>
   </div>
   <div class='ocr_carea' id='block_1_69' title="bbox 434 3742 2031 3810">
    <p class='ocr_par' dir='ltr' id='par_1_69' title="bbox 434 3742 2031 3810">
     <span class='ocr_line' id='line_1_69' title="bbox 434 3742 2031 3810; baseline 0.001 -13"><span class='ocrx_word' id='word_1_490' title='bbox 434 3742 503 3797; x_wconf 88' lang='lat' dir='ltr'>Et</span> <span class='ocrx_word' id='word_1_491' title='bbox 530 3744 756 3799; x_wconf 90' lang='lat' dir='ltr'>veniens</span> <span class='ocrx_word' id='word_1_492' title='bbox 783 3744 840 3799; x_wconf 91' lang='lat' dir='ltr'>in</span> <span class='ocrx_word' id='word_1_493' title='bbox 880 3745 1205 3800; x_wconf 89' lang='lat' dir='ltr'>honorabile</span> <span class='ocrx_word' id='word_1_494' title='bbox 1254 3745 1679 3799; x_wconf 89' lang='lat' dir='ltr'>cimiliarchium</span> <span class='ocrx_word' id='word_1_495' title='bbox 1713 3744 1843 3810; x_wconf 64' lang='grc'>(45⁸,</span> <span class='ocrx_word' id='word_1_496' title='bbox 1877 3744 2031 3799; x_wconf 90' lang='lat' dir='ltr'>misit</span> 
     </span>
    </p>
   </div>
   <div class='ocr_carea' id='block_1_70' title="bbox 433 3833 2027 3906">
    <p class='ocr_par' dir='ltr' id='par_1_70' title="bbox 433 3833 2027 3906">
     <span class='ocr_line' id='line_1_70' title="bbox 433 3833 2027 3906; baseline 0.001 -20"><span class='ocrx_word' id='word_1_497' title='bbox 433 3833 624 3887; x_wconf 88' lang='lat' dir='ltr'>statim</span> <span class='ocrx_word' id='word_1_498' title='bbox 652 3833 768 3889; x_wconf 85' lang='lat' dir='ltr'>fere</span> <span class='ocrx_word' id='word_1_499' title='bbox 797 3834 995 3905; x_wconf 87' lang='lat' dir='ltr'>viginti</span> <span class='ocrx_word' id='word_1_500' title='bbox 1025 3834 1509 3900; x_wconf 88' lang='lat' dir='ltr'>hebdomadarios,</span> <span class='ocrx_word' id='word_1_501' title='bbox 1551 3840 1865 3906; x_wconf 76' lang='lat' dir='ltr'>quaerentes</span> <span class='ocrx_word' id='word_1_502' title='bbox 1906 3835 2027 3905; x_wconf 86' lang='lat' dir='ltr'>jam</span> 
     </span>
    </p>
   </div>
   <div class='ocr_carea' id='block_1_71' title="bbox 435 3920 2028 3995">
    <p class='ocr_par' dir='ltr' id='par_1_71' title="bbox 435 3920 2028 3995">
     <span class='ocr_line' id='line_1_71' title="bbox 435 3920 2028 3995; baseline 0.001 -19"><span class='ocrx_word' id='word_1_503' title='bbox 435 3920 649 3977; x_wconf 90' lang='lat' dir='ltr'>dictum</span> <span class='ocrx_word' id='word_1_504' title='bbox 678 3924 813 3978; x_wconf 90' lang='lat' dir='ltr'>mali</span> <span class='ocrx_word' id='word_1_505' title='bbox 835 3923 987 3977; x_wconf 89' lang='lat' dir='ltr'>modi</span> <span class='ocrx_word' id='word_1_506' title='bbox 1016 3925 1282 3979; x_wconf 88' lang='lat' dir='ltr'>clericum</span> <span class='ocrx_word' id='word_1_507' title='bbox 1319 3922 1447 3993; x_wconf 75' lang='lat'>(16).</span> <span class='ocrx_word' id='word_1_508' title='bbox 1482 3925 1727 3980; x_wconf 90' lang='lat' dir='ltr'>Intentio</span> <span class='ocrx_word' id='word_1_509' title='bbox 1755 3924 1904 3979; x_wconf 90' lang='lat' dir='ltr'>enim</span> <span class='ocrx_word' id='word_1_510' title='bbox 1933 3940 2028 3995; x_wconf 88' lang='lat' dir='ltr'>pa-</span> 
     </span>
    </p>
   </div>
   <div class='ocr_carea' id='block_1_72' title="bbox 433 4010 2025 4077">
    <p class='ocr_par' dir='ltr' id='par_1_72' title="bbox 433 4010 2025 4077">
     <span class='ocr_line' id='line_1_72' title="bbox 433 4010 2025 4077; baseline 0.003 -13"><span class='ocrx_word' id='word_1_511' title='bbox 433 4010 599 4065; x_wconf 88' lang='lat' dir='ltr'>storis</span> <span class='ocrx_word' id='word_1_512' title='bbox 613 4012 733 4065; x_wconf 68' lang='lat' dir='ltr'>haac</span> <span class='ocrx_word' id='word_1_513' title='bbox 762 4017 903 4077; x_wconf 88' lang='lat' dir='ltr'>erat,</span> <span class='ocrx_word' id='word_1_514' title='bbox 928 4018 991 4067; x_wconf 91' lang='lat' dir='ltr'>ut</span> <span class='ocrx_word' id='word_1_515' title='bbox 1010 4013 1274 4068; x_wconf 89' lang='lat' dir='ltr'>educeret</span> <span class='ocrx_word' id='word_1_516' title='bbox 1285 4013 1353 4067; x_wconf 92' lang='lat' dir='ltr'>de</span> <span class='ocrx_word' id='word_1_517' title='bbox 1373 4030 1469 4068; x_wconf 93' lang='lat' dir='ltr'>ore</span> <span class='ocrx_word' id='word_1_518' title='bbox 1482 4014 1661 4069; x_wconf 89' lang='lat' dir='ltr'>leonis</span> <span class='ocrx_word' id='word_1_519' title='bbox 1672 4030 1849 4069; x_wconf 87' lang='lat' dir='ltr'>ovem.</span> <span class='ocrx_word' id='word_1_520' title='bbox 1874 4014 2025 4069; x_wconf 85' lang='lat' dir='ltr'>Deus</span> 
     </span>
    </p>
   </div>
   <div class='ocr_carea' id='block_1_73' title="bbox 430 4100 2025 4175">
    <p class='ocr_par' dir='ltr' id='par_1_73' title="bbox 430 4100 2025 4175">
     <span class='ocr_line' id='line_1_73' title="bbox 430 4100 2025 4175; baseline 0.004 -23"><span class='ocrx_word' id='word_1_521' title='bbox 430 4116 581 4165; x_wconf 90' lang='lat' dir='ltr'>vero,</span> <span class='ocrx_word' id='word_1_522' title='bbox 619 4100 714 4171; x_wconf 91' lang='lat' dir='ltr'>qui</span> <span class='ocrx_word' id='word_1_523' title='bbox 741 4101 1087 4156; x_wconf 89' lang='lat' dir='ltr'>voluntatem</span> <span class='ocrx_word' id='word_1_524' title='bbox 1128 4101 1451 4157; x_wconf 83' lang='lat' dir='ltr'>timentium</span> <span class='ocrx_word' id='word_1_525' title='bbox 1471 4119 1531 4158; x_wconf 90' lang='lat' dir='ltr'>se</span> <span class='ocrx_word' id='word_1_526' title='bbox 1560 4103 1711 4167; x_wconf 88' lang='lat' dir='ltr'>facit,</span> <span class='ocrx_word' id='word_1_527' title='bbox 1744 4103 1872 4158; x_wconf 88' lang='lat' dir='ltr'>fecit</span> <span class='ocrx_word' id='word_1_528' title='bbox 1911 4118 2025 4175; x_wconf 72' lang='lat' dir='ltr'>pm</span> 
     </span>
    </p>
   </div>
   <div class='ocr_carea' id='block_1_74' title="bbox 432 4187 2027 4260">
    <p class='ocr_par' dir='ltr' id='par_1_74' title="bbox 432 4187 2027 4260">
     <span class='ocr_line' id='line_1_74' title="bbox 432 4187 2027 4260; baseline 0.003 -17"><span class='ocrx_word' id='word_1_529' title='bbox 432 4187 694 4244; x_wconf 88' lang='lat' dir='ltr'>manibus</span> <span class='ocrx_word' id='word_1_530' title='bbox 722 4188 961 4244; x_wconf 89' lang='lat' dir='ltr'>inveniri</span> <span class='ocrx_word' id='word_1_531' title='bbox 982 4206 1108 4244; x_wconf 85' lang='lat' dir='ltr'>mox</span> <span class='ocrx_word' id='word_1_532' title='bbox 1151 4191 1433 4245; x_wconf 88' lang='lat' dir='ltr'>clericum.</span> <span class='ocrx_word' id='word_1_533' title='bbox 1475 4192 1546 4247; x_wconf 89' lang='lat' dir='ltr'>Et</span> <span class='ocrx_word' id='word_1_534' title='bbox 1571 4192 1830 4247; x_wconf 89' lang='lat' dir='ltr'>veniente</span> <span class='ocrx_word' id='word_1_535' title='bbox 1860 4208 1946 4260; x_wconf 93' lang='lat' dir='ltr'>eo,</span> <span class='ocrx_word' id='word_1_536' title='bbox 1969 4198 2027 4247; x_wconf 90' lang='lat' dir='ltr'>et</span> 
     </span>
    </p>
   </div>
   <div class='ocr_carea' id='block_1_75' title="bbox 427 4276 2021 4353">
    <p class='ocr_par' dir='ltr' id='par_1_75' title="bbox 427 4276 2021 4353">
     <span class='ocr_line' id='line_1_75' title="bbox 427 4276 2021 4353; baseline 0.004 -22"><span class='ocrx_word' id='word_1_537' title='bbox 427 4276 652 4332; x_wconf 84' lang='lat' dir='ltr'>veritati</span> <span class='ocrx_word' id='word_1_538' title='bbox 672 4278 1056 4333; x_wconf 89' lang='lat' dir='ltr'>testimonium</span> <span class='ocrx_word' id='word_1_539' title='bbox 1089 4278 1437 4352; x_wconf 80' lang='lat' dir='ltr'>peibibente,</span> <span class='ocrx_word' id='word_1_540' title='bbox 1495 4281 1650 4352; x_wconf 91' lang='lat' dir='ltr'>prior</span> <span class='ocrx_word' id='word_1_541' title='bbox 1702 4281 2021 4353; x_wconf 89' lang='lat' dir='ltr'>patriarcha</span> 
     </span>
    </p>
   </div>
   <div class='ocr_carea' id='block_1_76' title="bbox 428 4368 2020 4441">
    <p class='ocr_par' dir='ltr' id='par_1_76' title="bbox 428 4368 2020 4441">
     <span class='ocr_line' id='line_1_76' title="bbox 428 4368 2020 4441; baseline 0.004 -20"><span class='ocrx_word' id='word_1_542' title='bbox 428 4382 580 4436; x_wconf 86' lang='lat' dir='ltr'>genu</span> <span class='ocrx_word' id='word_1_543' title='bbox 610 4368 781 4432; x_wconf 81' lang='lat' dir='ltr'>ﬂexit,</span> <span class='ocrx_word' id='word_1_544' title='bbox 817 4368 1040 4423; x_wconf 91' lang='lat' dir='ltr'>dicens:</span> <span class='ocrx_word' id='word_1_545' title='bbox 1095 4370 1331 4441; x_wconf 89' lang='lat' dir='ltr'>Indulge</span> <span class='ocrx_word' id='word_1_546' title='bbox 1360 4369 1519 4437; x_wconf 92' lang='lat' dir='ltr'>mihi,</span> <span class='ocrx_word' id='word_1_547' title='bbox 1571 4370 1764 4425; x_wconf 83' lang='lat' dir='ltr'>frater.</span> <span class='ocrx_word' id='word_1_548' title='bbox 1793 4371 2020 4427; x_wconf 82' lang='lat' dir='ltr'>Veritus</span> 
     </span>
    </p>
   </div>
   <div class='ocr_carea' id='block_1_77' title="bbox 2111 3289 3705 3364">
    <p class='ocr_par' dir='ltr' id='par_1_77' title="bbox 2111 3289 3705 3364">
     <span class='ocr_line' id='line_1_77' title="bbox 2111 3289 3705 3364; baseline -0.003 -17"><span class='ocrx_word' id='word_1_549' title='bbox 2111 3294 2254 3348; x_wconf 88' lang='lat' dir='ltr'>dixit</span> <span class='ocrx_word' id='word_1_550' title='bbox 2284 3314 2296 3348; x_wconf 91' lang='lat'><strong>:</strong></span> <span class='ocrx_word' id='word_1_551' title='bbox 2329 3295 2509 3351; x_wconf 85' lang='lat' dir='ltr'>Crede</span> <span class='ocrx_word' id='word_1_552' title='bbox 2546 3295 2704 3361; x_wconf 89' lang='lat' dir='ltr'>mihi,</span> <span class='ocrx_word' id='word_1_553' title='bbox 2747 3295 2992 3360; x_wconf 89' lang='lat' dir='ltr'>domine,</span> <span class='ocrx_word' id='word_1_554' title='bbox 3023 3293 3131 3349; x_wconf 88' lang='lat' dir='ltr'>nisi</span> <span class='ocrx_word' id='word_1_555' title='bbox 3159 3292 3294 3364; x_wconf 88' lang='lat' dir='ltr'>quia</span> <span class='ocrx_word' id='word_1_556' title='bbox 3318 3291 3429 3346; x_wconf 89' lang='lat' dir='ltr'>vidi</span> <span class='ocrx_word' id='word_1_557' title='bbox 3452 3295 3515 3345; x_wconf 83' lang='lat' dir='ltr'>te</span> <span class='ocrx_word' id='word_1_558' title='bbox 3551 3289 3705 3344; x_wconf 85' lang='lat' dir='ltr'>valde</span> 
     </span>
    </p>
   </div>
   <div class='ocr_carea' id='block_1_78' title="bbox 2108 3376 3705 3457">
    <p class='ocr_par' dir='ltr' id='par_1_78' title="bbox 2108 3376 3705 3457">
     <span class='ocr_line' id='line_1_78' title="bbox 2108 3376 3705 3457; baseline -0.003 -21"><span class='ocrx_word' id='word_1_559' title='bbox 2108 3382 2439 3439; x_wconf 87' lang='lat' dir='ltr'>tribulatum</span> <span class='ocrx_word' id='word_1_560' title='bbox 2462 3384 2531 3439; x_wconf 86' lang='lat' dir='ltr'>de</span> <span class='ocrx_word' id='word_1_561' title='bbox 2550 3385 2674 3451; x_wconf 85' lang='lat' dir='ltr'>hoc,</span> <span class='ocrx_word' id='word_1_562' title='bbox 2691 3386 2812 3457; x_wconf 85' lang='lat' dir='ltr'>jam</span> <span class='ocrx_word' id='word_1_563' title='bbox 2842 3401 2955 3439; x_wconf 89' lang='lat' dir='ltr'>non</span> <span class='ocrx_word' id='word_1_564' title='bbox 2970 3383 3273 3456; x_wconf 88' lang='lat' dir='ltr'>pigritarer</span> <span class='ocrx_word' id='word_1_565' title='bbox 3291 3396 3395 3453; x_wconf 89' lang='lat' dir='ltr'>ego</span> <span class='ocrx_word' id='word_1_566' title='bbox 3425 3379 3621 3434; x_wconf 87' lang='lat' dir='ltr'>venire</span> <span class='ocrx_word' id='word_1_567' title='bbox 3638 3376 3705 3432; x_wconf 75' lang='lat' dir='ltr'>ad</span> 
     </span>
    </p>
   </div>
   <div class='ocr_carea' id='block_1_79' title="bbox 2112 3470 3705 3529">
    <p class='ocr_par' dir='ltr' id='par_1_79' title="bbox 2112 3470 3705 3529">
     <span class='ocr_line' id='line_1_79' title="bbox 2112 3470 3705 3529; baseline -0.004 -3"><span class='ocrx_word' id='word_1_568' title='bbox 2112 3472 2424 3528; x_wconf 86' lang='lat' dir='ltr'>claritatem</span> <span class='ocrx_word' id='word_1_569' title='bbox 2477 3479 2657 3528; x_wconf 89' lang='lat' dir='ltr'>tuam.</span> <span class='ocrx_word' id='word_1_570' title='bbox 2709 3474 2931 3529; x_wconf 90' lang='lat' dir='ltr'>Etenim</span> <span class='ocrx_word' id='word_1_571' title='bbox 2967 3472 3240 3528; x_wconf 88' lang='lat' dir='ltr'>Dominus</span> <span class='ocrx_word' id='word_1_572' title='bbox 3260 3475 3317 3527; x_wconf 79' lang='lat' dir='ltr'>et</span> <span class='ocrx_word' id='word_1_573' title='bbox 3342 3470 3493 3525; x_wconf 83' lang='lat' dir='ltr'>Deus</span> <span class='ocrx_word' id='word_1_574' title='bbox 3517 3473 3705 3524; x_wconf 75' lang='lat' dir='ltr'>noster</span> 
     </span>
    </p>
   </div>
   <div class='ocr_carea' id='block_1_80' title="bbox 2110 3558 3707 3635">
    <p class='ocr_par' dir='ltr' id='par_1_80' title="bbox 2110 3558 3707 3635">
     <span class='ocr_line' id='line_1_80' title="bbox 2110 3558 3707 3635; baseline -0.003 -20"><span class='ocrx_word' id='word_1_575' title='bbox 2110 3562 2229 3635; x_wconf 89' lang='lat' dir='ltr'>ipse</span> <span class='ocrx_word' id='word_1_576' title='bbox 2255 3561 2526 3619; x_wconf 88' lang='lat' dir='ltr'>circuibat</span> <span class='ocrx_word' id='word_1_577' title='bbox 2545 3562 2797 3618; x_wconf 88' lang='lat' dir='ltr'>civitates</span> <span class='ocrx_word' id='word_1_578' title='bbox 2821 3569 2882 3618; x_wconf 89' lang='lat' dir='ltr'>et</span> <span class='ocrx_word' id='word_1_579' title='bbox 2908 3561 3137 3618; x_wconf 82' lang='lat' dir='ltr'>castella</span> <span class='ocrx_word' id='word_1_580' title='bbox 3153 3566 3212 3616; x_wconf 83' lang='lat' dir='ltr'>et</span> <span class='ocrx_word' id='word_1_581' title='bbox 3238 3561 3454 3623; x_wconf 89' lang='lat' dir='ltr'>domos,</span> <span class='ocrx_word' id='word_1_582' title='bbox 3477 3558 3707 3614; x_wconf 78' lang='lat' dir='ltr'>visitan-</span> 
     </span>
    </p>
   </div>
   <div class='ocr_carea' id='block_1_81' title="bbox 2112 3647 3704 3709">
    <p class='ocr_par' dir='ltr' id='par_1_81' title="bbox 2112 3647 3704 3709">
     <span class='ocr_line' id='line_1_81' title="bbox 2112 3647 3704 3709; baseline -0.003 -3"><span class='ocrx_word' id='word_1_583' title='bbox 2112 3652 2183 3706; x_wconf 93' lang='lat' dir='ltr'>do</span> <span class='ocrx_word' id='word_1_584' title='bbox 2211 3652 2484 3708; x_wconf 88' lang='lat' dir='ltr'>homines.</span> <span class='ocrx_word' id='word_1_585' title='bbox 2519 3653 2793 3709; x_wconf 90' lang='lat' dir='ltr'>Omnibus</span> <span class='ocrx_word' id='word_1_586' title='bbox 2822 3657 3012 3708; x_wconf 89' lang='lat' dir='ltr'>autem</span> <span class='ocrx_word' id='word_1_587' title='bbox 3043 3650 3362 3706; x_wconf 77' lang='lat' dir='ltr'>humilitate</span> <span class='ocrx_word' id='word_1_588' title='bbox 3384 3647 3600 3703; x_wconf 88' lang='lat' dir='ltr'>summi</span> <span class='ocrx_word' id='word_1_589' title='bbox 3617 3660 3704 3701; x_wconf 82' lang='lat' dir='ltr'>sa-</span> 
     </span>
    </p>
   </div>
   <div class='ocr_carea' id='block_1_82' title="bbox 2112 3733 3705 3812">
    <p class='ocr_par' dir='ltr' id='par_1_82' title="bbox 2112 3733 3705 3812">
     <span class='ocr_line' id='line_1_82' title="bbox 2112 3733 3705 3812; baseline -0.005 -17"><span class='ocrx_word' id='word_1_590' title='bbox 2112 3741 2353 3797; x_wconf 91' lang='lat' dir='ltr'>cerdotis</span> <span class='ocrx_word' id='word_1_591' title='bbox 2383 3743 2691 3811; x_wconf 74' lang='lat' dir='ltr'>aedificatis,</span> <span class='ocrx_word' id='word_1_592' title='bbox 2725 3742 3167 3798; x_wconf 79' lang='lat' dir='ltr'>etadmiratione</span> <span class='ocrx_word' id='word_1_593' title='bbox 3182 3739 3382 3812; x_wconf 84' lang='lat' dir='ltr'>plenis,</span> <span class='ocrx_word' id='word_1_594' title='bbox 3415 3733 3705 3809; x_wconf 77' lang='lat' dir='ltr'>re3pondit</span> 
     </span>
    </p>
   </div>
   <div class='ocr_carea' id='block_1_83' title="bbox 2120 3824 3701 3905">
    <p class='ocr_par' dir='ltr' id='par_1_83' title="bbox 2120 3824 3701 3905">
     <span class='ocr_line' id='line_1_83' title="bbox 2120 3824 3701 3905; baseline -0.006 -17"><span class='ocrx_word' id='word_1_595' title='bbox 2120 3836 2153 3896; x_wconf 77' lang='grc' dir='ltr'><strong>Ι</strong></span> <span class='ocrx_word' id='word_1_596' title='bbox 2173 3836 2293 3896; x_wconf 60' lang='grc' dir='ltr'>δα</span> <span class='ocrx_word' id='word_1_597' title='bbox 2327 3832 2398 3886; x_wconf 90' lang='lat' dir='ltr'>ad</span> <span class='ocrx_word' id='word_1_598' title='bbox 2411 3849 2538 3887; x_wconf 91' lang='lat' dir='ltr'>eum</span> <span class='ocrx_word' id='word_1_599' title='bbox 2560 3833 2826 3905; x_wconf 86' lang='lat' dir='ltr'>patricius</span> <span class='ocrx_word' id='word_1_600' title='bbox 2861 3830 3283 3897; x_wconf 77' lang='lat' dir='ltr'>:Crede,Pater,</span> <span class='ocrx_word' id='word_1_601' title='bbox 3319 3827 3451 3899; x_wconf 87' lang='lat' dir='ltr'>quia</span> <span class='ocrx_word' id='word_1_602' title='bbox 3463 3824 3701 3881; x_wconf 84' lang='lat' dir='ltr'>ulterius</span> 
     </span>
    </p>
   </div>
   <div class='ocr_carea' id='block_1_84' title="bbox 2107 3913 3703 3994">
    <p class='ocr_par' dir='ltr' id='par_1_84' title="bbox 2107 3913 3703 3994">
     <span class='ocr_line' id='line_1_84' title="bbox 2107 3913 3703 3994; baseline -0.003 -21"><span class='ocrx_word' id='word_1_603' title='bbox 2107 3936 2218 3975; x_wconf 93' lang='lat' dir='ltr'>non</span> <span class='ocrx_word' id='word_1_604' title='bbox 2231 3922 2454 3994; x_wconf 89' lang='lat' dir='ltr'>capient</span> <span class='ocrx_word' id='word_1_605' title='bbox 2464 3940 2628 3980; x_wconf 89' lang='lat' dir='ltr'>aures</span> <span class='ocrx_word' id='word_1_606' title='bbox 2641 3941 2779 3979; x_wconf 66' lang='lat' dir='ltr'>mea:</span> <span class='ocrx_word' id='word_1_607' title='bbox 2801 3939 2995 3979; x_wconf 83' lang='lat' dir='ltr'>eorum</span> <span class='ocrx_word' id='word_1_608' title='bbox 3006 3919 3299 3992; x_wconf 87' lang='lat' dir='ltr'>verba,qui</span> <span class='ocrx_word' id='word_1_609' title='bbox 3309 3917 3589 3988; x_wconf 80' lang='lat' dir='ltr'>litigiosas</span> <span class='ocrx_word' id='word_1_610' title='bbox 3608 3913 3703 3968; x_wconf 85' lang='lat' dir='ltr'>mi-</span> 
     </span>
    </p>
   </div>
   <div class='ocr_carea' id='block_1_85' title="bbox 2107 4005 3702 4085">
    <p class='ocr_par' dir='ltr' id='par_1_85' title="bbox 2107 4005 3702 4085">
     <span class='ocr_line' id='line_1_85' title="bbox 2107 4005 3702 4085; baseline -0.003 -22"><span class='ocrx_word' id='word_1_611' title='bbox 2107 4008 2166 4063; x_wconf 87' lang='lat' dir='ltr'>hi</span> <span class='ocrx_word' id='word_1_612' title='bbox 2194 4019 2505 4083; x_wconf 89' lang='lat' dir='ltr'>suggerunt</span> <span class='ocrx_word' id='word_1_613' title='bbox 2531 4030 2638 4071; x_wconf 87' lang='lat' dir='ltr'>res.</span> <span class='ocrx_word' id='word_1_614' title='bbox 2669 4014 2826 4070; x_wconf 90' lang='lat' dir='ltr'>Tunc</span> <span class='ocrx_word' id='word_1_615' title='bbox 2847 4012 3070 4085; x_wconf 87' lang='lat' dir='ltr'>sapiens</span> <span class='ocrx_word' id='word_1_616' title='bbox 3097 4010 3292 4066; x_wconf 87' lang='lat' dir='ltr'>doctor</span> <span class='ocrx_word' id='word_1_617' title='bbox 3313 4006 3456 4063; x_wconf 80' lang='lat' dir='ltr'>dixit</span> <span class='ocrx_word' id='word_1_618' title='bbox 3482 4005 3702 4061; x_wconf 82' lang='lat' dir='ltr'>ei:Cre-</span> 
     </span>
    </p>
   </div>
   <div class='ocr_carea' id='block_1_86' title="bbox 2106 4096 3693 4172">
    <p class='ocr_par' dir='ltr' id='par_1_86' title="bbox 2106 4096 3693 4172">
     <span class='ocr_line' id='line_1_86' title="bbox 2106 4096 3693 4172; baseline -0.003 -19"><span class='ocrx_word' id='word_1_619' title='bbox 2106 4099 2194 4165; x_wconf 89' lang='lat' dir='ltr'>de,</span> <span class='ocrx_word' id='word_1_620' title='bbox 2227 4102 2304 4156; x_wconf 81' lang='lat' dir='ltr'>ﬁli</span> <span class='ocrx_word' id='word_1_621' title='bbox 2317 4109 2375 4158; x_wconf 90' lang='lat' dir='ltr'>et</span> <span class='ocrx_word' id='word_1_622' title='bbox 2387 4102 2578 4172; x_wconf 84' lang='lat' dir='ltr'>frater,</span> <span class='ocrx_word' id='word_1_623' title='bbox 2615 4105 2661 4161; x_wconf 88' lang='lat' dir='ltr'>si</span> <span class='ocrx_word' id='word_1_624' title='bbox 2694 4104 2954 4161; x_wconf 87' lang='lat' dir='ltr'>omnibus</span> <span class='ocrx_word' id='word_1_625' title='bbox 2972 4099 3415 4160; x_wconf 83' lang='lat' dir='ltr'>hisvoluerimus</span> <span class='ocrx_word' id='word_1_626' title='bbox 3446 4096 3693 4158; x_wconf 83' lang='lat' dir='ltr'>credere,</span> 
     </span>
    </p>
   </div>
   <div class='ocr_carea' id='block_1_87' title="bbox 2106 4182 3696 4267">
    <p class='ocr_par' dir='ltr' id='par_1_87' title="bbox 2106 4182 3696 4267">
     <span class='ocr_line' id='line_1_87' title="bbox 2106 4182 3696 4267; baseline -0.004 -22"><span class='ocrx_word' id='word_1_627' title='bbox 2106 4190 2413 4248; x_wconf 88' lang='lat' dir='ltr'>multorum</span> <span class='ocrx_word' id='word_1_628' title='bbox 2443 4201 2799 4267; x_wconf 84' lang='lat' dir='ltr'>peccatorum</span> <span class='ocrx_word' id='word_1_629' title='bbox 2840 4195 3052 4251; x_wconf 87' lang='lat' dir='ltr'>erimus</span> <span class='ocrx_word' id='word_1_630' title='bbox 3090 4190 3325 4258; x_wconf 88' lang='lat' dir='ltr'>domini,</span> <span class='ocrx_word' id='word_1_631' title='bbox 3370 4187 3617 4243; x_wconf 79' lang='lat' dir='ltr'>maxime</span> <span class='ocrx_word' id='word_1_632' title='bbox 3641 4182 3696 4238; x_wconf 83' lang='lat' dir='ltr'>in</span> 
     </span>
    </p>
   </div>
   <div class='ocr_carea' id='block_1_88' title="bbox 2104 4274 3697 4356">
    <p class='ocr_par' dir='ltr' id='par_1_88' title="bbox 2104 4274 3697 4356">
     <span class='ocr_line' id='line_1_88' title="bbox 2104 4274 3697 4356; baseline -0.003 -22"><span class='ocrx_word' id='word_1_633' title='bbox 2104 4285 2357 4353; x_wconf 83' lang='lat' dir='ltr'>tempore</span> <span class='ocrx_word' id='word_1_634' title='bbox 2384 4283 2510 4345; x_wconf 88' lang='lat' dir='ltr'>hoc,</span> <span class='ocrx_word' id='word_1_635' title='bbox 2542 4285 2765 4356; x_wconf 86' lang='lat' dir='ltr'>quando</span> <span class='ocrx_word' id='word_1_636' title='bbox 2787 4285 2921 4340; x_wconf 82' lang='lat' dir='ltr'>facti</span> <span class='ocrx_word' id='word_1_637' title='bbox 2949 4289 3082 4340; x_wconf 89' lang='lat' dir='ltr'>sunt</span> <span class='ocrx_word' id='word_1_638' title='bbox 3100 4281 3265 4338; x_wconf 87' lang='lat' dir='ltr'>multi</span> <span class='ocrx_word' id='word_1_639' title='bbox 3291 4278 3591 4336; x_wconf 85' lang='lat' dir='ltr'>hominum</span> <span class='ocrx_word' id='word_1_640' title='bbox 3614 4274 3697 4329; x_wconf 82' lang='lat' dir='ltr'>in-</span> 
     </span>
    </p>
   </div>
   <div class='ocr_carea' id='block_1_89' title="bbox 2102 4368 3692 4431">
    <p class='ocr_par' dir='ltr' id='par_1_89' title="bbox 2102 4368 3692 4431">
     <span class='ocr_line' id='line_1_89' title="bbox 2102 4368 3692 4431; baseline -0.002 -9"><span class='ocrx_word' id='word_1_641' title='bbox 2102 4368 2279 4424; x_wconf 88' lang='lat' dir='ltr'>vicem</span> <span class='ocrx_word' id='word_1_642' title='bbox 2308 4372 2580 4428; x_wconf 89' lang='lat' dir='ltr'>odientes.</span> <span class='ocrx_word' id='word_1_643' title='bbox 2612 4374 2895 4431; x_wconf 83' lang='lat' dir='ltr'>Multoties</span> <span class='ocrx_word' id='word_1_644' title='bbox 2917 4375 3067 4430; x_wconf 90' lang='lat' dir='ltr'>enim</span> <span class='ocrx_word' id='word_1_645' title='bbox 3080 4379 3139 4429; x_wconf 91' lang='lat' dir='ltr'>et</span> <span class='ocrx_word' id='word_1_646' title='bbox 3164 4372 3303 4428; x_wconf 89' lang='lat' dir='ltr'>mihi</span> <span class='ocrx_word' id='word_1_647' title='bbox 3317 4369 3557 4425; x_wconf 86' lang='lat' dir='ltr'>suadere</span> <span class='ocrx_word' id='word_1_648' title='bbox 3572 4370 3692 4420; x_wconf 88' lang='lat' dir='ltr'>ten-</span> 
     </span>
    </p>
   </div>
   <div class='ocr_carea' id='block_1_90' title="bbox 428 4457 3692 4560">
    <p class='ocr_par' dir='ltr' id='par_1_90' title="bbox 428 4457 3692 4560">
     <span class='ocr_line' id='line_1_90' title="bbox 428 4457 3692 4560; baseline -0 -49"><span class='ocrx_word' id='word_1_649' title='bbox 428 4473 561 4529; x_wconf 90' lang='lat' dir='ltr'>ergo</span> <span class='ocrx_word' id='word_1_650' title='bbox 589 4457 741 4513; x_wconf 87' lang='lat' dir='ltr'>illius</span> <span class='ocrx_word' id='word_1_651' title='bbox 769 4457 1095 4514; x_wconf 89' lang='lat' dir='ltr'>honorabile</span> <span class='ocrx_word' id='word_1_652' title='bbox 1113 4459 1546 4532; x_wconf 81' lang='lat' dir='ltr'>pontiﬁcium,et</span> <span class='ocrx_word' id='word_1_653' title='bbox 1562 4476 1758 4516; x_wconf 89' lang='lat' dir='ltr'>eorum</span> <span class='ocrx_word' id='word_1_654' title='bbox 1787 4460 1882 4533; x_wconf 90' lang='lat' dir='ltr'>qui</span> <span class='ocrx_word' id='word_1_655' title='bbox 1894 4461 2362 4560; x_wconf 78' lang='lat' dir='ltr'>ade-Dtaverunt</span> <span class='ocrx_word' id='word_1_656' title='bbox 2388 4462 2447 4517; x_wconf 89' lang='lat' dir='ltr'>hi</span> <span class='ocrx_word' id='word_1_657' title='bbox 2485 4463 2580 4535; x_wconf 90' lang='lat' dir='ltr'>qui</span> <span class='ocrx_word' id='word_1_658' title='bbox 2608 4463 2986 4537; x_wconf 82' lang='lat' dir='ltr'>suggerebant</span> <span class='ocrx_word' id='word_1_659' title='bbox 3011 4463 3151 4518; x_wconf 88' lang='lat' dir='ltr'>mihi</span> <span class='ocrx_word' id='word_1_660' title='bbox 3179 4460 3692 4560; x_wconf 56' lang='lat' dir='ltr'>dispositiones-re-</span> 
     </span>
    </p>
   </div>
   <div class='ocr_carea' id='block_1_91' title="bbox 422 4548 2019 4621">
    <p class='ocr_par' dir='ltr' id='par_1_91' title="bbox 422 4548 2019 4621">
     <span class='ocr_line' id='line_1_91' title="bbox 422 4548 2019 4621; baseline 0.003 -19"><span class='ocrx_word' id='word_1_661' title='bbox 422 4552 559 4603; x_wconf 89' lang='lat' dir='ltr'>rant</span> <span class='ocrx_word' id='word_1_662' title='bbox 586 4548 1151 4621; x_wconf 74' lang='lat' dir='ltr'>praesentiam,magis</span> <span class='ocrx_word' id='word_1_663' title='bbox 1178 4566 1310 4605; x_wconf 86' lang='lat' dir='ltr'>vero</span> <span class='ocrx_word' id='word_1_664' title='bbox 1325 4550 1531 4605; x_wconf 89' lang='lat' dir='ltr'>timens</span> <span class='ocrx_word' id='word_1_665' title='bbox 1538 4549 1812 4621; x_wconf 89' lang='lat' dir='ltr'>judicium</span> <span class='ocrx_word' id='word_1_666' title='bbox 1838 4551 2019 4617; x_wconf 91' lang='lat' dir='ltr'>Dei,et</span> 
     </span>
    </p>
   </div>
   <div class='ocr_carea' id='block_1_92' title="bbox 422 4636 2018 4710">
    <p class='ocr_par' dir='ltr' id='par_1_92' title="bbox 422 4636 2018 4710">
     <span class='ocr_line' id='line_1_92' title="bbox 422 4636 2018 4710; baseline 0.003 -19"><span class='ocrx_word' id='word_1_667' title='bbox 422 4636 662 4692; x_wconf 88' lang='lat' dir='ltr'>horrens</span> <span class='ocrx_word' id='word_1_668' title='bbox 690 4654 762 4693; x_wconf 88' lang='lat' dir='ltr'>ne</span> <span class='ocrx_word' id='word_1_669' title='bbox 805 4638 949 4693; x_wconf 86' lang='lat' dir='ltr'>forte</span> <span class='ocrx_word' id='word_1_670' title='bbox 979 4638 1344 4695; x_wconf 90' lang='lat' dir='ltr'>descenderet</span> <span class='ocrx_word' id='word_1_671' title='bbox 1392 4638 1539 4710; x_wconf 88' lang='lat' dir='ltr'>ignis</span> <span class='ocrx_word' id='word_1_672' title='bbox 1568 4639 1636 4694; x_wconf 92' lang='lat' dir='ltr'>de</span> <span class='ocrx_word' id='word_1_673' title='bbox 1661 4640 1798 4695; x_wconf 84' lang='lat' dir='ltr'>coelo</span> <span class='ocrx_word' id='word_1_674' title='bbox 1821 4641 2018 4696; x_wconf 88' lang='lat' dir='ltr'>eadem</span> 
     </span>
    </p>
   </div>
   <div class='ocr_carea' id='block_1_93' title="bbox 423 4724 2018 4796">
    <p class='ocr_par' dir='ltr' id='par_1_93' title="bbox 423 4724 2018 4796">
     <span class='ocr_line' id='line_1_93' title="bbox 423 4724 2018 4796; baseline 0.004 -16"><span class='ocrx_word' id='word_1_675' title='bbox 423 4724 563 4780; x_wconf 90' lang='lat' dir='ltr'>hora</span> <span class='ocrx_word' id='word_1_676' title='bbox 600 4732 658 4781; x_wconf 89' lang='lat' dir='ltr'>et</span> <span class='ocrx_word' id='word_1_677' title='bbox 703 4734 1059 4783; x_wconf 89' lang='lat' dir='ltr'>consumeret</span> <span class='ocrx_word' id='word_1_678' title='bbox 1103 4745 1254 4796; x_wconf 92' lang='lat' dir='ltr'>eum,</span> <span class='ocrx_word' id='word_1_679' title='bbox 1304 4729 1584 4786; x_wconf 85' lang='lat' dir='ltr'>videntem</span> <span class='ocrx_word' id='word_1_680' title='bbox 1629 4731 2018 4786; x_wconf 88' lang='lat' dir='ltr'>honorandam</span> 
     </span>
    </p>
   </div>
   <div class='ocr_carea' id='block_1_94' title="bbox 423 4814 2012 4892">
    <p class='ocr_par' dir='ltr' id='par_1_94' title="bbox 423 4814 2012 4892">
     <span class='ocr_line' id='line_1_94' title="bbox 423 4814 2012 4892; baseline 0.004 -23"><span class='ocrx_word' id='word_1_681' title='bbox 423 4814 581 4870; x_wconf 88' lang='lat' dir='ltr'>illam</span> <span class='ocrx_word' id='word_1_682' title='bbox 606 4816 866 4871; x_wconf 89' lang='lat' dir='ltr'>canitiem</span> <span class='ocrx_word' id='word_1_683' title='bbox 898 4817 1058 4873; x_wconf 91' lang='lat' dir='ltr'>humi</span> <span class='ocrx_word' id='word_1_684' title='bbox 1082 4820 1386 4890; x_wconf 88' lang='lat' dir='ltr'>jacentem,</span> <span class='ocrx_word' id='word_1_685' title='bbox 1416 4836 1565 4891; x_wconf 91' lang='lat' dir='ltr'>genu</span> <span class='ocrx_word' id='word_1_686' title='bbox 1597 4820 1751 4875; x_wconf 85' lang='lat' dir='ltr'>ﬂexit</span> <span class='ocrx_word' id='word_1_687' title='bbox 1779 4827 1836 4876; x_wconf 91' lang='lat' dir='ltr'>et</span> <span class='ocrx_word' id='word_1_688' title='bbox 1873 4821 2012 4892; x_wconf 90' lang='lat' dir='ltr'>ipse,</span> 
     </span>
    </p>
   </div>
   <div class='ocr_carea' id='block_1_95' title="bbox 423 4906 2018 4983">
    <p class='ocr_par' dir='ltr' id='par_1_95' title="bbox 423 4906 2018 4983">
     <span class='ocr_line' id='line_1_95' title="bbox 423 4906 2018 4983; baseline 0.004 -24"><span class='ocrx_word' id='word_1_689' title='bbox 423 4911 623 4977; x_wconf 90' lang='lat' dir='ltr'>petens</span> <span class='ocrx_word' id='word_1_690' title='bbox 645 4906 867 4961; x_wconf 87' lang='lat' dir='ltr'>veniam</span> <span class='ocrx_word' id='word_1_691' title='bbox 889 4912 946 4961; x_wconf 90' lang='lat' dir='ltr'>et</span> <span class='ocrx_word' id='word_1_692' title='bbox 965 4907 1426 4964; x_wconf 82' lang='lat' dir='ltr'>misericOrdiam.</span> <span class='ocrx_word' id='word_1_693' title='bbox 1452 4907 1519 4964; x_wconf 89' lang='lat' dir='ltr'>Et</span> <span class='ocrx_word' id='word_1_694' title='bbox 1539 4908 1759 4967; x_wconf 86' lang='lat' dir='ltr'>dicente</span> <span class='ocrx_word' id='word_1_695' title='bbox 1780 4911 2018 4983; x_wconf 81' lang='lat' dir='ltr'>patriar-</span> 
     </span>
    </p>
   </div>
   <div class='ocr_carea' id='block_1_96' title="bbox 424 4994 2019 5070">
    <p class='ocr_par' dir='ltr' id='par_1_96' title="bbox 424 4994 2019 5070">
     <span class='ocr_line' id='line_1_96' title="bbox 424 4994 2019 5070; baseline 0.003 -20"><span class='ocrx_word' id='word_1_696' title='bbox 424 4995 555 5050; x_wconf 87' lang='lat' dir='ltr'>cha:</span> <span class='ocrx_word' id='word_1_697' title='bbox 589 4994 739 5050; x_wconf 90' lang='lat' dir='ltr'>Deus</span> <span class='ocrx_word' id='word_1_698' title='bbox 767 4994 926 5050; x_wconf 90' lang='lat' dir='ltr'>nobis</span> <span class='ocrx_word' id='word_1_699' title='bbox 957 4996 1216 5053; x_wconf 89' lang='lat' dir='ltr'>omnibus</span> <span class='ocrx_word' id='word_1_700' title='bbox 1242 4997 1548 5070; x_wconf 86' lang='lat' dir='ltr'>indulgeat,</span> <span class='ocrx_word' id='word_1_701' title='bbox 1567 5006 1933 5056; x_wconf 88' lang='lat' dir='ltr'>surrexerunt</span> <span class='ocrx_word' id='word_1_702' title='bbox 1961 5005 2019 5055; x_wconf 90' lang='lat' dir='ltr'>et</span> 
     </span>
    </p>
   </div>
   <div class='ocr_carea' id='block_1_97' title="bbox 422 5083 2016 5156">
    <p class='ocr_par' dir='ltr' id='par_1_97' title="bbox 422 5083 2016 5156">
     <span class='ocr_line' id='line_1_97' title="bbox 422 5083 2016 5156; baseline 0.004 -18"><span class='ocrx_word' id='word_1_703' title='bbox 422 5083 662 5156; x_wconf 90' lang='lat' dir='ltr'>ingressi</span> <span class='ocrx_word' id='word_1_704' title='bbox 684 5089 818 5139; x_wconf 89' lang='lat' dir='ltr'>sunt</span> <span class='ocrx_word' id='word_1_705' title='bbox 837 5084 1001 5139; x_wconf 90' lang='lat' dir='ltr'>ambo</span> <span class='ocrx_word' id='word_1_706' title='bbox 1033 5086 1324 5142; x_wconf 89' lang='lat' dir='ltr'>ecclesiam</span> <span class='ocrx_word' id='word_1_707' title='bbox 1356 5107 1369 5155; x_wconf 91' lang='lat'><strong>;</strong></span> <span class='ocrx_word' id='word_1_708' title='bbox 1414 5092 1472 5143; x_wconf 89' lang='lat' dir='ltr'>et</span> <span class='ocrx_word' id='word_1_709' title='bbox 1499 5093 1635 5144; x_wconf 87' lang='lat' dir='ltr'>tunc</span> <span class='ocrx_word' id='word_1_710' title='bbox 1680 5105 1809 5144; x_wconf 91' lang='lat' dir='ltr'>cum</span> <span class='ocrx_word' id='word_1_711' title='bbox 1839 5090 2016 5145; x_wconf 90' lang='lat' dir='ltr'>multo</span> 
     </span>
    </p>
   </div>
   <div class='ocr_carea' id='block_1_98' title="bbox 420 5173 2018 5245">
    <p class='ocr_par' dir='ltr' id='par_1_98' title="bbox 420 5173 2018 5245">
     <span class='ocr_line' id='line_1_98' title="bbox 420 5173 2018 5245; baseline 0.003 -16"><span class='ocrx_word' id='word_1_712' title='bbox 420 5173 627 5245; x_wconf 87' lang='lat' dir='ltr'>gaudio</span> <span class='ocrx_word' id='word_1_713' title='bbox 649 5178 707 5229; x_wconf 89' lang='lat' dir='ltr'>et</span> <span class='ocrx_word' id='word_1_714' title='bbox 741 5173 935 5229; x_wconf 70' lang='lat' dir='ltr'>laetitia</span> <span class='ocrx_word' id='word_1_715' title='bbox 963 5174 1145 5230; x_wconf 87' lang='lat' dir='ltr'>astitit</span> <span class='ocrx_word' id='word_1_716' title='bbox 1188 5181 1381 5231; x_wconf 88' lang='lat' dir='ltr'>sancto</span> <span class='ocrx_word' id='word_1_717' title='bbox 1428 5177 1614 5244; x_wconf 88' lang='lat' dir='ltr'>altari,</span> <span class='ocrx_word' id='word_1_718' title='bbox 1649 5195 1777 5233; x_wconf 89' lang='lat' dir='ltr'>cum</span> <span class='ocrx_word' id='word_1_719' title='bbox 1806 5179 2018 5234; x_wconf 88' lang='lat' dir='ltr'>munda</span> 
     </span>
    </p>
   </div>
   <div class='ocr_carea' id='block_1_99' title="bbox 421 5263 2018 5324">
    <p class='ocr_par' dir='ltr' id='par_1_99' title="bbox 421 5263 2018 5324">
     <span class='ocr_line' id='line_1_99' title="bbox 421 5263 2018 5324; baseline 0.004 -7"><span class='ocrx_word' id='word_1_720' title='bbox 421 5264 762 5320; x_wconf 89' lang='lat' dir='ltr'>conscientia</span> <span class='ocrx_word' id='word_1_721' title='bbox 789 5265 981 5320; x_wconf 89' lang='lat' dir='ltr'>valens</span> <span class='ocrx_word' id='word_1_722' title='bbox 999 5263 1183 5321; x_wconf 90' lang='lat' dir='ltr'>dicere</span> <span class='ocrx_word' id='word_1_723' title='bbox 1212 5265 1352 5321; x_wconf 92' lang='lat' dir='ltr'>Deo:</span> <span class='ocrx_word' id='word_1_724' title='bbox 1386 5266 1620 5322; x_wconf 89' lang='lat' dir='ltr'>Dimitte</span> <span class='ocrx_word' id='word_1_725' title='bbox 1648 5265 1808 5323; x_wconf 86' lang='lat' dir='ltr'>nobis</span> <span class='ocrx_word' id='word_1_726' title='bbox 1829 5267 2018 5324; x_wconf 86' lang='lat' dir='ltr'>debita</span> 
     </span>
    </p>
   </div>
   <div class='ocr_carea' id='block_1_100' title="bbox 419 5354 2016 5421">
    <p class='ocr_par' dir='ltr' id='par_1_100' title="bbox 419 5354 2016 5421">
     <span class='ocr_line' id='line_1_100' title="bbox 419 5354 2016 5421; baseline 0.005 -15"><span class='ocrx_word' id='word_1_727' title='bbox 419 5359 631 5421; x_wconf 88' lang='lat' dir='ltr'>nostra,</span> <span class='ocrx_word' id='word_1_728' title='bbox 665 5354 810 5409; x_wconf 88' lang='lat' dir='ltr'>sicut</span> <span class='ocrx_word' id='word_1_729' title='bbox 848 5359 906 5408; x_wconf 90' lang='lat' dir='ltr'>et</span> <span class='ocrx_word' id='word_1_730' title='bbox 933 5371 1035 5410; x_wconf 90' lang='lat' dir='ltr'>nos</span> <span class='ocrx_word' id='word_1_731' title='bbox 1086 5354 1422 5413; x_wconf 90' lang='lat' dir='ltr'>dimittimus</span> <span class='ocrx_word' id='word_1_732' title='bbox 1442 5356 1787 5413; x_wconf 90' lang='lat' dir='ltr'>debitoribus</span> <span class='ocrx_word' id='word_1_733' title='bbox 1809 5358 2016 5414; x_wconf 90' lang='lat' dir='ltr'>nostris</span> 
     </span>
    </p>
   </div>
   <div class='ocr_carea' id='block_1_101' title="bbox 427 5442 2016 5521">
    <p class='ocr_par' dir='ltr' id='par_1_101' title="bbox 427 5442 2016 5521">
     <span class='ocr_line' id='line_1_101' title="bbox 427 5442 2016 5521; baseline 0.007 -26"><span class='ocrx_word' id='word_1_734' title='bbox 427 5442 640 5510; x_wconf 76' lang='lat' dir='ltr'>(Matth.</span> <span class='ocrx_word' id='word_1_735' title='bbox 668 5447 763 5508; x_wconf 85' lang='lat' dir='ltr'>v1).</span> <span class='ocrx_word' id='word_1_736' title='bbox 798 5442 887 5499; x_wconf 91' lang='lat' dir='ltr'>Ita</span> <span class='ocrx_word' id='word_1_737' title='bbox 915 5450 1105 5501; x_wconf 88' lang='lat' dir='ltr'>autem</span> <span class='ocrx_word' id='word_1_738' title='bbox 1127 5463 1264 5502; x_wconf 89' lang='lat' dir='ltr'>sana</span> <span class='ocrx_word' id='word_1_739' title='bbox 1293 5464 1360 5502; x_wconf 85' lang='lat' dir='ltr'>ex</span> <span class='ocrx_word' id='word_1_740' title='bbox 1404 5453 1541 5502; x_wconf 88' lang='lat' dir='ltr'>tunc</span> <span class='ocrx_word' id='word_1_741' title='bbox 1581 5453 1639 5503; x_wconf 90' lang='lat' dir='ltr'>et</span> <span class='ocrx_word' id='word_1_742' title='bbox 1684 5454 2016 5521; x_wconf 84' lang='lat' dir='ltr'>compuncta</span> 
     </span>
    </p>
   </div>
   <div class='ocr_carea' id='block_1_102' title="bbox 419 5531 2015 5611">
    <p class='ocr_par' dir='ltr' id='par_1_102' title="bbox 419 5531 2015 5611">
     <span class='ocr_line' id='line_1_102' title="bbox 419 5531 2015 5611; baseline 0.008 -28"><span class='ocrx_word' id='word_1_743' title='bbox 419 5535 609 5585; x_wconf 88' lang='lat' dir='ltr'>mente</span> <span class='ocrx_word' id='word_1_744' title='bbox 638 5531 815 5588; x_wconf 85' lang='lat' dir='ltr'>factus</span> <span class='ocrx_word' id='word_1_745' title='bbox 839 5539 925 5590; x_wconf 91' lang='lat' dir='ltr'>est</span> <span class='ocrx_word' id='word_1_746' title='bbox 950 5535 1126 5592; x_wconf 91' lang='lat' dir='ltr'>lector</span> <span class='ocrx_word' id='word_1_747' title='bbox 1153 5537 1267 5606; x_wconf 90' lang='lat' dir='ltr'>ille,</span> <span class='ocrx_word' id='word_1_748' title='bbox 1292 5542 1358 5594; x_wconf 87' lang='lat' dir='ltr'>ut</span> <span class='ocrx_word' id='word_1_749' title='bbox 1376 5536 1709 5611; x_wconf 85' lang='lat' dir='ltr'>presbyterii</span> <span class='ocrx_word' id='word_1_750' title='bbox 1729 5554 2015 5596; x_wconf 82' lang='lat' dir='ltr'>consecra-</span> 
     </span>
    </p>
   </div>
   <div class='ocr_carea' id='block_1_103' title="bbox 417 5619 1123 5694">
    <p class='ocr_par' dir='ltr' id='par_1_103' title="bbox 417 5619 1123 5694">
     <span class='ocr_line' id='line_1_103' title="bbox 417 5619 1123 5694; baseline 0.011 -19"><span class='ocrx_word' id='word_1_751' title='bbox 417 5619 571 5676; x_wconf 90' lang='lat' dir='ltr'>tione</span> <span class='ocrx_word' id='word_1_752' title='bbox 592 5621 760 5694; x_wconf 90' lang='lat' dir='ltr'>potiri</span> <span class='ocrx_word' id='word_1_753' title='bbox 793 5632 1123 5683; x_wconf 87' lang='lat' dir='ltr'>mereretur.</span> 
     </span>
    </p>
   </div>
   <div class='ocr_carea' id='block_1_104' title="bbox 2099 4544 3691 4627">
    <p class='ocr_par' dir='ltr' id='par_1_104' title="bbox 2099 4544 3691 4627">
     <span class='ocr_line' id='line_1_104' title="bbox 2099 4544 3691 4627; baseline 0.001 -25"><span class='ocrx_word' id='word_1_754' title='bbox 2099 4564 2226 4604; x_wconf 92' lang='lat' dir='ltr'>rum</span> <span class='ocrx_word' id='word_1_755' title='bbox 2251 4570 2264 4619; x_wconf 90' lang='lat'><strong>;</strong></span> <span class='ocrx_word' id='word_1_756' title='bbox 2299 4560 2356 4607; x_wconf 89' lang='lat' dir='ltr'>et</span> <span class='ocrx_word' id='word_1_757' title='bbox 2381 4570 2507 4608; x_wconf 92' lang='lat' dir='ltr'>cum</span> <span class='ocrx_word' id='word_1_758' title='bbox 2529 4553 2769 4610; x_wconf 90' lang='lat' dir='ltr'>facerem</span> <span class='ocrx_word' id='word_1_759' title='bbox 2799 4571 2945 4627; x_wconf 67' lang='lat' dir='ltr'>saepe</span> <span class='ocrx_word' id='word_1_760' title='bbox 2986 4555 3176 4620; x_wconf 86' lang='lat' dir='ltr'>finem,</span> <span class='ocrx_word' id='word_1_761' title='bbox 3207 4558 3273 4607; x_wconf 91' lang='lat' dir='ltr'>ut</span> <span class='ocrx_word' id='word_1_762' title='bbox 3291 4549 3556 4607; x_wconf 81' lang='lat' dir='ltr'>seductus</span> <span class='ocrx_word' id='word_1_763' title='bbox 3572 4544 3691 4599; x_wconf 70' lang='lat' dir='ltr'>ﬁle-</span> 
     </span>
    </p>
   </div>
   <div class='ocr_carea' id='block_1_105' title="bbox 2100 4633 3690 4717">
    <p class='ocr_par' dir='ltr' id='par_1_105' title="bbox 2100 4633 3690 4717">
     <span class='ocr_line' id='line_1_105' title="bbox 2100 4633 3690 4717; baseline -0.002 -23"><span class='ocrx_word' id='word_1_764' title='bbox 2100 4644 2605 4713; x_wconf 88' lang='lat' dir='ltr'>ram,postmodum</span> <span class='ocrx_word' id='word_1_765' title='bbox 2625 4645 2721 4699; x_wconf 89' lang='lat' dir='ltr'>alii</span> <span class='ocrx_word' id='word_1_766' title='bbox 2743 4644 2972 4717; x_wconf 89' lang='lat' dir='ltr'>quidam</span> <span class='ocrx_word' id='word_1_767' title='bbox 2988 4641 3364 4715; x_wconf 89' lang='lat' dir='ltr'>suggerebant</span> <span class='ocrx_word' id='word_1_768' title='bbox 3378 4633 3690 4710; x_wconf 80' lang='lat' dir='ltr'>mihi,un</span> 
     </span>
    </p>
   </div>
   <div class='ocr_carea' id='block_1_106' title="bbox 2097 4727 3692 4806">
    <p class='ocr_par' dir='ltr' id='par_1_106' title="bbox 2097 4727 3692 4806">
     <span class='ocr_line' id='line_1_106' title="bbox 2097 4727 3692 4806; baseline -0.003 -22"><span class='ocrx_word' id='word_1_769' title='bbox 2097 4727 2299 4785; x_wconf 87' lang='lat' dir='ltr'>fuerim</span> <span class='ocrx_word' id='word_1_770' title='bbox 2338 4732 2604 4804; x_wconf 85' lang='lat' dir='ltr'>deceptus</span> <span class='ocrx_word' id='word_1_771' title='bbox 2635 4734 2692 4788; x_wconf 91' lang='lat' dir='ltr'>in</span> <span class='ocrx_word' id='word_1_772' title='bbox 2720 4734 2965 4806; x_wconf 89' lang='lat' dir='ltr'>capitulo</span> <span class='ocrx_word' id='word_1_773' title='bbox 2998 4753 3012 4803; x_wconf 87' lang='lat'><strong>;</strong></span> <span class='ocrx_word' id='word_1_774' title='bbox 3044 4749 3171 4789; x_wconf 89' lang='lat' dir='ltr'>cum</span> <span class='ocrx_word' id='word_1_775' title='bbox 3201 4747 3335 4803; x_wconf 85' lang='lat' dir='ltr'>ergo</span> <span class='ocrx_word' id='word_1_776' title='bbox 3367 4727 3614 4785; x_wconf 87' lang='lat' dir='ltr'>secundo</span> <span class='ocrx_word' id='word_1_777' title='bbox 3637 4730 3692 4780; x_wconf 87' lang='lat' dir='ltr'>et</span> 
     </span>
    </p>
   </div>
   <div class='ocr_carea' id='block_1_107' title="bbox 2097 4817 3691 4896">
    <p class='ocr_par' dir='ltr' id='par_1_107' title="bbox 2097 4817 3691 4896">
     <span class='ocr_line' id='line_1_107' title="bbox 2097 4817 3691 4896; baseline -0.001 -23"><span class='ocrx_word' id='word_1_778' title='bbox 2097 4820 2265 4875; x_wconf 89' lang='lat' dir='ltr'>tertio</span> <span class='ocrx_word' id='word_1_779' title='bbox 2296 4821 2402 4877; x_wconf 90' lang='lat' dir='ltr'>hoc</span> <span class='ocrx_word' id='word_1_780' title='bbox 2428 4822 2629 4877; x_wconf 81' lang='lat' dir='ltr'>fuerim</span> <span class='ocrx_word' id='word_1_781' title='bbox 2657 4840 2976 4896; x_wconf 88' lang='lat' dir='ltr'>perpessus,</span> <span class='ocrx_word' id='word_1_782' title='bbox 3022 4823 3152 4879; x_wconf 91' lang='lat' dir='ltr'>dedi</span> <span class='ocrx_word' id='word_1_783' title='bbox 3182 4820 3493 4878; x_wconf 77' lang='lat' dir='ltr'>terminum</span> <span class='ocrx_word' id='word_1_784' title='bbox 3520 4817 3691 4875; x_wconf 88' lang='lat' dir='ltr'>mihi-</span> 
     </span>
    </p>
   </div>
   <div class='ocr_carea' id='block_1_108' title="bbox 2098 4908 3688 4986">
    <p class='ocr_par' dir='ltr' id='par_1_108' title="bbox 2098 4908 3688 4986">
     <span class='ocr_line' id='line_1_108' title="bbox 2098 4908 3688 4986; baseline -0.001 -23"><span class='ocrx_word' id='word_1_785' title='bbox 2098 4910 2323 4982; x_wconf 90' lang='lat' dir='ltr'>metipsi</span> <span class='ocrx_word' id='word_1_786' title='bbox 2361 4911 2572 4984; x_wconf 90' lang='lat' dir='ltr'>absque</span> <span class='ocrx_word' id='word_1_787' title='bbox 2598 4918 2969 4985; x_wconf 89' lang='lat' dir='ltr'>utrorumque</span> <span class='ocrx_word' id='word_1_788' title='bbox 2998 4917 3177 4986; x_wconf 90' lang='lat' dir='ltr'>parte,</span> <span class='ocrx_word' id='word_1_789' title='bbox 3206 4929 3277 4969; x_wconf 90' lang='lat' dir='ltr'>ne</span> <span class='ocrx_word' id='word_1_790' title='bbox 3307 4913 3502 4967; x_wconf 86' lang='lat' dir='ltr'>darem</span> <span class='ocrx_word' id='word_1_791' title='bbox 3551 4908 3688 4964; x_wconf 79' lang='lat' dir='ltr'>deﬂ-</span> 
     </span>
    </p>
   </div>
   <div class='ocr_carea' id='block_1_109' title="bbox 2098 5000 3690 5075">
    <p class='ocr_par' dir='ltr' id='par_1_109' title="bbox 2098 5000 3690 5075">
     <span class='ocr_line' id='line_1_109' title="bbox 2098 5000 3690 5075; baseline 0.001 -22"><span class='ocrx_word' id='word_1_792' title='bbox 2098 5000 2372 5056; x_wconf 89' lang='lat' dir='ltr'>nitionem</span> <span class='ocrx_word' id='word_1_793' title='bbox 2400 5002 2511 5057; x_wconf 87' lang='lat' dir='ltr'>alio</span> <span class='ocrx_word' id='word_1_794' title='bbox 2536 5001 2596 5057; x_wconf 91' lang='lat' dir='ltr'>in</span> <span class='ocrx_word' id='word_1_795' title='bbox 2624 5002 2888 5074; x_wconf 89' lang='lat' dir='ltr'>capitulo.</span> <span class='ocrx_word' id='word_1_796' title='bbox 2922 5001 3082 5067; x_wconf 90' lang='lat' dir='ltr'>Quod</span> <span class='ocrx_word' id='word_1_797' title='bbox 3112 5003 3162 5058; x_wconf 92' lang='lat' dir='ltr'>si</span> <span class='ocrx_word' id='word_1_798' title='bbox 3184 5002 3281 5075; x_wconf 90' lang='lat' dir='ltr'>qui</span> <span class='ocrx_word' id='word_1_799' title='bbox 3311 5000 3690 5074; x_wconf 83' lang='lat' dir='ltr'>suggerebant</span> 
     </span>
    </p>
   </div>
   <div class='ocr_carea' id='block_1_110' title="bbox 2099 5088 3689 5163">
    <p class='ocr_par' dir='ltr' id='par_1_110' title="bbox 2099 5088 3689 5163">
     <span class='ocr_line' id='line_1_110' title="bbox 2099 5088 3689 5163; baseline 0.002 -20"><span class='ocrx_word' id='word_1_800' title='bbox 2099 5088 2655 5159; x_wconf 89' lang='lat' dir='ltr'>mihi,mentirentur,</span> <span class='ocrx_word' id='word_1_801' title='bbox 2670 5091 2777 5163; x_wconf 93' lang='lat' dir='ltr'>ipsi</span> <span class='ocrx_word' id='word_1_802' title='bbox 2789 5105 3012 5163; x_wconf 84' lang='lat' dir='ltr'>poenam</span> <span class='ocrx_word' id='word_1_803' title='bbox 3028 5090 3505 5163; x_wconf 88' lang='lat' dir='ltr'>solverent,quam</span> <span class='ocrx_word' id='word_1_804' title='bbox 3533 5106 3689 5146; x_wconf 83' lang='lat' dir='ltr'>accu-</span> 
     </span>
    </p>
   </div>
   <div class='ocr_carea' id='block_1_111' title="bbox 2098 5179 3690 5245">
    <p class='ocr_par' dir='ltr' id='par_1_111' title="bbox 2098 5179 3690 5245">
     <span class='ocr_line' id='line_1_111' title="bbox 2098 5179 3690 5245; baseline 0.001 -12"><span class='ocrx_word' id='word_1_805' title='bbox 2098 5182 2253 5234; x_wconf 88' lang='lat' dir='ltr'>satus</span> <span class='ocrx_word' id='word_1_806' title='bbox 2276 5179 2467 5245; x_wconf 89' lang='lat' dir='ltr'>ferret,</span> <span class='ocrx_word' id='word_1_807' title='bbox 2500 5179 2549 5235; x_wconf 92' lang='lat' dir='ltr'>si</span> <span class='ocrx_word' id='word_1_808' title='bbox 2578 5185 2775 5236; x_wconf 86' lang='lat' dir='ltr'>contra</span> <span class='ocrx_word' id='word_1_809' title='bbox 2793 5195 2922 5236; x_wconf 89' lang='lat' dir='ltr'>eum</span> <span class='ocrx_word' id='word_1_810' title='bbox 2950 5180 3232 5236; x_wconf 88' lang='lat' dir='ltr'>calumnia</span> <span class='ocrx_word' id='word_1_811' title='bbox 3254 5182 3529 5238; x_wconf 84' lang='lat' dir='ltr'>veraciter</span> <span class='ocrx_word' id='word_1_812' title='bbox 3555 5180 3690 5237; x_wconf 83' lang='lat' dir='ltr'>fuis-</span> 
     </span>
    </p>
   </div>
   <div class='ocr_carea' id='block_1_112' title="bbox 2098 5268 3687 5343">
    <p class='ocr_par' dir='ltr' id='par_1_112' title="bbox 2098 5268 3687 5343">
     <span class='ocr_line' id='line_1_112' title="bbox 2098 5268 3687 5343; baseline 0.001 -20"><span class='ocrx_word' id='word_1_813' title='bbox 2098 5272 2184 5323; x_wconf 89' lang='lat' dir='ltr'>set</span> <span class='ocrx_word' id='word_1_814' title='bbox 2210 5268 2436 5340; x_wconf 88' lang='lat' dir='ltr'>injecta.</span> <span class='ocrx_word' id='word_1_815' title='bbox 2475 5269 2545 5324; x_wconf 91' lang='lat' dir='ltr'>Et</span> <span class='ocrx_word' id='word_1_816' title='bbox 2572 5283 2638 5324; x_wconf 84' lang='lat' dir='ltr'>ex</span> <span class='ocrx_word' id='word_1_817' title='bbox 2666 5269 2864 5325; x_wconf 89' lang='lat' dir='ltr'>eadem</span> <span class='ocrx_word' id='word_1_818' title='bbox 2917 5270 3007 5327; x_wconf 90' lang='lat' dir='ltr'>die</span> <span class='ocrx_word' id='word_1_819' title='bbox 3036 5270 3343 5343; x_wconf 89' lang='lat' dir='ltr'>improvide</span> <span class='ocrx_word' id='word_1_820' title='bbox 3389 5285 3687 5343; x_wconf 86' lang='lat' dir='ltr'>suggerere</span> 
     </span>
    </p>
   </div>
   <div class='ocr_carea' id='block_1_113' title="bbox 2096 5356 3685 5433">
    <p class='ocr_par' dir='ltr' id='par_1_113' title="bbox 2096 5356 3685 5433">
     <span class='ocr_line' id='line_1_113' title="bbox 2096 5356 3685 5433; baseline 0.002 -21"><span class='ocrx_word' id='word_1_821' title='bbox 2096 5356 2237 5413; x_wconf 90' lang='lat' dir='ltr'>mihi</span> <span class='ocrx_word' id='word_1_822' title='bbox 2254 5363 2450 5414; x_wconf 89' lang='lat' dir='ltr'>contra</span> <span class='ocrx_word' id='word_1_823' title='bbox 2467 5358 2714 5431; x_wconf 87' lang='lat' dir='ltr'>aliquem</span> <span class='ocrx_word' id='word_1_824' title='bbox 2747 5358 2975 5415; x_wconf 82' lang='lat' dir='ltr'>omnino</span> <span class='ocrx_word' id='word_1_825' title='bbox 2991 5358 3204 5433; x_wconf 87' lang='lat' dir='ltr'>aliquid</span> <span class='ocrx_word' id='word_1_826' title='bbox 3228 5359 3416 5416; x_wconf 91' lang='lat' dir='ltr'>nullus</span> <span class='ocrx_word' id='word_1_827' title='bbox 3449 5362 3569 5433; x_wconf 87' lang='lat' dir='ltr'>jam</span> <span class='ocrx_word' id='word_1_828' title='bbox 3584 5375 3685 5415; x_wconf 87' lang='lat' dir='ltr'>au-</span> 
     </span>
    </p>
   </div>
   <div class='ocr_carea' id='block_1_114' title="bbox 2095 5445 3686 5522">
    <p class='ocr_par' dir='ltr' id='par_1_114' title="bbox 2095 5445 3686 5522">
     <span class='ocr_line' id='line_1_114' title="bbox 2095 5445 3686 5522; baseline 0.001 -20"><span class='ocrx_word' id='word_1_829' title='bbox 2095 5462 2221 5503; x_wconf 90' lang='lat' dir='ltr'>sum</span> <span class='ocrx_word' id='word_1_830' title='bbox 2240 5445 2585 5520; x_wconf 89' lang='lat' dir='ltr'>habet,quod</span> <span class='ocrx_word' id='word_1_831' title='bbox 2595 5448 2832 5521; x_wconf 91' lang='lat' dir='ltr'>deposco</span> <span class='ocrx_word' id='word_1_832' title='bbox 2847 5453 2905 5505; x_wconf 90' lang='lat' dir='ltr'>et</span> <span class='ocrx_word' id='word_1_833' title='bbox 2921 5460 3122 5505; x_wconf 78' lang='lat' dir='ltr'>maneo</span> <span class='ocrx_word' id='word_1_834' title='bbox 3143 5464 3411 5522; x_wconf 83' lang='lat' dir='ltr'>magnum</span> <span class='ocrx_word' id='word_1_835' title='bbox 3431 5451 3686 5506; x_wconf 90' lang='lat' dir='ltr'>decorem</span> 
     </span>
    </p>
   </div>
   <div class='ocr_carea' id='block_1_115' title="bbox 2096 5539 3686 5616">
    <p class='ocr_par' dir='ltr' id='par_1_115' title="bbox 2096 5539 3686 5616">
     <span class='ocr_line' id='line_1_115' title="bbox 2096 5539 3686 5616; baseline 0 -21"><span class='ocrx_word' id='word_1_836' title='bbox 2096 5545 2275 5606; x_wconf 87' lang='lat' dir='ltr'>tuum,</span> <span class='ocrx_word' id='word_1_837' title='bbox 2312 5539 2411 5605; x_wconf 77' lang='lat' dir='ltr'>ﬁli,</span> <span class='ocrx_word' id='word_1_838' title='bbox 2448 5539 2706 5597; x_wconf 86' lang='lat' dir='ltr'>similiter</span> <span class='ocrx_word' id='word_1_839' title='bbox 2728 5541 2932 5597; x_wconf 89' lang='lat' dir='ltr'>facere.</span> <span class='ocrx_word' id='word_1_840' title='bbox 2963 5543 3120 5616; x_wconf 80' lang='lat' dir='ltr'>Saepe</span> <span class='ocrx_word' id='word_1_841' title='bbox 3151 5541 3303 5599; x_wconf 89' lang='lat' dir='ltr'>enim</span> <span class='ocrx_word' id='word_1_842' title='bbox 3321 5544 3379 5597; x_wconf 90' lang='lat' dir='ltr'>et</span> <span class='ocrx_word' id='word_1_843' title='bbox 3402 5540 3580 5597; x_wconf 67' lang='lat' dir='ltr'>caedes</span> <span class='ocrx_word' id='word_1_844' title='bbox 3606 5539 3686 5594; x_wconf 58' lang='lat' dir='ltr'>in.</span> 
     </span>
    </p>
   </div>
   <div class='ocr_carea' id='block_1_116' title="bbox 2090 5628 3677 5704">
    <p class='ocr_par' dir='ltr' id='par_1_116' title="bbox 2090 5628 3677 5704">
     <span class='ocr_line' id='line_1_116' title="bbox 2090 5628 3677 5704; baseline 0 -19"><span class='ocrx_word' id='word_1_845' title='bbox 2090 5630 2274 5700; x_wconf 86' lang='lat' dir='ltr'>justas</span> <span class='ocrx_word' id='word_1_846' title='bbox 2300 5629 2532 5700; x_wconf 79' lang='lat' dir='ltr'>faciunt,</span> <span class='ocrx_word' id='word_1_847' title='bbox 2566 5631 2662 5704; x_wconf 88' lang='lat' dir='ltr'>qui</span> <span class='ocrx_word' id='word_1_848' title='bbox 2713 5628 3117 5689; x_wconf 87' lang='lat' dir='ltr'>sublimitatem</span> <span class='ocrx_word' id='word_1_849' title='bbox 3156 5630 3428 5689; x_wconf 87' lang='lat' dir='ltr'>creditam</span> <span class='ocrx_word' id='word_1_850' title='bbox 3457 5630 3677 5695; x_wconf 87' lang='lat' dir='ltr'>habent,</span> 
     </span>
    </p>
   </div>
  </div>
