3912 6388
197 369 293 428 353
1107 369 1277 426 VITA
1316 370 1574 428 SANC’I‘I
1612 373 1917 430 JOANNIS
1955 372 2557 430 ELEEMOSYNARII.
3355 370 3456 427 354

194 496 237 551 si
265 494 472 552 fuerint
504 493 684 550 verbis
711 495 980 552 suasoriis
1007 497 1289 562 commoti,
1321 503 1376 552 et
1405 497 1452 553 si
1491 499 1613 554 sine
1651 517 1775 555 cru-
1797 507 1835 560 Α
1857 501 2150 555 tummodo
2163 498 2598 554 controversiam
2613 494 2982 551 astabattunc
3002 494 3247 566 pontifex
3264 502 3457 553 sancto

194 586 335 640 ciatu
393 583 690 640 reciderint
739 601 861 658 quae
904 586 975 640 ad
1014 603 1109 640 eos
1139 587 1374 641 veniunt
1418 588 1682 658 capitula.
1714 591 1783 644 Et
1864 591 2065 657 altari;
2101 590 2235 660 quid
2256 605 2384 643 vero
2415 588 2581 642 vellet
2610 589 2810 652 facere,
2852 587 2992 640 nulli
3022 586 3278 640 credidit.
3313 591 3458 642 (‘um

193 674 454 746 patricius
505 679 775 746 tanquam
816 691 852 728 a
897 675 1012 729 Deo
1055 676 1267 745 jussus,
1301 686 1496 747 pactus
1539 685 1624 731 est
1659 679 1781 748 ejus
1863 697 1997 750 ergo
2021 680 2263 734 venisset
2294 678 2561 732 diaconus
2597 675 2922 741 Damianus,
2959 681 3024 730 ut
3050 676 3361 746 susciperet
3388 677 3458 731 ab

194 763 513 818 mandatum
543 780 602 818 se
633 764 915 818 custodire
945 764 1097 818 omni
1132 771 1384 836 tempore
1414 766 1668 821 illaesum.

260 853 382 907 CAP.
410 852 526 906 XV.
563 882 628 894 —
660 854 772 908 Iste
799 853 1178 908 memorabilis
1207 853 1450 908 habebat
1477 855 1778 926 quemdam

193 946 464 1010 nepotem,
486 941 713 996 nomine
724 942 1030 1012 Georgium
1057 940 1187 1008 (50).
1207 943 1330 997 Una
1348 945 1538 1014 itaque
1557 944 1777 999 dierum

192 1029 390 1084 faciens
417 1029 525 1084 iste
565 1046 693 1086 cum
747 1031 991 1101 quodam
1039 1031 1280 1086 civitatis
1327 1031 1779 1089 tabernariorum

193 1119 382 1174 rixam.
401 1118 664 1174 conviciis
678 1117 747 1172 ab
772 1136 837 1173 eo
857 1136 1047 1174 severe
1067 1121 1299 1176 affectus
1323 1126 1410 1175 est
1427 1139 1437 1174 :
1470 1123 1566 1192 qui
1587 1139 1779 1177 amare

191 1207 393 1273 dolens,
436 1223 549 1262 non
578 1208 757 1263 solum
788 1208 919 1279 quia
948 1208 1187 1280 publice,
1221 1227 1414 1265 verum
1445 1212 1614 1265 etiam
1646 1213 1779 1284 quia

191 1314 223 1352 a
246 1297 424 1350 viliori
445 1296 819 1352 inhonoratus
849 1305 1015 1362 esset,
1042 1299 1285 1354 maxime
1315 1318 1462 1365 vero,
1498 1301 1629 1372 quia
1655 1308 1779 1356 erat

190 1403 353 1458 nepos
381 1385 734 1457 patriarcha},
772 1387 944 1442 subiit
973 1388 1042 1442 ad
1074 1405 1203 1442 eum
1233 1389 1290 1443 in
1321 1391 1586 1456 conclavi,
1621 1407 1685 1445 eo
1719 1391 1778 1446 in

190 1481 392 1530 secreto
405 1483 678 1542 morante,
695 1477 836 1531 ﬂens
852 1477 1230 1532 vehementer.
1258 1479 1400 1533 Cum
1416 1485 1605 1533 autem
1629 1481 1778 1535 hunc

191 1563 264 1618 ita
291 1569 622 1620 aestuantem
665 1571 723 1620 et
749 1567 1153 1637 lacrymantem
1183 1568 1414 1623 vidisset
1445 1569 1777 1624 mitissimus

190 1654 518 1723 patriarcha,
540 1654 854 1727 interrogat
865 1672 1090 1711 causam
1109 1657 1412 1711 detinentis
1434 1675 1561 1713 eum
1585 1659 1776 1713 anxie-

190 1742 334 1807 tatis,
363 1743 506 1798 scire
536 1743 682 1799 hanc
709 1745 918 1799 volens.
936 1746 1190 1817 Cumque
1212 1747 1305 1800 ille
1320 1764 1432 1802 non
1455 1755 1644 1818 posset.
1665 1766 1777 1820 prze

1863 786 1928 823 eo
1957 774 2207 822 sanctam
2229 767 2677 821 communionem
2697 767 3001 820 secundum
3033 766 3316 836 proprium
3333 785 3460 837 gra-

1862 857 2015 920 dum,
2041 857 2224 910 tenuit
2253 873 2481 928 manum
2503 855 2652 908 illius
2673 855 2765 908 ille
2785 861 3030 918 sanctus,
3049 860 3106 907 et
3125 855 3264 909 dixit
3283 856 3458 910 :Vade

1862 946 2017 1017 prius
2047 945 2394 998 reconciliari
2425 945 2584 998 fratri
2616 951 2747 1010 tuo;
2780 950 2838 997 et
2863 950 2998 997 tunc
3017 946 3266 1012 veniens,
3287 945 3457 1014 digne

1862 1035 2079 1105 suscipe
2109 1035 2485 1099 immaculata,
2519 1034 2818 1087 immemor
2841 1033 3084 1098 malitiae,
3111 1033 3318 1088 Christi
3341 1051 3459 1106 my-

1861 1124 2050 1178 steria.
2089 1123 2380 1177 Reveritus
2409 1141 2540 1193 ergo
2565 1139 2753 1176 coram
2786 1128 2945 1177 tanta
2971 1122 3329 1177 multitudine
3351 1124 3459 1177 cle-

1862 1213 2104 1268 ricorum
2128 1213 2511 1267 contradicere
2536 1213 2638 1274 illi,
2672 1212 2914 1265 maxime
2946 1212 3000 1264 in
3032 1213 3132 1266 tali
3163 1213 3282 1266 loco
3321 1221 3377 1266 et
3399 1212 3456 1267 in

1860 1303 1960 1357 tali
1982 1303 2262 1356 horrenda
2282 1303 2440 1362 hora,
2460 1301 2759 1372 spopondit
2787 1302 2890 1354 hoc
2915 1301 3116 1364 facere,
3139 1306 3197 1355 et
3217 1308 3351 1355 tunc
3387 1303 3457 1356 de

1861 1393 2068 1446 sanctis
2088 1391 2368 1461 mysteriis
2384 1391 2540 1444 dedit
2569 1390 2637 1444 ei.
2664 1390 2842 1460 Igitur
2868 1407 2933 1443 ex
2971 1397 3104 1443 tunc
3135 1407 3331 1444 omnes
3351 1391 3458 1444 cle-

1861 1483 1961 1535 rici
1979 1488 2038 1536 et
2056 1481 2180 1535 laici
2201 1479 2591 1535 custodiebant
2616 1497 2694 1544 se,
2721 1496 2790 1533 ne
2812 1479 2961 1533 inter
2988 1497 3046 1533 se
3079 1479 3351 1534 malitiam
3366 1497 3457 1533 re-

1859 1571 2122 1636 tinerent,
2156 1570 2420 1624 timentes
2450 1586 2520 1624 ne
2549 1576 2604 1623 et
2653 1569 2803 1639 ipsos
2849 1569 3233 1632 confunderet,
3265 1569 3462 1624 trium-

1860 1661 2170 1732 pharetque
2201 1660 2675 1731 quemadmodum
2706 1664 2761 1713 et
2790 1659 2947 1712 illum
2980 1659 3298 1714 diaconum.

1931 1752 2060 1805 CAP.
2093 1751 2267 1805 XVII.
2305 1781 2369 1790 —
2402 1749 2658 1803 Habebat
2696 1749 2923 1819 quidem
2955 1749 3340 1804 sanctissimus
3366 1749 3455 1803 hic

191 1832 580 1897 amaritudine,
611 1850 734 1904 qua:
784 1835 1233 1890 circumdederat
1265 1854 1414 1900 eum,
1465 1838 1776 1908 exprimere
1797 1825 1940 1891 Bvir
1967 1837 2259 1891 scientiam
2290 1837 2604 1890 divinarum
2634 1835 3053 1906 Scripturarum
3079 1855 3090 1902 ;
3125 1853 3237 1890 non
3265 1843 3456 1890 autem

191 1937 517 1986 sermonem,
549 1921 607 1976 hi
635 1924 730 1993 qui
749 1931 950 1994 praesto
976 1924 1203 1979 fuerunt
1226 1927 1449 1996 quando
1466 1943 1594 1981 eum
1613 1927 1777 1981 exho-

1869 1934 1906 1992 ι
1927 1934 2047 1992 99
2077 1927 2131 1980 in
2163 1925 2439 1996 sapientia
2464 1925 2756 1990 sermonis,
2786 1925 2887 1978 has
2914 1931 3184 1995 tanquam
3218 1942 3282 1980 ex
3300 1926 3459 1980 inani

191 2010 370 2064 norari
395 2028 429 2065 a
466 2011 819 2082 negotiatore
849 2013 1180 2083 contigerat,
1215 2021 1508 2085 coeperunt
1540 2016 1776 2070 recitare
1857 2016 2038 2086 gloria
2059 2015 2383 2070 memoriter
2403 2015 2612 2079 dicens,
2638 2013 2732 2068 sed
2757 2013 3318 2085 pereamdemipsam
3331 2032 3460 2086 ope-

192 2099 600 2171 archiepiscopo
628 2117 856 2156 causam
888 2121 899 2156 :
932 2103 1002 2156 Et
1039 2102 1170 2174 quia
1197 2121 1308 2158 non
1351 2104 1642 2170 debuerat,
1695 2105 1778 2159 in-
1859 2121 1983 2158 rum
2005 2105 2305 2168 actionem,
2335 2109 2392 2158 et
2411 2103 2806 2157 mandatorum
2828 2101 3293 2169 observationem;
3322 2110 3380 2157 et
3398 2104 3456 2157 in

193 2188 398 2258 quiunt,
433 2190 516 2246 ita
553 2191 822 2246 sanctitas
850 2198 1035 2247 vestra
1063 2193 1364 2258 contemni,
1408 2200 1474 2248 ut
1520 2195 1777 2265 proprios
1859 2200 2074 2248 secreto
2109 2193 2419 2264 quotidiani
2458 2191 2676 2246 consilii
2701 2192 2786 2246 sui
2814 2191 3002 2245 nullus
3031 2209 3214 2246 sermo
3243 2192 3456 2247 otiosus

190 2293 310 2332 suos
337 2295 400 2332 ac
427 2279 1118 2352 propinquosadespectis
1139 2283 1472 2337 exhonozari
1488 2289 1778 2353 pateretur
1858 2282 2212 2348 audiebatur,
2246 2282 2351 2336 nisi
2381 2282 2521 2336 forte
2551 2281 2830 2334 ordinatio
2861 2281 2942 2335 rei
2979 2281 3157 2334 civilis
3184 2282 3452 2350 exigeret,

191 2365 516 2422 hominibus.
552 2369 651 2424 Ille
679 2376 870 2423 autem
901 2387 1064 2426 verus
1086 2371 1350 2436 medicus,
1383 2373 1573 2426 volens
1596 2372 1775 2443 primo
1857 2375 1954 2428 sed
1971 2380 2070 2427 aut
2083 2373 2385 2427 relationes
2399 2371 3080 2435 sanctorumPatrum,aut
3095 2370 3456 2440 scripturales

188 2455 348 2510 veluti
380 2457 687 2529 emplastro
717 2459 959 2530 quodam
980 2477 1179 2514 curare
1197 2461 1414 2532 nepotis
1439 2461 1526 2515 sui
1543 2461 1768 2527 furiam,
1857 2462 2212 2534 quaestiones,
2237 2468 2336 2516 aut
2361 2460 2676 2532 dogmatica
2695 2459 3060 2530 problemata,
3076 2467 3304 2531 propter
3315 2461 3457 2514 mul-

189 2551 238 2598 et
264 2551 447 2601 tamen
470 2553 742 2618 tanquam
773 2547 920 2603 ferro
936 2548 1267 2604 incisionem
1298 2555 1356 2604 et
1380 2549 1770 2604 liberationem
1855 2553 2152 2607 titudinem
2183 2568 2286 2606 nec
2307 2550 2782 2605 nominandorum
2812 2549 3202 2603 hiereticorum
3233 2549 3328 2620 qui
3360 2566 3451 2603 re-

187 2635 468 2704 passionis,
503 2653 606 2708 per
623 2637 1102 2708 sapientissimum
1132 2655 1194 2693 os
1215 2656 1379 2694 suum
1402 2639 1532 2694 huic
1547 2640 1764 2705 afferre,
1851 2643 2076 2712 gionem
2105 2640 2608 2695 circumdederant.
2645 2639 2702 2692 Si
2749 2654 2880 2691 vero
2912 2638 3078 2692 alicui
3105 2637 3307 2708 aliquis
3352 2638 3451 2692 de-

185 2723 377 2780 talibus
404 2724 590 2780 verbis
609 2727 777 2798 ccepit
793 2727 1148 2798 exstinguere
1173 2727 1716 2788 morbum,etdicere
1752 2747 1762 2782 :
1851 2731 2077 2786 trahere
2097 2730 2384 2801 inciperet,
2413 2729 2562 2783 hunc
2588 2727 2908 2798 patriarcha
2937 2744 3037 2797 per
3075 2728 3310 2782 alteram
3339 2744 3452 2781 ser-

186 2812 249 2866 Et
275 2815 502 2870 omnino
523 2831 694 2870 ausus
725 2821 813 2870 est
841 2817 1044 2886 aliquis
1059 2834 1121 2871 os
1142 2817 1383 2888 aperire,
1408 2825 1465 2873 et
1492 2818 1770 2872 contradi-
1852 2820 2306 2879 mocinationem,
2332 2824 2395 2872 ut
2415 2818 2658 2888 sapiens,
2698 2816 2986 2886 ingeniose
3007 2815 3329 2870 removebat
3352 2835 3364 2882 ;
3399 2821 3456 2871 et

185 2918 300 2957 cere
327 2903 426 2957 tibi
441 2905 465 2957 '2
497 2904 694 2970 Crede,
732 2905 814 2960 ﬁli
831 2905 928 2971 mi,
962 2906 1110 2977 patri
1139 2907 1540 2977 tuo,quoniam
1563 2907 1765 2962 faciam
1852 2910 1898 2964 si
1930 2917 2135 2964 iterum
2159 2914 2534 2980 permaneret,
2561 2906 2703 2960 nihil
2735 2905 2962 2976 quidem
2994 2905 3044 2958 ei
3073 2904 3322 2972 dicebat;
3356 2905 3454 2959 sed

185 2991 237 3044 in
255 3007 316 3046 eo
335 2993 502 3049 hodie
524 2999 733 3058 rem,ut
743 2999 863 3049 tota
882 2994 1222 3050 Alexandria
1242 2995 1479 3051 miretur
1514 2997 1769 3067 Cumque
1852 2998 2002 3052 hunc
2012 3004 2311 3061 annotans,
2326 2995 2683 3067 praecipiebat
2698 2993 3137 3048 hebdomadario
3153 3011 3224 3048 ne
3245 2994 3455 3048 sineret

187 3081 402 3136 vidisset
418 3099 554 3138 eum
583 3083 892 3138 remedium
925 3085 1222 3155 recepisse,
1259 3090 1315 3139 et
1337 3085 1627 3140 tristitiam
1641 3101 1772 3140 cun-
1854 3087 2092 3141 ulterius
2119 3103 2246 3141 eum
2264 3087 2476 3140 intrare
2496 3101 2624 3138 cum
2655 3084 2742 3137 his
2765 3083 2860 3154 qui
2882 3082 3455 3153 nuntiabantur,qua-

187 3174 322 3224 ctam
350 3171 673 3243 projecisse,
695 3178 988 3243 putantem
1012 3173 1421 3245 videlicetquod
1436 3181 1632 3245 ageret
1649 3186 1835 3246 con-0
1855 3182 2021 3230 tenus
2051 3193 2151 3247 per
2179 3192 2308 3230 eum
2338 3179 2567 3229 caeteros
2604 3178 2950 3243 temperaret
2987 3176 3156 3241 atque
3184 3171 3453 3228 erudiret.

188 3263 270 3313 tra
295 3276 421 3315 eum
451 3260 552 3332 qui
579 3278 640 3316 se
659 3262 1011 3318 contumeliis
1037 3263 1318 3329 affecerat,
1339 3270 1396 3318 et
1423 3264 1632 3318 faceret
1643 3281 1772 3318 eum

189 3347 449 3419 ﬂagellari
476 3366 580 3421 per
608 3365 737 3406 eum
761 3352 857 3423 qui
887 3369 1055 3424 super
1074 3352 1256 3407 forum
1275 3358 1396 3408 erat
1413 3355 1768 3420 constitutus,

189 3443 243 3492 et
267 3438 439 3508 variis,
459 3439 684 3512 pompis
734 3441 1112 3508 dehonestari,
1153 3441 1290 3496 dicit
1331 3443 1403 3509 ei,
1441 3443 1774 3497 deosculans

190 3535 372 3598 pectus
423 3528 606 3600 ipsius
638 3547 650 3582 :
681 3529 788 3584 Fili
817 3530 914 3596 mi,
955 3531 1003 3585 si
1043 3548 1109 3585 ex
1158 3532 1394 3586 veritate
1438 3532 1775 3586 humilitatis

191 3631 319 3672 mea:
345 3633 522 3689 nepos
549 3617 758 3684 existis,
778 3635 1032 3691 praepara
1058 3619 1303 3692 teipsum
1335 3627 1390 3675 et
1419 3620 1776 3692 ﬂagellari,et

189 3707 420 3762 convicia
451 3707 570 3779 pati
601 3707 671 3763 ab
701 3709 857 3762 omni
876 3709 1102 3764 homine
1155 3710 1301 3764 Vera
1329 3709 1482 3764 enim
1513 3710 1774 3780 cognatio

189 3809 291 3849 non
335 3812 401 3850 ex
437 3797 716 3868 sanguine
745 3803 805 3852 et
829 3814 1018 3860 carne.
1072 3797 1167 3853 sed
1207 3815 1273 3853 ex
1318 3799 1525 3853 virtute
1569 3799 1776 3854 mentis

189 3886 518 3956 agnoscitur.
545 3886 854 3941 Confestim
868 3887 1477 3957 igituraccersiviteum
1502 3888 1778 3959 quisuper

190 3989 457 4046 caupones
480 3980 608 4032 erat
633 3977 989 4044 constitutus,
1021 3983 1079 4032 et
1104 3978 1367 4049 praecepit
1394 3978 1446 4032 ei
1475 3995 1546 4032 ne
1580 3976 1650 4032 ab
1678 3978 1774 4032 illo

191 4078 428 4135 caupone
470 4065 751 4137 acciperet
787 4082 969 4137 neque
999 4073 1267 4122 consueta
1300 4084 1421 4130 sua,
1455 4083 1640 4137 neque
1669 4083 1774 4138 pu-

191 4149 342 4220 blica,
372 4171 557 4228 neque
576 4155 904 4227 pensionem
920 4156 1215 4227 ergasterii
1236 4158 1376 4227 ejus.
1394 4157 1463 4211 Et
1486 4157 1606 4227 ipse
1626 4156 1776 4210 enim

191 4243 545 4300 sanctissimae
576 4244 831 4300 Ecclesiae
860 4252 1000 4300 erat.
1028 4247 1098 4301 Et
1125 4262 1324 4301 omnes
1349 4252 1776 4317 expavescentes

190 4329 524 4389 immobilem
550 4333 1035 4405 longanimitatem
1059 4336 1202 4406 ejus,
1226 4335 1627 4391 intellexerunt
1655 4351 1778 4390 esse

191 4418 289 4477 hoc
313 4422 460 4494 quod
490 4421 633 4478 dixit
663 4441 676 4477 :
710 4423 987 4488 Quoniam
1032 4425 1233 4479 faciam
1274 4425 1332 4478 in
1372 4441 1501 4478 eum
1546 4441 1684 4490 rem,
1715 4429 1781 4478 ut

193 4509 419 4566 miretur
443 4518 570 4566 tota
594 4511 951 4580 Alexandria,
994 4513 1252 4568 videlicet
1283 4513 1416 4585 quia
1444 4529 1557 4568 non
1593 4513 1778 4568 solum

193 4595 623 4656 vicissitudinem
650 4617 764 4656 non
793 4601 998 4670 reddit,
1027 4618 1222 4666 verum
1241 4601 1411 4658 etiam
1435 4617 1536 4674 pro
1565 4601 1779 4658 ultione

193 4684 525 4756 adjutorium
551 4688 847 4762 impendit.

259 4777 381 4834 CAP.
407 4779 629 4835 XVI.—
654 4780 990 4836 Nuntiatum
1011 4785 1098 4836 est
1121 4781 1423 4853 aliquando
1441 4781 1573 4836 huic
1590 4779 1774 4847 beato,

196 4866 335 4935 quod
353 4867 582 4940 quidam
612 4869 944 4926 clericorum
961 4870 1235 4926 malitiam
1258 4871 1317 4926 in
1328 4871 1495 4926 corde
1513 4870 1782 4926 adversus

196 4956 488 5024 quemdam
512 4966 844 5027 reservaret,
873 4966 931 5015 et
958 4960 1402 5016 irreconciliatus
1423 4961 1474 5015 ei
1485 4975 1782 5032 permane-

194 5049 291 5097 ret.
348 5045 450 5102 Ille
493 5063 626 5102 vero
673 5047 961 5119 querebat
1010 5049 1180 5120 hujus
1207 5065 1412 5104 nomen
1441 5055 1500 5103 et
1542 5048 1782 5120 gradum

196 5145 369 5189 nosse.
385 5135 452 5191 In
482 5136 793 5192 crastinum
821 5153 957 5209 ergo
977 5137 1066 5194 die
1087 5138 1376 5194 Dominico
1390 5137 1586 5192 didicit
1610 5137 1778 5203 hunc,

196 5218 523 5280 Damianum
547 5225 773 5297 quidem
803 5227 1050 5293 nomine,
1078 5227 1381 5282 diaconum
1403 5243 1535 5281 vero
1565 5241 1687 5281 esse
1707 5226 1784 5280 of-

197 5307 330 5366 ﬁcio.
351 5313 628 5386 Praecepit
656 5313 848 5386 itaque
892 5315 1282 5372 archidiacono
1313 5322 1379 5371 ut
1404 5315 1529 5382 sibi,
1559 5315 1784 5387 quando

198 5397 336 5456 idem
366 5402 676 5460 Damianus
695 5403 768 5460 ad
787 5405 1076 5460 ecclesiam
1089 5406 1324 5472 veniret,
1346 5406 1780 5460 demonstraret.

199 5485 366 5558 Igitur
393 5507 523 5547 cum
551 5493 610 5548 in
637 5493 946 5550 crastinum
975 5494 1144 5550 statio
1172 5495 1466 5550 Dominico
1487 5494 1578 5549 die
1602 5494 1782 5561 ﬁeret,

200 5578 343 5635 venit
368 5587 426 5636 et
453 5579 723 5638 diaconus
750 5583 823 5640 ad
850 5583 1186 5654 stationem;
1220 5590 1278 5640 et
1300 5584 1495 5639 videns
1515 5581 1790 5638 archidia-

202 5678 381 5736 conus,
415 5671 663 5728 ostendit
687 5687 817 5728 eum
845 5671 1199 5746 patriarchae.
1232 5671 1318 5730 0b
1342 5686 1469 5729 eam
1497 5670 1649 5728 enim
1665 5676 1788 5727 tan-

1795 4467 1842 4525 D

1927 3267 2060 3321 CAP.
2075 3265 2347 3318 XVIII.—
2371 3262 2764 3317 Definitionem
2782 3266 2973 3314 autem
2996 3266 3052 3313 et
3073 3259 3262 3326 aliam,
3281 3266 3476 3330 quam‘

1856 3354 2135 3410 affectavit
2168 3352 2258 3407 hic
2294 3357 2538 3415 sanctus,
2573 3366 2685 3404 non
2713 3356 2800 3404 est
2836 3351 3052 3419 justum
3094 3355 3450 3420 postponere.

1856 3444 2104 3498 Audiens
2116 3459 2187 3514 qu
2195 3443 2263 3496 od
2277 3448 2571 3513 postquam
2587 3445 2886 3493 coronatus
2899 3439 3302 3509 est-imperator
3318 3437 3400 3505 (6i
3412 3443 3452 3506 ),

1856 3534 2045 3588 nullus
2076 3532 2318 3588 universi
2345 3538 2574 3585 senatus
2587 3537 2644 3584 et
2672 3529 2978 3582 astantium
3001 3537 3346 3582 exercituum
3361 3543 3457 3581 an-

1855 3623 2078 3694 tiquum
2109 3620 2438 3676 memoriale
2464 3617 2691 3690 aliquod
2722 3617 2964 3682 nuntiet,
2986 3616 3084 3670 sed
3116 3632 3246 3670 mox
3277 3616 3336 3670 hi
3359 3616 3456 3686 qui

1856 3711 2123 3766 dicuntur
2151 3716 2646 3765 monumentorum
2676 3707 3040 3761 aediﬁcatores
3069 3710 3299 3759 sumant
3322 3720 3458 3774 qua-

1855 3808 1986 3855 tuor
2012 3801 2098 3854 vel
2127 3798 2374 3870 quinque
2397 3796 2665 3851 minutias
2684 3810 3026 3848 marmorum
3046 3793 3354 3864 pusillasde
3376 3793 3458 3846 di-

1855 3889 2029 3944 versis
2053 3887 2350 3948 coloribus,
2375 3893 2432 3941 et
2454 3884 2846 3955 ingrediantur
2874 3882 2945 3936 ad
2976 3898 3125 3947 eum,
3150 3887 3208 3936 et
3225 3881 3448 3936 dicant:

1856 3979 2112 4043 Domine,
2147 3977 2298 4048 quali
2330 3976 2556 4030 metallo
2594 3973 2891 4045 imperium
2929 3977 3090 4026 tuum
3129 3970 3293 4041 jubet
3332 3971 3456 4025 fieri

1859 4074 2288 4122 monumentum
2320 4072 2483 4121 tuum
2511 4084 2523 4133 ;
2574 4064 2929 4118 insinuantes
2963 4061 3218 4115 videlicet
3247 4061 3300 4114 ei
3329 4061 3462 4131 quia

1858 4162 2128 4229 tanquam
2163 4157 2331 4211 homo
2364 4152 2742 4226 corruptibilis
2774 4158 2833 4206 et
2873 4150 3235 4206 transitorius
3264 4165 3456 4204 curam

1858 4246 2063 4302 habeto
2092 4253 2204 4302 tum
2233 4245 2410 4317 ipsius
2440 4243 2662 4306 animae,
2699 4246 2756 4295 et
2784 4240 2874 4311 pie
2905 4254 3143 4309 regnum
3188 4238 3459 4309 dispone;

1859 4335 2188 4390 imitabatur
2200 4340 2257 4389 et
2273 4335 2380 4388 iste
2394 4333 2593 4388 beatus
2609 4329 2883 4385 veraciter
2895 4329 3041 4382 hanc
3054 4327 3282 4397 dignam
3297 4326 3462 4380 laude

1861 4425 2223 4480 traditionem
2235 4430 2310 4485 ,et
2325 4420 2590 4494 praecepit
2607 4418 2713 4473 sibi
2733 4421 3158 4471 monumentum
3173 4415 3456 4481 aediﬁcari,

1859 4513 1956 4569 ubi
1985 4519 2042 4568 et
2067 4513 2269 4584 reliqui
2299 4511 2734 4582 praedecessores
2780 4508 2904 4577 ejus
2951 4505 3281 4577 patriarcha
3305 4505 3459 4573 jace-

1858 4601 2032 4670 bant;
2064 4603 2454 4673 imperfectum
2502 4613 2633 4654 vero
2676 4610 2907 4650 manere
2935 4609 3112 4664 usque
3143 4592 3210 4646 ad
3243 4589 3459 4646 obitum

1860 4707 2046 4757 suum,
2069 4697 2134 4745 ut
2152 4688 2475 4761 imperfecto
2495 4686 2787 4749 existente,
2814 4699 2915 4754 per
2945 4680 3222 4736 celebrem
3243 4679 3456 4734 festivi-

1860 4786 2056 4845 tatem,
2079 4780 2375 4834 assistente
2403 4777 2570 4841 clero,
2595 4771 2978 4845 ingredientes
3009 4770 3110 4842 qui
3133 4768 3463 4824 dicebantur

1865 4869 2101 4924 studiosi
2120 4867 2250 4937 (5?).
2283 4867 2540 4922 dicerent
2558 4863 2629 4918 ad
2653 4879 2783 4917 eum
2808 4879 2819 4915 :
2846 4860 3106 4926 Domine,
3131 4873 3462 4915 monumen-

1863 4964 1986 5014 tum
2013 4963 2175 5014 tuum
2205 4955 2592 5028 imperfectum
2639 4957 2742 5016 est,
2776 4950 3016 5022 praecipe
3061 4965 3194 5019 ergo
3241 4953 3307 5003 ut
3336 4963 3464 5002 con—

1864 5053 2197 5113 summetur,
2229 5062 2294 5100 eo
2351 5043 2500 5116 quod
2551 5041 2769 5096 nescias
2827 5055 2940 5110 qua
2969 5039 3110 5093 hora
3160 5037 3254 5092 fur
3278 5035 3464 5089 veniat

1867 5139 2082 5206 (Matth.
2111 5140 2280 5204 xxiv).
2312 5134 2429 5188 Hoc
2449 5137 2639 5186 autem
2667 5126 2908 5182 faciebat
2934 5127 3027 5181 ille
3045 5130 3271 5180 sanctus
3300 5123 3463 5177 ut-ita

1865 5227 2044 5292 fieret,
2074 5225 2262 5280 volens
2289 5221 2663 5277 imitationem
2699 5217 2904 5272 bonam
2929 5222 2987 5270 et
3012 5219 3140 5286 post
3167 5229 3228 5267 se
3256 5211 3462 5266 futuris

1866 5315 2181 5385 relinquere
2207 5310 2558 5385 patriarchis.

1938 5404 2068 5460 CAP.
2102 5403 2248 5458 XIX.
2273 5431 2338 5442 —
2381 5396 2618 5455 Domino
2658 5392 2729 5450 ob
2760 5391 3179 5446 multitudinem
3214 5394 3463 5461 peccato-

1867 5509 1995 5547 rum
2045 5498 2366 5548 nostrorum
2409 5483 2787 5560 permittente,
2826 5478 3053 5550 propria
3087 5477 3301 5549 templa
3339 5494 3462 5548 qua:

1870 5588 2035 5637 erant
2052 5578 2434 5652 Jerosolymis,
2460 5567 2884 5646 apercutiendis
2914 5583 2949 5621 a
2975 5567 3092 5622 Deo
3122 5567 3308 5622 Persis
3342 5583 3464 5621 cre-

1871 5669 2034 5739 mari,
2069 5669 2289 5726 discens
2316 5667 2409 5723 hic
2433 5658 2822 5720 sanctissimus
2852 5655 3176 5727 patriarcha
3202 5656 3263 5712 in
3291 5654 3472 5713 multa
