3912 6418
388 393 501 452 355
1392 387 1485 442 DE
1521 351 1711 442 vrris
1749 387 2045 442 PATRUM
2081 386 2295 441 LIBER
2335 385 2624 440 PRIMUS.
3562 381 3662 438 356

393 524 648 590 egestate
669 531 787 569 esse
806 517 1058 568 sanctum
1078 511 1394 566 Modestum
1428 513 1804 582 patriarcham
1833 513 1987 566 Jero-
2003 519 2051 577 Α
2071 510 2403 564 rachanella:
2425 507 2529 579 (58)
2547 509 2885 562 numismate
2899 522 3030 561 uno.
3055 507 3178 560 Mox
3195 521 3327 576 ergo
3339 506 3666 560 transmisit

395 609 739 679 solymorum
759 599 892 673 (.33),
919 601 988 654 ad
1020 600 1221 653 horum
1252 601 1646 654 relevationem
1669 606 1726 655 et
1752 601 1988 654 resediﬁ-
2071 599 2205 653 illud
2225 599 2281 652 in
2305 599 2630 660 crastinum,
2655 603 2720 651 ut
2739 597 3173 650 venundaretur.
3198 596 3265 650 Et
3285 596 3486 649 videns
3505 595 3552 648 is
3575 595 3667 665 qui

395 695 674 750 cationem
693 689 869 744 mittit
886 689 937 742 ei
962 688 1304 742 numismata
1334 689 1506 754 mille,
1539 696 1596 743 et
1620 689 1771 742 mille
1800 705 1988 742 saccos
2071 687 2372 752 obtulerat,
2405 688 2541 741 emit
2565 687 2701 740 illud
2734 686 2966 755 triginta
2993 702 3086 739 sex
3116 683 3581 744 numismatibus,
3615 689 3669 737 et

397 784 593 856 plenos
606 777 1140 841 frumento,etmille
1155 777 1457 846 legumina,
1476 777 1624 830 mille
1639 776 1809 830 libras
1831 775 1984 838 ferri,
2071 793 2266 830 rursus
2293 776 2496 830 obtulit
2541 775 2892 847 patriarchae.
2919 776 3058 828 Cum
3093 790 3221 829 vero
3268 774 3326 827 in
3355 774 3669 828 crastinum

401 871 552 925 mille
565 867 1086 923 restessiccatorum
1108 865 1364 935 piscium,
1397 866 1490 936 qui
1509 882 1851 938 menomenze
1873 863 1989 930 (54)
2071 867 2300 920 vidisset
2319 867 2486 930 illud,
2520 866 2659 919 emit
2698 866 2802 918 hoc
2848 865 3126 927 similiter,
3157 869 3214 917 et
3241 880 3442 918 rursus
3471 863 3671 918 obtulit

397 961 680 1021 dicuntur,
704 957 852 1010 mille
875 955 1096 1008 vascula
1116 955 1248 1020 vini,
1283 961 1338 1008 et
1377 955 1530 1008 mille
1551 955 1838 1025 {Egyptios
1857 969 1992 1023 ope-
2074 955 2735 1026 patriarchae,deposcens
2750 959 2813 1008 ut
2835 959 3119 1024 tegeretur
3137 953 3207 1006 ab
3223 954 3462 1007 eo.Cum
3485 958 3670 1006 autem

397 1048 594 1114 rarios,
629 1047 858 1100 mittens
907 1043 958 1096 ei
996 1060 1096 1113 per
1125 1043 1339 1096 litteras
1373 1061 1384 1096 :
1421 1066 1446 1091 σι
1471 1044 1557 1097 Da
1583 1043 1721 1096 mihi
1749 1041 1990 1108 veniam,
2075 1045 2242 1098 tertio
2264 1045 2367 1097 hoc
2397 1044 2633 1108 fecisset,
2661 1044 2797 1096 dicit
2833 1043 2884 1096 ei
2939 1041 3383 1112 gratulabundus
3429 1042 3527 1096 ille
3556 1058 3673 1096 sau-

397 1154 527 1192 vere
557 1134 764 1191 Christi
795 1138 1074 1204 operator,
1105 1131 1242 1185 nihil
1276 1132 1510 1201 dignum
1539 1131 1764 1202 templis
1785 1129 1996 1184 Christi
2077 1139 2199 1188 ctus
2223 1151 2234 1186 :
2261 1132 2585 1187 Videbimus
2606 1133 2728 1203 quis
2748 1133 2988 1195 deficiet,
3021 1149 3124 1202 ego
3153 1147 3225 1194 an
3251 1135 3335 1185 tu.
3354 1131 3495 1185 Erat
3525 1131 3672 1184 enim

404 1224 672 1279 mittenti-
711 1223 918 1276 Vellem
944 1221 1114 1284 (δηίων
1139 1221 1302 1274 Crede
1337 1221 1497 1285 mihi,
1541 1221 1587 1274 si
1618 1226 1766 1274 esset
1793 1236 2019 1291 conveg
2077 1223 2376 1293 0pulentus
2395 1222 2570 1286 valde,
2598 1228 2654 1275 et
2676 1221 2922 1275 suaviter
2942 1220 3101 1292 quasi
3131 1220 3522 1274 vindemiabat
3549 1237 3672 1274 eum

398 1330 578 1378 mens,
607 1317 664 1366 et
690 1311 810 1382 ipse
839 1327 904 1364 eo
923 1309 1130 1374 venire,
1153 1316 1214 1363 et
1232 1310 1350 1380 ipse
1371 1309 1591 1379 operari
1612 1310 1667 1362 in
1688 1309 1853 1362 domo
1873 1325 1998 1362 san-
2079 1311 2173 1365 ille
2203 1317 2446 1374 sanctus,
2468 1311 2739 1382 paulatim
2763 1309 2832 1364 ab
2849 1327 2914 1364 eo
2936 1310 3114 1363 multa
3133 1309 3423 1370 auferens:
3449 1317 3510 1363 et
3538 1309 3676 1362 dice-

401 1410 503 1458 ctaa
536 1400 745 1456 Christi
780 1399 1226 1453 resurrectionis.
1264 1399 1665 1452 Verumtamen
1695 1398 1830 1450 illud
1862 1413 1998 1466 rogo
2083 1399 2177 1454 bat
2195 1416 2416 1470 semper
2439 1400 2584 1470 quod
2609 1405 2794 1470 posset
2809 1398 3341 1469 aliquisintentione
3357 1398 3676 1468 dandipau-

404 1489 793 1546 honorandum
815 1492 986 1558 caput
1005 1493 1188 1544 tuum.
1213 1492 1269 1540 et
1289 1487 1608 1540 nullatenus
1631 1487 1734 1540 hoc
1760 1486 2001 1556 imputes
2081 1488 2307 1560 peribus
2353 1489 2661 1558 exspoliare
2689 1487 2908 1550 divites,
2941 1494 2998 1541 et
3024 1488 3207 1558 ipsum
3236 1487 3408 1540 etiam
3440 1487 3678 1557 hypoca-

404 1581 638 1636 minimo
667 1576 882 1632 nomini
913 1575 1230 1646 exiguitatis
1263 1593 1416 1641 meae,
1450 1577 1547 1630 sed
1572 1577 1674 1629 hoc
1697 1575 1882 1646 potius
1911 1591 2004 1644 pe-
2084 1578 2285 1630 misum
2313 1577 2418 1642 (:39)
2453 1576 2523 1630 ab
2545 1577 2624 1630 eis
2651 1575 2914 1630 benevole
2951 1577 3190 1640 auferre,
3209 1581 3393 1629 etnon
3423 1591 3672 1646 peccare,

407 1676 494 1725 tas
526 1667 818 1731 aChristo,
840 1671 893 1720 et
915 1664 990 1718 ibi
1033 1681 1122 1718 me
1143 1664 1458 1719 conscribat
1485 1663 1580 1718 ubi
1592 1665 1863 1719 veraciter
1878 1679 2005 1718 con-
2085 1673 2142 1720 et
2170 1666 2410 1720 maxime
2455 1666 2502 1720 si
2547 1671 2678 1720 sunt
2708 1665 2881 1736 aliqui
2911 1665 3381 1719 immisericordes
3406 1672 3469 1718 et
3510 1664 3676 1718 avari.

405 1757 637 1830 scriptio
665 1755 830 1809 beata
857 1753 1132 1808 consistit.
1165 1775 1188 1804 ι
2019 1822 2060 1830 _
2085 1756 2208 1808 Duo
2225 1754 2374 1808 enim
2395 1755 2644 1808 lucratur
2660 1755 2816 1808 talis:
2847 1771 3021 1808 unum
3044 1754 3291 1824 quidem,
3315 1753 3454 1822 quia
3465 1753 3681 1806 animas

489 1822 618 1900 CAP.
653 1845 770 1899 XX.
811 1873 864 1882 —
895 1842 1112 1914 Arripit
1136 1843 1231 1896 ille
1269 1848 1494 1896 sanctus
1525 1847 1583 1896 et
1626 1842 1752 1908 hoc,
1793 1822 2065 1895 bonumB
2087 1843 2310 1897 illorum
2331 1849 2546 1909 servat;
2576 1843 2814 1897 alterum
2833 1848 3041 1908 autem,
3061 1822 3346 1913 quoniam
3371 1848 3431 1896 et
3462 1842 3584 1913 ipse
3620 1858 3682 1895 ex

411 1937 558 2000 dico,
583 1933 838 1988 videlicet
860 1933 1008 2003 quod
1029 1931 1223 1986 infimo
1249 1937 1430 1986 stratu
1452 1931 1822 1995 recumberet,
1847 1935 1904 1984 et
1923 1929 2004 1982 vi-
2087 1933 2192 1988 hoc
2205 1933 2519 1987 mercedem
2540 1949 2652 1996 non
2669 1932 2946 1986 modicam
2959 1931 3146 1985 habet.
3181 1930 3387 1985 Attulit
3407 1937 3602 1985 autem
3617 1930 3682 1984 ad

408 2025 556 2080 libus
580 2020 940 2094 Operimentis
963 2020 1021 2074 in
1047 2020 1247 2073 cellula
1271 2035 1374 2074 sua
1400 2025 1673 2073 uteretur.
1698 2018 1857 2082 Quod
1877 2035 2006 2072 cum
2088 2022 2475 2076 credulitatem
2499 2021 2651 2074 verbi
2673 2027 2730 2074 et
2749 2020 3132 2075 testimonium
3159 2035 3342 2086 verax,
3368 2020 3525 2090 quod
3545 2019 3684 2073 circa

411 2113 660 2168 audisset
679 2109 907 2182 quidam
931 2124 1312 2179 possessorum
1329 2107 1586 2170 civitatis,
1611 2106 1916 2160 ascendens
1935 2106 2006 2160 ad
2089 2117 2344 2165 sanctum
2382 2109 2755 2180 Epiphaniam
2812 2115 2870 2163 et
2915 2110 3188 2163 Joannem
3223 2108 3328 2176 (60)
3359 2109 3682 2179 episcopum

411 2217 561 2266 eum,
583 2205 640 2253 et
653 2197 844 2252 ridens
859 2196 1004 2266 quod
1030 2194 1313 2265 opertorio
1330 2194 1498 2249 scisso
1523 2200 1580 2248 et
1601 2196 1760 2248 laneo
1784 2200 2008 2263 tegere-
2091 2199 2564 2269 Jerosolymorum
2594 2199 2804 2252 factum
2850 2203 2953 2262 est,
2985 2198 3265 2268 quomodo
3295 2203 3530 2252 sanctus
3561 2196 3685 2267 Epi-

412 2285 838 2356 tur,transmisit
855 2285 907 2338 ei
930 2283 1340 2354 coopertorium
1363 2283 2012 2353 numismatumtriginta
2092 2288 2333 2360 phanius
2364 2305 2464 2358 per
2504 2293 2683 2341 artem
2719 2287 2850 2340 tulit
2897 2293 3194 2357 argentum
3225 2286 3584 2358 patriarchae,
3615 2285 3689 2337 vi-

413 2395 528 2441 sex,
554 2391 760 2446 rogans
789 2374 1030 2428 multum
1053 2389 1182 2426 eum
1209 2376 1275 2426 ut
1294 2388 1359 2426 eo
1389 2373 1771 2443 c00periretur
1798 2371 1869 2425 ad
1892 2388 2009 2425 me-
2092 2377 2295 2431 delicet
2321 2376 2553 2430 Joannis
2581 2376 2853 2446 ejusdem,
2887 2381 2945 2429 et
2973 2374 3130 2429 dedit
3148 2374 3466 2445 egentibus.

415 2466 674 2530 moriam,
700 2462 903 2534 inquit,
933 2460 1225 2515 mittentis.
1246 2460 1346 2514 llle
1380 2477 1509 2514 vero
1549 2461 1653 2514 hoc
1681 2460 2008 2531 suscipiens,
2165 2466 2294 2520 ΟΑΡ.
2318 2465 2543 2519 ΧΧΙ.-
2567 2464 2808 2534 Dignum
2839 2470 2896 2518 et
2919 2480 3228 2534 congruum
3259 2463 3531 2534 praedicto
3550 2462 3690 2533 capi-

413 2561 644 2624 propter
669 2553 905 2607 multam
924 2549 1028 2603 viri
1048 2549 1479 2620 postulationem
1505 2555 1799 2620 coopertus
1813 2555 1900 2603 est
1909 2549 2012 2603 hoc
2092 2554 2211 2608 tulo
2232 2553 2508 2608 referebat
2525 2553 2698 2606 semel
2713 2568 2900 2606 coram
2920 2551 3181 2606 omnibus
3197 2552 3304 2606 iste
3321 2558 3576 2610 sanctus.
3607 2550 3688 2605 di-

415 2659 532 2698 una
560 2646 740 2706 nocte,
761 2657 860 2710 per
887 2643 1061 2693 totam
1087 2654 1228 2708 pene
1257 2644 1476 2692 noctem
1506 2638 1722 2692 dicebat
1744 2638 1814 2693 ad
1835 2655 2012 2692 seme-
2095 2660 2226 2698 cens
2251 2661 2261 2696 :
2291 2641 2597 2706 Habebam,
2614 2641 2815 2711 inquit,
2840 2640 3138 2712 quemdam
3160 2640 3692 2711 ministruminapo-

417 2732 650 2804 tipsum,
682 2733 747 2782 ut
772 2727 1084 2782 recitabant
1117 2725 1442 2780 cubicularii
1473 2728 1594 2797 ejus
1629 2745 1640 2780 :
1677 2726 1814 2790 Quis
1841 2726 2012 2796 dicet,
2092 2731 2260 2786 theca
2278 2748 2404 2785 mea
2419 2731 2476 2785 in
2499 2730 2931 2801 Cyproﬁdelem
2950 2730 3130 2794 valde,
3153 2736 3210 2784 et
3227 2730 3506 2800 virginem
3519 2744 3689 2799 usque

423 2818 572 2892 quod
592 2816 823 2872 humilis
841 2817 1085 2870 Joannes
1107 2814 1525 2882 (habebatenim
1540 2832 1762 2886 semper
1781 2814 2014 2869 verbum
2095 2820 2165 2874 ad
2199 2819 2410 2874 obitum
2453 2835 2640 2874 suum.
2675 2819 2776 2872 Hic
2821 2835 2954 2889 ergo
3005 2818 3273 2873 narrabat
3301 2818 3444 2872 mihi
3469 2819 3602 2890 quia
3635 2818 3688 2871 in

423 2907 576 2962 istud
588 2908 645 2961 in
662 2909 778 2966 ore)
797 2904 968 2976 pallio
979 2903 1212 2973 triginta
1229 2920 1323 2958 sex
1342 2903 1744 2958 numismatum
1767 2909 2009 2972 tegatur,
2094 2908 2282 2963 Africa
2309 2908 2588 2962 existente
2616 2923 2704 2960 me
2737 2907 2881 2960 facta
2924 2911 3010 2960 est
3037 2923 3128 2961 res
3156 2906 3488 2977 hujusmodi
3522 2925 3534 2959 :
3568 2907 3691 2960 Per-

429 3004 486 3053 et
499 2998 700 3052 fratres
721 2993 928 3050 Christi
941 2993 1144 3063 frigore
1157 2998 1427 3047 necentur
1447 2992 1471 3045 ’ἲ
1488 2991 1693 3056 Quanti
1706 2997 1838 3045 sunt
1851 2991 2014 3044 modo
2097 2996 2392 3050 manebam
2423 2995 2592 3061 enim,
2625 2996 2724 3060 ait,
2752 3012 2879 3048 cum
2908 2995 3148 3066 quodam
3172 2995 3501 3058 teloneario,
3527 2995 3688 3048 divite

420 3086 516 3158 qui
547 3083 808 3140 dentibus
839 3083 1079 3137 strident
1107 3098 1219 3152 pra}
1241 3080 1418 3151 glacie
1439 3081 1462 3133 ’Ζ
1483 3079 1678 3150 quanti
1691 3085 1824 3134 sunt
1851 3079 2016 3132 modo
2034 3135 2074 3158 Π
2096 3085 2460 3140 vehementer
2484 3091 2542 3138 et
2568 3083 3014 3138 immisericordi.
3048 3084 3230 3138 Semel
3269 3100 3404 3154 ergo
3427 3083 3687 3156 pauperi-

421 3135 516 3247 δαί
530 3172 920 3246 psiathuml55)
934 3135 1198 3225 haben‘tes
1217 3135 1412 3223 Samus
1433 3135 1750 3234 ἀίῖηίάίιιηιτ
1768 3174 1826 3222 et
1843 3184 2012 3238 supra
2033 3135 2076 3196 ϐ
2098 3173 2203 3228 bus
2225 3174 2280 3228 in
2311 3173 2493 3227 hieme
2509 3171 2828 3227 sedentibus
2857 3173 2925 3226 ad
2953 3172 3148 3238 solem,
3179 3135 3689 3242 sequ:

421 3263 736 3328 dimidium,
770 3270 826 3316 et
842 3276 955 3315 non
976 3264 1212 3331 possunt
1230 3259 1528 3314 extendere
1551 3257 1718 3329 pedes
1739 3275 1888 3322 suos,
1917 3257 2013 3310 sed
2100 3261 2571 3333 tibus,coeperunt
2589 3261 2795 3330 singuli
2819 3261 3014 3314 domos
3025 3261 3572 3332 eleemosynatorum
3590 3259 3691 3313 col-

422 3351 710 3408 dormiunt
721 3355 785 3404 ut
801 3350 1022 3420 glomus
1033 3353 1339 3402 trementes
1371 3343 1502 3414 (56)?
1523 3346 1730 3410 Quanti
1751 3345 1807 3400 in
1825 3350 2016 3400 monte
2100 3351 2349 3414 laudare,
2374 3357 2432 3404 et
2456 3367 2556 3422 pro
2583 3350 2663 3403 eis
2693 3365 2854 3403 orare
2885 3366 2985 3420 per
3004 3349 3254 3420 singulos
3273 3348 3690 3416 eorum,simili-

425 3441 782 3496 dormierunt
808 3437 1094 3494 incaenati.
1129 3442 1187 3491 et
1203 3437 1324 3490 sine
1354 3436 1600 3500 lucerna,
1623 3434 1894 3488 habentes
1921 3433 2021 3488 du-
2101 3439 2460 3494 teretdomos
2472 3439 3006 3509 eleemosynamnon
3017 3438 3339 3492 facientium
3354 3439 3687 3510 vituperare.

421 3529 622 3601 plicem
650 3526 959 3582 cruciatum
990 3531 1104 3580 tam
1137 3541 1204 3578 ex
1223 3524 1429 3594 frigore
1461 3540 1629 3594 quam
1658 3539 1727 3576 ex
1755 3522 1974 3593 jejunio
1997 3521 2021 3575 Τ
2103 3528 2258 3583 Inter
2278 3545 2400 3598 quae
2419 3527 2572 3581 venit
2587 3527 2642 3581 in
2666 3526 2915 3580 medium
2937 3543 3129 3582 eorum
3163 3533 3220 3580 et
3235 3543 3445 3582 nomen
3461 3525 3690 3582 senioris

427 3617 635 3683 Quanti
655 3615 971 3672 desiderant
989 3613 1232 3668 saturari
1252 3613 1321 3666 de
1341 3612 2021 3682 foliisolerum,quaepro-
2103 3616 2214 3670 mei
2259 3615 2570 3682 telonearii,
2631 3621 2687 3670 et
2743 3621 3034 3686 cceperunt
3091 3615 3295 3686 singuli
3347 3615 3692 3684 interrogare

422 3707 700 3778 jiciuntur
749 3706 819 3760 de
863 3703 1105 3774 coquina
1132 3701 1296 3756 mea?
1336 3700 1544 3766 Quanti
1570 3701 1776 3754 vellent
1802 3699 2020 3770 tingere
2103 3704 2420 3776 proximum
2451 3704 2633 3758 :Vere
2659 3709 2742 3768 tu,
2788 3703 2978 3764 frater,
3011 3703 3272 3774 accepisti
3300 3703 3604 3774 aliquando
3629 3700 3691 3754 de

425 3811 625 3868 panem
657 3811 821 3850 suum
852 3794 910 3847 in
939 3797 1153 3868 zpmate
1183 3789 1304 3860 (57)
1327 3790 1475 3861 quod
1505 3789 1811 3860 projiciunt
1857 3787 2022 3859 coqui
2104 3791 2269 3845 domo
2288 3790 2386 3845 illa
2412 3788 2896 3844 benedictionem?
2922 3790 2990 3844 Et
3017 3789 3276 3845 omnibus
3303 3789 3698 3862 interroganti-

425 3884 584 3940 mei?
609 3883 816 3950 Quanti
846 3881 1080 3953 cupiunt
1111 3880 1194 3934 vel
1223 3879 1459 3933 odorare
1488 3878 1698 3944 vinum,
1723 3877 1874 3949 quod
1893 3877 2022 3932 fun-
2105 3877 2210 3932 bus
2230 3879 2483 3945 invicem,
2520 3879 2706 3934 nullus
2729 3879 2986 3934 inventus
3000 3885 3086 3934 est
3101 3879 3378 3950 accepisse
3397 3877 3691 3952 aliquando

429 3973 583 4028 ditur
599 3973 658 4027 in
677 3971 902 4026 cellario
924 3986 1048 4024 meo
1070 3969 1094 4022 ’ἲ
1115 3968 1323 4032 Quanti
1343 3972 1476 4020 sunt
1498 3967 1557 4021 in
1587 3967 1812 4021 civitate
1840 3967 1949 4020 ista
1966 3965 2026 4020 in
2107 3968 2176 4021 de
2207 3967 2372 4022 domo
2399 3970 2520 4038 ejus
2551 3967 2783 4038 aliquid.
2812 3967 2957 4022 Dicit
2985 3984 3118 4038 ergo
3147 3984 3294 4023 unus
3321 3985 3388 4022 ex
3404 3969 3522 4023 eis:
3559 3964 3694 4032 Quid

431 4061 537 4114 hac
549 4060 690 4114 hora
709 4057 1009 4129 peregrini,
1034 4071 1146 4109 non
1158 4054 1428 4108 habentes
1447 4053 1544 4108 ubi
1563 4055 1936 4126 hospitentur,
1970 4059 2028 4108 et
2109 4055 2311 4110 dabitis
2340 4056 2500 4122 mihi,
2529 4062 2586 4110 et
2615 4072 2717 4126 ego
2744 4055 3012 4127 accipiam
3058 4057 3223 4111 hodie
3272 4073 3339 4110 ex
3375 4073 3443 4111 eo
3473 4054 3694 4111 benedi-

431 4149 494 4202 in
514 4147 635 4200 foro
649 4148 859 4216 jacent,
884 4144 1120 4198 fortasse
1141 4149 1197 4197 et
1216 4142 1402 4214 pluvia
1431 4143 1766 4197 madefacti?
1795 4142 2024 4209 Quanti,
2111 4144 2394 4199 ctionem?
2442 4145 2511 4200 Et
2543 4143 2876 4199 facientibus
2931 4161 3059 4200 cum
3099 4161 3164 4200 eo
3193 4151 3439 4216 pactum,
3474 4145 3624 4200 venit
3645 4145 3695 4196 et

433 4241 620 4308 putas,
647 4230 857 4288 habent
881 4237 1060 4286 totum
1095 4246 1362 4294 mensem,
1396 4231 1483 4284 vel
1529 4230 1697 4284 etiam
1729 4231 1887 4295 duos,
1916 4247 2029 4286 non
2111 4239 2221 4288 stat
2248 4233 2382 4288 foris
2405 4249 2495 4304 pm
2509 4240 2622 4288 tam
2643 4233 2862 4301 domus,
2897 4240 3222 4304 exspectans
3249 4232 3477 4305 quando
3508 4233 3576 4288 ad
3602 4231 3695 4286 do-

433 4328 730 4394 gustantes
756 4321 962 4375 oleum.
986 4319 1193 4384 Quanti
1225 4325 1358 4373 sunt
1386 4319 1484 4389 qui
1513 4335 1626 4372 non
1662 4317 1872 4374 habent
1895 4319 2031 4374 alte-
2111 4338 2264 4376 mum
2291 4339 2451 4376 suam
2482 4327 2875 4376 reverteretur.
2908 4321 2983 4376 Ex
3014 4322 3432 4394 dispensatione
3464 4322 3567 4377 Dei
3586 4335 3697 4392 per-

440 4429 566 4467 rum
590 4409 988 4466 vestimentum
1008 4408 1068 4462 in
1088 4413 1300 4471 aestate,
1324 4414 1382 4462 et
1399 4407 1639 4462 alterum
1660 4407 1718 4462 in
1739 4407 1942 4475 hieme,
1973 4414 2030 4463 et
2046 4414 2383 4510 Dvenerunt
2407 4409 2595 4472 simul,
2622 4409 2740 4480 ipse
2788 4409 3108 4480 ingrediens
3137 4415 3377 4481 portam,
3410 4415 3470 4464 et
3497 4405 3698 4464 animal

436 4501 518 4556 ita
557 4498 798 4555 miseriis
833 4497 1206 4568 afﬂiguntur?
1234 4497 1319 4551 Tu
1347 4512 1476 4550 vero
1505 4502 1830 4568 exspectans
1861 4495 2093 4552 etiam”
2113 4505 2341 4571 portans
2369 4498 2622 4569 siligines
2651 4514 2686 4552 a
2717 4498 2997 4569 mancipio
3030 4495 3140 4568 (6i)
3182 4515 3352 4553 causa
3380 4497 3601 4570 prandii
3624 4496 3698 4566 ip-

437 4595 704 4645 mternam
741 4586 1155 4660 jucunditatem
1188 4585 1432 4657 assequi,
1464 4591 1522 4640 et
1561 4585 1752 4640 vinum
1780 4585 1942 4652 bibis,
1977 4591 2034 4641 et
2113 4587 2228 4642 sius
2271 4587 2479 4642 Videns
2501 4587 2672 4657 igitur
2702 4603 2959 4657 egenum,
2995 4603 3108 4642 non
3134 4587 3422 4642 inveniens
3436 4586 3692 4659 lapidem,

438 4679 618 4750 pisces
647 4678 926 4733 immanes
951 4676 1206 4740 devoras,
1231 4681 1288 4729 et
1314 4674 1374 4729 in
1395 4673 1664 4730 cubiculis
1698 4675 2028 4743 demoraris,
2113 4693 2216 4748 per
2239 4675 2483 4731 furorem
2517 4675 2716 4746 arripit
2742 4675 3021 4746 siliginem
3050 4675 3118 4730 de
3143 4675 3368 4740 clitella,
3403 4681 3460 4730 et
3478 4671 3699 4746 jactavit
3785 4723 3793 4733 _

443 4765 610 4821 modo
639 4771 828 4820 autem
858 4781 986 4820 cum
1020 4762 1282 4819 omnibus
1307 4762 1470 4818 malis
1497 4769 1555 4818 et
1582 4763 1640 4818 in
1686 4764 2033 4835 coopertorio
2114 4765 2175 4820 in
2204 4764 2401 4819 faciem
2418 4766 2564 4836 ejus.
2593 4763 2693 4819 Ille
2720 4781 2848 4819 vero
2874 4763 3114 4836 suscepit
3131 4781 3276 4830 eam,
3308 4770 3366 4819 et
3385 4763 3525 4818 abiit
3542 4769 3603 4818 ut
3624 4775 3700 4814 sa-

439 4854 677 4924 triginta
699 4870 796 4908 sex
825 4853 1228 4908 numismatum
1247 4858 1305 4907 te
1319 4851 1576 4907 calefacis
1597 4852 1622 4906 7
1644 4853 1934 4908 Veraciter
1956 4853 2036 4908 ita
2115 4853 2398 4908 tisfaceret
2408 4851 2780 4908 confratribus
2792 4853 2926 4917 suis,
2962 4853 3107 4924 quod
3137 4870 3201 4907 ex
3215 4852 3423 4908 eisdem
3453 4849 3697 4907 manibus

439 4942 630 4998 vivens
647 4949 704 4996 et
721 4942 778 4996 in
805 4942 904 4996 tali
925 4941 1206 4996 laxatione
1241 4956 1594 5008 conversaris,
1623 4957 1737 4996 non
1758 4947 2038 5013 exspecta-
2119 4943 2424 5014 accepisset
2451 4958 2594 4997 eam.
2629 4942 2825 5012 Itaque
2855 4946 2982 5012 post
3007 4941 3147 4996 duos
3175 4941 3296 4996 dies
3315 4939 3602 5012 aagrotavit
3626 4937 3700 4991 in-

439 5031 528 5086 bis
565 5029 680 5085 illic
703 5028 1032 5102 praeparatis
1057 5027 1281 5099 gaudiis
1309 5027 1440 5092 frui,
1469 5028 1566 5084 sed
1611 5029 1806 5084 audies
1842 5030 2038 5101 utique
2119 5030 2387 5086 firmitate
2401 5031 2472 5085 ad
2490 5035 2730 5085 mortem
2743 5030 2888 5085 idem
2909 5029 3550 5097 telonearius,etviditin
3562 5041 3697 5083 som-

443 5119 593 5192 quod
652 5124 710 5174 et
751 5117 906 5172 dives
955 5116 1048 5172 ille
1103 5116 1316 5172 audivit
1368 5118 1546 5184 (Luca:
1571 5123 1726 5188 1m):
1761 5119 2038 5190 Recepisti
2121 5119 2209 5174 nis
2237 5120 2484 5191 seipsum
2531 5119 2807 5174 rationem
2838 5124 3160 5190 ponentem,
3208 5125 3265 5174 et
3319 5134 3514 5174 omnes
3552 5122 3696 5171 actus

456 5213 641 5273 1st)
667 5207 812 5262 bona
839 5205 898 5260 in
927 5204 1043 5260 vita
1067 5209 1187 5272 tua,
1219 5221 1494 5276 pauperes
1525 5222 1652 5260 vero
1681 5207 1865 5272 mala;
1890 5224 2040 5262 nunc
2120 5224 2250 5262 suos
2287 5224 2456 5280 super
2491 5213 2762 5263 stateram
2799 5207 3118 5278 appendere
3171 5225 3184 5261 :
3235 5207 3294 5261 in
3335 5223 3451 5262 una
3487 5203 3698 5278 quidem

445 5313 548 5368 ego
578 5296 960 5360 consolantur,
983 5299 1047 5348 tu
1069 5309 1198 5348 vero
1215 5294 1500 5348 cruciaris.
1520 5294 1854 5350 Benedictus
1866 5296 2034 5364 Deus,
2121 5297 2238 5351 acie
2265 5293 2377 5364 (62)
2407 5295 2895 5367 congregabantur
2936 5295 3119 5350 Mauri
3157 5295 3384 5366 quidam
3413 5295 3695 5352 deformes,

443 5382 675 5438 humilis
693 5383 937 5438 Joannes
966 5380 1080 5434 alia
1107 5385 1268 5436 nocte
1292 5397 1404 5436 non
1428 5381 1782 5452 coaperietur
1807 5382 1922 5437 illo.
1946 5384 2040 5438 Ju-
2121 5385 2300 5440 altera
2332 5392 2521 5440 autem
2550 5385 2697 5439 acies
2711 5385 2950 5439 aliorum
2979 5384 3348 5454 quorumdam
3377 5389 3502 5438 erat
3520 5377 3696 5436 candi-

447 5476 596 5526 stum
623 5476 712 5526 est
737 5471 907 5538 enim,
935 5475 994 5524 et
1019 5468 1162 5524 bene
1208 5475 1498 5541 acceptum
1526 5471 1660 5535 Deo,
1687 5476 1752 5524 ut
1776 5477 2042 5542 tegantur
2123 5473 2384 5529 datorum
2405 5481 2454 5529 et
2477 5473 2816 5530 terribilium
2835 5471 3036 5543 specie.
3061 5472 3168 5536 Qui
3206 5473 3345 5527 nihil
3371 5472 3698 5526 invenientes

448 5563 672 5614 centum
686 5560 874 5631 potius
889 5557 1264 5631 quadraginta
1275 5564 1519 5629 quatuor
1535 5557 1736 5613 fratres
1754 5564 1812 5614 et
1829 5559 2044 5616 domini
2125 5562 2275 5632 boni,
2307 5568 2372 5618 ut
2401 5569 2458 5618 et
2476 5563 2583 5634 ipsi
2613 5561 2998 5633 app'euderent
3021 5567 3245 5616 econtra
3262 5562 3552 5616 adversum
3569 5555 3698 5612 mala

441 5644 554 5715 tui,
585 5658 756 5720 quam
781 5651 847 5704 tu
875 5645 1090 5703 infelix.
1112 5643 1596 5703 Venundabantur
1623 5647 1775 5702 enim
1804 5654 2047 5720 quatuor
2127 5666 2302 5724 opera
2327 5667 2451 5724 quas
2479 5649 2709 5708 collecta
2737 5653 2902 5706 erant
2928 5663 2963 5704 a
2983 5649 3195 5706 Mauris
3216 5650 3275 5705 in
3301 5649 3420 5705 acie
3447 5648 3698 5722 ipsorum,
