3912 6420
117 405 249 464 357

1068 408 1243 465 ‘VITA
1280 410 1538 468 SANCTI
1577 411 1883 469 JOANNIS
1924 412 2525 507 ELEEMOSYNARII:

3260 368 3273 383 ⁸
3340 417 3445 475 358

115 529 328 586 nimis
350 528 771 587 tribulabantur
802 536 859 587 et
885 532 1277 602 tristabantur,
1311 541 1369 591 et
1397 543 1585 592 mente
1615 555 1750 593 con-
1763 536 1819 601 Α
1835 538 2178 609 gentarium,
2203 539 2299 612 qui
2320 539 2528 595 damna
2546 540 2939 598 inciderat.Ad
2950 541 3288 596 locutionem
3309 557 3440 596 vero

116 618 561 676 sternebantur
604 621 675 675 ad
700 621 1058 688 alterutrum,
1093 629 1150 679 et
1178 623 1439 680 dicebant
1469 641 1481 676 :
1510 628 1655 699 Ergo
1690 644 1762 682 ne

117 708 293 764 nihil
330 709 606 765 habemus
636 710 763 765 hic?
790 711 947 767 Tunc
985 712 1121 767 dicit
1161 730 1308 770 unus
1347 732 1539 770 eorum
1572 734 1583 769 :
1618 717 1762 771 Vere

117 798 295 853 nihil
352 798 647 867 habemus,
689 800 800 856 nisi
837 817 1009 856 unam
1055 802 1356 874 siliginem,
1401 822 1570 876 quam
1607 807 1762 862 dedit

124 894 287 942 ante
323 888 465 943 duos
492 889 612 944 dies
641 889 883 956 Christo,
907 895 962 945 et
992 890 1173 963 ipsam
1199 910 1311 949 non
1338 895 1670 950 voluntarie.
1692 897 1762 951 Et

122 977 514 1033 mittentibus
543 978 626 1034 eis
654 978 954 1050 siliginem,
978 982 1270 1052 aequalitas
1294 983 1440 1038 facta
1467 992 1570 1039 est.
1604 986 1760 1040 Tunc

124 1066 355 1121 dicunt
382 1067 693 1124 teloneario
722 1068 780 1122 hi
808 1069 904 1141 qui
935 1078 1323 1142 apparuerunt
1352 1072 1402 1127 ei
1432 1073 1713 1129 candidati
1742 1094 1754 1129 :

124 1155 333 1222 Vade,
365 1161 424 1210 et
450 1172 600 1227 auge
629 1158 699 1211 ad
729 1157 1010 1228 sdiginem
1039 1159 1202 1227 hanc,
1249 1178 1381 1216 nam
1422 1180 1549 1217 vere
1578 1164 1759 1218 Mauri

130 1245 238 1300 isti
259 1250 326 1299 te
347 1246 791 1318 apprehendent.
816 1248 1047 1319 Ejulans
1072 1266 1225 1320 ergo,
1248 1252 1475 1321 agnovit
1496 1269 1617 1323 quae
1641 1253 1759 1307 visa

127 1341 284 1389 sunt
314 1333 388 1388 ab
416 1351 482 1389 eo
512 1352 626 1391 non
654 1353 777 1391 esse
805 1337 1115 1406 mendacia,
1149 1340 1246 1393 sed
1279 1340 1520 1395 verazia.
1554 1341 1758 1397 Omnia

128 1440 278 1479 vero
325 1441 451 1496 quae
484 1441 518 1479 a
541 1426 837 1496 juventute
866 1443 970 1482 sua
1005 1429 1381 1496 commiserat,
1423 1435 1481 1484 et
1517 1448 1757 1502 quorum

129 1512 265 1583 ipse
288 1520 420 1569 erat
443 1513 668 1582 oblitus,
685 1514 905 1570 videbat
924 1516 1218 1589 jEthiopes
1238 1518 1364 1573 illos
1389 1536 1751 1591 congregare,

133 1608 196 1657 et
241 1604 553 1675 deportare
586 1605 658 1660 ad
704 1604 924 1669 libram,
971 1611 1028 1660 et
1073 1606 1294 1662 dicebat
1328 1626 1339 1662 :
1374 1609 1522 1662 Vave
1555 1607 1677 1676 (63‘,
1709 1610 1756 1665 si

131 1708 259 1746 una
290 1692 460 1764 siligo
491 1710 661 1765 quam
687 1695 893 1765 jactavi
919 1712 1020 1767 per
1048 1696 1295 1751 furorem
1332 1697 1413 1752 ita
1443 1698 1672 1770 profuit,
1723 1717 1759 1754 a

134 1782 384 1852 quantis
415 1783 580 1839 malis
608 1800 669 1838 se
697 1783 900 1839 liberat
927 1785 1023 1856 qui
1053 1785 1152 1840 dat
1180 1786 1239 1841 in
1269 1787 1627 1858 simplicitate
1652 1805 1756 1843 sua

1845 628 2196 684 venientibus
2234 630 2524 695 ambobus,
2567 630 2703 684 dicit
2744 631 2793 684 ei
2823 630 3078 685 notarius
3109 649 3121 684 :
3154 631 3303 686 Audi
3330 647 3442 697 me,

1843 718 2009 781 Zolle,
2038 724 2094 773 et
2123 734 2247 773 eme
2270 735 2493 773 servum
2517 719 2861 791 unum,quia
2875 719 3051 774 habeo
3071 726 3187 774 tam
3208 720 3439 786 bonum,

1844 812 1908 861 ut
1928 806 2078 862 dicat
2098 808 2265 862 homo
2288 809 2433 879 quod
2466 808 2735 880 patricius
2766 809 2841 862 sit
2894 810 2962 863 Et
2987 810 3221 864 audiens
3246 826 3445 880 argen-

1841 897 2019 951 tarius
2051 898 2198 968 quod
2225 914 2448 952 servum
2481 898 2733 963 haberet,
2767 898 3075 953 admiratus
3101 905 3202 964 est,
3232 904 3289 953 et
3306 899 3445 953 dicit

1842 985 1893 1038 ei
1925 1004 1935 1039 :
1964 986 2145 1039 Crede
2168 986 2325 1043 mihi.
2355 987 2487 1057 quia
2508 1003 2621 1041 non
2651 986 2909 1057 possideo
2938 988 3087 1041 unde
3114 1004 3299 1042 emere
3318 1005 3443 1060 pos-

1842 1074 1970 1128 sim.
2002 1074 2148 1129 Dicit
2176 1075 2226 1128 ei
2256 1091 2481 1129 rursum
2512 1076 2767 1130 notarius
2792 1094 2803 1129 :
2844 1076 3044 1147 Accipe
3074 1081 3353 1141 mutuum,
3388 1082 3445 1132 et

1843 1180 1966 1218 eme
1997 1180 2146 1229 eum,
2172 1164 2412 1219 multum
2431 1164 2581 1218 enim
2612 1170 2699 1218 est
2717 1163 2915 1231 bonus,
2945 1170 3002 1219 et
3029 1164 3320 1220 benedicet
3338 1164 3442 1219 tibi

1842 1253 1993 1307 Deus
2014 1269 2116 1324 per
2131 1270 2260 1307 eum
2275 1298 2287 1310 .
2318 1253 2612 1324 Acquievit
2632 1270 2765 1323 ergo
2794 1254 2865 1319 ei,
2885 1259 2939 1307 et
2962 1254 3100 1307 emit
3118 1270 3248 1308 eum
3267 1254 3445 1309 sordi-

1840 1340 1924 1395 dis
1937 1341 2183 1395 vestibus
2200 1342 2481 1409 indutum,
2507 1341 2942 1418 numismatibus
2968 1342 3221 1412 triginta.
3256 1342 3443 1397 Relin-

1840 1447 2016 1501 quens
2046 1437 2237 1485 autem
2262 1448 2391 1485 eum
2407 1432 2679 1496 notarius,
2704 1430 2842 1485 abiit
2872 1431 3438 1502 Constantinopolim,

1839 1519 2185 1575 satisfaciens
2208 1521 2356 1591 quod
2386 1520 2525 1575 nulli
2554 1519 2659 1574 hoc
2679 1519 3082 1587 manifestaret,
3117 1525 3173 1574 et
3194 1519 3343 1590 quod
3371 1520 3442 1575 de

1839 1609 2019 1685 pretio
2037 1626 2392 1681 nequaquam
2405 1609 2509 1663 sibi
2526 1609 2821 1664 retinendo
2835 1610 3048 1681 aliquid
3061 1609 3436 1677 defraudaret,

1840 1698 1936 1752 sed
1981 1698 2085 1753 hoc
2132 1705 2313 1754 totum
2354 1699 2697 1771 pauperibus
2738 1700 2915 1753 daret.
2954 1700 3099 1770 Ergo
3138 1699 3442 1769 aliquando

1837 1786 1989 1841 idem
2024 1788 2226 1842 Petrus
2271 1789 2570 1860 coquinam
2612 1787 2849 1842 faciebat
2886 1787 3115 1842 domino
3161 1805 3286 1855 suo,
3333 1788 3439 1843 ali-

132 1869 298 1925 bona
330 1871 760 1943 indigentibus?
787 1874 857 1929 Et
898 1874 967 1928 de
1005 1880 1205 1929 caetero
1250 1875 1330 1930 ita
1365 1876 1650 1932 modestus
1699 1883 1817 1958 etB
1840 1877 2063 1948 quando
2093 1882 2283 1935 autem
2319 1877 2544 1932 lavabat
2588 1893 2805 1949 pannos
2835 1877 2977 1947 ejus,
3010 1893 3300 1948 nunquam
3333 1878 3439 1931 ali-

135 1960 401 2032 prudens
424 1970 589 2032 atque
618 1978 874 2017 summus
896 1962 1344 2036 eleemosynator
1364 1965 1541 2021 factus
1563 1971 1667 2035 est,
1691 1972 1755 2022 ut

137 2050 325 2104 etiam
353 2051 572 2122 corpori
601 2051 826 2123 prOprio
855 2068 967 2106 non
995 2059 1274 2124 parceret.

217 2138 637 2210 Contigitenim
648 2140 950 2211 aliquando
961 2142 1270 2197 secundum
1290 2145 1752 2200 consuetudinem

138 2228 455 2299 procedere
481 2246 611 2284 eum
653 2229 898 2284 diluculo
929 2231 1000 2285 ad
1050 2232 1355 2299 teloneum,
1393 2239 1450 2288 et
1488 2233 1674 2289 obviat
1701 2234 1753 2289 ei

140 2323 345 2381 nauta,
375 2317 471 2389 qui
497 2334 533 2372 a
550 2317 845 2390 naufragio
872 2319 1058 2374 nudus
1082 2326 1146 2374 ut
1170 2327 1338 2376 natus
1363 2327 1449 2377 est
1469 2330 1749 2390 evaserat;

140 2410 202 2459 et
224 2406 431 2461 cecidit
453 2411 585 2463 ante
609 2424 756 2473 eum,
807 2425 1012 2479 rogans
1042 2415 1105 2464 ut
1149 2411 1553 2481 protectionem
1603 2413 1753 2484 apud

140 2510 280 2550 eum
300 2496 652 2568 impetraret.
676 2497 780 2552 Hic
797 2514 931 2569 ergo
950 2503 1156 2569 putans
1177 2499 1327 2570 quod
1352 2517 1562 2571 egenus
1584 2507 1749 2569 esset,

142 2584 481 2656 exspoliavit
524 2603 584 2641 se
631 2586 989 2658 esophorium
1029 2587 1143 2656 (6’1)
1198 2605 1384 2655 suum,
1423 2590 1571 2661 quod
1601 2590 1752 2647 illius

140 2674 354 2729 melius
381 2679 522 2742 erat,
555 2680 613 2731 et
640 2676 738 2731 dat
756 2676 828 2743 ei,
855 2677 1185 2748 rogavitque
1216 2694 1343 2732 eum
1376 2683 1441 2733 ut
1485 2679 1591 2733 hoc
1632 2680 1752 2752 ipse

142 2763 472 2820 vestiretur.
505 2763 754 2836 Pergens
783 2782 914 2820 vero
962 2765 1057 2820 ille
1105 2771 1159 2820 et
1200 2765 1533 2822 erubescens
1562 2768 1753 2823 vestiri

143 2852 277 2919 hoc,
305 2852 465 2908 dedit
492 2853 631 2909 illud
650 2854 926 2909 venditori
954 2860 1017 2909 ut
1039 2855 1490 2911 venumdaretur.
1528 2857 1597 2912 Et
1624 2874 1751 2912 cum

146 2941 443 2997 recederet
462 2941 820 3008 telonearius,
836 2942 974 2997 vidit
994 2942 1101 2997 hoc
1120 2959 1474 3015 suspensum,
1490 2951 1546 3000 et
1563 2946 1752 3000 trista-

143 3034 244 3084 tus
290 3036 379 3085 est
418 3031 807 3101 vehementer;
842 3036 899 3087 et
940 3032 1247 3087 ascendens
1291 3033 1520 3089 domum
1564 3052 1745 3103 suam,

145 3119 295 3174 nihil
332 3136 530 3191 passus
558 3126 646 3176 est
670 3126 928 3192 gustare;
958 3121 1054 3177 sed
1079 3122 1344 3177 claudens
1384 3124 1588 3178 ostium
1616 3141 1750 3179 con-

1839 1966 2062 2036 quando
2092 1966 2151 2020 in
2182 1966 2430 2038 quolibet
2459 1967 2661 2021 borum
2697 1971 2973 2021 assuetus.
3004 1966 3219 2020 Afflixit
3246 1972 3439 2021 autem

1837 2054 2087 2126 seipsum
2118 2064 2175 2110 et
2197 2056 2416 2126 jejunio
2444 2057 2640 2110 multo.
2678 2056 2819 2110 Cum
2854 2072 2983 2109 vero
3004 2055 3235 2109 vidisset
3262 2071 3323 2109 se
3346 2054 3439 2109 be-

1836 2143 2018 2198 nedici
2049 2145 2311 2199 dominus
2343 2145 2466 2215 ejus
2504 2161 2674 2216 super
2702 2160 2926 2199 omnem
2964 2143 3434 2207 benedictionem.

1836 2232 1971 2287 dicit
1996 2233 2066 2301 ei,
2099 2234 2508 2289 verecundatus
2539 2250 2825 2289 enormem
2842 2235 2964 2304 ejus
2983 2232 3248 2289 virtutem
3264 2238 3323 2287 et
3336 2234 3439 2287 hu-

1836 2322 2134 2378 militatem
2155 2343 2166 2377 :
2186 2324 2343 2389 Volo,
2364 2324 2593 2378 humilis
2610 2325 2794 2390 Petre,
2820 2322 3061 2377 liberare
3077 2328 3147 2377 te.
3177 2327 3234 2376 et
3265 2327 3330 2376 ut
3353 2322 3432 2376 sis

1835 2411 1906 2471 de
1935 2411 2152 2483 reliquo
2176 2413 2350 2468 frater
2370 2429 2547 2468 meus.
2572 2413 2673 2468 Ille
2703 2429 2834 2467 vero
2855 2411 3052 2466 noluit.
3072 2411 3306 2465 Viderat
3331 2427 3436 2465 au-

1834 2505 1950 2554 tem
1980 2517 2110 2555 eum
2149 2500 2471 2572 frequenter
2490 2501 2737 2556 convicia
2769 2500 3038 2572 perferre.
3069 2505 3126 2554 et
3151 2499 3368 2571 percuti
3396 2516 3431 2553 a

1834 2589 2117 2643 conservis
2138 2589 2275 2644 suis.
2301 2589 2597 2645 Habebant
2608 2596 2795 2645 autem
2816 2606 2945 2644 eum
2956 2595 3228 2660 tanquam
3246 2603 3437 2643 amen-

1835 2682 1970 2743 tem,
1998 2678 2079 2732 ita
2109 2685 2174 2732 ut
2197 2684 2253 2733 et
2275 2695 2480 2733 nomen
2511 2679 2561 2733 ei
2590 2679 2949 2750 imponerent
2973 2677 3230 2732 Amentis
3282 2677 3435 2741 Quo-

1833 2767 2187 2838 tiescumque
2226 2785 2359 2838 ergo
2411 2767 2760 2823 tribulabant
2788 2785 2915 2823 eum
2960 2766 3211 2821 conservi
3238 2766 3347 2831 sui,
3381 2770 3439 2820 et

1835 2854 2152 2911 dormiebat
2168 2856 2227 2910 in
2247 2856 2628 2923 tribulatione,
2653 2856 2961 2929 apparebat
2978 2856 3030 2910 ei
3052 2855 3225 2927 quiin
3250 2853 3439 2909 Africa

1832 2943 1915 2997 illi
1955 2951 2315 3015 apparuerat,
2346 2945 2580 2999 vestitus
2629 2944 2924 3016 esophorio
2968 2945 3111 3015 ejus,
3143 2949 3342 2999 tenens
3381 2949 3440 2998 et

1833 3032 1933 3087 illa
1967 3033 2200 3104 triginta
2246 3034 2592 3089 numismata
2630 3034 2689 3088 in
2733 3050 2924 3099 manu,
2959 3033 3150 3087 dicens
3180 3033 3228 3087 ei
3263 3051 3275 3085 :
3308 3032 3436 3087 Noli

1834 3127 2069 3177 moestus
2099 3139 2241 3189 esse,
2275 3124 2451 3177 frater
2488 3123 2672 3188 Petre,
2709 3140 2811 3194 ego
2842 3122 3062 3194 suscepi
3087 3127 3145 3176 et
3182 3121 3431 3193 pretium

148 3208 325 3263 clavis
345 3210 453 3277 sui,
489 3215 671 3276 [90
702 3207 933 3265 sedebat
962 3210 1189 3282 plorans
1211 3218 1269 3266 et
1295 3212 1571 3283 cogitans:
1608 3213 1753 3278 Quia
1771 3211 1935 3283 Ctui,
1971 3211 2069 3266 sed
2098 3217 2356 3266 sustenta
2384 3227 2562 3282 usque
2593 3210 2727 3265 dum
2757 3209 3129 3280 cognoscaris.

144 3313 265 3353 non
310 3297 391 3353 fui
420 3298 646 3370 dignus,
678 3299 883 3371 inquit,
909 3304 974 3354 ut
1016 3300 1127 3354 mei
1157 3300 1486 3355 memoriam
1515 3301 1750 3357 haberet

146 3403 381 3459 egenus.
416 3388 555 3443 Cum
588 3404 721 3460 ergo
742 3388 1086 3455 anxiaretur,
1121 3388 1493 3459 obdormivit;
1524 3397 1583 3446 et
1620 3408 1747 3446 ecce

144 3475 290 3531 vidit
319 3476 622 3549 quemdam
669 3478 980 3550 speciosum
1010 3483 1302 3550 tamquam
1331 3480 1527 3546 solem,
1559 3480 1746 3535 feren-

146 3571 266 3620 tem
286 3581 509 3621 crucem
527 3582 699 3639 super
725 3572 894 3639 caput
916 3584 1081 3622 suum
1110 3573 1167 3622 et
1196 3568 1573 3640 esophorium,
1596 3570 1746 3640 quad

147 3653 383 3710 dederat
408 3660 611 3721 nautae,
645 3656 1002 3712 assistentem
1028 3654 1133 3711 sibi
1155 3662 1212 3711 et
1239 3656 1519 3712 dicentem
1554 3676 1568 3714 :
1597 3658 1743 3723 Quid

147 3743 355 3815 ploras,
416 3744 640 3800 domine
688 3736 892 3801 Petra?
930 3746 1048 3801 Hoc
1078 3745 1228 3800 enim
1258 3752 1381 3801 erat
1417 3746 1468 3801 ei
1515 3763 1738 3802 nomen.

148 3832 251 3888 Ille
280 3848 410 3888 vero
438 3833 596 3897 dixit,
626 3839 691 3888 ut
719 3834 790 3889 ad
829 3835 1010 3889 Deum
1058 3834 1353 3906 disputans
1386 3853 1397 3889 :
1431 3834 1594 3903 Quia,
1627 3836 1743 3891 Do-

149 3921 321 3988 mine,
355 3939 419 3977 ex
449 3922 650 3995 quibus
677 3922 902 3994 largiris
938 3922 1118 3991 nobis,
1149 3923 1348 3979 damus
1386 3923 1570 3991 alicui,
1598 3930 1656 3979 et
1683 3924 1744 3979 in

150 4016 317 4085 turpe
361 4011 579 4068 lucrum
611 4018 837 4068 vertunt
873 4011 1236 4084 accipientes.
1280 4014 1437 4069 Tunc
1472 4013 1608 4068 dicit
1643 4013 1694 4068 ei
1728 4031 1740 4069 :

154 4100 454 4172 Cognoscis
477 4101 621 4157 hoc?
650 4102 718 4157 Et
745 4101 993 4158 ostendit
1018 4101 1070 4157 ei
1100 4101 1233 4173 quia
1262 4102 1486 4157 deintus
1508 4103 1744 4157 vestitus

153 4196 299 4246 esset
326 4191 450 4263 ejus
474 4191 787 4263 esophorio.
816 4190 963 4246 Dicit
984 4190 1063 4245 ei:
1096 4191 1235 4246 Ecce
1265 4207 1369 4263 ego
1398 4191 1493 4246 illo
1516 4191 1738 4258 vestior,

154 4296 222 4336 ex
252 4296 361 4353 quo
404 4279 608 4336 dedisti
653 4279 794 4335 mihi
821 4280 950 4348 hoc;
994 4284 1052 4335 et
1077 4279 1289 4351 gratias
1334 4296 1441 4351 ago
1467 4279 1742 4335 voluntati

153 4376 263 4426 tua;
290 4368 469 4437 bona,
501 4369 768 4442 quoniam
789 4368 996 4441 frigore
1024 4368 1335 4441 aﬂligebar,
1376 4375 1434 4426 et
1459 4375 1523 4425 tu
1548 4386 1744 4442 coope-

155 4457 314 4515 ruisti
342 4475 457 4516 me.
495 4458 583 4514 Ad
607 4475 667 4514 se
709 4475 842 4531 ergo
890 4474 1168 4525 reversus,
1207 4458 1521 4513 admiratus
1549 4465 1653 4526 est,
1688 4464 1745 4514 et

1902 3300 2036 3354 Post
2065 3299 2289 3370 aliquod
2312 3315 2440 3353 vero
2470 3304 2713 3369 tempus,
2738 3304 3012 3352 venerunt
3035 3313 3069 3350 a
3097 3296 3280 3367 patria
3308 3297 3431 3367 ejus

1831 3388 2059 3459 quidam
2093 3387 2310 3458 argenti
2343 3387 2682 3447 venditores.
2710 3391 2776 3441 ut
2804 3391 3035 3441 orarent
3054 3385 3125 3439 ad
3153 3385 3277 3439 loca
3305 3400 3432 3439 san-

1826 3483 1936 3546 cta;
1957 3484 2015 3531 et
2032 3476 2292 3532 invitavit
2304 3492 2399 3531 eos
2410 3476 2481 3530 ad
2490 3475 2791 3547 prandium
2811 3474 3072 3529 dominus
3094 3474 3308 3529 domini
3330 3474 3430 3528 Pe-

1826 3565 1927 3633 tri;
1954 3570 2011 3620 et
2029 3582 2155 3620 cum
2182 3565 2547 3631 ministraret,
2570 3564 2761 3619 statim
2780 3563 2876 3617 ille
2898 3562 3158 3633 cognovit
3177 3579 3291 3620 eos.
3314 3562 3430 3634 Ipsi

1826 3659 2016 3709 autem
2032 3654 2165 3709 dum
2188 3654 2547 3726 pranderent,
2564 3658 2855 3725 coeperunt
2874 3652 3176 3722 afﬁgurare
3198 3668 3347 3717 eum,
3371 3656 3428 3704 et

1825 3742 2064 3798 invicem
2077 3744 2148 3799 ad
2171 3759 2337 3798 aures
2356 3742 2541 3797 dicere
2565 3762 2581 3797 :
2604 3744 2783 3807 Quam
2807 3741 3019 3795 similat
3039 3756 3181 3812 puer
3200 3741 3309 3795 iste
3332 3740 3430 3793 do-

1826 3832 1979 3887 mino
1999 3833 2166 3887 Petro
2184 3832 2511 3887 teloneario.
2531 3831 2632 3886 Ille
2647 3846 2777 3885 vero
2798 3827 3128 3892 occultabat,
3151 3834 3426 3898 quantum

1825 3927 2063 3993 poterat,
2100 3920 2316 3976 vultum
2354 3936 2542 3978 suum.
2586 3920 2799 3975 Iterum
2830 3935 2963 3989 ergo
3007 3916 3429 3972 comedentibus

1826 4012 1927 4078 eis,
1962 4017 2253 4083 coeperunt
2280 4009 2462 4064 dicere
2503 4009 2573 4064 ad
2608 4025 2737 4063 eum
2777 4007 2872 4080 qui
2914 4023 3009 4062 eos
3040 4006 3376 4061 invitaverat
3410 4024 3423 4060 :

1827 4100 1971 4155 Vere
2001 4106 2285 4172 putamus,
2317 4115 2408 4153 res
2426 4097 2529 4153 tibi
2558 4113 2767 4168 magna
2785 4096 2987 4161 evenit,
3015 4095 3241 4149 domine
3256 4095 3424 4162 Zoile;

1827 4188 2055 4256 etenim,
2089 4188 2198 4243 nisi
2229 4204 2505 4250 erramus,
2537 4186 2821 4259 publicam
2851 4201 3147 4257 personam
3176 4185 3234 4238 in
3264 4183 3431 4238 mini-

1826 4278 1998 4333 sterio
2018 4283 2117 4333 tuo
2139 4275 2332 4332 habes.
2366 4278 2564 4348 Neque
2580 4275 2730 4330 enim
2761 4273 3011 4329 sciebant
3034 4273 3261 4339 certius,
3297 4272 3432 4343 quia

1827 4372 1950 4423 erat
1977 4367 2046 4421 de
2078 4366 2319 4438 coquina
2349 4372 2408 4421 et
2427 4365 2647 4437 jejunio
2677 4368 3057 4420 commutatus
3076 4362 3263 4418 vultus
3282 4362 3425 4431 ejus.

1825 4457 1935 4512 Diu
1956 4456 2137 4527 igitur
2165 4453 2651 4510 considerantibus
2690 4469 2839 4519 eum,
2870 4451 3007 4506 dicit
3035 4467 3183 4506 unus
3211 4466 3277 4505 ex
3300 4450 3383 4505 eis
3410 4468 3421 4504 :

156 4548 316 4620 coepit
340 4547 658 4604 beatiﬁcare
682 4563 888 4620 egenos
916 4552 975 4603 et
1013 4547 1201 4603 dicere
1229 4564 1241 4601 :
1274 4547 1424 4603 Vivit
1446 4548 1738 4615 Dominus,
1762 4545 1810 4604 D
1827 4546 1972 4601 Vere
2000 4544 2261 4599 dominus
2303 4544 2505 4598 Petrus
2547 4548 2650 4607 est,
2685 4556 2911 4611 surgam
2940 4545 2998 4594 et
3022 4537 3226 4593 tenebo
3257 4553 3414 4594 eum.

156 4636 202 4692 si
228 4637 419 4709 inopes
458 4630 716 4693 Christus
744 4653 903 4693 meus
935 4642 1087 4705 sunt,
1121 4652 1235 4692 non
1254 4636 1484 4706 moriar,
1514 4643 1573 4694 et
1607 4638 1742 4693 ﬁam

156 4732 419 4798 tanquam
447 4742 595 4782 unus
621 4742 688 4782 ex
718 4726 826 4784 eis.
1600 4740 1605 4745 '

224 4814 501 4871 Accersito
521 4832 652 4872 vero
679 4814 901 4871 notario
930 4831 1051 4883 suo,
1078 4832 1245 4888 quem
1266 4819 1324 4872 et
1350 4819 1586 4882 emerat,
1607 4814 1745 4871 dicit

158 4903 209 4959 ei
235 4923 247 4959 :
280 4903 568 4960 Secretum
596 4906 721 4961 volo
748 4903 976 4960 credere
1005 4903 1142 4973 tibi;
1178 4910 1235 4959 et
1257 4903 1440 4971 crede,
1469 4904 1517 4959 si
1544 4920 1744 4976 propa-

158 4991 350 5049 laveris
378 5010 489 5061 me,
518 4992 772 5050 barbaris
799 4993 1038 5050 vendam
1058 4998 1134 5061 te,
1162 4999 1263 5049 aut
1277 4993 1324 5049 si
1352 5010 1466 5049 non
1494 4992 1743 5049 audieris

160 5098 263 5137 me.
283 5082 391 5137 Dat
413 5098 543 5139 vero
556 5082 608 5138 ei
628 5082 820 5140 decem
846 5082 1022 5138 libras
1049 5081 1194 5151 auri,
1223 5089 1281 5139 et
1300 5082 1436 5138 dicit
1455 5082 1538 5138 ei:
1565 5081 1738 5147 Vade,

162 5177 217 5228 et
243 5187 358 5226 eme
373 5170 477 5227 tibi
495 5172 804 5245 negotium;
827 5178 886 5228 et
903 5188 1065 5227 sume
1080 5187 1191 5239 me,
1206 5185 1264 5227 et
1282 5172 1390 5227 duc
1411 5172 1470 5226 in
1490 5176 1743 5226 sanctam

162 5259 450 5327 civitatem,
480 5266 538 5316 et
571 5260 749 5317 vende
780 5276 872 5316 me
901 5258 1132 5317 cuilibet
1160 5259 1502 5327 Christiano,
1539 5264 1598 5315 et
1623 5274 1747 5332 pre-

161 5350 292 5405 tium
310 5348 383 5405 da
413 5349 772 5423 pauperibus.
796 5348 1032 5406 Notario
1057 5354 1248 5405 autem
1271 5353 1584 5416 recusante,
1611 5347 1749 5402 dicit

165 5437 212 5493 ei
236 5437 435 5495 iterum
458 5458 470 5494 :
504 5438 780 5504 Quoniam
800 5438 850 5494 si
871 5455 963 5494 me
999 5454 1114 5494 non
1131 5437 1469 5506 vendideris,
1488 5452 1593 5509 ego
1612 5452 1746 5491 ven-

167 5526 284 5583 dam
307 5533 365 5583 te
404 5525 682 5596 barbaris,
712 5532 779 5584 ut
812 5527 1043 5601 pmdixi
1077 5526 1201 5583 tibi.
1247 5526 1510 5583 Obedivit
1535 5541 1670 5597 ergo
1695 5524 1747 5580 ei

183 5615 458 5688 notarius;
493 5615 1006 5690 etpervenientibus
1028 5615 1110 5673 eis
1129 5616 1201 5671 ad
1226 5621 1424 5672 sancta
1441 5615 1581 5683 loca,
1601 5613 1751 5669 inve-

167 5705 244 5761 nit
266 5702 411 5762 idem
425 5705 682 5763 notarius
703 5704 948 5763 amicum
968 5717 1137 5762 suum
1150 5702 1403 5774 charum,
1419 5701 1647 5760 fabrum
1667 5717 1756 5758 ar-

1823 4633 2001 4689 Valde
2029 4632 2181 4687 enim
2200 4632 2510 4703 imperator
2527 4628 2780 4697 audiens,
2807 4627 3069 4682 tristatur
3093 4626 3162 4681 de
3184 4641 3268 4688 eo,
3294 4626 3430 4697 quia

1826 4721 2038 4777 dudum
2064 4737 2178 4775 non
2224 4719 2556 4792 comparuit.
2589 4717 2749 4774 Foris
2787 4716 2979 4787 itaque
3021 4720 3181 4769 stans
3212 4712 3429 4769 audivit

1827 4812 1974 4879 haec;
2006 4814 2064 4865 et
2091 4825 2306 4882 ponens
2326 4808 2575 4863 catinum
2601 4822 2635 4861 a
2653 4823 2733 4871 se,
2758 4820 2871 4859 non
2894 4810 2981 4859 est
2997 4804 3305 4875 ingressus,
3327 4803 3426 4858 sed

1828 4905 1981 4956 recto
2008 4914 2178 4954 cursu
2225 4896 2475 4953 cucurrit
2505 4895 2576 4950 ad
2609 4899 2850 4967 portam.
2885 4894 3018 4949 Erat
3041 4893 3227 4965 itaque
3250 4892 3302 4947 ei
3332 4891 3427 4964 qui

1827 5006 1957 5047 eum
1988 4998 2124 5044 tunc
2152 4984 2396 5042 habebat
2427 4983 2692 5041 ostiarius
2721 4988 2913 5039 mutus
2945 4987 3004 5037 et
3027 4981 3234 5037 surdus
3263 4997 3297 5036 a
3322 4996 3427 5036 na-

1825 5078 2065 5144 tivitate,
2100 5075 2197 5148 qui
2226 5092 2329 5148 per
2355 5079 2557 5129 nutum
2586 5079 2779 5128 tamen
2803 5070 3094 5144 aperiebat
3122 5077 3179 5125 et
3206 5069 3430 5125 claude-

1826 5166 1943 5224 bat.
1977 5165 2272 5221 Festinans
2302 5178 2437 5234 ergo
2459 5178 2653 5218 servus
2681 5161 2783 5217 Dei
2814 5160 2984 5227 exire,
3016 5158 3151 5214 dicit
3173 5157 3344 5212 surdo
3373 5162 3430 5211 et

1828 5262 2004 5312 muto:
2027 5254 2152 5310 Tibi
2178 5253 2300 5308 dico
2328 5248 2386 5307 in
2418 5251 2646 5307 nomine
2678 5249 2904 5306 Christi.
2938 5248 3039 5303 Ille
3064 5262 3193 5301 vero
3215 5244 3430 5300 audivit

1827 5345 2042 5411 statim,
2074 5349 2132 5398 et
2151 5342 2295 5397 dixit
2319 5361 2330 5396 :
2357 5340 2562 5407 Etiam,
2595 5339 2841 5394 domine.
2866 5338 3080 5392 Iterum
3093 5350 3224 5389 vero
3248 5331 3428 5388 illead

1828 5449 1959 5490 eum
1981 5453 1998 5488 :
2028 5432 2218 5504 Aperi.
2250 5429 2560 5501 Respondit
2588 5433 2779 5482 mutus
2807 5431 2865 5480 et
2893 5424 3105 5479 surdus
3128 5421 3376 5477 secundo
3410 5438 3423 5475 :

1830 5523 1966 5594 Ego,
1993 5521 2240 5577 domine.
2273 5520 2476 5576 Statim
2497 5533 2630 5589 ergo
2654 5513 2915 5579 surrexit,
2938 5519 2996 5567 et
3015 5511 3237 5584 aperuit
3254 5511 3327 5566 ei.
3361 5510 3432 5565 Et

1833 5616 2070 5668 exeunte
2099 5626 2184 5677 eo,
2218 5608 2390 5665 subiit
2412 5605 2695 5672 ostiarius,
2722 5610 2780 5659 et
2805 5601 3069 5658 clamavit
3095 5616 3284 5655 coram
3314 5615 3431 5655 om-

1835 5698 2003 5757 nibus
2024 5695 2279 5772 gaudens
2321 5703 2380 5753 et
2408 5693 2692 5764 exultans;
2724 5690 2859 5766 quia
2885 5688 3101 5747 audivit
3127 5694 3181 5745 et
3210 5688 3431 5745 locutus
