3912 6386
474 363 584 422 359
1497 351 1591 406 DE
1628 349 1817 404 VITIS
1855 347 2151 402 PATRUM
2188 349 2404 406 LIBER
2442 349 2732 405 PRIMUS.
3131 361 3138 368 '
3647 350 3738 407 3m

473 496 579 555 est,
613 485 868 550 Domine,
900 480 1152 536 Domine.
1185 479 1360 536 Porro
1392 475 1654 530 omnibus
1673 472 1767 544 qui
1792 472 1848 524 in
1870 469 2130 528 eademA
2153 470 2286 540 quia
2315 488 2490 542 usque
2538 471 2704 526 hodie
2735 470 3000 542 putabam
3031 470 3178 541 quod
3223 471 3305 525 vel
3361 470 3576 542 aliquid
3607 471 3734 526 face-

473 579 640 633 domo
671 579 831 630 erant
853 569 1185 643 perterritis,
1228 567 1494 640 quoniam
1522 562 1827 618 audiebant
1845 577 1970 614 eum
2002 559 2078 612 lo-
2161 577 2299 622 rem,
2329 561 2474 614 datis
2501 578 2638 630 quas
2659 560 2863 614 habere
2887 577 3111 630 possum
3133 559 3412 632 pecuniis;
3439 560 3734 614 nesciebam

476 672 762 738 quentem,
805 662 1009 715 iterum
1066 658 1202 712 dicit
1255 657 1347 711 ille
1393 654 1673 726 quondam
1714 657 1940 704 mutus:
1977 649 2076 704 Ille
2159 655 2346 718 autem
2385 650 2532 720 quod
2564 656 2618 703 et
2649 649 2860 722 seipsos
2881 650 3202 715 venderent,
3237 649 3479 722 quadam
3510 666 3736 720 compas-

476 756 568 828 qui
600 753 897 824 coquinam
928 747 1182 812 faciebat,
1227 746 1360 800 exiit
1389 760 1640 798 currens.
1676 741 1770 794 sed
1797 740 1978 792 videte
2006 755 2074 790 ne

472 827 614 898 forte
645 842 778 910 fuga
805 841 995 909 lapsus
1027 837 1119 901 sit,
1154 851 1390 904 magnus
1421 833 1570 886 enim
1613 846 1804 884 servus
1835 827 1934 882 Dei
1965 832 2066 880 est.

473 931 708 998 Quando
734 927 1072 988 discedebat,
1087 925 1226 980 dixit
1256 923 1392 976 mihi
1419 941 1433 976 :
1464 921 1586 974 Tibi
1615 919 1740 972 dico
1755 917 1813 971 in
1846 916 2070 970 nomine

473 1020 736 1086 Domini;
770 1023 826 1072 et
854 1033 985 1070 mox
1013 1015 1125 1068 \idi
1163 1014 1232 1067 de
1271 1029 1366 1066 ore
1410 1012 1533 1080 ejus
1573 1014 1868 1062 exeuntem
1901 1009 2064 1058 llam-

475 1127 648 1175 mam,
679 1113 737 1162 et
763 1109 1090 1176 tangentem
1137 1118 1301 1157 aures
1330 1117 1518 1154 meas:
1551 1104 1607 1152 et
1635 1095 1825 1151 statim
1864 1093 2070 1158 audivi,

473 1206 532 1254 et
561 1200 780 1253 locutus
819 1212 963 1250 sum.
1014 1194 1084 1247 Et
1125 1197 1290 1258 [9|
1350 1188 1668 1242 exsilientes
1695 1191 1750 1239 et
1779 1197 2075 1255 sequentes

478 1305 609 1344 eum
637 1285 842 1348 cuncti,
866 1281 1102 1338 ulterius
1133 1297 1244 1334 non
1275 1279 1533 1331 viderunt
1559 1292 1706 1329 eum.
1729 1275 1884 1328 Tunc
1905 1271 2078 1343 poeni-

473 1376 712 1432 tentiam
735 1389 932 1428 omnes
964 1369 1223 1440 agebant,
1257 1367 1354 1438 qui
1380 1367 1438 1420 in
1479 1366 1645 1419 domo
1691 1364 1788 1416 illa
1816 1367 1994 1426 erant,
2021 1366 2078 1414 et
2102 1375 2121 1387 ·

477 1467 597 1538 ipse
622 1463 883 1518 dominus
907 1462 1029 1530 ejus
1060 1458 1157 1529 qui
1195 1458 1420 1511 Petrum
1461 1459 1694 1518 emerat,
1729 1451 1861 1522 quia
1889 1451 1948 1504 in
1977 1449 2075 1502 tali

480 1551 884 1632 exhonorantia
925 1547 1322 1605 humiliasscnt
1350 1562 1498 1611 eum,
1541 1550 1598 1597 et
1628 1541 1865 1596 maxime
1893 1539 1950 1592 hi
1979 1539 2075 1610 qui

479 1642 754 1698 vocabant
782 1657 910 1694 eum
940 1640 1255 1692 Amentem.

2157 737 2311 790 sione
2338 738 2603 808 superati.

2227 827 2357 880 CAP.
2383 827 2584 882 XXIII.
2622 858 2685 867 —
2721 828 2952 898 Semper
2972 826 3200 897 quidem
3220 825 3538 880 honorabat
3561 843 3736 880 mona-

2153 915 2371 969 chicum
2404 916 2630 969 schema
2650 923 2875 970 sanctus
2905 917 3012 980 hic,
3043 922 3099 969 et
3125 915 3345 968 colebat
3371 921 3429 969 et
3459 916 3737 985 competie-

2159 1002 2342 1070 batur,
2375 1004 2466 1057 ub:
2490 1006 2728 1059 maxime
2759 1005 3064 1076 aspiciebat
3094 1005 3428 1058 monachum
3453 1004 3736 1074 corporali-

2158 1091 2260 1146 bus
2294 1093 2628 1148 utilitatibus
2658 1101 3045 1165 angustatum.
3082 1093 3336 1148 llabebat
3359 1100 3553 1148 autem
3573 1101 3626 1146 et
3651 1094 3739 1146 hoc

2157 1200 2327 1253 super
2357 1183 2561 1236 multos
2611 1184 2971 1255 praecipuum,
3005 1183 3138 1254 quia
3177 1183 3594 1238 accusationem
3626 1199 3739 1252 qua-

2164 1273 2517 1343 lemcumque
2531 1313 2543 1337 ,
2564 1273 2676 1326 sive
2699 1273 3046 1338 mendacem,
3071 1273 3184 1325 sive
3202 1289 3477 1336 veracem,
3503 1289 3614 1325 non
3632 1289 3738 1324 sus-

2160 1361 2402 1432 cipiebat
2439 1368 2631 1415 contra
2661 1363 2903 1432 aliquem
2927 1361 3412 1415 circumamictum
3436 1360 3739 1414 monachico

2160 1451 2373 1504 habitu.
2409 1451 2591 1504 Semel
2619 1451 2766 1504 enim
2797 1451 2981 1504 evenit
3009 1467 3072 1503 ex
3103 1450 3450 1504 immissione
3489 1465 3739 1520 quorum-

2161 1540 2292 1592 dum
2337 1539 2781 1605 criminatorum,
2829 1539 3127 1610 pertulisse
3169 1556 3298 1592 eum
3340 1538 3556 1610 aliquid
3600 1538 3736 1591 tale:

2159 1628 2412 1692 Quodam
2437 1628 2707 1682 monacho
2725 1635 2962 1700 gyrante
2983 1628 3274 1682 incivitate
3289 1645 3416 1682 cum
3441 1628 3624 1699 puella
3646 1644 3741 1680 una

551 1733 649 1788 Hae
680 1735 813 1785 sunt
840 1724 1146 1782 beatissimi
1186 1741 1218 1778 a
1247 1724 1360 1777 Deo
1409 1719 1667 1776 honorati
1722 1717 1954 1772 Joannis
1981 1733 2128 1788 pa-_
2153 1717 2470 1786 juvencula,
2499 1723 2555 1771 et
2574 1725 2797 1788 petente
2813 1717 3225 1788 eleemnsynam
3250 1733 3350 1788 per
3371 1717 3495 1770 dies
3525 1716 3737 1787 aliquot,

479 1821 741 1876 triarchae
780 1816 1150 1872 narrationes.
1184 1813 1308 1867 Non
1340 1811 1520 1865 solum
1551 1809 1701 1863 enim
1743 1807 1812 1860 de
1833 1807 1943 1858 vita
1971 1822 2070 1858 sua
2088 1781 2136 1842 Β
2157 1805 2382 1876 quidam
2409 1807 2503 1877 qui
2535 1807 2637 1860 hoc
2652 1806 2920 1872 viderant,
2949 1805 3325 1864 scandalizati.
3356 1811 3412 1859 et
3433 1805 3743 1859 existiman-

477 1913 772 1965 contentus
792 1912 915 1960 erat
942 1903 1219 1958 volentem
1255 1901 1522 1970 proficere
1553 1896 1847 1959 aediﬁcare,
1881 1909 2075 1946 verum

477 1999 648 2054 etiam
665 1996 732 2050 de
756 1997 870 2050 Deo
889 1991 1136 2064 acceptis
1161 1996 1218 2046 et
1237 1987 1524 2042 veracibus
1553 1982 1918 2039 relationibus
1938 1981 2072 2046 suis,

477 2093 536 2142 et
563 2084 786 2140 dicebat
803 2099 1026 2153 semper
1053 2081 1168 2134 huic
1198 2075 1558 2132 audientibus
1583 2093 1593 2127 :
1629 2074 1686 2128 Si
1709 2071 1932 2144 proprio
1954 2087 2078 2124 san-

477 2175 636 2247 guini
661 2191 774 2229 non
803 2173 1174 2244 pepercerunt
1203 2167 1432 2238 quidam
1461 2163 1773 2226 hominum,
1798 2160 1895 2214 sed
1927 2159 2076 2213 hunc

476 2265 756 2319 dederunt
778 2261 837 2316 in
868 2275 1070 2314 manus
1099 2257 1356 2320 fratrum,
1388 2254 1502 2308 imo
1541 2250 1769 2315 Christi,
1796 2247 2075 2321 quomodo

475 2360 642 2426 putas
669 2368 773 2406 nos
801 2365 929 2404 cum
960 2347 1250 2402 alacritate
1284 2349 1342 2398 et
1367 2341 1687 2396 humilitate
1711 2338 1978 2394 debemus
2007 2336 2076 2390 de

474 2439 834 2496 facultatibus
880 2435 1088 2492 nostris
1136 2434 1270 2489 dare
1327 2431 1548 2488 Christo
1591 2436 1648 2484 et.
1687 2428 1878 2498 egenis
1907 2432 2077 2497 atque

477 2528 838 2602 pauperibus,
869 2531 934 2580 ut
963 2521 1540 2594 recompensationem
1570 2518 1905 2589 recipiamus
1933 2531 1968 2568 a
1989 2515 2078 2585 ju-

481 2625 569 2674 sto
599 2623 657 2671 et
685 2615 1004 2671 mercedum
1045 2611 1324 2666 reddite-re
1351 2611 1486 2664 Deo.
1519 2608 1578 2662 in
1619 2607 1714 2660 illa
1742 2604 1993 2659 timenda
2021 2608 2078 2656 et

480 2705 766 2762 horrenda
788 2700 1175 2758 retributionis
1194 2697 1320 2752 die?
1340 2698 1446 2762 Qui
1467 2712 1614 2751 nunc
1629 2695 1870 2749 seminat.
1889 2709 2072 2763 parce,

481 2809 646 2865 parce
681 2799 738 2846 et
759 2796 960 2855 metet,
995 2793 1053 2842 et
1095 2788 1189 2858 qui
1221 2785 1463 2840 seminat
1490 2785 1548 2838 in
1574 2779 2071 2845 benedictionibus,

479 2882 538 2938 id
564 2887 668 2947 est,
693 2881 846 2950 large
875 2885 933 2933 et
952 2874 1404 2946 magnanimiter,
1419 2871 1802 2942 multipliciter
1827 2877 1883 2924 et
1906 2873 2079 2922 metet

483 2972 564 3041 (ῙῙ
591 2971 712 3025 Cor.
744 2973 847 3037 Ix);
877 2968 980 3021 hoc
1003 2971 1106 3026 est,
1137 2963 1282 3018 bona
1303 2963 1397 3016 illa
1425 2959 1779 3016 haereditabit
1807 2976 1928 3030 quae
1957 2974 2078 3012 om-

485 3076 614 3114 nem
645 3063 889 3112 mentem
916 3053 1338 3110 transcendunt.

2157 1900 2242 1948 tes
2275 1895 2421 1966 quod
2453 1895 2656 1949 mulier
2701 1896 2824 1966 ejus
2867 1901 3031 1960 esset,
3079 1896 3394 1949 attulerunt
3423 1893 3740 1966 patriarchae

2159 1991 2352 2038 contra
2377 2001 2506 2038 eum
2541 1985 2817 2054 querelas,
2841 1983 3092 2038 dicentes
3117 2003 3128 2036 :
3157 1985 3393 2055 Propter
3414 1983 3578 2054 quid,
3598 2000 3631 2036 a
3647 1982 3745 2036 Deo

2159 2073 2449 2140 honorate,
2491 2073 2725 2143 derogat
2764 2073 2894 2127 talis
2941 2073 3204 2142 angelicae
3251 2073 3591 2126 monachica:
3634 2071 3744 2124 vita:

2159 2161 2452 2228 schemati,
2477 2163 2718 2234 puellam
2733 2162 3036 2233 quamdam
3055 2161 3266 2216 habens
3286 2161 3584 2215 mulierem
3601 2161 3621 2213 ?
3638 2161 3746 2214 Mox

2159 2269 2292 2322 ergo
2322 2251 2420 2306 Dei
2475 2251 2737 2318 famulus,
2789 2257 2994 2322 putans
3022 2250 3317 2322 prohibere
3355 2257 3558 2304 contra
3587 2251 3746 2304 Deum

2159 2341 2458 2394 commissa
2477 2347 2723 2412 peccata,
2770 2347 3040 2410 tanquam
3071 2339 3167 2410 qui
3193 2340 3260 2392 ad
3301 2340 3404 2393 hoc
3432 2339 3508 2392 ab
3529 2356 3593 2394 en
3620 2343 3749 2392 esset

2159 2437 2470 2500 provectus,
2497 2429 3066 2500 praecepitmulierem
3090 2428 3314 2499 quidem
3344 2429 3589 2499 ﬂagellis
3606 2427 3744 2492 credi,

2161 2524 2216 2572 et
2242 2518 2492 2590 separari
2521 2517 2590 2572 ab
2611 2535 2703 2584 eo;
2729 2518 2910 2588 ipsum
2928 2527 3118 2572 autem
3140 2516 3438 2582 verberari,
3474 2522 3532 2571 et
3561 2517 3617 2571 in
3639 2532 3748 2570 car—

2160 2624 2283 2661 cere
2308 2613 2520 2661 secreto
2545 2606 2776 2660 recludi.
2805 2607 2948 2660 Dum
2970 2623 3104 2676 ergo
3138 2623 3266 2660 cum
3287 2605 3440 2660 omni
3479 2606 3748 2660 celeritate

2152 2695 2332 2764 jussio
2377 2697 2555 2750 sancti
2591 2697 2647 2750 in
2679 2711 2821 2767 Opus
2851 2695 3195 2766 procederet,
3225 2693 3492 2766 apparuit
3526 2694 3577 2748 ei
3606 2701 3749 2748 nocte

2158 2803 2259 2856 per
2281 2785 2459 2839 visum
2485 2785 2808 2850 monachus,
2834 2783 3133 2838 ostendens
3154 2783 3204 2838 ei
3229 2785 3458 2837 dorsum
3486 2800 3650 2838 suum
3666 2799 3751 2854 pu-

2159 2875 2452 2928 trefactum
2490 2881 2617 2942 (non
2648 2881 2939 2944 parcentes
2969 2873 3121 2926 enim
3147 2872 3472 2927 ceciderant
3505 2890 3632 2926 eum
3660 2872 3749 2926 Ec-

2160 2963 2341 3017 clesiae
2361 2962 2700 3030 defensores)
2745 2962 2934 3016 dicens
2956 2961 3006 3015 ei
3037 2983 3047 3016 :
3082 2961 3165 3015 Ita
3189 2960 3370 3032 placet
3389 2960 3516 3028 tibi,
3544 2961 3749 3014 domine

2162 3052 2509 3123 patriarcha;
2547 3051 2650 3104 hac
2703 3068 2816 3105 una
2858 3050 2972 3104 vice
3014 3050 3215 3104 errasti
3257 3055 3321 3103 ut
3355 3049 3558 3116 homo;
3603 3048 3750 3104 crede

551 3149 682 3205 CAP.
719 3147 893 3201 XXII.
925 3176 988 3189 —-
1021 3142 1293 3199 Omnibus
1321 3157 1454 3211 ergo
1482 3138 1649 3194 rectis
1679 3137 1928 3192 moribus
1969 3136 2074 3190 iste
2095 3137 2138 3198 C
2160 3141 2317 3208 mihi,
2351 3140 2483 3212 quia
2511 3140 2580 3194 de
2611 3140 2861 3212 proximo
2893 3144 2979 3194 est,
3007 3137 3121 3193 vita,
3151 3145 3208 3193 et
3237 3155 3406 3192 matrs,
3441 3139 3515 3193 Et,
3542 3139 3656 3192 hagc
3681 3138 3750 3191 di-

481 3242 708 3293 sanctus
737 3235 1068 3298 adornatus,
1096 3249 1198 3286 nec
1226 3231 1330 3285 hoc
1349 3228 1606 3296 carebat;
1633 3227 1790 3282 valde
1820 3226 1969 3280 enim
2000 3224 2080 3279 di-

474 3326 686 3398 ligebat
713 3324 898 3396 eloqui
927 3325 996 3379 de
1021 3321 1236 3378 actibus
1266 3325 1588 3376 sanctorum
1623 3319 1874 3382 Patrum,
1900 3320 1958 3369 et
1985 3331 2075 3368 eo-

477 3433 606 3471 rum
635 3415 732 3486 qui
771 3415 1138 3484 eleemosyna:
1177 3410 1417 3465 cultores
1464 3408 1710 3462 fuerunt.
1747 3405 1906 3460 Unde
1947 3419 2075 3458 cum

475 3519 593 3558 una
617 3503 838 3557 dierum
868 3501 1132 3555 recitaret
1158 3498 1226 3552 de
1254 3497 1367 3550 vita
1397 3495 1574 3551 sancti
1605 3493 1945 3565 Serapionis,
1981 3493 2076 3564 qui

477 3591 784 3646 vocabatur
822 3588 1143 3653 Sindonius,
1195 3593 1254 3642 et
1299 3585 1574 3640 inveniret
1602 3600 1730 3638 eum
1764 3588 1844 3652 (ut
1880 3583 2071 3651 fertur)

481 3681 753 3736 amictum
781 3694 947 3734 suum
975 3677 1192 3732 dedisse
1231 3690 1406 3743 egeno
1432 3675 1693 3744 (Pallad.,
1727 3689 1843 3742 cap.
1876 3669 1988 3738 83),
2020 3676 2078 3726 et

477 3768 684 3824 iterum
715 3767 1006 3840 paululum
1024 3764 1357 3837 processisse
1373 3762 1548 3829 illinc,
1569 3767 1626 3816 et
1644 3761 1820 3832 frigus
1839 3759 2076 3832 patienti

480 3857 755 3924 obviasse,
797 3862 854 3912 et
882 3856 963 3910 illi
1006 3854 1254 3910 tunicam
1285 3851 1604 3924 praebuisse,
1638 3857 1695 3906 et
1732 3851 1865 3922 quia
1892 3849 2076 3904 nudus

478 3946 727 4013 sedebat,
750 3952 952 4000 tenens
973 3950 1230 3999 sanctum
1261 3941 1625 4012 Evangelium
1647 3960 1661 4005 ;
1693 3946 1750 3994 et
1768 3939 2076 4010 interroga-

479 4041 573 4090 tus
597 4052 630 4090 a
675 4034 917 4106 quodam
943 4053 958 4088 :
989 4032 1126 4096 Quis
1169 4037 1225 4085 te
1265 4030 1606 4100 exspoliavit,
1629 4028 1816 4082 abba?
1841 4029 2079 4083 demon-

478 4129 666 4178 strans
696 4129 950 4176 sanctum
981 4118 1363 4190 Evangelium,
1396 4117 1476 4171 ait
1506 4135 1517 4170 :
1553 4118 1692 4184 Iste;
1723 4123 1779 4171 et
1805 4117 1916 4171 alio
1937 4122 2077 4172 tem-

479 4228 617 4284 pore
647 4212 752 4265 hoc
782 4210 966 4281 ipsum
997 4207 1360 4278 Evangelium
1387 4205 1720 4271 vendidisse,
1763 4210 1820 4258 et
1859 4205 2076 4262 dedisse

481 4301 915 4370 eleemosynam,
942 4304 999 4353 et
1016 4295 1289 4368 discipulo
1309 4310 1409 4349 suo
1423 4293 1644 4348 dicente
1669 4311 1680 4347 :
1701 4293 1878 4359 Abba,
1903 4295 2076 4350 Evan-

480 4389 691 4460 gelium
721 4387 816 4442 ubi
836 4388 956 4441 est?
987 4393 1045 4441 et
1073 4385 1168 4440 illo
1199 4383 1415 4438 dicente
1443 4382 1514 4436 ad
1548 4399 1712 4437 eum:
1745 4382 1939 4450 Crede,
1973 4384 2072 4451 ﬁli,

2161 3247 2309 3297 cens,
2343 3229 2591 3284 discessit
2623 3228 2692 3282 ab
2717 3247 2800 3282 eo.
2838 3229 2999 3284 Mane
3025 3233 3215 3281 autem
3236 3227 3402 3294 facto,
3436 3228 3748 3282 recordatus

2157 3325 2243 3373 est
2270 3319 2362 3374 ille
2390 3318 2586 3372 beatus
2625 3318 2852 3372 visionis
2882 3323 3185 3384 nocturnae,
3237 3321 3294 3370 et
3330 3315 3567 3371 sedebat
3597 3331 3749 3388 super

2157 3409 2364 3463 lectum
2388 3425 2552 3462 suum
2583 3414 2840 3474 moestus;
2867 3406 3152 3477 mittitque
3177 3406 3389 3471 statim,
3410 3412 3472 3459 et
3491 3410 3749 3460 convocat

2157 3515 2259 3568 per
2286 3497 2679 3552 cancellarium
2713 3513 2876 3550 suum
2924 3495 3260 3550 monachum
3301 3494 3371 3548 de
3407 3494 3536 3549 loco
3565 3495 3620 3548 in
3651 3509 3748 3565 quo

2157 3593 2279 3641 erat
2307 3587 2573 3652 reclusus,
2593 3585 2845 3655 cogitans
2873 3585 3022 3639 intra
3039 3601 3098 3639 se
3114 3583 3310 3638 beatus
3327 3583 3419 3637 ille
3441 3583 3749 3655 patriarcha

2158 3676 2206 3730 si
2236 3675 2436 3730 similis
2470 3682 2617 3728 esset
2643 3675 2725 3728 illi
2760 3673 2856 3744 qui
2889 3679 3046 3728 nocte
3074 3673 3178 3727 sibi
3221 3680 3584 3744 apparuerat.
3617 3673 3746 3728 Cum

2157 3780 2294 3834 ergo
2321 3763 2566 3819 venisset.
2594 3780 2721 3818 cum
2765 3762 2953 3817 labore
2999 3761 3178 3817 multo
3202 3763 3410 3833 (neque
3442 3762 3597 3816 enim
3628 3775 3746 3833 pro—

2158 3859 2283 3925 pter
2313 3854 2504 3925 plagas
2535 3852 2744 3907 moveri
2766 3858 3024 3923 poterat),
3051 3867 3290 3922 cumque
3309 3850 3526 3906 vultum
3545 3851 3666 3922 ejus
3684 3849 3748 3902 vi-

2158 3942 2332 3997 disset
2357 3943 2696 4014 patriarcha,
2722 3941 2992 3996 remansit
3019 3940 3138 3995 sine
3163 3957 3293 3994 voce
3323 3939 3615 4007 immotus;
3647 3953 3748 3992 non

2157 4031 2346 4086 valens
2360 4030 2512 4102 loqui
2536 4049 2548 4085 :
2578 4030 2697 4085 sola
2719 4038 2910 4085 autem
2932 4046 3104 4085 manu
3123 4046 3228 4084 sua
3251 4028 3440 4083 innuit
3459 4034 3527 4084 ut
3541 4027 3749 4084 sederet

2157 4137 2330 4192 prope
2361 4138 2419 4175 se
2448 4120 2506 4174 in
2532 4119 2734 4174 lectulo
2761 4135 2880 4174 suo.
2917 4119 2981 4173 In
3010 4117 3373 4190 semetipsum
3404 4133 3540 4172 vero
3573 4132 3748 4172 rever-

2157 4227 2252 4264 sus
2280 4217 2336 4264 et
2349 4209 2619 4280 signatus,
2649 4209 2864 4279 rogavit
2890 4207 3244 4274 monachum,
3266 4207 3630 4279 precinctum
3658 4205 3750 4259 lin-

2158 4305 2270 4364 teo,
2294 4304 2357 4353 ut
2380 4299 2499 4353 sine
2521 4297 2855 4352 verecundia
2882 4295 3221 4368 despoliaret
3257 4313 3334 4361 se,
3369 4303 3650 4368 quatenus
3683 4293 3751 4346 vi-

2159 4387 2317 4441 deret
2345 4388 2574 4442 dorsum
2605 4387 2744 4457 ejus,
2780 4385 2828 4440 si
2871 4385 2952 4440 ita
2981 4391 3131 4440 esset
3175 4385 3320 4440 sicut
3347 4390 3404 4439 et
3441 4384 3503 4438 in
3551 4382 3750 4460 somnis

480 4478 578 4549 qui
593 4475 735 4532 dixit
769 4475 938 4532 mihi:
964 4474 1155 4530 Vende
1183 4489 1307 4544 quae
1333 4470 1522 4535 habes,
1549 4477 1607 4524 et
1633 4470 1706 4526 da
1733 4473 2074 4544 pauperibus
2093 4475 2391 4550 Dviderat.
2411 4477 2510 4531 Vix
2534 4480 2949 4548 ergosuasusut
2982 4474 3038 4528 id
3062 4480 3274 4545 ageret,
3306 4473 3642 4544 despoliavit
3675 4488 3746 4525 se.

481 4567 696 4633 (Matth.
721 4565 868 4636 xm),
890 4565 1076 4636 ipsum
1096 4559 1323 4618 vendidi
1351 4567 1408 4615 et
1433 4559 1562 4615 dedi
1591 4559 1690 4627 eis,
1722 4567 1787 4615 ut
1805 4561 1862 4616 in
1891 4561 1982 4617 die
1991 4565 2082 4635 ju-

479 4655 605 4711 dici‘
620 4653 930 4710 habeamus
941 4653 1206 4709 fiduciam
1216 4649 1683 4706 abundantiorem
1698 4650 1848 4723 apud
1864 4652 2040 4708 Deum
2062 4671 2076 4721 ;

480 4749 540 4800 et
566 4742 700 4814 quia
727 4743 870 4798 alias
895 4743 1104 4798 iterum
1124 4741 1294 4796 vidua
1312 4739 1507 4795 mulier
1538 4739 1771 4811 petisset
1791 4739 1861 4794 ab
1883 4741 2082 4798 eodem

485 4837 679 4900 sancto
701 4831 1006 4902 Serapione
1026 4832 1464 4902 eleemosynam.
1477 4827 1742 4899 quoniam
1760 4829 2083 4886 esuriebant

480 4920 586 4974 ﬁlii
609 4920 752 4990 ejus,
775 4925 833 4973 et
859 4935 973 4973 non
993 4918 1235 4974 habente
1263 4934 1328 4973 eo
1348 4915 1560 4988 aliquid
1584 4915 1832 4982 omnino,
1847 4917 2081 4974 tradidit

480 5025 542 5064 se
577 5006 648 5074 ei,
683 5013 749 5062 ut
780 5007 1046 5062 venderet
1078 5023 1208 5062 eum
1244 5005 1318 5060 ad
1346 5005 1548 5060 mimos
1580 5004 1818 5074 Gnaeos,
1852 5021 1993 5078 quos
2022 5011 2080 5063 et

478 5096 830 5154 Christianos
857 5095 991 5151 fecit
1018 5095 1077 5150 in
1101 5095 1292 5168 paucis
1311 5094 1526 5150 diebus.

551 5185 682 5242 Hec
708 5184 900 5255 legens
919 5191 1147 5238 sanctus
1165 5183 1236 5238 de
1256 5188 1449 5239 sancto
1477 5181 1804 5253 Serapione,
1829 5183 2080 5256 stupefa-

438 5321 442 5324 _
482 5277 606 5329 ctus
634 5279 693 5329 et
713 5273 950 5328 miratus
968 5271 1147 5328 sancti
1167 5271 1526 5337 industriam,
1544 5276 1696 5325 totus
1715 5271 1978 5344 lacrymis
1995 5273 2079 5328 in-

477 5361 654 5418 fectus
682 5361 898 5418 vocavit
925 5378 1118 5417 omnes
1137 5361 1550 5433 dispensatores
1570 5359 1844 5430 proprios.
1866 5361 2004 5432 legit
2021 5369 2078 5418 et

478 5451 559 5504 eis
608 5450 800 5506 omnia
851 5451 921 5505 de
958 5459 1151 5506 sancto
1196 5448 1520 5520 Serapione,
1565 5453 1624 5500 et
1666 5447 1802 5502 dicit
1838 5449 1910 5504 ad
1938 5467 2074 5506 eos:

477 5536 662 5606 Vavae,
695 5555 728 5594 ο
776 5539 1146 5610 philochristi,
1191 5537 1342 5610 quod
1379 5535 1606 5608 prodest
1653 5535 1870 5592 homini
1907 5539 2078 5594 collo-

479 5624 676 5695 quenti
702 5624 773 5680 de
793 5626 1010 5684 actibus
1029 5631 1353 5684 sanctorum
1371 5622 1641 5679 Patrum?
1673 5623 1895 5681 Credite
1915 5625 2074 5696 mihi,

2163 4565 2305 4621 Cum
2332 4581 2460 4621 vero
2477 4564 2884 4636 despoliaretur
2895 4569 2960 4619 ut
2980 4567 3322 4618 monstraret
3348 4561 3580 4617 dorsum
3598 4576 3750 4616 suum

2159 4651 2278 4708 viro
2307 4659 2518 4720 sancto,
2552 4670 2653 4726 per
2680 4651 3073 4708 admirandum
3111 4651 3212 4706 Dei
3257 4655 3432 4718 '92
3459 4650 3750 4706 consilium

2163 4743 2380 4798 solutus
2409 4749 2494 4798 est
2523 4759 2632 4814 quo
2657 4747 2780 4796 erat
2813 4739 3043 4797 indutus
3076 4741 3331 4804 amictus,
3364 4745 3422 4794 ct
3463 4740 3665 4794 cecidit
3695 4737 3750 4790 in

2162 4837 2393 4899 terram,
2433 4838 2492 4887 et
2536 4831 2796 4886 viderunt
2833 4847 2963 4886 eum
3013 4846 3208 4884 omnes
3256 4847 3377 4884 esse
3415 4827 3747 4884 eunuchum.

2164 4920 2270 4976 Sed
2302 4921 2436 4993 quia
2471 4936 2665 4976 recens
2703 4924 2844 4984 erat,
2889 4918 3030 4975 nulli
3065 4919 3170 4974 hoc
3211 4917 3484 4973 existebat
3521 4915 3750 4971 manife-

2160 5015 2328 5064 stum.
2358 5008 2692 5065 Videntibus
2721 5025 2852 5080 ergo
2881 5025 3011 5063 eum
3039 5006 3300 5063 omnibus
3324 5013 3381 5062 et
3407 5013 3600 5061 sancto
3625 5019 3752 5077 pon-

2162 5099 2328 5165 tifice,
2352 5105 2411 5154 et
2437 5098 2676 5154 maxime
2697 5097 2848 5152 dorsi
2872 5099 2997 5168 ejus
3025 5096 3336 5168 perniciosa
3362 5094 3613 5162 verbera,
3635 5093 3752 5147 mit-

2161 5192 2288 5243 tens
2324 5205 2469 5255 mox,
2523 5186 2837 5259 segregavit
2865 5183 2995 5240 illos
3025 5184 3119 5257 qui
3161 5184 3310 5240 hunc
3346 5183 3749 5240 inconsiderate

2158 5281 2557 5332 tractaverunt.
2587 5273 3080 5330 Venerabilissimo
3103 5281 3294 5328 autem
3316 5274 3590 5328 monacho
3611 5287 3750 5326 com-

2157 5364 2321 5436 plura
2350 5363 2756 5430 rationabatur,
2778 5363 2836 5416 in
2873 5361 3192 5432 ignorantia
3228 5361 3418 5417 dicens
3443 5379 3504 5416 se
3539 5360 3596 5415 in
3627 5373 3749 5414 eum

2160 5470 2438 5525 peccasse,
2473 5460 2528 5509 et
2554 5453 2613 5507 in
2642 5453 2821 5508 Deum
2853 5467 3065 5505 verum.
3101 5450 3169 5505 Et
3198 5451 3257 5505 in
3295 5451 3401 5504 hnc
3421 5447 3751 5504 admonebat

2161 5557 2290 5596 eum
2317 5542 2411 5598 ille
2441 5547 2666 5598 sanctus
2690 5560 2701 5595 :
2735 5541 2880 5607 Non,
2909 5537 3111 5611 inquit,
3141 5555 3172 5592 o
3193 5539 3290 5606 fili,
3327 5540 3402 5594 ita
3427 5539 3548 5593 sine
3576 5542 3750 5592 custo—

2158 5629 2255 5686 dia
2278 5629 2342 5686 in
2361 5629 2678 5686 civitatibus
2706 5626 3022 5686 conversari
3051 5633 3274 5700 oportet
3291 5643 3386 5682 eos
3423 5626 3517 5700 qui
3560 5630 3746 5680 sancto
