3912 6414
108 285 187 341 361
965 275 1131 330 VITA
1176 276 1434 333 SANCTI
1473 278 1780 333 JOANNIS
1820 278 2430 333 ELEEMOSYNARII.
3228 283 3338 339 362

106 406 322 475 angelico
347 407 527 456 vestro
550 400 884 455 indumento
917 399 1325 455 circumamicti
1352 408 1504 469 sunt,
1542 404 1720 462 ma-A
1738 403 1887 472 quod
1908 408 2168 457 mortuus
2182 409 2415 469 esses,et
2431 406 2761 459 memoriam
2785 407 2869 461 tui
2888 406 3233 464 faciebamus
3254 415 3342 463 ter

105 498 226 551 xime
252 499 304 547 et
328 490 587 546 feminam
621 489 1038 543 circumducere
1067 490 1138 543 ad
1164 491 1490 545 scandalum
1520 491 1660 545 alio-
1744 491 1803 545 in
1847 509 2013 545 anno.
2046 493 2187 546 Cum
2220 509 2354 563 ergo
2376 493 2625 548 audisset
2647 495 2795 565 quod
2819 496 2878 549 in
2899 512 3047 550 anno
3072 502 3162 551 ter
3188 497 3339 552 face-

106 602 210 639 rum
237 580 546 659 videntium.
575 580 731 633 Tunc
771 579 1079 632 monachus
1104 595 1231 632 cum
1266 581 1418 634 omni
1438 580 1661 635 humili—
1743 588 1871 631 rent
1886 594 1985 647 pro
2014 594 2075 631 eo
2101 578 2451 641 memoriam,
2478 579 2790 650 interrogat
2807 597 2902 634 eos
2922 581 2979 635 in
3001 599 3110 652 quo
3134 582 3245 645 die,
3285 588 3343 636 et

104 680 201 728 tate
229 671 489 725 rationem
529 666 801 722 reddebat
838 667 1252 731 sancto,dicens
1281 687 1292 720 :
1334 669 1535 736 Crede,
1567 669 1663 722 dn-

106 762 252 827 mine,
282 775 385 813 non
428 758 691 812 mentiar.
725 757 886 811 Gaza:
917 773 1073 810 eram
1102 762 1233 810 ante
1262 774 1469 831 paucos
1499 758 1617 812 dies
1643 776 1656 824 ;

106 857 153 904 et
175 853 387 903 exeunte
416 864 507 900 me
534 847 603 900 de
639 845 961 911 civitate,ut
990 845 1238 899 venirem
1268 852 1325 900 et
1354 848 1660 901 salutarem

108 943 328 993 sanctum
367 935 627 989 abbatem
670 936 879 1006 Cyrum
919 932 1057 1005 (65),
1111 934 1351 989 obviavit
1376 936 1513 989 mihi
1543 937 1661 990 haec

109 1028 226 1082 bene
244 1027 350 1079 visa
366 1025 551 1096 puella
579 1024 714 1078 foris
741 1028 981 1094 portam,
1014 1040 1245 1093 vespere
1263 1024 1622 1078 incumbente
1647 1044 1658 1092 ;

110 1124 156 1171 et
179 1130 450 1169 accurrens
471 1113 543 1167 ad
560 1113 729 1185 pedes
751 1129 926 1178 meos,
950 1111 1188 1181 rogabat
1210 1118 1274 1166 ut
1298 1130 1517 1167 mecum
1549 1130 1666 1167 am-

108 1206 313 1259 bularet.
359 1202 587 1257 Dicebat
629 1201 779 1256 enim
820 1218 880 1255 se
908 1201 1203 1255 Hebraeam
1253 1219 1390 1267 esse,
1426 1208 1481 1257 et
1528 1203 1665 1255 velle

108 1293 209 1347 ﬁeri
237 1292 637 1359 Christianam;
684 1295 741 1345 et
779 1290 949 1361 coepit
991 1290 1190 1344 eadem
1218 1308 1451 1345 narrare
1481 1291 1666 1345 verbis

109 1380 449 1446 horribilibus,
505 1384 571 1434 ut
610 1397 724 1434 non
772 1380 1158 1451 permitterem
1188 1381 1374 1450 perire
1400 1397 1544 1433 eam.
1578 1380 1667 1434 Ti-

109 1488 243 1525 mens
270 1471 450 1540 itaque
483 1486 586 1539 ego
632 1469 908 1540 judicium
937 1469 1059 1535 Dei,
1094 1469 1309 1539 sumpsi
1339 1486 1484 1535 eam,
1514 1469 1665 1523 aesti-

110 1574 246 1612 mans
290 1557 430 1628 quod
477 1573 591 1612 non
631 1557 962 1611 immitteret
1002 1558 1375 1611 tentationem
1428 1559 1666 1611 Satanas

1743 667 1802 719 in
1834 683 1943 736 quo
1974 684 2165 720 mense
2197 667 2314 721 haec
2342 666 2708 722 celebrarent.
2763 668 2838 723 Et
2861 670 2973 724 illis
3002 670 3337 737 dicentibus,

1742 755 2414 826 sanctisTheoplianiis,et
2426 755 2713 810 Dominica
2744 763 2936 812 sancta
2959 764 3128 829 atque
3148 765 3343 815 sancta

1741 842 2362 912 Pentecoste(67),dixit
2380 844 2499 898 ille:
2518 844 2662 908 Quia
2671 846 2742 899 tri
2751 847 2982 902 busistis
2996 848 3343 920 temporibus

1744 933 1877 987 anni
1901 933 2158 986 veniebat
2177 933 2405 1003 quidam
2435 933 2764 989 candidatus
2789 942 2854 990 ut
2880 937 2982 1004 sol,
3008 942 3065 991 et
3083 938 3345 993 dissolve-

1744 1020 1843 1074 bat
1863 1038 1951 1074 me
1977 1038 2010 1074 a
2040 1022 2273 1075 vinculis
2298 1022 2494 1076 ferreis
2521 1028 2579 1076 et
2605 1041 2639 1076 a
2657 1026 2912 1080 custodia
2935 1044 2947 1093 ;
2990 1032 3047 1080 et
3080 1027 3345 1082 movebar

1746 1109 2158 1163 deambulando
2195 1115 2315 1164 tota
2343 1112 2450 1175 die,
2486 1116 2542 1165 et
2571 1129 2736 1167 nemo
2765 1116 3197 1185 recognoscebat
3227 1133 3337 1183 me,

1749 1204 1807 1252 et
1845 1199 1904 1252 in
1932 1200 2240 1252 crastinum
2269 1199 2596 1253 inveniebar
2641 1202 2862 1256 vincula
2888 1203 3071 1257 ferrea
3090 1210 3342 1275 portans.

1748 1287 1981 1342 Dicebat
2008 1288 2184 1359 igitur
2210 1294 2438 1342 sanctus
2472 1288 2765 1360 episcopus
2789 1292 2922 1361 quia
2963 1309 3030 1346 ex
3052 1293 3157 1346 hoc
3178 1294 3346 1347 disci-

1748 1393 1875 1431 mus
1904 1376 2109 1432 habere
2133 1377 2476 1431 dormientes
2500 1377 2767 1447 quietem,
2786 1382 3009 1450 quando
3028 1398 3131 1453 pro
3142 1381 3223 1436 eis
3239 1383 3347 1438 col-

1750 1466 1922 1520 lectas
1947 1466 2203 1521 facimus.

1822 1556 2198 1611 C.~.r.XXV.-—
2219 1558 2379 1621 Quod
2396 1559 2454 1613 in
2469 1544 2702 1614 Actibus
2720 1562 3104 1631 apostolorum
3130 1562 3348 1616 audivi-

110 1646 429 1717 spadonibus.
479 1645 809 1700 Nesciebam
846 1662 975 1700 vero
1013 1646 1162 1717 quod
1213 1646 1426 1700 nemini
1451 1650 1663 1716 parcat.
1688 1719 1712 1720 ᾧ
1751 1660 1876 1698 mus
1917 1645 2127 1699 factum
2163 1645 2295 1715 (Act.
2330 1656 2418 1713 1v),
2452 1648 2557 1703 hoc
2600 1649 2925 1720 frequenter
2963 1654 3021 1703 et
3047 1650 3179 1704 huic
3201 1668 3349 1705 com-

110 1736 262 1805 lgitur
287 1734 631 1789 venientibus
650 1734 830 1799 nobis,
864 1735 1214 1789 sanctissime
1244 1736 1430 1800 Pater,
1463 1739 1519 1788 et
1549 1719 1732 1789 ora-B
1752 1734 2159 1804 patientissimo
2190 1736 2495 1791 accidebat.
2513 1738 2781 1792 Videntes
2797 1740 2948 1793 enim
2964 1739 3126 1794 multi
3143 1740 3349 1794 indesi-

110 1825 291 1878 tionem
310 1823 745 1895 perﬁcientibus,
762 1823 1037 1893 baptizavi
1059 1840 1183 1878 eam
1203 1824 1274 1877 ad
1303 1830 1559 1878 sanctum
1576 1823 1671 1877 ab-
1752 1830 1980 1876 nentem
2009 1824 2130 1894 ejus
2166 1830 2220 1878 et
2251 1824 2670 1880 inscrutabilem
2697 1828 2846 1881 circa
2870 1833 3069 1899 gentes
3091 1846 3349 1899 compas—

109 1912 217 1966 bam
241 1914 457 1984 Cyrum,
481 1919 539 1967 et
564 1912 837 1984 gyrabam
867 1930 994 1967 cum
1027 1930 1094 1968 ea
1118 1913 1177 1967 in
1207 1913 1445 1984 simplici
1476 1914 1669 1980 corde,
1752 1911 1985 1977 sionem,
2017 1912 2386 1967 movebantur
2416 1915 2705 1969 multoties
2749 1916 2821 1969 ad
2848 1916 3141 1971 vendenda
3168 1918 3351 1971 multa

110 2019 374 2072 exposcens
400 2002 686 2056 modicum
712 2007 1024 2073 sumptum,
1048 2008 1327 2073 quatenus
1354 2002 1669 2056 introduce-

109 2106 209 2143 rem
236 2107 349 2144 eam
384 2091 441 2144 in
493 2091 919 2145 monasterium.
972 2092 1112 2145 Cum
1143 2091 1261 2145 haec
1289 2090 1538 2145 audisset
1566 2108 1666 2161 pa-

110 2179 347 2243 triarcha,
368 2179 535 2233 dixit:
571 2180 762 2250 Papae!
797 2185 936 2250 quot
954 2179 1253 2234 absconsos
1282 2197 1470 2234 servos
1500 2179 1669 2234 habet

109 2267 252 2332 Deus,
266 2274 318 2322 et
332 2269 610 2323 nescimus
626 2285 727 2323 nos
740 2269 981 2323 humiles
1002 2269 1026 2321 ?
1049 2270 1119 2323 Et
1134 2268 1438 2324 enarrabat
1460 2269 1547 2322 his
1572 2269 1669 2340 qui

109 2363 282 2426 praesto
297 2364 452 2413 erant
470 2358 743 2412 visionem
775 2374 945 2429 quam
974 2358 1190 2412 viderat
1211 2363 1373 2413 nocte
1393 2358 1461 2411 de
1482 2375 1567 2412 eo.
1603 2359 1671 2412 Et

108 2446 311 2514 protulit
320 2447 641 2518 patriarcha
661 2451 886 2501 centum
907 2447 1253 2500 numismata
1264 2448 1333 2501 de
1362 2463 1553 2513 manu,
1576 2447 1671 2501 da-

108 2538 245 2588 turus
261 2535 332 2589 ei:
357 2536 456 2590 Dei
478 2540 668 2590 autem
691 2536 903 2590 amicus
936 2536 1031 2589 ille
1060 2553 1189 2589 vere
1210 2536 1536 2597 monachus,
1556 2552 1669 2590 non

106 2638 275 2691 passus
318 2623 532 2696 aliquid
579 2625 831 2695 accipere
878 2641 944 2678 ex
973 2624 1072 2691 eis,
1122 2624 1356 2694 dignum
1396 2625 1670 2678 memoria

108 2710 308 2765 verbum
361 2713 429 2767 ad
469 2713 849 2784 patriarcham
880 2714 1102 2768 locutus
1145 2718 1247 2779 est,
1292 2714 1521 2769 dicens:
1554 2715 1669 2783 Ego

109 2799 195 2853 hoc
220 2817 324 2854 non
351 2802 593 2872 postulo,
627 2802 883 2869 domine;
930 2803 1239 2857 monachus
1264 2804 1414 2857 enim
1435 2803 1482 2857 si
1505 2803 1673 2857 ﬁdem

114 2888 478 2955 babet,horum
502 2907 615 2945 non
636 2891 869 2962 indiget.
889 2891 946 2945 Si
979 2897 1168 2946 autem
1199 2892 1402 2946 horum
1422 2897 1568 2961 eget,
1605 2892 1672 2945 ﬁ-

106 2975 213 3030 dem
252 2996 360 3033 non
408 2979 602 3034 habet.
652 2980 813 3044 Quod
858 2980 1102 3034 maxime
1128 2982 1370 3052 amplius
1403 2981 1676 3035 satisfecit

1752 2001 1821 2053 de
1850 1999 2180 2054 substantiis
2224 2002 2368 2067 suis;
2396 2007 2454 2056 et
2477 2003 2736 2067 ferentes,
2764 2004 3092 2075 praebebant
3126 2006 3227 2059 Dei
3256 2006 3349 2059 de-

1751 2094 1877 2143 voto
1902 2090 2184 2144 ministro.
2213 2092 2372 2146 Unde
2396 2098 2453 2146 et
2473 2093 2700 2163 quidam
2722 2094 2949 2149 veniens
2976 2110 3090 2148 una
3103 2094 3344 2162 dierum,

1752 2178 2022 2232 offerebat
2044 2179 2096 2232 ei
2124 2185 2339 2251 septem
2362 2180 2532 2235 libras
2560 2182 2683 2235 auri
2714 2188 2771 2235 et
2800 2183 3351 2249 dimidiam,satisfa—

1752 2267 1903 2321 ciens
1933 2273 2143 2334 sancto,
2178 2270 2326 2339 quod
2365 2287 2478 2324 non
2509 2272 2819 2341 possideret
2864 2270 3018 2325 aliud
3047 2270 3261 2342 aliquid
3288 2271 3347 2326 in

1753 2357 2152 2412 auro.Petebat
2181 2362 2371 2412 autem
2393 2358 2463 2412 ab
2483 2376 2548 2413 eo
2574 2377 2702 2413 cum
2723 2359 2914 2414 multis
2946 2360 3350 2431 genuﬂexioni-

1750 2445 1855 2499 bus
1887 2451 1950 2499 ut
1985 2451 2174 2500 oraret
2195 2452 2473 2518 quatenus
2502 2449 2774 2502 Dominus
2812 2449 2960 2503 Deus
3002 2449 3181 2503 filium
3226 2451 3350 2519 ejus

1752 2535 2277 2590 salvaret.Habebat
2285 2537 2374 2590 eni
2383 2554 2435 2589 m
2450 2553 2622 2591 unum
2634 2538 2985 2592 solummodo
2999 2538 3178 2592 filium
3190 2538 3351 2609 quasi

1753 2641 2031 2678 annorum
2062 2624 2400 2695 quindecim,
2435 2630 2499 2679 ut
2527 2627 2822 2681 reduceret
2848 2628 3033 2681 navim
3067 2629 3191 2698 ejus
3220 2643 3363 2695 cum,

1754 2712 1900 2767 bono
1919 2712 1987 2766 ab
2014 2713 2219 2779 Africa,
2251 2713 2382 2768 illuc
2401 2714 2552 2768 enim
2582 2714 2816 2769 abierat.
2850 2715 3144 2786 Accipiens
3173 2714 3351 2785 igitur

1756 2818 2011 2856 summus
2037 2803 2296 2857 sacerdos
2338 2803 2712 2874 quantitatem
2747 2805 2872 2859 auri
2904 2804 2974 2858 de
3002 2820 3177 2859 manu
3205 2805 3348 2876 ejus,

1765 2897 1802 2956 1
1819 2895 1946 2957 93
1959 2891 2197 2946 miratus
2213 2897 2300 2946 est
2317 2909 2447 2947 eum
2463 2898 2581 2947 tam
2604 2911 2724 2947 esse
2746 2893 3170 2964 magnanimum
3188 2893 3259 2947 ad
3277 2894 3356 2947 of-

1755 2979 2043 3034 ferendam
2067 2985 2247 3035 totam
2277 2982 2650 3052 quantitatem
2668 2982 2792 3036 auri
2817 2998 2987 3053 quam
3007 2981 3350 3054 possidebat.

107 3066 334 3123 omnibus
359 3070 453 3139 qui
487 3069 789 3124 audierant
815 3069 963 3140 quod
993 3086 1185 3124 servus
1206 3071 1308 3124 Dei
1338 3071 1445 3124 istc
1476 3086 1673 3124 mona—
1692 3076 1735 3136 ο
1757 3068 1951 3122 Oravit
1974 3069 2201 3139 quidem
2222 3069 2275 3123 ei
2303 3068 2408 3139 (68)
2436 3071 2567 3123 etin
2596 3070 2735 3124 facie
2755 3072 3016 3136 multum,
3042 3076 3100 3126 et
3119 3071 3200 3125 sic
3220 3087 3353 3125 eum

103 3154 220 3211 chus
246 3164 401 3212 esset.
443 3158 768 3213 Genuﬂexit
792 3158 966 3228 igitur
995 3159 1346 3229 patriarchae,
1378 3164 1435 3213 et
1454 3159 1589 3213 exiit
1613 3159 1672 3213 in

105 3260 234 3312 pace.
269 3247 475 3302 Extunc
524 3247 699 3318 igitur
735 3248 862 3319 plus
890 3247 1204 3302 honorabat
1232 3254 1288 3301 et
1318 3248 1558 3319 hospitio
1587 3265 1675 3302 re-

101 3331 316 3402 cipiebat
342 3336 668 3403 monachos,
717 3341 775 3390 et
800 3336 978 3390 bonos
1015 3337 1322 3391 aestimatos
1345 3342 1403 3390 et
1456 3337 1666 3390 malos:

103 3425 149 3473 et
172 3422 465 3480 aedificabat
496 3442 627 3479 mox
654 3425 1065 3479 xenodochium
1094 3442 1366 3491 seorsum,
1395 3431 1451 3480 et
1479 3425 1673 3496 appel-

100 3507 216 3563 lavit
231 3510 328 3566 hoc
352 3513 788 3584 Receptaculum
818 3514 1070 3568 omnium
1096 3514 1522 3567 monachorum.

159 3598 282 3656 CAP.
316 3602 511 3656 XXIV.
555 3632 620 3642 ——
651 3602 991 3657 Mortalitate
1043 3596 1345 3673 aliquando
1389 3602 1672 3657 civitatem

99 3689 597 3759 comprehendente,
648 3691 768 3746 ibat
813 3696 871 3746 et
916 3691 1035 3762 ipse
1063 3697 1308 3756 sanctus,
1355 3697 1420 3745 ut
1461 3692 1674 3746 videret

101 3773 332 3832 funerum
351 3778 638 3851 obsequia.
664 3780 838 3834 Valde
868 3780 1017 3834 enim
1039 3780 1258 3834 dicebat
1276 3782 1382 3834 hoc
1402 3797 1523 3834 esse
1538 3797 1671 3851 pro-

103 3864 302 3932 ﬁcuum,
326 3874 382 3922 et
408 3870 797 3941 sepulcrorum
826 3871 1351 3924 considerationem.
1386 3871 1671 3924 Multoties

102 3967 212 4006 vero
236 3956 514 4012 assidebat
543 3963 601 4012 et
628 3958 716 4011 his
746 3958 861 4029 qui,
910 3958 1190 4025 morituri,
1227 3958 1581 4012 vexationem
1612 3959 1671 4012 in

104 4042 233 4096 exitu
258 4045 452 4101 animae
486 4046 849 4119 patiebantur
874 4066 886 4115 ;
911 4052 969 4101 et
983 4047 1103 4117 ipse
1126 4063 1321 4101 eorum
1339 4048 1526 4101 oculos
1548 4063 1672 4118 pro-

102 4130 218 4197 priis
243 4135 495 4191 manibus
524 4135 840 4203 claudebat,
869 4135 1201 4190 memoriam
1235 4135 1440 4190 habere
1470 4154 1536 4189 ex
1566 4136 1672 4190 hoc

103 4220 473 4291 sempiternam
495 4225 706 4291 volens,
732 4230 790 4278 et
799 4241 991 4279 curam
1016 4225 1227 4296 proprii
1248 4225 1450 4279 exitus.
1473 4225 1670 4279 Praeci-

1755 3156 1986 3210 dimisit.
2020 3158 2230 3211 Tamen
2281 3163 2512 3228 propter
2536 3160 2658 3228 ejus
2680 3160 2916 3213 multam
2943 3159 3133 3225 fidem,
3166 3158 3357 3231 posuit

1755 3245 1952 3299 subtus
1982 3250 2235 3299 sanctam
2260 3262 2514 3300 mensam
2544 3246 2846 3317 ligaturam
2872 3247 3205 3318 quantitatis
3227 3247 3354 3301 auri

1754 3334 2076 3404 patriarcha
2092 3334 2149 3387 in
2179 3335 2425 3389 oratorio
2448 3334 2689 3403 cubiculi
2717 3336 2824 3402 sui,
2848 3342 2905 3391 et
2932 3335 3192 3408 synaxim
3219 3336 3355 3390 fecit

1757 3423 1947 3476 statim
1972 3423 2275 3494 perfectam
2300 3440 2471 3495 super
2484 3441 2608 3478 eam
2627 3441 2727 3495 pro
2748 3425 2843 3480 illo
2865 3425 2961 3496 qui
2976 3425 3122 3479 hanc
3139 3424 3353 3479 obtule-

1752 3518 1860 3577 rat,
1885 3512 2021 3565 satis
2043 3512 2373 3583 abundeque
2394 3514 2571 3567 Deum
2590 3530 2794 3583 rogans
2814 3520 3092 3585 quatenus
3106 3514 3354 3569 etﬁlium

1755 3601 1876 3671 ejus
1897 3601 2155 3665 salvaret,
2182 3606 2239 3654 et
2261 3617 2458 3655 navem
2473 3618 2601 3655 cum
2617 3604 2799 3656 salute
2818 3604 3131 3670 reduceret,
3156 3620 3354 3658 secun-

1754 3689 1888 3743 dum
1921 3689 2069 3759 quod
2119 3689 2302 3743 fuerat
2330 3690 2648 3760 postulatus
2694 3690 2763 3744 ab
2790 3691 2903 3745 illo.
2938 3692 3191 3746 Necdum
3218 3708 3353 3761 ergo

1755 3777 1990 3847 triginta
2016 3778 2317 3831 transactis
2342 3778 2556 3843 diebus,
2580 3779 2875 3834 defunctus
2898 3788 2983 3833 est
2998 3780 3146 3834 ﬁlius
3174 3780 3353 3834 homi-

1753 3867 1842 3919 nis
1883 3866 2035 3920 illius
2065 3866 2160 3937 qui
2190 3866 2470 3921 obtulerat
2515 3873 2730 3938 septem
2759 3868 2931 3921 libras
2973 3874 3030 3923 et
3056 3868 3350 3922 dimidiam

1753 3955 2114 4025 patriarchae;
2139 3960 2197 4009 et
2225 3955 2284 4009 in
2310 3956 2480 4010 tertia
2510 3956 2601 4010 die
2630 3957 2827 4010 mortis
2848 3957 3027 4028 pueri,
3052 3957 3262 4028 recepit
3292 3963 3353 4012 et

1755 4044 1941 4097 navim
1953 4061 2114 4098 suam
2126 4044 2471 4112 abAfrica,in
2491 4062 2603 4116 qua
2622 4053 2745 4099 erat
2757 4050 2813 4100 et
2832 4046 3006 4100 frater
3022 4063 3347 4118 germanus,

1755 4133 2008 4202 ejusdem
2024 4133 2127 4187 viri
2142 4134 2403 4189 creditor.
2425 4135 2494 4188 Et
2506 4135 2737 4189 veniens
2756 4136 2926 4205 juxta
2953 4135 3222 4203 Pharum,
3256 4152 3349 4190 re-

1752 4222 1882 4276 tulit
1893 4224 2171 4293 quomodo
2184 4223 2338 4277 navis
2352 4223 2707 4294 naufragium
2718 4224 2967 4295 pertulit,
2976 4230 3033 4278 et
3045 4224 3353 4295 perdiderit

102 4306 265 4373 piebat
290 4318 479 4368 autem
525 4319 584 4368 et
605 4313 956 4369 collectiones
982 4330 1084 4385 pro
1110 4314 1389 4368 defunctis
1428 4314 1670 4385 impigre
1752 4316 1936 4365 totum
1958 4329 2069 4383 quo
2088 4318 2212 4366 erat
2231 4313 2480 4383 plena,et
2494 4313 2643 4383 quod
2658 4329 2771 4367 non
2792 4319 2980 4367 essent
2990 4314 3217 4368 salvatae
3238 4313 3347 4368 nisi

105 4394 195 4464 (66)
232 4404 285 4453 et
309 4402 428 4456 sine
477 4402 650 4457 dubio
701 4404 989 4475 perficere.
1022 4402 1243 4457 Etenim
1273 4402 1491 4457 dicebat
1539 4403 1673 4474 quia
1691 4431 1739 4489 Β
1753 4400 2038 4467 animae,et
2059 4402 2388 4473 unascapha
2402 4402 2745 4456 vacua.Cum
2765 4419 2898 4473 ergo
2911 4408 2968 4456 et
2986 4403 3136 4457 hunc
3154 4419 3348 4458 casum

101 4490 212 4539 ante
232 4505 467 4559 paucum
496 4498 723 4564 tempus
753 4492 1004 4563 captivus
1027 4492 1226 4546 ductus
1255 4497 1343 4546 est
1369 4491 1437 4545 ad
1470 4490 1672 4546 Persas
1753 4489 2040 4545 didicisset
2056 4490 2305 4545 evenisse
2330 4491 2437 4545 sibi
2453 4491 2712 4545 dominus
2730 4491 2888 4545 navis
2908 4496 2966 4545 et
2989 4496 3151 4562 pater
3164 4493 3343 4561 pueri.

103 4575 323 4644 quidam,
356 4585 412 4633 et
439 4582 784 4636 descendens
813 4581 872 4634 in
894 4580 1200 4646 Persidam,
1234 4585 1488 4634 retrusus
1509 4587 1593 4634 est
1612 4581 1672 4634 in
1753 4579 2061 4632 secundum
2088 4579 2318 4634 verbum
2344 4580 2829 4649 Prophetaz,paulo
2849 4579 3104 4633 minusin
3129 4580 3348 4635 inferno

102 4677 352 4723 carcerem
382 4670 479 4741 qui
509 4669 899 4741 appellabatur
946 4670 1140 4736 Lethe,
1172 4670 1277 4723 hoc
1307 4676 1410 4735 est,
1445 4668 1667 4723 oblivio.
1754 4666 2030 4720 habitavit
2058 4667 2249 4721 anima
2299 4669 2421 4737 ejus
2439 4666 2608 4735 (Psal.
2650 4666 2835 4737 xcm);
2893 4667 3145 4722 nondum
3194 4667 3345 4723 enim

105 4749 316 4813 Quidam
359 4775 494 4829 ergo
537 4758 815 4829 fugientes
846 4758 1018 4825 illinc,
1048 4758 1447 4829 venientesque
1476 4758 1535 4811 in
1565 4759 1672 4829 Cy-
1752 4756 2114 4809 tribulatione
2132 4756 2233 4809 ﬁlii
2263 4755 2350 4809 sui
2363 4755 2651 4815 exstincta.
2685 4756 3109 4826 comprehendit
3137 4773 3268 4812 eum
3290 4763 3348 4813 et

104 4856 264 4911 prum,
293 4853 350 4900 et
371 4848 709 4918 interrogati
739 4864 774 4901 a
793 4846 1123 4919 parentibus
1152 4847 1319 4911 illius,
1352 4848 1399 4900 si
1428 4847 1572 4900 forte
1588 4846 1671 4900 vi-
1754 4843 1910 4898 navis
1932 4863 1948 4913 ;
1980 4844 2160 4898 relata
2188 4848 2320 4897 sunt
2347 4844 2536 4914 itaque
2566 4843 2755 4897 omnia
2783 4860 2905 4914 quae
2942 4844 3264 4901 acciderant
3292 4846 3345 4901 ei

104 4927 291 4988 dissent
321 4951 471 5003 eum,
505 4938 910 5009 respondentes
966 4936 1235 4990 dixerunt
1263 4936 1361 5002 eis,
1399 4936 1531 5007 quia
1568 4952 1671 4990 nos
1754 4932 2104 5005 patriarchae,
2136 4938 2194 4986 et
2210 4948 2350 5003 pene
2370 4932 2494 5002 plus
2508 4948 2677 5002 quam
2704 4932 2753 4987 is
2768 4933 2865 5003 qui
2901 4933 3018 4987 haec
3047 4950 3347 5006 perpessus

104 5023 313 5091 propriis
342 5025 608 5080 manibus
637 5025 992 5096 sepelivimus
1021 5041 1171 5079 eum.
1190 5026 1316 5078 Non
1332 5030 1522 5079 autem
1551 5030 1676 5078 erat

104 5104 190 5161 iste
203 5110 265 5165 de
285 5129 394 5184 quo
413 5114 845 5185 interrogabant
863 5113 1081 5180 eos,sed
1099 5113 1244 5167 alius
1262 5113 1675 5168 indissimiliter

103 5210 211 5252 eum
226 5200 495 5257 similans.
515 5203 791 5258 Dixerunt
803 5220 936 5258 vero
957 5202 1037 5257 eis
1069 5208 1127 5256 et
1145 5219 1414 5268 mensem,
1440 5208 1498 5257 et
1523 5201 1671 5256 diem

104 5282 260 5342 obitus
273 5290 468 5361 ipsius.
488 5292 578 5346 Illi
588 5309 718 5346 vero
734 5298 1005 5363 tanquam
1022 5307 1124 5362 pro
1152 5297 1376 5345 mortuo
1400 5290 1675 5345 iaciebant

106 5371 145 5424 ei
167 5379 270 5431 tres
294 5379 560 5435 collectas
587 5398 689 5453 per
723 5381 975 5451 singulos
1014 5397 1211 5435 annos.
1269 5381 1401 5434 Post
1432 5386 1675 5452 quatuor

106 5457 268 5533 itaque
295 5484 474 5525 annos
490 5470 642 5525 venit
661 5471 721 5526 in
751 5472 1021 5541 Cyprum,
1044 5469 1180 5540 fuga
1199 5469 1390 5540 lapsus
1412 5486 1447 5523 a
1467 5469 1669 5523 Persis.

108 5544 347 5612 Dixerunt
384 5575 524 5631 ergo
552 5560 603 5613 ei
634 5562 746 5616 sui:
794 5559 953 5625 Vere,
1004 5557 1196 5625 frater,
1229 5573 1332 5612 nos
1356 5557 1674 5612 audivimus

453 5659 725 5723 PATROL.
755 5661 1039 5727 LXXIII.

1755 5022 1940 5077 fuerat
1960 5022 2019 5076 in
2041 5022 2270 5075 tristitia
2286 5020 2630 5087 morabatur,
2654 5022 2896 5077 maxime
2914 5028 3146 5095 propter
3170 5024 3347 5079 ﬁlium

1757 5112 1879 5180 ejus
1904 5111 2149 5166 unicum.
2170 5109 2435 5164 Nesciens
2456 5126 2588 5179 ergo
2609 5110 2743 5180 quid
2755 5110 3152 5181 faceret,rogat
3176 5113 3346 5166 mise—

1754 5199 2469 5265 ricordissimumDeum,ut
2480 5199 2867 5254 consolaretur
2878 5201 3060 5254 virum
3074 5200 3349 5255 immensa

1754 5289 1965 5360 pietate
1986 5305 2106 5343 sua.
2133 5289 2450 5342 Convocare
2481 5288 2631 5341 enim
2659 5294 2879 5354 eum,et
2896 5289 3169 5344 consolari
3190 5290 3247 5344 in
3267 5290 3347 5343 fa-

1756 5378 1839 5433 cie
1867 5384 2092 5432 sanctus
2123 5376 2521 5432 erubescebat:
2561 5383 2949 5432 verumtamen
2979 5378 3266 5433 mandavit
3293 5378 3345 5432 ei

1756 5468 2152 5521 utnullatenus
2170 5466 2496 5536 desperaret
2512 5481 2694 5536 neque
2714 5464 2863 5519 enim
2881 5465 3001 5520 sine
3017 5467 3173 5536 justo
3190 5467 3346 5537 judi-

1757 5556 1843 5610 cio
1872 5557 2051 5612 Deum
2077 5556 2261 5610 facere
2287 5555 2625 5626 aliquid,sed
2662 5554 2851 5609 omnia
2872 5554 2932 5609 in
2963 5556 3066 5609 hoc
3082 5556 3228 5626 quod
3261 5572 3350 5611 ex-

2959 5657 3034 5722 12
