3912 6436
565 262 670 322 363

1567 256 1660 310 DE
1698 255 1886 312 VITIS
1926 255 2220 315 PATRUM
2257 255 2470 316 LIBER
2505 255 2794 314 PRIMUS.

3734 256 3823 316 364

569 391 742 464 pedit,
757 389 906 461 quod
918 403 1021 446 nos
1031 386 1375 454 ignoramus.
1403 383 1551 451 Ergo
1571 387 1637 440 ut
1659 397 1770 436 non
1793 381 1992 451 perdat
2011 397 2154 436 mer-
2171 387 2218 444 Α
2241 399 2382 446 sam,
2402 384 2533 452 quia
2548 389 2777 453 propter
2787 381 2997 436 exitum
3012 381 3207 450 viginti
3221 370 3828 448 librarum,inﬁrmatus

567 480 782 544 cedem,
807 493 976 548 quam
997 475 1128 534 iecit
1149 473 1206 529 in
1221 479 1436 542 septem
1447 476 1504 526 et
1527 470 1760 524 dimidia
1787 471 1931 524 libra
1952 471 2160 535 auri,et

566 569 738 624 ﬁdem
767 581 934 637 quam
962 562 1282 635 possidebat
1307 561 1452 614 circa
1473 565 1730 614 sanctum
1760 559 2157 629 patriarcham;

563 660 685 730 jam
713 671 846 711 vero
870 659 935 711 ut
962 658 1020 710 et
1043 669 1146 707 nos
1171 652 1230 706 in
1250 648 1674 712 tentationibus,
1708 664 1830 718 quae
1859 647 2018 702 nobis
2039 664 2162 704 eve-

568 747 752 807 niunt,
776 743 1002 814 quando
1021 740 1234 810 aliquid
1255 739 1386 794 boni
1415 737 1730 802 fecerimus,
1763 735 2157 806 imperturbati

565 833 843 904 etgratias
855 831 1162 889 referentes
1174 829 1426 888 adDeum
1449 841 1878 896 permaneamus
1904 843 1916 890 ;
1933 825 2070 880 vidit
2097 824 2158 880 in

564 922 778 980 somnis
799 923 920 991 jam
949 919 1131 976 dictus
1163 918 1245 974 vir
1276 915 1674 986 philoehristus
1722 920 1946 984 postera
1994 919 2158 968 nocte

561 1011 882 1084 quemdam,
915 1007 1077 1080 quasi
1121 1006 1181 1064 in
1211 1004 1402 1062 habitu
1433 1003 1770 1060 sanctissimi
1799 1003 2150 1072 patriarchae,

559 1101 841 1158 dicentem
868 1097 975 1154 sibi
997 1097 1102 1156 :Ut
1123 1095 1259 1165 quid
1278 1093 1586 1157 tribularis,
1611 1093 1805 1156 frater,
1831 1098 1890 1146 et
1914 1107 2156 1148 moerere

557 1187 916 1250 diolveria?
945 1187 1146 1242 Nonne
1163 1191 1226 1241 tu
1247 1200 1338 1238 me
1359 1182 1569 1251 rogasti
1583 1187 1646 1239 ut
1674 1187 1922 1250 peterem
1951 1197 1983 1233 a
2012 1181 2148 1244 Deo,

556 1283 624 1333 ut
651 1277 838 1332 salvus
865 1276 1024 1331 ﬁeret
1054 1273 1206 1331 ﬁlius
1233 1271 1400 1329 tuus?
1449 1271 1588 1326 Ecce
1621 1271 1804 1327 salvus
1833 1269 2010 1324 factus
2040 1275 2147 1326 est.

559 1365 739 1422 Crede
768 1363 930 1429 mihi,
960 1362 1008 1420 si
1043 1361 1274 1425 viveret,
1310 1376 1514 1431 pravus
1543 1364 1600 1414 et
1628 1357 1951 1418 immundus
1982 1357 2151 1412 homo

561 1455 742 1508 ﬁeret.
769 1453 839 1507 Et
860 1452 929 1506 de
948 1451 1076 1505 navi
1090 1456 1207 1516 tua,
1223 1466 1368 1514 vere,
1388 1447 1495 1502 nisi
1526 1448 1674 1501 Deus
1703 1447 2020 1517 placaretur
2051 1462 2152 1515 pro

559 1541 867 1612 bonoquod
881 1539 1064 1598 ἔδοιειὶ
1085 1537 1342 1609 parvitati
1364 1555 1520 1595 meae,
1536 1535 1816 1598 sententia
1845 1540 1968 1590 erat
1993 1535 2144 1596 data,

558 1634 984 1700 quatenustota,
1010 1633 1075 1688 ut
1088 1629 1257 1698 jacet,
1283 1643 1412 1683 cum
1425 1625 1718 1687 animabus
1737 1624 1796 1678 in
1813 1623 2151 1694 profundum

2241 478 2326 526 cst
2354 472 2445 526 ille
2476 472 2682 526 invitus
2718 472 3182 542 eleemosynator.
3211 471 3344 527 Erat
3363 471 3516 524 enim
3535 474 3622 537 (ut
3643 471 3826 542 praedi-

2243 566 2393 614 ctum
2431 567 2532 623 est)
2566 561 2724 614 valde
2752 560 3170 620 immisericors,
3231 567 3287 616 et
3314 566 3536 614 amator
3563 561 3822 632 pecuniae.

2242 649 2366 703 Non
2393 650 2664 704 sullerens
2682 665 2812 717 ergo
2835 648 3032 704 beatus
3055 665 3113 701 se
3135 648 3358 719 quidem
3383 665 3556 720 super
3584 666 3826 704 mensam

2241 738 2489 800 reficere,
2515 737 2670 791 illum
2691 745 2877 792 autem
2899 753 3069 807 super
3088 737 3294 792 lectum
3309 737 3548 796 cruciari
3567 738 3828 810 graviter,

2239 827 2491 895 pervenit
2509 826 2763 882 celeriter
2781 826 2850 878 ad
2872 843 3004 880 eum
3034 831 3210 897 ιω
3231 826 3322 882 ille
3351 843 3482 883 vere
3499 827 3621 882 sine
3647 844 3830 899 super-

2237 915 2412 979 bia,et
2430 915 2572 970 dixit
2597 915 2666 970 ad
2687 931 2814 972 eum
2844 915 3007 970 hilari
3025 915 3182 972 vultu
3202 934 3214 968 :
3233 915 3344 972 Fac
3361 915 3723 982 charitatem,
3743 918 3817 972 fili

2235 1004 2710 1058 '1‘roile.2Estinms
2732 1003 2880 1073 quod
2909 1004 2968 1056 in
3007 1004 3244 1060 veritate
3262 1004 3502 1059 dixerim
3515 1004 3620 1062 tibi
3638 1004 3824 1062 fratri-

2237 1091 2338 1146 bus
2368 1093 2754 1162 hujuscemodi
2785 1093 2958 1146 dare?
2989 1093 3152 1148 crede
3181 1092 3341 1159 mihi,
3369 1110 3469 1165 per
3490 1094 3686 1165 iocum
3723 1094 3826 1148 dixi

2234 1181 2336 1235 tibi
2365 1181 2517 1235 dare.
2553 1183 2666 1250 Ego
2697 1181 2844 1238 enim
2876 1182 3024 1238 volui
3053 1187 3318 1252 pimstare
3361 1182 3443 1236 eis
3469 1182 3700 1252 singula
3735 1200 3827 1236 nu-

2235 1269 2499 1327 mismata
2510 1276 2737 1340 propter
2767 1275 3016 1326 sanctam
3039 1270 3405 1324 festivitatem
3423 1289 3436 1336 ;
3453 1271 3554 1326 sed
3565 1271 3704 1343 quia
3723 1287 3827 1327 non

2233 1357 2474 1412 habebat
2491 1358 2821 1414 distributor
2839 1375 2997 1414 meus
3017 1375 3207 1412 secum
3223 1359 3597 1418 sufficientem
3611 1361 3826 1431 quanti-

2234 1447 2606 1516 tatem,huius
2635 1447 2715 1502 rei
2743 1447 2930 1515 gratia
2952 1453 3208 1504 mutuam
3236 1447 3440 1506 dedisti
3462 1464 3587 1508 eam
3601 1449 3766 1514 mihi,
3779 1456 3830 1502 et

2234 1551 2357 1590 ecce
2371 1535 2652 1592 attulitibi
2665 1535 2788 1592 illas
2813 1536 3046 1605 triginta
3061 1535 3331 1596 libras.Ut
3353 1553 3486 1590 vero
3497 1535 3637 1591 vidit
3659 1554 3827 1608 quan-

2232 1623 2452 1680 titatem
2475 1624 2772 1694 episcopus
2798 1625 2854 1678 in
2885 1625 3198 1682 honorabili
3227 1641 3398 1680 manu
3429 1626 3709 1696 sapientis
3728 1625 3827 1679 exi-

555 1723 840 1790 pergeret,
866 1723 925 1776 et
951 1716 1212 1788 perderes
1245 1715 1478 1772 fratrem
1520 1719 1701 1772 tuum.
1737 1712 1844 1768 Sed
1873 1729 2058 1780 surge,
2093 1717 2150 1768 et
2170 1704 2429 1768 Bstentis
2459 1711 2658 1766 medici
2690 1718 2746 1766 et
2782 1713 3038 1782 pastoris,
3074 1712 3246 1766 febris
3273 1712 3501 1784 quidem
3532 1713 3727 1772 subito
3755 1714 3827 1768 di-

554 1807 805 1876 gloriiica
823 1806 1023 1872 Deum,
1045 1805 1144 1875 qui
1165 1803 1320 1858 dedit
1336 1802 1437 1863 tibi
1454 1819 1606 1867 eum,
1630 1807 1687 1859 et
1716 1801 1952 1856 salvavit
1967 1800 2147 1856 ﬁlium

553 1900 717 1954 tuum
734 1895 1010 1954 mundum
1033 1893 1102 1950 de
1122 1894 1227 1951 hoc
1243 1893 1444 1952 mulo
1458 1907 1618 1954 vano.
1644 1890 1922 1960 Evigilans
1953 1889 2150 1958 itaque

552 1983 874 2048 vir,invenit
892 1999 988 2041 cor
1015 1999 1181 2042 suum
1207 1981 1577 2044 consolatam,
1612 1985 1670 2036 et
1697 1979 2018 2037 universam
2049 1977 2147 2030 tri-

549 2073 1178 2143 stitimnejusejeetam;
1205 2076 1262 2128 et
1286 2071 1517 2131 indutus
1537 2069 1875 2126 vestimenta
1902 2083 2022 2131 sua,
2054 2083 2145 2120 ve-

545 2161 632 2218 nit
659 2161 868 2220 cursim
890 2160 964 2220 ad
987 2157 1539 2219 honorabilissimum
1568 2156 1963 2226 patriarcham,
1989 2161 2045 2209 et
2061 2156 2145 2224 ja-

547 2256 664 2308 etat
699 2266 760 2308 se
815 2248 887 2307 ad
912 2249 1080 2320 pedes
1113 2249 1259 2317 ejus,
1285 2247 1498 2316 gratias
1548 2262 1724 2315 agens
1748 2245 1865 2303 Deo
1895 2250 1951 2303 et
1981 2243 2050 2309 ei,
2087 2250 2144 2298 et

542 2354 783 2397 manu
808 2337 1083 2398 visionem
1109 2353 1278 2407 quam
1309 2334 1543 2392 viderat.
1578 2335 1760 2413 Quam
1789 2332 2023 2388 audiens
2047 2333 2146 2401 jus

545 2427 850 2492 etime
878 2426 1056 2486 dixit:
1091 2425 1282 2480 Gloria
1307 2424 1433 2488 tibi,
1464 2423 1705 2493 benigne
1734 2428 1791 2478 et
1822 2421 2145 2484 misericors

543 2514 715 2581 Deus,
741 2515 840 2585 qui
891 2520 949 2574 et
1003 2515 1453 2584 deprecationem
1504 2517 1858 2583 peccatorum
1890 2509 2138 2566 exaudis.

544 2601 870 2676 horumque
895 2603 970 2663 ad
997 2603 1282 2663 hominem
1309 2601 1448 2663 dixit
1474 2620 1485 2654 :
1547 2602 1941 2671 Nequaquam,
1971 2616 2006 2656 ο
2034 2599 2135 2663 ﬁli,

541 2691 790 2760 gratiam
817 2692 968 2752 hanc
992 2690 1234 2751 orationi
1254 2708 1392 2749 meae
1421 2689 1690 2755 ascribas,
1721 2689 1817 2746 sed
1847 2689 1964 2744 Deo
1995 2694 2052 2746 et
2080 2689 2142 2744 li-

2231 1801 2511 1871 sparebat,
2541 1801 2714 1870 frigus
2753 1801 2924 1856 etiam
2954 1801 3266 1867 recedebat,
3300 1801 3573 1860 fortitudo
3600 1819 3825 1876 quoque

2229 1896 2284 1954 et
2313 1889 2560 1960 corporis
2597 1892 2717 1960 ejus
2745 1891 2895 1945 calor
2923 1891 2996 1946 ad
3021 1907 3150 1946 eum
3175 1889 3602 1948 revertebantur
3624 1910 3642 1944 :-
3659 1899 3731 1948 ut
3759 1909 3818 1946 ex

2229 1979 2334 2034 hoc
2389 1996 2502 2034 non
2540 1987 2726 2049 posset
2763 1980 2938 2034 latere
2976 1980 3119 2036 hanc
3157 1996 3277 2036 esse
3328 1997 3557 2036 causam
3594 1987 3828 2052 repente

2226 2068 2752 2138 comprehendentis
2801 2085 2930 2126 eum
2987 2069 3464 2124 commutationis.
3506 2069 3831 2140 Suscipieus

2227 2173 2360 2226 ergo
2390 2174 2592 2214 aurum
2625 2157 2695 2214 al)
2725 2158 3064 2214 honorandis
3095 2157 3352 2216 manibus
3379 2158 3741 2236 patriarchae,
3775 2166 3828 2212 et

2226 2245 2367 2306 nihil
2406 2245 2636 2302 omnino
2682 2247 3086 2310 contradicens,
3139 2246 3497 2318 exspectabat
3523 2246 3598 2304 ab
3627 2264 3701 2304 eo
3730 2264 3827 2319 pa-

2225 2333 2470 2390 triarcha
2514 2336 2980 2406 conscriptionem
3008 2336 3516 2395 abrenuntiationis
3545 2337 3828 2393 mercedis

2225 2439 2418 2480 earum
2449 2441 2574 2494 qua;
2603 2425 2746 2479 data;
2767 2430 2900 2480 sunt
2926 2425 3160 2496 triginta
3187 2425 3311 2480 auri
3337 2425 3636 2484 librarum.
3672 2426 3828 2480 Fecit

2225 2518 2412 2569 autem
2441 2513 2548 2567 hoc
2582 2530 2710 2568 cum
2738 2514 2946 2583 gaudio
2975 2514 3197 2576 Troilus
3228 2514 3539 2584 episcopus,
3573 2513 3830 2572 scribens

2223 2601 2463 2672 prepriis
2475 2602 2734 2656 manibus
2753 2602 2859 2658 ita:
2888 2604 3054 2666 Deus,
3071 2603 3300 2660 domino
3320 2620 3446 2656 meo
3460 2604 3672 2660 Joanni
3696 2603 3828 2658 bea-

2225 2690 2444 2746 tissimo
2484 2691 2818 2761 patriarchte
2863 2692 3032 2762 hujus
3063 2692 3569 2750 Alexandrinorum
3601 2709 3828 2764 magna:

543 2779 639 2839 dei
655 2785 787 2846 tua,
809 2780 927 2839 hoc
956 2780 1107 2838 enim
1129 2779 1318 2839 omnia
1337 2780 1446 2839 ista
1472 2779 1778 2848 impetrare
1792 2777 1982 2836 valuit.
2006 2777 2141 2834 Erat
2221 2777 2482 2843 civitatis,
2516 2780 2590 2834 da
2617 2781 2932 2838 mercedem
2963 2781 3194 2850 triginta
3226 2780 3498 2836 librarum
3525 2799 3652 2852 quae
3688 2783 3828 2837 data

543 2867 698 2928 enim
722 2868 888 2928 valde
903 2867 1193 2928 humiliter
1218 2869 1467 2927 sentiens
1489 2872 1742 2931 sanctus,
1765 2865 1944 2922 verbis
1977 2866 2136 2920 scili-
2219 2873 2352 2922 sunt
2381 2867 2508 2934 tibi,
2537 2870 2803 2938 quoniam
2849 2888 2952 2940 ego
3005 2871 3190 2942 recepi
3223 2888 3367 2929 mea.
3397 2871 3515 2926 Hoc
3544 2872 3829 2943 scriptum

545 2961 636 3015 cet
657 2960 831 3028 atque
857 2955 1176 3028 prudentia.
2165 3023 2198 3030 _
2216 2956 2408 3026 itaque
2435 2963 2666 3012 sanctus
2681 2958 2975 3028 accipiens,
3007 2960 3248 3030 sumpsit
3272 2977 3459 3018 secum
3473 2967 3530 3014 et
3556 2962 3834 3018 eumdem

615 3023 755 3104 Gn:
780 3023 1050 3104 λάπης
1084 3044 1364 3116 Pergebat
1387 3045 1689 3117 aliquando
1719 3044 1808 3100 hic
1841 3044 2041 3100 beatus
2063 3043 2136 3100 ad
2157 3023 2542 3116 Cepiscopum
2573 3046 2643 3100 ad
2673 3023 2992 3116 prandium,
3024 3053 3086 3105 ut
3114 3023 3268 3104 enim
3306 3050 3426 3118 jam
3455 3049 3671 3107 dictum
3703 3057 3816 3114 est,

544 3133 1157 3206 visitaudospauperes,
1176 3133 1430 3192 inlocum
1454 3133 1549 3204 qui
1573 3133 1778 3192 dicitur
1790 3133 2094 3189 Caesarium
2120 3149 2140 3199 ί
2219 3133 2410 3190 statim
2437 3151 2608 3192 sanus
2639 3134 2820 3190 factus
2845 3136 3162 3191 est.V'olens
3174 3153 3311 3206 ergo
3333 3138 3607 3194 mercedis
3625 3139 3822 3196 reddi-

544 3222 662 3282 illic
679 3223 830 3280 enim
848 3223 932 3281 eis
950 3223 1161 3282 fecerat
1191 3223 1350 3293 quasi
1362 3220 1673 3291 tholos(69)
1685 3223 1958 3292 quosdam
1971 3221 2140 3292 proli-
2221 3228 2311 3276 tor
2337 3223 2486 3280 Deus
2513 3224 2799 3294 corripere
2823 3241 2974 3289 eum,
2991 3225 3158 3282 simul
3181 3231 3370 3280 autem
3389 3230 3446 3280 et
3473 3226 3546 3284 ad
3576 3228 3824 3284 misera-

539 3329 660 3380 xos,
689 3311 895 3383 ligneis
920 3311 1127 3371 tabulis
1154 3311 1471 3384 pavimento
1499 3317 1677 3370 strato
1704 3310 2140 3380 adrequiescen-
2220 3310 2433 3366 tionem
2460 3312 2964 3373 contribulatorum
2992 3319 3050 3368 et
3087 3315 3532 3386 compassionem
3576 3305 3824 3386 erigere,

542 3401 644 3460 dea
668 3417 785 3466 eos,
816 3407 874 3459 et
899 3400 1068 3460 simul
1096 3417 1228 3459 cum
1273 3403 1474 3459 storem
1503 3406 1560 3456 et
1591 3400 1852 3460 rachanis
1897 3397 1999 3474 (7οὶ
2036 3416 2138 3469 per
2221 3399 2468 3458 ostendit
2495 3400 2546 3454 ei
2575 3401 2770 3456 eadem
2796 3403 2886 3455 die
2915 3403 3219 3458 dormienti
3246 3410 3372 3474 post
3394 3404 3701 3474 prandium
3729 3423 3834 3475 p3.

542 3495 724 3547 totum
740 3490 1145 3555 hiemem,cum
1157 3490 1400 3560 quodam
1413 3490 1804 3560 episcoporum
1819 3505 2014 3544 eorum
2039 3489 2138 3557 qui
2221 3488 2476 3544 triarchae
2487 3489 2546 3542 in
2561 3490 2792 3555 somnis,
2808 3507 2920 3560 qua
2935 3492 3194 3549 mercede
3204 3493 3456 3562 privatus
3475 3500 3646 3548 esset.
3664 3494 3833 3548 Vidit

542 3595 674 3636 cum
712 3595 780 3636 eo
829 3585 1014 3644 erant,
1062 3583 1315 3636 amatore
1370 3578 1636 3648 pecuniae,
1686 3577 1935 3648 passibili
1969 3577 2139 3634 modo
2219 3577 2368 3635 enim
2402 3581 2486 3647 (ut
2537 3578 2634 3642 ait]
2667 3579 2918 3646 domum,
2950 3581 3113 3650 cujus
3138 3581 3618 3651 pulchritudinem
3650 3587 3833 3654 atque

541 3667 1027 3739 proaso.,Dixitque
1048 3666 1245 3724 beatus
1275 3667 1594 3738 patriarcha
1625 3666 1695 3723 ad
1726 3682 1858 3724 eum
1881 3668 2050 3722 :Ama
2072 3683 2138 3722 ac
2219 3666 2668 3734 magnitudinem
2692 3684 2805 3726 non
2834 3674 3018 3738 potest
3044 3686 3136 3728 ars
3175 3669 3468 3732 hominum
3497 3670 3740 3737 imitari,
3777 3677 3836 3725 et

541 3758 778 3820 honora.
802 3757 981 3815 frater
1013 3755 1218 3822 Troile,
1245 3755 1447 3813 fratres
1480 3755 1689 3811 Christi
1719 3774 1732 3820 ;
1770 3756 1876 3810 hoc
1905 3755 2054 3812 enim
2085 3754 2137 3812 ei
2212 3755 2446 3824 januam
2465 3757 2630 3824 huius
2647 3762 3150 3822 totamauream,et
3165 3761 3578 3830 superjanuam
3589 3759 3836 3820 titulum

539 3851 663 3902 erat
686 3861 908 3903 nomen.
933 3845 1350 3902 Nuntiaverunt
1364 3844 1515 3900 enim
1539 3844 1771 3914 quidam
1799 3843 2134 3916 patriarchae
2219 3845 2595 3916 conscriptum
2638 3863 2649 3898 :
2686 3847 2902 3902 MANsIO
2948 3860 3198 3912 κετλιυῖλ,
3244 3864 3310 3902 ετ
3355 3864 3584 3908 motas
3629 3848 3834 3904 Tuom

540 3934 692 4004 quod
706 3933 942 4003 tliginta
956 3932 1134 3990 librae.
1162 3933 1286 3990 aliti
1311 3938 1562 4003 portaret
1581 3932 1776 4002 inipsa
1797 3931 2132 3989 horadome-
2214 3946 2465 3996 EPISCOPI.
2507 3935 2650 3990 Cum
2716 3951 2850 4004 ergo
2877 3935 2998 4000 hoc,
3043 3935 3248 4007 inquit,
3281 3936 3562 4006 legissem,
3593 3939 3834 4008 gavisus

539 4022 712 4094 stimo
729 4022 984 4091 ejusdem
1003 4021 1246 4092 episcopi
1270 4021 1530 4087 Troili,ut
1549 4026 1760 4078 emeret
1777 4020 2020 4091 speciem
2047 4036 2135 4078 ar-
2216 4039 2360 4084 sum,
2383 4022 2624 4080 sciebam
2662 4022 2817 4079 enim
2845 4023 3167 4084 donandum
3203 4024 3344 4087 mihi
3366 4024 3438 4082 ab
3465 4025 3831 4096 imperatore

537 4109 696 4179 genti
715 4109 1230 4180 anaglyphi,gratia
1241 4126 1448 4167 mensa
1467 4127 1598 4167 suae.
1619 4109 1922 4179 Episcopus
1943 4115 2137 4168 autem
2215 4111 2346 4169 talis
2373 4111 2574 4166 domus
2584 4111 2978 4180 epulationem.
2995 4112 3261 4174 Nondum
3278 4118 3470 4172 autem.
3487 4114 3832 4183 huiusmodi

535 4197 1030 4267 muquunveritus
1041 4214 1361 4260 sermonem
1373 4197 1923 4268 patriarchae,imoad
1938 4198 2137 4256 horam
2215 4198 2368 4256 tituli
2387 4199 2915 4269 superscriptionem
2943 4201 3318 4270 perlegeram,
3348 4207 3404 4256 et
3427 4218 3556 4258 ecce
3583 4203 3830 4272 quidam

539 4284 862 4350 calefactus,
887 4285 1111 4355 singula
1141 4285 1270 4343 dari
1294 4286 1552 4343 omnibus
1579 4285 1844 4344 fratribus
1874 4286 2136 4356 pracepit
2216 4287 2403 4357 regius
2423 4286 2818 4352 cubicularius,
2839 4287 3049 4344 habens
3081 4306 3273 4348 secum
3295 4295 3353 4346 et
3379 4291 3521 4345 alios
3555 4290 3830 4363 obsequii

543 4373 599 4470 ei
626 4372 732 4470 qui
759 4373 1191 4470 trigintalibras
1220 4374 1344 4432 illas
1369 4374 1648 4446 portabat.
1703 4374 1974 4470 (ἔξιθι-ἰξυῖ
1999 4391 2136 4470 ergo
2153 4375 2408 4470 Ddivini;
2439 4381 2496 4432 et
2522 4392 2652 4470 cum
2679 4376 3022 4447 pervenisset
3048 4377 3119 4435 ad
3147 4378 3323 4435 talem
3348 4378 3581 4442 nitentis
3612 4380 3830 4436 domus

541 4461 866 4532 huiusmodi
894 4463 1020 4520 auri
1039 4464 1327 4534 quantitas
1347 4469 1576 4534 erogata
1597 4468 1699 4520 est.
1725 4463 2138 4522 Recedentibus
2153 4461 2196 4470 ⁷
2211 4464 2466 4534 ianuam,
2490 4464 2632 4520 dixit
2657 4465 2728 4522 ad
2759 4465 3016 4536 proprios
3047 4466 3340 4528 ofﬁciales:
3373 4467 3658 4538 Deponite
3674 4470 3827 4523 mihi

541 4551 738 4622 itaque
762 4551 1041 4624 utrisque,
1094 4553 1416 4624 patriaroha
1442 4553 1669 4619 scilicet,
1699 4558 1756 4608 et
1780 4553 1880 4624 qui
1901 4553 2133 4612 invitam
2216 4552 2542 4610 titulum.Et
2561 4568 2688 4608 cum
2706 4554 3114 4624 deposuissent,
3143 4555 3356 4616 iterum
3383 4556 3563 4614 dixit:
3596 4559 3829 4616 Mutato

544 4640 630 4705 (ut
642 4639 724 4700 ita
745 4639 956 4707 dicam).
971 4640 1387 4713 oleemosynam
1419 4641 1913 4712 fecerat,episcopo
1945 4641 2134 4700 Troilo
2218 4656 2368 4705 eum,
2395 4647 2451 4696 et
2478 4641 2669 4714 ponite
2696 4659 2864 4712 quem
2895 4643 3052 4700 misit
3081 4643 3232 4702 orbis
3274 4651 3558 4706 terrarum
3585 4662 3705 4704 rex.
3754 4649 3828 4705 Et

538 4727 603 4788 in
622 4729 1334 4806 propriisepiscopiisvelut
1361 4731 1618 4801 quaedam
1637 4747 1829 4790 amens
1852 4736 1909 4788 et
1933 4730 2137 4790 animae
2216 4730 2530 4790 attulerunt
2558 4736 2615 4786 et
2637 4731 2936 4790 afﬂixerunt
2954 4732 3110 4790 aliud
3135 4734 3444 4804 aspiciente
3471 4751 3586 4802 me,
3613 4753 3828 4808 super-

536 4817 919 4888 periouiosain
944 4835 1078 4878 eum
1095 4820 1364 4889 cogitatio
1381 4820 1572 4886 irruit,
1608 4827 1842 4892 prepter
1865 4819 2133 4890 pecunia-
2217 4818 2487 4888 scriptum
2524 4819 2634 4874 ita:
2685 4819 2910 4880 MANSIO
2946 4838 3171 4882 ΕΤΕΒΝΛ
3209 4839 3276 4880 ac
3317 4840 3544 4886 unum
3576 4823 3827 4882 Joanms

539 4921 674 4964 rum
693 4905 984 4964 (lationem
1012 4908 1302 4974 mor-roris
1327 4914 1384 4965 et
1407 4909 1621 4966 amoris
1648 4910 1982 4982 pecuniae,“
2003 4925 2133 4966 στα-ι
2221 4924 2612 4965 Αιδηιεριιςαορι
2669 4907 3077 4976 Amr/mnam,
3114 4927 3292 4969 supra
3331 4929 3504 4972 Limus
3539 4929 3832 4976 TRIGINTA.

541 4992 792 5052 demotis
839 4999 898 5051 ot
923 4996 1278 5066 negligentiae
1304 4997 1568 5067 genimen
1615 5015 1744 5054 eum
1773 4997 2135 5067 sequebatur,
2219 4995 2290 5056 Et
2315 5013 2444 5052 cum
2479 4997 2586 5056 hoc
2622 4997 2868 5064 vidisset,
2897 4999 3146 5054 surrexit
3174 5016 3211 5053 a
3259 5017 3478 5067 somno,
3512 5007 3572 5058 et
3601 5018 3825 5073 magno

543 5081 697 5142 febre
725 5088 883 5142 extra
899 5086 1594 5158 naturammista,pr0pter
1621 5087 1772 5157 quod
1783 5093 2027 5156 aegrotus
2051 5087 2136 5143 in~
2217 5102 2551 5156 summoque
2578 5086 2791 5156 pastori
2816 5103 2941 5157 quae
2967 5087 3088 5145 visa
3105 5093 3240 5150 suat
3253 5089 3304 5143 ei
3329 5089 3388 5152 in
3417 5091 3634 5150 somnis
3653 5108 3829 5148 snar-

543 5171 693 5232 vitus
717 5172 778 5229 in
803 5173 1010 5230 lectum
1049 5175 1268 5230 cecidit.
1315 5175 1765 5232 Hebdomaderio
1791 5193 1926 5246 ergo
1951 5193 1986 5232 a
2009 5193 2136 5233 san—
2217 5174 2379 5232 ravit.
2431 5173 2738 5232 Proﬁciens
2781 5191 2847 5230 ea
2893 5176 2964 5234 de
3003 5193 3175 5237 causa
3213 5179 3434 5237 Troilus
3489 5181 3826 5252 episcopus,

543 5261 795 5321 ctissime
814 5263 1136 5333 patriarcha
1161 5263 1232 5320 ad
1256 5281 1388 5320 eum
1415 5265 1756 5332 veniente,et
1783 5265 1854 5320 ad
1879 5283 2133 5322 mensam
2215 5263 2398 5321 factus
2424 5280 2490 5318 ex
2520 5269 2654 5320 tunc
2681 5264 3128 5336 eleemosynator
3156 5267 3507 5337 magniﬁcus.

541 5347 796 5417 ejusdem
808 5349 1148 5420 patriarcha
1171 5366 1301 5408 eum
1315 5349 1606 5417 invitante,
1630 5351 2135 5422 recusavit,frigore
2289 5353 2419 5408 CAP.
2447 5353 2666 5410 XXVII.
2701 5384 2768 5398 -η
2813 5354 3086 5415 Dominus
3104 5355 3200 5425 qui
3233 5356 3534 5420 divitiasin
3552 5364 3827 5430 tempore

543 5435 695 5493 enim
716 5443 774 5498 et
799 5437 954 5497 febre
980 5456 1041 5494 se
1069 5438 1262 5496 vexari
1293 5454 1396 5508 pro
1423 5439 1665 5508 quadam
1691 5457 1864 5498 causa
1890 5441 2128 5500 dicebat.
2219 5441 2462 5511 quodam
2482 5441 2647 5501 beato
2665 5443 2692 5498 J
2699 5442 2770 5498 ob
2803 5441 3192 5512 abstulit,fecit
3213 5444 3395 5508 simile
3413 5452 3472 5508 et
3491 5447 3627 5510 huic
3651 5448 3822 5507 omni

542 5523 978 5594 Igituroimhoc
988 5527 1241 5587 audisset
1262 5525 1738 5598 patriarcharum
1757 5531 1986 5600 agnovit
1997 5547 2131 5588 can-
2217 5531 2470 5589 bonitate
2498 5532 2683 5602 piem,
2717 5537 2908 5592 sancto
2939 5533 3272 5602 patriarchae
3301 5535 3522 5599 Joanni.
3565 5535 3826 5594 Navibus.
