3912 6390
120 152 225 211 365

930 176 935 179 -
1025 153 1191 208 Vl'I‘A
1229 155 1486 211 SANCTI
1525 154 1829 209 JOANNIS
1868 156 2472 212 ELEEMOSYNARII.

3295 162 3401 223 366

116 278 268 332 enim
313 279 681 336 sanctissimae
704 279 949 336 ecclesiae
979 278 1585 351 comprehendentibus
1611 277 1788 339 vio-A
1806 279 2093 335 mandavit
2121 280 2257 334 mihi
2287 279 2560 333 Dominus
2592 295 2752 332 meus
2772 284 2828 333 et
2855 280 3108 336 omnium
3146 282 3400 339 Christus

114 368 327 423 lentam
366 367 629 433 hiemem,
671 369 729 423 in
784 368 903 422 loco
935 368 1030 438 qui
1059 367 1350 421 dicebatur
1379 367 1553 420 Adria
1584 364 1708 435 (7i),

118 458 477 525 projecerunt
498 456 689 511 omnia
710 473 830 521 sua,
855 474 982 528 quae
1000 473 1166 509 naves
1190 454 1487 526 portabant
1511 474 1522 521 ;
1554 460 1717 510 erant

116 561 244 599 vero
275 562 469 601 omnes
498 561 665 601 naves
694 545 880 603 simul.
908 545 1043 599 Erat
1066 551 1255 599 autem
1286 562 1509 598 summa
1539 544 1717 597 multa

116 634 273 688 valde
296 635 660 691 enthecarum
698 651 930 691 suarum
958 653 971 697 ;
1003 633 1287 689 habebant
1318 633 1468 687 enim
1496 638 1720 687 tantum

116 722 451 778 vestimenta
504 730 560 779 et
617 732 937 795 argentum,
972 730 1029 777 et
1075 724 1212 778 alias
1260 740 1347 776 res
1377 721 1622 785 altiores,
1656 726 1722 777 ut

114 818 540 885 computaretur
549 812 768 884 pondus
791 813 938 884 quod
961 812 1130 869 ivitin
1155 811 1526 883 perditionem
1548 828 1721 883 quan-

113 902 296 956 titatis
335 902 788 959 centenariorum
820 901 1056 974 triginta
1089 908 1350 973 quatuor.
1394 902 1525 955 Plus
1568 902 1718 955 enim

115 997 282 1046 erant
315 1008 487 1065 quam
504 992 773 1047 tredecim
796 1008 984 1055 naves,
1008 990 1292 1062 capientes
1338 1007 1439 1062 per
1469 990 1720 1062 singulas

112 1081 309 1136 decem
349 1081 529 1137 millia
560 1082 901 1139 modiorum.
942 1079 1310 1134 Venientibus
1340 1096 1469 1133 vero
1486 1080 1720 1135 Alexan-

114 1170 298 1231 driam
313 1174 371 1224 et
380 1170 762 1241 pergentibus,
779 1170 972 1227 statim
992 1168 1195 1242 reliqui
1214 1168 1517 1223 creditores
1535 1174 1591 1221 et
1604 1167 1719 1243 pri-

116 1259 194 1312 mi
209 1264 400 1315 nautze
419 1259 478 1315 in
501 1259 795 1317 ecclesiam
813 1258 1448 1328 confugerunt.Sanctus
1464 1274 1593 1310 vero
1614 1256 1718 1311 hoc

114 1348 373 1412 audiens,
401 1354 457 1402 et
469 1364 695 1403 causam
723 1354 954 1421 propter
974 1364 1143 1419 quam
1164 1346 1718 1418 fugerant,mittiteis

115 1435 348 1490 verbum
361 1435 622 1490 manibus
644 1436 760 1490 suis
781 1434 1399 1506 conscriptum,habens
1422 1434 1500 1486 ita
1524 1452 1533 1485 :
1563 1456 1587 1481 α
1613 1432 1718 1487 Do-

119 1524 305 1578 minus
336 1524 513 1589 dedit,
545 1524 745 1579 fratres
770 1542 781 1592 ;
812 1523 1104 1588 Dominus,
1138 1528 1203 1576 ut
1233 1523 1423 1588 voluit,
1447 1522 1713 1587 abstulit;

119 1614 262 1681 sicut
282 1614 523 1668 Domino
548 1614 774 1685 placuit,
801 1613 879 1667 ita
902 1614 1106 1666 factum
1140 1619 1226 1665 est
1250 1630 1259 1663 :
1286 1612 1357 1665 sit
1382 1626 1587 1665 nomen
1614 1611 1719 1664 Do—
1736 1593 1780 1653 Β

122 1703 258 1758 mini
272 1701 1156 1769 benedictum(Job.1).Exite,filii,
1177 1700 1316 1754 nihil
1330 1718 1395 1754 ex
1408 1700 1511 1753 hoc
1525 1699 1712 1755 veriti:

122 1792 395 1847 Dominus
418 1792 569 1848 enim
591 1791 862 1847 sollicitus
880 1792 989 1845 erit
1025 1792 1093 1844 de
1114 1790 1377 1844 crastino.
1408 1810 1430 1841 ι
1455 1788 1720 1845 Ascendit

125 1882 311 1953 itaque
336 1897 479 1952 pene
505 1880 801 1937 dimidium
830 1881 1071 1937 civitatis
1089 1880 1147 1934 in
1170 1885 1474 1934 secretum:
1496 1878 1584 1933 die
1614 1895 1717 1932 au-

125 1976 234 2024 tem
278 1970 457 2025 altero
486 1971 733 2025 volentes
767 1968 869 2042 (7‘2)
906 1969 1183 2025 consolari
1232 1966 1476 2023 nobilem
1507 1967 1676 2021 istum
1703 1985 1715 2033 ;

122 2061 239 2131 ipse
265 2076 397 2115 vero
417 2077 833 2132 praeoccupans,
856 2060 1022 2131 coepit
1053 2057 1312 2113 omnibus
1362 2057 1545 2111 dicere
1571 2076 1580 2108 :
1615 2057 1723 2111 Ne-

126 2164 427 2217 quaquam,
443 2165 475 2204 o
498 2149 597 2202 filii
615 2156 672 2205 et
686 2149 905 2215 fratres,
930 2164 1098 2203 causa
1121 2147 1345 2202 navium
1377 2145 1723 2200 difﬁcultatis

122 2237 428 2292 tristemini
453 2257 467 2305 ;
500 2254 632 2297 nam
664 2238 895 2295 humilis
914 2240 1177 2303 Joannes,
1208 2236 1439 2303 credite,
1463 2236 1722 2290 inventus

123 2334 207 2381 est
252 2326 550 2398 culpabilis
579 2347 593 2394 ;
625 2328 830 2401 quippe
861 2328 969 2382 nisi
1009 2327 1391 2381 extollentiam
1434 2324 1718 2389 haberem,

126 2416 278 2471 nullo
313 2417 480 2471 modo
527 2418 630 2477 hoc
672 2417 896 2472 ferrem.
922 2417 1030 2471 Sed
1064 2416 1195 2486 quia
1220 2413 1527 2469 extollebar
1555 2414 1613 2466 in
1635 2413 1721 2466 his

123 2522 248 2576 quae
269 2505 371 2561 Dei
386 2512 567 2571 erant,
594 2512 649 2563 et
669 2505 1015 2563 aestimabam
1040 2505 1187 2576 quod
1212 2521 1417 2575 magna
1447 2520 1618 2573 Opera
1648 2502 1724 2555 fa-

120 2611 328 2661 cerem,
350 2595 493 2651 dans
512 2612 633 2666 qua:
664 2596 954 2651 hominum
976 2600 1156 2660 erant,
1181 2594 1284 2647 hoc
1320 2593 1458 2646 mihi
1501 2591 1722 2659 evenit;

121 2684 311 2739 volens
328 2701 462 2756 ergo
482 2684 631 2739 Deus
658 2692 722 2740 ut
752 2685 854 2741 hoc
874 2684 1267 2753 intelligerem,
1301 2683 1409 2736 ista
1430 2680 1712 2753 permisit.

120 2773 495 2844 Eleemosyna
508 2774 655 2829 enim
670 2791 783 2829 non
796 2774 1120 2844 vigilantem
1134 2772 1463 2847 plerumque
1481 2770 1537 2824 in
1555 2768 1725 2823 extol-

118 2862 352 2927 lentiam
376 2864 557 2917 elevat
577 2883 587 2917 :
606 2863 812 2919 invitus
828 2880 957 2917 vero
975 2879 1137 2916 casus
1162 2860 1423 2916 humiliat
1439 2859 1722 2913 sustinen-

1799 368 1946 423 Deus
1967 372 2147 438 (.loan.
2182 373 2255 436 χ).

1871 458 2008 511 CAP.
2029 457 2223 511 XXIX.
2235 488 2297 498 —
2312 456 2619 513 Districtus
2640 456 2865 529 quidam
2880 457 3048 512 abhis
3066 457 3160 532 qui
3173 461 3399 530 pensio-

1801 563 1929 599 nem
1953 545 2266 615 exigebant,
2300 562 2425 601 cum
2473 563 2583 599 non
2612 545 2845 600 haberet
2889 545 3037 618 quod
3070 547 3234 604 daret
3262 552 3403 619 (erat

1802 634 1951 690 enim
1963 635 2118 705 regio
2129 635 2184 688 in
2198 652 2404 705 magna
2417 634 2762 701 difficultate,
2780 652 2845 689 eo
2858 634 3006 708 quod
3022 635 3223 693 fluvius
3239 635 3399 692 Nilus

1802 724 2107 779 secundum
2118 724 2581 778 consuetudinem
2594 740 2706 778 non
2718 724 3151 796 irrigaretaquis
3165 727 3399 798 terram)

1802 813 1921 884 ipse
1951 811 2143 867 abiens
2158 814 2489 885 deprecatus
2507 819 2594 869 est
2623 813 2819 867 ducem
2842 812 3141 885 quemdam
3162 832 3398 888 magna-

1800 908 2007 967 torum,
2033 908 2097 957 ut
2112 908 2337 956 mutuas
2356 901 2461 956 sibi
2481 902 2644 958 daret
2664 902 3074 976 quinquaginta
3102 903 3273 960 libras
3294 920 3397 960 au-

1801 991 1888 1057 ri;
1920 997 1976 1044 et
2006 991 2228 1046 dicebat
2252 1009 2311 1045 se
2342 992 2476 1045 dare
2504 992 2761 1063 pignora,
2790 992 2837 1047 si
2858 992 3041 1058 vellet,
3075 992 3265 1066 dupla.
3284 992 3396 1048 Re-

1801 1079 2062 1150 promisit
2090 1097 2222 1151 ergo
2252 1080 2362 1134 dux
2382 1080 2516 1136 dare
2544 1081 2613 1145 ei,
2648 1079 2716 1135 ad
2746 1098 2994 1155 praesens
3012 1099 3141 1139 vero
3154 1082 3395 1141 distulit.

1802 1168 2162 1224 Exactoribus
2193 1186 2329 1239 ergo
2351 1169 2867 1240 constringentibus
2896 1187 3045 1237 eum,
3077 1170 3231 1225 vadit
3256 1172 3396 1247 ipse,

1800 1264 1866 1312 ut
1894 1258 2075 1312 omnis
2103 1257 2173 1311 ad
2199 1264 2422 1331 portum
2440 1276 2473 1312 a
2491 1276 2601 1331 quo
2626 1260 2811 1314 cuncti
2843 1260 3208 1332 recipiuntur,
3241 1260 3398 1314 vide-

1802 1348 1932 1401 licet
1956 1347 2024 1400 ad
2044 1347 2404 1401 mitissimum
2429 1346 2727 1420 etdignum
2758 1347 3134 1406 admiratione
3154 1348 3398 1420 patriar-

1802 1437 1981 1489 cham.
2019 1436 2087 1490 Et
2115 1436 2366 1489 nondum
2412 1453 2553 1509 pene
2593 1436 2880 1511 propriam
2926 1437 3318 1493 necessitatem
3348 1439 3399 1493 ei

1801 1531 2147 1588 narraverat,
2162 1524 2304 1581 dixit.
2316 1531 2541 1578 sanctus
2560 1526 2629 1578 ad
2644 1542 2774 1580 eum
2790 1543 2801 1577 :
2826 1525 2931 1594 Do,
2956 1524 3053 1589 fili,
3071 1526 3121 1583 si
3135 1526 3397 1597 volueris,

1800 1619 1857 1667 et
1886 1631 1995 1687 quo
2028 1615 2248 1681 vestior,
2282 1614 2695 1670 vestimentum.
2732 1615 2954 1670 Etenim
2985 1632 3112 1669 cum
3151 1614 3401 1675 admira-

1800 1703 2004 1757 bilibus
2015 1702 2130 1757 suis
2148 1702 2309 1757 bonis
2324 1709 2381 1757 et
2399 1703 2504 1758 hoc
2530 1701 2871 1777 possidebat,
2905 1702 3053 1776 quod
3069 1721 3183 1761 non
3212 1707 3401 1778 posset

1801 1791 1987 1845 videre
2026 1792 2272 1864 aliquem
2322 1791 2391 1847 de
2421 1791 2852 1846 necessitatibus
2882 1792 3312 1867 Iacrymantem,
3343 1796 3405 1852 et

1802 1897 1913 1935 non
1934 1881 2125 1936 statim
2149 1898 2207 1934 se
2219 1881 2459 1953 propriis
2483 1880 2697 1950 rigaret
2715 1880 3005 1954 lacrymis:
3031 1883 3180 1937 unde
3192 1888 3251 1936 et
3271 1900 3402 1941 mox

1804 1970 2133 2043 petitionem
2164 1969 2399 2027 volentis
2428 1968 2497 2022 ab
2530 1986 2595 2024 eo
2626 1974 2885 2025 mutuum
2933 1969 3184 2043 accipere
3215 1970 3397 2029 adim-

1806 2058 2072 2131 plevit.Et
2092 2059 2348 2131 sequenti
2372 2063 2532 2111 nocte
2552 2057 2702 2111 videt
2735 2057 2843 2112 dux
2864 2057 3011 2129 quod
3031 2064 3209 2114 staret
3228 2077 3399 2134 super

1807 2149 1983 2203 altare
2013 2146 2263 2218 quidam,
2296 2147 2387 2203 cui
2416 2146 2723 2204 offerebant
2757 2146 2918 2203 multi
2949 2146 3297 2216 oblationes;
3341 2154 3399 2213 et

1807 2254 1907 2309 per
1934 2254 2105 2291 unam
2134 2254 2302 2308 quam
2342 2234 2643 2309 ponebant,
2670 2234 3017 2308 accipiebant
3045 2242 3269 2295 centum
3297 2253 3399 2313 pro

1805 2327 1929 2398 ipsa
1946 2326 2015 2380 de
2036 2326 2218 2382 altari.
2253 2326 2387 2381 Erat
2407 2331 2597 2380 autem
2612 2330 2668 2381 et
2689 2326 3000 2396 patriarcha
3020 2332 3147 2400 post
3174 2331 3399 2399 tergum

1806 2416 1943 2487 ejus.
1973 2415 2202 2469 Jacebat
2222 2432 2355 2485 ergo
2376 2431 2491 2470 una
2519 2413 2726 2469 oblatio
2763 2421 2894 2469 ante
2923 2432 3017 2469 eos
3057 2416 3116 2472 in
3143 2433 3256 2470 uno
3276 2433 3398 2473 sca-

1807 2521 1957 2569 mno,
1983 2510 2040 2557 et
2067 2504 2204 2559 dicit
2234 2503 2461 2575 quidam
2489 2503 2617 2558 duci
2653 2522 2664 2557 :
2689 2503 2862 2570 Vade,
2896 2504 3121 2558 domine
3149 2504 3274 2570 duc,
3308 2521 3400 2562 ac-

1807 2594 1928 2665 cipe
1968 2593 2308 2647 oblationem
2339 2593 2514 2659 illam,
2567 2599 2625 2647 et
2661 2593 2800 2646 offer
2846 2592 2916 2648 ad
2958 2594 3155 2659 altare,
3183 2599 3241 2647 et
3266 2592 3403 2648 tolle

1805 2700 1905 2755 pro
1937 2699 2001 2736 ea
2033 2687 2257 2737 centum
2287 2679 2614 2735 oblationes.
2649 2679 2753 2735 Illo
2785 2698 2911 2735 vero
2940 2679 3261 2755 pigritante,
3304 2700 3403 2741 cu-

1806 2771 1984 2826 currit
1996 2771 2338 2844 patriarcha,
2364 2771 2497 2825 licet
2518 2776 2644 2843 post
2665 2787 2792 2824 eum
2813 2776 3010 2840 staret,
3029 2776 3085 2825 et
3100 2770 3231 2826 tulit
3259 2769 3407 2830 hanc

1806 2864 1936 2915 ante
1967 2878 2115 2927 eum,
2152 2867 2210 2913 et
2231 2857 2453 2923 obtulit,
2488 2864 2545 2912 et
2580 2859 2812 2931 accepit,
2849 2857 2995 2914 sicut
3034 2876 3247 2927 omnes,
3280 2877 3408 2917 cen-

117 2959 257 3006 tem.
286 2953 381 3007 Ait
412 2954 561 3007 enim
613 2952 802 3008 divina
849 2953 1141 3023 Scriptura
1166 2969 1176 3003 :
1205 2950 1518 3021 Paupertas
1544 2949 1723 3003 virum
1744 2949 1785 3010 C
1805 2955 1928 3004 tum
1949 2949 2019 3005 de
2039 2949 2225 3005 altari.
2248 2948 2528 3019 Evigilans
2567 2946 2777 3021 itaque,
2810 2964 2923 3002 non
2956 2953 3177 3021 poterat
3204 2949 3408 3006 discer-

120 3041 407 3096 humiliat.
434 3042 503 3097 Et
532 3042 736 3098 iterum
767 3042 940 3097 David
964 3042 1065 3096 hoc
1088 3040 1286 3105 sciens,
1310 3037 1526 3092 dicebat
1560 3056 1572 3091 :
1616 3038 1726 3092 Bo—

120 3147 260 3185 num
274 3130 409 3187 mihi
428 3130 576 3202 quod
592 3136 653 3187 tu
668 3131 980 3187 humiliasti
996 3146 1105 3194 me,
1142 3134 1206 3182 ut
1221 3128 1433 3182 discam
1449 3127 1724 3198 justifica-

121 3220 303 3274 tiones
322 3226 447 3276 tuas
464 3222 632 3287 (Psal.
661 3222 869 3289 cxvm).
890 3221 1039 3279 Dum
1056 3220 1208 3275 enim
1226 3217 1390 3271 malis
1409 3217 1588 3271 factus
1599 3234 1725 3269 sum

123 3308 415 3373 obnoxius,
442 3309 575 3383 quia
594 3310 879 3365 dationem
916 3326 1017 3380 per
1038 3324 1239 3363 vanam
1263 3307 1501 3377 gloriam
1534 3305 1727 3377 perde-

124 3398 276 3461 bam,
308 3399 658 3470 etquoniam
711 3416 810 3470 per
858 3397 1057 3453 vitium
1097 3414 1285 3453 meum
1326 3396 1557 3469 perditae
1597 3400 1730 3451 sunt

120 3493 299 3543 tanta:
324 3487 591 3560 pecuniae,
607 3487 784 3543 habeo
801 3504 951 3545 nunc
969 3488 1247 3559 judicium
1267 3485 1587 3542 animarum
1603 3501 1724 3555 quae

119 3576 183 3629 in
214 3581 371 3630 arcto
390 3584 540 3633 sunt.
562 3577 792 3641 Verum,
818 3576 1187 3633 dilectissimi,
1207 3575 1302 3645 qui
1325 3580 1460 3629 tunc
1475 3578 1727 3643 tempore

115 3664 265 3734 justi
294 3664 443 3719 illius
457 3663 560 3720 Job
581 3665 688 3722 fuit
719 3666 888 3731 Deus,
914 3671 971 3719 et
995 3680 1144 3719 nunc
1166 3664 1312 3718 idem
1345 3662 1464 3735 ipse
1494 3666 1597 3724 est,
1631 3661 1727 3732 qui

121 3770 240 3808 non
272 3760 500 3826 prepter
521 3760 827 3825 egestatem
858 3771 1063 3817 meam,
1099 3751 1195 3805 sed
1240 3751 1308 3806 ob
1352 3750 1727 3821 indigentium

122 3842 548 3909 necessitatem,
566 3859 678 3897 non
699 3841 1053 3913 derelinquat
1074 3857 1193 3894 nos.
1214 3840 1337 3912 Ipse
1367 3838 1519 3891 enim
1548 3837 1690 3891 dixit
1715 3855 1725 3889 :

124 3932 257 3987 Non
268 3938 324 3986 te
339 3930 1531 4004 deseram,nequederelinquam(llrbr.xm).
1550 3932 1587 3995 Ι
1602 3932 1730 3993 95

128 4022 201 4075 Et
242 4037 467 4075 rursus:
505 4021 751 4084 Quterite
780 4020 1023 4099 primum
1056 4034 1291 4089 regnum
1313 4015 1433 4081 Dei,
1467 4022 1525 4069 et
1556 4013 1728 4086 justi-

128 4109 273 4164 tiam
303 4110 442 4179 ejus,
471 4114 531 4169 et
569 4109 688 4176 hgec
717 4109 906 4165 omnia
961 4106 1299 4178 adjicientur
1338 4104 1491 4159 vobis
1516 4105 1724 4173 (Matth.

130 4198 229 4269 v1).
258 4195 517 4253 Volentes
547 4214 680 4269 ergo
707 4195 981 4252 consolari
1011 4212 1140 4263 eum
1175 4193 1411 4250 civitatis
1458 4190 1732 4247 habitato-

1808 3054 1942 3092 nere
1965 3037 2267 3093 somnium.
2304 3037 2457 3091 Misit
2470 3042 2661 3091 autem
2678 3042 2735 3091 et
2752 3036 2985 3094 adduxit
3005 3054 3134 3094 eum
3146 3036 3242 3111 qui
3264 3036 3409 3093 vole-

1808 3126 1906 3181 bat
1936 3134 2196 3181 mutuum
2244 3125 2515 3197 accipere,
2544 3131 2609 3181 ut
2643 3128 2938 3196 praestaret
2965 3124 3035 3181 ei.
3068 3123 3138 3179 Et
3166 3141 3293 3182 cum
3312 3139 3411 3179 ve-

1810 3215 2005 3280 nisset,
2040 3214 2176 3269 dicit
2202 3214 2251 3268 ei
2283 3213 2427 3268 dux:
2461 3214 2665 3289 Accipe
2693 3214 2841 3286 quod
2878 3213 3067 3288 petisti
3107 3218 3400 3273 mutuum.

1810 3303 2173 3376 Respondens
2193 3302 2309 3367 ille,
2331 3302 2472 3356 dixit
2492 3301 2543 3356 ei
2564 3323 2577 3356 :
2594 3303 2740 3357 Ante
2760 3301 2890 3356 tulit
2919 3300 3233 3358 mercedem
3247 3307 3409 3357 tuam

1810 3395 2070 3449 dominus
2085 3392 2648 3469 patriarcha.Etenim
2670 3398 2726 3447 te
2748 3392 2975 3447 domino
2991 3391 3410 3463 differenteme,

1809 3485 2129 3556 compulsus
2158 3500 2281 3536 sum
2316 3483 2385 3535 ad
2416 3482 2573 3535 illum
2604 3486 2873 3554 tanquam
2895 3482 2964 3535 ad
2975 3486 3201 3555 portum
3220 3479 3409 3538 confu-

1809 3591 1961 3645 gere,
1989 3572 2169 3627 multa
2184 3572 2335 3625 enim
2356 3576 2478 3625 erat
2518 3570 2599 3624 vis
2624 3570 3032 3643 inquietudinis
3064 3577 3405 3629 exactorum.

1812 3663 1953 3717 Cum
1967 3678 2099 3732 ergo
2114 3659 2368 3716 audisset
2388 3660 2715 3724 hoc,statim
2738 3658 3064 3715 recordatus
3077 3665 3162 3714 est
3181 3659 3406 3729 somnii,

1812 3758 1869 3805 et
1896 3751 2067 3804 dixit:
2098 3749 2242 3803 Vere
2268 3748 2408 3803 bene
2438 3749 2624 3803 dixisti
2658 3768 2669 3801 :
2707 3748 2850 3813 Quia
2873 3753 3004 3802 ante
3034 3749 3167 3809 tulit
3192 3765 3409 3805 merce-

1812 3840 1939 3893 dem
1969 3845 2145 3893 tuam.
2178 3840 2324 3894 Ante
2356 3838 2485 3891 tulit
2510 3837 2680 3904 enim,
2716 3843 2773 3890 et
2804 3854 2882 3892 vae
2914 3837 2995 3890 illi
3027 3836 3122 3909 qui
3167 3835 3288 3895 vult
3330 3835 3410 3891 fa-

1813 3946 1938 3982 cere
1966 3928 2195 3993 bonum,
2230 3931 2286 3980 et
2315 3926 2519 3979 differt.
2555 3926 2623 3980 Et
2651 3924 2935 3980 enarravit
2962 3926 3013 3980 ei
3051 3930 3108 3979 et
3148 3923 3410 3980 omnibus

1811 4018 2092 4072 somnium
2113 4014 2263 4088 quod
2294 4016 2525 4070 viderat.

1885 4108 2021 4161 CAP.
2054 4104 2584 4175 XXX.—Pergente
2612 4102 2916 4177 aliquando
2947 4110 3139 4159 sancto
3162 4102 3234 4159 ad
3264 4109 3409 4159 tem-

1814 4193 1968 4266 plum
1998 4199 2320 4249 sanctorum
2363 4192 2787 4248 victoriosorum
2844 4197 3161 4265 martyrum
3193 4192 3325 4266 Cyri
3356 4199 3413 4248 et

132 4304 244 4351 res,
281 4292 345 4343 ut
373 4285 583 4343 dictum
612 4291 717 4353 est,
749 4285 856 4359 ipsi
883 4286 1063 4356 magis
1096 4283 1307 4337 inventi
1345 4287 1476 4336 sunt
1504 4286 1796 4367 econtraD
1814 4283 2046 4338 Joannis
2072 4283 2149 4348 ,in
2170 4282 2413 4354 gloriosa
2429 4299 2624 4337 eorum
2636 4281 2909 4336 memoria
2926 4281 3409 4355 orationisgratia,

133 4375 577 4431 consolationem
608 4376 678 4430 ab
710 4376 831 4446 ejus
854 4373 1201 4430 beatitudine
1230 4372 1525 4442 recepisse.
1552 4370 1732 4426 Nimis

133 4481 271 4537 ergo
298 4464 461 4519 breve
485 4470 709 4536 tempus
738 4464 1028 4536 praeteriit,
1046 4468 1103 4516 et
1126 4463 1182 4515 in
1206 4461 1441 4532 duplum
1487 4458 1736 4515 restituit

136 4553 288 4609 Deus
317 4569 458 4609 novo
486 4560 681 4609 nostro
696 4554 724 4609 J
730 4552 799 4608 ob
820 4552 1111 4608 facultates
1136 4593 1149 4617 ,
1181 4557 1237 4604 et
1261 4552 1465 4604 iterum
1488 4549 1736 4621 eratipse

136 4641 537 4714 magnanimus
554 4643 699 4698 circa
722 4641 1181 4707 misericordiam,
1206 4638 1443 4694 fortasse
1469 4645 1659 4693 autem
1681 4643 1738 4691 et

136 4731 456 4805 religiosior
482 4749 653 4803 quam
680 4737 849 4787 antea
872 4730 1074 4786 fuerat.

211 4823 345 4877 CAP.
359 4822 611 4877 XXVIII.
629 4850 695 4862 —
712 4822 796 4877 Ad
810 4826 1123 4878 extremam
1144 4824 1534 4892 paupertatem
1548 4832 1737 4889 perve-

138 4911 321 4969 nienti
344 4910 568 4966 cuidam
587 4909 984 4968 dedomesticis
1004 4907 1297 4973 ministris,
1324 4906 1551 4980 propria
1568 4921 1738 4960 manu

138 5001 245 5058 iste
274 5006 527 5069 sanctus,
548 5013 611 5057 ut
639 4999 826 5056 nullus
848 4999 1033 5066 sciret,
1058 4997 1383 5054 duaslibras
1413 4994 1536 5050 auri
1558 4993 1732 5062 dedit;

138 5100 196 5148 et
223 5089 466 5147 audiens
495 5089 566 5144 ab
603 5088 907 5161 accipiente
938 5108 950 5141 :
986 5086 1263 5153 Quoniam
1296 5086 1411 5140 hzec
1439 5083 1732 5157 accipiens,

137 5177 635 5245 domine,ulterius
655 5196 765 5234 non
786 5176 964 5233 habeo
980 5177 1194 5230 vultum
1213 5173 1540 5231 intendendi
1556 5171 1614 5226 in
1644 5173 1735 5226 ho-

137 5267 455 5325 norabilem
479 5274 537 5323 et
564 5267 877 5340 angelicam
916 5266 1115 5321 faciem
1144 5271 1320 5327 tuam,
1352 5280 1480 5317 vere
1510 5262 1743 5333 dignum

140 5359 416 5425 laude,ut
430 5357 673 5432 sapiens,
692 5358 911 5415 locutus
942 5362 1027 5411 est
1054 5353 1284 5409 verbum
1313 5370 1325 5406 :
1359 5351 1644 5417 Nondum,
1663 5350 1744 5405 in-

138 5449 365 5521 quiens,
380 5447 719 5521 sanguinem
733 5464 923 5505 meum
942 5462 1043 5517 pro
1063 5449 1137 5513 te,
1162 5442 1356 5512 frater,
1389 5440 1578 5505 effudi,
1601 5440 1746 5495 sicut

1818 4374 2054 4424 exeunte
2083 4375 2302 4439 portam
2331 4367 2587 4435 civitatis,
2622 4366 2869 4439 suscepit
2895 4384 3024 4421 eum
3055 4367 3259 4422 mulier
3279 4385 3412 4441 pro-

1818 4458 2026 4524 cidens,
2051 4458 2306 4512 etdicens
2325 4477 2335 4511 :
2353 4455 2588 4511 Vindica
2603 4473 2710 4522 me,
2732 4456 2997 4526 quoniam
3019 4455 3287 4527 injuriam
3310 4473 3413 4529 pa-

1820 4548 1972 4602 tiora
1983 4563 2192 4618 genero
2214 4543 2722 4609 meo.,Quibusdam
2743 4560 2875 4613 ergo
2890 4542 2960 4600 de
2977 4543 3244 4616 obsequio
3265 4546 3408 4616 ejus,

1820 4637 1916 4708 qui
1947 4634 2229 4690 habebant
2264 4632 2662 4687 confidentiam
2692 4632 2842 4703 apud
2874 4648 3024 4698 eum,
3054 4631 3369 4689 dicentibus
3394 4652 3406 4688 ε

1820 4724 1963 4789 Quia
1973 4740 2099 4779 cum
2111 4739 2368 4777 reversus
2380 4721 2551 4777 fueris
2560 4736 2805 4787 ,causam
2826 4720 2947 4791 ejus
2964 4718 3410 4795 facies.Respon-

1820 4813 1904 4868 dit
1955 4811 2403 4885 sapientissimus
2436 4828 2445 4863 :
2482 4809 2549 4866 Et
2576 4808 2857 4881 quomodo
2896 4808 3045 4866 Deus
3096 4808 3411 4867 orationem

1821 4908 2072 4957 nostram
2095 4899 2381 4971 suscipiet,
2414 4898 2460 4952 si
2490 4914 2592 4969 ego
2623 4898 2791 4954 istam
2827 4902 3193 4972 postposuero
3214 4899 3242 4953 7
3276 4900 3411 4969 Quis

1822 4992 1960 5047 mihi
1977 4989 2278 5063 spoliondit
2304 4994 2369 5042 ut
2382 4988 2561 5042 vivam
2583 5003 2686 5059 ego
2704 4986 2762 5042 in
2785 4987 3094 5044 crastinum
3111 4989 3204 5043 ?et
3227 4988 3318 5045 ibo
3344 4990 3413 5044 ad

1822 5082 2126 5147 Christum.
2136 5096 2234 5151 pro
2250 5094 2316 5132 ea
2328 5076 2602 5132 rationem
2615 5075 2968 5133 redditurus?
2978 5077 3168 5133 Etnon
3185 5078 3416 5135 recessit

1823 5172 2025 5224 deloco
2040 5169 2155 5235 illo,
2180 5183 2358 5237 usque
2373 5167 2507 5221 dum
2519 5166 2669 5238 quod
2686 5166 2823 5219 satis
2838 5166 2889 5219 ei
2909 5171 3032 5221 erat
3045 5166 3165 5223 ﬁeri
3183 5164 3411 5222 faceret.

1896 5261 2025 5314 CAP.
2050 5255 2423 5312 XXXI.—-Ad
2453 5254 2799 5309 voluntatem
2829 5254 3006 5323 igitur
3036 5251 3416 5310 memorabilis

1823 5347 2014 5421 hujus,
2039 5364 2161 5420 quae
2190 5350 2310 5401 tota
2338 5344 2393 5399 in
2424 5342 2538 5398 Deo
2560 5346 2701 5410 erat,
2726 5342 2881 5397 misit
2898 5342 2949 5396 ei
2979 5343 3127 5396 Deus
3156 5342 3301 5396 viros
3326 5360 3417 5396 sa-

1825 5438 2042 5511 pientes
2062 5443 2118 5491 et
2136 5451 2359 5507 semper
2380 5431 2792 5497 memorandos,
2808 5430 3079 5487 Joannem
3104 5436 3161 5486 et
3173 5429 3421 5504 Sophro-
