3912 6380
520 171 627 236 367
1546 187 1639 241 DE
1665 187 1852 243 VITIS
1890 187 2185 242 PATRUM
2223 186 2436 240 LIBER
2471 185 2760 240 PRIMUS.
3691 177 3795 234 368

528 305 708 360 nium.
731 304 1045 363 Consiliarii
1081 308 1231 362 enim
1255 315 1416 363 erant
1444 317 1716 366 veraciter
1734 312 1888 377 boni,
1911 311 2112 383 quibus
2133 311 2185 370 Α
2203 310 2408 364 versari
2439 311 2587 364 hunc
2617 329 2629 377 ;
2662 309 2921 363 dicebant
2958 307 3106 361 enim
3145 307 3201 360 hi
3235 306 3330 377 qui
3360 306 3418 358 in
3449 309 3794 358 testamento

527 400 586 448 et
612 400 882 467 tanquam
912 396 1162 468 patribus
1178 397 1479 453 indiscrete
1503 399 1817 466 obediebat,
1832 407 1885 455 et
1904 402 2118 471 gratias
2200 400 2375 471 patris
2405 401 2526 470 ejus
2555 399 2766 452 inventi
2789 403 2920 453 sunt
2949 404 3138 462 testes,
3165 396 3298 468 quia
3321 411 3436 448 non
3480 391 3700 446 dimisit
3720 391 3790 450 ei.

523 483 744 553 agebat,
777 489 1045 556 tanquam
1075 486 1460 558 constantibus
1505 490 1743 544 maxime
1789 496 1846 544 et
1881 490 2118 544 viriliter
2199 489 2441 554 domine,
2475 495 2635 560 pater
2673 489 2795 558 ejus
2825 486 3068 540 moriens
3097 501 3274 556 usque
3303 484 3372 537 ad
3404 499 3584 537 unum
3613 480 3796 534 numi-

522 572 816 642 agentibus
847 574 1117 629 militibus
1146 592 1248 647 pro
1298 577 1508 647 pietate
1538 579 1843 648 religionis.
1893 580 2112 632 Etenim

520 661 698 715 sancti
729 661 969 732 Spiritus
997 663 1203 718 virtute
1231 665 1378 730 freti,
1403 672 1604 720 etcum
1628 668 2108 737 Severianitisﬂb)

519 765 584 802 ac
611 749 824 805 caeteris
884 751 1031 806 circa
1073 753 1360 822 regionem
1409 755 1774 810 existentibus
1805 756 2112 811 immundis

517 842 791 900 haereticis
819 841 1092 913 sapientia
1117 860 1220 896 sua
1247 860 1314 896 ac
1341 843 1813 914 disputationibus
1861 861 2107 916 pugnam

513 933 785 988 habentes
814 932 1222 996 etconﬂictum,
1255 932 1435 986 multa
1461 933 1686 1004 quidem
1718 935 1966 997 castella,
1988 936 2110 1006 plu-

513 1039 716 1092 resque
745 1020 1022 1086 ecclesias,
1057 1020 1317 1074 similiter
1346 1027 1404 1075 et
1431 1022 1774 1076 monasteria
1804 1022 1874 1077 ab
1903 1041 1999 1077 ore
2027 1029 2109 1078 ta-

513 1109 652 1165 lium
699 1109 1027 1174 bestiarum,
1073 1114 1340 1180 tanquam
1387 1109 1519 1164 boni
1566 1117 1838 1182 pastores,
1872 1113 2106 1166 evellere

511 1195 870 1264 studuerunt,
899 1204 1130 1269 propter
1153 1199 1302 1270 quod
1324 1204 1382 1253 et
1405 1199 1646 1254 maxime
1676 1200 1980 1271 plurimum
2010 1202 2108 1256 ho-

510 1287 748 1343 norabat
778 1292 998 1341 sanctos
1026 1287 1129 1340 hos
1157 1286 1250 1340 ille
1277 1303 1404 1341 vere
1430 1288 1833 1343 sanctissimus.

581 1376 943 1431 ΟΑΡΧΧΧΙΙ.
957 1405 1006 1414 —
1028 1375 1086 1430 Si
1103 1393 1232 1430 vero
1249 1375 1453 1430 alicubi
1469 1375 1711 1448 aliquem
1727 1378 1931 1432 durum
1949 1377 2104 1433 etin-

507 1467 822 1521 humanum
843 1470 900 1518 et
914 1479 1302 1536 percussorem
1327 1465 1475 1519 circa
1495 1467 1751 1537 proprios
1771 1484 1958 1521 servos
1972 1485 2101 1522 sen-

505 1554 685 1610 tiebat
699 1555 791 1608 ille
802 1553 1174 1619 beatus,bunc
1193 1554 1375 1624 primo
1385 1554 1805 1615 convocabat.et
1818 1573 1946 1610 cum
1964 1557 2104 1611 mul-

2197 595 2349 644 sma;
2383 578 2480 631 sed
2524 576 2733 631 habens
2774 577 2964 630 decem
3013 573 3183 628 libras
3212 573 3354 637 auri,
3386 571 3621 625 adducit
3663 586 3792 623 eum

2193 667 2316 737 ipsa
2335 667 2472 720 hora
2491 666 2714 738 quando
2732 669 3126 718 testamentum
3151 661 3446 726 scribebat,
3462 665 3522 713 et
3540 659 3679 712 dicit
3709 659 3787 711 ei:

2196 756 2310 809 Has
2339 756 2529 809 decem
2559 754 2732 808 libras
2761 753 2923 818 habe,
2960 752 3037 806 fili
3069 752 3166 807 mi.
3201 751 3364 815 Quid,
3393 750 3475 802 vis
3505 747 3790 802 dimittam

2192 843 2292 896 tibi
2322 843 2474 910 istas,
2491 859 2563 896 an
2589 843 2668 895 vis
2691 841 2988 895 Dominam
3011 856 3192 894 meam
3215 838 3314 892 Dei
3336 836 3671 907 genitricem
3703 852 3792 890 cu-

2193 944 2436 986 ratorem
2459 939 2512 986 et
2524 931 2900 1003 provisorem?
2923 931 3104 984 Puero
3122 946 3253 983 vero
3269 929 3513 997 eligente
3536 931 3788 979 sanctam

2191 1021 2290 1076 Dei
2319 1021 2669 1090 genitricem,
2697 1019 2962 1092 praecepit
3007 1019 3141 1073 dare
3178 1027 3379 1072 cuncta
3420 1014 3784 1088 pauperibus.

2191 1111 2257 1164 Et
2281 1127 2426 1176 ecce,
2451 1110 2735 1180 inquiunt,
2762 1109 3130 1174 sanctissime,
3153 1107 3212 1162 in
3243 1107 3421 1160 multa
3449 1105 3645 1176 inopia
3663 1120 3788 1158 con-

2187 1199 2354 1265 sistit,
2385 1204 2547 1253 nocte
2565 1216 2629 1252 ac
2661 1199 2751 1252 die
2771 1199 3001 1252 domum
3029 1195 3280 1252 Domina:
3310 1200 3520 1248 nostrae
3553 1209 3665 1246 non
3694 1192 3784 1245 dc-

2186 1304 2398 1342 serens.
2419 1288 2560 1342 Cum
2581 1304 2714 1357 ergo
2742 1287 2858 1341 haec
2889 1286 3135 1340 audisset
3168 1302 3202 1339 a
3221 1282 3528 1338 scientibus
3556 1287 3782 1335 sanctus

2186 1377 2294 1439 hic,
2318 1375 2528 1430 nemini
2557 1376 2767 1446 aliquid
2797 1375 3006 1441 dicens,
3028 1374 3257 1428 adducit
3284 1372 3591 1444 quemdam
3615 1369 3784 1424 tabel-

2186 1466 2392 1520 lionem
2418 1488 2434 1532 ς
2477 1471 2535 1520 et
2562 1465 2831 1519 narrabat
2875 1465 2925 1518 ei
2957 1481 3095 1529 rem,
3128 1464 3268 1517 dans
3297 1462 3348 1516 ei
3379 1461 3694 1516 terminum
3723 1463 3785 1512 ut

2185 1556 2324 1609 nulli
2341 1555 2594 1609 crederet
2613 1571 2783 1625 quam
2797 1553 3060 1626 prazcepit
3071 1553 3120 1606 ei
3139 1553 3318 1606 facere
3330 1549 3672 1616 rem,dicens
3692 1549 3742 1601 ei
3765 1565 3778 1603 :

506 1643 810 1698 talenitate
828 1641 1427 1712 rogabat,dicens:Fili,
1446 1627 2160 1712 venitquidemadauresB
2186 1643 2359 1709 Vade,
2393 1649 2447 1698 et
2476 1643 2533 1697 in
2562 1643 2841 1697 veteribus
2865 1643 3134 1696 chartulis
3169 1641 3348 1696 scribe
3376 1643 3782 1694 testamentum

507 1732 844 1805 peccatrices
856 1747 1009 1785 meas
1023 1730 1169 1802 quod
1186 1748 1250 1786 ex
1261 1732 1584 1802 operatione
1595 1733 1807 1787 inimici
1823 1734 2103 1788 modicum

506 1820 704 1876 durius
716 1821 864 1874 circa
882 1819 1139 1891 proprios
1158 1836 1362 1891 pueros
1383 1825 1510 1875 tuos
1526 1821 1723 1875 feraris
1750 1840 1762 1888 ;
1797 1823 1914 1889 sed,
1944 1839 2100 1893 rogo,

505 1909 604 1965 des
634 1910 816 1964 locum
843 1909 958 1963 ira}.
983 1910 1108 1962 Non
1129 1909 1278 1962 enim
1305 1914 1370 1963 ut
1401 1909 1783 1980 percutiamus
1805 1927 1917 1977 eos,
1951 1911 2105 1966 dedit

505 1997 666 2052 nobis
689 1999 790 2052 hos
812 1998 979 2063 Deus,
1020 1997 1117 2052 sed
1145 2003 1210 2051 ut
1245 1997 1510 2052 serviant.
1544 1999 1807 2053 Fortasse
1843 2017 1974 2053 vero
2001 2017 2104 2054 nec

505 2092 735 2158 propter
757 2087 884 2151 hoc,
911 2086 1006 2140 sed
1044 2091 1110 2140 ut
1135 2091 1525 2140 sustententur
1551 2103 1587 2140 a
1613 2087 1792 2153 nobis,
1817 2105 1881 2142 ex
1903 2088 2104 2158 quibus

514 2177 698 2242 [96
724 2176 874 2230 Deus
904 2174 1165 2246 praestitit
1191 2174 1372 2229 nobis.
1406 2175 1551 2238 Quid
1583 2176 1732 2229 enim
1767 2177 1910 2243 (edic
1939 2178 2100 2242 mihi)

505 2270 563 2319 et
580 2264 738 2319 dedit
764 2265 961 2318 homo:
988 2269 1046 2316 et
1075 2263 1210 2317 emit
1229 2279 1358 2317 eum
1382 2263 1477 2334 qui
1505 2264 1575 2318 ad
1605 2264 1910 2334 imaginem
1949 2271 2004 2320 et
2033 2267 2105 2321 si-

505 2352 819 2408 militudem
854 2352 955 2407 Dei
974 2358 1196 2406 creatus
1225 2357 1282 2406 et
1315 2352 1624 2406 honoratus
1655 2360 1741 2408 est
1768 2354 1792 2407 ?
1833 2355 2100 2427 Nunquid

504 2442 657 2496 enim
685 2447 766 2508 tu,
789 2439 1051 2496 dominus
1075 2441 1216 2510 ejus,
1231 2440 1444 2511 aliquid
1473 2441 1597 2512 plus
1629 2443 1878 2513 possides
1902 2443 1958 2497 in
1975 2462 2100 2516 pro-

401 2583 414 2588 ,
505 2529 628 2601 prio
651 2546 903 2600 corpore,
937 2545 1164 2583 manum
1196 2533 1296 2582 aut
1318 2530 1539 2600 pedem,
1576 2531 1659 2584 vel
1693 2532 1968 2596 auditum,
2001 2538 2100 2587 aut

2186 1734 2476 1804 cujusdam
2514 1733 2740 1786 nomine
2758 1731 3087 1803 Theopenti;
3113 1737 3170 1785 et
3192 1730 3276 1784 fac
3309 1729 3368 1784 in
3397 1728 3596 1783 eadem
3628 1728 3784 1781 char-

2186 1827 2245 1876 ta
2275 1839 2365 1876 me
2391 1827 2447 1876 et
2473 1827 2690 1892 patrem
2720 1821 2878 1892 pueri
2909 1819 3272 1875 consobrinos
3284 1819 3508 1882 fratres,
3535 1823 3592 1871 et
3621 1817 3779 1880 vade,

2187 1917 2244 1964 et
2266 1910 2354 1964 dic
2381 1909 2571 1980 juveni
2601 1927 2612 1962 :
2642 1909 2780 1975 Scis,
2814 1910 3005 1974 frater,
3023 1908 3172 1980 quod
3200 1923 3380 1978 genus
3402 1907 3651 1960 existens
3683 1922 3782 1976 pa-

2185 1989 2591 2065 triarchaamon
2610 1998 2888 2052 debueras
2909 1998 3066 2052 itam
3096 2003 3426 2069 paupertate
3449 1995 3700 2050 versari?
3729 2001 3786 2049 et

2187 2089 2417 2142 ostende
2443 2089 2494 2143 ei
2524 2088 2797 2154 chartam,
2830 2094 2887 2142 et
2913 2088 3034 2141 dic:
3079 2087 3356 2152 Quoniam
3387 2085 3434 2139 si
3473 2084 3781 2150 erubescis,

2188 2194 2292 2245 ego
2320 2177 2518 2232 ordino
2546 2194 2774 2231 causam
2804 2182 2959 2230 tuam
2989 2176 3136 2247 apud
3167 2175 3645 2247 patriarcham,et
3660 2173 3784 2226 vide

2187 2266 2319 2337 quid
2340 2265 2441 2320 tibi
2461 2266 2628 2320 dicet.
2652 2267 2794 2320 Cum
2821 2283 2953 2335 ergo
2976 2265 3166 2319 omnia
3185 2281 3310 2335 qua:
3330 2265 3491 2334 jussa
3511 2269 3646 2317 sunt
3669 2263 3721 2316 ei
3751 2279 3785 2314 a

2186 2355 2506 2425 patriarcha
2519 2354 2745 2408 tabellio
2764 2354 3002 2418 fecisset,
3011 2353 3164 2407 venit
3177 2353 3247 2406 ad
3264 2369 3394 2407 eum
3409 2352 3616 2406 dicens:
3639 2351 3786 2415 Quia

2185 2449 2380 2513 pactus
2409 2449 2496 2497 est
2519 2459 2659 2514 puer
2677 2442 2835 2509 mihi,
2870 2449 2933 2497 ut
2957 2460 3058 2512 ego
3091 2443 3290 2513 loquar
3317 2455 3574 2496 ‘causam
3620 2457 3784 2495 suam

2180 2532 2492 2596 domino,et
2503 2550 2733 2603 magnas
2741 2533 3051 2603 gratiarum
3069 2531 3316 2585 actiones
3328 2530 3607 2586 referebat
3619 2529 3758 2584 mihi
3770 2570 3782 2582 .

2187 2617 2337 2671 Dixit
2381 2618 2570 2689 itaque
2599 2625 2854 2672 sanctus:
2887 2617 3042 2671 Vade
3064 2623 3120 2670 et
3147 2617 3234 2670 dic
3266 2616 3316 2670 ei
3343 2641 3355 2671 :
3389 2616 3532 2681 Quia
3561 2616 3786 2670 locutus

2187 2723 2310 2760 sum
2342 2707 2690 2778 patriarchae.
2718 2708 2786 2762 Et
2809 2707 2955 2760 dixi:
2980 2706 3257 2770 Quoniam
3278 2712 3334 2760 et
3373 2722 3476 2776 ego
3505 2705 3620 2761 scio
3651 2706 3787 2778 quia

507 2617 759 2688 animam
773 2618 796 2670 'I
809 2616 1076 2687 Nunquid
1087 2634 1197 2671 non
1218 2617 1417 2671 similis
1437 2623 1522 2672 est
1539 2619 1640 2673 tibi
1653 2637 1754 2690 per
1763 2621 2106 2676 omnia?Au-

506 2705 566 2760 di
586 2707 776 2760 lumen
797 2705 1125 2776 gloriosum,
1146 2707 1380 2760 Paulum
1402 2707 1710 2761 dicentem:
1740 2709 2026 2780 Quotquot
2045 2710 2102 2764 in

507 2792 1008 2865 Christobaptizati
1031 2794 1182 2859 estis,
1216 2795 1500 2849 Christum
1533 2796 1794 2850 induistis
1825 2798 1961 2867 (Gal.
1993 2802 2098 2868 ιιι).
2184 2793 2381 2849 habuit
2409 2795 2776 2850 consobrinus
2820 2813 2980 2850 meus
3011 2797 3207 2860 filium,
3235 2795 3333 2850 sed
3355 2814 3422 2850 ex
3449 2796 3786 2868 vultuZhunc

507 2883 635 2938 Non
652 2887 739 2936 est
759 2881 984 2937 Iudaeus
1002 2900 1182 2954 neque
1204 2884 1450 2950 Graacus,
1481 2901 1594 2938 non
1611 2891 1695 2939 est
1710 2903 1900 2940 servus
1921 2904 2101 2958 neque
2183 2901 2295 2938 non
2311 2902 2664 2955 recognosco.
2689 2886 2840 2940 Bene
2866 2902 2998 2956 ergo
3024 2886 3178 2952 lacis,
3210 2885 3493 2940 adducens
3531 2885 3682 2939 hunc
3712 2886 3786 2939 ad

507 2969 668 3038 liber,
681 2988 874 3026 omnes
899 2971 1049 3026 enim
1073 2989 1168 3026 vos
1180 2989 1354 3027 unum
1379 2973 1512 3028 estis
1533 2974 1591 3028 in
1609 2974 1852 3029 Christo.
1889 2977 1945 3030 Si
1963 2993 2097 3047 ergo
2121 2982 2163 3042 α
2181 2989 2290 3026 me.
2323 2973 2620 3028 Adducens
2641 2991 2773 3044 ergo
2812 2991 2961 3040 eum,
2992 2981 3156 3046 porta
3191 2981 3247 3028 et
3273 2975 3528 3028 chartam
3557 2980 3748 3029 tecum
3766 3019 3779 3032 .

506 3061 656 3132 apud
672 3060 956 3115 Christum
987 3061 1229 3132 zequales
1247 3079 1460 3128 sumus,
1483 3068 1539 3116 et
1552 3063 1621 3117 ad
1652 3063 1886 3118 invicem
1911 3082 2102 3136 aequa-

507 3149 587 3204 les
617 3149 947 3204 efficiamur.
980 3149 1200 3204 Etenim
1230 3149 1487 3206 Christus
1542 3151 1779 3208 formam
1821 3153 1967 3208 servi
2017 3172 2102 3209 as-

505 3237 765 3310 sumpsit,
778 3237 982 3292 docens
1013 3255 1114 3294 nos
1137 3256 1248 3294 non
1269 3239 1559 3311 superbire
1575 3247 1771 3296 contra
1789 3259 1976 3296 servos
1995 3260 2098 3297 no-

504 3332 670 3382 stros.
701 3327 858 3382 Unus
887 3326 1038 3382 enim
1060 3335 1147 3382 est
1168 3329 1438 3383 Dominus
1459 3330 1731 3394 omnium,
1749 3331 1807 3385 in
1831 3332 1984 3385 cmlis
2005 3333 2102 3386 ha-

503 3415 708 3482 bitans,
741 3421 800 3470 et
823 3415 1062 3470 humilia
1090 3417 1390 3487 respiciens
1423 3437 1436 3472 :
1480 3435 1592 3472 non
1640 3418 1780 3473 dixit
1810 3420 2096 3485 sublimia,

505 3505 606 3558 sed
632 3503 870 3558 humilia
898 3507 1060 3571 (Psal.
1089 3509 1250 3574 cxn).
1280 3507 1563 3570 Quantum
1595 3507 1745 3562 enim
1777 3524 1979 3562 aurum
2009 3509 2102 3564 de-

505 3591 713 3658 dimus,
744 3596 810 3646 ut
836 3592 1268 3648 honorificatum
1297 3599 1356 3647 et
1383 3601 1634 3666 emptum
1663 3596 1950 3651 nobiscum
1973 3615 2102 3652 eum

507 3680 780 3751 sanguine
817 3681 1003 3735 divino
1033 3686 1090 3735 et
1108 3681 1418 3749 Dominico,
1453 3684 1613 3738 nobis
1637 3686 1892 3741 servituti
1922 3687 2102 3758 subji-

2185 3060 2326 3116 Cum
2346 3079 2475 3117 vero
2496 3062 2895 3134 pervenissent,
2909 3063 3041 3118 tulit
3060 3080 3189 3118 eum
3219 3069 3434 3117 secreto
3457 3063 3550 3117 ille
3565 3064 3781 3134 justus,

2184 3156 2241 3204 et
2267 3151 2435 3222 cmpit
2451 3151 2761 3206 deosculari
2783 3169 2932 3218 eum,
2957 3158 3014 3206 et
3045 3153 3256 3206 dicere:
3282 3153 3432 3206 Bene
3454 3152 3609 3206 venit
3633 3153 3786 3207 ﬁlius

2181 3238 2500 3293 consobrini
2522 3241 2652 3294 mei.
2676 3241 2886 3294 Ditavit
2905 3241 3080 3310 igitur
3105 3259 3253 3308 eum,
3279 3247 3339 3296 et
3367 3239 3526 3296 uxori
3546 3242 3787 3296 tradidit

2181 3327 2238 3382 in
2266 3329 2621 3396 Alexandria,
2656 3335 2714 3384 et
2739 3330 2967 3385 domum
2999 3335 3056 3386 et
3083 3331 3275 3386 omnia
3298 3331 3502 3402 quibus
3530 3349 3673 3404 opus
3687 3332 3787 3386 ha-

2182 3415 2304 3471 buit
2321 3418 2551 3472 donavit
2570 3419 2641 3485 ei,
2665 3419 3051 3474 demonstrare
3071 3421 3342 3475 festinans
3369 3421 3640 3491 quoniam
3669 3437 3784 3475 non

2182 3505 2532 3578 derelinquet
2569 3508 2841 3562 Dominus
2869 3515 3160 3580 sperantes
3200 3509 3260 3564 in
3299 3526 3359 3564 se
3412 3511 3648 3576 (Iudith,
3681 3515 3781 3577 v1).

2255 3596 2384 3649 CAP.
2421 3597 2668 3651 XXXIV.
2705 3625 2762 3637 -
2796 3598 3256 3668 Impraetermisse
3285 3604 3475 3653 autem
3525 3604 3584 3653 et
3611 3600 3782 3670 hujus

2184 3684 2433 3738 mandati
2453 3702 2643 3739 curam
2659 3685 2956 3740 habuithic
2971 3686 3334 3753 admirabilis,
3359 3688 3543 3757 legem
3565 3706 3782 3759 ponen-

505 3769 766 3825 ciamus?
803 3770 1040 3842 Propter
1083 3786 1212 3825 eum
1259 3771 1480 3838 ccelum,
1511 3780 1741 3846 prepter
1769 3792 1898 3830 eum
1927 3782 2098 3843 terra,
2183 3773 2256 3827 tis
2281 3791 2292 3826 :
2317 3774 2540 3828 Volenti
2562 3779 2930 3830 mutuareate
2952 3792 3022 3830 ne
3043 3781 3262 3830 avertas
3282 3777 3780 3847 aliquandoweut.

502 3863 732 3930 propter
759 3875 890 3913 eum
917 3859 1112 3924 stellae,
1145 3865 1380 3932 propter
1406 3878 1538 3917 eum
1578 3863 1680 3927 sol,
1712 3870 1942 3936 prOpter
1972 3881 2101 3920 eum
2185 3876 2278 3929 xv;
2315 3863 2438 3920 Luc.
2472 3869 2570 3931 Vl),
2615 3880 2726 3918 non
2755 3863 3044 3935 prohibuit
3070 3863 3314 3936 aliquem
3355 3865 3686 3935 hujusmodi
3713 3865 3782 3920 ab

505 3964 662 4002 mare
691 3952 750 4001 et
786 3964 908 4018 quae
926 3947 984 4002 in
1015 3965 1081 4002 eo
1123 3953 1272 4003 sunt.
1297 3950 1396 4004 Est
1424 3955 1612 4005 autem
1645 3969 1860 4019 verum,
1890 3953 2024 4023 quia
2047 3958 2106 4008 et
2187 3967 2251 4005 eo
2279 3952 2609 4022 suffragium
2630 3954 3026 4024 postulantem.
3049 3954 3208 4009 Unde
3227 3954 3330 4008 hoc
3349 3954 3531 4008 sciens
3550 3955 3783 4026 quidam

505 4031 693 4102 angeli
712 4031 764 4085 ei
784 4032 1362 4104 ministrant,propter
1379 4051 1510 4089 eum
1530 4037 1788 4092 Christus
1807 4039 1978 4109 pedes
1991 4056 2104 4093 ser-
2185 4041 2465 4111 malignus
2482 4047 2539 4095 et
2558 4041 2848 4113 impostor,
2866 4042 3029 4114 petiit
3047 4042 3118 4096 ab
3138 4060 3202 4097 eo
3221 4048 3286 4097 ut
3313 4042 3418 4096 sibi
3447 4048 3680 4098 mutuas
3689 4043 3783 4098 da-

507 4135 704 4174 vorum
728 4118 1142 4192 lavit,-propter
1169 4138 1298 4176 eum
1325 4123 1622 4178 cruciﬁxus
1669 4131 1772 4193 est,
1801 4133 1857 4181 et
1903 4133 2106 4182 caetera
2185 4135 2272 4183 net
2295 4129 2492 4199 viginti
2522 4129 2693 4184 libras
2725 4130 2868 4186 auri.
2895 4131 3030 4185 Erat
3057 4136 3247 4186 autem
3272 4131 3341 4186 de
3362 4130 3449 4185 his
3471 4131 3570 4203 qui
3591 4133 3782 4188 dicun-

508 4207 957 4315 ompia‘propter
983 4225 1112 4315 eum
1139 4227 1335 4280 passus
1362 4216 1467 4266 est.
1493 4213 1577 4267 Tu
1613 4219 1800 4269 autem
1845 4233 1976 4270 eum
2005 4217 2099 4288 qui
2119 4257 2164 4315 Β
2185 4219 2688 4288 turGallodromi(1
2701 4219 3160 4288 4).Contemnens
3175 4238 3308 4292 ergo
3319 4227 3574 4276 sanctum
3590 4239 3782 4293 quem-

507 4313 542 4350 a
572 4297 688 4351 Deo
705 4297 1352 4367 honoraturinhonoras,
1369 4307 1426 4355 et
1440 4301 1600 4372 quasi
1622 4319 1733 4363 non
1753 4304 1830 4358 sis
1850 4307 2100 4376 ejusdem
2120 4297 2163 4315 ’³
2185 4307 2486 4362 admodum
2511 4313 2568 4362 et
2594 4309 2732 4363 alios
2759 4309 2984 4376 multos,
3017 4308 3271 4365 dicebat:
3305 4309 3450 4374 Quia
3469 4309 3610 4364 nihil
3643 4312 3782 4366 mihi

508 4390 744 4454 naturae,
769 4403 880 4441 non
898 4403 1131 4458 parcens
1151 4387 1324 4443 feris?
1350 4389 1468 4456 Dic,
1493 4389 1740 4458 obsecro,
1767 4393 1952 4460 velles,
1970 4413 2104 4466 quo-
2184 4395 2356 4450 dedit.
2381 4397 2738 4462 Quaesierunt
2755 4397 2945 4470 itaque
2967 4399 3222 4454 Ecclesia;
3249 4404 3502 4470 pastores
3531 4405 3590 4454 et
3625 4402 3780 4457 ordi-

510 4473 618 4529 ties
641 4475 862 4546 culpam
893 4476 1166 4543 admittis,
1201 4483 1257 4532 et
1309 4495 1437 4532 mox
1487 4479 1745 4534 redderet
1774 4481 1874 4536 tibi
1909 4483 2102 4538 Deus?
2185 4490 2410 4540 natores
2438 4491 2503 4540 ut
2529 4487 2586 4540 in
2616 4504 2895 4542 carcerem
2924 4487 3072 4542 hunc
3099 4489 3405 4556 mitterent,
3439 4495 3497 4544 et
3525 4489 3778 4561 publica-

509 4563 901 4635 Nequaquam.
934 4565 1053 4631 Dic,
1091 4565 1370 4637 quomodo
1399 4584 1527 4622 oras
1561 4569 1829 4639 quotidie,
1863 4571 2053 4626 dicens
2088 4591 2103 4630 :
2188 4579 2315 4628 rent
2339 4575 2461 4645 ejus
2487 4575 2881 4631 substantiam.
2912 4577 2986 4631 At
3020 4575 3274 4632 imitator
3299 4577 3554 4645 dicentis,
3590 4579 3781 4636 Estote

507 4651 742 4707 Dimitte
769 4653 930 4708 nobis
949 4651 1139 4709 debita
1151 4661 1361 4723 nostra,
1384 4655 1529 4711 sicut
1557 4667 1615 4711 et
1641 4675 1742 4713 nos
1770 4659 2108 4716 dimittimus
2188 4662 2594 4730 misericordes,
2628 4665 2774 4720 sicut
2828 4670 2885 4720 et
2913 4665 3080 4721 Pater
3107 4671 3291 4721 vester
3336 4667 3658 4723 misericors
3697 4676 3778 4725 est

512 4739 858 4796 debitoribus
888 4744 1096 4798 nostris
1123 4745 1337 4810 (Matth.
1361 4747 1478 4814 v1)?
1509 4745 1608 4800 His
1632 4753 1690 4800 et
1716 4747 1804 4802 his
1831 4749 2105 4805 similibus
2191 4753 2362 4816 (Luca:
2381 4754 2470 4820 vi),
2491 4753 2586 4823 qui
2622 4771 2786 4808 suum
2807 4755 2982 4809 solem
3004 4755 3138 4810 oriri
3158 4754 3291 4810 facit
3319 4772 3490 4827 super
3519 4755 3698 4812 bonos
3727 4765 3779 4813 et

513 4827 793 4939 verbisde
821 4830 1134 4939 habitaqte.
1163 4830 1220 4931 in
1276 4851 1361 4934 se.
1385 4834 1653 4889 thesauro
1684 4853 1918 4892 monens
1955 4839 2104 4894 hunc
2186 4840 2382 4907 malos,
2415 4847 2473 4896 et
2491 4841 2636 4913 pluit
2653 4859 2822 4914 super
2839 4844 3023 4914 justos
3043 4851 3100 4898 et
3123 4845 3779 4939 injustosknequaquam

511 4914 776 5005 absolvit;
803 4923 856 4971 et
887 4919 994 4972 nisi
1023 4918 1310 4976 didicisset
1349 4921 1520 4976 istum
1561 4925 1941 4992 emendatum,
1968 4945 2106 4999 prae-
2185 4927 2296 4983 illis
2316 4931 2616 4997 consensit,
2641 4937 2706 4986 ut
2727 4949 2855 4987 eum
2873 4914 3210 5004 affligerent.
3240 4934 3341 4988 His
3360 4914 3776 5005 autemttu—rban

509 5003 748 5096 parabat
770 5012 826 5060 et
846 5006 1162 5096 instruebat
1174 5025 1392 5064 servum
1414 5011 1706 5078 afﬂictum,
1729 5018 1792 5068 ut
1812 5013 2000 5085 fugam
2018 5033 2105 5070 ar—
2186 5017 2336 5072 tibus
2357 5023 2553 5074 contra
2573 5037 2721 5086 eum,
2744 5027 2938 5092 utpote
2960 5003 3055 5093 qui
3075 5023 3407 5096 patriarchae
3428 5003 3703 5086 illuserat,
3722 5032 3778 5080 et

508 5092 738 5184 riperet,
763 5100 821 5149 et
844 5095 1220 5184 venditionem
1250 5105 1466 5168 peteret
1491 5119 1502 5168 ;
1529 5105 1586 5154 et
1604 5100 1752 5155 hunc
1773 5119 2104 5175 comparans
2185 5105 2498 5163 dicentibus
2528 5109 2599 5163 ad
2629 5092 3154 5167 eumdemsanctum
3175 5131 3186 5166 :
3205 5113 3331 5168 Non
3336 5114 3558 5184 justum
3574 5115 3777 5180 est,do—

503 5181 713 5272 justus,
747 5183 938 5237 statim
961 5182 1200 5238 liberum
1229 5185 1531 5242 statuebat.
2187 5195 2356 5261 mine,
2383 5201 2447 5250 ut
2477 5197 2626 5268 quod
2653 5215 2929 5270 pauperes
2955 5200 3289 5272 acciperent,
3321 5181 3430 5272 {hic
3457 5202 3777 5258 luxuriosus

577 5271 710 5327 ΟΑΡ.
732 5273 1057 5329 XXXIII.—
1077 5271 1326 5329 Audiens
1348 5273 1650 5347 aliquando
1665 5279 1957 5350 cujusdam
1987 5282 2102 5335 ele-
2185 5284 2442 5355 accipiat,
2476 5287 2766 5358 respondit
2795 5294 3022 5344 econtra
3050 5271 3142 5344 ille
3170 5295 3260 5345 ter
3286 5271 3505 5358 beatus,
3547 5292 3737 5347 dicens
3762 5311 3774 5346 :

507 5363 916 5454 emosynatoris
937 5381 1175 5454 puerum
1195 5365 1509 5454 orphanum
1537 5367 1886 5434 derelictum,
1905 5386 2102 5441 paren-
2184 5372 2426 5440 Credite,
2459 5375 2680 5442 fratres,
2716 5377 2848 5448 quia
2867 5378 2915 5432 si
2945 5384 3104 5434 extra
3129 5380 3476 5435 voluntatem
3505 5383 3774 5454 accipere-

504 5446 658 5504 tibus
685 5451 803 5507 suis
829 5453 1219 5522 morientibus,
1241 5453 1376 5510 etin
1405 5455 1586 5511 multa
1611 5464 1943 5528 paupertate
1965 5477 2099 5514 con-
2181 5460 2256 5516 tis
2283 5463 2498 5533 aliquid
2513 5464 2583 5520 ab
2604 5483 2688 5533 eo,
2710 5446 2822 5522 duo
2849 5467 3115 5524 mandata
3133 5446 3691 5541 transgrederemini,
3721 5477 3776 5526 et
