3912 6392
130 494 236 553 369

1033 497 1203 552 VITA
1242 494 1498 550 SANCTI
1536 492 1842 569 JOANNIS
1876 489 2482 551 ELEEMOSYNARII.

3300 499 3404 558 370

126 638 309 677 unum
363 622 742 714 adimplebitis
797 624 1021 694 quando
1050 628 1108 677 et
1145 622 1216 676 ad
1268 636 1543 694 pauperes
1590 620 1785 678 damA
1804 650 1952 705 rum,
1970 636 2299 708 dicebatque
2319 655 2378 690 se
2398 638 2789 696 demonstrans
2808 644 2969 714 quasi
2999 644 3237 699 iratum:
3260 645 3406 700 Vere

137 716 320 778 l9!
352 712 524 769 fuerit
550 715 1250 786 hujuscemodiquantitas.
1266 717 1455 771 Unum
1477 715 1724 786 quidem,

128 802 268 872 quia
296 802 639 874 apparebitis
668 804 1025 876 impatientes
1054 807 1201 860 circa
1216 806 1504 873 damnum,
1530 811 1587 860 et
1606 806 1727 859 effi-

126 891 357 946 ciemini
384 893 510 947 aliis
535 892 716 948 forma
730 895 911 963 mala;
941 896 1182 951 alterum
1214 902 1427 961 autem,
1464 895 1728 967 quoniam

126 997 247 1035 non
278 981 601 1037 obedientes
626 983 783 1037 eritis
824 984 1064 1039 Domino
1091 986 1226 1053 Deo,
1257 986 1465 1040 dicenti
1490 1004 1501 1038 :
1536 984 1621 1040 Ab
1665 1000 1731 1039 eo

128 1070 231 1141 qui
261 1069 558 1127 abstulerit
582 1078 685 1127 tua
708 1090 779 1127 ne
807 1080 1029 1145 repetas
1051 1075 1196 1142 (Luc.
1219 1075 1559 1147 v1).Expedit
1575 1091 1725 1145 ergo,

129 1177 164 1214 o
194 1160 319 1226 ﬁlii,
343 1167 410 1215 ut
437 1161 748 1216 efﬁciamur
777 1163 1035 1219 omnibus
1077 1166 1394 1236 exemplum
1424 1166 1729 1237 patientiae.

130 1249 361 1304 Etenim
386 1252 687 1322 Apostolus
705 1252 843 1308 dicit
868 1272 879 1307 :
905 1254 1090 1319 Quare
1113 1271 1224 1308 non
1253 1255 1432 1325 magis
1462 1255 1731 1325 injuriam

128 1336 426 1391 sustinetis
446 1338 654 1409 ?quare
665 1355 777 1392 non
796 1342 976 1409 magis
992 1339 1247 1395 fraudem
1260 1340 1518 1412 patimini
1543 1341 1588 1408 (Ι
1607 1342 1728 1397 Cor.

130 1431 206 1495 vi)
232 1427 257 1480 ?
288 1428 359 1481 Et
389 1427 593 1482 bonum
630 1433 717 1482 est
742 1429 968 1498 quidem
1002 1430 1291 1498 veraciter,
1320 1430 1542 1496 fratres,
1577 1432 1732 1486 omni

130 1517 352 1588 petenti
383 1517 537 1583 dare,
555 1518 821 1572 excelsius
841 1524 1032 1574 autem
1057 1525 1115 1573 et
1131 1519 1514 1575 honorabilius
1539 1526 1596 1574 et
1618 1538 1732 1575 non

128 1606 351 1678 petenti
374 1625 387 1670 ;
408 1606 459 1660 ei
479 1613 669 1661 autem
686 1607 976 1679 quiaufert
994 1609 1387 1664 vestimentum
1407 1609 1526 1663 sine
1546 1610 1737 1664 volun-

1809 741 1921 779 non
1950 725 2249 781 obaudiam
2274 728 2447 795 vobis,
2479 729 2558 784 ite
2588 747 2620 784 a
2650 748 2758 785 me.
2793 733 2958 787 Modo
2983 734 3123 787 nihil
3145 734 3295 788 aliud
3318 735 3404 789 fa-

1809 813 1974 881 ciam,
2007 821 2072 870 ut
2098 832 2193 870 vos
2224 833 2338 871 non
2363 819 2833 888 scandalizemini,
2856 823 2963 876 nisi
2993 822 3260 895 accipiam
3278 841 3406 889 mu-

1810 904 2025 972 lierem,
2059 912 2338 977 quatenus
2372 924 2567 962 curam
2605 910 2841 966 habeam
2868 912 3085 980 domus,
3120 918 3177 968 et
3198 913 3406 968 faciam

1812 994 1990 1048 malos
2019 995 2156 1050 dies.
2186 996 2294 1061 Qui
2332 998 2450 1053 vult
2477 1000 2861 1067 scandalizari,
2894 1002 3320 1069 scandalizetur,
3351 1008 3409 1056 et

1814 1082 1910 1136 det
1924 1083 2169 1138 frontem
2190 1084 2248 1138 in
2272 1086 2569 1156 parietem.
2619 1089 2765 1153 Quid
2794 1091 2960 1145 vultis
2994 1108 3059 1145 ex
3088 1092 3218 1145 me?
3247 1092 3410 1146 Nun-

1815 1171 1949 1242 quid
1973 1173 2188 1243 judices
2216 1176 2504 1231 constituti
2516 1178 2649 1232 estis
2665 1196 2836 1249 super
2865 1196 2954 1233 me
2980 1197 3014 1233 a
3034 1180 3308 1246 Deo’IIte,
3338 1180 3408 1234 de

1814 1259 1969 1315 vobis
1998 1278 2193 1316 curam
2222 1262 2503 1331 habetote,
2529 1283 2625 1320 vos
2642 1284 2754 1338 .pro
2775 1284 2865 1321 me
2879 1268 2996 1321 Deo
3023 1284 3137 1323 non
3166 1268 3412 1323 reddetis

1812 1350 2107 1406 rationem.
2135 1353 2290 1407 Unus
2315 1358 2401 1407 est
2421 1354 2613 1424 judex,
2645 1361 2704 1410 et
2729 1362 2924 1411 sancta
2941 1357 3061 1411 dies
3082 1357 3299 1428 judicii,
3318 1358 3415 1429 qui

1814 1440 2051 1510 singulis
2075 1442 2275 1496 reddet
2300 1444 2617 1499 secundum
2639 1461 2810 1516 opera
2838 1462 3053 1500 eorum.
3073 1446 3306 1501 Dicebat
3322 1463 3417 1502 au-

1816 1532 1933 1584 tem
1978 1529 2095 1583 haec
2136 1530 2404 1586 clamans.
2438 1532 2679 1597 Quidam
2712 1550 2845 1605 ergo
2888 1535 3131 1590 ecclesiae
3159 1536 3416 1590 defenso-

1818 1634 1964 1681 rum,
1998 1618 2117 1672 haec
2143 1620 2431 1675 multoties
2456 1622 2748 1676 audientes
2777 1623 2848 1677 ab
2868 1641 2953 1690 eo,
2970 1624 3288 1679 referebant
3314 1642 3416 1697 pa-

131 1701 251 1757 tate
274 1712 311 1749 a
338 1695 499 1750 nobis
529 1696 665 1750 dare
685 1701 742 1751 et
767 1698 1038 1763 tunicam,
1069 1699 1335 1768 angelicae
1367 1715 1491 1752 vere
1521 1704 1736 1754 naturae
1820 1706 2079 1762 triarchze
2098 1709 2247 1778 quod
2278 1708 2465 1765 ﬁebat.
2500 1711 2650 1765 Deus
2686 1728 2818 1766 vero
2856 1713 3036 1767 sciens
3064 1714 3213 1785 quod
3244 1695 3421 1768 nollet

132 1784 402 1849 imitatio,
434 1785 550 1839 imo
570 1785 767 1840 divinae
796 1792 900 1842 est.
933 1788 1011 1841 Ex
1035 1788 1123 1841 his
1145 1788 1293 1842 enim
1316 1806 1439 1859 qua).
1468 1788 1740 1842 habemus
1822 1795 1917 1849 ille
1948 1803 2175 1851 sanctus
2195 1798 2477 1852 offendere
2507 1798 2767 1855 abbatem
2806 1801 3098 1868 Vitalium,
3132 1802 3416 1858 induravit

133 1874 413 1929 Dominus
430 1876 695 1946 praecepit
722 1875 1049 1931 benefacere
1069 1878 1319 1948 proximo
1348 1897 1359 1932 :
1391 1880 1628 1945 Bonum,
1652 1878 1739 1932 in-
1822 1902 1918 1939 cor
1954 1887 2095 1955 ejus,
2128 1903 2198 1941 ne
2234 1889 2489 1943 crederet
2514 1890 2613 1943 eis.
2657 1890 3080 1946 Recordabatur
3108 1892 3257 1947 enim
3287 1899 3420 1947 ante

134 1964 281 2033 quit,
318 1964 485 2018 facies
523 1964 684 2019 fratri
735 1971 853 2032 tuo,
897 1968 1060 2036 juxta
1088 1968 1235 2038 quod
1264 1969 1512 2039 possidet
1538 1985 1740 2023 manus
1761 1986 1807 2044 Β
1827 1976 2124 2029 memorati
2150 1978 2395 2032 eunuchi
2419 1997 2431 2046 ;
2467 1979 2563 2033 sed
2591 1979 2903 2050 increpavit
2930 1982 3293 2036 vehementer
3320 1998 3416 2036 eos

135 2059 258 2120 tua,
283 2070 400 2109 non
429 2072 495 2109 ex
524 2056 614 2109 his
645 2073 767 2127 quae
784 2072 850 2110 ex
872 2057 973 2111 lite
1000 2062 1058 2111 et
1083 2058 1439 2112 contentione
1469 2063 1526 2113 et
1553 2058 1623 2114 ab
1649 2060 1740 2113 in-
1825 2065 1921 2135 qui
1942 2066 2417 2121 contraVitalium
2431 2067 2693 2122 abbatem
2716 2071 3127 2124 accusationem
3144 2071 3194 2124 ei
3218 2072 3421 2125 affere-

127 2145 346 2214 juriam
375 2162 541 2216 passo
570 2146 922 2201 auferuntur.
1442 2145 1454 2158 “
1824 2152 1981 2221 bant,
2009 2155 2201 2209 dicens
2219 2156 2291 2209 ad
2320 2173 2415 2211 eos
2438 2175 2449 2209 :
2484 2157 2765 2221 Qmescite
2801 2175 3064 2213 accusare
3090 2161 3420 2215 monachos.

207 2236 346 2304 CAP,
374 2235 595 2290 XXXV.
645 2265 711 2276 -—
770 2236 950 2290 Senex
990 2236 1218 2307 quidam
1264 2254 1522 2309 magnus,
1579 2238 1741 2309 quasi

136 2341 421 2379 annorum
450 2324 758 2396 sexaginta,
792 2326 1027 2380 audiens
1056 2327 1198 2381 tales
1226 2343 1317 2382 res
1365 2327 1533 2395 beati,
1567 2328 1744 2382 voluit

135 2419 360 2468 tentare
382 2430 530 2481 eum,
555 2415 602 2469 si
633 2421 822 2486 posset
849 2415 1033 2470 verbis
1063 2417 1307 2483 suaderi,
1326 2422 1384 2470 et
1402 2417 1473 2471 ad
1502 2417 1739 2471 scanda-

135 2504 257 2558 lum
287 2503 453 2558 facile
482 2504 758 2571 inclinari,
791 2511 849 2560 et
880 2511 944 2559 ut
972 2506 1225 2576 contigit,
1258 2506 1305 2561 si
1340 2506 1742 2561 condemnaret

134 2592 406 2663 aliquem.
450 2593 521 2647 Et
546 2593 807 2648 habitans
836 2595 992 2666 prius
1038 2596 1097 2649 in
1144 2596 1487 2650 monasterio
1518 2595 1738 2650 abbatis

137 2681 430 2737 Seridonis
453 2680 585 2751 (75),
608 2683 743 2738 exiit
770 2690 827 2738 et
846 2684 998 2739 venit
1016 2685 1446 2753 Alexandriam;
1480 2691 1538 2740 et
1563 2686 1739 2740 sumit

134 2772 620 2827 conversationem
639 2764 958 2828 hominibus
973 2774 1198 2845 quidem
1211 2775 1729 2845 reprehensibilem,

130 2862 231 2916 sed
262 2862 380 2916 Deo
398 2868 641 2932 gratam,
675 2863 772 2934 qui
803 2864 902 2918 dat
923 2864 1004 2930 (ut
1037 2864 1119 2918 ait
1146 2862 1339 2935 David)
1378 2865 1612 2935 singulis
1641 2883 1731 2919 se-

1824 2244 1913 2297 An
1943 2244 2171 2299 nescitis
2203 2246 2353 2316 quod
2379 2246 2522 2300 circa
2549 2253 2755 2302 sanctae
2792 2248 3076 2303 memoriae
3105 2249 3423 2304 Constanti-

1826 2348 1963 2386 num
1985 2331 2095 2402 (77)
2119 2335 2521 2405 imperatorem
2540 2341 2728 2390 actum
2756 2336 2946 2403 fuisse,
2979 2338 3420 2410 conscriptiones

1823 2438 1946 2491 quae
1975 2421 2045 2476 de
2076 2440 2142 2477 eo
2170 2424 2439 2493 leguntur
2460 2425 2825 2480 contineant?
2849 2427 3149 2494 Quoniam,
3174 2428 3274 2495 ait,
3298 2429 3420 2499 qui-

1821 2510 1952 2564 dam
1980 2528 2092 2566 non
2122 2513 2385 2567 timentes
2414 2514 2614 2581 Deum,
2633 2531 2761 2569 cum
2781 2515 3160 2570 celebraretur
3175 2518 3423 2571 secunda

1821 2599 2081 2671 Synodus
2111 2602 2170 2655 in
2198 2603 2386 2657 Nicaea
2408 2601 2547 2675 (78),
2578 2610 2869 2675 coeperunt
2885 2611 3081 2659 contra
3109 2623 3169 2660 se
3199 2607 3333 2661 dare
3362 2607 3422 2661 in

1820 2691 2044 2762 scriptis
2073 2691 2249 2746 famas
2278 2698 2471 2764 turpes
2503 2692 2666 2748 beato
2695 2694 2773 2748 illi
2805 2695 3155 2766 impeiatori,
3189 2696 3421 2767 quidam

1820 2780 2007 2835 clerici
2035 2782 2259 2852 quidem
2283 2783 2843 2855 existentes,quidam
2873 2784 3155 2849 monachi,
3178 2790 3235 2839 et
3262 2785 3331 2838 ad
3343 2785 3422 2839 fa-

1816 2870 1957 2923 ciem
1973 2870 2256 2925 adducens
2269 2878 2497 2926 sanctus
2506 2872 2608 2926 Dei
2622 2873 3023 2927 Constantinus
3034 2879 3420 2930 accusatorem

127 2952 381 3005 cundum
428 2968 525 3005 cor
551 2969 744 3007 eorum
787 2955 952 3021 (Psal.
986 2956 1123 3021 χΙχ).
1166 2954 1493 3024 Ingrediens
1539 2955 1730 3027 itaque
1815 2963 2231 3027 etaccusatum,
2264 2969 2570 3032 utrumque
2599 2962 2830 3018 audivit.
2860 2962 2931 3016 Et
2956 2980 3085 3017 cum
3112 2963 3421 3020 invenisset

124 3041 635 3108 civitatem,scribit
667 3059 864 3096 omnes
885 3060 1008 3113 qua:
1029 3048 1175 3098 notae
1204 3048 1367 3097 erant
1386 3044 1727 3111 meretrices,
1814 3049 2022 3102 multas
2050 3050 2250 3103 talium
2297 3050 2756 3105 criminationum
2802 3068 2961 3106 veras
3009 3069 3149 3118 esse,
3180 3053 3419 3107 efferens

122 3136 183 3183 et
196 3131 369 3202 coepit
395 3130 654 3185 laborare
674 3132 959 3202 opuscula,
991 3136 1049 3186 et
1076 3132 1327 3204 accipere
1356 3147 1457 3204 per
1480 3133 1732 3203 singulos
1818 3137 2111 3192 ardentem
2137 3155 2384 3201 cereum,
2411 3140 2660 3194 incendit
2675 3157 2869 3194 omnes
2887 3148 3009 3211 quae
3034 3141 3178 3195 datae
3207 3142 3417 3196 suntin

120 3222 246 3276 dies
274 3222 537 3293 siliquam
567 3224 908 3277 unam.Cum
930 3239 1064 3294 ergo
1094 3223 1449 3278 occumberet
1462 3224 1734 3290 sol,man-
1755 3287 1793 3301 ﬂ
1817 3227 2041 3297 scriptis
2085 3228 2264 3281 malas
2302 3228 2613 3299 opiniones,
2646 3228 2835 3283 dicens
2869 3247 2881 3281 :
2917 3230 3062 3283 Vere
3101 3229 3148 3282 si
3173 3230 3416 3301 prapriis

123 3310 375 3365 ducabat
402 3311 568 3365 unius
598 3312 727 3366 aerei
758 3312 978 3383 lupinos
997 3312 1125 3381 (76),
1144 3319 1199 3367 et
1215 3313 1461 3367 intrabat
1480 3313 1551 3367 ad
1563 3330 1735 3368 unam
1752 3287 1795 3347 δ
1822 3316 1998 3370 oculis
2020 3316 2287 3370 vidissem
2318 3317 2664 3371 sacerdotem
2694 3318 2815 3383 Dei,
2840 3318 2924 3371 vel
2953 3318 3198 3389 aliquem
3218 3334 3415 3373 eorum

125 3400 517 3465 meretricum,
535 3406 591 3455 et
620 3401 790 3456 dabat
808 3402 859 3455 ei
886 3418 1059 3456 aereos
1081 3419 1361 3469 nummos,
1396 3409 1453 3458 et
1484 3403 1730 3458 dicebat:
1818 3404 1914 3474 qui
1942 3405 2266 3459 monachico
2280 3405 2890 3460 liabitncircumamicti
2907 3412 3411 3478 sunt,peccantem,

122 3490 291 3544 Dona
319 3491 458 3544 mihi
479 3496 699 3546 noctem
725 3492 912 3558 istam,
940 3497 997 3546 et
1024 3492 1139 3546 noli
1159 3491 1441 3547 fornicari.
1458 3494 1527 3548 Et
1547 3510 1735 3573 mane-
1815 3495 2169 3566 chlamydem
2190 3511 2375 3549 meam
2387 3495 2808 3567 explicarem,et
2821 3496 3166 3567 cooperirem
3186 3513 3415 3563 eum,ne

123 3581 222 3634 bat
249 3582 415 3650 juxta
455 3597 578 3634 eam
607 3588 769 3636 nocte
798 3582 913 3649 illa,
930 3581 1229 3637 observans
1259 3599 1382 3637 eam
1404 3601 1475 3637 ne
1499 3585 1731 3639 fornica-
1814 3584 1884 3639 ab
1914 3585 2104 3655 aliquo
2126 3584 2580 3639 videretur.Nam
2603 3586 2737 3639 etin
2768 3601 2989 3639 servum
3017 3585 3119 3640 Dei
3143 3585 3415 3653 illum,vi—

124 3675 308 3724 retur.
344 3670 544 3724 Stabat
570 3687 703 3741 ergo
724 3688 759 3724 a
786 3688 1017 3743 vespere
1050 3672 1108 3726 in
1137 3689 1251 3726 uno
1280 3674 1484 3743 angulo
1517 3674 1730 3729 cellulae
1812 3674 2014 3728 delicet
2041 3674 2382 3741 eunuchum,
2413 3674 2494 3727 ita
2515 3674 2774 3745 putastis,
2792 3680 2849 3728 et
2872 3674 3108 3729 misistis
3138 3691 3227 3728 me
3256 3681 3414 3730 extra

124 3759 225 3813 ubi
247 3759 565 3814 dormiebat
589 3761 811 3828 mulier,
849 3762 1093 3832 psallens
1123 3767 1180 3816 et
1208 3779 1376 3816 orans
1414 3780 1515 3834 pro
1549 3780 1635 3829 ea,
1673 3768 1731 3818 et
1810 3763 1976 3827 viam,
2001 3767 2059 3816 et
2084 3761 2187 3815 feci
2217 3761 2420 3816 animae
2450 3778 2585 3816 meae
2607 3769 2897 3833 peccatum
2928 3780 3224 3833 magnum.
3258 3766 3407 3819 Con-

122 3849 361 3903 mittens
389 3850 806 3919 genuﬂexiones
829 3868 1009 3922 usque
1029 3852 1099 3904 ad
1120 3868 1411 3920 auroram;
1438 3857 1497 3906 et
1513 3853 1722 3919 exiens,

121 3938 440 4010 accipiebat
449 3939 680 3995 verbum
697 3939 766 3994 ab
784 3941 878 3994 illa
896 3941 1044 4012 quod
1065 3941 1204 3996 nulli
1218 3942 1431 3996 diceret
1449 3943 1725 3998 actionem

121 4030 270 4098 ejus.
301 4029 389 4083 Ita
419 4028 623 4098 agebat
651 4046 890 4101 semper,
925 4047 1214 4102 quousque
1238 4048 1351 4086 una
1378 4048 1573 4086 earum
1604 4049 1726 4087 ma-

121 4118 414 4172 nifestavit
429 4118 599 4172 vitam
629 4120 769 4189 ejus,
789 4119 936 4190 quod
963 4136 1096 4185 non,
1127 4125 1193 4175 ut
1221 4120 1611 4188 fornicaretur,
1637 4122 1725 4176 in-

122 4213 309 4262 traret
331 4208 403 4262 ad
427 4224 539 4274 eas,
557 4209 654 4261 sed
679 4214 744 4262 ut
763 4210 1022 4264 salvaret.
1043 4210 1241 4264 Oravit
1269 4227 1456 4272 senex,
1486 4216 1542 4264 et
1561 4212 1727 4282 coepit

123 4297 332 4352 mulier
358 4297 696 4367 azdaamonio
721 4299 925 4366 vexari,
946 4306 1011 4353 ut
1029 4316 1129 4371 per
1149 4299 1303 4353 illam
1324 4306 1539 4355 czeterae
1555 4301 1725 4355 time-

119 4392 271 4453 rent,
306 4390 365 4440 et
394 4403 504 4441 non
543 4388 969 4442 manifestarent
993 4405 1121 4443 eum
1141 4389 1293 4443 omni
1319 4396 1571 4461 tempore
1600 4391 1725 4445 vitae

122 4478 267 4546 ejus.
292 4475 566 4530 Dicebant
584 4493 717 4546 ergo
737 4478 963 4548 quidam
980 4479 1033 4533 ei
1060 4496 1183 4549 quae
1202 4496 1237 4533 a
1259 4479 1534 4533 daemonio
1560 4496 1723 4533 vexa-

122 4564 323 4619 batur:
355 4565 497 4629 Quid
532 4568 655 4620 est?
692 4568 957 4622 Reddidit
974 4567 1075 4622 tibi
1098 4569 1247 4623 Deus
1271 4568 1538 4639 quoniam
1572 4586 1725 4624 men-

124 4656 229 4710 tita
257 4672 342 4709 es.
372 4656 447 4710 Ut
473 4656 779 4711 fornicetur
798 4656 948 4711 enim
968 4656 1283 4728 ingreditur
1302 4658 1579 4729 pessimus
1596 4658 1721 4725 iste,

124 4754 181 4801 et
210 4764 327 4801 non
360 4752 446 4801 est
480 4747 633 4801 aliud
663 4747 895 4818 aliquid.
914 4748 1040 4801 Jam
1082 4747 1231 4801 enim
1255 4753 1312 4801 et
1330 4754 1557 4802 sanctus
1569 4747 1727 4801 Vita-

123 4838 233 4892 lius
284 4837 413 4906 (hoc
449 4838 655 4909 quippe
684 4853 890 4891 nomen
932 4842 1056 4891 erat
1098 4838 1172 4902 ei)
1216 4838 1403 4891 volens
1432 4836 1724 4891 hominum

120 4927 366 4998 gloriam
397 4926 608 4997 fugere,
645 4933 701 4981 et
726 4927 945 4982 animas
965 4926 1257 4981 atenebris
1274 4944 1551 4992 revocare,
1584 4926 1730 4980 dice-

123 5019 219 5072 bat
248 5016 613 5073 audientibus
642 5018 874 5085 cunctis,
904 5035 1033 5073 cum
1062 5017 1346 5072 laboraret
1365 5017 1423 5071 in
1453 5033 1640 5087 opere,
1669 5022 1727 5070 et

117 5108 362 5161 solveret
392 5107 608 5177 vesperi
632 5126 644 5162 :
680 5108 886 5161 Eamus
906 5107 1091 5173 modo,
1115 5106 1344 5161 domina
1378 5106 1506 5159 talis
1535 5122 1725 5176 exspe-

115 5204 231 5250 ctat
259 5213 385 5251 nos.
418 5196 524 5251 Ubi
545 5213 678 5267 ergo
699 5202 822 5251 erat
849 5197 985 5251 ordo
1014 5196 1225 5266 ipsius?
1250 5195 1441 5251 Multis
1471 5212 1604 5265 ergo
1620 5195 1723 5248 eri-

1810 3851 2051 3906 fundens
2080 3867 2214 3920 ergo
2258 3867 2352 3904 eos
2383 3851 2647 3918 multum,
2694 3850 2948 3905 absolvit.
2983 3852 3189 3907 Servus
3217 3859 3408 3907 autem

1809 3941 1911 3995 Dei
1928 3940 2167 3994 Vitalius
2197 3956 2232 3993 a
2251 3940 2479 4011 propria
2500 3939 2824 4012 Operatione
2845 3956 2958 3995 non
2990 3940 3263 3996 cessabat.
3296 3942 3409 3996 De-

1810 4028 2145 4101 precabatur
2181 4016 2313 4100 ergo
2351 4035 2416 4083 ut
2453 4028 2787 4100 quibusdam
2834 4035 2963 4101 post
3002 4036 3243 4085 mortem
3290 4031 3409 4102 ejus

1819 4127 1856 4186 ι
1870 4124 1997 4184 98
2018 4118 2076 4173 in
2097 4120 2308 4173 somnis
2338 4118 2726 4173 manifestaret
2744 4119 2910 4185 Deus,
2936 4126 3002 4174 ut
3026 4136 3139 4174 non
3168 4121 3242 4174 im
3249 4128 3409 4193 puta-

1808 4215 1967 4263 retur
1995 4209 2054 4262 in
2077 4214 2366 4280 peccatum
2386 4208 2473 4262 his
2494 4208 2590 4279 qui
2619 4208 3143 4264 scandalizabantur
3163 4210 3222 4264 in
3252 4227 3404 4278 eum,

1808 4314 1874 4352 eo
1905 4298 2052 4369 quod
2084 4315 2203 4352 rem
2248 4315 2416 4369 quam
2464 4297 2667 4368 agebat
2703 4297 2955 4353 dicerent
2982 4299 3245 4353 scandala
3287 4317 3409 4355 esse

1808 4388 2052 4458 plenam,
2103 4394 2161 4442 et
2201 4404 2311 4442 non
2341 4386 2573 4441 haberet
2599 4387 2766 4441 homo
2798 4388 3009 4458 peccati
3032 4388 3310 4459 judicium
3338 4407 3409 4445 ex

1808 4492 1894 4542 ea,
1920 4477 2193 4548 quidquid
2225 4478 2444 4531 locutus
2494 4475 2709 4530 fuisset.
2752 4477 2958 4530 Multas
2986 4476 3160 4546 igitur
3189 4477 3259 4531 de
3284 4479 3410 4533 tali-

1807 4565 1911 4621 bus
1941 4565 2272 4620 mulieribus
2299 4565 2356 4619 in
2385 4565 2869 4636 compunctionem
2900 4564 3121 4619 induxit
3148 4565 3264 4620 haec
3280 4584 3409 4637 ope-

1811 4655 1955 4709 ratio
1992 4657 2133 4725 ejus,
2172 4661 2229 4709 et
2259 4655 2500 4708 maxime
2532 4653 2755 4724 quando
2783 4651 3046 4707 videbant
3073 4670 3202 4709 eum
3241 4662 3405 4711 nocte

1811 4744 2205 4798 extendentem
2230 4759 2429 4798 manus
2458 4748 2513 4797 et
2534 4747 2790 4796 orantem
2818 4758 2921 4812 pro
2943 4758 3280 4816 unaquaque
3315 4762 3407 4800 ea-

1811 4850 1938 4888 rum
1970 4850 1982 4886 :
2014 4839 2242 4904 propter
2270 4832 2419 4903 quod
2450 4831 2705 4903 quaedam
2751 4847 2947 4885 earum
2977 4848 3012 4885 a
3038 4832 3406 4891 fornicatione

1811 4923 2138 4989 cessabant;
2173 4922 2425 4994 quaedam
2474 4937 2602 4974 vero
2635 4920 2983 4992 accipiebant
3023 4923 3190 4990 viros,
3225 4931 3281 4979 et
3308 4944 3409 4997 pu-

1810 5013 1930 5067 dice
1952 5006 2426 5066 conversabantur
2450 5030 2462 5077 ;
2496 5010 2751 5081 quaedam
2767 5027 2897 5065 vero
2928 5017 2985 5064 et
3012 5011 3196 5067 modis
3225 5017 3404 5069 omni-

1807 5101 1911 5156 bus
1931 5101 2202 5156 mundum
2233 5101 2634 5171 relinquentes,
2665 5100 3006 5170 singularem
3032 5101 3203 5156 vitam
3237 5104 3407 5157 duce-

1804 5190 1958 5245 bant.
1991 5192 2197 5261 Nullus
2232 5196 2423 5244 tamen
2452 5189 2613 5243 scivit
2646 5205 2824 5260 usque
2853 5189 2924 5243 ad
2969 5191 3093 5260 ejus
3122 5191 3410 5247 dormitio-

117 5285 468 5340 minantibus
497 5291 555 5339 et
573 5284 935 5340 illudentibus
956 5284 1027 5350 ei,
1044 5283 1265 5337 dicebat
1290 5301 1300 5335 :
1332 5283 1588 5355 nunquid
1616 5300 1719 5353 ego
1802 5298 1933 5335 nem
1960 5281 2107 5352 quod
2130 5280 2306 5352 ipsius
2333 5278 2717 5334 admonitione
2742 5284 2800 5332 et
2828 5279 3081 5333 oratione
3108 5279 3402 5351 impudicae

122 5392 228 5430 non
258 5374 439 5428 vestio
468 5390 669 5444 corpus
698 5382 762 5429 ut
803 5374 1046 5429 omnes?
1084 5376 1197 5429 Aut
1248 5373 1538 5428 monachis
1586 5373 1719 5426 solis
1804 5370 2145 5425 muliercula:
2174 5387 2208 5423 a
2235 5369 2601 5423 fornicatione
2621 5372 2922 5423 cessarent.

120 5468 300 5521 iratus
327 5470 417 5519 est
434 5466 584 5519 Deus
604 5465 782 5518 ?Vere
798 5470 856 5518 et
872 5464 978 5536 ipsi
995 5465 1250 5519 homines
1270 5469 1403 5518 sunt
1425 5470 1489 5517 ut
1504 5480 1717 5517 omnes.
1878 5460 2037 5515 Unde
2061 5460 2303 5531 quodam
2331 5459 2421 5512 die
2446 5462 2683 5511 exeunte
2700 5472 2766 5510 eo
2795 5472 2829 5510 a
2860 5455 3041 5526 prima
3058 5455 3255 5510 talium
3274 5473 3402 5511 mu-

122 5556 356 5611 Dicebat
374 5556 566 5625 itaque
594 5554 645 5608 ei
666 5554 928 5625 quidam:
959 5554 1163 5625 Accipe
1189 5553 1293 5607 tibi
1321 5569 1493 5607 unam
1522 5553 1723 5607 mulie-
1804 5549 2008 5603 lierum
2028 5549 2293 5615 diluculo,
2318 5547 2505 5603 obviat
2522 5546 2571 5600 ei
2599 5545 2829 5617 quidam
2858 5545 3026 5598 homo
3054 5545 3401 5613 immundus,

125 5665 261 5714 rem,
287 5644 453 5705 abba,
474 5650 532 5697 et
549 5649 708 5698 muta
735 5644 1135 5698 vestimentum
1153 5649 1338 5710 tuum,
1360 5648 1425 5697 ut
1442 5659 1553 5696 non
1572 5641 1722 5695 blas-
1804 5639 2024 5693 intrans
2076 5639 2147 5692 ad
2199 5637 2585 5692 fornicandum
2616 5651 2744 5689 cum
2793 5651 2887 5702 ea;
2921 5640 2980 5687 et
3020 5651 3145 5689 cum
3175 5635 3407 5691 vidisset

126 5738 427 5807 phemetur
466 5734 617 5788 Deus
663 5750 764 5804 per
801 5739 876 5800 te,
910 5739 967 5787 et
1021 5732 1253 5787 habebis
1285 5732 1561 5802 judicium
1600 5748 1723 5802 quae
1811 5735 2069 5782 sanctum
2098 5728 2367 5781 Vitalium
2396 5743 2461 5780 ex
2488 5742 2553 5779 ea
2590 5723 2991 5794 egredientem,
3023 5724 3179 5779 dedit
3208 5725 3258 5779 ei
3287 5726 3407 5781 ala-

126 5825 612 5883 scandalizaantur
629 5822 1148 5880 animarum.Atille
1162 5820 1733 5903 respondebateisite-
1814 5835 1945 5892 pam
1975 5819 2034 5872 in
2060 5817 2282 5884 faciem,
2313 5817 2502 5870 dicens
2530 5815 2601 5869 ad
2629 5831 2759 5870 eum
2786 5835 2802 5870 :
2840 5813 3161 5886 Usquequo,
3193 5816 3403 5887 pessim
