3912 6436
161 445 280 512 373

1101 455 1272 514 VITA
1309 461 1566 518 SANCTI
1605 457 1909 518 JOANNIS
1948 451 2550 514 ELEEMOSYNARII.

3361 460 3461 520 37i-

159 581 302 636 ctus
323 579 505 649 valde,
530 573 671 638 dixit
699 577 768 638 ad
799 599 957 648 eum:
1005 587 1181 640 Crede
1216 584 1374 654 mihi,
1409 585 1616 642 multas
1645 577 1846 646 conon
1866 599 1968 639 nos
1998 585 2175 648 lictor,
2207 589 2263 638 et
2280 587 2506 654 peccato
2541 591 2608 641 ct
2653 583 3035 640 inobedientia
3063 586 3324 658 deceptos
3354 587 3461 641 ite-

156 672 528 727 versationes
557 668 792 729 Patrum
823 676 951 745 legi,
984 677 1099 730 tale
1130 671 1338 748 aliquid
1368 693 1479 732 non
1501 679 1705 733 audivi.

243 763 386 816 CAP.
421 755 1072 820 XXXVIIi.——Malitiam
1085 773 1461 822 reservantem
1481 768 1778 838 quemdam

163 851 515 919 illustrium,
547 857 741 908 contra
761 853 933 908 alium
948 855 1277 926 principem,
1303 851 1538 911 audiens
1560 852 1648 911 hic
1670 873 1784 912 ma-

160 952 330 1012 gnus
358 933 620 1009 Joannes,
646 939 868 998 monuit
895 955 1023 998 eum
1057 959 1224 1018 saepe,
1262 949 1318 1000 et
1346 947 1526 1000 suasit
1549 941 1620 1001 ad
1649 961 1782 1001 con-

163 1029 454 1097 cordiam,
489 1031 547 1086 et
582 1041 694 1086 non
730 1025 918 1104 potuit
949 1049 1078 1088 eum
1109 1040 1430 1090 convertere
1469 1031 1537 1090 ad
1566 1051 1778 1107 pacem.

163 1116 372 1174 Semel
395 1129 530 1191 ergo
553 1121 726 1176 mittit
755 1127 811 1176 et
835 1117 1062 1176 adducit
1081 1139 1209 1178 eum
1233 1129 1478 1190 sanctus,
1505 1123 1663 1196 quasi
1681 1143 1782 1197 pro

163 1221 233 1262 re
277 1199 544 1280 publica:
579 1215 635 1264 et
655 1207 790 1266 facit
817 1212 1018 1266 missas
1046 1213 1104 1267 in
1135 1213 1379 1268 oratorio
1409 1224 1528 1281 suo,
1564 1213 1781 1270 nullum

161 1291 395 1354 habens
423 1295 531 1354 nisi
552 1300 874 1355 ministrum
893 1315 1060 1356 suum
1094 1303 1228 1374 (8³3).
1260 1305 1401 1358 Cum
1433 1321 1567 1374 ergo
1589 1309 1783 1359 sancta

161 1386 562 1444 benedixisset
581 1390 916 1461 patriarcha,
935 1397 992 1446 et
1001 1391 1315 1447 orationem
1332 1386 1682 1448 Dominicam
1700 1393 1783 1448 in-

164 1478 457 1544 choasset,
474 1484 763 1550 ccepemnt
777 1479 961 1535 dicere
991 1487 1106 1536 tres
1124 1485 1346 1537 tantum
1369 1483 1470 1550 illi,
1495 1481 1664 1537 Pater
1678 1497 1780 1538 no-

164 1573 313 1620 ster.
347 1559 417 1622 Et
445 1577 572 1622 cum
600 1569 946 1640 pervenisset
961 1569 1032 1624 ad
1061 1585 1398 1637 sermonem,
1428 1587 1538 1644 quo
1553 1573 1776 1639 dicitur,

163 1645 414 1710 Dimitte
426 1651 588 1710 nobis
615 1654 806 1712 debita
831 1664 1044 1725 nostra,
1078 1647 1224 1714 sicut
1243 1665 1300 1714 et
1319 1677 1420 1715 nos
1441 1659 1780 1716 dimittimus

165 1739 526 1799 debitoribus
549 1747 774 1812 nostris,
810 1743 996 1802 innuit
1021 1741 1327 1803 domestico
1355 1747 1691 1821 patriarcha,
1717 1756 1781 1806 ut

167 1831 410 1912 taceret.
455 1833 624 1888 Siluit
656 1851 788 1906 ergo
818 1839 875 1890 et
902 1837 1241 1908 patriarcha,
1267 1843 1324 1892 et
1344 1839 1615 1893 remansit
1629 1839 1782 1912 prin-

1863 687 1990 729 rum
2021 674 2331 739 vivificavit,
2353 678 2412 727 et
2429 671 2620 738 Μ
2636 675 2860 745 proprio
2877 676 3151 744 sanguine
3169 677 3411 731 redemit
3428 691 3464 732 ιι

1865 770 2065 831 morte,
2099 770 2156 819 rt
2185 778 2410 819 omnem
2440 769 2650 818 terram
2683 770 2740 817 et
2757 765 2940 835 ipsum
2971 766 3171 819 C(Blllm
3205 766 3263 820 in
3293 766 3460 821 obse-

1867 855 2062 926 quium
2092 848 2386 908 hominum
2421 853 2690 917 subdidit,
2716 855 2813 908 sed
2836 860 2896 908 et
2908 864 3058 908 nunc
3077 851 3319 926 qualiter
3340 867 3483 928 pec-.

1864 947 2056 998 cantes
2067 953 2179 998 nOn
2189 932 2441 1014 dissipat,
2465 943 2563 996 sed
2578 943 2977 1014 longanimiter
2988 945 3168 1014 magis
3179 950 3465 1016 stupeant

1865 1031 2169 1088 immobilis
2184 1024 2282 1086 illa
2295 1037 2517 1098 natura,
2550 1037 2610 1086 et
2627 1033 2846 1104 patiens
2866 1025 2961 1087 ille
2985 1033 3197 1098 oculus.
3221 1040 3281 1089 et
3297 1034 3462 1090 nobis

1861 1123 2195 1194 plerumque
2207 1113 2722 1192 blasphemuntibus
2737 1123 2858 1192 ipse
2884 1123 3207 1178 consolatur
3225 1129 3283 1177 et
3308 1123 3460 1180 blan-

1864 1212 2018 1266 ditur
2031 1227 2132 1283 per
2144 1211 2562 1265 miserationem
2583 1221 2762 1277 suam,
2787 1211 3086 1266 desursum
3104 1207 3322 1284 pluvias
3337 1223 3464 1285 priiL

1865 1304 1991 1372 pter
2011 1301 2181 1356 vitam
2211 1305 2464 1356 nostram
2484 1299 2759 1366 tribuens,
2793 1306 3035 1372 quantos
3062 1301 3241 1357 malos
3259 1311 3463 1373 aperui-

1862 1389 1995 1454 rios,
2016 1395 2314 1462 pergentes
2333 1394 2400 1445 ut
2417 1389 2675 1443 occidant
2693 1394 2794 1444 aut
2803 1389 3083 1457 furentur,
3108 1390 3249 1461 tegit
3261 1388 3320 1446 et
3344 1399 3460 1446 non

1863 1480 2058 1545 tradit,
2082 1493 2152 1534 ne
2165 1479 2531 1550 capianturet
2539 1479 2878 1550 puniantur?
2892 1485 3136 1550 quantus
3153 1480 3460 1536 existinmas

1861 1569 1921 1622 in
1955 1569 2189 1624 navibus
2209 1569 2268 1622 in
2282 1570 2500 1640 pelago,
2520 1573 2586 1622 ut
2593 1567 2915 1638 praedantur
2929 1567 3217 1624 obviantee
3235 1568 3345 1624 sibi
3359 1576 3460 1624 na-

1861 1675 1975 1724 ves,
2028 1662 2086 1713 et
2113 1659 2370 1712 occidant
2407 1657 2504 1728 qui
2532 1659 2592 1711 in
2639 1657 2720 1710 eis
2749 1661 2900 1723 sunt,
2936 1663 3052 1712 non
3087 1653 3367 1730 permittit
3400 1660 3460 1716 ia

1859 1747 2201 1818 profundum
2228 1747 2499 1817 demergi,
2519 1747 2618 1800 sed
2648 1747 2892 1816 impetat
2909 1747 3054 1802 mari
3070 1756 3140 1802 ne
3159 1747 3460 1804 absorbent

1862 1853 1976 1903 eos,
2035 1841 2365 1908 exspectans
2407 1835 2830 1890 comet-sionem
2882 1834 3112 1890 malitias
3151 1836 3402 1908 imorum
3429 1839 3456 1890 ἶ)

169 1935 304 1992 ceps
337 1909 512 1987 solus,
543 1919 732 1978 dicens
777 1937 1030 1980 versum:
1069 1925 1302 1981 Dimitte
1333 1927 1510 1993 nobis,
1549 1909 1692 1982 sicut
1721 1915 1836 1984 etB
1862 1926 2054 1996 quanti
2110 1927 2368 1997 pejerant
2422 1933 2625 1995 corpus
2672 1923 2782 1994 (83)
2827 1930 2887 1979 et
2940 1918 3275 1994 sanguinem
3333 1928 3456 1998 ejus

169 2019 276 2064 nos
305 2010 667 2067 dimittimus.
685 2009 754 2068 Et
777 2007 969 2069 statim
985 2027 1282 2070 conVersus
1299 2022 1544 2084 sanctus,
1573 2012 1710 2072 dicit
1724 2019 1776 2072 ei

171 2105 476 2155 mansueta
500 2117 664 2156 voce:
698 2103 836 2158 Vide
857 2103 912 2158 in
945 2101 1096 2176 quali
1121 2101 1359 2159 terribili
1382 2101 1520 2160 hora
1543 2106 1676 2177 quid
1697 2103 1776 2162 di-

169 2204 266 2242 cas
297 2189 448 2244 Deo:
483 2191 760 2255 Quoniam
796 2193 942 2248 sicut
969 2211 1072 2264 ego
1097 2194 1341 2261 dimitto,
1385 2195 1466 2248 ita
1513 2199 1569 2250 et
1595 2198 1657 2250 tu
1696 2192 1777 2250 di-

169 2277 340 2332 mitte
371 2279 538 2338 mihi.
565 2279 862 2354 Tanquam
892 2281 962 2336 ab
990 2284 1120 2354 igne
1150 2284 1340 2338 statim
1362 2285 1674 2340 cruciatum
1703 2287 1778 2340 fe-

171 2380 304 2422 rens
337 2368 639 2440 praedictus
669 2370 944 2442 princeps,
971 2365 1168 2427 cecidit
1195 2373 1252 2426 in
1285 2373 1484 2428 faciem
1505 2371 1576 2428 ad
1606 2373 1775 2445 pedes

169 2457 373 2522 sancti,
419 2455 640 2512 dicens:
667 2460 1022 2533 Qumcunque
1046 2461 1303 2532 jusseris,
1332 2456 1574 2528 domine,
1609 2459 1776 2518 faciet

169 2559 367 2601 servus
396 2549 548 2602 tuus.
578 2546 648 2602 Et
667 2545 1057 2606 reconciliatus
1074 2557 1160 2606 est
1180 2547 1408 2606 inimico
1425 2567 1526 2606 suo
1549 2569 1613 2606 ex
1636 2553 1771 2608 tunc

167 2649 298 2689 cum
323 2638 478 2690 omni
507 2632 762 2693 veritate.

220 2724 362 2778 ῸΑΡ.
389 2719 1004 2800 XXXIX—Superbum
1023 2731 1211 2785 autem
1226 2731 1272 2784 si
1287 2727 1510 2786 videbat
1523 2733 1770 2803 aliquem

169 2805 393 2882 beatus,
413 2815 561 2870 hunc
579 2816 804 2888 quidem
829 2835 940 2872 non
971 2819 1245 2890 arguebat
1271 2821 1328 2874 in
1350 2819 1514 2875 facie:
1546 2819 1770 2893 quando

167 2905 362 2957 autem
385 2919 514 2959 eum
536 2905 594 2960 in
626 2913 838 2962 secreto
868 2925 970 2962 suo
991 2903 1279 2964 sedentem
1305 2907 1546 2976 videbat,
1578 2912 1771 2966 affere-

167 2985 268 3046 bat
285 2992 356 3047 de
376 2985 694 3050 humilitate
713 3010 1013 3064 sermones,
1049 3005 1113 3053 ut
1130 3013 1232 3070 per
1249 3001 1362 3054 tale
1378 2999 1768 3070 magisterium

168 3082 384 3139 sensim
409 3089 731 3156 percuteret
759 3087 1082 3158 superbum,
1111 3094 1169 3143 et
1187 3089 1508 3144 modestum
1537 3091 1764 3159 iaceret,

167 3170 363 3229 dicens
391 3169 497 3229 ita:
527 3166 717 3242 Miror,
743 3176 954 3230 domini
981 3179 1110 3244 mei,
1144 3181 1422 3250 quomodo
1452 3195 1564 3234 non
1587 3197 1768 3235 recor-

1858 2020 2296 2080 sacrosanctum,
2361 2019 2418 2069 et
2479 2015 2693 2085 patitur
2748 2019 2806 2067 et
2869 2013 3269 2084 longanimiter
3313 2017 3452 2086 agit,

1859 2121 1971 2160 non
2012 2105 2254 2160 reddens
2295 2105 2376 2158 eis
2415 2095 2506 2158 hic
2547 2103 2761 2174 aliquid
2797 2099 3068 2158 difﬁcile?
3116 2110 3358 2174 quantos
3395 2106 3456 2160 in

1857 2196 2059 2249 itinere
2089 2194 2488 2249 latrocinantes
2517 2202 2629 2246 non
2676 2192 2852 2246 tradit
2901 2191 2962 2246 in
3000 2191 3188 2248 cibum
3231 2193 3456 2250 obviae-

1856 2277 2006 2340 tibus
2036 2284 2143 2338 Sibi
2183 2283 2422 2338 bestiis?
2451 2287 2694 2354 quantos
2737 2287 2939 2336 euntes
2967 2281 3027 2336 in
3053 2292 3296 2338 concava
3341 2289 3454 2339 ter-

1856 2388 2067 2439 rarum,
2107 2380 2165 2428 et
2191 2374 2461 2427 itinerum
2500 2369 2804 2426 seditiones
2831 2376 3150 2442 sperantes,
3181 2367 3448 2444 protegit,

1859 2467 1922 2518 ut
1949 2479 2062 2517 non
2101 2466 2506 2516 consumantur
2531 2473 2568 2514 α
2604 2456 3054 2514 custodientibus
3092 2461 3452 2524 canibusﬁel

1855 2553 2027 2607 etiam
2055 2549 2404 2606 hominibus?
2420 2552 2490 2606 Et
2501 2559 2590 2605 me
2602 2544 2888 2606 interdum
2899 2557 2999 2606 aut
3016 2561 3145 2606 eum
3155 2553 3452 2608 meretrice

1852 2642 2230 2704 recumbente,
2263 2646 2362 2695 aut
2391 2653 2516 2695 cum
2546 2641 2634 2694 his
2656 2641 2752 2711 qui
2773 2653 2834 2694 se
2864 2633 3166 2707 inebriant,
3194 2645 3296 2696 aut
3321 2651 3450 2697 cum

1851 2733 2042 2803 turpia
2070 2720 2428 2802 loquentibus
2451 2735 2837 2794 conversante,
2861 2735 2961 2784 aut
2979 2735 3179 2784 caetero
3200 2730 3453 2802 quolibet

1852 2823 2038 2876 saeculi
2056 2821 2224 2892 hujus
2245 2821 2532 2892 implicato
2553 2825 2802 2890 peccato,
2828 2819 2949 2890 apis
2973 2819 3200 2890 quidem
3217 2819 3451 2874 circum-

1853 2911 2049 2976 fertur,
2083 2917 2142 2965 et
2165 2911 2335 2964 valles
2360 2915 2418 2964 'et
2445 2910 2632 2963 alveos
2653 2909 2869 2973 circuit,
2906 2917 3161 2980 querens
3182 2909 3448 2980 Colligere

1851 3000 2116 3065 fructum,
2151 3002 2217 3053 ut
2241 2999 2403 3053 dulce
2423 2989 2595 3052 faciat
2621 2997 2759 3051 mihi
2787 2990 3004 3068 guttur,
3039 2997 3189 3069 quod
3217 2997 3366 3053 (inde
3391 3004 3452 3053 οι

1853 3088 2044 3159 iniqua
2068 3088 2400 3159 pronuntiat
2425 3103 2436 3154 ;
2468 3094 2577 3142 uva
2605 3092 2796 3140 autem
2823 3079 3056 3141 festinat
3082 3089 3184 3158 per
3201 3088 3446 3142 calorem

1851 3177 2146 3242 mattirari,
2181 3183 2246 3231 iit
2267 3177 2479 3248 repleat
2509 3191 2570 3230 os
2603 3181 2658 3229 et
2680 3175 2927 3230 laatificet
2952 3182 3066 3242 cor,
3087 3175 3237 3246 quod
3266 3170 3444 3232 facto-

168 3263 339 3317 datur
358 3263 564 3318 misera
577 3264 763 3319 anima
781 3281 907 3320 mea
926 3267 1264 3321 humilitatis
1286 3277 1408 3339 qua:
1423 3261 1828 3338 demonstra—(3
1853 3277 1973 3320 rem
2019 3275 2185 3320 suum
2229 3265 2655 3338 prievaricatum
2689 3270 2798 3320 est.
2850 3259 3042 3319 Floras
3093 3257 3331 3320 invicem
3382 3277 3444 3320 se

166 3354 250 3406 vit
274 3352 434 3406 nobis
460 3369 630 3425 super
655 3354 862 3408 terram
885 3368 1157 3427 apparere
1177 3353 1382 3411 Filium
1403 3351 1522 3424 Dei,
1559 3359 1655 3413 sed
1675 3359 1764 3414 in-

164 3447 424 3496 tumesco
455 3445 512 3496 et
551 3439 786 3498 extollor
812 3453 982 3516 super
1009 3444 1240 3500 fratrem
1270 3461 1480 3514 meum,
1515 3447 1560 3502 si
1606 3447 1762 3504 fuero

165 3532 448 3586 modicum
479 3535 577 3586 aut
597 3527 880 3604 pulchrior
903 3549 989 3600 eo,
1010 3541 1110 3590 aut
1127 3533 1314 3604 ditior,
1335 3543 1433 3592 aut
1443 3537 1756 3608 gloriosior,

163 3627 264 3675 aut
289 3621 662 3692 principatum
685 3617 852 3676 officii
865 3622 1249 3696 cujuscunque
1273 3625 1660 3691 habuero,non
1679 3625 1761 3681 in-

162 3701 709 3780 telligenslldivinam
743 3727 952 3778 vocem,
995 3719 1117 3784 qliae
1147 3714 1315 3768 dicit:
1350 3715 1557 3770 Discite
1605 3733 1638 3770 a
1667 3730 1758 3770 me

161 3800 296 3869 quia
307 3799 458 3853 mitis
469 3817 593 3854 sum
607 3800 902 3856 ethumilis
913 3802 1097 3869 corde,
1123 3808 1179 3856 et
1197 3803 1489 3858 invenietis
1507 3803 1756 3875 requiem

161 3885 456 3943 animabus
485 3888 682 3944 vestris
711 3889 923 3957 (Matth.
949 3896 1252 3965 muneque,
1265 3899 1582 3948 sanctorum
1599 3911 1756 3950 voces

159 3977 431 4048 cogitans,
461 3977 724 4050 quoniam
765 3973 994 4050 quidam
1015 3985 1224 4035 terram
1245 3983 1397 4048 (Gen.
1425 3983 1602 4051 xviii),
1629 3985 1754 4055 qui-

161 4067 295 4122 dam
338 4062 603 4133 cinerem,
670 4061 898 4140 quidam
944 4083 1189 4126 vermem
1233 4071 1428 4126 etnon
1469 4071 1754 4129 hominem

166 4154 334 4225 (Psal.
391 4161 526 4225 XXI),
590 4156 818 4228 quidam
864 4163 964 4212 aut
996 4154 1368 4230 impeditioris
1407 4165 1464 4215 et
1489 4159 1756 4218 tardioris

161 4242 367 4314 linguae
413 4246 601 4314 (Exod.
648 4253 720 4316 Iv)
763 4263 822 4301 se
863 4248 1260 4303 nominabant:
1295 4255 1352 4304 et
1385 4251 1518 4321 quia
1555 4252 1749 4314 Isaias,

164 4332 386 4405 quando
403 4335 583 4389 Deum
594 4331 782 4390 videre
809 4335 1106 4403 meruit,ut
1127 4337 1278 4410 capit
1298 4337 1626 4406 homo,tunc
1646 4341 1753 4396 im-

163 4422 374 4478 munda
401 4419 545 4478 labia
577 4439 636 4478 se
665 4423 872 4480 habere
913 4427 1296 4498 pronuntiavit
1317 4428 1446 4495 (Isti.
1478 4431 1574 4499 vi).
1607 4428 1751 4495 Quid
1783 4454 1786 4458 ~

161 4511 311 4565 enim
331 4513 388 4566 et
407 4529 530 4567 sum
552 4513 810 4569 humilis?
823 4515 1020 4570 Nonne
1042 4515 1112 4570 de
1135 4517 1252 4571 luto
1267 4517 1430 4573 ﬁctus
1451 4521 1752 4584 sum,unde

1847 3359 2256 3427 praeoccupant,
2288 3359 2352 3409 ut
2379 3345 2659 3408 delectent
2695 3354 2906 3420 oculos,
2935 3353 3033 3424 qui
3055 3349 3441 3410 fornicationis-

1844 3443 1948 3500 bus
1978 3451 2034 3499 et
2061 3444 2262 3498 alienis
2283 3442 2612 3498 mulieribus
2631 3443 2702 3496 ad
2716 3443 2998 3497 luxuriam
3027 3432 3252 3498 innuat.
3276 3443 3444 3499 ﬁcus

1843 3533 2108 3590 turbatur
2127 3533 2260 3598 (84),
2280 3536 2560 3604 quatenus
2579 3532 2884 3603 perveniat,
2901 3537 2965 3587 ut
2974 3533 3192 3605 repleat
3206 3540 3442 3589 manum

1843 3641 1945 3697 per
1957 3623 2424 3694 magnitudinem,
2451 3624 2508 3676 et
2522 3637 2584 3676 os
2600 3635 2702 3694 per
2723 3621 3096 3690 dulcedinem,
3117 3623 3268 3694 quod
3283 3627 3442 3679 tenet

1842 3719 1898 3768 ct
1943 3713 2126 3768 basiat
2169 3712 2413 3766 alienam
2462 3711 2776 3765 mulierem.
2827 3699 2987 3766 Talia
3024 3719 3178 3782 ergo,
3226 3712 3435 3784 inquit,

1839 3817 2010 3873 opera
2021 3803 2221 3856 fratres
2237 3807 2489 3872 agentes,
2505 3807 2562 3854 et
2588 3800 2730 3854 tales
2743 3800 3143 3856 retributiones
3156 3801 3436 3872 recipien-

1838 3898 1924 3946 tes
1952 3908 1987 3946 a
2014 3888 2256 3961 benigno
2277 3886 2412 3952 Deo,
2435 3889 2659 3960 qualem
2681 3887 3057 3942 debueram'us
3078 3888 3284 3942 habere
3305 3899 3436 3960 pru-

1839 3979 2108 4046 dentiam,
2141 3979 2564 4034 Considerantes
2576 3977 2935 4032 novissimam
2961 3981 3212 4032 hostium
3236 3984 3296 4034 et
3309 3980 3436 4033 lior-

1839 4071 2072 4126 rendam
2091 4069 2286 4124 h'oram
2300 4069 2324 4121 ?
2339 4067 2580 4122 Multum
2603 4067 2752 4120 enim
2779 4066 2850 4120 de
2872 4067 3145 4120 memoria
3162 4068 3362 4123 mortis
3377 4076 3435 4124 et

1839 4159 1988 4215 exitu
2021 4160 2223 4214 animae
2263 4156 2588 4228 disputabat
2619 4163 2844 4227 semper
2872 4155 2965 4210 ille
3003 4155 3222 4221 beatus.
3254 4158 3336 4214 ita
3368 4164 3434 4215 ut

1837 4249 2162 4320 frequenter
2190 4248 2417 4320 quidam
2451 4246 2522 4300 ad
2541 4252 2668 4300 eum
2692 4244 2932 4316 superbo
2960 4246 3244 4302 schemate
3262 4248 3434 4304 intra-

1837 4340 1965 4394 rent
1985 4345 2042 4394 et
2071 4339 2278 4394 ridenti
2309 4336 2484 4403 vultu,
2509 4336 2989 4390 etinconsiderato
3020 4337 3208 4403 Oculo;
3243 4341 3302 4392 et
3320 4339 3430 4392 eti-

1838 4435 1966 4484 rent
1980 4427 2178 4484 humili
2195 4439 2368 4492 more,
2385 4428 2441 4481 et
2455 4429 2791 4496 compuncta
2809 4421 2968 4486 facie,
2991 4430 3052 4478 et
3070 4425 3430 4497 lacrymanti-

1835 4517 1939 4573 bus
1955 4517 2398 4589 oculis.Propter
2417 4515 2565 4588 quod
2580 4510 2898 4568 etdicebat:
2929 4515 3077 4578 Quia
3105 4517 3189 4582 (ut
3211 4515 3430 4570 aestimo

160 4608 291 4655 sunt
335 4607 392 4656 et
434 4595 675 4704 lateres:
694 4605 893 4658 Nonne
924 4618 1148 4660 omnem
1178 4621 1346 4678 quam
1377 4613 1512 4679 puto
1545 4604 1812 4704 habereD
1835 4625 1936 4678 ego
1957 4598 2212 4675 humilis)
2238 4603 2544 4704 suﬁicituad
2575 4604 2816 4704 salutem
2847 4602 3148 4704 assidue-et
3173 4603 3431 4704 dolenter

159 4689 412 4760 gloriam,
446 4697 510 4746 ut
522 4685 626 4746 ﬂos
647 4685 777 4748 foeni
809 4695 1100 4750 marcessit
1130 4697 1257 4757 (Isa.
1283 4699 1401 4766 xc)?
1422 4699 1519 4752 His
1540 4713 1676 4769 ergo
1696 4685 1811 4754 et”
1834 4697 2098 4766 cogitare,
2114 4702 2172 4750 et
2185 4693 2615 4750 sollicitudinem
2637 4691 2843 4745 habere
2858 4687 2928 4744 de
2952 4692 3425 4762 morw,quoniam

161 4779 498 4850 hujusmodi,
527 4788 584 4836 et
612 4779 738 4837 aliis
775 4774 1029 4854 pluribuzs
1059 4783 1240 4838 verbis
1279 4787 1745 4858 sapientissimus,

161 4869 316 4940 quasi
345 4867 414 4924 de
440 4885 498 4924 se
521 4866 730 4939 dicens,
751 4885 880 4928 eum
898 4874 993 4945 qui
1015 4873 1345 4946 languorem
1370 4876 1676 4932 inflationis
1694 4884 1751 4932 et

159 4957 426 5030 superbia:
449 4955 690 5016 habebat
709 4964 960 5018 cauterio
972 4963 1324 5031 comburens,
1345 4965 1610 5037 proderat
1627 4969 1750 5038 ejus

159 5050 374 5108 animae.
393 5049 746 5122 Intelligebat
766 5053 916 5106 enim
946 5053 994 5108 is
1011 5055 1106 5126 qui
1135 5055 1294 5110 ulcus
1323 5053 1565 5110 habebat
1597 5058 1744 5128 quod

158 5133 221 5193 de
247 5153 310 5193 eo
340 5131 660 5211 patriarcha
688 5131 805 5196 haec
821 5141 1132 5198 intimaret.

225 5229 352 5283 CAP.
372 5223 486 5284 XL.
523 5261 587 5270 —
619 5225 686 5285 Et
715 5229 820 5286 hoc
841 5227 1164 5303 frequenter
1187 5227 1278 5287 ille
1299 5251 1334 5288 a
1361 5234 1478 5290 Deo
1499 5235 1744 5290 honora-

155 5315 602 5382 tus,ail'erebatin
615 5316 960 5386 medium,ad
973 5317 1308 5377 humilitatis
1321 5330 1740 5393 argumentum,

157 5407 374 5463 dit-ens:
418 5402 578 5472 Quod
627 5407 672 5462 si
703 5405 1212 5466 considerassemus
1253 5415 1312 5467 et
1337 5415 1744 5484 cogitassemus

155 5495 251 5550 Dei
279 5510 414 5567 erga
431 5511 533 5550 nos
553 5497 997 5553 misericordiam
1023 5503 1078 5554 et
1095 5493 1426 5566 bonitatem,
1451 5517 1552 5557 nec
1567 5501 1625 5556 in
1640 5519 1744 5557 coe-

155 5579 237 5640 los
263 5581 682 5642 sublevaremus
709 5587 897 5642 oculos
918 5591 1159 5654 nostros,
1185 5591 1281 5644 sed
1309 5607 1530 5663 semper
1557 5586 1614 5646 in
1643 5585 1744 5647 hu-

157 5675 270 5728 mili
289 5675 480 5730 habitu
495 5691 560 5729 ac
575 5677 875 5748 prudentia
897 5678 1248 5748 degeremus.
1265 5681 1338 5735 Ut
1352 5681 1501 5735 enim
1520 5687 1745 5752 praeter-

156 5775 290 5831 eam,
333 5763 576 5836 qualiter
614 5777 728 5820 non
760 5767 1062 5822 existentes
1105 5766 1168 5822 ut
1200 5785 1452 5824 essemus
1481 5770 1746 5841 produxit

1832 4801 1998 4840 nemo
2027 4775 2185 4838 nobis
2209 4783 2264 4838 in
2288 4783 2383 4837 illa
2415 4781 2554 4836 hora
2583 4777 2976 4851 compatietur,
3009 4785 3110 4834 aut
3133 4781 3428 4838 comitabi-

1832 4879 1928 4930 tur
1955 4889 2022 4928 ex
2037 4874 2146 4927 vita
2165 4871 2293 4929 ista.
2326 4871 2432 4926 nisi
2452 4881 2625 4942 Opera
2648 4869 2798 4923 bona
2815 4874 3028 4924 nostra.
3055 4868 3123 4924 Et
3145 4873 3426 4942 quoniodo

1831 4961 2048 5034 angelis
2068 4961 2418 5017 venientibus
2454 4965 2512 5014 et
2540 4958 2968 5031 properantibus
2997 4958 3259 5015 turbatur
3290 4967 3427 5018 tunc

1832 5056 2040 5122 anima,
2075 5055 2124 5109 si
2156 5055 2383 5108 inventa
2415 5065 2526 5106 non
2559 5051 2727 5106 iiierit
2763 5052 3116 5123 praeparata?
3144 5054 3423 5124 quomodo

1827 5150 1990 5215 rogat
2000 5149 2065 5198 ut
2075 5141 2316 5198 addatur
2335 5139 2440 5196 sibi
2455 5140 2738 5196 modicum
2751 5143 2976 5212 tempus
2985 5141 3196 5206 vitamst
3205 5143 3418 5198 audiet:

1827 5230 1971 5298 Quid
2012 5233 2212 5286 enim?
2251 5231 2494 5302 Tempus
2542 5229 2692 5300 quod
2741 5229 2944 5296 vixisti,
2985 5218 3126 5284 bene
3163 5236 3422 5286 consum-

1827 5319 2030 5395 psisti?
2062 5321 2131 5378 Et
2159 5322 2362 5376 iterum
2407 5318 2629 5373 dicebat
2659 5323 2930 5388 tanquam
2966 5319 3038 5372 de
3069 5319 3369 5390 semetipso
3404 5339 3415 5376 :

1827 5411 2137 5478 Quomodo,
2161 5409 2388 5466 humilis
2417 5408 2680 5473 Joannes,
2713 5403 2955 5462 transire
2976 5399 3190 5478 poteris
3210 5407 3418 5465 bestias

1827 5499 2146 5557 arundineti
2180 5503 2339 5562 (Pi-ai.
2375 5500 2558 5564 vali),
2591 5497 2816 5569 qnando
2838 5495 3143 5550 obviabunt
3161 5493 3264 5552 tibi
3291 5507 3416 5555 enL

1827 5589 2044 5646 ctores?
2072 5589 2167 5646 Vae
2196 5589 2380 5662 qualis
2405 5588 2575 5642 timor
2601 5591 2661 5641 et
2687 5593 2900 5642 tremor
2927 5585 3144 5641 attinet
3170 5587 3416 5644 animum

1826 5678 1961 5736 tunc
1985 5681 2261 5735 rationem
2287 5681 2604 5751 ponentem,
2637 5675 2812 5731 tantis
2840 5675 3274 5747 exquisitoribus
3300 5679 3419 5735 tein

1825 5769 2034 5826 amaris
2057 5773 2117 5824 et
2141 5768 2218 5824 im
2227 5759 2677 5823 misericordiles
2699 5764 2724 5819 τ
2743 5765 2967 5820 Etenim
2994 5769 3222 5822 sanctus
3241 5767 3349 5822 iste
3362 5769 3424 5825 in
