3912 6400
507 409 619 467 875

513 627 574 682 in
591 626 866 681 columnis
894 627 1051 680 stetit
1081 624 1212 694 (85),
1242 644 1343 697 per
1363 628 1762 682 revelationem
1791 628 2000 682 factum
2021 634 2107 682 est

513 721 740 770 notum:
771 714 914 779 Quia
945 717 1026 784 (ut
1054 715 1149 784 ait)
1178 722 1413 770 exeunte
1445 717 1635 770 anima
1663 734 1693 770 e
1726 733 1978 788 corpore,
2011 717 2106 773 ob-

511 804 664 858 viant
693 804 744 858 ei
769 820 897 858 cum
926 805 1461 859 ascenderitaterra
1476 805 1534 859 in
1562 807 1783 871 caelum,
1816 806 1969 860 chori
1997 806 2103 860 dae-

509 893 974 963 monum,singuli
985 894 1044 948 in
1059 894 1281 964 proprio
1293 894 1715 950 ordine.0bviat
1725 895 1776 949 ei
1787 896 1989 950 chorus
1999 896 2106 949 dae-

509 981 828 1037 moniorum
849 982 1142 1053 superbiae,
1158 982 1456 1053 investigat
1471 1000 1616 1050 eam,
1649 985 1696 1038 si
1711 983 1918 1038 habeat
1937 1001 2107 1055 opera

511 1087 728 1125 eorum.
749 1070 948 1126 Obviat
973 1071 1177 1126 chorus
1197 1073 1500 1142 spirituum
1530 1073 1916 1128 detractionis:
1951 1075 2103 1144 aspi-

507 1159 663 1214 ciunt
681 1159 727 1214 si
748 1160 973 1230 quando
993 1159 1252 1214 oblocuta
1266 1161 1423 1227 sit,et
1438 1162 1826 1232 paenitentiam
1843 1179 1956 1217 non
1971 1180 2102 1232 ege-

508 1249 603 1303 rit.
637 1247 879 1304 Obviant
895 1249 1104 1303 iterum
1125 1250 1382 1320 superius
1397 1251 1680 1304 daamones
1699 1252 2098 1306 fornicationis:

509 1342 836 1392 scrutantur
861 1337 908 1391 si
937 1344 1336 1408 recognoscant
1360 1339 1418 1393 in
1438 1356 1504 1393 ea
1519 1341 1830 1411 voluptates
1858 1357 2008 1395 suas.
2035 1342 2104 1395 Et

513 1425 738 1497 quando
767 1442 803 1479 a
824 1431 978 1480 terra
998 1442 1177 1496 usque
1207 1427 1276 1481 ad
1306 1428 1504 1482 coelum
1526 1429 1733 1483 misera
1753 1430 1943 1484 anima
1962 1431 2104 1502 posi-

509 1520 644 1570 tura
671 1514 948 1569 rationem
964 1517 1296 1586 pervenerit,
1331 1534 1582 1571 seorsum
1604 1517 1672 1571 ab
1695 1535 1762 1572 ea
1790 1520 1967 1574 sancti
1997 1537 2102 1574 an-

511 1603 624 1673 geli
647 1602 894 1669 stabunt,
919 1609 977 1658 et
1004 1621 1118 1658 non
1148 1605 1494 1675 adjuvabunt
1533 1623 1657 1661 eam
1685 1608 1793 1662 nisi
1822 1608 2101 1662 bonitates

511 1709 649 1747 suae.
678 1692 809 1747 Haec
853 1693 1219 1748 considerans
1261 1694 1351 1748 hic
1382 1695 1601 1761 nobilis,
1630 1698 1964 1768 perterritus
2003 1715 2104 1769 pro

512 1780 612 1835 tali
637 1780 774 1835 hora
799 1781 1133 1836 etsollicitus
1161 1783 1340 1838 factus
1361 1791 1463 1851 est,
1490 1785 1674 1840 ferens
1702 1786 1760 1840 in
1772 1787 2102 1841 memoriam

1533 413 1626 466 DE
1661 412 1850 467 VITIS
1888 411 2184 466 PATRUM
2221 411 2436 466 LIBER
2471 409 2762 465 PRIMUS.

431 563 438 568 -
514 537 788 592 memoria
819 552 1038 608 semper
1059 536 1337 592 retinebat
1363 538 1512 608 quod
1542 545 1736 592 sancto
1763 539 1976 592 Simoni
2007 537 2100 608 qui
2117 536 2395 608 Ascopio.
2432 537 2615 590 Semel
2646 552 2778 604 ergo
2808 540 2864 589 ct
2898 534 2982 589 bis
3031 535 3159 589 fecit
3186 535 3288 589 hoc
3333 536 3523 606 ipsum
3557 536 3760 593 schema

3669 413 3764 470 376

2186 627 2280 680 ille
2308 625 2526 680 beatus.
2560 625 2812 680 Erudivit
2840 631 2897 678 et
2921 625 2978 679 in
2999 626 3104 678 hoc
3131 624 3351 695 plebem
3375 625 3690 695 magnifice,
3714 633 3762 682 et

2185 715 2505 769 emendavit
2529 734 2541 780 ;
2575 713 2850 768 timebant
2867 714 3038 780 enim,
3061 730 3132 767 ne
3145 713 3353 769 iterum
3365 713 3612 786 idipsum
3626 715 3762 770 sche-

2187 821 2281 858 ma
2311 805 2518 858 faceret
2529 803 2609 856 eis
2637 803 2730 856 ille
2755 819 2976 874 semper
2999 802 3418 858 memorandus.

2258 894 2390 947 CAP.
2423 893 2590 946 XLII.
2627 921 2692 932 -—
2721 892 2899 962 Loqui
2938 897 3129 946 autem
3168 892 3228 946 in
3265 891 3515 946 sacrario
3553 893 3760 948 omnino

2187 999 2300 1036 non
2333 980 2712 1053 permittebat,
2757 980 2854 1034 sed
2890 981 2950 1035 in
2996 987 3298 1052 conspectu
3335 981 3593 1036 omnium
3630 981 3760 1036 foras

2188 1071 2448 1125 mittebat
2467 1087 2617 1135 eum,
2652 1070 2870 1124 dicens:
2904 1070 2962 1124 Si
3000 1070 3230 1140 quidem
3267 1076 3332 1124 ut
3359 1086 3556 1124 orares
3582 1071 3760 1124 venisti

2183 1161 2310 1226 huc,
2347 1160 2406 1213 in
2431 1159 2534 1217 hoc
2553 1165 2797 1212 mentem
2821 1164 2979 1212 tuam
2991 1165 3048 1213 et
3076 1176 3138 1213 os
3162 1165 3322 1214 tuum
3343 1176 3546 1214 vacare
3560 1167 3756 1231 exopta;

2185 1249 2232 1302 si
2263 1265 2391 1302 vero
2439 1254 2670 1319 propter
2699 1247 3058 1313 locutionem,
3091 1248 3363 1320 scriptum
3391 1254 3482 1302 est
3509 1265 3524 1301 :
3569 1247 3760 1303 Domus

2185 1339 2286 1393 Dei
2324 1339 2523 1392 domus
2569 1337 2840 1391 orationis
2877 1337 3165 1391 vocabitur
3198 1339 3418 1405 (Matth.
3462 1339 3580 1404 XXI)
3610 1356 3623 1404 ;
3659 1339 3757 1392 noli

2185 1443 2318 1497 ergo
2347 1427 2528 1480 facere
2561 1442 2689 1479 eam
2719 1425 3044 1496 speluncam
3073 1425 3378 1480 latronum.

2253 1517 2384 1571 CAP.
2416 1516 2614 1571 XLIII.
2637 1546 2692 1556 -—
2710 1515 2829 1568 Hoc
2859 1520 3050 1568 autem
3077 1521 3202 1568 erat
3240 1515 3628 1570 admirabilius
3645 1531 3760 1569 san-

2185 1605 2420 1658 ctissimi
2439 1605 2608 1675 hujus
2621 1604 2972 1674 patriarchae,
2987 1604 3254 1674 quoniam
3271 1621 3373 1658 nec
3391 1604 3758 1658 monachicam

2188 1694 2354 1747 vitam
2380 1694 2606 1759 ducens,
2639 1709 2820 1763 neque
2848 1693 2906 1746 in
2959 1693 3108 1746 clero
3138 1699 3390 1748 moratus
3419 1693 3481 1746 in
3527 1693 3757 1758 ecclesia,

2185 1783 2283 1836 sed
2306 1788 2363 1835 et
2386 1782 2604 1835 feminae
2628 1781 2875 1850 legitime
2915 1781 3130 1834 dudum
3159 1783 3497 1852 conjunctus
3528 1781 3652 1848 (86),
3693 1781 3760 1835 ita

513 1875 571 1923 et
587 1870 764 1924 sancti
786 1871 1089 1926 Hilarionis
1111 1873 1394 1942 eloquium
1419 1875 1562 1942 (Vita
1585 1876 1968 1941 Hilarionis,c.
1987 1875 2098 1946 38);
2122 1872 2366 1954 Btenuit
2386 1871 2632 1941 vigorem
2655 1870 2898 1924 ecclesiae
2929 1869 2999 1923 ab
3020 1870 3140 1940 ipso
3157 1871 3318 1925 initio
3337 1887 3450 1941 quo
3463 1871 3762 1941 patriarcha

514 1959 644 2029 quia
672 1975 798 2014 cum
823 1975 854 2014 e
875 1960 990 2014 vita
1035 1977 1292 2030 egressus
1322 1968 1487 2029 esset,
1526 1963 1847 2018 formidavit
1875 1969 1934 2018 et
1961 1966 2100 2020 dixit

511 2048 716 2103 animae
746 2065 891 2104 suae:
928 2049 1227 2121 Octoginta
1243 2067 1438 2118 annos,
1460 2069 1492 2106 ο
1514 2053 1745 2107 humilis
1773 2054 1981 2120 anima,
2007 2055 2102 2109 ha-

508 2136 606 2191 bes
628 2139 874 2192 serviens
904 2139 1149 2205 Christo,
1169 2145 1227 2193 et
1254 2141 1422 2194 times
1441 2141 1626 2195 exire?
1644 2142 1760 2208 Exi,
1787 2143 1921 2214 quia
1942 2145 2107 2199 mise-

509 2227 684 2282 ricors
709 2233 812 2282 est.
844 2227 914 2282 Et
937 2227 1156 2283 dicebat
1183 2229 1288 2283 sibi
1317 2230 1744 2301 patriarcha:Si
1765 2232 1813 2286 is
1843 2233 1939 2304 qui
1961 2240 2107 2288 octo-

507 2317 668 2389 ginta
695 2332 872 2372 annos
900 2317 1126 2372 servivit
1155 2319 1396 2386 Christo,
1431 2325 1488 2376 et
1515 2326 1766 2376 mortuos
1795 2322 2101 2390 suscitavit,

2191 1967 2550 2014 consecratus
2579 1965 2681 2026 est,
2710 1964 2766 2012 et
2794 1959 2852 2012 in
2883 1958 3052 2012 talem
3076 1959 3484 2015 sublimitatem
3509 1961 3760 2013 exaltatus

2185 2056 2289 2116 est,
2302 2055 2368 2104 ut
2384 2050 2590 2102 multos
2607 2047 2971 2102 eremitarum
2989 2053 3046 2101 et
3064 2047 3123 2102 in
3151 2055 3305 2104 arcta
3317 2049 3434 2103 vita
3455 2047 3760 2118 degentium

2187 2143 2498 2210 superaret.

2259 2229 2390 2282 CAP.
2413 2226 2602 2281 XLIV.
2641 2258 2699 2272 --
2726 2226 2932 2280 Volens
2951 2231 3141 2281 autem
3164 2242 3267 2280 nec
3297 2227 3471 2296 hujus
3501 2227 3628 2281 boni
3655 2243 3762 2280 esse.

2187 2317 2463 2387 inexpers,
2504 2315 2761 2369 videlicet
2785 2315 3122 2369 monachica:
3157 2315 3282 2369 vita:
3310 2316 3754 2370 connumeratio-

511 2411 570 2462 et
589 2407 751 2478 signa
772 2407 922 2472 fecit,
947 2407 1138 2462 timuit
1161 2425 1414 2463 amaram
1430 2410 1583 2464 illam
1617 2411 1832 2478 horam,
1853 2413 1986 2482 quid
2009 2413 2106 2467 ha-
2189 2405 2293 2470 nis,
2337 2405 2526 2458 studet
2560 2421 2680 2458 rem
2713 2409 2943 2458 tamen:
2978 2405 3339 2475 Congregans
3381 2405 3527 2459 duos
3563 2405 3762 2460 ordines

511 2494 610 2550 bes
633 2502 717 2563 tu,
748 2495 980 2552 humilis
1007 2497 1270 2564 Joannes,
1302 2498 1489 2552 dicere
1519 2505 1618 2553 aut
1645 2499 1848 2567 facere,
1881 2502 2104 2571 quando
2186 2501 2508 2548 sanctorum
2536 2494 2960 2558 monachorum,
2985 2494 3183 2547 statuit
3203 2493 3260 2547 in
3284 2494 3366 2547 eis
3388 2511 3614 2548 omnem
3636 2493 3764 2547 utili-

512 2583 859 2639 obviaverint
884 2584 944 2638 in
969 2584 1168 2639 faciem
1197 2591 1354 2640 tuam
1389 2587 1738 2642 crudelesilli
1768 2595 1826 2643 et
1861 2590 2107 2644 immise-
2181 2589 2360 2650 tatem
2383 2582 2556 2636 tribui
2582 2583 2652 2637 de
2680 2582 2822 2636 villis
2849 2583 2967 2636 suis
2988 2583 3046 2636 in
3071 2582 3292 2636 civitate
3321 2600 3425 2637 sua
3450 2602 3465 2636 :
3494 2591 3551 2638 et
3578 2584 3763 2637 faciens

512 2672 756 2727 ricordes
766 2679 1056 2727 exactores
1067 2679 1125 2728 et
1138 2674 1526 2745 inquisitores?
1539 2677 1624 2732 Ad
1641 2683 1881 2748 quantos
1897 2681 2106 2749 poteris
2187 2674 2268 2726 eis
2291 2673 2522 2726 cellulas
2544 2672 2601 2725 in
2631 2671 2847 2725 duobus
2876 2672 3139 2725 oratoriis
3163 2671 3412 2726 Domina!
3437 2679 3642 2728 nostra?
3652 2688 3764 2725 san-

511 2761 789 2816 rationem
813 2761 1142 2828 reddere,ad
1156 2764 1356 2834 eosqui
1373 2765 1677 2835 exquirunt
1696 2765 1766 2818 de
1787 2767 2096 2831 mendacio,
2191 2768 2293 2816 ctae
2341 2760 2442 2814 Dei
2479 2760 2792 2830 genitricis,
2833 2765 2891 2814 et
2925 2761 3102 2814 sancti
3149 2761 3399 2824 Joannis,
3443 2779 3570 2833 quae
3597 2763 3704 2833 ipse
3736 2777 3764 2814 a

511 2850 692 2906 adeos
711 2852 807 2922 qui
823 2851 892 2905 de
911 2851 1277 2915 detractione,
1292 2853 1362 2906 ad
1378 2870 1473 2907 eos
1488 2854 1660 2924 quide
1676 2855 2101 2924 crudelitate,ad
2187 2850 2576 2905 fundamentis
2607 2849 2992 2915 aediﬁcaverat,
3015 2850 3204 2903 dicens
3230 2851 3639 2906 amantissimis
3664 2852 3762 2905 Deo

512 2955 609 2994 eos
632 2939 728 3011 qui
755 2939 825 2994 de
854 2939 1108 3004 avaritia,
1142 2941 1209 2994 ad
1243 2958 1338 2994 eos
1364 2942 1460 3013 qui
1481 2942 1550 2996 de
1572 2944 1842 2997 memoria
1859 2945 2011 3011 mali,
2033 2946 2102 2999 ad
2185 2939 2473 2994 monachis
2502 2939 2610 2992 ita:
2642 2939 2756 3008 Ego
2781 2944 2907 3010 post
2918 2939 3096 2992 Deum
3111 2939 3416 2994 utilitatem
3437 2941 3760 3012 corporalem

513 3045 610 3084 eos
638 3029 734 3100 qui
755 3028 824 3083 de
855 3025 1002 3096 odio,
1028 3029 1099 3084 ad
1131 3046 1226 3084 eos
1257 3031 1351 3101 qui
1392 3031 1694 3102 exquirunt
1711 3033 1780 3086 de
1807 3034 2051 3104 perjurio
2080 3034 2105 3088 ’τ
2187 3035 2427 3082 vestram
2459 3027 2792 3099 procurabo,
2820 3045 2916 3081 vos
2947 3033 3133 3082 autem
3176 3028 3489 3100 spiritualis
3518 3030 3760 3084 habetote

513 3118 584 3173 Et
639 3119 996 3174 dementatus
1061 3118 1324 3174 dicebat:
1377 3120 1545 3185 Deus,
1593 3126 1658 3176 tu
1705 3139 1800 3176 eos
1857 3123 2100 3194 increpa,
2189 3134 2326 3172 meae
2355 3134 2549 3172 curam
2577 3117 2792 3170 salutis.
2825 3117 3158 3187 Vespertina
3195 3123 3252 3171 et
3281 3124 3562 3173 nocturna
3597 3118 3762 3188 vigilia

512 3223 648 3262 nam
691 3207 875 3262 omnis
916 3207 1185 3264 fortitudo
1233 3208 1523 3264 hominum
1571 3211 1652 3264 eis
1688 3212 1948 3266 resistere
1993 3229 2105 3267 non
2128 3207 2328 3274 Cmihi
2348 3207 2497 3278 apud
2517 3207 2696 3260 Deum
2719 3206 3480 3276 imputeturzquidquidvero
3494 3208 3554 3262 in
3573 3207 3761 3260 cellulis

511 3297 678 3352 valet.
747 3297 852 3364 Tu,
923 3297 1179 3364 Domine,
1236 3299 1310 3352 da
1355 3298 1516 3353 nobis
1581 3300 1842 3354 ductores
1885 3307 2106 3356 sanctos
2189 3297 2386 3350 vestris
2415 3295 2582 3349 ofﬁcii
2607 3295 2868 3359 feceritis,
2886 3311 2987 3365 pro
3010 3295 3212 3349 vestris
3229 3295 3303 3348 sit
3324 3295 3638 3351 animabus.
3660 3296 3761 3350 Hoc

512 3383 766 3452 angelos,
815 3382 911 3454 qui
959 3383 1280 3437 custodiant
1307 3388 1363 3438 et
1392 3384 1711 3454 gubernent
1730 3403 1835 3440 nos
1864 3405 1876 3452 ;
1929 3387 2107 3441 multa
2187 3391 2378 3440 autem
2398 3384 2543 3449 fecit,
2577 3385 2765 3438 volens
2794 3384 3144 3438 sollicitiores
3174 3384 3393 3438 efﬁcere
3427 3385 3530 3439 Dei
3560 3385 3752 3442 amicos

515 3471 785 3542 enimzest
829 3477 1026 3526 contra
1059 3489 1160 3526 nos
1203 3489 1400 3527 eorum
1448 3473 1687 3540 insania,
1737 3475 1950 3529 multus
1987 3482 2106 3529 tre-
2189 3475 2509 3528 monachos.
2535 3473 2693 3527 Unde
2714 3473 3092 3544 etpermansit
3110 3473 3224 3526 Deo
3243 3473 3551 3543 talisgrata
3578 3473 3762 3528 consti-

514 3577 656 3628 mor,
685 3561 896 3615 multus
916 3561 1104 3628 timor,
1129 3562 1369 3616 multum
1388 3563 1700 3633 periculum
1729 3564 1912 3634 pelagi
1961 3565 2107 3618 aeris
2188 3564 2332 3618 tutio
2349 3563 2628 3628 ordinum;
2652 3568 2710 3616 et
2730 3563 2799 3616 ad
2821 3561 3247 3616 similitudinem
3261 3565 3589 3618 monasterii
3608 3580 3670 3616 ex
3686 3562 3759 3614 his

514 3651 703 3721 hujus.
720 3650 778 3705 Si
799 3651 948 3704 enim
971 3650 1040 3704 de
1061 3650 1282 3704 civitate
1311 3651 1368 3705 in
1391 3652 1675 3706 civitatem
1703 3669 1872 3723 super
1897 3660 2106 3708 terram
2190 3653 2382 3706 civitas
2405 3669 2545 3724 pene
2577 3651 2728 3718 vivit,
2759 3650 2819 3705 in
2865 3651 3098 3705 diversis
3121 3651 3258 3705 locis
3301 3653 3598 3723 pervigiles
3623 3652 3760 3723 hym-

514 3738 868 3794 ambulantes
879 3739 1262 3810 ,deprecamur
1279 3756 1372 3793 eos
1387 3741 1482 3811 qui
1495 3740 1653 3794 nobis
1673 3741 1934 3796 ductores
1955 3750 2104 3809 sunt,
2191 3743 2388 3796 nodias
2417 3743 2532 3796 Deo
2561 3741 2830 3794 referens.

515 3844 587 3884 ne
615 3829 674 3882 in
703 3828 1010 3900 praecipitia
1030 3829 1318 3896 cadamus,
1343 3835 1444 3882 aut
1470 3830 1526 3883 in
1557 3831 1866 3899 agrestium
1898 3831 2108 3886 bestia-
2263 3831 2392 3885 CAP.
2424 3831 2586 3884 XLV.
2616 3859 2680 3871 ——-
2710 3831 2779 3884 Et
2806 3830 2910 3883 hoc
2939 3829 3138 3884 beatus
3165 3829 3274 3884 iste
3305 3829 3386 3883 ita
3412 3845 3610 3886 omnes
3626 3830 3762 3884 doce

515 3933 642 3972 rum
672 3917 814 3984 loca,
837 3917 1005 3972 autin
1035 3917 1271 3971 ﬂumina
1298 3917 1645 3984 inﬁnita,aut
1666 3919 1724 3972 in
1754 3907 2108 3974 inaccessibi-
2190 3920 2306 3987 bat,
2337 3925 2394 3974 et
2419 3919 2839 3974 contestabatur
2867 3919 3088 3973 dicens:
3118 3919 3456 3974 Nullatenus
3485 3917 3762 3990 aliquando

517 4007 598 4060 les
630 4011 686 4059 et
715 4005 894 4059 invios
918 4011 1158 4070 montes,
1190 4011 1290 4060 aut
1312 4005 1368 4059 in
1382 4007 1666 4061 latronum
1688 4025 1908 4074 manus,
1932 4016 2032 4064 aut
2051 4010 2110 4064 in
2192 4008 3021 4074 haereticorumcommunionis,
3046 4008 3159 4062 imo
3173 4009 3642 4078 coinquinationis
3655 4023 3762 4078 par-

519 4085 775 4148 eremum
797 4093 1418 4164 incomprehensibilem
1441 4102 1614 4162 ‘30]
1647 4097 2108 4168 autinaquosam,
2191 4097 2704 4169 ticipemini,etiam
2733 4099 2780 4151 si
2804 4097 2959 4152 omni
2987 4097 3100 4152 vita
3134 4103 3318 4151 vestra
3347 4114 3411 4151 ex
3452 4099 3641 4170 aliqua
3677 4097 3764 4150 im-

519 4188 578 4236 et
602 4198 919 4253 pereamus.
941 4182 1090 4246 Quot
1113 4182 1438 4237 ductoribus
1452 4183 1688 4238 fortibus
1703 4191 1760 4239 et
1790 4186 1991 4241 divinis
2011 4205 2109 4242 cu-
2191 4187 2448 4259 pulsione
2499 4187 2581 4240 vel
2608 4187 2940 4240 necessitate
2991 4187 3442 4240 communionem
3496 4186 3762 4241 catholica:

517 4269 770 4326 stodibus
800 4287 940 4341 opus
967 4270 1256 4336 habemus,
1291 4278 1585 4343 pergentes
1617 4273 1784 4344 longa
1804 4275 1894 4329 via
1916 4276 2022 4330 hac
2055 4283 2115 4330 et
2192 4275 2448 4330 Ecclesia
2488 4292 2601 4329 non
2657 4275 2715 4329 in
2728 4275 3021 4340 :enientes,
3072 4275 3194 4328 sine
3221 4277 3619 4330 communione
3659 4289 3762 4345 per-

519 4365 750 4426 aeterna,
782 4359 1053 4424 videlicet,
1087 4377 1210 4432 quae
1229 4377 1295 4414 ex
1311 4378 1541 4432 corpore
1559 4368 1644 4416 est
1662 4364 1928 4433 egressio,
1965 4370 2022 4418 et
2039 4365 2110 4419 ad
2191 4365 2530 4419 manseritis.
2565 4365 2623 4418 Si
2655 4364 2824 4431 enim.
2856 4364 2955 4428 ait,
2981 4380 3213 4418 uxorem
3267 4367 3615 4435 corporalem
3643 4361 3762 4430 legi-

519 4449 722 4504 ccelum
749 4449 1034 4504 ascensio?
1063 4449 1161 4504 Hae
1190 4456 1322 4504 sunt
1357 4451 1634 4521 sapientia
1665 4453 1842 4522 plena
1864 4452 2012 4508 beati
2040 4455 2110 4508 ad
2132 4451 2702 4525 Dtimcpossidentes,
2719 4454 2778 4508 in
2790 4453 3558 4524 regionealiqualonginqua
3573 4452 3757 4521 absque

519 4555 580 4592 se
600 4543 658 4593 et
680 4539 751 4611 ad
783 4555 981 4594 omnes
1008 4539 1274 4594 doctrinae
1298 4558 1311 4607 ;
1348 4539 1432 4593 hae
1465 4547 1599 4594 sunt
1622 4543 1744 4612 ejus
1774 4543 2113 4612 quotidianae
2193 4543 2303 4598 ista
2323 4549 2572 4614 tempore
2588 4542 2764 4596 multo
2775 4548 3080 4604 morantes,
3109 4541 3426 4611 relinquere
3446 4543 3591 4596 hanc
3609 4547 3662 4594 et
3678 4536 3758 4592 alii

521 4645 669 4684 cura
689 4633 860 4700 atque
879 4629 1292 4683 meditationes.
2194 4633 2462 4704 copulari,
2493 4649 2528 4686 a
2554 4632 2671 4686 Deo
2700 4637 2758 4685 et
2784 4630 3000 4701 legibus
3023 4630 3403 4701 prohibemur,
3437 4631 3485 4685 si
3515 4647 3638 4686 vero
3669 4630 3757 4682 hoc

589 4719 722 4774 ΟΑΡ.
753 4718 895 4772 XLI.
930 4747 993 4758 —
1022 4719 1256 4773 Multam
1273 4724 1463 4773 autem
1483 4725 1540 4774 et
1570 4720 1638 4774 de
1662 4727 1859 4776 sancta
1872 4722 2114 4776 statione
2194 4722 2494 4791 egerimus,
2536 4721 2804 4792 punimur
2837 4738 2849 4786 ;
2883 4719 3163 4790 quomodo
3200 4726 3386 4790 putas,
3417 4721 3535 4774 Deo
3563 4735 3656 4791 per
3677 4733 3754 4771 ne—

517 4805 989 4874 curamhabebat,
1010 4812 1068 4862 et
1085 4808 1520 4863 sollicitudinem
1534 4809 1972 4864 demonstrabat.
1989 4812 2113 4866 Una
2193 4817 2338 4864 ctam
2375 4810 2543 4863 ﬁdem
2573 4814 2631 4862 et
2683 4808 3016 4862 catholicam
3057 4807 3358 4862 Ecclesiam
3386 4807 3678 4880 conjuncti.
3707 4809 3761 4858 ut

517 4895 671 4949 enim
699 4894 920 4950 dierum
944 4897 1135 4950 volens
1155 4897 1361 4952 multos
1381 4905 1723 4966 resecare,ut
1743 4915 1855 4953 non
1880 4901 2106 4968 egrede-
2193 4899 2275 4952 ait
2300 4899 2632 4969 Apostolus:
2667 4897 2868 4968 Aptavi
2891 4913 2987 4950 vos
3011 4897 3108 4950 uni
3137 4897 3257 4951 viro
3286 4897 3560 4967 virginem
3575 4907 3759 4950 castam

516 4988 716 5036 rentur
744 4988 871 5054 post
898 4983 1234 5040 solutionem
1259 4987 1436 5041 sancti
1453 4987 1738 5056 Evangelii
1767 4988 1836 5041 de
1853 4989 2107 5056 ecclesia,
2195 4987 2453 5042 exhibere
2483 4987 2704 5042 Christo
2735 4987 2806 5052 (II
2823 4987 2944 5040 Cor.
2976 4988 3074 5056 xx),
3109 4986 3158 5040 si
3187 4986 3556 5041 orthodoxam
3575 4979 3633 5040 et
3647 4999 3757 5038 san—

517 5077 575 5126 et
612 5071 807 5126 otiosis
847 5073 1198 5128 sermonibus
1241 5093 1344 5147 pro
1372 5077 1626 5130 oratione
1655 5083 1936 5142 vacarent,
1979 5078 2112 5148 quid
2195 5083 2342 5131 ctam
2367 5077 2536 5130 fidem
2557 5075 3006 5130 adulteraveritis
3027 5091 3128 5146 per
3146 5075 3594 5130 communionem
3613 5075 3760 5127 hisre-

515 5161 690 5216 fecit?
719 5162 970 5234 Reliquit
1006 5180 1151 5229 mox,
1173 5170 1473 5236 postquam
1501 5165 1709 5219 lectum
1735 5171 1821 5220 est
1855 5173 2112 5221 sanctum
2194 5166 2454 5230 ticorum,
2488 5181 2599 5219 non
2629 5164 2686 5218 in
2707 5164 2896 5218 futuro
2910 5164 3110 5218 saeculo
3124 5164 3412 5230 tormenti,
3431 5164 3577 5235 quod
3597 5173 3760 5230 exspe-

516 5251 900 5322 Evangelium,
935 5253 1255 5320 ecclesiam;
1289 5259 1346 5308 et
1372 5253 1492 5324 ipse
1537 5254 1689 5318 exiit,
1725 5260 1781 5308 et
1809 5255 1954 5310 sedit
1982 5273 2112 5311 cum
2194 5259 2311 5308 ctat
2339 5254 2648 5319 haereticos,
2677 5253 2888 5307 erimus
2909 5252 3040 5306 facti
3077 5252 3378 5324 participes
3408 5247 3758 5308 ’ICommunio

513 5339 699 5394 turba.
735 5341 1008 5397 Omnibus
1021 5359 1150 5396 vero
1172 5341 1614 5413 obstupentibus,
1636 5343 1778 5397 dixit
1803 5345 1982 5399 adeos
1995 5347 2114 5415 jus-
2196 5344 2366 5410 enim,
2390 5343 2488 5408 ait,
2523 5343 2648 5397 ideo
2677 5343 2902 5406 dicitur,
2936 5358 3001 5396 eo
3025 5342 3175 5412 quod
3213 5358 3565 5396 communem
3594 5339 3754 5398 faciat,

511 5433 638 5482 tus:
673 5429 876 5496 Filioli,
921 5429 1018 5484 ubi
1051 5446 1198 5497 oves,
1249 5429 1365 5482 illic
1395 5435 1452 5483 et
1494 5437 1708 5500 pastor.
1749 5434 1864 5486 Aut
1903 5433 2112 5488 intrate
2196 5439 2254 5488 et
2280 5434 2468 5487 ﬁrmet
2507 5436 3016 5486 communicantem
3048 5429 3250 5501 quibus
3270 5430 3656 5486 communicat.
3688 5425 3756 5480 Ne

511 5516 680 5583 intro,
715 5522 773 5570 et
799 5518 1210 5589 ingrediemur;
1243 5523 1344 5572 aut
1371 5525 1594 5574 manete
1632 5520 1743 5586 hic,
1779 5529 1836 5574 et
1866 5521 1957 5576 hic
1994 5539 2111 5576 ma-
2193 5523 2386 5594 igitur,
2424 5538 2631 5594 quaeso.
2666 5521 2767 5587 ait,
2813 5537 2846 5575 ο
2875 5519 2994 5586 ﬁlii,
3025 5519 3350 5590 hujusmodi
3401 5518 3654 5573 oratoriis
3679 5530 3758 5584 ap-

513 5604 676 5658 nebo.
711 5606 825 5676 Ego
861 5613 1093 5679 propter
1121 5625 1216 5662 vos
1245 5607 1520 5662 descendo
1565 5609 1626 5663 in
1655 5616 1908 5664 sanctam
1941 5612 2110 5666 eccle-
2191 5611 2432 5684 plicetis.

499 5694 674 5764 tsiam,
702 5711 835 5750 nam
865 5702 1120 5767 poteram
1163 5696 1346 5751 facere
1377 5696 1640 5753 mihimet
1665 5699 1866 5754 missas
1895 5699 1956 5754 in
1987 5701 2108 5771 epi-
2263 5701 2393 5754 CAP.
2426 5699 2617 5755 XLVI.
2649 5729 2722 5742 μ-
2750 5702 2892 5755 Cum
2933 5699 3192 5754 omnibus
3230 5699 3392 5755 bonis
3421 5699 3536 5754 suis
3583 5700 3636 5750 et
3668 5693 3756 5746 hoc
