3912 6394
151 417 260 476 377

1062 430 1232 486 VITA
1271 434 1529 491 SANCTI
1575 436 1881 493 JOANNIS
1922 437 2525 495 ELEEMOSYNARII.

3328 437 3432 496 378
3500 402 3509 407 ⁷

152 545 355 604 beatus
406 550 498 606 hic
533 552 871 623 possidebat,
906 556 1052 625 quod
1097 560 1182 623 (ut
1237 560 1449 616 dictum
1496 564 1597 634 est)
1641 568 1817 626 nonA
1839 570 1971 619 sunt
1998 582 2141 631 eam,
2171 566 2632 620 abrenuntiantes
2653 564 2883 626 mundo,
2907 580 3033 618 cum
3055 581 3119 617 ea
3134 570 3432 635 pergentes

149 638 557 695 condemnaret
584 643 920 712 proximum,
945 663 1047 700 nec
1078 648 1515 705 condemnantes
1543 654 1753 724 recipe-

150 732 260 781 ret.
284 728 477 782 Dicam
504 747 633 784 vero
669 737 726 786 et
758 734 880 802 ejus
908 735 1220 791 doctrinam
1260 739 1328 793 de
1358 740 1463 795 hoc
1493 742 1751 797 omnibus

148 816 509 886 proﬁcuam:
566 820 792 875 Juvenis
853 823 1080 894 quidam
1128 828 1351 898 rapiens
1394 832 1745 898 monacham,

146 903 298 975 fugit
340 906 903 980 Constantinopolim.
952 912 1070 967 Hoc
1107 913 1297 969 dicens
1335 918 1543 987 justus,
1575 921 1752 976 tristis

146 992 332 1048 factus
360 1000 446 1049 est
474 1012 650 1067 usque
680 999 751 1053 ad
784 1005 1044 1055 mortem.
1085 1004 1360 1076 Tempore
1397 1024 1527 1062 vero
1561 1010 1750 1081 aliquo

143 1089 455 1147 transacto,
491 1087 827 1142 consedcnte
858 1105 923 1143 eo
955 1107 1069 1144 una
1098 1092 1315 1148 dierum
1346 1095 1404 1149 in
1436 1097 1750 1153 honorabili

144 1171 516 1227 cimiliarchio
547 1191 676 1229 cum
716 1176 1051 1247 quibusdam
1080 1182 1315 1247 clericis,
1348 1189 1405 1238 et
1431 1202 1747 1242 sermonem

144 1260 353 1315 anima}
390 1262 588 1317 utilem
617 1272 891 1333 movente,
926 1270 1077 1323 venit
1104 1270 1163 1325 in
1181 1273 1430 1328 medium
1452 1282 1508 1329 et
1534 1293 1747 1332 memo-

144 1349 231 1403 ria
258 1351 483 1420 juvenis
513 1354 609 1423 qui
638 1356 898 1410 ancillam
928 1358 1028 1411 Dei
1060 1368 1342 1430 rapuerat,
1376 1369 1432 1417 et
1460 1374 1751 1436 coeperunt

145 1438 245 1509 qui
276 1446 471 1495 sancto
490 1444 853 1499 considebant
880 1448 1359 1505 anathematizare
1389 1454 1560 1507 talem
1583 1456 1747 1525 juve-

143 1543 300 1593 nem,
333 1535 605 1601 tanquam
637 1533 732 1604 qui
767 1534 908 1589 duas
944 1537 1161 1593 animas
1201 1541 1540 1610 perdiderat,
1586 1561 1748 1599 suam

140 1616 410 1672 videlicet
430 1624 487 1673 et
504 1623 968 1679 sanctimonialis.
996 1628 1348 1699 Compescuit
1370 1648 1502 1701 ergo
1524 1638 1581 1687 et
1602 1651 1749 1688 rese-

141 1708 295 1760 cavit
323 1725 420 1762 eos
447 1708 661 1776 beatus,
695 1712 886 1767 dicens
919 1733 930 1766 :
964 1716 1048 1769 Ne
1086 1717 1182 1782 sic,
1215 1719 1332 1785 ﬁlii,
1371 1737 1441 1774 ne
1471 1722 1580 1789 sic;
1616 1740 1747 1778 nam

144 1798 444 1851 ostendam
504 1799 657 1854 vobis
707 1803 839 1873 quia
877 1810 933 1858 et
979 1822 1073 1859 vos
1119 1807 1230 1861 duo
1261 1816 1488 1879 peccata
1534 1812 1743 1868 facitis:

1833 653 1891 707 in
1918 656 2324 709 monasterium
2354 656 2494 726 ejus.
2537 656 2740 709 Servus
2768 654 2918 707 enim
2956 653 3057 707 Dei
3101 655 3427 722 monachus,

1834 745 1929 816 qui
1959 746 2281 799 totonderat
2319 761 2461 811 eam,
2497 750 2793 815 postquam
2836 742 3106 796 satisfecit
3149 744 3427 813 omnibus,

1835 833 2068 888 tradidit
2097 835 2211 889 Deo
2232 834 2491 905 spiritum
2522 834 2579 887 in
2600 849 2755 904 pace.
2781 832 2931 897 Ideo,
2959 832 3161 902 inquit,
3186 833 3307 887 dico
3340 850 3433 888 vo-

1835 921 1938 988 bis,
1987 923 2105 989 filii,
2136 940 2207 976 ne
2246 924 2557 995 praecipites
2603 922 2673 977 ad
2714 921 3140 976 condemnanda
3176 927 3233 977 et
3273 923 3430 992 judi-

1833 1011 2012 1066 canda
2038 1012 2159 1066 sitis
2173 1013 2374 1067 aliena.
2408 1012 2691 1067 Multoties
2717 1012 2866 1065 enim
2888 1017 3175 1083 peccatum
3198 1011 3431 1066 fornica-

1831 1101 2001 1155 tionis
2032 1101 2291 1167 vidimus,
2324 1102 2718 1172 pmnitentiam
2747 1118 2877 1155 vero
2907 1102 3046 1170 ejus,
3091 1118 3261 1171 quam
3297 1102 3429 1155 fecit

1831 1190 2061 1253 occulte,
2096 1208 2207 1245 non
2237 1191 2573 1261 aspeximus.
2607 1192 2675 1244 Et
2703 1195 2789 1244 est
2817 1190 2948 1260 quia
2975 1190 3190 1243 furtum
3219 1190 3423 1244 facien-

1829 1285 1947 1333 tem
1976 1280 2277 1350 quemdam
2307 1280 2568 1345 vidimus,
2617 1280 2860 1351 suspiria
2891 1296 3021 1332 vero
3065 1285 3122 1333 et
3150 1280 3429 1350 lacrymas

1831 1384 1970 1438 quas
2004 1368 2265 1438 produxit
2291 1369 2406 1422 Deo
2432 1369 2733 1423 nescimus.
2778 1369 2846 1421 Et
2870 1384 2972 1421 nos
3000 1367 3227 1437 quidem
3256 1367 3425 1421 habe-

1831 1472 1957 1511 mus
1985 1474 2113 1511 eum
2144 1458 2368 1529 qualem
2405 1457 2644 1511 vidimus
2674 1457 2851 1521 illum,
2882 1460 3084 1520 iurem,
3117 1460 3218 1509 aut
3260 1455 3429 1509 forni-

1830 1551 2102 1613 catorem,
2123 1553 2223 1600 aut
2241 1549 2531 1618 perjurum
2555 1566 2567 1614 ;
2594 1546 2742 1617 apud
2761 1546 2939 1599 Deum
2962 1561 3091 1598 vero
3109 1550 3333 1615 recepta
3345 1550 3431 1599 est

1830 1637 2047 1690 occulta
2077 1638 2199 1707 ejus
2224 1637 2496 1690 confessio
2527 1642 2584 1689 et
2612 1636 2961 1707 poenitentia,
2995 1641 3051 1691 et
3082 1641 3169 1689 est
3206 1634 3275 1689 ab
3306 1635 3427 1706 ipso

1829 1725 2127 1795 pretiosus.
2143 1726 2351 1779 Omnes
2364 1723 2977 1795 igituradmirabantur
2986 1740 3156 1795 super
3175 1724 3430 1779 doctrina

1829 1812 2092 1867 industrii
2122 1814 2361 1885 pastoris
2391 1814 2558 1884 hujus
2584 1819 2753 1884 atque
2775 1813 3051 1883 magistri.

143 1898 347 1949 unum,
390 1885 527 1955 quia
572 1889 1029 1957 transgredimini
1069 1893 1398 1948 mandatum
1447 1896 1685 1952 dicentis
1726 1893 1806 1952 :B
1896 1901 2026 1955 CAP.
2056 1902 2282 1959 XLVII.
2324 1935 2383 1944 —-
2426 1902 2654 1956 Duobus
2681 1902 2895 1956 clericis
2931 1902 3310 1956 calceamenta
3342 1901 3427 1956 fa-

142 1972 334 2026 Nolite
349 1974 625 2043 judicare,
652 1981 714 2029 ut
727 1992 839 2031 non
855 1978 1188 2048 judicemini
1213 1983 1429 2051 (Matth.
1461 1990 1573 2053 vn);
1597 1988 1750 2043 dein-

144 2060 237 2125 de,
273 2061 409 2131 quia
435 2064 664 2118 nescitis
691 2066 899 2120 certius
935 2068 983 2121 si
1015 2085 1193 2140 usque
1220 2071 1385 2126 hodie
1414 2081 1661 2144 peccent,
1693 2082 1751 2132 et

141 2166 260 2205 non
292 2152 618 2221 pceniteant.

219 2240 358 2311 Legi
409 2242 561 2295 enim
594 2242 767 2297 vitam
801 2244 987 2300 Patris
1015 2247 1226 2319 aliquid
1255 2252 1367 2305 tale
1398 2252 1695 2308 habentem
1732 2273 1743 2308 :

149 2330 283 2401 quia
310 2330 371 2384 in
399 2331 623 2385 civitate
668 2334 911 2403 quadam
949 2335 1060 2390 duo
1104 2341 1362 2393 monachi
1400 2341 1663 2398 abierunt
1690 2344 1748 2399 in

149 2421 549 2475 ministerium.
574 2422 640 2476 Et
665 2438 791 2476 cum
820 2425 1091 2480 transiret
1111 2444 1255 2482 unus
1276 2446 1377 2501 per
1404 2432 1607 2500 locum,
1640 2435 1749 2488 cla-

147 2511 345 2565 mabat
363 2511 415 2565 ei
434 2527 549 2564 una
572 2510 891 2579 fornicaria,
911 2514 1105 2573 dicens
1126 2534 1137 2569 :
1164 2518 1327 2573 Salva
1345 2537 1453 2587 me,
1480 2522 1666 2591 Pater,
1685 2530 1748 2578 ut

148 2601 408 2655 Christus
436 2600 809 2655 meretricem.
843 2602 943 2657 Ille
973 2621 1103 2660 vero
1134 2607 1427 2663 hominum
1467 2612 1749 2667 confusio-

149 2707 279 2744 nem
310 2696 500 2756 σιθπ
529 2690 757 2744 omnino
793 2707 906 2745 non
945 2710 1164 2761 curans,
1202 2698 1344 2752 dixit
1372 2700 1422 2753 ei
1458 2719 1468 2753 :
1504 2703 1749 2772 Sequere

150 2797 261 2833 me.
294 2781 363 2834 Et
392 2788 591 2835 tenens
619 2799 743 2838 eam
792 2803 892 2858 per
932 2803 1163 2843 manum
1193 2791 1334 2859 ejus,
1369 2791 1502 2847 exiit
1530 2792 1749 2862 publice

147 2869 220 2923 de
258 2870 502 2931 civitate,
534 2875 792 2930 omnibus
836 2878 1254 2948 aspicientibus.
1288 2880 1458 2934 Facta
1498 2886 1584 2935 est
1615 2899 1748 2952 ergo

148 2958 303 3013 fama
335 2961 469 3031 quia
512 2963 683 3018 abbas
721 2967 931 3037 accepit
976 2968 1273 3022 mulierem
1311 2970 1578 3025 domnam
1608 2972 1748 3025 Por-

148 3049 411 3120 phyriam
447 3052 549 3119 (ita
590 3055 739 3108 enim
779 3055 1081 3112 vocabatur
1104 3058 1350 3127 mulier).
1383 3060 1750 3129 Pergentibus

150 3155 287 3209 ergo
310 3140 410 3207 eis,
441 3147 504 3196 ut
535 3143 787 3199 mitteret
812 3134 938 3200 eam
968 3147 1026 3201 in
1077 3149 1502 3217 monasterium,
1538 3152 1749 3206 invenit

1830 1990 2123 2055 cientibus,
2171 1996 2228 2045 et
2257 1992 2421 2061 juxta
2457 2008 2517 2045 se
2554 1990 2957 2056 laborantibus,
3004 2007 3150 2045 unus
3201 1991 3429 2063 quidem
3468 1998 3479 2007 '

1830 2079 2074 2133 habebat
2095 2081 2237 2134 filios
2270 2081 2493 2145 multos,
2521 2086 2575 2134 et
2589 2097 2839 2146 uxorem,
2867 2086 2923 2134 et
2948 2086 3186 2151 patrem,
3216 2086 3274 2134 et
3304 2096 3427 2133 ma-

1830 2174 1975 2222 trem
2007 2186 2019 2221 :
2048 2170 2282 2223 vacabat
2310 2186 2439 2224 vero
2470 2170 2713 2224 ecclesia:
2745 2170 2864 2223 sine
2894 2169 3330 2239 intermissione,
3368 2173 3427 2223 et

1831 2274 2025 2313 omnes
2051 2264 2176 2330 post
2219 2260 2399 2313 Deum
2437 2258 2623 2313 alebat
2666 2259 2735 2313 de
2781 2265 2902 2313 arte
2956 2276 3077 2313 sua.
3110 2259 3268 2314 Alter
3294 2274 3427 2312 vero

1831 2348 2084 2418 quamvis
2113 2348 2329 2401 doctior
2355 2354 2501 2402 esset
2514 2348 2628 2413 illo,
2660 2365 2725 2402 eo
2756 2349 2905 2419 quod
2934 2365 3047 2403 non
3067 2352 3427 2419 permaneret

1830 2436 1889 2490 in
1928 2436 2177 2501 ecclesia,
2204 2438 2302 2490 sed
2351 2437 2521 2490 etiam
2560 2437 2865 2491 Dominicis
2894 2437 3090 2491 diebus
3118 2436 3423 2501 laboraret,

1830 2542 1932 2579 nec
1955 2526 2031 2579 sei
2040 2543 2203 2596 psum
2234 2531 2455 2579 tantum
2485 2527 2701 2580 nutrire
2722 2526 2959 2580 valebat.
2982 2525 3272 2580 Invidebat
3293 2542 3426 2594 ergo

1830 2616 1936 2669 iste
1965 2616 2142 2669 vicino
2171 2632 2291 2669 suo.
2328 2616 2395 2670 Et
2414 2632 2527 2669 una
2543 2616 2658 2669 vice
2689 2633 2799 2670 non
2832 2617 3103 2669 sull‘erens
3133 2614 3422 2679 invidiam,

1831 2704 1968 2758 dicit
1994 2705 2045 2759 ei
2074 2721 2200 2759 cum
2228 2704 2309 2758 ira
2344 2723 2355 2757 :
2390 2706 2548 2759 Unde
2592 2711 2654 2759 tu
2683 2706 2763 2759 sic
2788 2705 2941 2759 dives
2969 2705 3147 2758 factus
3180 2721 3237 2757 es
3262 2704 3286 2756 ’ἶ
3314 2704 3428 2773 Ego

1833 2810 1960 2847 vero
1980 2811 2182 2848 vacans
2204 2794 2329 2865 plus
2349 2794 2458 2848 arti
2484 2811 2621 2847 mea:
2653 2810 2821 2864 quam
2842 2799 2924 2857 tu,
2953 2793 3009 2846 in
3038 2796 3428 2864 paupertatem

1831 2882 2047 2937 deveni.
2080 2884 2227 2937 Dicit
2254 2901 2383 2937 vero
2412 2884 2483 2949 ei,
2516 2884 2702 2957 volens
2732 2886 2912 2936 tacere
2950 2899 3081 2936 eum
3111 2897 3307 2935 vacare
3337 2897 3428 2933 ec-

1831 2973 2011 3027 clesiae
2043 2991 2057 3028 :
2090 2973 2316 3028 Invenio
2343 2973 2590 3045 pretium
2619 2972 2678 3026 in
2707 2976 2878 3037 terra,
2912 2977 2969 3025 et
2994 2971 3126 3025 inde
3156 2970 3425 3042 paulatim

1833 3063 1985 3116 dives
2006 3062 2184 3116 factus
2204 3080 2359 3130 sum;
2381 3062 2476 3115 sed
2494 3062 2539 3115 si
2571 3062 2671 3127 vis,
2705 3078 2926 3132 semper
2954 3077 3088 3114 voco
3113 3066 3188 3124 te,
3222 3066 3279 3113 et
3302 3059 3425 3112 veni

1832 3168 2074 3217 mecum;
2094 3157 2150 3205 et
2161 3150 2433 3222 quidquid
2448 3150 2844 3213 invenerimus,
2859 3150 3097 3220 accipies
3107 3148 3425 3202 dimidium.

148 3229 359 3283 mulier
384 3230 444 3285 in
460 3248 574 3285 una
589 3234 818 3288 ecclesia
839 3252 1075 3306 puerum
1096 3237 1155 3291 in
1174 3243 1385 3293 terram
1414 3243 1747 3311 projectum,
1770 3251 1818 3315 Ο
1836 3241 1977 3294 Cum
2004 3257 2135 3310 ergo
2155 3240 2532 3310 acquiesceret
2555 3240 2667 3304 ille,
2704 3244 2761 3292 et
2785 3244 3117 3308 sequeretur
3143 3254 3272 3291 eum
3295 3253 3429 3291 eun-

147 3325 205 3372 et
234 3321 603 3375 sustuliteum
615 3328 677 3377 ut
692 3324 935 3380 nutriret
956 3326 1133 3380 illum.
1166 3329 1363 3399 Itaque
1384 3335 1509 3400 post
1535 3348 1747 3385 annum

149 3407 384 3478 quidam
411 3418 689 3466 venerunt
707 3414 765 3468 in
795 3416 1061 3485 patriam,
1081 3416 1176 3472 ubi
1197 3423 1320 3472 erat
1339 3418 1511 3473 abbas
1533 3427 1589 3475 et
1618 3422 1751 3475 Por-

148 3497 373 3570 phyria,
424 3516 547 3570 quae
591 3501 776 3556 fuerat
824 3504 892 3558 de
939 3507 1363 3575 meretricibus;
1412 3514 1469 3563 et
1500 3510 1749 3565 videntes

146 3605 279 3643 eam
300 3588 506 3643 habere
531 3592 846 3661 puerulum,
883 3594 1074 3649 dicunt
1104 3596 1154 3649 ei
1180 3615 1189 3648 :
1226 3597 1513 3652 Veraciter
1539 3599 1745 3654 bonum

145 3677 339 3733 abbati
357 3679 570 3750 pullum
588 3682 852 3750 genuisti.
872 3684 1135 3738 Nondum
1153 3687 1304 3740 enim
1323 3694 1579 3741 sanctum
1598 3690 1751 3743 sche-

147 3784 245 3821 ma
270 3775 578 3838 acceperat.
610 3771 820 3824 Euntes
843 3787 975 3841 ergo
994 3773 1204 3844 Tyrum
1227 3775 1321 3845 qui
1344 3776 1601 3831 viderant
1623 3795 1749 3832 eam

149 3857 307 3923 (inde
357 3858 507 3912 enim
551 3858 723 3913 abbas
770 3861 981 3915 tulerat
1033 3862 1233 3933 illam),
1296 3865 1741 3932 dilfamaverunt,

149 3947 289 4017 quia
312 3948 511 4017 genuit
542 3948 611 4002 de
650 3949 851 4004 abbate
907 3951 1239 4023 Porphyria,
1284 3959 1341 4007 et
1368 3970 1469 4008 nos
1510 3955 1749 4029 vidimus

150 4037 452 4107 puerulum
477 4038 649 4091 oculis
670 4039 877 4093 nostris
896 4041 1240 4096 similantem
1264 4043 1335 4096 ei.
1361 4043 1596 4107 Quando
1617 4061 1750 4115 ergo

148 4127 411 4196 cognovit
439 4144 505 4180 ex
532 4128 646 4181 Deo
676 4127 847 4182 abbas
876 4129 1092 4184 obitum
1121 4148 1286 4185 suum
1310 4151 1323 4200 ;
1371 4133 1508 4187 dicit
1552 4150 1751 4188 nonnzn

149 4216 412 4286 Pelagia},
447 4218 525 4271 sic
554 4217 705 4271 enim
731 4220 969 4274 mutavit
994 4236 1198 4275 nomen
1219 4222 1361 4291 ejus,
1384 4223 1608 4293 quando
1640 4228 1752 4277 tra-

149 4306 296 4360 didit
332 4306 384 4359 ei
421 4317 678 4361 sanctum
713 4308 974 4363 schema:
1004 4310 1211 4364 Eamus
1229 4311 1459 4381 Tyrum,
1495 4314 1628 4383 quia
1658 4313 1753 4367 ha-

156 4397 260 4449 beo
304 4396 416 4450 illic
446 4413 795 4468 responsum,
829 4403 886 4453 et
912 4399 1034 4452 volo
1064 4404 1127 4453 ut
1153 4399 1345 4454 venias
1374 4417 1615 4456 mecum.
1648 4404 1752 4457 Illa

152 4503 285 4540 vero
310 4502 423 4540 non
452 4487 639 4540 valens
662 4487 1043 4542 contradicere
1072 4489 1143 4555 ei,
1168 4495 1361 4544 secuta
1389 4496 1476 4544 est
1500 4507 1630 4546 eum
1656 4510 1668 4546 ε
1695 4498 1751 4547 et

1830 3335 1944 3383 tem
1974 3330 2045 3383 ad
2083 3329 2390 3394 ecclesiam,
2426 3329 2546 3382 sine
2587 3327 3000 3382 intermissione
3047 3325 3333 3379 benedixit
3378 3325 3429 3379 ei

1833 3420 1998 3485 Deus,
2019 3424 2075 3472 et
2104 3419 2334 3472 divitem
2363 3418 2495 3471 fecit
2521 3434 2670 3471 eum.
2703 3418 2859 3471 Tunc
2878 3416 3019 3471 dixit
3047 3416 3097 3469 ei
3129 3416 3222 3469 ille
3247 3414 3428 3468 bonus

1830 3508 2179 3562 consiliarius
2205 3528 2216 3561 :
2251 3508 2471 3571 Vidisti,
2508 3507 2699 3572 frater,
2731 3522 2908 3559 unum
2931 3505 3284 3559 mendacium
3307 3521 3431 3575 pro-

1830 3603 1955 3668 pter
1983 3598 2162 3651 Deum
2189 3595 2295 3665 l;88)
2324 3602 2597 3667 quantum
2627 3596 2837 3667 profuit
2864 3595 3065 3649 anima:
3088 3601 3197 3648 tuze
3223 3599 3279 3647 et
3303 3592 3429 3647 sub-

1831 3687 2051 3740 stantia:
2075 3687 2227 3739 tuze?
2266 3686 2462 3751 Crede,
2495 3685 2635 3738 nihil
2664 3685 3015 3738 inveniebam
3046 3683 3345 3754 aliquando
3371 3682 3430 3736 in

1830 3781 2001 3840 terra,
2036 3780 2101 3830 ut
2124 3775 2414 3829 aestimasti
2434 3774 2621 3845 gratia
2640 3774 2807 3844 pretii
2835 3792 2846 3840 ;
2876 3774 2973 3827 sed
3005 3772 3270 3843 quoniam
3292 3770 3433 3824 dixit

1830 3865 2104 3919 Dominus
2128 3883 2138 3917 :
2166 3864 2407 3928 Quazrite
2427 3864 2672 3935 primum
2697 3879 2935 3932 regnum
2955 3862 3057 3915 Dei
3080 3867 3136 3915 et
3150 3860 3431 3931 justitiam

1833 3955 1976 4024 ejus,
2011 3960 2068 4008 et
2110 3955 2226 4008 haec
2270 3954 2460 4008 omnia
2496 3952 2833 4023 adjicientur
2871 3951 3023 4005 vobis
3058 3951 3273 4017 (Matth.
3316 3954 3427 4017 v1);

1832 4042 2037 4097 idcirco
2085 4045 2433 4098 occasionem
2464 4043 2585 4107 feci,
2619 4047 2841 4096 tantum
2872 4047 2938 4095 ut
2978 4041 3303 4095 seducerem
3332 4045 3389 4093 te
3415 4058 3428 4107 ;

1834 4139 1892 4187 et
1919 4150 2043 4187 ecce
2086 4150 2197 4187 non
2228 4134 2349 4187 sine
2392 4149 2565 4187 causa
2616 4131 2881 4197 laboravi,
2915 4131 3013 4185 sed
3061 4128 3342 4194 invenisti,
3376 4136 3432 4182 et

1833 4223 2284 4293 superinvenisti.
2321 4223 2438 4276 Hoc
2466 4222 2639 4291 igitur
2667 4222 2884 4274 discens
2930 4227 3154 4275 sanctus
3190 4219 3432 4289 patriar-

1834 4312 1956 4376 cha,
1990 4312 2120 4365 fecit
2148 4312 2307 4366 illum
2338 4312 2548 4366 bonum
2590 4311 2974 4365 consiliarium
3019 4309 3430 4381 presbyterum,

1832 4406 2123 4471 tamquam
2144 4402 2408 4472 dignum;
2443 4406 2565 4455 erat
2594 4400 2742 4455 enim
2777 4401 2968 4453 lector.

1904 4491 2035 4544 CAP.
2060 4491 2306 4546 XLVIII.
2339 4522 2400 4530 -—
2425 4491 2493 4543 Et
2517 4490 2745 4560 quidem
2774 4490 3044 4542 hactenus
3066 4493 3199 4540 ante
3224 4503 3433 4541 memo-

152 4580 431 4630 venerunt
461 4574 645 4643 ambo,
677 4575 948 4631 habentes
977 4583 1034 4632 et
1063 4580 1361 4648 puerulum
1399 4587 1615 4651 septem
1646 4574 1992 4636 an-Dralus
2043 4579 2144 4633 Dei
2188 4580 2371 4633 cultor
2415 4582 2659 4643 Mennas,
2694 4578 2790 4647 qui
2835 4578 3019 4631 fuerat
3055 4576 3432 4629 vicedominus

152 4682 359 4720 norum
391 4666 743 4720 existentem.
776 4667 919 4720 Cum
956 4683 1089 4737 ergo
1133 4672 1461 4737 aagrotasset
1491 4669 1663 4723 abbas
1692 4670 1750 4725 in

154 4755 486 4809 infirmitate
507 4756 578 4808 ad
600 4761 857 4821 mortem,
882 4757 1256 4811 ascenderunt
1275 4757 1345 4811 ad
1368 4759 1749 4814 visitationem

152 4844 276 4913 ejus
306 4842 376 4895 de
406 4840 625 4896 civitate
652 4860 830 4914 usque
858 4844 928 4898 ad
955 4851 1181 4899 centum
1211 4846 1448 4901 animas.
1475 4848 1543 4901 Et
1571 4848 1708 4901 dicit
1737 4866 1748 4901 :

151 4933 366 4986 Aﬂ'erte
386 4948 614 5003 prunas.
637 4933 834 5004 Itaque
857 4950 983 4988 cum
1006 4934 1248 4989 venisset
1267 4936 1618 4991 thuribulum
1638 4936 1749 5007 (87)

152 5018 385 5088 plenum
419 5018 632 5088 prunis,
674 5018 806 5072 tulit
832 5026 889 5071 et
918 5020 1205 5074 evacuavit
1242 5038 1337 5074 eas
1365 5022 1423 5075 in
1453 5023 1756 5076 vestimen-

154 5114 276 5161 tum
298 5123 488 5173 suum,
506 5113 563 5160 et
580 5107 721 5160 dixit
743 5126 754 5159 :
775 5108 1018 5173 Credite,
1044 5109 1264 5177 fratres,
1290 5111 1422 5181 quia
1445 5111 1590 5165 sicut
1607 5112 1755 5166 Deus

154 5196 361 5251 rubum
394 5197 693 5251 custodivit
727 5197 1143 5252 incombustum
1172 5199 1242 5253 ab
1281 5200 1429 5271 igne,
1473 5200 1617 5255 sicut
1654 5218 1757 5255 nec

155 5287 407 5341 tunicam
440 5286 583 5340 hanc
636 5303 822 5341 meam
860 5288 1232 5343 incenderunt
1280 5307 1472 5360 prunaa
1503 5290 1642 5355 istae,
1678 5292 1759 5344 ita

158 5394 257 5432 nec
308 5392 415 5446 ego
452 5376 653 5446 agnovi
681 5382 970 5447 peccatum
1020 5378 1293 5445 mulieris,
1325 5396 1391 5433 ex
1439 5396 1548 5450 quo
1589 5386 1756 5435 natus

156 5483 306 5521 sum.
343 5466 412 5519 Et
440 5482 635 5519 omnes
658 5466 850 5520 mirati
877 5473 1031 5533 sunt,
1066 5468 1344 5537 quomodo
1379 5485 1491 5523 non
1523 5469 1758 5524 ardebat

148 5557 547 5610 vestimentum
580 5554 650 5608 ab
679 5556 810 5626 igne
839 5576 852 5623 ;
883 5562 941 5611 et
966 5557 1419 5627 glorificaverunt
1448 5560 1626 5613 Deum
1655 5559 1758 5613 ha-

148 5645 372 5700 bentem
403 5646 650 5699 occultos
681 5662 887 5701 servos.
920 5647 1001 5701 Ex
1026 5647 1314 5702 occasione
1335 5653 1525 5702 autem
1554 5665 1753 5703 norma:

147 5735 389 5807 Pelagia;
418 5735 703 5808 quondam
724 5736 1055 5803 meretricis,
1077 5736 1202 5791 alia;
1215 5736 1526 5793 fornicariaa
1546 5744 1750 5793 secutae

1834 4668 2199 4721 sanctissima:
2227 4668 2474 4721 ecclesiae
2504 4665 3011 4720 Alexandrinorum
3051 4682 3270 4735 magna;
3297 4664 3430 4718 civi-

1834 4756 1989 4821 tatis,
2019 4756 2307 4809 enarravit
2334 4754 2512 4809 nobis.
2544 4753 2850 4827 Sequentia
2870 4759 3060 4808 autem
3088 4753 3276 4807 vilitas
3306 4770 3434 4807 mea

1834 4844 2111 4916 depinxit;
2147 4844 2402 4915 quaedam
2417 4860 2547 4897 vero
2578 4860 2611 4897 a
2630 4843 2996 4914 ,quibusdam,
3031 4842 3234 4914 quibus
3264 4842 3431 4911 digne

1835 4935 2173 4988 credendum
2191 4940 2293 4998 est,
2317 4933 2524 4988 audivi.
2548 4933 2871 4988 Dicentibus
2887 4950 3020 5005 ergo
3036 4932 3194 4987 nobis
3216 4934 3273 4986 in
3296 4950 3432 5004 pra:-

1837 5025 1999 5079 dictis
2030 5024 2087 5078 in
2108 5023 2349 5094 quodam
2380 5023 2623 5094 capitulo
2651 5024 2828 5091 ($1112.,
2862 5041 2909 5076 c.
2938 5024 3051 5091 11),
3074 5023 3223 5093 quod
3254 5023 3434 5075 multa

1837 5114 2113 5186 spirituali
2144 5113 2440 5167 dilectione
2478 5113 2799 5184 patriarcha
2837 5119 2893 5166 et
2938 5113 3135 5166 Niceta
3164 5112 3432 5183 patricius

1838 5204 1908 5257 ad
1938 5203 2171 5257 invicem
2210 5202 2455 5272 colligati
2489 5208 2693 5267 essent,
2735 5201 2966 5272 dignum
3006 5201 3272 5255 indicium
3304 5201 3433 5255 talis

1839 5292 2193 5347 exhibitionis
2212 5308 2453 5363 praesens
2480 5291 2669 5345 existit
2693 5291 3020 5362 capitulum.

1911 5382 2164 5447 Quando,
2184 5382 2545 5453 permittente
2562 5381 2676 5434 Deo
2696 5379 2932 5450 (89),pro
2946 5378 3186 5449 peccatis
3203 5379 3428 5443 nostris,

1838 5472 2089 5526 futurum
2117 5477 2239 5526 erat
2258 5478 2321 5525 ut
2340 5471 2659 5525 traderetur
2671 5468 3007 5523 Alexandria
3028 5467 3147 5521 sine
3174 5468 3288 5522 Deo
3306 5468 3435 5522 Per-

1837 5562 1931 5625 sis,
1952 5561 2315 5615 reminiscens
2342 5565 2534 5631 pastor
2560 5559 2798 5612 dicentis
2821 5576 2831 5610 :
2858 5560 2998 5612 Cum
3029 5558 3307 5628 persecuti
3338 5575 3433 5611 vos

1835 5650 2045 5705 fuerint
2070 5650 2127 5705 in
2148 5651 2392 5705 civitate
2430 5650 2556 5716 ista,
2594 5649 2772 5718 fugite
2802 5648 2861 5702 in
2902 5648 3069 5702 aliam
3104 5648 3325 5719 (Matth.
3358 5656 3429 5717 κ),

1830 5739 2024 5809 fugam
2081 5740 2323 5811 arripuit
2359 5740 2418 5794 in
2468 5739 2753 5813 propriam
2784 5739 3045 5811 patriam,
3082 5738 3337 5793 videlicet
3376 5737 3431 5791 in
