3878 6388
479 459 586 518 37".)
1501 455 1595 514 DE
1632 454 1820 514 VTI‘IS
1859 452 2153 514 PATRUM
2191 452 2404 514 LIBER
2441 452 2730 515 PRIMUS.
3646 458 3732 514 380

483 591 749 662 Cyprum,
783 590 840 642 in
893 588 1174 642 civitatem
1227 600 1410 640 suam.
1460 577 1618 640 Unde
1667 585 1951 639 occasione
1985 581 2476 652 ac-Agloriilcabo
2508 583 2558 646 ll
2578 581 2700 649 Reg.
2739 581 2820 646 II).
2855 581 2999 635 Vere
3030 583 3180 636 enim
3216 571 3509 652 magniﬁce
3541 581 3730 651 gloriﬁ-

482 683 660 749 cepta,
695 679 957 748 praefatus
987 677 1183 731 Niceta
1208 675 1474 748 patricius
1505 671 1651 728 dixit
1689 673 1758 727 ad
1785 678 2071 727 sanctum:

480 767 742 827 Obsecro,
778 765 824 820 si
863 763 1052 820 inveni
1089 766 1331 836 gratiam
1363 771 1490 818 ante
1542 769 1614 826 te,
1652 777 1720 816 ne
1760 761 2076 830 dedigncris

479 853 704 927 fatigari
733 873 908 927 usque
937 853 1007 909 ad
1049 855 1302 923 reginam
1347 853 1649 916 civitatem,
1694 857 1752 906 et
1798 851 1937 904 bene
1983 865 2076 903 ac-

481 949 670 1016 ceptas
700 960 892 1016 preces
922 949 1049 998 tuas
1076 941 1285 998 donare
1325 939 1590 1015 piissimis
1620 940 2072 1012 imperatoribus.

479 1025 580 1084 Ille
608 1043 740 1083 vero
767 1029 956 1084 multas
991 1027 1119 1082 ﬁdei
1154 1031 1344 1093 που
1371 1024 1473 1080 viri
1523 1026 1900 1089 consentiens,
1945 1024 2077 1078 obe-

481 1115 642 1172 diens
674 1114 746 1171 ad
778 1113 884 1172 hoc
923 1117 1102 1172 factus
1141 1123 1227 1170 est
1255 1117 1370 1170 Deo
1401 1125 1456 1170 et
1488 1109 1760 1169 voluntati
1793 1111 1932 1182 ejus,
1963 1120 2017 1167 et
2048 1129 2082 1167 a

481 1222 540 1259 se
557 1205 754 1260 datum
775 1203 1046 1259 honorem
1069 1211 1342 1277 quantum
1357 1209 1478 1258 erat
1497 1205 1644 1257 circa
1656 1199 1882 1257 beatum
1903 1209 2082 1256 osten-

483 1293 617 1348 dere
649 1295 886 1348 volente.
917 1290 1176 1364 Fatigata
1205 1293 1375 1364 igitur
1401 1289 1530 1347 navi
1561 1291 1941 1363 multipliciter
1972 1311 2001 1344 ιι
2033 1292 2081 1344 vi

484 1387 799 1448 ventorum,
830 1382 888 1436 in
926 1386 1038 1454 qu’a
1075 1389 1298 1436 sanctus
1329 1397 1454 1436 cum
1499 1382 1730 1453 patricio
1761 1385 1899 1442 erat.
1936 1385 1992 1434 et
2023 1379 2081 1434 in

484 1471 829 1545 profundum
859 1469 1152 1537 mittenda,
1193 1471 1342 1525 videt
1371 1487 1519 1542 saepe
1543 1476 1885 1524 memoratus
1907 1465 2080 1540 patri-

485 1558 626 1626 cius,
667 1567 725 1614 et
754 1561 1052 1632 optimates
1083 1559 1178 1631 qui
1207 1574 1332 1614 cum
1364 1571 1428 1614 eo
1457 1561 1636 1625 erant,
1670 1575 1782 1613 una
1811 1565 1990 1622 nocte,
2024 1555 2082 1613 in

490 1666 602 1720 qua
631 1653 933 1720 tempestas
959 1649 1105 1703 facta
1134 1655 1235 1716 est,
1261 1649 1638 1721 patriarcham
1671 1649 1835 1702 modo
1857 1647 2082 1719 quidem

487 1749 615 1793 cum
646 1739 988 1811 pauperibus
1018 1753 1118 1810 per
1169 1740 1352 1793 navim
1393 1738 1599 1809 ubique
1641 1738 2083 1792 circumcurren-

485 1836 622 1896 tem,
656 1829 820 1882 modo
857 1833 1048 1882 autem
1083 1829 1288 1882 iterum
1307 1843 1435 1882 cum
1468 1823 1547 1880 eis
1569 1843 1767 1881 manus
1793 1827 1853 1880 in
1884 1827 2084 1881 ccelum

2159 671 2304 725 cavit
2332 677 2588 724 sanctum
2617 671 2786 737 hunc,
2815 671 2910 742 qui
2936 670 2993 725 in
3024 671 3141 725 suis
3162 688 3384 742 semper
3403 671 3560 724 bonis
3585 671 3730 740 glori-

2160 760 2358 814 iicatUs
2385 766 2467 813 est
2495 761 2786 815 Dominus.
2820 761 2944 814 Non
2973 761 3121 814 enim
3172 761 3355 814 ferens
3405 759 3602 813 nobilis
3637 759 3727 824 hic,

2159 847 2452 920 temporali
2474 850 2584 903 vita
2605 865 2706 902 sua
2717 850 3109 920 conquiescere
3132 853 3323 902 sancta
3339 855 3395 902 et
3408 847 3575 918 digna
3593 847 3733 902 laude

2161 937 2326 1004 bona,
2361 938 2495 1009 quid
2529 939 2688 1007 egit?
2715 937 3088 1001 Xenodochia,
3123 937 3558 1006 gerontocomia,
3589 941 3733 1008 atque

2164 1027 2504 1080 monasteria
2533 1042 2565 1081 a
2596 1027 2974 1081 fundamentis
3005 1027 3304 1092 zedificans,
3330 1031 3387 1080 et
3407 1027 3599 1080 choros
3625 1044 3734 1080 sau-

2164 1115 2380 1169 ctorum
2438 1117 2841 1170 monachorum
2881 1119 3153 1178 statuens,
3187 1113 3572 1168 incessabilem
3615 1132 3734 1169 verae

2161 1204 2393 1275 justitize
2415 1205 2746 1258 memoriam
2770 1205 3036 1276 possidet,
3056 1221 3156 1276 per
3181 1221 3246 1257 ea
3267 1221 3390 1275 quae
3411 1203 3736 1259 celebrantur

2165 1294 2222 1347 in
2251 1295 2332 1346 eis
2349 1293 2495 1348 bona
2517 1309 2704 1364 opera.
2725 1293 2885 1358 Quod
2902 1295 3050 1349 enim
3070 1291 3138 1348 de
3154 1291 3254 1346 'his
3275 1291 3369 1365 qui
3403 1293 3552 1346 mala
3566 1299 3733 1363 agunt,

2166 1386 2221 1437 et
2239 1399 2584 1437 successores
2607 1383 2960 1454 propriorum
2997 1384 3274 1437 malorum
3295 1388 3423 1454 post
3444 1383 3669 1436 mortem
3688 1381 3735 1436 in

2164 1471 2276 1525 vita
2299 1469 2404 1525 hac
2432 1469 2776 1542 relinquunt,
2811 1471 2889 1526 ait
2919 1473 3156 1526 Domino
3185 1469 3383 1543 plenus
3422 1471 3704 1542 Apostolus
3729 1489 3737 1522 :

2165 1561 2443 1624 Quoniam
2476 1559 2851 1630 quorumdam
2882 1566 3109 1632 peccata
3135 1561 3433 1614 manifesta
3461 1564 3605 1625 sunt,
3625 1576 3740 1630 prae-

2166 1649 2419 1704 cedentia
2434 1646 2504 1704 ad
2523 1650 2800 1720 judicium
2826 1671 2837 1713 ;
2863 1651 3133 1722 quosdam
3147 1655 3336 1705 autem
3358 1657 3417 1704 et
3433 1644 3746 1720 subsequun-

2165 1745 2276 1794 tur.
2300 1741 2413 1794 Hoc
2426 1746 2654 1793 econtra
2664 1738 2784 1809 (93)
2799 1741 2867 1792 de
2883 1739 2985 1792 hoc
2998 1739 3162 1792 beato
3179 1738 3478 1792 dicendum
3491 1743 3572 1792 est
3587 1758 3596 1791 :
3621 1738 3744 1802 Quo-

2169 1829 2319 1882 niam
2344 1827 2716 1900 quorumdam
2729 1827 2964 1899 justitize
2978 1828 3285 1882 manifestae
3298 1835 3432 1881 sunt
3445 1825 3734 1898 praeceden-

487 1917 896 1980 extendentem,
933 1923 986 1972 et
1024 1911 1094 1970 ab
1123 1915 1236 1971 alto
1266 1912 1608 1988 adjutorium
1638 1916 2082 1970 abstrahentem.
2101 1899 2145 1960 Β
2174 1924 2259 1971 tes
2283 1919 2338 1971 in
2366 1899 2603 1988 regnum
2635 1917 2900 1971 cmlorum
2931 1919 2982 1984 (Ι
3004 1917 3167 1982 Τίιη.,
3190 1919 3260 1982 v),
3290 1916 3560 1988 quosdam
3580 1921 3744 1969 autem

487 2003 739 2076 Cumque
769 2005 826 2060 in
861 2001 1119 2060 Rhodum
1141 2004 1256 2072 (90)
1283 2005 1666 2077 pervenissent
1689 2005 2070 2070 ascendentes,

485 2095 634 2148 videt
663 2093 1082 2166 expergefactus
1107 2111 1139 2148 a
1155 2093 1272 2149 Deo
1292 2105 1522 2147 vocatus
1553 2093 1642 2146 hic
1663 2093 1962 2164 quemdam
1997 2110 2090 2148 eu-

484 2181 734 2238 nuchum
757 2190 1143 2237 coruscantem
1166 2184 1366 2248 forma,
1387 2188 1442 2236 et
1461 2199 1694 2236 aureum
1727 2189 2008 2252 sceptrum
2030 2179 2087 2236 in

485 2271 682 2326 dextra
701 2277 1008 2338 tenentem,
1027 2273 1383 2326 assistentem
1406 2266 1509 2325 sibi
1524 2276 1581 2325 et
1597 2271 1899 2325 dicentem:
1923 2271 2088 2341 Veni,

480 2360 615 2432 jube
645 2356 776 2428 (91),
809 2361 926 2416 Rex
943 2362 1304 2432 regnantium
1333 2361 1533 2432 quaerit
1551 2367 1628 2414 te.
1652 2359 1803 2414 Nihil
1825 2376 1961 2430 ergo
1981 2368 2089 2414 sta-

482 2449 587 2504 tim
616 2449 928 2520 negligens,
965 2451 1198 2504 advocat
1226 2449 1524 2520 patricium
1559 2450 1832 2514 Nicetam,
1869 2455 1924 2504 et
1953 2451 2090 2503 dicit

486 2535 536 2593 ei
567 2555 693 2593 cum
725 2540 918 2593 multis
954 2540 1218 2610 lacrymis
1253 2559 1266 2592 :
1295 2539 1378 2594 Tu
1411 2534 1655 2609 quidem,
1691 2555 1722 2592 ο
1753 2534 1995 2603 domine,
2019 2540 2088 2592 ad

486 2633 777 2682 terrenum
799 2627 1199 2698 imperatorem
1224 2645 1312 2681 me
1343 2629 1581 2681 vocasti:
1616 2628 1712 2680 scd
1747 2626 2089 2698 praeveniens

493 2715 754 2781 cmlestis,
787 2721 918 2770 ante
945 2717 1157 2770 vocavit
1180 2715 1544 2786 exiguitatem
1570 2733 1775 2773 meam.
1805 2715 1871 2770 Et
1897 2717 2092 2771 retulit

491 2811 547 2858 et
578 2803 838 2866 eunuchi,
882 2805 996 2858 imo
1038 2803 1223 2875 angeli
1254 2805 1543 2864 visionem,
1581 2823 1701 2874 quae
1753 2804 2128 2875 apparuerat'

490 2891 616 2948 sibi.
651 2893 888 2948 Gavisus
919 2911 1050 2964 ergo
1082 2899 1138 2946 et
1163 2893 1340 2948 tristis
1372 2894 1552 2947 factus
1582 2891 1730 2947 idem
1750 2891 2090 2964 gloriosissi-

489 2996 617 3037 mus
647 2983 750 3046 vir,
783 2981 1054 3054 impedire
1083 2989 1338 3037 sanctum
1359 2999 1471 3036 non
1502 2983 1702 3054 potuit.
1727 2979 1961 3037 Abunde
1992 2983 2093 3054 igi-

491 3075 586 3124 tur
615 3070 822 3125 sanctis
869 3073 990 3142 ejus
1031 3072 1277 3142 repletus
1303 3067 1664 3135 orationibus,
1701 3075 1756 3124 et
1784 3071 2090 3142 imperato-

491 3155 644 3214 ribus
675 3161 775 3215 has
803 3159 1075 3226 deferens,
1110 3177 1238 3214 cum
1269 3161 1444 3214 multo
1473 3159 1685 3215 honore
1733 3160 1916 3215 redire
1953 3161 2002 3214 ei
2033 3155 2090 3216 in

491 3251 738 3322 Cyprum
766 3251 958 3320 jussit.

563 3339 699 3398 CAP.
747 3338 937 3394 XLIX.
971 3369 1036 3378 —
1065 3335 1410 3394 Adveniente
1443 3355 1574 3409 ergo
1606 3356 1670 3393 eo
1696 3342 1754 3393 in
1804 3337 2091 3411 propriam

491 3428 790 3492 civitatem,
817 3445 938 3499 qua:
956 3429 1301 3483 Amathunta
1323 3423 1439 3498 (9'2)
1451 3427 1769 3493 vocabatur,
1789 3434 2093 3482 testamen-

491 3519 614 3571 tum
645 3517 932 3588 proprium
958 3517 1197 3571 scribere
1219 3513 1327 3571 cito
1359 3513 1631 3571 ministris
1660 3518 1776 3571 suis
1805 3517 2086 3589 praecepit.

493 3605 771 3660 Velociter
785 3622 914 3660 vero
939 3612 996 3659 et
1021 3607 1141 3660 sine
1165 3605 1433 3660 dilatione
1450 3606 1704 3660 chartam
1733 3612 1790 3660 et
1812 3607 2088 3660 calamum

494 3695 979 3766 priesentantibus,
1015 3696 1276 3771 praecepit
1317 3709 1534 3749 sacrum
1567 3695 1705 3748 illud
1756 3713 1816 3748 os
1848 3696 2090 3750 scribere

494 3784 572 3838 sic
606 3803 616 3836 :
654 3802 677 3837 «
711 3785 954 3839 Joannes
985 3802 1194 3844 servus,
1231 3791 1460 3856 propter
1488 3801 1609 3838 eam
1643 3803 1772 3839 vero
1803 3803 1924 3856 quae
1957 3803 2088 3859 sup-

494 3871 674 3944 posita
693 3880 774 3928 est
789 3869 923 3927 mihi
937 3871 1233 3928 sacerdotii
1247 3873 1600 3944 dignitatem,
1617 3869 1714 3928 Dei
1727 3876 1912 3944 gratia
1929 3871 2086 3929 liber.

495 3961 718 4016 Gratias
729 3977 854 4032 ago,
877 3963 1044 4028 Deus,
1068 3957 1189 4027 tibi,
1215 3963 1480 4033 quoniam
1507 3961 1779 4016 exaudisti
1802 3959 2089 4018 miseriam

495 4061 698 4112 meam,
745 4055 1038 4119 rogantem
1087 4045 1395 4105 bonitatem
1426 4055 1604 4109 tuam.
1645 4067 1716 4104 ne
1745 4050 2092 4108 inveniretur

496 4137 759 4191 morienti
791 4137 933 4192 mihi
964 4138 1072 4191 nisi
1093 4153 1238 4192 unus
1257 4137 1552 4192 tremissis.
1585 4135 1908 4194 Inveniente
1939 4143 2086 4196 enim

496 4239 585 4280 me
629 4225 687 4279 in
733 4223 1044 4279 honorabili
1093 4227 1370 4298 episcopio
1421 4227 1782 4282 sanctissima:
1831 4227 2087 4285 Ecclesiae

495 4313 998 4368 Alexandrinorum
1029 4330 1246 4385 magna:
1275 4311 1532 4382 civitatis,
1559 4328 1726 4386 quam
1771 4332 1871 4388 per
1899 4314 2086 4373 indul-

493 4403 745 4472 gentiam
768 4403 869 4457 Dei
901 4404 1139 4474 suscepi,
1169 4404 1394 4474 quando
1416 4405 1472 4458 in
1490 4421 1556 4458 ea
1581 4411 1933 4460 consecratus
1963 4423 2087 4462 sum

496 4491 805 4564 episc0pus,
832 4493 1055 4546 circiter
1073 4492 1356 4564 octoginta
1377 4493 1698 4548 centenaria
1715 4497 1856 4561 auri,
1885 4502 1940 4550 et
1967 4513 2088 4568 quae

2175 2013 2231 2060 et
2270 2006 2703 2078 subsequuntur,
2730 2007 2798 2061 de
2821 2005 3021 2078 quibus
3053 2023 3198 2060 unus
3227 2011 3283 2059 et
3309 2003 3416 2058 iste
3447 2004 3667 2058 exstitit.
3687 1994 3743 2058 Et

2174 2093 2438 2165 quoniam
2468 2109 2579 2149 non
2609 2089 2814 2159 fabula,
2869 2111 3050 2164 neque
3082 2091 3152 2146 ad
3181 2092 3428 2162 gratiam
3474 2097 3574 2156 est,
3615 2091 3739 2162 quod

2172 2184 2382 2237 dictum
2409 2189 2646 2249 constat,
2688 2183 3076 2237 testimonium
3100 2181 3257 2235 nobis
3289 2181 3580 2252 perhibent
3605 2180 3746 2252 plane

2173 2269 2319 2343 quod
2351 2287 2477 2325 mox
2521 2272 2578 2325 in
2606 2271 2850 2342 pretiosa
2882 2273 3002 2342 ejus
3041 2269 3380 2325 dormitione
3419 2277 3633 2341 gestum
3676 2275 3745 2322 est

2172 2357 2510 2432 prodigium.
2532 2358 2811 2414 Tradente
2835 2361 2984 2414 enim
3017 2378 3080 2414 eo
3113 2366 3170 2412 et
3196 2359 3620 2413 commendante
3644 2374 3747 2430 pro-

2172 2449 2349 2519 priam
2375 2449 2620 2502 animam
2651 2446 2706 2500 in
2731 2463 2901 2501 manu
2923 2442 3163 2512 Domini,
3191 2453 3255 2500 ut
3281 2447 3362 2500 ait
3393 2441 3593 2500 alicubi
3613 2461 3745 2499 sacra

2171 2535 2383 2592 Littera
2403 2555 2412 2588 :
2431 2538 2718 2590 Justorum
2737 2537 2938 2589 animae
2957 2536 3013 2590 in
3040 2553 3209 2589 manu
3230 2533 3329 2590 Dei
3353 2536 3643 2607 suut(Sap.
3660 2535 3744 2602 In),

2172 2631 2229 2680 et
2255 2625 2399 2679 hanc
2427 2626 2476 2679 ei
2499 2631 2561 2678 ut
2589 2625 2923 2678 sacrificium
2953 2623 3304 2678 immolatum
3327 2623 3612 2687 offerente,
3639 2639 3743 2676 cum

2172 2713 2482 2767 recondend
2492 2730 2584 2767 um
2597 2721 2742 2767 esset
2752 2713 3077 2766 honorabile
3095 2715 3217 2782 ejus
3230 2729 3435 2782 corpus
3447 2712 3744 2767 honorifice.

2173 2809 2230 2856 et
2257 2820 2380 2856 cum
2417 2819 2663 2872 congruo
2695 2801 3074 2857 sacerdotibus
3095 2802 3207 2855 ritu
3230 2801 3285 2856 in
3312 2802 3558 2872 quodam
3587 2805 3743 2854 orato-

2176 2892 2258 2945 rio
2303 2891 2480 2945 sancti
2513 2892 2908 2945 miraculorum
2953 2891 3179 2944 factoris
3220 2885 3503 2962 Tychonis
3534 2889 3656 2956 (94),
3695 2889 3746 2942 lit

2176 2979 2457 3052 quoddam
2489 2981 2600 3034 tale
2633 2981 2857 3049 signum
2887 2979 3216 3051 gloriosum.

2247 3071 2375 3123 CAP.
2409 3069 2470 3123 L.
2501 3097 2557 3108 --
2586 3065 2854 3122 Jacebant
2880 3068 2937 3122 in
2958 3067 3199 3140 quodam
3228 3067 3472 3134 tumulo,
3498 3067 3590 3122 ubi
3613 3073 3662 3120 et
3675 3067 3748 3136 ju-

2174 3155 2411 3212 stus'hic
2439 3157 2794 3229 reponendus
2823 3163 2962 3222 erat,
2986 3157 3224 3211 duorum
3249 3157 3536 3227 quondam
3567 3155 3749 3227 episco-

2114 3257 2392 3320 Cporum,
2426 3248 2520 3318 qui
2563 3254 2692 3300 ante
2721 3244 3084 3311 dormierant,
3117 3251 3311 3299 sancta
3350 3247 3620 3300 veraciter
3645 3254 3749 3297 co‘r-

2174 3353 2310 3408 pora
2338 3343 2693 3390 sanctorum:
2724 3353 2846 3406 quae
2877 3341 2934 3389 ct
2955 3335 3011 3388 in
3041 3340 3246 3389 natura
3267 3336 3518 3388 exanimi
3549 3333 3750 3388 interim

2173 3423 2451 3496 degentia,
2482 3431 2750 3496 tanquam
2783 3425 2828 3478 si
2868 3423 2988 3478 viva
3019 3439 3216 3478 revera
3255 3430 3465 3489 essent,
3501 3423 3748 3494 aequalem

2171 3521 2364 3570 sancto
2392 3513 2662 3568 honorem
2682 3510 3020 3568 tribuerunt.
3057 3515 3196 3567 Cum
3223 3513 3372 3566 enim
3397 3512 3551 3567 beati
3575 3523 3749 3582 corpus

2171 3603 2320 3658 inter
2335 3601 2473 3658 duos
2487 3601 2610 3657 illos
2627 3603 3071 3674 componendum
3089 3599 3603 3666 esset,honorantes
3621 3613 3746 3653 sum-

2173 3709 2325 3746 mum
2365 3699 2644 3764 pastorem
2687 3699 2956 3763 pastores,
2992 3697 3048 3746 et
3075 3691 3309 3744 multam
3341 3692 3468 3759 ejus
3509 3687 3744 3744 fiduciam

2172 3783 2320 3852 apud
2348 3777 2525 3836 Deum
2545 3788 2882 3843 reverentes,
2918 3780 3085 3834 simul
3116 3785 3172 3833 et
3200 3779 3495 3841 mirantes.
3526 3779 3622 3834 Dei
3644 3770 3748 3846 jus-

2173 3871 2327 3925 sione
2349 3878 2618 3941 tanquam
2641 3870 2740 3923 vivi
2757 3885 2992 3940 corpora
3001 3877 3103 3922 sua
3118 3861 3645 3939 separantes(95),in
3659 3881 3752 3919 me-

2173 3959 2264 4014 dio
2291 3975 2510 4013 sacrum
2562 3959 2710 4014 hunc
2756 3963 3140 4028 susceperunt,
3177 3954 3450 4011 honorem
3492 3961 3548 4011 et
3583 3950 3680 4026 ipsi
3707 3955 3746 4005 ei

2172 4047 2543 4120 praeceptione
2571 4047 2671 4101 Dei
2702 4047 2846 4101 sicut
2869 4063 2902 4100 a
2923 4047 3037 4100 Deo
3059 4046 3331 4100 honorato
3363 4045 3672 4108 oﬂ‘erentes,
3701 4047 3747 4095 et

2173 4134 2431 4192 omnibus
2461 4134 2652 4190 statim
2683 4137 3040 4190 ostendentes
3084 4150 3205 4206 qum
3237 4147 3269 4188 a
3307 4135 3424 4189 Deo
3467 4133 3516 4189 ei
3567 4135 3748 4188 donata

2171 4235 2256 4282 est
2284 4225 2520 4297 gloriam
2545 4233 2712 4297 atque
2743 4220 3164 4279 sublimitatem.
3197 4223 3357 4288 Quod
3387 4223 3688 4278 maximum
3704 4227 3749 4274 et

2168 4315 2634 4387 gloriosissimum
2666 4311 3016 4378 miraculum,
3038 4325 3148 4366 non
3171 4327 3334 4378 unus,
3351 4326 3538 4384 neque
3557 4313 3745 4372 decem,

2171 4421 2351 4476 neque
2374 4411 2598 4458 centum
2626 4399 2902 4468 viderunt,
2937 4398 3034 4456 sed
3075 4401 3255 4456 omnis
3281 4399 3449 4456 turba
3483 4415 3602 4472 qua
3631 4413 3745 4453 con-

2170 4489 2322 4548 venit
2349 4494 2414 4546 ad
2448 4491 2752 4564 pretiosam
2783 4493 2904 4561 ejus
2942 4489 3312 4561 sepulturam.

494 4582 846 4636 intraverunt
868 4582 1001 4636 mihi
1034 4583 1103 4636 ab
1134 4583 1328 4636 amicis
1360 4583 1584 4650 Christi,
1621 4601 1762 4654 pene
1790 4567 2086 4640 numerum

2241 4583 2372 4636 Car.
2392 4578 2479 4636 LI.
2496 4613 2538 4621 «-
2567 4578 2756 4646 204
2769 4577 2934 4634 Aliud
2953 4585 3138 4632 autem
3157 4579 3281 4648 ejus
3294 4574 3745 4648 gloriosius,quod

497 4669 738 4725 hominis
758 4669 1189 4736 transcendunt;
1206 4669 1263 4725 in
1279 4673 1519 4744 seipsam
1541 4681 1788 4728 mentem
1803 4671 2088 4744 colligens,

498 4765 554 4814 et
568 4777 907 4830 cognoscens
932 4762 1046 4816 haec
1066 4762 1255 4816 omnia
1275 4759 1642 4816 dominatoris
1666 4764 1917 4817 omnium
1940 4779 2084 4827 esse,

493 4847 752 4902 festinavi
776 4862 844 4903 ea
873 4865 996 4920 quae
1026 4849 1126 4904 Dei
1155 4853 1317 4904 erant
1344 4851 1459 4906 Deo
1491 4852 1642 4906 dare.
1671 4849 1830 4906 Unde
1857 4858 1914 4906 et
1943 4853 2090 4923 quod

411 4962 431 4982 κ
495 4937 771 4992 remansit
799 4937 934 4992 mihi
959 4939 1063 4992 hoc
1089 4937 1364 5008 trcmisse,
1391 4937 1491 4995 Dei
1517 4943 1574 4995 et
1600 4941 1704 4994 hoc
1726 4942 1986 5001 existens,
2003 4943 2092 5012 ju-

495 5023 598 5080 beo
619 5025 740 5081 dari
762 5026 850 5080 his
879 5027 974 5099 qui
1003 5035 1132 5082 sunt
1161 5029 1279 5083 Dei.
1319 5047 1341 5080 ι
1377 5030 1422 5084 Ο
1450 5027 1697 5100 gloriosa
1721 5031 1838 5084 res!
1873 5047 1904 5083 ο
1931 5030 2091 5084 devo-

494 5115 707 5170 tionem
737 5111 942 5170 sancti!
976 5118 1099 5171 Non
1127 5115 1386 5184 attendit,
1419 5119 1564 5172 sicut
1591 5115 1890 5180 debuisset,
1926 5119 2041 5172 suis
2073 5137 2085 5184 ;

497 5205 644 5278 quod
665 5205 878 5260 faciunt
900 5201 1060 5260 multi
1081 5207 1175 5278 qui
1207 5208 1264 5260 in
1287 5203 1493 5260 divitiis
1523 5213 1672 5273 sunt,
1701 5207 1796 5278 qui
1826 5205 1925 5262 Dei
1943 5208 2090 5261 dona

498 5301 596 5348 aut
626 5311 692 5348 ex
723 5293 1003 5365 injustitia
1031 5295 1281 5361 collecta,
1311 5299 1580 5364 tanquam
1606 5295 1848 5366 propria,
1884 5301 1940 5350 et
1961 5301 2088 5350 tan-

496 5397 662 5454 quam
683 5383 729 5436 si
751 5399 819 5436 ea
835 5396 1025 5438 secum
1046 5384 1192 5437 ferre
1213 5388 1466 5453 possunt,
1487 5384 1884 5451 thesaurizant,
1909 5387 1965 5439 et
1977 5401 2090 5439 non

495 5467 647 5542 large
667 5465 857 5540 egenis
879 5471 1130 5542 przebent
1151 5490 1164 5532 ;
1190 5471 1287 5524 sed
1309 5471 1402 5524 illa
1427 5473 1712 5541 quaerebat
1731 5491 1854 5545 qua;
1871 5486 2092 5545 semper

496 5565 809 5626 manent,et
823 5556 1123 5630 aliquando
1136 5576 1247 5614 non
1266 5555 1781 5616 minuuntur.Unde
1796 5563 1918 5616 sine
1939 5579 2092 5616 mcu-

498 5645 655 5702 dacio
684 5645 1210 5719 repromissionibus
1231 5665 1340 5702 non
1363 5655 1447 5702 est
1474 5649 1784 5714 fraudatus,
1803 5669 1924 5722 quae
1946 5667 2092 5705 asse-

493 5732 720 5799 -detaut,
745 5749 811 5787 ex
831 5745 1072 5803 persona
1092 5733 1486 5804 Dei,quoniam
1505 5734 1599 5805 qui
1626 5735 1956 5804 glorificent
1980 5751 2088 5802 me,

2175 4669 2401 4741 quidem
2425 4667 2605 4724 adhuc
2631 4669 2820 4722 vivens
2843 4666 2896 4722 in
2920 4681 3084 4722 carne
3100 4668 3270 4737 cmpit
3289 4666 3641 4730 miraculum,
3664 4662 3746 4716 sed

2174 4765 2471 4830 postquam
2487 4759 2746 4828 migravit
2769 4757 2838 4812 ad
2857 4753 3054 4821 Deum,
3078 4751 3397 4825 complevit,
3425 4769 3608 4809 sermo
3622 4766 3750 4806 com-

2173 4863 2485 4902 memorare
2513 4843 2770 4902 tentabit.
2804 4846 3006 4900 Mulier
3025 4843 3278 4916 quzedam
3305 4844 3374 4897 de
3407 4861 3473 4898 ea
3500 4859 3619 4914 quae
3638 4853 3744 4894 san-

2173 4943 2324 4992 ctum
2355 4937 2587 5008 protulit
2626 4935 2847 4990 civitate
2900 4935 3161 4998 existens,
3195 4949 3324 4986 cum
3357 4931 3606 4988 audisset
3634 4943 3744 4984 eum

2171 5027 2386 5080 venisse
2423 5041 2456 5080 a
2501 5021 2696 5080 Rhodo
2728 5024 2857 5092 [96),
2891 5028 2947 5078 et
2983 5023 3248 5093 angelum
3277 5021 3328 5075 ei
3362 5019 3570 5076 ibidem
3599 5031 3747 5090 appa-

2172 5116 2369 5179 ruisse,
2417 5121 2472 5170 et
2501 5115 2846 5168 vocationem
2876 5113 2944 5166 ad
2986 5125 3342 5166 communem
3370 5110 3671 5164 Dominum
3704 5104 3746 5157 ei

2171 5205 2548 5268 denuntiasse,
2581 5217 2878 5274 peccamen
2902 5201 3298 5272 gravissimum
3331 5199 3388 5252 in
3417 5215 3478 5252 se
3505 5209 3746 5266 recogno—

2172 5310 2350 5354 scens,
2384 5291 2530 5363 quod
2557 5309 2658 5346 nec
2689 5289 2913 5346 auditus
2934 5289 3224 5343 hominum
3255 5304 3417 5358 posse
3445 5286 3652 5340 intrare
3675 5281 3744 5336 af-

2173 5379 2452 5446 firmabat,
2485 5377 2654 5432 fidem
2695 5375 3079 5446 inambiguam
3120 5385 3368 5438 sumens,
3400 5374 3470 5426 ad
3513 5373 3744 5426 sanctum

2173 5467 2378 5523 cursim
2403 5465 2684 5538 pervenit;
2714 5473 2769 5521 et
2789 5467 2956 5538 pedes
2979 5467 3100 5536 ejus
3117 5460 3616 5533 comprehendens,
3636 5471 3746 5511 cum

2172 5555 2434 5628 lacrymis
2465 5557 2655 5611 multis
2676 5553 2970 5616 clamabat,
3001 5560 3058 5606 et
3077 5549 3267 5605 dicens
3297 5553 3510 5605 secreto
3535 5551 3742 5603 sancto:

2175 5642 2492 5711 Peccatum,
2518 5661 2550 5700 ο
2577 5650 2664 5698 ter
2693 5642 2873 5710 beate,
2895 5642 3075 5697 habeo
3097 5640 3321 5704 misera,
3341 5637 3486 5710 quod
3511 5637 3579 5692 ad
3601 5647 3746 5689 aures

2175 5735 2468 5789 hominum
2509 5731 2700 5789 venire
2732 5747 2845 5787 non
2887 5731 3092 5804 potest,
3121 5730 3181 5783 et
3222 5729 3337 5782 scio
3371 5727 3538 5800 quod,
3585 5725 3628 5780 si
3659 5721 3743 5784 vis.
