3878 6398
439 242 540 298 391

1453 241 1548 296 DE
1580 240 1775 296 VlTIS.
1808 240 2105 296 PATRUM
2142 241 2357 296 LIBER
2392 239 2682 294 PRIMUS.

3602 235 3705 292 39?.

441 368 576 420 laris
605 366 850 436 synodus
875 365 952 418 ibi
985 363 1176 418 habita
1203 365 1294 420 sit.
1329 365 1428 418 Vel
1457 365 1706 433 intellige
1734 365 2035 418 secundam
2058 365 2251 426 Adum
2282 363 2468 430 habet,
2497 369 2562 418 ut
2580 362 2736 436 nulla
2763 360 2902 436 mihi
2932 359 3204 436 dubitatio
3234 361 3308 414 sit
3337 361 3476 432 quin
3513 365 3572 413 et
3593 361 3709 414 Me-

442 438 737 509 synodumr
771 437 830 490 in
863 436 1051 509 Nicaea
1093 441 1350 509 respectu
1399 436 1598 509 synodi
1630 437 2032 506 apostolorum,

443 507 839 580 quapinniuin
869 507 1357 580 primaggeneralis
1385 507 1511 580 fuit.

514 576 616 650 (79)
648 582 808 650 Porta
833 576 1031 650 5011's.]
1057 578 1234 631 Locus
1261 577 1628 650 Alexandriae,
1664 577 1753 630 cui
1783 578 2037 648 proxima

444 656 530 704 est
559 649 789 703 ecclesia
817 649 996 702 sancti
1024 650 1234 710 Metrae,
1266 655 1330 701 ut
1361 649 1447 702 hic
1475 649 1746 718 sequitur.

510 721 621 790 (80)
657 723 714 774 In
741 723 960 774 ecclesia
993 718 1226 790 Melae]
1257 719 1440 772 Editio
1467 719 1831 780 Coloniensis,
1866 722 1928 771 in
1957 736 2034 790 ec-

441 794 600 845 clesia
630 797 820 843 mctre.
840 791 1032 855 Vetus,
1067 794 1124 844 in
1143 789 1360 844 ecclesia
1384 796 1567 843 matre.
1593 791 1840 844 Manusc.
1858 789 2034 858 Aqui-

441 861 732 924 cinctinus,
769 864 830 914 in
859 864 1078 915 ecclesia
1111 868 1316 914 metra}.
1344 863 1622 914 Manuscr.
1646 866 1838 926 210
1857 859 2035 913 Gem-

442 932 721 986 blacensis
753 937 814 985 in
861 936 1082 986 ecclesia
1111 936 1490 985 meretricula.
1525 935 1744 994 Metras,
1778 948 1877 984 seu
1906 932 2026 984 Me-

439 1009 637 1058 tranus
662 1008 878 1072 martyr
905 1003 1276 1066 Alexandria),
1313 1002 1372 1056 3-1
1407 1003 1679 1056 Januarii.
1709 1002 2038 1071 Martyrolo-

441 1075 598 1156 gium
623 1073 1056 1156 Romanum,o3l
1095 1073 1429 1155 Januariia-
1487 1073 1838 1156 alexandriam:
1883 1078 2039 1125 nata-

441 1143 508 1199 lis
539 1145 716 1199 sancti
747 1144 986 1198 Metrani
1015 1145 1298 1215 martyris,
1316 1144 1412 1214 qui
1432 1143 1536 1198 sub
1556 1144 1722 1198 Decio
1750 1143 1884 1215 imp.
1909 1159 2038 1196 cum

444 1216 515 1270 ad
558 1215 870 1286 jussionem
913 1213 1262 1286 paganorum
1292 1213 1466 1268 nollet
1497 1215 1670 1286 impia
1710 1213 1879 1286 verba
1907 1230 2038 1284 pro-

444 1285 610 1352 ferre,
657 1285 740 1339 illi
787 1285 968 1339 totum
1009 1287 1132 1355 ejus
1175 1302 1376 1356 corpus
1404 1285 1642 1339 fustibus
1691 1285 2034 1356 colliserunt,

444 1357 776 1427 vultumque
797 1361 854 1409 et
874 1357 1064 1410 oculos
1091 1355 1384 1426 prmacutis
1409 1356 1640 1410 calamis
1667 1355 2036 1427 terebrantes,

447 1427 633 1498 ipsum
655 1425 814 1498 citra
841 1427 1036 1480 urbem
1061 1425 1188 1480 cum
1212 1427 1548 1498 cruciatibus
1568 1427 1918 1498 expulerunt,
1939 1425 2038 1479 ibi-

449 1497 556 1568 que
578 1497 856 1568 lapidibus
884 1514 1214 1568 Oppressum
1241 1497 1666 1552 interemerunt.

528 1569 638 1638 (81)
672 1569 888 1638 I)enos.]
921 1571 1010 1623 Ita
1025 1573 1260 1638 uterque
1291 1570 1393 1622 Ms.
1429 1569 1595 1634 Editi,
1619 1571 1904 1622 Denarios.
1937 1569 2038 1620 Ju-

449 1638 618 1693 bebat
645 1640 906 1692 dominus
941 1645 1007 1693 ut
1037 1641 1282 1710 quinque
1313 1656 1573 1693 nummos
1615 1638 1916 1704 iuraretur,
1947 1639 2038 1691 ille

451 1710 623 1764 denos
647 1710 958 1764 furabatur.

521 1781 631 1846 (82)
656 1783 806 1834 Facit
836 1785 1030 1835 missas
1059 1784 1122 1834 in
1151 1785 1392 1834 oratorio
1421 1799 1536 1844 suo,
1572 1785 1795 1835 nullum
1839 1781 2040 1833 habens

453 1855 565 1906 nisi
597 1856 920 1906 ministrum
949 1853 1161 1920 suum.]
1188 1853 1324 1906 Ecce
1352 1868 1516 1906 usum
1539 1853 1597 1906 in
1623 1850 1868 1906 Ecclesia
1895 1851 2039 1904 cele-

451 1922 652 1994 brandi
683 1923 884 1976 missas
915 1923 1195 1994 privatim.

521 1992 628 2062 (83)
648 1992 1274 2064 Pejerantcorpus.]1ta
1295 1999 1532 2064 uterque
1555 2009 1835 2047 manuscr.
1868 1992 2042 2044 Vetus

450 2064 640 2131 editio,
663 2068 936 2133 petierant
969 2081 1184 2134 corpus.
1219 2065 1585 2130 Coloniensis,
1612 2067 1842 2131 indigne
1866 2066 2043 2132 perci-

442 2139 612 2205 piunt
649 2152 861 2204 corpus.

521 2203 796 2288 (84_)Ficus
820 2207 1130 2288 tttrbtltut‘.]
1154 2207 1241 2288 Ita
1258 2211 1416 2288 vetus
1451 2211 1508 2260 et
1543 2203 2041 2288 Colonie’nsis‘edi-

448 2277 547 2342 tio,
573 2283 630 2330 et
658 2293 908 2332 manusc.
929 2274 1240 2347 Aquicinct.
1272 2277 1347 2330 At
1383 2277 1440 2330 in
1473 2293 1722 2331 manusc.
1755 2274 2040 2329 Gemblac.

450 2355 553 2414 est,
581 2352 719 2422 ﬁcus
741 2351 1022 2402 tunditur.
1311 2410 1326 2422 _

523 2417 630 2488 (85)
671 2421 934 2483 Simeoni,
968 2422 1067 2488 qui
1097 2423 1158 2472 in
1203 2417 1476 2473 columnis
1513 2420 1704 2489 stetit]
1735 2419 1890 2472 Visio
1925 2419 2043 2472 haec

450 2489 608 2543 deest
635 2491 691 2544 in
711 2490 841 2543 Vita
871 2490 1148 2544 Simeonis
1178 2491 1412 2560 Stylitaz,
1431 2507 1554 2560 sup.
1587 2491 1681 2543 Ait
1700 2495 1891 2544 autem
1911 2505 2042 2542 eum

453 2561 676 2614 stetisse
707 2563 769 2614 in
797 2564 1087 2625 columnis,
1121 2561 1254 2630 quia
1277 2561 1460 2614 varias
1499 2561 1790 2614 columnas
1837 2560 2046 2614 institit

452 2629 866 2702 idem_Simeon.
901 2631 1040 2683 Vide
1060 2629 1248 2700 supra,
1283 2632 1340 2686 in
1369 2632 1497 2685 Vita
1518 2633 1658 2701 ejus,
1682 2649 1811 2702 cap.
1845 2632 1898 2686 5.

531 2699 636 2770 (86)
671 2703 906 2755 Iv’emina:
937 2699 1178 2767 legit-imi:
1225 2704 1438 2755 dudum
1473 2699 1854 2770 conjuncti—ts]
1917 2703 2045 2755 Non

453 2771 792 2844 aitifemmae
834 2772 1195 2844 conjunctu‘m
1233 2789 1359 2826 cum
1401 2772 1923 2844 patriarchaesset,
1942 2772 2046 2844 sed

453 2843 687 2925 dudum,
711 2849 768 2897 et
780 2844 902 2912 jam
937 2841 1090 2896 olim.
1116 2842 1276 2896 Clare
1298 2841 1704 2914 Metaphrastes
1728 2843 1887 2896 initio
1907 2843 2048 2896 Vitae

457 2930 598 2983 ejus.

2117 437 2434 505 taphrastes
2464 451 2588 487 eam
2619 451 2696 505 ex,
2710 432 2951 505 Leontio
2965 431 3238 505 hauserit.

2193 507 2310 561 Etsi
2336 523 2466 560 vero
2497 522 2644 558 anno
2676 504 2708 557 6
2737 503 2976 556 Ileraclii
3007 503 3110 565 (cui
3144 504 3348 556 Baron.
3375 501 3592 555 Christi
3619 518 3711 554 an-

2118 595 2252 632 num
2269 575 2374 632 6l5
2406 577 2668 646 assignat)
2692 574 2898 628 habeat
2928 575 3134 646 Paulus
3163 575 3445 646 Diaconus
3487 573 3548 625 in
3593 572 3711 646 His-

2117 649 2264 702 toria
2286 643 2550 710 miscella',
2581 647 2618 700 l.
2643 660 2800 710 xvm,
2838 647 3033 699 Persas
3061 643 3366 714 zEgyptum
3397 644 3711 714 depopula-

2114 726 2221 783 tos,
2247 725 2432 772 tamen
2464 718 2655 772 statim
2694 716 2763 770 ad
2793 717 3019 786 propria
3058 717 3366 769 redierunt.
3399 715 3539 768 Post
3584 731 3712 768 vero

2115 789 2449 843 imminebat
2473 789 2658 858 gravis
2687 793 3010 857 tempestas,
3027 803 3136 858 qua
3155 803 3266 858 non
3294 791 3522 858 tantum
3555 802 3707 855 opes,

2117 862 2212 914 sed
2245 867 2300 914 et
2329 861 2440 914 vita
2465 857 2912 913 Christianorum
2967 857 3388 927 periclitabatur
3415 875 3430 922 ;
3483 857 3555 910 de
3605 872 3713 925 qua

2118 933 2264 985 idem
2289 931 2494 985 Paulus
2516 949 2526 983 :
2546 949 2571 980 α
2593 932 2754 983 Ληηο
2774 930 2794 982 1
2811 929 2828 984 1
2848 928 3069 998 imperii
3084 929 3325 982 Heraclii
3341 928 3520 982 durus
3538 927 3713 998 Ches-

2119 1019 2242 1056 roes
2267 1004 2466 1072 jugum
2491 1018 2654 1054 suum
2685 1017 2855 1072 super
2877 997 3069 1072 omnes
3091 999 3343 1053 homines
3370 999 3504 1052 fecit
3529 999 3590 1051 in
3640 997 3715 1050 ef.

2119 1069 2652 1141 fusione'sanguinis
2664 1069 2946 1124 etratione
2959 1069 3320 1124 tributorum.
3339 1094 3362 1118 ι
3381 1072 3568 1138 Atque
3586 1085 3710 1122 eam

2118 1150 2512 1214 tempestatem
2541 1143 2711 1214 fugit,
2734 1143 2975 1214 Joannes
3032 1148 3259 1214 noster,
3280 1157 3392 1210 qua
3420 1141 3714 1214 occasione

2119 1211 2346 1296 arrepta
2371 1217 2451 1280 (ut
2479 1219 2675 1296 narrat
2691 1213 2960 1296 Leontius
2987 1217 3044 1265 et
3069 1212 3488 1296 hletaphrastesj
3516 1211 3716 1296 Miceta

2121 1281 2634 1362 patricius‘eumad
2662 1285 3061 1362 imperatorem
3099 1281 3373 1362 deducere
3400 1281 3603 1362 voluit,
3617 1281 3714 1362 qui

2121 1351 2181 1412 se
2199 1359 2317 1425 jam
2339 1356 2408 1410 ad
2453 1355 2660 1408 bellum
2705 1351 2899 1408 contra
2929 1355 3130 1408 Persas
3177 1353 3524 1423 accingebat,
3547 1359 3615 1406 ut
3635 1351 3714 1404 illi

2119 1427 2374 1482 videlicet
2392 1425 2836 1480 benedictionem
2850 1441 3008 1478 suam
3036 1425 3442 1496 impertiretur.

2193 1497 2301 1564 (90)
2334 1500 2399 1552 In
2432 1497 2718 1566 Rhodum]
2749 1497 2835 1550 Ita
2859 1502 3096 1565 uterque
3124 1495 3401 1550 manuscr.
3425 1495 3601 1560 Edit.,
3633 1497 3718 1548 in-

2123 1573 2357 1623 terdum.
2390 1569 2698 1621 Notissima
2733 1567 2917 1620 insula
2945 1567 3191 1621 Rhodus.

2195 1641 2304 1707 (91)
2351 1641 2475 1692 Veni
2491 1640 2668 1708 jubc.]
2697 1639 2781 1692 Ita
2809 1637 3418 1709 Manuscr.Aquicinct.
3454 1636 3718 1692 Gembla-

2064 1711 2319 1776 Bcensis,
2343 1710 2668 1772 ceni.Editi,
2701 1712 2886 1762 venire
2901 1711 3136 1776 juberis.
3177 1713 3284 1762 Vox
3326 1709 3444 1762 haec
3470 1711 3662 1776 jubeo,
3685 1725 3720 1761 a

2161 1781 2446 1836 osterioris
2475 1780 2574 1834 aevi
2605 1779 2980 1850 Scriptoribus
3027 1779 3174 1833 varie
3209 1785 3500 1850 usurpata.
3531 1781 3720 1850 Aure-

2144 1854 2230 1906 ius
2250 1853 2476 1906 Victor:
2538 1870 2564 1904 α
2588 1849 2986 1905 Maximianum
3034 1849 3433 1921 imperatorem
3472 1849 3662 1920 jubet.
3691 1870 3714 1899 1

2125 1925 2308 1978 Idem:
2349 1941 2371 1971 ι
2393 1924 2670 1976 Cmsarem
2695 1921 2875 1992 jubet.
2903 1941 2928 1972 ι
2957 1921 3115 1984 Quod
3145 1922 3532 1984 Casaubonus,
3567 1921 3720 1974 notis

2124 1995 2193 2048 ad
2205 1994 2432 2048 Elium.
2466 1994 2674 2046 Verum
2687 1992 2987 2062 Spartiani,
3007 1993 3158 2063 capit
3175 2009 3276 2064 pro
3295 1998 3463 2064 creat.
3491 1993 3587 2064 Sic
3608 2008 3720 2064 non

2125 2067 2308 2130 iubere
2336 2064 2546 2117 dictum
2569 2069 2729 2117 notat
2756 2079 2856 2134 pro
2879 2063 3187 2132 prohibere,
3209 2063 3270 2117 in
3285 2063 3610 2118 Alexandro
3624 2063 3723 2116 Se.

2123 2153 2252 2190 vero
2281 2134 2580 2205 Spartiani.

2199 2206 2304 2272 (92)
2323 2201 2724 2275 Ἀηδαϋιηηῑω]
2747 2201 2830 2259 Ita
2853 2204 3240 2260 formabantur
3267 2205 3374 2258 hoc
3401 2204 3609 2259 seculo
3625 2221 3725 2258 no—

2129 2278 2301 2331 mina.
2333 2277 2600 2331 Amathus
2640 2277 2942 2330 Ptolomaeo
2974 2282 3060 2330 est
3104 2276 3372 2347 Oppidum
3411 2275 3606 2346 Cypri,
3659 2281 3724 2329 ut

2124 2365 2158 2401 a
2180 2351 2356 2402 Persis
2389 2350 2632 2402 Persidos
2662 2347 2979 2400 formabant
3011 2347 3237 2401 Persida
3265 2347 3606 2400 nominandi
3626 2363 3723 2400 ca-

2125 2437 2210 2484 su,
2235 2419 2313 2473 ita
2337 2418 2406 2472 ab
2453 2420 2721 2473 Amathus
2778 2418 3134 2472 Amathuntis
3180 2419 3499 2472 formarunt
3557 2421 3727 2472 Ama-

2128 2492 2342 2553 thunta,
2377 2489 2545 2543 etiam
2572 2489 2898 2542 nominandi
2922 2505 3074 2542 casu.

2197 2560 2317 2630 (93)
2344 2563 2450 2614 [loc
2475 2558 2746 2632 econtra]
2782 2561 2984 2632 Totum
3019 2559 3122 2632 hoc
3153 2559 3468 2632 membrum
3493 2564 3724 2632 contra-

2126 2629 2300 2696 rium,
2328 2637 2385 2686 et
2411 2637 2602 2686 tamen
2631 2629 2820 2684 sensui
2851 2629 3248 2695 necessarium,
3285 2631 3444 2684 deest
3456 2629 3726 2684 omnibus

2128 2702 2483 2758 editionibus.
2518 2701 2779 2772 Supplevi
2801 2718 2866 2754 ex
2894 2707 3133 2772 utroque
3156 2701 3557 2772 Manuscripto.

2203 2774 2310 2846 (94)
2382 2772 2688 2846 ΤῃεΙιοηξς)
2750 2773 3015 2846 Μειηιιδε.Δ
3047 2772 3382 2846 Aquicipet._,
3441 2773 3721 2846 T_Iu'conis.

2131 2843 2414 2898 Manuscr.
2461 2843 2841 2908 Gemblacen.,
2905 2843 3175 2898 Tichonis.
3227 2843 3392 2907 Editi,
3462 2844 3721 2911 Tyronis.

2131 2915 2371 2969 Omnino
2397 2916 2660 2981 Tychonis
2690 2914 2989 2983 legendum
3019 2915 3180 2983 cujus
3210 2913 3486 2968 memoria
3533 2919 3727 2968 exstat

537 2982 653 3056 (87)
703 2985 1120 3056 Thuribulum,]
1149 2984 1344 3039 Simile
1405 2985 1679 3040 castitatis
1728 2985 2042 3056 exemplum
2062 3031 2102 3056 η
2128 2985 2187 3039 in
2216 2985 2421 3040 tabulis
2451 2982 2854 3039 ecclesiasticis.
2887 2982 3348 3055 Martyrologium
3375 2986 3724 3048 Romanum,

460 3072 608 3127 sup.,
645 3055 702 3108 in
723 3055 849 3109 Vita
871 3056 1048 3109 sancti
1080 3056 1291 3122 Basilii,
1321 3073 1440 3127 cap.
1475 3057 1526 3112 9.

529 3126 637 3196 (88)
673 3128 852 3180 Unum
875 3128 1223 3180 mendacium
1239 3126 1464 3196 propter
1476 3128 1694 3198 Deum]
1720 3129 1862 3182 Cave
1882 3126 2044 3180 intel-

454 3197 596 3268 ligas
625 3197 736 3252 ulla
758 3213 1005 3269 unquam
1038 3198 1254 3252 ratione
1281 3197 1689 3252 mentiendum.
1719 3200 1844 3269 Ipse
1870 3215 1929 3251 se
1950 3214 2044 3269 exe

452 3269 622 3339 plicat
650 3269 927 3339 quomodo
954 3268 1103 3339 piam
1131 3269 1274 3322 hanc
1302 3270 1555 3324 fraudem
1578 3268 2044 3333 intellexerit,etsi

451 3341 595 3394 alter
623 3356 814 3393 verum
838 3339 894 3393 in
924 3345 1077 3392 terra
1089 3341 1334 3411 pretium
1360 3341 1647 3394 inventum
1663 3340 2036 3394 existimabat.

527 3411 888 3482 (89)7Quamlo
904 3415 1253 3482 permittente
1270 3412 1652 3482 Deo.]Baron.,
1669 3411 1868 3477 t.VIII,
1894 3427 2041 3482 anno

454 3481 662 3536 Christi
681 3480 805 3546 6‘20,
837 3481 1107 3536 Bonifacii
1140 3481 1181 3534 V
1214 3499 1370 3552 papae
1399 3480 1454 3548 3,
1494 3483 1736 3536 Heraclii
1779 3482 1914 3552 imp.
1953 3481 2038 3534 11.

456 3498 805 3546 unrisuozu,
837 3498 1107 3536 boniracn
1144 3498 1172 3534 ν
1214 3499 1370 3552 papae
1399 3498 1454 3548 ὅ,
1494 3498 1736 3536 ueracm
1779 3498 1914 3605 imp;
1953 3498 2011 3534 11

456 3569 483 3604 α
516 3553 710 3618 Porro,
743 3551 946 3622 inquit,
987 3552 1081 3622 qui
1109 3553 1407 3634 exscripsit.
1429 3569 1494 3606 ex
1524 3559 1834 3676 (prototypo
1903 3553 2021 3605 leta

456 3624 741 3676 obrastem
781 3623 1198 3676 naranhrastice
1239 3623 1448 3676 aliauid
1489 3641 1522 3676 a
1563 3623 1769 3676 didisse
1801 3623 1872 3676 ad
1901 3624 2021 3676 Act:

493 3624 741 3676 hrastem
779 3622 1198 3692 paraphrastice
1239 3622 1448 3693 aliquid
1489 3622 1781 3677 addidisse
1801 3623 1872 3676 ad
1901 3624 2044 3676 Acta

493 3639 741 3676 urasrem
779 3639 1198 3692 parapurasuce
1239 3639 1448 3693 aliqum
1489 3639 1769 3677 ademisse
1801 3639 1872 3676 aa
1901 3639 2044 3676 aeta

449 3639 693 3774 Leontii,
723 3709 834 3746 non
865 3709 1154 3774 negamus,
1177 3699 1250 3774 ut
1278 3711 1399 3774 quae
1431 3701 1625 3774 postea
1647 3693 2044 3774 addidithaud

453 3764 690 3818 veritate
737 3763 1052 3817 constantia
1079 3762 1262 3818 verbis
1287 3762 1410 3818 istis
1431 3762 1494 3817 —:«
1527 3765 1616 3819 hic
1645 3781 1838 3818 revera
1867 3763 2044 3818 bonus

451 3841 660 3906 pastor,
711 3834 931 3888 divinus
977 3834 1207 3906 inquam
1245 3835 1582 3906 patriarcha,
1613 3836 1845 3889 credens
1888 3835 2046 3889 Prin-

453 3905 561 3976 Cipi
589 3910 879 3976 pastorum
910 3905 1150 3970 ChriSto,
1184 3905 1279 3975 qui
1303 3905 1466 3975 jubet
1497 3925 1508 3958 :
1542 3907 1605 3960 Si
1629 3909 1902 3974 persecuti
1927 3907 2044 3972 fue-

450 3979 571 4030 rint
589 3992 680 4032 eos
703 3979 764 4028 in
797 3993 914 4029 una
943 3979 1178 4029 civitate.
1201 3979 1377 4042 fugite
1401 3981 1466 4030 in
1499 3979 1677 4030 aliam
1707 3979 1923 4044 (Matth.
1950 3980 1998 4044 Χ)
2023 3995 2036 4028 :

449 4063 579 4100 cum
606 4050 756 4100 esset
779 4046 1115 4100 Alexandria
1143 4046 1418 4100 tradenda
1442 4047 1741 4101 Persarum
1756 4046 2033 4112 manibus,

448 4117 642 4170 divina
679 4116 1046 4187 providentia
1083 4115 1234 4170 illinc
1282 4117 1510 4187 quidem
1559 4118 1787 4182 recedit,
1834 4117 2041 4187 migrat

453 4192 646 4260 autem
673 4186 732 4239 in
761 4203 923 4240 suam
963 4187 1205 4256 patriam
1243 4186 1513 4260 Cyprum,
1543 4205 1708 4260 suum
1750 4188 1802 4242 ei
1839 4186 2039 4260 corpus

452 4257 778 4330 largiturus,
808 4261 877 4330 _ut
905 4273 1027 4327 quae
1053 4273 1183 4330 eum
1223 4257 1471 4327 aluerat;
1510 4259 1862 4330 prmsciverat
1891 4257 2042 4314 enim

445 4327 568 4400 jam
589 4327 1039 4400 appropinquare
1067 4328 1376 4400 decessum.
1415 4349 1436 4380 ι

526 4399 1000 4473 g_Hzec,inquam,
1018 4399 1086 4473 ab
1115 4399 1236 4470 ipso
1265 4400 1474 4473 addita,
1507 4401 1662 4473 nulla
1689 4402 1930 4473 estapud
1954 4418 2044 4456 me

427 4469 746 4525 .dubitatio.
779 4471 1000 4524 Etenim
1029 4469 1330 4525 Persarum
1355 4471 1732 4526 incursionem
1757 4469 1959 4527 factam
1986 4473 2044 4527 in

420 4602 423 4606 η
451 4541 876 4615 Egyptumdiu
905 4547 1035 4596 ante
1067 4542 1365 4612 contigisse
1385 4549 1598 4615 certum
1629 4550 1713 4598 est
1741 4561 1806 4598 ex
1835 4545 1904 4598 iis
1925 4561 2046 4615 qua:
2065 4515 2114 4574 Β

452 4613 718 4686 superius
731 4613 889 4686 dicta
915 4619 1081 4686 sunt,
1101 4629 1211 4684 quo
1247 4614 1655 4686 temporeipse
1689 4613 2046 4686 nequaquam

453 4683 614 4755 suam
643 4683 871 4755 reliquit
892 4683 1200 4749 ecclesiam,
1237 4691 1295 4738 et
1321 4683 1660 4751 silatebras,
1700 4683 2047 4755 ne_cap'tivus

453 4753 1060 4839 duceretur,_captasse
1078 4755 1282 4827 potuit.
1316 4757 1590 4839 C‘aaterum
1621 4756 1790 4839 hujus
1813 4753 2049 4839 Alcsim-

453 4824 578 4908 (λιθία
605 4824 962 4908 profectionis
990 4824 1317 4908 aliaeau-sa.
1343 4827 1619 4908 lopgeque
1657 4824 1878 4908 diversa
1919 4827 2042 4882 fuit.

456 4895 772 4969 Cumlenim
803 4895 1068 4969 virtutem
1105 4898 1249 4969 tanti
1269 4897 1373 4952 viri
1399 4895 1625 4952 Nicetas
1654 4899 1923 4969 patricius
1953 4914 2047 4952 co-

456 4965 760 5040 gnovisset,
778 4967 991 5040 optavit
1009 4983 1139 5040 eum
1163 4968 1366 5040 ducere
1395 4970 1465 5023 ad
1480 4965 1878 5040 imperatorem
1900 4969 2046 5040 Con-

457 5037 913 5112 stantin0polim,_
933 5055 1042 5112 quo
1076 5038 1146 5112 ab
1184 5039 1304 5112 ipso
1326 5037 1610 5112 percepta
1636 5039 2042 5112 benedictione,

455 5107 818 5182 securiorille
847 5108 917 5162 ad
949 5107 1232 5182 Persicum
1254 5107 1460 5182 bellum
1485 5107 1948 5182 proﬁcisceretur.
1983 5111 2047 5166 Id

455 5180 601 5252 quod
620 5180 1009 5252 demonstrant
1022 5181 1198 5251 ipsius
1209 5181 1377 5235 verba
1395 5180 1632 5249 Leontii,
1657 5199 1779 5252 qua:
1799 5198 2045 5252 sequun-

455 5251 567 5306 tur.
594 5269 620 5304 ιδ
649 5251 932 5304 Hactenus
959 5252 1250 5307 Baronius.

525 5323 820 5446 Optassem
851 5323 1128 5392 equidem,
1161 5323 1402 5378 Baronio
1423 5325 1478 5378 in
1498 5324 1771 5380 memoria
1796 5323 2040 5390 haesisse,

525 5410 565 5446 ιο
637 5393 938 5446 scripserat
955 5393 1012 5446 in
1037 5396 1424 5446 Martvrologio
1453 5397 1704 5446 Romano
1725 5397 1795 5446 ad
1812 5397 1961 5446 diem
1975 5394 2040 5446 ‘23

493 5393 604 5448 uod
637 5393 938 5466 scripserat
955 5393 1012 5448 in
1037 5396 1424 5466 Martyrologio
1453 5397 1704 5451 Romano
1725 5397 1796 5450 ad
1812 5397 1961 5450 diem
1975 5394 2043 5452 ‘23

488 5465 726 5536 anuarii,
757 5464 852 5517 ubi
869 5465 950 5518 ait
975 5464 1251 5536 duplicem
1274 5483 1394 5520 esse
1413 5467 1715 5521 editionem
1735 5474 1792 5522 et
1809 5468 2045 5522 transla-

455 5534 667 5610 tionem
691 5537 962 5610 Actorum
990 5534 1249 5610 Joannis;
1284 5553 1396 5610 non
1413 5537 1484 5610 de
1508 5538 1735 5608 periodo
1761 5539 2044 5610 illa,quasi

453 5621 489 5658 a
516 5604 895 5674 Metaphraste
932 5605 1146 5662 inserta
1173 5607 1265 5672 sit,
1297 5607 1380 5660 illi
1407 5607 1467 5661 in
1503 5604 1750 5666 mentem
1781 5604 2040 5664 venisset.

455 5675 602 5731 Nam
623 5680 682 5730 et
703 5675 986 5746 Leontius,
1021 5695 1190 5749 quem
1212 5677 1305 5734 hic
1331 5677 1568 5750 edimus,
1591 5681 1848 5738 eamdem
1867 5681 2067 5756 perio-'

2061 3031 2104 3090 C
2128 3031 2866 3138 ἴὸἱιῖτέἇὲἧξῇἱέἱί
2887 3031 3726 3138 ἷῐζῷἓῆιῖᾶῗὲὲἧεξί’ῖῇξῐῐι’ᾇιῖ’ίέ

2128 3127 2371 3198 episcopi
2399 3132 2652 3198 tempore
2680 3126 2977 3198 Theodosii
2993 3197 2997 3198 ί
3003 3126 3299 3196 junioris.»
3335 3126 3725 3196 Menologium

2178 3196 2385 3253 necum
2415 3204 2472 3252 et
2498 3196 2728 3263 Menam,
2764 3196 2828 3254 16
2851 3197 3024 3251 Junii.

2199 3270 2308 3336 (95)
2342 3271 2579 3341 Corpora
2603 3286 2704 3341 sua
2733 3267 3094 3341 separantcs.]
3119 3268 3321 3341 Etiam
3361 3268 3420 3341 in
3443 3269 3728 3341 primoge-

2126 3339 2222 3394 nia
2247 3341 2492 3394 Ecclesia
2521 3339 2702 3393 simile
2723 3339 2854 3410 quid
2876 3337 3328 3394 factum.Tertul.
3362 3340 3407 3394 Ι.
3431 3337 3501 3393 de
3516 3337 3725 3392 Anima

2123 3428 2172 3464 c.
2206 3411 2264 3465 51
2299 3429 2310 3463 :
2351 3432 2374 3460 σι
2413 3413 2511 3464 Est
2527 3417 2584 3464 et
2611 3411 2723 3464 alia
2750 3410 2948 3464 relatio
2979 3410 3126 3480 apud
3158 3417 3396 3476 nostros,
3429 3410 3487 3464 in
3527 3426 3725 3465 caeme-

2124 3481 2266 3535 terio
2285 3499 2485 3552 corpus
2512 3481 2730 3562 corpori
2753 3482 2911 3562 juﬂxta
2943 3481 3308 3562 collocando,_
3345 3481 3593 3562 spatium
3631 3497 3722 3562 re:

2027 3581 2044 3592 -
2123 3569 2284 3606 cessu
2311 3551 2774 3606 communicasse.
2805 3553 2862 3606 Si
2892 3558 2950 3606 et
2979 3551 3128 3622 apud
3159 3551 3408 3606 ethnicos
3440 3552 3557 3606 tale
3586 3551 3722 3622 quid

2123 3623 2382 3687 traditur,
2419 3624 2611 3694 utique
2623 3624 2772 3677 Deus
2800 3623 3092 3693 potestatis
3121 3639 3233 3677 suae
3253 3623 3413 3694 signa
3430 3622 3718 3694 proponit,

2125 3695 2242 3747 suis
2263 3694 2319 3747 in
2338 3693 2624 3761 solatium,
2655 3694 2935 3748 extraneis
2956 3694 3015 3746 in
3045 3693 3450 3748 testimonium:
3484 3713 3510 3745 »
3540 3693 3719 3748 Simi-

2125 3764 2484 3836 liaexempla
2506 3765 2562 3818 in
2601 3765 2726 3818 aliis
2757 3770 3078 3836 sanctorum
3112 3764 3239 3818 vitis
3269 3765 3473 3834 legisse
3503 3765 3716 3836 videpr.

2126 3835 2266 3889 Vide
2297 3833 2528 3906 Gregor.
2551 3836 2947 3906 Turonensemi
2965 3835 3034 3889 de
3054 3836 3244 3889 Gloria
3271 3833 3531 3899 confess,
3555 3853 3605 3906 ο.
3625 3833 3711 3891 3‘2.

2125 3905 2194 3959 de
2245 3906 2461 3960 duobus
2501 3906 2841 3973 amantibus,
2897 3905 2992 3960 ubi
3037 3907 3294 3978 sepulcra
3321 3923 3437 3960 ase
3477 3905 3717 3960 invicem

2124 3983 2352 4048 exarata
2380 3995 2438 4031 se
2460 3979 2716 4048 junxere.

2193 4047 2299 4128 (96)
2339 4051 2379 4102 Α
2411 4046 2631 4122 Rhoda]
2681 4049 2768 4103 Ita
2817 4053 3054 4119 uterque
3112 4049 3215 4103 Ms.
3263 4046 3431 4114 Editi,
3474 4048 3712 4112 Arbodo,

2160 4135 2380 4173 essnme.

2121 4135 2685 4263 ξιῖξξῗῗίιεααάηιλ
2707 4191 2792 4246 Ita
2805 4195 3043 4262 uterque
3071 4191 3174 4246 Ms.
3209 4189 3374 4254 Editi,
3402 4196 3710 4263 peccatum.

2125 4261 2231 4333 Sed
2259 4264 2555 4330 pittacium
2580 4261 2796 4316 rectum
2813 4261 3210 4327 esse,’suadent
3231 4261 3544 4333 sequentia.
3568 4262 3715 4316 Scri-

2123 4330 2276 4404 bitur
2297 4333 2626 4404 plerumque
2647 4338 2962 4404 pyctaeium
2986 4335 3066 4386 vel
3087 4330 3405 4402 pictacizim.
3438 4335 3607 4404 πύκτις
3630 4339 3716 4386 est

2125 4401 2364 4469 libellus,
2425 4401 2678 4475 epistola,
2716 4403 2942 4458 tabella.
2987 4401 3128 4458 Vide
3185 4405 3474 4458 Onomast.
3517 4403 3716 4458 Simile

2129 4475 2449 4546 exemplum
2479 4475 2538 4528 in
2569 4475 2698 4528 Vita
2727 4475 2936 4542 Basilii,
2969 4491 3156 4545 supra,
3182 4491 3384 4546 081).}.

2201 4545 2604 4617 i98)gLipsani.]
2636 4547 2723 4600 Ita
2742 4552 2889 4600 recte
2919 4552 3156 4617 uterque
3185 4545 3288 4600 Ms.
3315 4545 3381 4598 Et
3409 4545 3715 4614 Aquic.su-

2129 4616 2542 4686 perscribebat:
2569 4618 2628 4670 id
2656 4621 2748 4679 est,
2781 4619 3022 4685 corporis
3058 4616 3138 4671 uel
3178 4619 3574 4684 reliquiarum.
3608 4617 3717 4671 Ve-

2128 4685 2219 4740 tus
2234 4685 2424 4753 editio,
2462 4690 2687 4756 lipsam.
2710 4687 2866 4742 Unde
2893 4687 3238 4742 Coloniensis
3265 4687 3412 4752 fecit,
3444 4690 3584 4754 ipsa.

2203 4757 2308 4830 (99)
2345 4760 2456 4812 Uno
2487 4759 2618 4830 hinc
2633 4763 2681 4830 et
2702 4763 2873 4830 altero
2903 4761 3033 4830 hinc
3047 4756 3466 4830 aspitantibus.]
3494 4758 3582 4812 Ita
3599 4759 3717 4813 Ma-

2127 4828 2444 4899 nuscriptus
2463 4829 2902 4898 Aquicinctinus.
2937 4829 3082 4883 Editi
3115 4848 3126 4882 :
3163 4845 3274 4883 uno
3302 4828 3510 4882 hinc—et
3539 4833 3714 4883 altera

2129 4901 2256 4970 inde
2303 4903 2354 4952 ei
2389 4901 2783 4954 assistentibus.
2826 4901 2904 4954 Ex
2940 4900 3176 4954 lectione
3205 4899 3582 4970 Aquicinctini
3611 4903 3716 4956 Co-

2129 4969 2266 5022 dicis
2289 4971 2400 5024 fors
2421 4972 2545 5040 quis
2573 4970 2844 5024 divinabit
2866 4971 3182 5040 legendum,
3212 4971 3487 5024 stantibus
3509 4971 3597 5025 vel
3629 4989 3718 5026 as-

2123 5044 2488 5112 pectantibus.
2548 5041 2962 5112 Repraesentavi
3020 5047 3265 5095 veterem
3302 5042 3621 5108 lectionem,
3665 5045 3713 5098 si

2128 5111 2270 5193 torte
2288 5111 2578 5193 probasit,
2613 5118 2672 5166 et
2694 5112 2832 5193 alibi
2853 5112 3024 5193 etiam
3042 5113 3376 5193 reperiatur.
3407 5113 3634 5193 Invenio
3653 5115 3714 5193 in

2127 5181 2340 5236 Glossis
2377 5181 2574 5237 Isidori
2605 5201 2617 5236 :
2668 5183 2876 5252 Aspita,
2902 5181 3217 5238 ruinaflta
3245 5189 3303 5238 et
3325 5183 3382 5238 in
3427 5183 3714 5240 Glossario

2124 5253 2226 5308 Ms.
2256 5253 2709 5309 Camberonensi.

2200 5325 2351 5398 (1‘00),
2377 5325 2570 5398 Sancti
2595 5327 2868 5398 martyris
2884 5325 3156 5398 gelenius]
3190 5326 3592 5398 _Festumejus
3625 5343 3713 5381 oc-

2125 5395 2300 5450 currit
2338 5397 2396 5450 in
2447 5395 2753 5465 Menologio
2792 5402 2849 5450 et
2881 5397 3107 5450 Mameis
3132 5395 3204 5452 711
3239 5395 3586 5452 Novembris.
3642 5399 3712 5452 Et

2124 5472 2314 5538 tamen
2340 5466 2626 5538 iniisdem
2657 5467 2886 5520 Joannis
2914 5467 3116 5522 festum
3141 5467 3367 5538 ponitur
3383 5468 3456 5523 12
3474 5470 3710 5524 Novem-

2125 5536 2256 5590 bris.
2289 5537 2733 5610 Anhoc‘factum
2755 5555 2821 5591 ex
2832 5536 3199 5592 translatione
3227 5539 3528 5610 festi,quod
3559 5541 3712 5596 Men-

2124 5607 2648 5681 nasceleberrimus
2703 5614 2825 5663 erat
2858 5615 3074 5681 martyr
3091 5614 3210 5664 toto
3230 5607 3460 5667 Oriente
3486 5616 3653 5666 notus
3684 5612 3709 5665 ?

2123 5679 2200 5766 Ut
2225 5678 2427 5735 Joanni
2452 5678 2604 5736 diem
2619 5686 2949 5753 sequentem
2973 5678 3256 5738 dederint?
