3878 6458
1561 563 1714 612 JULII
1757 562 1892 608 VIII.
2514 576 2531 585 ‘

893 706 2556 834 νπυιεΔΝπτοπυΜι

393 942 1475 1094 EPICTETI
1573 942 3058 1096 PRESBYTERI

1588 1164 1796 1259 ἘΤ

728 1371 1580 1507 ASTIONIS
1670 1372 1685 1505 ἶ

1771 1371 2524 1506 [ONACHI
2633 1442 2743 1520 (ι),

1184 1607 1721 1706 AUCTORE
1779 1607 2299 1703 INCERTO.

172 1918 341 1973 CAPUT
359 1931 659 1975 pamum.—
672 1919 1042 1991 Temporibus
1065 1920 1400 1978 Diocletiani
1415 1923 1687 1994 profanis-
1699 1922 1893 1982 Acum
1912 1922 2115 1993 pignus
2124 1937 2226 1993 per
2243 1925 2400 1976 tuam
2416 1921 2660 1992 gratiam
2672 1937 3006 1993 recuperare
3023 1921 3083 1976 in
3112 1921 3360 1993 priorem

111 2007 220 2061 simi
246 2008 598 2081 imperatoris
630 2007 727 2081 (‘2),
750 2015 873 2065 erat
887 2011 1114 2082 quidam
1129 2011 1423 2086 presbyter
1440 2014 1501 2068 in
1511 2014 1682 2085 parti-
1761 2011 2018 2065 habitum
2030 2010 2284 2082 dignare,
2295 2016 2356 2065 ut
2366 2018 2635 2081 agnoscat
2645 2011 2761 2065 hare
2768 2010 3058 2081 generatio
3073 2010 3362 2066 incredula

109 2095 199 2150 bus
250 2098 512 2165 Orientis,
547 2098 776 2153 nomine
824 2100 1135 2171 Epictetus,
1156 2101 1479 2172 religiosam
1508 2103 1680 2158 vitam
1764 2105 1821 2154 et
1833 2116 2113 2171 perversa,
2136 2104 2397 2154 sanctum
2412 2106 2467 2154 et
2482 2100 2731 2155 terribile
2746 2117 2950 2155 nomen
2964 2106 3126 2155 tuum
3152 2101 3355 2169 colere,

108 2201 276 2256 agens,
309 2192 364 2241 et
392 2191 582 2242 castus
599 2187 659 2242 in
678 2189 830 2243 omni
844 2205 947 2244 sua
973 2191 1392 2245 conversatione
1416 2191 1679 2248 existens.
1764 2194 1822 2243 et
1849 2206 2114 2243 enarrare
2140 2188 2530 2246 mirabiliatua
2556 2190 2616 2244 in
2644 2190 2798 2244 omni
2824 2194 3097 2261 tempore.
3121 2190 3363 2275 Etﬁnita

109 2274 198 2329 Hic
223 2292 458 2349 namque
480 2294 515 2332 a
538 2294 712 2348 parva
741 2279 976 2333 aetatein
995 2279 1219 2334 servitio
1230 2280 1454 2335 Domini
1466 2281 1681 2335 enutri-

110 2367 206 2431 tus,
240 2366 597 2422 exercebatur
642 2366 702 2421 in
740 2367 999 2423 omnibus
1022 2369 1521 2440 justiﬁcationibus
1548 2370 1682 2424 Jesu

111 2452 293 2508 Christi
342 2458 510 2524 (Psal.
575 2455 783 2518 cxvm).
845 2457 986 2512 Cum
1042 2462 1232 2512 autem
1278 2458 1349 2512 ad
1399 2464 1682 2513 maturam

111 2543 432 2612 pervenisset
473 2550 717 2612 aetatem,
768 2552 833 2599 ut
887 2546 1114 2601 Samuel
1158 2546 1440 2617 quondam
1500 2547 1683 2619 ephod

110 2633 427 2688 sacerdotale
451 2634 767 2705 promeruit
793 2640 1021 2706 portare
1070 2638 1122 2703 (Ι
1146 2638 1269 2703 Reg.
1294 2646 1375 2702 II),
1436 2653 1501 2691 eo
1534 2636 1681 2707 quod

112 2721 271 2775 multa
320 2722 487 2794 signa
536 2740 600 2777 ac
645 2723 904 2795 prodigia
945 2741 1047 2795 per
1092 2741 1221 2779 eum
1259 2724 1449 2779 divina
1498 2724 1685 2796 gratia

111 2808 162 2861 in
212 2811 462 2866 omnibus
534 2812 894 2885 cperabatur.
933 2813 1187 2884 Denique
1223 2830 1498 2869 caecorum
1535 2831 1682 2885 saepe

115 2898 280 2953 oculos
308 2900 658 2956 orationibus
686 2900 1059 2967 illuminabat,
1093 2903 1191 2956 sed
1227 2908 1282 2957 et
1318 2904 1568 2975 leprosos
1612 2902 1684 2957 ad

112 3003 162 3040 se
182 2989 456 3045 venientes
489 2990 852 3058 emundabat,
880 2990 1219 3063 paralyticos
1248 2992 1501 3059 sanabat,
1534 3009 1597 3046 ac
1615 2992 1686 3047 de

116 3074 330 3132 obsessis
355 3079 687 3152 corporibus
710 3080 987 3134 daemonia
1015 3080 1316 3151 eﬁ‘ugabat.

170 3165 291 3222 CAP.
312 3168 642 3239 II.-Igitur
668 3184 784 3224 una
821 3186 853 3224 e
878 3168 1095 3236 diebus,
1129 3169 1264 3225 dum
1306 3170 1458 3225 solus
1487 3187 1591 3225 sua
1625 3170 1685 3224 in

115 3253 236 3307 cella
260 3256 623 3322 resideret,ac
635 3257 829 3312 solitas
844 3258 1126 3312 orationes
1142 3258 1364 3313 Christo
1379 3257 1683 3325 exhiberet,

112 3344 340 3411 quaedam
351 3346 544 3418 puella
557 3346 777 3401 comitis
789 3347 1085 3418 cujusdam
1100 3348 1233 3414 ﬁlia,
1242 3347 1501 3402 omnibus
1516 3364 1688 3401 mem-

113 3429 209 3486 bris
226 3441 430 3505 prazter
450 3436 709 3507 linguam
723 3441 845 3491 tota
859 3446 1086 3491 mortua
1113 3437 1184 3491 ad
1198 3454 1324 3491 eum
1339 3437 1684 3510 perducitur.

113 3519 342 3594 Cumque
362 3542 464 3596 pro
483 3525 702 3580 foribus
730 3527 852 3597 ejus
872 3531 1036 3598 pater
1064 3525 1235 3580 ﬁliam
1262 3527 1564 3598 posuisset,
1594 3526 1684 3580 in-

109 3625 312 3678 gressus
340 3615 459 3685 ipse
483 3615 558 3670 ad
588 3620 864 3682 sanctum,
880 3615 1117 3685 genibus
1132 3617 1253 3687 ejus
1263 3615 1446 3670 subito
1463 3615 1688 3670 advolu-

112 3702 207 3766 tus,
236 3702 419 3757 taliter
430 3704 685 3759 clamans
697 3704 985 3760 etdicens:
1012 3706 1280 3760 Miserere
1310 3705 1440 3772 mei,
1466 3721 1498 3759 o
1517 3705 1686 3758 homo

112 3787 200 3843 Dei
226 3793 436 3861 excelsi,
468 3810 539 3849 eo
562 3795 709 3866 quod
723 3794 875 3850 Deus
914 3798 1064 3861 tuus,
1101 3798 1254 3849 totus
1295 3793 1611 3848 misericors
1630 3797 1690 3847 et

115 3878 386 3937 miserator
414 3900 448 3938 a
478 3883 657 3939 servis
687 3882 803 3938 suis
833 3883 1255 3955 pronuntiatur.
1304 3883 1388 3938 Ne
1414 3882 1554 3936 velis
1577 3899 1688 3947 me,

116 3984 295 4038 quaeso,
318 3974 594 4044 projicere
610 3972 792 4028 afacie
803 3978 922 4040 tua,
949 3989 1074 4027 cum
1097 3973 1193 4027 ille
1203 3977 1496 4042 gratanter
1512 3971 1691 4026 susci-

116 4056 214 4125 piat
240 4076 427 4116 omnes
458 4063 531 4117 ad
563 4078 622 4116 se
643 4062 1047 4132 confugientes.
1100 4062 1216 4131 Ego
1271 4061 1418 4115 enim
1465 4060 1688 4115 unicam

115 4144 269 4203 habeo
290 4151 460 4206 ﬁliam
492 4167 673 4206 annos
697 4150 811 4206 fere
832 4168 899 4205 xv
926 4150 1109 4206 aetatis
1137 4154 1419 4221 agentem,
1449 4150 1546 4204 sed
1571 4149 1690 4204 haec

116 4250 200 4303 per
210 4239 507 4295 triennium
524 4240 793 4312 temporis
809 4239 1027 4295 animia
1035 4239 1282 4311 paralysi
1295 4238 1571 4293 dissoluta
1581 4244 1684 4292 est.

115 4323 286 4397 Itaque
320 4346 433 4385 non
447 4329 646 4385 dubito
664 4329 813 4407 quod
852 4329 947 4383 ille
965 4329 1061 4401 qui
1079 4343 1157 4383 xn
1187 4328 1691 4383 annorumﬂuxum

116 4417 379 4485 sanguinis
420 4419 714 4474 restrinxit
731 4419 946 4487 (Matth.
971 4417 1069 4487 1x),
1104 4418 1331 4489 poterit,
1362 4418 1410 4471 si
1428 4417 1688 4485 voluerit,

119 4507 166 4555 et
177 4504 291 4561 ﬁlia:
304 4524 440 4563 mea;
454 4525 561 4581 per
570 4512 626 4562 te
642 4508 920 4579 integram
936 4504 1384 4562 incolumitatem
1400 4512 1687 4578 praestare,

1764 2278 2034 2345 oratione,
2044 2279 2112 2333 de
2121 2279 2465 2333 sanctiﬁcato
2478 2280 2600 2334 oleo
2617 2280 2815 2351 puellae
2826 2279 3078 2334 membra
3098 2279 3360 2334 universa

1762 2368 2044 2438 perunxit.
2061 2367 2194 2432 Quae
2210 2368 2354 2422 hanc
2367 2368 2663 2422 sanitatem
2676 2386 2740 2422 ac
2750 2368 3026 2423 medelam
3039 2374 3354 2435 consecuta,

1764 2472 1878 2510 una
1890 2473 2015 2510 cum
2028 2456 2357 2528 parentibus
2368 2456 2483 2511 suis
2500 2457 2803 2511 Dominum
2817 2457 3360 2512 benedicebat.Tunc

1764 2551 1989 2599 sanctus
2027 2545 2312 2616 Epictetus
2333 2546 2596 2617 praecepit
2616 2546 2765 2617 patri
2797 2546 2996 2617 puellae
3040 2547 3266 2601 dicens:
3301 2547 3361 2601 Si

1764 2634 1939 2706 cupis,
1971 2651 2003 2688 o
2023 2634 2351 2689 charissime
2363 2635 2704 2701 mi,utnulla
2729 2635 2797 2688 de
2813 2636 3030 2706 reliquo
3062 2636 3363 2690 inﬁrmitas

1765 2740 1865 2778 seu
1894 2723 2109 2777 vexatio
2135 2723 2399 2795 aliquain
2415 2724 2581 2778 domo
2596 2728 2696 2778 tua
2714 2725 3029 2795 praevaleat,
3064 2743 3163 2797 per
3176 2726 3363 2796 singu-

1767 2813 1850 2866 las
1871 2813 2213 2883 septimanas
2223 2830 2352 2866 cum
2373 2812 2525 2867 omni
2544 2818 2644 2867 tua
2653 2812 2866 2867 familia
2880 2814 3161 2868 dominica
3173 2831 3363 2870 sacra-

1767 2906 1961 2955 menta
1982 2918 2113 2955 cum
2142 2901 2435 2956 devotione
2454 2902 2653 2956 intima
2681 2906 2739 2956 et
2766 2903 2976 2958 mundo
2999 2904 3165 2958 corde
3180 2905 3363 2976 perci-

1767 3006 1901 3061 pere
1920 2991 2142 3044 Iestina.
2170 2990 2299 3045 Haec
2315 3007 2442 3044 cum
2477 2990 2725 3057 dixisset,
2750 2992 2943 3046 laetum
2983 3009 3112 3046 eum
3139 2998 3197 3047 et
3218 2993 3364 3048 bono

1768 3077 1958 3132 animo
1989 3095 2117 3132 cum
2146 3078 2406 3134 omnibus
2445 3080 2513 3133 ad
2546 3080 2773 3151 propria
2803 3080 2957 3134 abire
2984 3080 3245 3152 imperat.

1841 3167 1973 3223 CAP.
2007 3168 2108 3223 III.
2126 3198 2191 3208 —
2212 3168 2355 3222 Item
2376 3168 2487 3221 alio
2507 3174 2779 3239 tempore,
2822 3169 3197 3225 daamoniacus
3246 3171 3367 3241 qui-

1770 3255 1902 3310 dam
1914 3256 1985 3309 ad
2007 3272 2137 3310 eum
2167 3256 2458 3310 deductus.
2485 3257 2662 3320 Quem
2674 3274 2802 3311 cum
2821 3275 3011 3312 secum
3041 3259 3244 3329 degere
3263 3260 3366 3314 Dei

1768 3344 1937 3399 homo
1968 3345 2208 3412 fecisset,
2234 3345 2395 3416 coepit
2408 3346 2660 3400 triduum
2680 3347 2870 3400 taliter
2883 3346 3137 3402 diabolus
3153 3347 3225 3402 ad
3235 3364 3367 3403 eum

1768 3434 2061 3488 vociferari
2081 3439 2139 3488 et
2165 3434 2351 3488 dicere
2385 3452 2397 3488 :
2432 3434 2477 3490 Ο
2503 3452 2654 3501 cmx,
2688 3451 2720 3489 ο
2750 3440 3053 3505 tormenta,
3093 3454 3215 3508 qua:
3244 3437 3368 3492 sine

1771 3540 1938 3578 causa
1968 3523 2172 3594 patior.
2205 3523 2384 3587 Quam
2420 3523 2560 3578 bene
2590 3524 2729 3578 mihi
2769 3542 2992 3596 semper
3018 3525 3078 3580 in
3108 3527 3368 3599 Phrygiae

1766 3612 2021 3684 partibus
2048 3617 2188 3680 erat,
2220 3614 2497 3684 quomodo
2542 3613 2789 3684 quotidie
2815 3614 3136 3670 hominibus
3180 3621 3371 3684 τις

1767 3719 1959 3756 meum
1990 3701 2329 3756 sacriﬁcium
2358 3703 2644 3773 ritumque
2689 3703 3033 3758 suadebam?
3058 3704 3116 3758 in
3142 3706 3369 3776 quantis

1773 3790 1963 3861 itaque
1984 3790 2292 3844 honoribus
2318 3806 2420 3860 ego
2449 3791 2621 3845 miser
2639 3791 2753 3845 illic
2772 3792 3066 3861 degebam,
3097 3794 3195 3847 sed
3220 3810 3370 3849 nunc

1772 3894 1949 3950 usque
1970 3895 2083 3933 non
2112 3878 2376 3942 intellexi,
2416 3895 2481 3934 eo
2529 3880 2677 3951 quod
2706 3881 2932 3935 levitate
2965 3881 3211 3951 quadam
3238 3881 3370 3936 inde

1773 3969 1977 4023 recessi
2006 3969 2184 4023 ethuc
2208 3968 2453 4040 perveni.
2489 3968 2681 4040 Ego(3)
2700 3986 2943 4041 namque
2972 3987 3097 4025 sum
3124 3971 3237 4038 ille,
3274 3970 3372 4043 qui

1769 4074 1870 4128 per
1896 4058 2225 4111 Montanum
2264 4058 2508 4129 plurima
2532 4058 2719 4125 verba,
2754 4066 2812 4114 et
2832 4059 3182 4131 blasphemia
3205 4061 3373 4133 plena

1769 4146 1997 4217 protuli.
2018 4147 2132 4217 Ego
2154 4164 2255 4218 per
2268 4147 2633 4203 Maximillam
2658 4148 2877 4204 diversa
2903 4150 3220 4221 perpetravi
3250 4167 3371 4206 sce-

1770 4233 1907 4289 lera.
1936 4236 2051 4306 Ego
2071 4241 2249 4291 totam
2278 4236 2435 4291 illam
2463 4237 2753 4308 regionem
2782 4239 2853 4293 ad
2875 4256 3061 4294 meam
3092 4241 3371 4297 culturam

1774 4324 2083 4396 sordesque
2110 4325 2345 4380 detraxi.
2370 4327 2486 4398 Ego
2500 4344 2602 4398 per
2614 4328 2812 4382 Arium
2831 4329 3268 4385 Alexandrinam
3281 4348 3372 4386 ur-

1774 4412 1902 4468 bem
1940 4413 2140 4481 invasi,
2170 4420 2339 4486 atque
2360 4421 2425 4470 ut
2443 4416 2647 4471 Filium
2672 4418 2772 4473 Dei
2802 4419 2908 4473 vivi
2936 4427 3252 4476 creaturam
3284 4422 3373 4476 di-

1776 4509 1945 4570 ceret,
1960 4505 2235 4576 persuasi.
2257 4505 2374 4574 Ego
2387 4523 2487 4576 per
2502 4506 2726 4561 Mancm
2744 4508 3178 4563 Manichaeorum
3201 4510 3375 4564 haere-

121 4606 174 4643 eo
200 4596 338 4664 quod
366 4597 499 4653 ﬁdei
520 4596 698 4669 ipsius
719 4613 823 4652 nos
841 4597 1110 4661 vovimus,
1147 4602 1203 4651 et
1230 4596 1332 4651 ﬁlii
1361 4602 1568 4651 sanctae
1592 4592 1754 4655 Ec-C
1774 4593 1882 4648 sim
1933 4593 2174 4661 institui,
2203 4599 2372 4665 atque
2399 4599 2465 4649 ut
2498 4594 2635 4648 mihi
2685 4596 2906 4666 jejunia
2955 4605 3367 4668 consecrarent,

120 4679 277 4738 (διεξίω
292 4685 604 4753 existimus,
636 4693 806 4758 atque
826 4686 885 4741 in
913 4686 1142 4741 nomine
1172 4686 1357 4741 Patris
1399 4690 1457 4740 et
1482 4685 1608 4740 Filii
1636 4692 1694 4740 et
1774 4681 2013 4736 ostendi.
2035 4682 2153 4751 Ego
2179 4699 2281 4753 per
2300 4683 2586 4737 Donatum
2606 4688 2782 4738 totam
2794 4685 3039 4739 Africam
3066 4686 3370 4742 devastavi.

124 4767 339 4839 Spiritus
357 4777 540 4831 sancti
565 4791 764 4830 sumus
782 4775 1070 4847 baptizati.
1118 4775 1236 4830 Hoc
1253 4774 1487 4830 audiens
1515 4790 1694 4829 sacer-
1775 4771 1844 4825 Et
1868 4786 2011 4835 ecce,
2036 4786 2187 4825 nunc
2215 4770 2284 4824 ab
2300 4788 2411 4825 uno
2431 4771 2642 4826 famulo
2656 4778 2754 4827 tuo
2779 4779 2844 4828 ut
2858 4775 3204 4846 mancipium
3224 4776 3371 4849 fugi-

121 4856 204 4912 dos
222 4861 457 4930 Domini,
469 4864 645 4936 jussit
653 4865 1058 4937 puellamintro
1077 4864 1147 4918 ad
1169 4880 1229 4919 se
1246 4863 1495 4936 perduci.
1512 4863 1694 4928 Quam
1773 4858 1950 4914 tivum
1977 4859 2180 4930 ligatus
2196 4864 2410 4927 teneor,
2437 4876 2469 4915 o
2482 4860 2722 4916 Christe.
2744 4863 2874 4917 Haec
2893 4869 2950 4918 et
2978 4865 3141 4936 plura
3169 4867 3373 4922 horum

122 4962 228 5003 cum
253 4957 380 5007 ante
397 4953 578 5025 ipsius
600 4953 1247 5026 pedespaterposuisset,
1281 4951 1474 5008 taliter
1495 4969 1597 5025 pro
1627 4970 1695 5008 ea
1775 4949 2027 5004 daemone
2051 4948 2405 5017 vociferante,
2438 4966 2474 5003 a
2508 4949 2673 5005 beato
2698 4951 2817 5006 viro
2848 4952 3188 5025 increpatus,
3206 4957 3374 5011 tertio

123 5032 267 5094 homo
282 5040 381 5097 Dei
399 5043 942 5115 precesprofuditad
962 5042 1267 5098 Dominum
1283 5043 1463 5098 Deum
1481 5042 1690 5097 dicens:
1776 5038 1866 5092 die
1913 5055 1949 5092 a
2002 5054 2103 5093 suo
2147 5038 2427 5093 domicilio
2456 5040 2702 5106 recessit,
2753 5048 3102 5115 purgataque
3136 5062 3378 5118 persona

122 5122 249 5183 Deus
274 5137 498 5199 aeterne,
521 5132 767 5204 agitator
778 5131 1086 5199 cherubim,
1113 5131 1209 5204 qui
1227 5132 1296 5186 de
1308 5132 1445 5187 coelo
1474 5132 1699 5186 descen-
1781 5127 2011 5183 Christo
2030 5127 2269 5183 Domino
2296 5128 2510 5199 gratias
2541 5129 2841 5187 referebat.

122 5212 249 5285 disti,
278 5226 342 5275 ut
367 5221 632 5294 paradiso
657 5222 943 5277 exulatum
991 5221 1051 5277 in
1090 5221 1382 5293 antiquam
1402 5220 1698 5276 reduceres
1855 5219 1983 5273 CAP.
2010 5218 2104 5272 IV.
2141 5248 2207 5259 —
2235 5218 2360 5272 Alio
2382 5234 2576 5273 rursus
2600 5224 2855 5291 tempore
2893 5238 3037 5276 caeca
3064 5222 3269 5277 mulier
3304 5222 3376 5278 ad

122 5310 528 5379 possessionem,
549 5311 644 5383 qui
674 5328 773 5383 per
790 5310 1164 5367 humanitatis
1186 5315 1297 5365 tuae
1328 5310 1700 5381 dispensatio-
1784 5323 1912 5361 eum
1941 5306 2210 5378 perducta
2228 5311 2331 5374 est,
2354 5312 2410 5361 et
2430 5311 2586 5362 stans
2622 5325 2812 5364 coram
2840 5309 2980 5380 ipso,
3000 5310 3191 5365 taliter
3210 5311 3381 5365 deﬁe-

124 5407 229 5450 nem
243 5404 491 5456 nostram
507 5400 896 5456 inﬁrmitatem
917 5399 1313 5472 suscepisti,ut
1326 5405 1382 5454 te
1409 5415 1512 5454 nos
1533 5400 1590 5454 in
1606 5416 1704 5454 no-
1785 5395 1883 5450 bat
1907 5396 2096 5451 dicens
2120 5415 2131 5449 :
2158 5396 2264 5460 Qui
2280 5396 2375 5462 sis,
2407 5411 2681 5467 agnosco;
2720 5398 2819 5452 sed
2842 5403 2899 5452 et
2926 5404 3201 5469 quantum
3230 5400 3380 5470 apud

128 5484 237 5540 stris
253 5486 399 5545 vasis
420 5488 688 5545 ﬁctilibus
700 5490 988 5562 possidere
1018 5504 1462 5562 promereamur,
1494 5504 1698 5560 quaeso,
1786 5485 1968 5541 Deum
1991 5486 2196 5553 valeas,
2223 5485 2408 5540 credo.
2447 5486 2532 5541 Ne
2549 5501 2682 5557 ergo
2702 5486 2837 5541 velis
2873 5485 3161 5559 despicere
3182 5487 3382 5545 ﬂetum

127 5569 349 5645 Domine,
383 5595 595 5652 quasso,
627 5579 863 5651 dignare
883 5579 1161 5651 respicere
1190 5578 1249 5633 in
1282 5579 1451 5634 ﬁdem
1499 5578 1762 5654 famuliD
1788 5593 1997 5643 meum,
2018 5592 2121 5631 nec
2154 5576 2211 5630 in
2245 5592 2450 5631 vanum
2480 5575 2681 5630 ducere
2703 5575 3145 5632 obsecrationem
3173 5595 3380 5635 meam.

127 5661 195 5716 fni
221 5682 234 5730 ;
261 5672 315 5722 et
337 5668 485 5725 sicut
516 5669 693 5725 ﬁliam
721 5667 1154 5742 archisynagogi
1183 5667 1252 5723 de
1285 5667 1485 5723 mortis
1505 5667 1697 5738 januis
1785 5665 1980 5722 Totius
2022 5681 2266 5737 namque
2293 5665 2588 5736 provinciae
2619 5665 2789 5735 hujus
2804 5666 3006 5721 medici
3036 5683 3197 5723 suam
3214 5668 3274 5724 in
3295 5687 3385 5725 me

126 5757 366 5813 revocasti
394 5758 469 5815 ad
497 5757 673 5815 vitam
694 5760 889 5827 (Marc.
920 5758 995 5829 v),
1016 5757 1100 5814 ita
1136 5762 1195 5813 et
1214 5772 1365 5814 nunc
1390 5756 1559 5827 hujus
1578 5756 1700 5813 uni-
1781 5754 2140 5827 prudentiam
2163 5753 2613 5825 industriamque
2630 5759 2970 5824 exercentes,
2992 5755 3052 5813 in
3078 5758 3232 5814 nullo
3260 5775 3388 5831 pro-

346 5858 619 5922 PATROL.
664 5858 943 5922 LXXIII.

3072 5859 3147 5919 l3
