3878 6422
485 397 590 454 395

1496 395 1590 449 DE
1626 393 1816 450 VITIS
1853 391 2149 449 PATRUM
2187 391 2400 447 LIBER
2436 393 2726 449 PRIMUS.

3647 395 3748 452 396

483 524 644 578 desse
672 524 977 594 potuerunt
999 538 1012 587 ;
1045 519 1142 573 sed
1167 523 1224 572 et
1239 523 1514 589 quantum
1534 519 1592 572 in
1605 535 1694 572 me
1719 535 1878 572 suam
1891 518 2135 576 artemA
2151 517 2394 587 partitur
2421 518 2612 572 dicens
2637 537 2647 572 :
2669 518 2887 573 Suadeo
2905 517 3006 572 tibi
3023 535 3252 573 emerea
3271 535 3363 573 me
3383 519 3749 588 aurumigni—

481 613 1026 674 demonstraverunt,
1060 609 1119 662 in
1147 613 1369 662 tantum
1399 624 1501 676 ego
1544 607 1751 660 misera
1789 607 2072 660 doloribus

481 699 1004 755 dissolvebar.Unde
1026 697 1256 751 obsecro
1268 696 1625 756 sanctitatem
1638 701 1794 756 tuam
1807 702 1870 749 ut
1881 696 2072 766 digne~

479 791 557 844 ris
591 788 988 843 tantummodo
1030 787 1472 840 dextemmtuam
1499 802 1668 855 super
1696 785 1883 838 oculos
1915 802 2068 837 meos

476 880 534 934 in
563 879 789 932 nomine
811 875 1020 936 Christi
1047 875 1132 932 tui
1169 875 1477 945 imponere,
1507 879 1562 929 et
1582 873 1746 931 credo
1767 873 1915 944 quod
1942 891 2069 931 mox

474 983 730 1020 meorum
759 965 1038 1026 luminum
1067 963 1206 1020 visio
1237 980 1337 1034 per
1357 968 1410 1016 te
1435 961 1574 1021 mihi
1594 961 1892 1018 tribuatur.
1913 962 2069 1018 Tunc

474 1062 701 1111 sanctus
755 1055 1039 1126 Epictetus
1086 1053 1371 1106 admirans
1426 1051 1596 1120 hujus
1627 1050 1846 1103 feminae
1876 1051 2062 1114 Iidem,

472 1145 761 1199 dexteram
791 1160 950 1197 suam
979 1159 1150 1212 super
1163 1142 1352 1195 oculos
1382 1141 1503 1208 ejus
1521 1139 1726 1209 posuit,
1745 1139 2065 1208 gloriﬁcans

472 1233 700 1289 Domini
729 1232 1059 1295 bonitatem,
1093 1235 1150 1284 et
1193 1229 1382 1283 dicens
1411 1228 1482 1281 ad
1521 1244 1682 1280 eam:
1747 1228 2065 1280 Secundum

474 1323 621 1395 quod
645 1319 952 1385 credidisti,
979 1337 1010 1373 ο
1041 1318 1176 1384 ﬁlia,
1207 1319 1306 1371 ﬁat
1325 1316 1447 1376 tibi.
1471 1317 1667 1376 Adhuc
1695 1315 1864 1370 verba
1886 1315 1946 1375 in
1968 1333 2066 1373 ore

470 1412 678 1470 Christi
709 1409 1015 1464 sacerdotis
1035 1406 1416 1474 volvebantur,
1449 1411 1506 1466 et
1524 1411 1752 1476 repente
1773 1405 2064 1476 patefactis

473 1500 654 1556 oculis
703 1498 908 1552 mulier
953 1498 1146 1550 lumen
1172 1496 1404 1566 aspexit,
1433 1495 1682 1548 clamans
1728 1501 1786 1548 et
1825 1495 2012 1548 dicens
2046 1514 2056 1547 :

471 1589 666 1645 Gloria
691 1587 812 1652 tibi,
846 1587 994 1640 Deus
1030 1585 1498 1650 Christianorum,
1536 1584 1630 1662 qui
1674 1600 1788 1644 non
1820 1583 2061 1659 despicio

468 1684 790 1750 peccatores
835 1677 894 1730 in
943 1691 1130 1730 errore
1160 1675 1386 1745 positos,
1413 1673 1509 1726 sed
1540 1679 1768 1743 propter
1797 1689 2059 1741 magnam

469 1765 910 1822 misericordiam
939 1771 1096 1818 tuam
1119 1761 1354 1832 suscipis
1367 1769 1423 1815 et
1444 1762 1625 1815 salvas
1653 1762 1723 1814 ad
1753 1768 1807 1815 te
1835 1777 2060 1814 conver-

2152 613 2274 659 tum
2307 608 2621 676 probatum,
2647 615 2710 661 ut
2738 609 2982 679 locuples
3015 609 3116 662 ﬁas
3146 615 3201 661 et
3234 608 3593 662 vestimentis
3619 608 3751 662 albis

2151 695 2422 764 induaris,
2448 703 2511 749 ut
2538 711 2650 754 non
2681 701 2952 768 appareat
3005 696 3252 750 confusio
3309 697 3591 750 nuditatis
3642 703 3747 752 tua:

2155 785 2336 853 (Apoc.
2360 786 2694 854 In).Aurum
2725 803 2856 856 ergo
2875 785 2978 838 hoc
3009 784 3248 855 ignitum
3275 784 3582 855 probatum
3597 785 3750 839 Chri-

2151 883 2270 932 stus
2299 875 2568 934 Dominus
2595 881 2785 933 noster
2813 881 2916 931 est.
2943 874 3136 938 Et,ﬁli,
3168 875 3264 943 qui
3281 874 3524 932 voluerit
3544 891 3680 928 eum
3695 875 3745 928 in

2149 965 2278 1020 sede
2308 965 2393 1017 sui
2417 965 2657 1038 pectoris
2672 963 2894 1030 habere,
2910 963 3102 1024 statim
3117 963 3342 1020 divitias
3357 963 3616 1022 caelestes
3631 981 3746 1034 pro-

2149 1053 2475 1118 merebitur,
2499 1058 2556 1107 et
2573 1053 2920 1106 vestimentis
2939 1051 3080 1106 albis
3097 1051 3380 1118 induetur,
3399 1051 3456 1106 id
3477 1059 3586 1114 est,
3616 1053 3741 1119 ﬁde,

2148 1160 2246 1211 spe
2276 1149 2331 1196 et
2360 1143 2653 1207 charitate,
2679 1159 2778 1212 per
2797 1159 2935 1212 quas
2966 1142 3035 1195 de
3055 1141 3271 1212 reliquo
3299 1157 3413 1195 non
3443 1141 3597 1195 hunc
3623 1142 3744 1194 visi-

2147 1229 2315 1284 bilem
2329 1233 2602 1285 mundum
2614 1237 2856 1296 tantum,
2880 1231 2976 1284 sed
2992 1236 3048 1284 et
3062 1229 3366 1297 diabolum,
3384 1247 3555 1300 quem
3571 1248 3674 1284 vos
3687 1237 3744 1284 ut

2145 1319 2435 1376 dominum
2453 1320 2798 1384 colitis,cum
2811 1319 3084 1378 universis
3118 1319 3336 1388 angelis
3360 1321 3486 1390 ejus
3533 1321 3740 1390 poteris

2144 1425 2430 1478 superare.
2465 1409 2612 1466 Nam
2665 1415 2723 1462 et
2772 1415 2934 1479 pater
2959 1415 3089 1468 mus
3113 1409 3218 1462 iste
3253 1408 3348 1478 qui
3367 1408 3614 1474 videtur,
3641 1410 3736 1475 ﬁli,

2145 1513 2257 1550 non
2285 1503 2370 1551 est
2423 1515 2586 1551 verus
2633 1505 2808 1568 pater,
2841 1497 2938 1550 sed
2975 1497 3327 1567 omnipotens
3355 1496 3566 1551 dicitur
3593 1497 3743 1552 Deus

2143 1587 2313 1644 Pater
2328 1592 2482 1656 tuus,
2510 1592 2568 1646 et
2596 1587 2718 1644 ideo
2746 1586 2890 1640 alius
2909 1586 3239 1648 diciturille,
3257 1593 3314 1638 et
3333 1586 3479 1640 alius
3493 1586 3602 1640 iste
3619 1604 3743 1658 pro-

2143 1675 2560 1729 nuntiatur.Ille
2571 1681 2630 1739 2
2645 1681 2685 1740 ι
2699 1681 2758 1740 3
2771 1691 3012 1745 namque
3026 1674 3316 1728 invisibilis
3327 1680 3384 1728 et
3393 1675 3744 1730 inenarrabi-

2142 1762 2209 1815 lis
2231 1765 2436 1828 existit,
2471 1764 2560 1816 hic
2577 1781 2706 1818 vero
2739 1765 2967 1818 visibilis
2997 1771 3053 1818 et
3080 1763 3463 1834 corruptibilis
3500 1771 3608 1818 est.
3643 1766 3742 1819 Ille

463 1861 647 1911 tentes
667 1873 746 1908 se.
780 1855 849 1908 Et
867 1871 994 1908 cum
1015 1854 1130 1907 haec
1158 1852 1406 1915 dixisset,
1443 1855 1632 1906 statim
1658 1866 1784 1903 cum
1798 1850 2057 1904 universa
2081 1833 2126 1891 Β
2143 1852 2722 1923 incomprehensibilis
2741 1860 3031 1924 permanet
3051 1859 3108 1907 et
3125 1833 3481 1918 immortalis,
3502 1855 3596 1908 hic
3615 1872 3740 1910 cor-

463 1945 629 2000 domo
656 1961 760 1999 sua
769 1942 1004 1998 credidit
1015 1943 1072 1996 in
1085 1943 1266 1996 Deum
1281 1941 1644 1995 Salvatorem.
1679 1940 1748 1993 Et
1767 1939 1900 2012 quia
1921 1939 2057 1994 satis

459 2035 690 2106 longum
699 2033 854 2104 est,si
868 2031 1103 2086 velimus
1113 2031 1375 2087 universa
1390 2028 1670 2082 mirabilia
1681 2046 1802 2103 qua:
1815 2045 1902 2099 pei
1925 2045 2054 2082 eum

458 2123 731 2183 Dominus
747 2127 1014 2197 operatus
1036 2127 1120 2174 est
1142 2118 1600 2173 studiosolectori
1620 2134 1915 2190 exponere,
1937 2117 2054 2170 hinc

455 2212 683 2267 interim
708 2229 886 2288 pauca
905 2211 973 2263 de
1004 2209 1196 2266 multis
1224 2208 1284 2261 in
1313 2212 1641 2266 transcursu
1662 2206 2052 2280 perstrinxisse

456 2301 713 2357 sufﬁciat.
737 2302 898 2355 Nunc
910 2316 1040 2361 vero
1061 2299 1129 2354 ad
1152 2297 1499 2371 propositum
1523 2313 1662 2368 opus
1683 2300 2048 2350 revertamur.

525 2392 655 2452 CAP.
687 2390 965 2448 V.—Una
983 2389 1175 2460 itaque
1206 2403 1236 2440 e
1265 2385 1480 2452 diebus,
1505 2385 1638 2440 dum
1665 2384 1894 2456 quidam
1916 2384 2052 2437 ado-

453 2480 667 2536 lescens
696 2478 936 2536 nimium
967 2477 1202 2530 decorus
1232 2475 1406 2541 vultu,
1457 2480 1514 2528 et
1539 2474 1772 2545 pulcher
1799 2478 2050 2544 aspectu,

452 2569 653 2625 Astion
671 2567 918 2632 nomine,
937 2563 1270 2620 visitationis
1283 2563 1468 2634 gratia
1486 2563 1556 2616 ad
1577 2579 1706 2616 eum
1739 2561 2050 2615 devenisset

453 2661 622 2733 atque
637 2657 797 2726 juxta
826 2672 884 2708 se
899 2671 1027 2712 eum
1041 2653 1235 2707 sedere
1255 2652 1451 2706 beatus
1466 2650 1758 2726 presbyter
1771 2657 2040 2720 rogasset,

453 2761 669 2816 ponens
685 2759 913 2798 manum
935 2758 1103 2816 super
1123 2746 1293 2811 caput
1319 2742 1458 2812 ejus,
1485 2739 1652 2814 coepit
1681 2755 1810 2792 eum
1832 2738 2048 2792 blandis

450 2832 802 2888 sermonibus
815 2831 1004 2886 taliter
1017 2831 1086 2884 ad
1099 2831 1266 2890 fidem
1283 2829 1505 2883 Domini
1517 2827 1796 2881 cohortari
1816 2827 2004 2881 dicens
2033 2846 2043 2880 :

451 2923 608 2988 Quis,
639 2921 840 2992 inquit,
874 2938 933 2974 es
963 2925 1043 2986 tu,
1078 2937 1110 2974 o
1141 2918 1458 2973 dulcissime
1491 2917 1586 2978 ﬁli,
1610 2923 1674 2970 et
1703 2917 1850 2970 unde
1870 2917 2044 2980 venis,

453 3017 554 3066 aut
578 3029 688 3082 quo
716 3009 896 3064 vadis?
910 3014 1010 3067 aut
1037 3009 1196 3079 cujus
1220 3008 1368 3061 ﬁlius
1388 3024 1485 3060 seu
1513 3006 1737 3076 generis
1755 3006 1829 3058 sis
1861 3006 2048 3060 indica

2139 1941 2421 2013 ruptibilis
2441 1948 2498 1996 et
2517 1943 2769 1996 mortalis
2799 1942 2856 1998 in
2885 1941 3142 2002 omnibus
3163 1942 3336 2012 degit.
3357 1942 3741 2016 Perilliusigi-

2139 2036 2234 2084 tur
2262 2031 2736 2101 dispensationem
2752 2036 3012 2086 constant
3020 2032 3298 2092 universa,
3315 2049 3420 2102 per
3433 2030 3600 2089 istius
3610 2050 3739 2090 vero

2139 2119 2549 2174 ordinationem
2577 2121 2712 2174 nihil
2743 2125 3037 2196 permanet
3060 2119 3391 2176 stabilitum.
3417 2121 3518 2176 Ille
3543 2122 3733 2191 jussit,

2139 2213 2194 2261 et
2216 2208 2396 2262 factus
2423 2227 2512 2277 es;
2538 2209 2840 2281 mandavit,
2863 2214 2921 2263 et
2948 2209 3024 2266 in.
3040 2215 3200 2263 utero
3232 2214 3431 2263 matris
3460 2209 3739 2268 formatus

2137 2314 2196 2350 es
2217 2298 2516 2369 ;praecepit,
2551 2303 2607 2352 et
2637 2315 2896 2369 egressus
2927 2316 2984 2354 es
3009 2317 3022 2366 ;
3064 2299 3379 2372 imperavit,
3411 2305 3471 2353 et
3498 2299 3574 2354 ad
3596 2299 3738 2358 hanc

2130 2386 2435 2456 juvenilem
2473 2392 2697 2442 aetatem
2717 2387 3018 2458 perductus
3045 2387 3199 2440 es.Et
3217 2385 3446 2457 quidem
3613 2388 3738 2442 visi-

2136 2473 2259 2528 bilis
2281 2482 2442 2546 pater
2454 2476 2813 2532 honorandus
2836 2481 2947 2543 est,
2963 2475 3062 2542 ﬁli,
3081 2491 3193 2529 non
3220 2481 3412 2532 tamen
3428 2475 3580 2530 sicut
3597 2476 3732 2544 ille;

2132 2581 2197 2618 eo
2228 2565 2374 2634 quod
2399 2565 2494 2619 ille
2515 2565 2584 2618 ad
2606 2565 2910 2636 imaginem
2928 2571 2984 2618 et
3000 2563 3428 2620 similitudinem
3450 2582 3621 2622 suam
3637 2583 3734 2620 nos

2131 2654 2268 2707 cond
2279 2654 2327 2706 id
2337 2653 2382 2706 it
2396 2660 2452 2707 et
2471 2655 2696 2720 creavit,
2705 2655 3051 2708 intellectum
3063 2670 3284 2728 quoque
3295 2670 3360 2707 ac
3369 2654 3734 2724 prudentiam

2131 2743 2375 2809 donavit,
2401 2760 2627 2796 sensum
2648 2743 2996 2814 pervigilem,
3017 2749 3073 2796 et
3091 2742 3421 2797 memoriam
3451 2741 3731 2802 bonorum

2130 2831 2336 2886 habere
2357 2831 2649 2896 concessit,
2671 2838 2839 2902 atque
2875 2849 3044 2904 super
3074 2831 3262 2886 omnia
3292 2849 3466 2906 opera
3494 2849 3604 2886 sua
3634 2850 3732 2890 nos

2130 2923 2420 2976 constituit
2469 2923 2866 2988 dominatores,
2912 2939 2977 2976 ex
3016 2922 3189 2978 servis
3207 2922 3264 2978 in
3283 2922 3426 2976 ﬁlios
3449 2927 3509 2980 et
3525 2923 3730 2981 fratres

2130 3019 2297 3081 atque
2327 3012 2536 3065 amicos
2551 3029 2649 3070 nos
2665 3011 2768 3066 sibi
2790 3029 2891 3082 per
2911 3028 3071 3065 suam
3083 3011 3327 3082 gratiam
3346 3011 3662 3082 adoptavit;
3677 3021 3732 3068 et

451 3101 610 3156 mihi.
632 3101 708 3154 At
728 3100 822 3154 ille
855 3098 1202 3170 respondens
1231 3097 1370 3150 dixit
1389 3097 1459 3150 ad
1478 3114 1605 3155 eum
1627 3114 1638 3148 :
1657 3095 1942 3164 Originem
1961 3096 2043 3149 vel
2066 3162 2101 3172 ἡ
2126 3100 2251 3154 ideo
2280 3102 2427 3154 hunc
2448 3118 2640 3154 verum
2671 3107 2911 3172 patrem,
2957 3099 3054 3170 qui
3082 3099 3242 3154 nobis
3271 3105 3435 3158 tanta
3463 3101 3730 3171 praestitit

445 3203 626 3262 genus
645 3206 853 3257 meum,
889 3187 1134 3259 qualiter
1171 3185 1508 3240 beatitudini
1539 3190 1650 3242 tuae
1681 3201 1974 3256 exponam,
2009 3162 2103 3238 ο(1
2125 3187 2290 3256 bona,
2332 3207 2556 3260 semper
2602 3162 2875 3258 convenit,
2925 3162 3024 3254 ﬁli,
3049 3205 3350 3258 agnoscere
3375 3194 3432 3243 et
3462 3162 3724 3250 adorare.

445 3278 769 3334 beatissime
801 3283 978 3354 pater,
1018 3277 1236 3347 ignoro.
1270 3277 1388 3330 Hoc
1415 3292 1546 3345 ergo
1575 3275 1724 3346 quod
1753 3274 1887 3338 scio,
1919 3279 2042 3326 tan-

443 3369 736 3423 tummodo
756 3367 998 3421 breviter
1009 3371 1064 3420 et
1082 3365 1142 3424 in
1155 3372 1484 3420 transcursu
1509 3363 1611 3416 tibi
1630 3363 1904 3418 indicabo.
1932 3363 2039 3418 Pa-

444 3462 533 3511 ter
562 3473 722 3516 meus
743 3455 1045 3526 primarius
1055 3453 1210 3512 urbis
1230 3455 1400 3526 hujus
1411 3461 1466 3508 et
1477 3453 1714 3508 nimium
1732 3451 2040 3505 ditissimus

445 3544 714 3612 habetur;
747 3549 928 3600 mater
953 3561 1080 3600 vero
1097 3544 1166 3598 de
1190 3543 1495 3598 illustrium
1517 3558 1723 3612 genere
1745 3547 1801 3594 et
1829 3539 2039 3594 Juliani

445 3635 722 3689 senatoris
738 3633 951 3692 exstitit
963 3633 1093 3698 ﬁlia,
1129 3633 1223 3704 qui
1249 3649 1339 3685 me
1360 3631 1609 3702 quotidie
1625 3630 1785 3701 quasi
1810 3629 2039 3684 unicum

441 3723 648 3796 pignus
667 3741 732 3777 ac
760 3723 1222 3794 pretiosissimam
1240 3717 1954 3792 inspiciunt,margaritam.
1973 3717 2042 3770 Et

442 3820 669 3868 sanctus
708 3812 778 3866 ad
823 3812 974 3866 haec:
1000 3812 1150 3868 Bene
1180 3810 1389 3876 dixisti,
1423 3808 1502 3862 mi
1548 3815 1696 3874 nate,
1727 3807 1860 3878 quia
1889 3807 2040 3860 velut

443 3900 1170 3977 margaritaminspiciunt;
1200 3916 1312 3954 non
1343 3898 1492 3952 enim
1517 3899 1636 3970 jam
1660 3896 1868 3950 habent
1893 3915 1906 3962 ;
1941 3895 2036 3949 sed

442 3991 749 4068 inspiciunt
777 3989 1188 4054 tantummodo,
1239 4005 1305 4042 eo
1351 3987 1498 4058 quod
1528 3985 1823 4040 benedicta
1847 3985 2038 4040 anima

441 4085 544 4134 tua
559 4078 856 4153 pretiosior
866 4077 1018 4131 omni
1032 4076 1340 4148 margarita
1351 4075 1616 4148 omnique
1631 4074 1857 4128 metallo
1869 4072 2038 4128 habe-

440 4173 538 4221 tur
557 4167 798 4231 Christo,
817 4182 984 4242 quam
999 4165 1239 4236 sibiipse
1267 4165 1520 4218 Salvator
1565 4168 1755 4217 noster
1805 4163 1925 4233 jam
1981 4162 2037 4215 in

443 4272 608 4310 suum
637 4254 1014 4310 ministerium
1036 4259 1092 4308 et
1111 4253 1180 4307 ad
1198 4252 1552 4308 serviendum
1569 4251 1754 4323 elegit,
1771 4257 1836 4304 ut
1856 4250 2031 4304 video.

443 4345 585 4400 Veni
617 4361 770 4414 ergo,
793 4343 869 4396 mi
901 4348 1051 4410 nate,
1083 4347 1141 4396 et
1165 4358 1366 4414 respue
1391 4358 1456 4397 ea
1487 4358 1610 4414 quae
1631 4341 1690 4396 in
1710 4339 1918 4394 munio
1934 4341 2038 4394 hoc

439 4433 738 4499 habentur,
770 4439 835 4486 ut
852 4449 979 4492 cum
995 4431 1203 4488 sanctis
1213 4430 1476 4486 omnibus
1498 4431 1596 4486 illa
1619 4430 1677 4483 in
1707 4429 1896 4483 futuro
1918 4445 2039 4500 per-

2125 3278 2266 3331 Nam
2319 3283 2378 3331 et
2406 3278 2512 3334 isto
2540 3276 2745 3334 visibili
2765 3277 2911 3350 patri
2941 3277 3013 3332 ad
3044 3277 3148 3331 hoc
3177 3283 3402 3337 tantum
3431 3278 3618 3334 honor
3643 3287 3727 3338 est

2123 3366 2477 3432 deferendus,
2522 3366 2671 3440 quod
2697 3366 2842 3420 servi
2877 3366 3253 3422 ministerium
3283 3383 3419 3438 erga
3445 3383 3550 3425 nos
3577 3385 3724 3440 εωρο

2123 3455 2372 3512 exercuit
2392 3456 2449 3508 in
2475 3472 2646 3530 parva
2673 3460 2837 3510 aetate
2869 3455 3222 3524 constitutos,
3271 3455 3603 3534 frequenter
3623 3473 3726 3514 nos

2121 3544 2256 3600 dum
2281 3544 2452 3617 pavit,
2484 3545 2686 3618 saepius
2716 3545 2852 3602 dum
2882 3543 3149 3598 sollicitus
3178 3543 3284 3600 fuit
3311 3544 3384 3598 ad
3411 3561 3480 3600 ea
3501 3545 3725 3616 quaein-

2120 3633 2306 3688 fantize
2337 3639 2539 3688 nostra:
2568 3639 2730 3687 erant
2766 3632 3096 3698 necessaria,
3154 3633 3290 3688 dum
3338 3633 3594 3690 osculata
3639 3640 3722 3688 est

2121 3739 2248 3778 caro
2286 3740 2409 3793 quae
2429 3723 2613 3777 carnis
2641 3722 2932 3788 sunt,dum
2946 3721 3377 3776 sollicitudinem
3397 3721 3602 3777 habuit
3621 3740 3721 3796 pro

2120 3811 2424 3866 visceribus
2463 3811 2721 3884 propriis.
2759 3812 2895 3868 Ecce
2948 3812 3138 3886 itaque
3164 3827 3266 3881 pro
3295 3810 3506 3869 talibus
3535 3813 3717 3869 causis

2121 3899 2301 3954 honor
2325 3900 2375 3954 ei
2405 3901 2740 3954 deferendus
2773 3906 2879 3954 est.

2192 3989 2300 4043 Sed
2351 3994 2408 4043 et
2453 3996 2636 4043 mater
2676 3996 2870 4043 nostra
2891 3989 3002 4043 alia
3039 3988 3295 4055 habetur,
3319 3988 3418 4046 ﬁli.
3443 3990 3574 4044 Non
3603 3990 3716 4048 haec

2120 4077 2370 4144 visibilis,
2426 4078 2522 4132 sed
2552 4077 2884 4132 immortalis
2913 4083 3242 4148 permanet;
3293 4083 3351 4131 et
3383 4095 3512 4152 quae
3549 4079 3715 4150 digne

2123 4167 2396 4224 Salvatori
2436 4173 2628 4222 nostro
2659 4173 2745 4220 est
2779 4167 3132 4239 desponsata,
3160 4173 3329 4239 atque
3357 4184 3460 4242 per
3485 4169 3714 4240 angelos

2119 4261 2204 4310 est
2231 4257 2523 4324 adornata,
2556 4273 2657 4328 per
2686 4256 2989 4330 prophetas
3001 4260 3285 4321 exornata,
3305 4273 3407 4328 per
3434 4259 3715 4330 apostolos

2117 4347 2448 4417 gloriﬁcata,
2463 4363 2563 4420 per
2588 4351 2864 4417 martyres
2895 4349 2952 4400 et
2972 4345 3317 4402 confessores
3339 4346 3612 4412 exaltata,
3638 4353 3714 4402 at-

2120 4453 2228 4506 que
2247 4435 2305 4492 in
2331 4435 2574 4500 Christo,
2607 4441 2664 4490 et
2691 4451 2793 4509 per
2837 4433 3122 4488 Christum
3143 4433 3203 4487 in
3221 4433 3432 4490 caelesti
3465 4434 3712 4495 thalamo

441 4523 613 4595 cipias
643 4539 766 4598 quae
786 4522 878 4576 hic
907 4538 1017 4576 non
1045 4521 1324 4578 videntur.
1355 4521 1472 4576 Ista
1499 4519 1648 4574 enim
1696 4518 1883 4574 omnia
1919 4512 2206 4588 quaeDest
2224 4526 2456 4592 elevata,
2489 4542 2610 4597 quae
2638 4530 2694 4582 et
2717 4523 2786 4578 ab
2806 4522 3125 4578 hominibus
3165 4522 3281 4578 haec
3308 4530 3505 4578 sancta
3539 4531 3714 4582 metiar

439 4612 530 4669 hic
543 4613 850 4679 intuentur,
870 4611 1198 4668 transitoria
1207 4615 1339 4664 sunt
1359 4614 1415 4663 et
1428 4602 1680 4682 peritura
1699 4608 1822 4676 ;illa
1843 4613 2033 4662 autem

442 4719 565 4774 quae
593 4703 744 4762 Deus
775 4701 879 4755 sibi
921 4699 1292 4755 servientibus
1333 4699 1683 4774 praeparavit,
1717 4702 1948 4752 manent
1974 4697 2034 4755 in

442 4797 737 4858 aeternum,
761 4790 1040 4867 quomodo
1064 4795 1121 4844 et
1143 4789 1262 4862 ipse
1277 4794 1467 4848 manet
1480 4789 1538 4843 in
1567 4795 1860 4844 aeternum.
1887 4789 2032 4842 Nam

440 4897 643 4939 aurum
668 4879 792 4942 hoc.
826 4879 926 4947 ﬁli,
955 4877 1102 4950 quod
1131 4877 1368 4944 videtur,
1401 4894 1513 4936 non
1544 4883 1630 4931 est
1680 4894 1894 4944 verum,
1935 4876 2032 4929 sed

441 4969 698 5041 quaedam
743 4967 960 5024 vanitas
1018 4971 1102 5020 est
1160 4966 1486 5038 phantasia,
1521 4983 1620 5038 per
1661 4983 1830 5040 quam
1852 4965 1908 5019 in
1930 4966 2034 5018 hoc

441 5058 650 5113 mundo
679 5056 995 5111 illuduntur
1012 5055 1213 5114 animae
1229 5056 1532 5128 justorum.
1567 5055 1841 5128 Similiter
1865 5059 1922 5108 et
1947 5071 2036 5106 ar-

436 5158 672 5218 gentum
705 5146 854 5218 quod
883 5145 1003 5200 istis
1033 5145 1206 5199 oculis
1235 5144 1502 5212 cernitur,
1533 5144 1736 5198 falsum
1787 5127 2035 5216 possidet

437 5252 662 5304 nomen,
687 5235 836 5310 quod
867 5235 936 5288 ab
966 5235 1224 5288 omnibus
1239 5233 1547 5288 fabricatur
1565 5233 1877 5300 etlimatur,
1901 5238 2029 5286 tan-

437 5326 729 5387 tummodo
754 5330 818 5380 ut
839 5325 1081 5397 decipiat
1105 5339 1336 5394 rapaces
1353 5328 1409 5376 et
1431 5321 2028 5394 suadeatinsipientes.

436 5415 578 5469 Veni
607 5432 758 5486 ergo,
813 5419 870 5468 et
917 5413 1050 5468 audi
1087 5430 1197 5478 me,
1231 5411 1310 5466 ﬁli
1338 5411 1676 5478 dulcissime,
1711 5417 1766 5466 et
1797 5428 1898 5482 ego
1927 5411 2028 5468 tibi

439 5505 668 5558 ostendo
698 5503 862 5576 quale
887 5520 1091 5558 aurum
1118 5501 1222 5555 tibi
1245 5507 1328 5554 est
1353 5500 1692 5572 eligendum,
1735 5501 1818 5553 vel
1864 5501 2029 5571 quale

439 5599 736 5664 argentum
775 5593 850 5647 sit
875 5591 1396 5662 concupiscendum,
1449 5589 1588 5644 illud
1633 5589 1842 5644 scilicet
1881 5591 2030 5666 quod

435 5681 708 5746 Dominus
732 5687 924 5741 noster
951 5687 1120 5754 atque
1141 5682 1396 5744 Salvator
1411 5680 1472 5742 in
1483 5697 1541 5740 se
1558 5679 1913 5745 credentibus
1923 5681 2030 5744 im-

2115 4615 2360 4670 Ecclesia
2385 4613 2799 4685 pronuntiatur.
2835 4613 3011 4684 Cujus
3034 4628 3156 4678 vox,
3178 4617 3240 4668 ut
3268 4612 3510 4674 turturis
3542 4613 3714 4668 habe-

2112 4709 2228 4770 tur,
2250 4705 2319 4758 ad
2341 4705 2500 4780 cujus
2517 4702 2665 4761 labia
2685 4701 2959 4758 distillant
2975 4706 3246 4768 aromata,
3262 4700 3475 4758 scilicet
3488 4709 3716 4776 aposto-

2115 4793 2298 4850 lorum
2309 4793 2580 4851 doctrina.
2596 4791 2771 4862 Cujus
2785 4791 2950 4858 oculi,
2969 4791 3081 4850 duo
3097 4795 3230 4846 sunt
3238 4789 3364 4844 caeli
3385 4790 3712 4857 luminaria!

2113 4883 2275 4953 cujus
2299 4883 2494 4937 dentes
2509 4887 2640 4939 sunt
2654 4880 2897 4950 candidi,
2921 4886 2979 4934 et
2991 4879 3153 4954 quasi
3172 4879 3390 4934 lavacro
3410 4880 3717 4938 ascenden-

2114 4971 2206 5024 tis.
2237 4971 2416 5038 Quem
2454 4969 2752 5048 mysticum
2768 4986 2997 5027 sensum
3015 4968 3213 5040 viginti
3229 4967 3619 5044 quatuorlibri
3639 4969 3718 5038 (4)

2116 5060 2493 5118 sacratissima
2539 5058 2751 5117 habent
2781 5059 2841 5114 in
2888 5059 3091 5132 ﬁgura.
3122 5058 3203 5114 De
3241 5057 3402 5129 cujus
3450 5057 3716 5112 manibus

2116 5149 2290 5206 stillat
2317 5148 2716 5220 myrrha,quod
2737 5152 2824 5202 est
2857 5146 3082 5217 justitia
3095 5151 3152 5200 et
3174 5146 3314 5204 ﬁdes
3341 5163 3494 5206 vera.
3537 5146 3715 5224 Cujus

2113 5239 2304 5296 decem
2326 5239 2508 5310 digiti,
2537 5236 2787 5306 decalogi
2809 5236 3073 5295 virtutem
3103 5234 3392 5289 continent
3419 5239 3476 5289 et
3519 5252 3710 5290 sacra-

2112 5335 2268 5385 ment
2283 5346 2399 5384 um.
2414 5327 2609 5400 Cujusi
2637 5327 2812 5384 ubera
2839 5325 2950 5379 duo
2984 5331 3118 5380 sunt
3147 5323 3527 5392 Testamenta,
3549 5326 3711 5400 Moy-

2113 5419 2262 5475 saica
2293 5418 2500 5476 scilicet
2528 5417 2633 5482 lex,
2691 5421 2747 5470 et
2770 5413 3059 5484 Evangelii
3090 5413 3294 5485 gratia.
3327 5413 3504 5486 Cujus
3534 5415 3713 5486 pedes

2112 5507 2326 5568 similes
2366 5512 2498 5564 sunt
2551 5505 2899 5572 aurichalco;
2933 5505 3093 5578 cujus
3125 5510 3320 5558 venter
3350 5509 3408 5558 et
3434 5504 3714 5562 interiora

2113 5592 2696 5648 sacratissimifontem
2713 5589 2987 5665 Baptismi
3001 5594 3058 5644 et
3069 5588 3321 5646 omnium
3340 5589 3601 5660 gentium
3619 5590 3711 5644 de—

2113 5683 2333 5744 clarant
2380 5679 2886 5754 regenerationem.
2917 5677 3059 5734 Veni
3089 5694 3241 5758 ergo,
3274 5677 3600 5744 dulcissime
3631 5677 3708 5732 mi
