3878 6424
76 401 172 459 397

504 405 671 459 VITA
710 405 1152 461 SANCTORUM
1188 407 1513 462 EPIO’I‘ETI
1553 404 1996 460 PRESBYTER]
2038 404 2126 459 ΕΠ*
2163 403 2496 458 ASTIONIS
2536 398 2889 453 MONACHI.

3227 399 3339 459 39s

80 533 221 591 nate,
246 534 302 583 et
324 528 495 599 hujus
522 530 823 585 verissimae
852 532 1050 587 matris
1068 537 1180 586 tuae
1205 532 1380 587 ubera
1410 550 1547 602 suge
1569 551 1582 598 ;
1606 538 1663 584 et
1678 534 1723 592 A
1745 540 2106 601 devenerunt,
2155 537 2249 590 ubi
2280 538 2466 590 nullus
2493 540 2616 589 erat
2645 536 2740 607 qui
2768 552 2862 590 eos
2896 536 2981 589 vel
3010 552 3206 593 eorum
3235 553 3339 608 pa.

77 616 425 686 acquiescens
454 619 872 686 monitionibus,
894 638 1097 692 respue
1113 639 1234 693 quae
1255 622 1312 676 in
1340 623 1445 677 hoc
1464 622 1665 678 saeculo

77 706 347 773 videntur,
381 714 444 761 ut
472 708 582 763 illis
610 708 719 763 frui
762 711 1052 776 merearis,
1086 728 1207 781 quas
1249 712 1304 765 in
1334 711 1523 766 futura
1555 711 1664 766 vita

78 798 191 849 suis
214 795 339 851 ﬁliis
367 814 427 849 se
455 798 602 852 Deus
624 799 948 869 repromisit
977 800 1205 854 donare.
1253 801 1360 855 Sed
1393 806 1450 857 et
1469 817 1664 855 verum

80 886 295 939 Patrem
328 892 583 941 nostrum
604 887 735 942 audi
755 888 1035 942 dicentem
1061 907 1073 941 :
1102 889 1197 942 Exi
1219 890 1288 943 de
1308 895 1461 944 terra
1474 896 1591 951 tua,
1610 896 1667 943 et

78 976 145 1031 de
173 976 501 1047 cognatione
543 982 662 1043 tua,
695 983 752 1033 et
790 978 917 1047 veni
946 979 1004 1033 in
1043 979 1195 1033 illam
1234 984 1465 1035 terram.
1498 996 1668 1049 quam

76 1065 528 1123 demonstravero
559 1066 662 1121 tibi
689 1067 836 1133 (Gen.
872 1068 996 1137 x11);
1032 1068 1087 1120 in
1117 1074 1325 1123 terram
1352 1068 1563 1121 scilicet
1588 1069 1669 1121 vi-

76 1155 407 1220 ventium,et
419 1155 704 1224 regionem
726 1163 1074 1211 sanctorum:
1098 1157 1154 1211 in
1177 1164 1387 1213 terram
1402 1159 1668 1213 ﬂuentem

78 1245 218 1299 lacte
243 1250 297 1298 et
336 1246 521 1309 melle,
572 1245 628 1298 id
661 1252 765 1313 est,
812 1246 871 1299 in
920 1247 1174 1301 doctrina
1204 1248 1585 1317 apostolorum
1617 1258 1674 1301 et

78 1334 496 1405 prophetarum.
523 1335 594 1389 Et
620 1351 749 1389 cum
778 1335 1038 1390 universa
1058 1353 1180 1406 quae
1208 1336 1309 1390 tibi
1329 1341 1672 1406 prmceperat

79 1423 400 1494 expleveris,
433 1430 567 1479 tunc
592 1424 780 1478 tradet
816 1425 1194 1495 possessiones
1232 1426 1498 1495 paradisi,
1530 1442 1671 1495 pan-

79 1513 173 1565 det
198 1511 293 1567 tibi
319 1518 673 1567 sacramenta
692 1513 962 1581 cmlestia,
978 1513 1208 1569 donabit
1226 1515 1385 1582 regni
1406 1514 1671 1569 cmlorum

77 1601 745 1670 gloriam,demonstrabit
764 1604 1143 1676 apostolorum
1175 1604 1508 1657 immensam
1532 1604 1674 1657 lmti-

78 1691 558 1761 tiam,martyrum
588 1693 804 1754 choros,
829 1692 1155 1762 angelorum
1178 1697 1346 1762 atque
1373 1693 1675 1761 archange-

1747 628 1914 682 triam
1947 634 2135 699 posset
2154 643 2475 697 agnoscere.

1822 718 1950 770 CAP.
1987 716 2106 769 VII.
2128 748 2179 757 -
2207 716 2387 785 Igitur
2406 733 2532 770 cum
2562 717 2705 770 hanc
2724 721 2974 771 sanetam
2993 716 3186 786 fugam
3212 716 3343 771 bea-

1746 804 1951 857 tissimi
1984 804 2088 856 viri
2119 810 2555 874 perpetrassent,
2589 811 2880 875 coeperunt
2916 812 3176 876 parentes
3206 822 3339 860 san-

1748 894 1822 946 cti
1851 893 2096 946 Astionis
2122 910 2221 963 per
2250 894 2469 947 diversa
2497 895 2620 948 loca
2646 911 2775 948 eum
2805 894 3110 965 requirere,
3143 900 3201 949 et
3244 912 3340 950 no-

1750 998 1878 1035 men
1923 983 2064 1051 ejus,
2128 982 2236 1036 huc
2280 983 2525 1053 illucque
2571 983 2965 1048 discurrentes,
3000 1001 3125 1038 eum
3167 984 3349 1038 nimio

1752 1088 1993 1125 moerere
2017 1071 2347 1128 inclamare.
2372 1072 2661 1142 Siquidem
2687 1077 2849 1144 pater
2860 1074 2983 1143 ejus
3010 1073 3345 1127 vociferaba-

1752 1166 1863 1224 tur,
1895 1161 2084 1214 dicens
2118 1179 2129 1213 :
2164 1161 2269 1213 Fili
2298 1161 2635 1226 dulcissime,
2670 1168 2733 1225 et,
2767 1163 2995 1216 unicum
3040 1179 3228 1216 meum
3256 1164 3347 1233 pi-

1751 1266 1917 1319 gnus,
1942 1250 2139 1303 Astion
2180 1250 2526 1314 charissime,
2558 1251 2692 1320 quid
2738 1250 2840 1303 tibi
2889 1252 3097 1305 factum
3127 1258 3228 1316 est,
3261 1252 3347 1305 vel

1753 1339 1933 1409 qualis
1953 1339 2080 1393 fera
2099 1345 2157 1392 te
2185 1338 2370 1392 subito
2386 1339 2687 1403 devoravit,
2705 1345 2770 1394 ut
2785 1356 2887 1394 nec
2916 1354 3115 1411 parum
3138 1340 3350 1410 aliquid

1752 1428 2121 1498 reliquiarum
2150 1433 2378 1482 tuarum
2412 1429 2691 1499 potuerim
2722 1430 2969 1499 reperire
2990 1430 3016 1481 ?
3044 1429 3090 1484 Ο
3118 1429 3351 1484 baculus

1756 1517 2057 1570 senectutis
2086 1534 2242 1581 meae,
2278 1524 2335 1571 et
2361 1518 2634 1571 viscerum
2656 1534 2911 1571 meorum
2938 1519 3146 1585 lumen,
3174 1519 3268 1573 ubi
3294 1524 3351 1573 te

1751 1608 1869 1677 jam
1900 1606 2138 1661 ulterius
2166 1606 2449 1676 requiram
2472 1607 2674 1670 nescio,
2703 1613 2759 1661 et
2785 1607 2843 1661 in
2873 1624 3041 1678 quam
3064 1608 3352 1678 regionem

1756 1700 1985 1766 propter
2010 1702 2067 1748 te
2096 1712 2252 1749 meos
2283 1696 2503 1749 mittam
2542 1696 2780 1750 famulos
2824 1696 3038 1766 ignem.
3072 1698 3158 1751 Tu
3203 1697 3352 1750 enim

80 1780 264 1833 lorum
291 1779 664 1851 frequentiam
684 1780 886 1852 saepius
904 1781 1344 1835 declarabit.Sed
1371 1798 1538 1851 super
1558 1782 1675 1835 haec
1696 1851 1733 1855 Δ
1756 1801 1882 1837 eras
1920 1783 2075 1837 urbis
2106 1784 2274 1853 hujus
2314 1784 2717 1854 pretiosissima
2759 1785 3086 1855 margarita.
3119 1790 3181 1839 tu
3205 1786 3354 1840 inter

81 1869 288 1935 omnia,
308 1874 371 1924 ut
393 1869 571 1925 filium
601 1876 657 1924 et
684 1870 914 1925 fratrem
942 1876 997 1925 te
1020 1870 1126 1924 sibi
1157 1887 1257 1940 per
1274 1870 1517 1939 gratiam
1545 1870 1677 1923 ado-
1695 1851 1883 1928 Btuos
1905 1873 2052 1926 cives
2074 1878 2137 1926 ut
2163 1851 2420 1926 columba
2448 1874 2823 1943 pulcherrima
2853 1851 3149 1929 incedebas
3171 1893 3184 1943 ;
3209 1880 3273 1929 tu
3290 1881 3358 1929 ut

82 1957 282 2028 ptabit.
316 1959 445 2014 Haec
472 1959 709 2013 audiens
725 1959 948 2030 juvenis
964 1959 1428 2029 sapientissimus,
1437 1959 1676 2029 procidit

80 2048 149 2101 ad
180 2048 329 2104 senis
353 2065 557 2118 genua,
576 2054 631 2101 et
650 2065 849 2119 rogare
869 2066 999 2103 eum
1027 2049 1212 2119 coepit,
1236 2055 1301 2104 ut
1316 2049 1398 2104 illi
1412 2066 1473 2102 se
1491 2049 1677 2119 potius

79 2136 419 2204 ollerret,cui
458 2138 577 2207 ipse
607 2137 676 2193 ab
706 2138 934 2194 ineunte
966 2144 1129 2197 aetate
1161 2138 1591 2208 deserviret,qui
1623 2142 1680 2191 et

80 2232 249 2280 tanta:
279 2227 544 2296 potentiae
574 2232 630 2280 et
653 2228 1056 2298 magnitudinis
1086 2229 1236 2283 solus
1266 2227 1585 2283 haberetur.
1610 2228 1680 2282 Et

80 2316 211 2385 quia
239 2321 469 2386 propter
497 2334 684 2371 servos
700 2335 800 2373 seu
824 2318 1274 2387 ministros,quia
1288 2318 1358 2372 ad
1383 2319 1505 2386 ejus
1517 2323 1678 2373 erant

80 2404 434 2477 obsequium,
466 2421 539 2459 ne
568 2406 846 2478 quispiam
863 2422 1059 2460 eorum
1080 2407 1196 2461 hmo
1214 2406 1361 2476 patri
1380 2405 1674 2472 indicaret,

81 2494 323 2563 amplius
368 2493 509 2549 nihil
549 2495 747 2550 Astion
791 2495 853 2551 in
879 2496 970 2551 die
1008 2495 1103 2550 illa
1152 2495 1221 2551 ad
1260 2495 1546 2551 hominem
1577 2496 1679 2552 Dei

82 2583 301 2638 locutus
330 2589 434 2641 est.

152 2674 285 2728 Car.
319 2674 491 2730 VL—
520 2674 646 2729 Alia
665 2690 793 2729 vero
822 2675 913 2729 die
942 2690 1178 2744 surgens
1198 2674 1381 2744 primo
1410 2674 1675 2740 diluculo,

80 2770 144 2815 ut
171 2762 293 2834 apis
322 2763 780 2835 prudentissima,
801 2764 872 2818 ad
900 2764 1163 2818 eumdem
1192 2763 1375 2816 locum
1408 2764 1556 2817 unde
1584 2764 1679 2818 he-

78 2860 271 2907 sterna
301 2851 673 2927 dicetelestes
698 2853 866 2907 ﬂores
886 2852 1071 2906 fuerat
1097 2852 1380 2921 depastus,
1410 2869 1673 2922 propera-

76 2943 181 2998 vit.
220 2942 291 2996 Et
318 2941 605 3012 ingressus
635 2941 692 2996 in
717 2941 1067 2996 mansionem
1090 2941 1396 2997 sacerdotis
1427 2941 1672 3007 Domini,

77 3031 271 3085 taliter
296 3048 427 3085 eum
457 3031 740 3100 salutavit,
773 3032 964 3085 dicens
989 3049 999 3082 :
1035 3033 1172 3095 Ave,
1191 3049 1223 3084 ο
1251 3031 1501 3101 apostole
1522 3031 1678 3085 Chri-

73 3121 168 3183 sti,
187 3126 246 3175 et
273 3121 401 3175 novi
432 3120 775 3176 Testamenti
804 3121 1079 3177 minister.
1104 3121 1172 3175 Et
1188 3125 1416 3176 sanctus
1435 3120 1503 3175 ad
1532 3121 1676 3175 haec:

1758 1962 1948 2015 radius
1971 1964 2101 2016 solis
2133 1962 2281 2015 inter
2306 1979 2503 2015 omnes
2528 1962 2813 2032 fulgebas;
2845 1969 2909 2016 tu
2938 1969 3005 2017 ut
3021 1964 3354 2033 splendidis-

1760 2051 1905 2104 sima
1924 2052 2060 2105 luna
2080 2051 2228 2105 inter
2244 2053 2513 2122 populare
2532 2053 2735 2122 vulgus
2756 2052 3104 2117 eoruseabas;
3129 2059 3191 2106 tu
3208 2053 3357 2107 inter

1761 2128 2041 2210 sapientes
2068 2141 2376 2210 sapientior
2404 2141 2699 2195 existebas.
2735 2143 2804 2195 Et
2830 2142 2963 2212 quid
2994 2143 3170 2195 multa
3189 2143 3216 2194 ?
3247 2143 3357 2195 Per

1760 2234 1859 2283 tua
1889 2230 2157 2285 melliﬂua
2188 2229 2355 2284 verba
2381 2231 2668 2284 universos
2698 2231 2769 2284 ad
2798 2232 2881 2285 tui
2910 2232 3121 2285 amoris
3138 2231 3356 2285 deside—

1757 2318 1906 2371 rium
1936 2319 2293 2389 provocabas.
2327 2320 2457 2373 Haec
2487 2319 2713 2390 quidem
2745 2324 2923 2390 pater.
2949 2320 3055 2374 Sed
3088 2326 3146 2374 et
3174 2325 3358 2374 mater

1760 2407 2018 2463 scindens
2047 2408 2379 2461 vestimenta
2402 2425 2523 2471 sua,
2542 2425 2608 2462 ac
2636 2408 2840 2463 feriens
2861 2409 3117 2463 manibus
3136 2415 3353 2481 pectus,

1761 2497 1861 2550 tali
1892 2497 2059 2550 modo
2086 2496 2349 2560 deﬂebat,
2369 2497 2559 2550 dicens
2584 2514 2595 2549 :
2627 2497 2764 2561 Quis
2792 2503 2849 2552 te
2880 2515 2911 2552 a
2938 2514 3030 2552 me
3051 2498 3350 2568 separavit,

1763 2586 1848 2640 vel
1873 2585 1998 2656 quis
2016 2586 2279 2639 seduxit?
2298 2603 2398 2639 seu
2421 2587 2604 2656 qualis
2630 2587 2747 2643 avis
2775 2586 3009 2641 demens
3029 2588 3097 2639 de
3125 2588 3359 2658 gremiis

1762 2676 1964 2746 rapuit,
2001 2692 2033 2728 ο
2063 2675 2385 2728 dulcissime
2415 2676 2494 2728 fili
2520 2676 2739 2741 Astion,
2757 2676 2973 2745 ignoro.
2991 2677 3121 2741 Sed,
3141 2682 3206 2730 ut
3233 2693 3361 2730 sus-

1760 2764 1932 2835 picor,
1963 2763 2105 2817 forte
2135 2764 2228 2817 ille
2258 2764 2706 2820 Christianorum
2729 2765 2898 2830 Deus,
2915 2782 3093 2819 unum
3114 2765 3270 2819 misit
3289 2766 3361 2819 de

1759 2854 1895 2917 suis,
1914 2859 1972 2906 et
1999 2854 2269 2922 pervertit.
2292 2869 2388 2906 cor
2407 2860 2588 2916 tuum,
2605 2860 2662 2907 et
2681 2853 3021 2907 abalienavit
3043 2861 3098 2908 te
3120 2869 3155 2907 a
3174 2854 3353 2909 nobis.

1760 2942 1828 2994 Et
1855 2958 2005 2995 nunc
2034 2959 2115 2996 vae
2138 2942 2278 2997 mihi
2309 2959 2527 2996 miserae
2547 2942 2668 3003 soli,
2696 2960 2761 2997 eo
2782 2944 2929 3014 quod
2948 2943 3169 2998 inﬁnita
3187 2944 3362 2998 tristi-

1758 3030 1857 3095 tia,
1882 3036 1938 3083 et
1968 3030 2335 3086 intolerabilis
2364 3033 2525 3086 dolor
2561 3048 2649 3086 me
2679 3033 3070 3103 apprehendit,
3088 3039 3145 3086 et
3165 3037 3356 3086 tanto—

1760 3136 1884 3173 rum
1909 3136 2187 3173 annorum
2218 3120 2375 3175 labor
2399 3120 2583 3174 inanis
2612 3122 2875 3175 inventus
2904 3128 3006 3175 est.
3029 3122 3352 3175 Ceciditeo—

73 3211 193 3263 Ave
226 3216 285 3269 et
314 3214 393 3275 tu,
424 3210 666 3280 juvenis,
692 3209 786 3281 qui
808 3209 1064 3281 martyrii
1094 3210 1297 3265 stolam
1329 3214 1386 3263 et
1413 3202 1733 3264 coronamC
1759 3225 1901 3263 rona
1924 3209 2123 3280 capitis
2144 3210 2443 3263 mei.Aruit
2460 3210 2736 3279 siquidem
2755 3210 2971 3264 fruetus
2991 3209 3199 3264 ventris
3220 3210 3351 3278 nisi,

78 3299 247 3354 variis
273 3299 513 3369 gemmis
541 3306 855 3353 contextam
883 3299 943 3353 in
967 3299 1149 3369 capite
1175 3305 1388 3367 gestas.
1424 3300 1678 3369 Cumque

67 3389 238 3457 juxta
268 3405 329 3443 se
358 3404 487 3441 eum
516 3388 709 3441 sedere
738 3387 977 3453 fecisset,
1006 3387 1193 3441 taliter
1223 3388 1294 3444 ad
1313 3404 1441 3442 eum
1463 3388 1679 3442 locutus

72 3484 190 3530 est:
216 3476 365 3539 Quid
385 3482 487 3541 est,
514 3477 593 3530 ﬁli
613 3477 636 3528 ἲ)
654 3478 857 3532 Semen
868 3472 1397 3546 Dominicum,quod
1418 3476 1683 3531 hesterna

72 3567 170 3620 die
196 3566 258 3620 in
277 3572 491 3620 terram
521 3565 703 3619 cordis
725 3566 810 3619 tui
839 3582 939 3636 per
967 3565 1214 3621 divinam
1245 3565 1486 3635 gratiam
1518 3565 1682 3619 semi-

73 3656 362 3725 navimus,
393 3655 645 3710 ascendit
664 3655 734 3709 ad
753 3655 1017 3720 fructum,
1036 3672 1109 3709 an
1130 3654 1312 3710 adhuc
1330 3654 1679 3709 inﬁdelitatis

74 3746 216 3799 vitio
258 3744 544 3799 detinetur
569 3744 593 3798 ?
623 3745 691 3799 Et
718 3745 920 3800 Astion
949 3743 1029 3799 ait
1060 3763 1070 3797 :
1106 3744 1180 3799 Ut
1208 3743 1362 3797 novit
1389 3743 1681 3797 beatitudo

70 3843 199 3901 tua,
232 3852 266 3888 ο
295 3834 647 3890 sanctissime
675 3840 855 3905 pater,
886 3834 1085 3889 unicus
1118 3832 1227 3887 mei
1270 3833 1562 3902 genitoris,
1592 3833 1681 3888 ni-

71 3924 375 3994 miumque
396 3924 599 3977 charus
626 3922 799 3977 existo
826 3941 838 3988 ;
873 3928 929 3976 et
953 3921 1087 3975 satis
1116 3921 1309 3987 timeo,
1333 3921 1377 3974 si
1410 3921 1683 3975 Christia-

71 4030 186 4067 nus
216 4013 451 4066 effectus
467 4012 645 4077 fuero,
675 4012 771 4065 ille
798 4028 911 4082 prae
943 4010 1121 4067 nimia
1145 4010 1555 4080 desperatione,
1586 4016 1687 4065 aut

70 4103 288 4173 spiritu
314 4101 589 4156 violenter
615 4107 821 4167 careat,
852 4106 951 4154 aut
976 4100 1033 4155 in
1055 4100 1393 4170 profundum
1414 4099 1587 4155 maris
1602 4116 1685 4154 se-

72 4192 387 4263 metipsum
415 4190 759 4263 praecipitet;
783 4196 839 4244 et
867 4195 966 4256 aut
992 4207 1140 4255 vere,
1174 4189 1322 4261 quod
1354 4188 1519 4248 absit,
1551 4205 1682 4259 pro-

71 4290 207 4352 pter
236 4297 331 4336 me
361 4297 556 4337 amens
580 4280 856 4336 efficiatur
880 4297 892 4347 ;
916 4285 1086 4350 atque
1110 4280 1259 4335 unde
1281 4278 1417 4334 mihi
1446 4278 1687 4333 salutem

70 4387 246 4441 spero
278 4369 560 4434 devenire,
587 4369 668 4423 illi
712 4374 953 4425 mortem
981 4374 1311 4439 perpetuam
1341 4373 1398 4423 et
1420 4368 1707 4437 gehennae

73 4476 401 4534 pneparem
427 4458 605 4531 ignes.
637 4458 781 4529 Ergo
810 4458 859 4512 si
886 4458 1137 4527 dignaris
1175 4456 1469 4513 consilium
1498 4473 1685 4521 meum

1760 3304 1818 3352 et
1843 3299 2010 3352 sedeo
2039 3304 2104 3352 ut
2129 3298 2326 3351 civitas
2354 3299 2624 3353 desolata.
2660 3299 2841 3353 Mater
2863 3299 2943 3353 fui
2972 3314 3151 3369 usque
3188 3298 3355 3353 hodie

1761 3404 1864 3458 per
1888 3392 1963 3451 te,
1997 3387 2077 3439 ﬁli
2104 3387 2200 3451 mi,
2235 3403 2299 3439 ac
2328 3387 2541 3456 regina,
2577 3393 2634 3444 et
2662 3403 2810 3441 nunc
2838 3394 2894 3441 te
2936 3387 3219 3453 amittens,
3250 3404 3355 3442 nec

1762 3476 1970 3546 reginae
1995 3476 2252 3545 gloriam,
2288 3492 2388 3529 nec
2416 3476 2613 3529 matris
2638 3476 2907 3546 gaudium
2939 3476 3134 3530 habeo.
3161 3477 3271 3531 Sed
3300 3482 3359 3531 et

1760 3571 1845 3630 tu,
1874 3571 2005 3618 nate
2035 3565 2373 3629 dulcissime,
2402 3565 2570 3618 arbor
2596 3566 2771 3629 fuisti,
2807 3572 2864 3619 et
2887 3565 3066 3620 excisa
3087 3583 3175 3634 es;
3208 3582 3361 3620 mar-

1760 3654 1961 3724 garita,
1988 3660 2090 3708 eta
2115 3655 2357 3707 Galilzeis
2377 3656 2459 3725 (6,)
2476 3654 2695 3708 furatus
2714 3672 2800 3721 es;
2833 3672 3056 3725 gemma
3086 3656 3351 3726 pretiosa,

1762 3749 1820 3796 et
1847 3744 1906 3797 in
1938 3743 2173 3797 obscuro
2200 3744 2501 3797 collocatus
2529 3762 2620 3809 es;
2654 3750 2720 3798 ut
2738 3745 2972 3815 lampas,
3003 3750 3059 3798 et
3087 3744 3359 3799 exstincta

1765 3849 1857 3901 es;
1893 3833 2153 3887 columna
2181 3848 2324 3897 eras,
2353 3838 2407 3886 et
2437 3832 2689 3901 dejectus
2717 3850 2804 3892 es:
2837 3834 3041 3900 regalis
3064 3839 3269 3898 statua,
3303 3839 3360 3887 et

1766 3938 1991 3974 eversus
2010 3939 2088 3975 es.
2123 3922 2191 3975 Et
2220 3921 2350 3991 quid
2384 3921 2608 3975 multa?
2638 3923 2815 3977 Homo
2858 3922 3030 3987 fuisti,
3064 3928 3121 3975 et
3147 3923 3204 3975 in
3233 3939 3359 3976 mo-

1765 4011 1939 4064 menti
1970 4012 2207 4073 hora,ut
2231 4010 2499 4079 suspicor,
2517 4010 2701 4064 subito
2731 4017 2987 4065 mortuus
3012 4028 3089 4065 es.
3124 4012 3192 4065 Et
3213 4028 3362 4065 nunc

1765 4106 1995 4170 prepter
2021 4106 2094 4163 te,
2147 4099 2226 4153 fili
2258 4114 2356 4163 mi,
2396 4116 2589 4153 amens
2639 4100 2833 4158 effecta
2862 4118 3008 4163 sum,
3038 4108 3103 4155 ut
3140 4117 3243 4155 nec
3274 4102 3361 4155 vel

1765 4190 1954 4253 vitam,
1988 4190 2075 4242 vel
2104 4206 2309 4245 nomen
2340 4205 2528 4243 meum
2558 4189 2890 4259 intelligam.
2931 4191 3062 4244 Haec
3091 4195 3147 4244 et
3172 4191 3366 4261 hujus-

1769 4279 1921 4332 modi
1967 4278 2136 4332 verba
2181 4284 2342 4349 pater
2387 4280 2509 4349 ejus
2556 4284 2612 4332 et
2656 4286 2839 4334 mater
2883 4280 3150 4344 dicentes,
3210 4281 3368 4335 nullo

1770 4369 1934 4422 modo
1964 4385 2022 4421 se
2051 4373 2312 4438 poterant
2336 4384 2369 4421 a
2396 4384 2637 4421 moerere
2674 4369 2921 4423 maxime
2952 4369 3217 4427 relevare.

1842 4458 1971 4511 CAP.
2005 4458 2415 4527 VIII.-—Igitur
2434 4474 2559 4511 cum
2590 4458 2646 4511 in
2670 4463 2980 4512 memorata
3010 4458 3168 4522 urbe,
3186 4458 3365 4513 sancti

72 4519 361 4620 accipere,
414 4548 581 4602 facito
626 4547 855 4603 interim
885 4564 1009 4618 quae
1049 4547 1194 4601 dico.
1227 4546 1367 4602 Jube
1398 4562 1486 4602 me
1518 4545 1686 4600 hodie
1706 4519 1869 4603 DDei
1896 4545 2152 4600 homines
2180 4546 2501 4600 mansiones
2527 4545 2631 4600 sibi
2662 4552 2824 4616 aptas
2846 4546 3207 4611 invenissent,
3223 4547 3280 4601 in
3297 4564 3366 4601 ea

74 4640 206 4694 ﬁeri
241 4638 736 4705 catechumenum,
781 4642 839 4691 et
882 4637 1110 4707 impone
1144 4635 1284 4693 mihi
1316 4634 1598 4705 jejunium
1626 4634 1685 4689 in
1768 4635 2082 4705 gratiarum
2128 4634 2376 4689 actiones
2416 4635 2519 4689 soli
2558 4632 2678 4689 Deo
2732 4634 3085 4689 exhibebant.
3126 4637 3194 4689 Et
3232 4637 3365 4707 quia

74 4735 333 4801 quantos
356 4727 596 4783 volueris
624 4726 763 4794 dies,
778 4732 837 4781 et
850 4733 978 4796 post
1003 4726 1123 4781 dies
1147 4724 1410 4781 deﬁnitos
1437 4723 1574 4781 mihi
1594 4740 1688 4778 εει-
1770 4724 2041 4794 scriptum
2062 4727 2175 4776 est:
2202 4724 2327 4777 Non
2350 4728 2533 4793 potest
2553 4723 2745 4777 civitas
2757 4723 3020 4778 abscondi
3031 4741 3365 4795 supermon-

76 4823 445 4875 crumentum
474 4815 829 4887 baptismatis
852 4814 1057 4871 tribue.
1079 4814 1332 4885 Cumque
1360 4813 1550 4869 omnia
1566 4830 1689 4883 qua:
1770 4819 1885 4867 tem
1919 4812 2099 4883 posita
2121 4813 2334 4879 (Matth.
2360 4815 2629 4882 v),neque
2656 4812 2843 4866 divina
2866 4813 3051 4883 gratia
3071 4814 3246 4869 latere
3263 4815 3366 4871 sub

77 4906 430 4963 Christiana:
460 4904 745 4976 pertinent
770 4904 1033 4975 religioni
1062 4904 1529 4974 explevero,tune
1556 4917 1685 4972 pre-

71 5015 172 5052 cor
202 5003 275 5053 ut
294 4995 511 5067 pariter
539 4994 608 5051 ab
637 4995 742 5049 hac
778 4993 917 5049 urbe
942 4992 1107 5051 ambo
1138 4992 1517 5062 egrediamur,
1550 4996 1607 5047 et
1627 4991 1686 5045 in

70 5087 374 5157 regionem
403 5084 788 5156 longinquam,
813 5089 1001 5151 214
1030 5081 1127 5137 ubi
1154 5098 1256 5141 nos
1291 5080 1534 5151 Spiritus
1563 5096 1688 5135 san-

69 5185 200 5231 ctus
232 5173 587 5248 perduxerit,
615 5189 1001 5245 properemus,
1031 5187 1103 5226 ne
1123 5171 1540 5229 immaculatum
1562 5185 1688 5224 con-

72 5265 382 5321 scientiam
430 5280 616 5319 meam
663 5280 765 5334 per
801 5279 931 5318 suas
957 5262 1235 5331 lacrymas
1266 5260 1481 5331 polluat
1507 5264 1684 5329 pater.

74 5357 347 5428 Cumque
378 5354 439 5408 in
465 5351 906 5425 prudentissimo
923 5352 1150 5421 juvene,
1184 5367 1308 5420 quae
1336 5350 1692 5418 disposuerat

74 5442 655 5515 ipse,'consummata
683 5441 941 5506 fuissem,
988 5444 1116 5510 post
1144 5439 1262 5493 dies
1308 5454 1532 5508 paucos,
1563 5453 1690 5491 ora-

76 5536 237 5591 tione
268 5533 345 5589 ad
376 5531 665 5587 Christum
712 5530 1019 5602 praemissa,
1050 5527 1216 5584 ambo
1245 5528 1314 5583 ab
1357 5526 1494 5581 urbe
1540 5543 1695 5595 egre—

78 5624 328 5681 diuntur
353 5640 366 5677 :
393 5627 450 5678 et
472 5620 875 5679 descendentes
894 5618 1101 5683 navim,
1126 5617 1185 5673 in
1197 5617 1533 5688 Scytharum
1554 5616 1697 5671 ﬁnes

74 5711 332 5788 ingressi
356 5717 518 5783 sunt,
548 5715 721 5783 atque
744 5709 807 5769 in
833 5707 1296 5769 Almirideusium
1315 5705 1599 5765 civitatem
1620 5704 1692 5774 (5)

1152 5964 1185 5987 /

1767 4902 1973 4967 modio,
2007 4901 2175 4971 cmpit
2208 4901 2414 4954 iterum
2455 4900 2695 4955 caelestis
2742 4901 2921 4956 virtus
2964 4920 3066 4974 per
3108 4910 3366 4958 sanctum

1769 4991 2083 5062 Epictetum
2104 4990 2269 5061 plura
2284 4990 2444 5060 signa
2465 4995 2523 5043 et
2548 4990 2804 5061 prodigia
2821 4991 2879 5046 in
2893 4988 3120 5062 regione
3136 4994 3369 5065 Scytha-

1770 5097 1914 5145 rum,
1952 5096 2120 5150 quam
2142 5095 2208 5133 ea
2237 5095 2359 5149 qua:
2380 5079 2440 5134 in
2471 5079 2715 5134 Orientis
2736 5080 2988 5151 partibus
3014 5083 3223 5136 fecerat
3239 5098 3365 5153 ope-

1771 5170 1902 5223 rari.
1934 5170 2077 5225 Nam
2107 5184 2217 5223 una
2248 5168 2468 5221 dierum
2497 5168 2755 5239 quaedam
2784 5170 2990 5225 mulier
3016 5171 3088 5225 ad
3114 5187 3242 5225 eum
3271 5186 3367 5224 ve-

1771 5260 1953 5319 niens,
1978 5258 2182 5312 obtulit
2209 5257 2259 5311 ei
2288 5257 2465 5311 lilium
2493 5273 2680 5321 suum,
2712 5273 2989 5312 annorum
3007 5258 3125 5313 fere
3143 5272 3228 5324 xv,
3249 5275 3368 5313 mu-

1773 5353 1893 5402 tum
1907 5352 1964 5401 et
1981 5347 2235 5410 surdum,
2258 5352 2313 5401 et
2333 5346 2554 5402 aridum
2576 5346 2932 5414 existentem;
2956 5347 3368 5418 projiciensque

1776 5453 1903 5489 eum
1934 5435 2003 5491 ad
2036 5436 2206 5507 pedes
2235 5435 2413 5489 sancti
2446 5434 2697 5505 Epicteti,
2741 5434 2935 5487 taliter
2959 5435 3027 5488 ad
3080 5435 3240 5488 illum
3281 5436 3367 5489 lo-

1777 5524 2276 5596 quebatur,dicens
2307 5542 2318 5576 :
2354 5524 2512 5577 Unde
2540 5523 2831 5577 adveneris
2860 5524 3239 5589 nescio,velde
3259 5540 3368 5595 qua

1776 5614 2004 5683 regione
2051 5614 2256 5669 existas
2310 5613 2528 5682 ignoro.
2584 5612 2701 5666 Hoc
2747 5616 2935 5666 autem
2978 5614 3371 5668 tantummodo

1776 5702 1960 5769 credo,
1976 5701 2111 5772 quia
2136 5703 2186 5757 si
2218 5702 2319 5771 vis,
2350 5708 2515 5774 potes
2538 5701 2936 5772 languentibus
2966 5702 3227 5757 sanitatis
3255 5718 3375 5759 ηιθ-
