3878 6392
492 399 598 461 399

1507 377 1604 438 DE
1638 377 1828 436 VITIS
1864 375 2161 434 PATRUM
2195 376 2410 433 LIBER
2445 374 2735 432 PRIMUS.

3640 370 3730 426 400

449 547 454 553 '
492 525 680 580 delum
700 523 982 594 Ρΐωεΐενθτ
1004 531 1070 570 θο
1099 512 1249 584 (ιιισά
1277 508 1502 565 habitus
1531 512 1664 562 tuus
1691 501 2079 594 atquerl‘eligipo
2096 501 2141 562 Α
2233 520 2363 574 CAP.
2388 519 2456 572 X.
2481 548 2546 560 —
2577 519 2719 574 Item
2755 517 2865 572 alio
2889 520 3143 586 tempore
3172 512 3308 566 vidit
3337 511 3618 566 hominem
3646 512 3727 582 qui

490 589 765 669 Nazareni
792 607 942 662 illius
969 611 1026 658 te
1047 619 1167 658 esse
1195 599 1530 670 discipulum
1557 595 1820 650 declaret.
1853 589 2079 646 Audivi-

489 719 615 756 mus
625 698 901 770 siquidem
914 699 1126 766 quanta
1141 691 1304 760 signa
1314 694 1371 742 et
1380 684 1633 759 prodigia
1651 683 1746 737 alii
1757 682 1826 735 de
1843 695 2077 735 numero

487 797 588 846 tuo
616 790 676 844 in
706 787 857 842 illius
885 788 1021 839 sunt
1045 781 1273 836 nomine
1303 775 1538 849 operati.
1583 774 1728 842 Ergo
1757 771 1891 842 quia
1931 785 2077 823 unus

484 897 548 934 ex
577 879 729 932 illius
775 871 1063 945 discipulis
1109 867 1351 930 haberis,
1382 861 1611 920 subveni
1654 857 2078 914 inﬁrmitatibus

482 967 718 1024 nostris.
755 963 1003 1019 Praedica
1059 957 1222 1014 nobis
1267 957 1338 1010 de
1383 950 1733 1007 mirabilibus
1770 948 1940 1012 illius,
1981 963 2078 1000 ex-

479 1074 625 1129 pone
663 1055 734 1109 de
781 1053 1009 1108 natione
1038 1047 1234 1120 ipsius,
1269 1061 1370 1099 seu
1408 1040 1719 1097 divinitatis
1757 1051 2077 1091 sacramen-

479 1152 624 1211 tum,
645 1149 714 1199 ut
731 1148 789 1198 et
811 1159 913 1196 nos
928 1138 1073 1194 servi
1095 1138 1218 1208 ejus
1239 1151 1340 1206 per
1358 1139 1415 1187 te
1436 1130 1579 1186 efﬁci
1600 1125 2078 1183 mereamur.Haec

475 1233 712 1289 audiens
743 1229 1000 1285 sacerdos
1028 1221 1481 1290 Domini,taliter
1498 1217 1722 1273 mulieri
1737 1217 1955 1270 locutus
1969 1218 2073 1276 est,

474 1323 666 1378 dicens
691 1339 704 1374 :
730 1319 790 1375 Si
817 1307 1044 1374 credere
1061 1315 1144 1368 vis
1172 1311 1376 1367 mulier
1395 1311 1452 1364 in
1470 1325 1600 1363 eum
1622 1322 1789 1378 quem
1813 1321 1916 1373 ego
1938 1320 2077 1374 pra:-

473 1413 600 1466 dico
614 1411 819 1476 Deum,
835 1413 892 1462 et
909 1406 1128 1461 nullum
1158 1403 1423 1472 deinceps
1434 1397 1783 1453 inﬁdelitatis
1805 1394 2003 1447 vitium
2015 1392 2075 1446 in

484 1501 676 1556 animo
703 1504 803 1552 tuo
826 1494 1117 1557 resederit,
1131 1492 1228 1546 sed
1249 1487 1548 1545 credideris
1579 1503 1645 1541 ex
1667 1491 1785 1540 toto
1801 1483 1966 1538 corde
1978 1488 2076 1536 tuo

487 1589 637 1661 quod
660 1588 781 1659 ipse
809 1585 884 1641 sit
901 1583 1157 1639 conditor
1181 1580 1305 1635 caeli
1332 1584 1390 1634 et
1407 1574 1770 1640 terrm,maris
1785 1589 2005 1644 quoque
2017 1577 2075 1624 et

482 1677 727 1733 fontium
751 1689 1045 1746 aquarum,
1075 1677 1131 1725 et
1159 1668 1410 1723 omnium
1433 1683 1554 1736 quae
1583 1665 1641 1718 in
1671 1663 1751 1716 eis
1779 1666 1930 1726 sunt,
1967 1659 2078 1713 erit

484 1766 634 1838 quod
663 1763 870 1837 petisti.
906 1763 1021 1818 Nec
1042 1760 1192 1815 enim
1218 1760 1383 1828 longe
1413 1761 1500 1810 est
1519 1753 1588 1808 ab
1614 1766 1951 1822 unoquoque
1981 1764 2077 1801 no-

2160 609 2229 662 de
2241 607 2416 662 nimia
2437 607 2731 662 altitudine
2752 603 3363 676 lapsus,semimortuus
3374 618 3408 654 a
3427 599 3728 672 parentibus

2158 696 2218 750 in
2237 697 2468 751 domum
2490 696 2771 768 propriam
2797 693 3121 750 ducebatur.
3156 693 3410 762 Cumque
3439 689 3730 744 intueretur

2159 785 2284 839 illos
2304 787 2373 839 de
2404 785 2696 856 repentino
2718 784 2862 838 facto
2879 782 3116 837 nimium
3134 779 3456 842 lamentari,
3480 778 3574 850 pia
3589 778 3730 831 mise-

2158 873 2375 927 ratione
2395 879 2727 938 commotus,
2741 871 2971 926 secessit
2987 870 3046 924 in
3060 869 3361 941 quemdam
3380 868 3560 922 locum
3576 867 3731 921 occul-

2157 967 2311 1029 tum;
2336 968 2394 1016 et
2421 968 2594 1027 stans,
2616 962 2805 1016 taliter
2826 959 3125 1014 Dominum
3147 963 3400 1012 nostrum
3427 973 3528 1028 pro
3547 973 3609 1010 eo
3627 973 3730 1027 pre-

2159 1057 2317 1105 catus
2375 1056 2480 1116 est,
2538 1051 2764 1104 dicens:
2817 1049 3036 1104 Christe
3066 1047 3234 1112 Deus,
3273 1046 3371 1117 qui
3400 1062 3502 1117 per
3528 1045 3730 1099 beatum

2159 1140 2398 1194 Paulum
2416 1138 3080 1210 apostolum,Eutychum
3102 1137 3171 1190 de
3190 1136 3438 1189 fenestra
3455 1141 3732 1189 ruentema

2159 1229 2356 1282 mortis
2401 1229 2594 1299 januis
2633 1228 2902 1283 revocasti
2933 1227 3003 1280 ad
3032 1227 3205 1280 vitam
3250 1227 3388 1291 (Act.
3422 1227 3538 1293 xx),
3569 1229 3622 1278 et
3651 1224 3731 1294 qui

2158 1317 2344 1371 IEneaa
2360 1317 2432 1371 ab
2454 1317 2617 1371 annis
2639 1333 2784 1372 Lxxx
2799 1317 2856 1370 in
2880 1316 3114 1386 grabato
3127 1315 3358 1386 jacenti,
3377 1332 3481 1386 per
3498 1321 3730 1368 sanctum

2157 1406 2388 1460 Petrum
2419 1405 2786 1460 stabilitatem
2809 1405 3052 1459 tribuisti
3075 1403 3542 1469 membrorum,et
3558 1403 3730 1457 claudo

2157 1510 2222 1548 ex
2248 1500 2410 1549 utero
2434 1495 2631 1549 matris
2653 1494 2912 1548 existenti
2932 1494 3206 1563 integram
3228 1493 3529 1547 sanitatem
3546 1491 3732 1564 praesti-

2159 1583 2424 1647 tisti(Act.
2441 1589 2546 1651 III),
2581 1589 2637 1637 et
2657 1600 2823 1649 nunc,
2849 1600 3057 1654 quaso,
3079 1581 3556 1652 Domine.respice
3585 1597 3731 1652 super

2156 1672 2327 1726 istum
2357 1673 2661 1736 hominem,
2678 1673 2772 1744 qui
2797 1689 2897 1742 per
2915 1671 3122 1725 diaboli
3141 1671 3527 1742 operationem
3548 1687 3580 1723 a
3598 1676 3735 1724 tanta

2157 1761 2359 1815 cecidit
2386 1762 2713 1829 altitudine;
2747 1762 2897 1815 dona
2924 1761 2974 1815 ei
2996 1761 3275 1830 integram
3297 1758 3738 1824 sanitatem,faci-

481 1861 761 1920 strum,eo
781 1852 929 1924 quod
959 1851 1018 1905 in
1047 1850 1167 1920 ipso
1197 1862 1410 1912 sumus,
1426 1844 1678 1908 vivimus,
1703 1847 1762 1894 et
1788 1852 2080 1893 movemur
2098 1848 2328 1920 Βιοφιε
2356 1865 2486 1903 eum
2519 1866 2640 1903 esse
2668 1849 2738 1903 de
2767 1865 3002 1903 numero
3029 1865 3264 1919 gregum
3289 1847 3667 1918 tuomnnquia
3685 1853 3736 1900 ω

481 1947 618 2014 (Act.
653 1943 909 2013 vn).ch
938 1941 1146 2004 dicens,
1161 1953 1399 2009 puerum
1428 1933 1764 1988 dissolutum
1781 1927 1945 1999 jubet
1962 1927 2076 1982 ele-

480 2034 628 2102 vari;
671 2039 731 2088 et
765 2029 1066 2086 sublevatis
1097 2027 1271 2082 oculis
1299 2025 1371 2079 ad
1394 2023 1617 2087 caelum,
1651 2020 1842 2074 taliter
1880 2033 1982 2088 pro
2011 2032 2076 2069 eo

477 2123 780 2178 Dominum
805 2117 1229 2191 deprecabatur,
1261 2114 1482 2168 dicens:
1517 2109 1886 2180 Omnipotens
1905 2105 2074 2170 Deus,

479 2211 574 2284 qui
606 2228 666 2266 es
686 2211 998 2264 immensus
1017 2212 1076 2260 et
1095 2202 1409 2264 invisibilis,
1443 2197 1833 2254 inenarrabilis
1856 2210 2077 2265 quoque

476 2306 535 2356 et
581 2295 1180 2371 incomprehensibilis,
1226 2293 1379 2346 salus
1422 2289 1888 2352 Christianorum,
1924 2284 2078 2338 infir—

476 2390 752 2444 mantium
776 2387 1050 2451 medicus,
1075 2382 1420 2454 gubernator
1439 2372 2076 2448 navigantium.pericli-

479 2478 721 2534 tantium
766 2481 982 2548 portus,
1015 2475 1208 2528 lumen
1235 2485 1526 2532 caecorum,
1567 2484 1666 2538 pes
1720 2463 2070 2526 claudorum,

477 2568 570 2622 via
595 2567 928 2630 errantium,
947 2562 1178 2633 respice,
1198 2576 1403 2631 quzeso,
1439 2556 1695 2620 Domine,
1732 2569 1902 2624 super
1925 2552 2075 2605 hunc

479 2657 756 2712 famulum
782 2659 964 2718 tuum,
1014 2657 1073 2704 et.
1099 2650 1248 2704 solve
1281 2646 1559 2700 vinculum
1593 2643 1798 2712 linguae
1825 2640 1975 2694 illius
2003 2639 2074 2693 ad

480 2744 704 2800 laudem
729 2739 976 2798 nominis
1006 2738 1110 2793 tui.
1132 2735 1302 2807 Aperi
1332 2750 1553 2806 quoque
1584 2747 1750 2785 aures
1778 2729 1971 2800 ipsius,
2006 2727 2076 2780 ad

481 2831 825 2889 audiendum
851 2835 952 2884 tua
976 2825 1225 2882 coelestia
1249 2827 1621 2879 sacramenta.
1643 2821 1793 2874 Sana
1814 2817 2079 2872 universa

482 2919 740 2977 membra
758 2920 882 2989 ejus
900 2915 1286 2980 contrita,tam
1313 2912 1560 2967 animam
1587 2924 1756 2980 quam
1769 2906 1939 2960 etiam
1960 2921 2077 2959 cor-

481 3027 606 3084 pus,
630 3009 776 3064 sicut
795 3007 946 3061 illius
962 3003 1256 3077 paralytici
1277 3017 1442 3072 quem
1465 3004 1590 3070 post
1632 2996 1866 3067 triginta
1882 2999 1938 3048 et
1954 2999 2078 3047 octo

483 3115 661 3154 annos
688 3103 820 3152 tuus
839 3093 1170 3150 venerabilis
1191 3091 1462 3145 adventus
1492 3089 1711 3156 integra
1738 3083 1962 3140 donavit
1987 3098 2079 3136 sa-

2159 1955 2219 1992 es
2257 1943 2450 2009 pastor
2476 1945 2684 2005 noster,
2721 1955 2882 1993 verus
2906 1938 3198 2007 Dominus,
3221 1937 3317 2008 qui
3348 1937 3408 1992 in
3440 1943 3539 1992 tuo
3567 1948 3736 1990 sancto

2160 2026 2458 2096 Evangelio
2487 2027 2705 2080 locutus
2722 2045 2802 2092 es,
2833 2027 3022 2081 dicens
3047 2027 3222 2092 (Joan.
3246 2033 3294 2092 x)
3320 2045 3331 2078 :
3368 2027 3486 2096 Ego
3507 2042 3625 2080 sum
3652 2041 3736 2096 pa-

2159 2122 2278 2170 stor
2306 2115 2502 2181 bonus,
2533 2122 2589 2170 et
2616 2133 2889 2187 cognosco
2928 2133 3081 2170 meas
3119 2132 3273 2182 oves,
3315 2121 3374 2169 et
3419 2121 3739 2186 cognoscunt

2161 2221 2252 2258 me
2276 2221 2432 2258 mem.
2472 2205 2628 2259 Sicut
2657 2205 2811 2259 novit
2836 2221 2926 2259 me
2956 2205 3141 2270 Pater,
3171 2210 3230 2259 et
3257 2221 3360 2274 ego
3387 2221 3627 2275 agnosco
3654 2204 3739 2257 Pa-

2157 2299 2322 2358 trem,
2352 2298 2410 2348 et
2437 2294 2682 2348 animam
2717 2311 2901 2348 meam
2933 2311 3079 2365 pono
3109 2311 3210 2365 pro
3240 2293 3435 2348 ovibus
3463 2293 3740 2348 meis.0ra-

2157 2382 2310 2436 tione
2337 2382 2513 2447 finita,
2529 2382 2795 2436 accedens
2817 2383 2980 2452 juxta
3002 2382 3307 2448 hominem,
3330 2382 3522 2437 taliter
3544 2381 3610 2436 ad
3626 2397 3736 2437 eum

2158 2470 2376 2524 locutus
2405 2471 2713 2536 est,dicens
2738 2490 2748 2524 :
2784 2472 2848 2526 In
2878 2471 3105 2525 nomine
3125 2472 3258 2526 Jesu
3276 2471 3490 2526 Christi
3521 2487 3676 2540 surge
3693 2475 3738 2522 et

2156 2559 2400 2613 ambula.
2433 2561 2501 2614 Et
2529 2561 2880 2630 apprehensa
2909 2561 3030 2630 ejus
3064 2577 3235 2614 manu
3258 2560 3491 2614 dextera
3522 2557 3734 2614 elevavit

2157 2665 2323 2714 eum;
2385 2654 2443 2702 et
2492 2649 2746 2719 protinus
2798 2649 3155 2703 consolidatre
3196 2655 3330 2703 sunt
3357 2649 3524 2703 bases
3555 2650 3739 2719 ejuset

2159 2735 2446 2806 plantae,et
2467 2736 2704 2790 exsilivit
2724 2743 2780 2790 et
2807 2736 3136 2792 ambulavit.
3151 2738 3220 2792 Et
3247 2737 3478 2791 veniens
3507 2753 3618 2792 una
3633 2751 3741 2789 cum

2161 2825 2489 2896 parentibus
2519 2825 2636 2879 suis
2683 2842 2860 2896 usque
2905 2826 2976 2880 ad
3005 2826 3385 2880 habitaculum
3413 2830 3737 2886 sanctorum,

2161 2913 2493 2968 exclamavit
2514 2930 2718 2984 magna
2748 2931 2899 2977 voce,
2921 2914 3112 2968 dicens
3142 2933 3153 2966 :
3180 2915 3337 2969 Unus
3357 2915 3514 2968 Deus
3529 2911 3743 2986 Epicteti

2159 3006 2218 3055 et
2243 3002 2512 3068 Astionis,
2543 3019 2671 3057 vere
2700 3019 2848 3057 unus
2895 3004 3044 3058 Deus
3075 3003 3530 3058 Christianorum
3562 3021 3575 3070 ;
3603 3003 3736 3056 ideo-

2163 3107 2271 3160 que
2320 3107 2434 3144 non
2481 3092 2680 3145 recedo
2723 3091 2870 3158 hinc,
2906 3092 3012 3146 nisi
3043 3092 3208 3146 hodie
3247 3093 3603 3147 Christianus
3633 3106 3740 3146 cum

483 3187 662 3242 nitate
695 3187 876 3254 (Joan-
914 3185 990 3250 κ’),
1020 3186 1084 3236 ιιι
1121 3183 1429 3249 agnoscant
1458 3191 1662 3231 nomen
1697 3179 1860 3228 tuum
1898 3171 1994 3242 (illi
2025 3166 2142 3226 mc
2166 3179 2305 3234 meis
2337 3180 2665 3251 parentibus
2692 3181 2851 3235 fuero
2878 3181 3128 3236 eﬁ'ectus.
3159 3183 3314 3236 Tunc
3359 3183 3622 3236 sacerdos
3647 3181 3742 3235 Do-

484 3293 597 3332 non
625 3277 921 3338 noverunt,
945 3277 1055 3337 2|
1072 3277 1135 3336 εἰ
1154 3276 1212 3323 et
1239 3267 1471 3322 credant
1499 3265 1631 3336 quia
1661 3269 1723 3318 tu
1752 3279 1812 3316 es
1841 3261 1993 3315 solus
2023 3264 2081 3313 et

485 3383 650 3420 verus
678 3361 949 3433 Deus,qui
977 3376 1184 3429 regnas
1208 3363 1266 3412 et
1289 3371 1585 3428 permanes
1614 3369 1728 3408 una
1751 3367 1878 3405 cum
1911 3349 2080 3402 Patre

485 3461 544 3510 et
559 3453 772 3525 Spiritu
794 3456 987 3505 sancto
1017 3449 1075 3502 in
1103 3447 1306 3502 sarcula
1321 3444 1676 3500 saeculorum.
1697 3441 1930 3510 Expleta
1951 3455 2080 3491 ora-

2161 3268 2300 3322 mini
2325 3285 2620 3324 assumens
2635 3269 2940 3336 hominem,
2955 3286 3082 3324 cum
3098 3270 3372 3325 universis
3387 3271 3490 3342 qui
3511 3271 3740 3333 aderant,

2163 3358 2360 3411 eadem
2399 3358 2538 3412 hora
2563 3359 2994 3412 catechumenos
3040 3359 3240 3426 ell‘ecit,
3291 3364 3348 3414 et
3390 3367 3524 3430 post
3562 3375 3742 3432 paucos

2161 3445 2280 3500 dies
2306 3451 2719 3500 sacramentum
2750 3447 2830 3501 eis
2859 3446 3122 3519 baptismi
3152 3447 3402 3502 tradidit.

483 3543 658 3607 tione,
684 3539 905 3611 exspuit
931 3543 1020 3592 ter
1047 3536 1106 3590 in
1135 3552 1197 3589 os
1226 3533 1475 3597 infantis,
1513 3536 1682 3601 atque
1725 3529 2080 3596 interrogans
2232 3534 2472 3588 CAp,x1,
2490 3564 2540 3576 _
2561 3535 2688 3589 Λιίο
2700 3551 2921 3607 quoque
2943 3542 3215 3608 tempore,
3235 3537 3371 3591 dum
3399 3537 3477 3591 ad
3497 3535 3740 3592 haurien.

487 3648 636 3696 eum,
669 3629 811 3684 dixit
842 3646 854 3681 :
881 3625 1007 3692 Fili,
1040 3624 1096 3678 in
1126 3640 1292 3694 quem
1336 3620 1514 3676 Deum
1543 3636 1645 3674 nos
1670 3616 1930 3672 convenit
1957 3632 2080 3670 cre-
2161 3621 2292 3676 dam
2315 3637 2521 3692 aquam
2537 3639 2602 3676 ex
2622 3623 2857 3678 ﬂumine
2878 3624 2997 3695 ipse
3022 3624 3378 3680 beatissimus
3399 3626 3617 3692 Astion,
3639 3624 3742 3678 sine

485 3721 638 3782 dere.
668 3717 728 3772 in
748 3717 899 3771 id0|8
927 3731 1050 3786 quae
1069 3713 1142 3767 ab
1163 3709 1483 3766 hominibus
1513 3710 1675 3774 ﬁunt,
1695 3712 1796 3760 aut
1815 3706 1873 3759 in
1886 3706 1913 3759 J
1920 3721 2081 3759 esum
2156 3710 2409 3780 jussione
2422 3711 2509 3764 vel
2529 3713 3014 3768 commendatione
3035 3713 3185 3768 senis
3201 3714 3558 3786 perrexisset,
3583 3712 3741 3784 turpis

487 3809 776 3865 Christum
801 3804 1146 3867 οωοὶίὶκιιῐηε
1182 3801 1278 3872 (1οί
1305 3806 1361 3854 te
1393 3799 1558 3853 ηοάίθ
1587 3812 1788 3850 sanare
1819 3794 2084 3865 dignatus
2164 3799 2416 3869 quzedam
2438 3800 2702 3870 cogitatio
2729 3801 2787 3855 in
2817 3802 2906 3855 via
2933 3808 3103 3857 eunte
3131 3803 3246 3869 illo,
3273 3810 3495 3859 mentes
3523 3805 3642 3874 ejus
3659 3817 3740 3856 su-

489 3899 608 3954 est?
636 3899 713 3952 At
739 3896 833 3950 ille
862 3908 990 3949 cum
1020 3907 1229 3961 magna
1252 3905 1383 3943 voce
1412 3884 1744 3942 exclamavit
1769 3884 1959 3938 dicens
1986 3883 2084 3936 :In
2164 3887 2281 3942 bito
2311 3888 2532 3942 invasit.
2563 3889 2633 3943 Et
2659 3906 2786 3944 cum
2815 3907 2917 3961 per
2942 3891 3194 3946 triduum
3217 3892 3306 3946 hic
3331 3893 3464 3948 talis
3484 3910 3549 3948 ac
3571 3897 3741 3946 tantus

489 3989 516 4043 J
523 4003 682 4042 esum
705 3983 995 4040 Christum
1022 3997 1124 4034 nos
1152 3977 1410 4033 convenit
1435 3975 1680 4040 credere,
1703 3971 2083 4036 obeatissime,
2167 3977 2253 4030 vir
2279 3991 2390 4031 non
2420 3977 2694 4049 potuisset
2708 3979 2778 4034 de
2799 3995 2900 4034 suo
2919 3985 3141 4050 pectore
3171 3998 3294 4036 eam
3325 3983 3640 4044 extrudere,
3665 3978 3739 4033 ni-

491 4075 591 4146 qui
618 4079 780 4128 tanta
805 4069 1079 4126 beneﬁcia
1117 4082 1340 4138 semper
1367 4071 1425 4120 et
1449 4080 1626 4134 usque
1657 4063 1715 4116 in
1753 4065 2088 4132 pmsentcm
2169 4066 2348 4120 mium
2369 4066 2547 4120 tristis
2567 4067 2795 4122 effectus
2819 4074 2987 4134 est,et
3001 4070 3187 4124 vultus
3216 4071 3338 4142 ejus
3361 4071 3524 4126 valde
3541 4087 3636 4142 pro
3656 4069 3742 4122 hoc

493 4164 644 4218 diem
672 4161 731 4216 in
757 4157 1082 4215 hominibus
1110 4161 1394 4227 operatur.
1427 4155 1681 4223 Cumque
1710 4151 1816 4205 hoc
1843 4149 2088 4204 miracu-
2167 4155 2536 4226 permanebat
2554 4155 2838 4212 confusus.
2871 4158 3051 4222 Quem
3070 4158 3297 4214 intuens
3325 4159 3656 4215 venerabilis
3674 4173 3744 4210 se-

493 4253 615 4308 lum
641 4252 896 4306 cerneret
929 4243 1389 4301 Almiridensium
1434 4239 1757 4304 multitudo,
1789 4237 1944 4293 dedit
1967 4239 2091 4308 glo-
2170 4244 2316 4310 nior,
2341 4244 2423 4298 ait
2449 4245 2522 4299 ad
2547 4261 2676 4300 eum
2700 4265 2712 4300 :
2739 4246 2884 4310 Quid
2906 4253 2993 4301 est
3015 4247 3138 4315 hoc,
3162 4248 3422 4320 ﬁli,quod
3452 4250 3530 4304 sic
3545 4249 3742 4304 tristem

497 4341 643 4396 riam
671 4340 806 4406 Deo,
840 4342 898 4390 et
925 4335 1220 4407 plusquam
1247 4331 1398 4386 mille
1428 4329 1628 4385 animae
1649 4329 1706 4382 in
1734 4327 1832 4382 illa
1859 4327 1949 4381 die
1977 4343 2093 4382 cre-
2171 4339 2228 4388 te
2265 4333 2506 4400 intueor,
2535 4340 2595 4389 et
2631 4334 2859 4390 insolito
2887 4352 3127 4391 maerore
3155 4337 3366 4408 aspicio
3394 4338 3700 4394 confectum
3724 4333 3744 4385 ?

497 4430 765 4484 diderunt
790 4426 849 4481 in
877 4423 1178 4480 Dominum
1203 4421 1567 4478 Salvatorem.
2174 4423 2304 4477 Haec
2320 4422 2596 4494 siquidem
2608 4423 2994 4496 tristitia,qum
3012 4429 3068 4480 te
3082 4441 3232 4480 nunc
3250 4426 3506 4483 detinere
3524 4427 3740 4487 videtur,

572 4519 702 4574 CAP.
719 4517 886 4572 IX.—
907 4515 1034 4570 Non
1049 4512 1230 4567 solum
1249 4510 1422 4581 igitur
1437 4514 1663 4564 sanctus
1684 4506 2076 4580 Epictetus,serl

2158 4527 2285 4566 anon
2314 4517 2401 4565 est
2423 4511 2521 4567 illa
2549 4529 2718 4583 quam
2747 4515 2926 4568 sancti
2949 4515 3130 4569 solent
3157 4513 3364 4571 habere
3392 4515 3455 4571 in
3481 4517 3652 4580 vultu,
3672 4510 3744 4565 vel

501 4615 559 4663 et
580 4605 939 4662 beatissimus
966 4602 1163 4658 Astion
1192 4599 1439 4672 plurima
1466 4597 1737 4652 miracula
1763 4597 1822 4651 in
1863 4595 2090 4651 nomine
2171 4599 2506 4672 pmnitentes
2531 4617 2634 4672 pro
2661 4618 2762 4656 sua
2787 4602 3070 4658 communi
3097 4604 3308 4672 salute;
3339 4605 3437 4660 sed
3460 4611 3595 4677 puto
3621 4604 3746 4657 hanc

501 4695 724 4753 Domini
747 4692 1106 4766 Operabatur.
1119 4689 1370 4760 Denique
1393 4687 1595 4742 collata
1627 4691 1714 4740 est
1741 4685 1823 4740 eis
1849 4685 2096 4756 plurima
2175 4705 2296 4743 esse
2323 4689 2474 4743 illam
2489 4689 2835 4745 mortiferam
2851 4691 3160 4759 tristitiam,
3182 4709 3306 4765 quae
3332 4698 3433 4748 aut
3451 4697 3746 4766 apostatam

503 4785 690 4857 gratia
707 4783 974 4838 adversus
987 4797 1183 4835 omnes
1203 4775 1687 4842 inﬁrmitates,sed
1709 4780 1768 4829 et
1784 4787 1980 4828 contra
1991 4773 2098 4827 ἀω-
2176 4777 2381 4833 Judam
2409 4781 2622 4845 (Matth.
2653 4783 2809 4849 xvn),
2859 4781 2946 4835 vel
2983 4781 3314 4854 Achitophel
3356 4783 3747 4838 consiliatorem

506 4889 703 4930 mones
727 4870 971 4926 maxima
997 4869 1109 4923 illis
1131 4872 1378 4940 potestas
1404 4865 1618 4920 tributa
1644 4870 1747 4919 est.
1781 4863 1906 4918 Una
1926 4861 2100 4932 igitur
2177 4866 2473 4922 Absalonis
2516 4868 2735 4922 necavit
2773 4868 2890 4941 (ΙΙΙ
2927 4871 3050 4938 Reg.
3089 4874 3248 4940 xm).
3275 4872 3432 4927 Tunc
3453 4873 3548 4926 ille
3578 4891 3590 4925 :
3622 4871 3748 4924 Ante

509 4979 541 5016 ε
568 4959 786 5024 diebus,
816 4959 953 5013 dum
986 4956 1058 5012 ad
1088 4955 1462 5010 hauriendum
1502 4969 1710 5024 aquam
1739 4955 2000 5022 pergeret
2025 4949 2097 5004 ad
2179 4956 2284 5010 hoc
2309 4955 2582 5021 triduum,
2606 4958 2831 5027 quando
2855 4963 2955 5014 tua
2975 4959 3368 5016 venerabilitas
3386 4978 3514 5016 cum
3535 4956 3750 5014 homini-

509 5048 849 5112 Danubium,
895 5045 1138 5101 occurrit
1169 5045 1220 5099 ei
1249 5045 1414 5099 homo
1445 5042 1540 5114 qui
1569 5059 1606 5096 a
1631 5039 1904 5095 daemonio
1934 5055 2099 5092 vexa-
2180 5044 2284 5098 bus
2310 5044 2420 5099 illis
2447 5045 2518 5099 de
2545 5046 2754 5100 caelesti
2781 5048 3051 5119 mysterio
3083 5049 3433 5121 loquebatur,
3457 5050 3662 5122 pudore
3676 5062 3749 5099 ve-

506 5139 692 5194 batur.
726 5138 796 5192 Et
815 5135 1184 5208 approprians
1205 5135 1369 5204 juxta
1397 5132 1577 5196 illum,
1610 5135 1668 5184 et
1695 5145 1863 5183 orans
1903 5144 2004 5199 pro
2033 5143 2100 5182 eo
2180 5139 2356 5199 tante,
2391 5150 2511 5204 ego,
2544 5140 2602 5189 te
2630 5135 2934 5202 nesciente,
2967 5137 3039 5191 ad
3069 5138 3438 5194 hauriendam
3467 5153 3665 5210 aquam
3691 5131 3750 5188 ad

507 5226 866 5290 sufﬁcienter,
895 5223 1142 5278 salutare
1170 5222 1392 5293 signum
1424 5221 1484 5275 in
1506 5219 1689 5273 fronte
1711 5217 1834 5287 ejus
1863 5216 2012 5282 facit,
2045 5220 2102 5270 et
2184 5221 2414 5276 ﬂuvium
2427 5223 2853 5294 perrexi.Eunte
2872 5243 2961 5280 me
2977 5243 3107 5281 vero
3124 5227 3183 5282 in
3197 5228 3306 5295 via,
3321 5228 3501 5301 turpis
3517 5225 3748 5300 quaedam

412 5331 416 5335 '
512 5334 612 5389 per
633 5315 895 5370 universa
906 5311 1158 5367 membra
1177 5312 1300 5382 ejus
1319 5308 1588 5380 depinxit.
1615 5305 1722 5370 Qui
1743 5306 1942 5360 eadem
1961 5305 2104 5359 hora
2185 5316 2244 5365 et
2269 5312 2406 5366 satis
2427 5312 2649 5366 sordida
2679 5314 2962 5384 cogitatio,
2987 5322 3061 5382 et,
3093 5321 3158 5372 ut
3176 5322 3332 5388 puto,
3363 5335 3465 5389 per
3490 5315 3750 5371 diabolum

507 5422 765 5476 egressus
800 5409 888 5458 est
923 5402 994 5456 ab
1022 5419 1108 5456 eo.
1142 5399 1388 5470 Fugiens
1429 5403 1619 5451 autem
1653 5394 1928 5460 diabolus,
1959 5394 2105 5448 dice-
2184 5399 2244 5453 in
2270 5408 2517 5455 mentem
2546 5401 2684 5456 mihi
2713 5403 2980 5458 ascendit.
3005 5405 3074 5460 Et
3092 5421 3240 5460 nunc
3267 5407 3476 5478 itaque,
3508 5423 3630 5462 ecce
3646 5405 3749 5474 jam

508 5495 630 5549 bat:
657 5493 822 5548 Fides
849 5497 966 5557 tua,
987 5507 1019 5545 ο
1037 5489 1334 5555 Astion,ac
1354 5485 1571 5558 puritas
1589 5483 1814 5550 mentis,
1835 5499 2102 5554 magnam
2183 5505 2286 5560 per
2311 5489 2584 5556 triduum,
2616 5498 2892 5562 quantum
2919 5494 3076 5549 valeo
3103 5511 3233 5550 cum
3261 5496 3525 5569 lacrymis
3553 5500 3608 5550 et
3647 5507 3752 5547 ora-

513 5583 778 5638 adversus
808 5597 988 5653 genus
1013 5583 1271 5634 nostrum
1300 5592 1335 5630 a
1364 5574 1654 5631 Salvatore
1681 5572 1896 5644 accepit
1922 5578 2104 5644 potes-
2186 5577 2340 5632 tione
2365 5578 2781 5650 Scripturarum
2810 5581 3002 5638 laboro
3025 5584 3096 5638 ad
3113 5584 3494 5656 expellendam
3524 5599 3662 5649 eam,
3698 5583 3746 5634 et

511 5675 708 5729 tatem.
739 5671 809 5728 Et
835 5670 956 5727 hac
977 5667 1187 5737 dicens,
1217 5679 1498 5738 nusquam
1525 5658 1856 5736 comparuit.
2188 5666 2343 5723 nullo
2370 5667 2538 5724 modo
2565 5670 2722 5726 valeo
2751 5687 3038 5746 superare.
3053 5673 3210 5731 Tunc
3236 5680 3462 5734 sanctus
3489 5673 3750 5748 Epictetus
