3878 6396
115 377 225 432 401

575 376 746 432 VITA
782 377 1223 437 SANCI‘ORUM
1258 362 1585 440 EPICTETI
1622 382 2067 442 PRESBYTERI
2104 382 2194 440 ET
2229 381 2565 439 ASTIONIS
2601 381 2957 438 MONACHI.

3290 381 3397 439 402

113 498 431 557 terribilem
460 501 513 556 ei
542 517 707 581 suum
734 503 954 559 vultum
984 507 1304 574 ostendens,
1328 513 1386 563 et
1416 510 1718 581 indignans
1731 514 1922 575 Anus,
1951 509 2060 565 hoc
2075 509 2292 580 patria;
2316 512 2374 562 et
2392 506 2534 562 nihil
2553 506 2707 561 aliud
2735 521 2950 573 sumus,
2970 518 3145 576 quam
3163 505 3279 559 veri
3293 504 3397 561 Dei

115 591 534 664 quodammodo
554 592 820 648 adversus
839 593 1169 662 daemonem,
1190 598 1381 653 taliter
1398 600 1469 653 ad
1491 616 1619 654 eum
1640 601 1719 654 lo-

113 683 291 756 cutus
309 685 413 745 est,
446 680 672 736 dicens:
708 683 776 736 Et
804 700 979 755 quare
1017 684 1227 757 absque
1270 704 1398 742 mea
1438 689 1719 744 sententia

113 769 329 824 ostium
356 770 571 826 cellulae
597 787 855 842 egressus
882 789 962 840 es,
990 774 1077 828 vel
1095 775 1217 830 sine
1235 777 1488 832 oratione
1508 778 1716 833 Christi

111 858 426 914 sacerdotis
452 861 747 930 perrexisti
776 861 849 916 ad
884 862 1114 919 ﬂuvium
1137 864 1162 918 ?
1183 865 1272 920 An
1312 866 1540 936 ignoras
1583 868 1718 939 quia

112 948 532 1003 commendatio
551 949 837 1021 praepositi
858 967 1082 1023 semper
1083 953 1407 1023 junioribus
1419 971 1616 1011 murus
1633 957 1717 1011 in-

110 1035 523 1107 expugnabilis,
540 1038 778 1093 etlorica
787 1039 939 1106 fidei,
956 1040 1025 1095 ad
1039 1043 1421 1113 superandum
1431 1043 1717 1099 diabolum

112 1126 309 1180 existit
328 1126 354 1179 ?
382 1127 452 1181 Et
475 1127 595 1182 haec
622 1127 832 1196 dicens,
859 1129 1024 1200 jubet
1050 1147 1180 1185 eum
1201 1132 1415 1203 pariter
1440 1150 1631 1188 secum
1657 1134 1717 1189 in

108 1215 372 1271 oratione
399 1221 532 1271 ante
556 1216 859 1272 Dominum
904 1224 1280 1290 prosternere.
1319 1212 1571 1294 Cumque
1617 1223 1715 1279 diu

108 1305 470 1376 multumque
496 1306 799 1361 Salvatoris
820 1313 1012 1374 2.6
1033 1309 1477 1365 misericordiam
1504 1312 1715 1382 precati

107 1393 372 1461 fuissent,
405 1395 633 1450 etiinita
659 1396 911 1450 oratione
931 1413 999 1451 ex
1027 1398 1146 1452 solo
1166 1399 1558 1467 surrexissent,
1573 1402 1715 1456 vidit

107 1481 312 1537 beatus
334 1483 532 1539 Astion
559 1500 796 1555 puerum
827 1486 1129 1556 quemdam
1155 1487 1381 1558 nigrum
1395 1505 1522 1543 cum
1549 1490 1716 1559 ignea

105 1570 295 1626 facula
320 1573 392 1627 de
420 1576 522 1627 suo
551 1572 678 1627 simi
707 1574 1109 1643 egredientem,
1137 1592 1203 1631 ac
1220 1576 1361 1631 talia
1386 1577 1493 1631 sibi
1522 1578 1716 1633 dicen-

106 1665 227 1716 tem
251 1680 265 1715 :
297 1661 585 1716 Confessio
609 1668 727 1730 tua,
766 1663 984 1731 Astion,
1015 1681 1250 1735 magnas
1279 1682 1433 1721 meas
1453 1668 1711 1722 contrivit

107 1749 282 1804 hodie
300 1751 467 1817 vires,
490 1757 550 1806 et
566 1768 681 1807 una
695 1753 875 1807 oratio
899 1758 1081 1808 vestra
1101 1771 1192 1808 me
1215 1755 1492 1810 inermem
1511 1756 1570 1810 in
1590 1774 1711 1811 om-

1800 599 2062 653 cultores.
2089 598 2158 652 Et
2176 597 2409 651 iterum:
2433 595 2493 651 Si
2512 594 2673 650 nobis
2693 595 2972 665 posthanc
2992 592 3396 649 confessionem

1799 687 2074 759 supplicia
2096 686 2332 757 jusserit
2361 685 2636 751 adhiberi,
2669 684 2810 738 nihil
2839 684 2992 739 aliud
3012 684 3070 738 in
3098 683 3396 739 tormentis

1798 776 1964 847 positi
1980 776 2254 842 dicamus,
2277 775 2387 830 nisi
2407 792 2419 828 :
2439 773 2714 830 DomineJ
2721 789 2838 840 esu,
2862 777 2961 828 tua
2979 773 3235 828 voluntas
3253 789 3397 829 sem-

1798 882 1900 938 per
1922 867 2023 920 fiat
2046 865 2105 919 in
2133 864 2312 920 nobis.

1870 955 2000 1009 CAP.
2024 955 2176 1009 ΧΙΙΙ.
2204 981 2271 994 -
2295 953 2476 1025 Igitur
2502 953 2614 1009 alia
2640 951 2749 1020 die,
2781 952 2964 1023 primo
2982 951 3227 1006 diluculo
3232 950 3397 1022 jubet

1799 1043 2176 1099 Latronianus
2213 1044 2323 1099 dux
2351 1042 2598 1097 tribunal
2626 1040 2931 1113 praeparari
2956 1041 3016 1095 in
3044 1040 3230 1095 media
3257 1040 3393 1095 civi-

1800 1138 1937 1199 tate,
1969 1137 2027 1186 et
2052 1131 2401 1203 praeconibus
2437 1131 2680 1202 imperat
2706 1135 2771 1185 ut
2798 1147 2925 1185 cum
2952 1130 3130 1185 nimio
3150 1131 3394 1185 clamore

1799 1221 1871 1275 ad
1900 1228 2017 1275 tam
2036 1220 2339 1276 nefandum
2360 1226 2418 1274 et
2435 1220 2727 1274 horridum
2740 1220 3121 1291 Spectaculum
3143 1220 3395 1274 multitu-

1795 1311 1986 1366 dinem
2014 1310 2206 1382 populi
2235 1310 2556 1364 invitarent.
2579 1310 2649 1364 Et
2672 1309 2818 1363 facta
2841 1310 2962 1379 jam
2985 1308 3127 1362 hora
3152 1308 3264 1362 diei
3284 1314 3395 1361 ter-

1795 1400 1897 1466 tia,
1932 1400 2094 1471 quasi
2124 1398 2429 1453 furibunda
2443 1397 2620 1452 bestia
2640 1397 3015 1453 Latronianus
3033 1396 3303 1467 procedit.
3326 1396 3396 1451 Et

1795 1490 2004 1560 populo
2025 1489 2274 1559 undique
2293 1492 2667 1559 exspectante,
2690 1486 2890 1541 sedens
2903 1502 3005 1557 pro
3024 1484 3296 1539 tribunali
3305 1486 3395 1555 ju-

1796 1577 1890 1631 bet
1920 1577 2120 1633 adduci
2148 1583 2369 1631 sanctos
2396 1577 2455 1631 in
2483 1580 2784 1648 conspectu
2812 1592 2933 1629 suo.
2960 1575 3213 1645 Cumque
3243 1573 3395 1628 exhi-

1794 1665 1895 1720 biti
1923 1683 2112 1720 coram
2143 1682 2208 1720 eo
2237 1670 2506 1731 astarent,
2540 1681 2666 1719 mox
2696 1670 2761 1719 ut
2786 1664 2925 1718 vidit
2951 1680 3065 1729 eos,
3112 1654 3155 1717 εἰ
3188 1678 3393 1734 pavore

1794 1755 1967 1810 nimio
2005 1760 2158 1809 totus
2180 1754 2457 1824 obriguit;
2487 1769 2600 1808 non
2615 1753 2766 1807 enim
2786 1758 3008 1826 poterat
3029 1751 3391 1807 intenderein

107 1839 276 1894 nibus
289 1840 536 1895 reddidit
563 1857 628 1896 ac
650 1842 983 1897 desolatum.
1008 1843 1251 1915 Ideoque
1272 1861 1532 1914 egressus
1558 1846 1706 1914 hinc,
1728 1832 1773 1893 Β
1792 1849 2034 1911 sanctos,
2067 1860 2132 1898 eo
2153 1844 2301 1915 quod
2320 1843 2501 1897 instar
2514 1842 2666 1909 solis,
2689 1858 2803 1914 prae
2822 1840 2999 1896 nimia
3013 1841 3201 1912 gratia
3220 1856 3393 1911 quam

106 1928 332 1983 intrabo
360 1929 421 1985 in
443 1946 541 1984 cor
556 1931 879 1986 Latroniani
896 1932 1053 1987 ducis
1083 1931 1175 2004 (7),
1211 1939 1269 1987 et
1298 1934 1552 1990 excitabo
1580 1952 1710 1990 eum

106 2018 409 2075 adversum
446 2036 542 2074 vos
573 2021 848 2089 celeriter,
883 2027 941 2077 et
971 2039 1074 2093 per
1118 2023 1273 2077 varia
1309 2024 1709 2095 suppliciorum

102 2124 318 2178 genera
345 2124 443 2163 vos
464 2110 756 2181 expendet,
787 2127 853 2165 eo
880 2112 1028 2182 quod
1052 2113 1291 2182 ingressi
1321 2113 1475 2180 estis,
1508 2119 1572 2168 ut
1592 2115 1712 2186 qui-

103 2196 237 2251 dam
266 2198 515 2253 latrones
533 2199 648 2253 sive
674 2200 932 2267 malefici,
958 2200 1018 2255 in
1046 2201 1392 2272 provinciam
1421 2202 1617 2274 ipsius,
1652 2209 1709 2259 et

107 2287 317 2341 multos
330 2286 588 2342 homines
602 2304 637 2342 a
647 2288 869 2343 cultura
879 2288 1112 2343 deorum
1124 2289 1302 2360 ipsius
1318 2306 1420 2361 per
1436 2292 1705 2347 veneﬁcia

106 2381 293 2431 vestra
323 2378 789 2445 avertentes,Deo
807 2383 990 2433 vestro
1015 2378 1261 2433 sociatis.
1286 2380 1356 2434 Et
1375 2379 1490 2434 haec
1513 2381 1704 2435 dicens

104 2465 343 2532 daemon,
366 2467 519 2521 ultra
540 2482 655 2522 non
671 2466 1004 2539 comparuit.

173 2554 310 2609 CAP.
339 2555 464 2610 XII.
498 2586 563 2597 —
591 2557 770 2627 Igitur
796 2573 922 2611 cum
948 2557 1335 2628 hujuscemodi
1358 2559 1702 2629 spiritalibus

103 2642 380 2698 exercitiis
398 2645 577 2699 sancti
596 2645 698 2700 Dei
712 2645 907 2700 famuli
926 2653 1408 2713 conversarentur,
1434 2654 1492 2702 et
1516 2648 1702 2702 Salva-

102 2731 210 2785 tori
239 2737 433 2787 nostro
460 2733 594 2788 Jesu
624 2734 845 2789 Christo
872 2734 931 2789 in
974 2736 1206 2806 psalmis
1246 2742 1305 2790 et
1354 2737 1700 2792 orationibus

98 2821 443 2877 unanimiter
468 2822 814 2878 deservirent
838 2842 851 2891 ;
883 2840 949 2878 ac
970 2825 1151 2880 multa
1178 2824 1459 2879 mirabilia
1484 2843 1597 2881 non
1614 2844 1700 2881 so-

97 2910 215 2965 lum
250 2910 311 2965 in
338 2910 677 2979 hominibus,
713 2929 906 2967 verum
936 2914 1106 2968 etiam
1133 2919 1189 2967 et
1217 2914 1275 2968 in
1303 2914 1597 2985 pecoribus
1618 2915 1699 2969 di-

95 3000 223 3056 vina
249 3001 439 3070 gratia
466 3017 568 3071 per
595 3002 821 3057 eosdem
851 3010 1198 3073 operaretur,
1246 3004 1432 3059 subito
1471 3004 1698 3061 advenit

1790 1933 2080 2002 gerebant,
2110 1932 2401 2003 fulgebant
2449 1932 2619 1986 facies
2664 1947 2878 1986 eorum.
2934 1931 3071 1986 Erat
3112 1930 3389 2001 siquidem

1792 2028 2018 2077 sanctus
2047 2023 2333 2094 Epictetus
2361 2037 2638 2076 annorum
2668 2020 2785 2075 fere
2810 2019 3119 2089 sexaginta,
3171 2023 3391 2073 statura

1790 2128 2075 2182 procerus,
2108 2111 2283 2166 barba
2302 2111 2534 2183 prolixa,
2568 2116 2626 2164 et
2653 2110 2949 2181 splendore
2961 2108 3192 2163 caniciei
3219 2107 3386 2162 deco-

1791 2207 1967 2256 ratus.
2008 2202 2283 2256 Similiter
2321 2206 2378 2254 et
2420 2199 2777 2254 beatissimus
2814 2199 3014 2254 Astion
3053 2197 3380 2263 monachus,

1788 2294 2009 2345 statura
2037 2295 2094 2344 et
2122 2290 2240 2361 ip'se
2268 2305 2536 2361 procerus
2560 2287 2835 2344 existebat
2858 2306 2870 2355 ;
2896 2287 2995 2342 sed
3042 2292 3100 2341 et
3142 2286 3382 2340 nimium

1788 2379 2019 2449 pulcher
2032 2395 2097 2433 ac
2115 2379 2406 2446 delicatus,
2431 2383 2488 2432 et
2506 2378 2665 2457 quasi
2689 2377 2924 2448 triginta
2937 2376 3184 2447 quinque
3204 2390 3382 2429 annos

1785 2468 1967 2521 aetatis
1979 2484 2169 2539 agens.
2189 2469 2443 2539 Cumque
2457 2467 2788 2523 uniushoraa
2798 2466 3043 2537 spatium
3062 2463 3376 2531 transisset,

1783 2556 2150 2627 interrogavit
2168 2574 2263 2611 eos
2290 2556 2662 2612 Latronianus
2681 2555 2812 2622 dux,
2837 2554 3028 2609 dicens
3051 2570 3064 2606 :
3094 2554 3229 2618 Quae
3248 2556 3382 2608 sunt

1782 2645 2053 2700 vocabula
2081 2651 2285 2713 vestra,
2319 2647 2467 2718 quod
2481 2662 2679 2717 genus,
2703 2661 2803 2699 seu
2823 2645 2892 2698 de
2914 2644 3066 2715 quali
3095 2642 3382 2714 provincia

1781 2751 1878 2789 vos
1895 2735 2028 2789 estis
2043 2735 2286 2802 oriundi,
2310 2735 2470 2789 nobis
2489 2735 2549 2789 in
2560 2738 2860 2805 conspectu
2878 2734 3048 2803 hujus
3059 2731 3380 2787 multitudi-

1780 2823 1867 2878 nis
1897 2825 2210 2895 explanate.
2245 2824 2665 2895 Respondentes
2710 2822 2908 2889 sancti,
2939 2823 3230 2877 dixerunt:
3260 2822 3377 2877 Nos

1780 2913 2087 2967 Christiani
2116 2929 2330 2979 sumus,
2364 2920 2422 2967 et
2446 2913 2515 2966 de
2536 2912 2863 2985 parentibus
2882 2912 3002 2967 nati
3018 2910 3372 2979 Christianis,

1779 3006 1949 3073 atque
1977 3003 2047 3056 de
2076 3002 2524 3057 Christianorum
2555 3003 2742 3073 patria
2768 3018 2871 3056 nos
2902 3018 3096 3056 sumus
3128 3000 3372 3056 oriundi.

93 3089 475 3145 Latronianus
503 3091 1153 3147 duxinAlmiridensium
1165 3093 1469 3148 civitatem.
1487 3094 1693 3148 Etcum
1717 3153 1751 3161 _
1777 3090 2149 3146 Latronianus
2179 3092 2292 3145 dux
2319 3091 2491 3146 dixit:
2526 3092 2642 3161 Ego
2671 3090 2902 3145 nomina
2941 3094 3125 3144 vestra
3141 3090 3374 3144 interim

97 3194 199 3249 per
224 3178 475 3233 triduum
506 3195 676 3250 opera
706 3180 925 3251 publica
953 3186 1010 3235 et
1038 3181 1357 3253 imperialia
1374 3183 1691 3238 ministeria
1708 3153 1752 3212 C
1773 3180 1921 3234 volui
1951 3180 2165 3235 audire.
2199 3180 2345 3235 Nam
2370 3196 2435 3234 eo
2452 3153 2604 3250 quod
2617 3180 2687 3234 de
2699 3180 2798 3233 illa
2817 3179 3116 3234 maledicta
3136 3177 3373 3249 perﬁdia

68 3283 219 3337 qua:
255 3266 466 3321 ibidem
494 3273 656 3323 erant
679 3270 1029 3339 pervidisset,
1059 3276 1265 3341 quarta
1277 3272 1369 3327 die
1394 3272 1691 3327 nuntiave-

89 3361 227 3410 runt
257 3356 309 3409 ei
336 3356 565 3427 quidam
585 3358 655 3412 de
674 3358 858 3412 officio
881 3359 950 3413 de
976 3359 1315 3414 beatissimis
1328 3361 1479 3428 viris,
1505 3362 1692 3416 dicen-

88 3451 175 3499 tes
204 3445 275 3510 ei,
296 3452 354 3499 et
373 3446 524 3516 quod
554 3447 790 3502 malefici
805 3453 938 3502 sunt
952 3454 1009 3502 et
1037 3450 1208 3520 magi,
1234 3451 1442 3504 multos
1471 3468 1572 3522 per
1587 3468 1690 3505 sua

86 3534 357 3589 veneﬁcia
383 3540 703 3590 averterent
724 3537 844 3607 jam
872 3554 908 3591 a
941 3538 1227 3593 sacrificiis
1269 3540 1523 3593 deorum.
1558 3541 1689 3594 Haec

85 3640 217 3677 cum
236 3624 332 3678 ille
360 3623 628 3690 audisset,
661 3625 924 3680 continuo
952 3626 1195 3697 imperat
1218 3628 1435 3698 aliquos
1457 3646 1522 3682 ex
1543 3646 1688 3700 quae-

86 3712 396 3777 stionariis,
430 3718 494 3767 ut
521 3718 648 3784 post
666 3714 800 3768 solis
819 3731 1076 3769 occasum
1107 3723 1407 3786 pergerent
1434 3718 1504 3771 ad
1533 3718 1688 3772 habi-

85 3802 338 3857 taculum
368 3807 708 3870 sanctorum,
742 3809 801 3858 et
824 3806 1255 3876 comprehensos
1281 3822 1376 3860 eos
1403 3807 1552 3861 ferro
1572 3807 1688 3861 vin-

83 3898 204 3945 ctos
236 3891 607 3962 perducerent
634 3891 693 3947 in
725 3892 1037 3948 custodiam
1066 3895 1326 3949 carceris.
1381 3897 1523 3950 Cum
1553 3913 1686 3967 ergo

84 3980 476 4051 comprehensi
486 3980 996 4049 beatissimiviri,in
1006 3983 1686 4054 vinculatorium(8)duce«

86 4075 304 4136 rentur,
327 4070 642 4140 psallebant
660 4071 908 4125 dicentes
926 4090 937 4125 :
955 4073 1104 4126 Deus
1120 4079 1314 4127 noster
1333 4073 1611 4144 refugium
1629 4080 1686 4129 et

87 4159 286 4223 virtus,
309 4159 377 4212 ad
377 4160 399 4229 j
407 4165 535 4214 utor
545 4160 605 4213 in
623 4159 1079 4216 tribulationibus
1094 4179 1215 4233 qua;
1232 4162 1565 4217 invenerunt
1581 4180 1682 4217 nos

88 4248 259 4301 nimis
288 4250 455 4315 (Psal.
484 4256 631 4310 XLVI.
656 4249 968 4305 Etiterunr:
1004 4250 1276 4305 Dominus
1296 4251 1565 4305 virtutum
1588 4267 1684 4305 no-

86 4336 323 4402 biscum,
356 4342 646 4408 susceptor
672 4345 866 4393 noster
892 4339 1043 4393 Deus
1070 4339 1241 4393 Jacob
1283 4340 1492 4411 (Ibid)
1536 4341 1684 4394 Rur-

86 4442 361 4497 sumque:
394 4426 583 4481 Multae
612 4427 1000 4482 tribulationes
1025 4430 1328 4498 justorum,
1361 4435 1418 4483 et
1444 4446 1557 4484 non
1581 4430 1685 4484 im-

1774 3269 1925 3335 estis,
1959 3274 2017 3322 et
2035 3285 2138 3339 ego
2166 3270 2312 3335 novi,
2344 3274 2401 3323 et
2421 3268 2663 3323 universi
2679 3268 3124 3322 circumstantes.
3140 3267 3228 3322 Ad
3251 3268 3371 3321 haec

1772 3358 1949 3412 sancti
1978 3363 2255 3429 martyres
2283 3358 2573 3412 dixerunt:
2608 3359 2724 3412 Nos
2752 3356 3058 3411 Christiani
3072 3373 3288 3422 sumus,
3312 3361 3370 3410 et

1770 3451 1962 3504 Jesum
1984 3450 2271 3504 Christum
2299 3448 2600 3503 Dominum
2630 3453 2907 3515 nostrum,
2956 3447 3016 3501 in
3055 3448 3218 3517 cujus
3266 3463 3366 3518 po-

1768 3543 1972 3591 testate
2001 3544 2200 3592 cuncta
2227 3538 2524 3603 habentur,
2556 3538 2911 3607 agnoscimus
2958 3542 3016 3590 et
3041 3536 3364 3603 adoramus,

1769 3627 2031 3681 universa
2057 3627 2208 3708 idola
2231 3632 2330 3681 tua
2357 3626 2766 3694 abominamur,
2799 3626 3018 3680 dicente
3033 3626 3324 3698 Scriptura
3348 3644 3362 3680 :

1771 3716 1993 3769 Similes
2018 3716 2130 3770 illis
2159 3717 2299 3771 ﬁant
2320 3716 2415 3787 qui
2444 3715 2659 3770 faciunt
2684 3732 2769 3783 ea,
2796 3716 2893 3770 sed
2922 3720 2979 3769 et
3024 3730 3219 3769 omnes
3267 3714 3364 3785 qui

1768 3805 2056 3859 confidunt
2083 3806 2142 3859 in
2171 3805 2251 3859 eis
2283 3807 2445 3875 (Psal.
2477 3806 2655 3875 CXIII).
2688 3806 2819 3859 Haec
2847 3805 3081 3859 audiens
3110 3804 3244 3869 dux,
3273 3804 3363 3858 ni-

1769 3894 1944 3948 mium
1971 3894 2150 3949 iratus
2181 3900 2284 3960 est,
2313 3899 2370 3948 et
2397 3895 2639 3965 imperat
2664 3900 2730 3949 ut
2756 3893 3090 3965 exspoliatos
3143 3892 3365 3948 fortiter

1766 3981 2143 4037 verberarent.
2174 3984 2427 4054 Cumque
2454 3999 2489 4036 a
2516 3983 2788 4037 ministris
2830 3983 3039 4038 Christi
3084 3987 3363 4055 martyres

1766 4072 2129 4139 caederentur,
2156 4073 2445 4127 oculorum
2466 4089 2704 4128 suorum
2726 4072 2985 4128 obtutum
2999 4072 3362 4127 elevantesad

1766 4161 1987 4226 cmlum,
2024 4162 2218 4216 taliter
2238 4161 2532 4216 dicebant:
2560 4162 3244 4234 DomineJesu,magister
3257 4178 3357 4223 no-

1765 4265 1899 4318 ster,
1931 4258 2031 4306 tua
2054 4253 2311 4307 voluntas
2337 4254 2439 4307 fiat
2465 4252 2525 4307 in
2551 4252 2730 4307 nobis.
2762 4254 2872 4307 Sed
2908 4269 3036 4308 cum
3065 4255 3163 4315 diu
3209 4254 3357 4308 mul-

1765 4348 2000 4413 tumque
2019 4342 2384 4408 caaderentur,
2404 4342 2740 4413 etnihilejus
2763 4342 3085 4398 immanitas
3094 4344 3362 4399 adversus

1764 4431 1866 4485 Dei
1894 4432 2136 4485 cultores
2177 4432 2576 4502 praevaluisset,
2607 4432 2798 4485 taliter
2824 4431 3003 4486 iratus
3032 4438 3230 4487 contra
3264 4449 3361 4489 eos

88 4516 349 4587 piorum;
382 4515 479 4569 sed
506 4521 698 4570 tamen
727 4532 794 4569 ex
839 4517 1099 4571 omnibus
1147 4518 1234 4571 his
1279 4518 1541 4573 liberabit
1587 4513 2134 4575 eosDLatronianus
2163 4521 2381 4575 locutus
2415 4525 2517 4586 est,
2550 4520 2766 4574 dicens:
2800 4519 2905 4573 Ubi
2953 4526 3039 4575 est
3085 4521 3361 4576 mirabilis

85 4605 380 4660 Dominus.
394 4604 650 4659 Custodit
659 4605 932 4660 Dominus
942 4606 1133 4661 omnia
1141 4623 1266 4662 ossa
1276 4624 1493 4675 eorum,
1507 4624 1682 4663 unum

87 4710 153 4747 ex
169 4694 259 4747 his
272 4708 387 4746 non
407 4698 729 4748 conteretur
750 4696 910 4764 (Psal.
937 4700 1157 4765 XXXIII).
1182 4698 1434 4767 Cumque
1444 4696 1682 4768 ingressi

83 4783 327 4837 fuissent
353 4781 412 4836 in
439 4797 741 4849 carcerem,
770 4789 948 4838 totam
972 4791 1193 4840 noctem
1217 4802 1371 4841 more
1399 4787 1505 4841 sibi
1518 4788 1682 4841 solito

84 4873 141 4927 in
153 4871 391 4944 psalmis
406 4878 462 4926 et
471 4872 817 4927 orationibus
827 4880 1242 4945 transegerunt.
1258 4876 1390 4931 Post
1405 4877 1684 4947 expletam

84 4969 279 5016 autem
310 4962 626 5031 vigiliarum
659 4963 1092 5030 solemnitatem,
1126 4966 1232 5020 hoc
1261 4966 1425 5020 modo
1454 4971 1681 5022 sanctus

83 5052 376 5122 Epictetus
404 5051 475 5105 ad
499 5050 727 5106 beatum
756 5053 1045 5107 Astionem
1076 5055 1296 5109 locutus
1325 5059 1428 5121 est,
1449 5054 1638 5110 dicens
1664 5075 1680 5110 :

83 5141 141 5194 Si
171 5156 300 5198 nos.
333 5157 368 5194 o
396 5139 715 5195 dulcissime
743 5140 840 5207 ﬁli,
870 5142 1116 5197 crastino
1146 5142 1236 5197 die
1253 5143 1686 5215 interrogaverit

75 5231 271 5300 judex,
298 5229 509 5283 dicens:
543 5229 701 5294 Quod
729 5246 929 5300 genus,
955 5232 1040 5285 vel
1072 5248 1196 5302 quae
1225 5232 1457 5286 nomina
1475 5238 1678 5298 vestra,

82 5320 165 5372 vel
193 5336 262 5373 ex
293 5334 409 5389 qua
424 5317 711 5389 provincia
732 5319 884 5383 estis,
908 5324 965 5372 et
987 5320 1136 5374 unde
1161 5320 1271 5373 huc
1298 5320 1563 5374 venistis?
1581 5336 1684 5375 nos

82 5408 222 5462 nihil
252 5407 335 5461 illi
361 5406 588 5478 penitus
607 5408 1050 5478 respondeamus
1073 5427 1086 5476 ;
1111 5424 1293 5479 neque
1308 5425 1488 5479 genus
1507 5409 1576 5476 ei,
1600 5410 1685 5463 vel

83 5497 318 5550 nomina
338 5503 535 5561 nostra
550 5496 886 5565 indicemus;
905 5498 1003 5552 sed
1022 5514 1125 5552 nec
1140 5499 1403 5569 patriam,
1426 5500 1576 5553 unde
1596 5516 1687 5554 su-

86 5604 209 5640 mus
230 5585 479 5651 oriundi,
500 5585 581 5639 illi
594 5585 900 5655 fateamur;
923 5586 1031 5641 nisi
1048 5588 1154 5642 hoc
1168 5593 1391 5642 tantum
1410 5588 1681 5654 dicamus,

87 5676 219 5751 quia
246 5674 561 5735 Christiani
590 5691 805 5745 sumus,
837 5680 894 5729 et
918 5676 1024 5731 hoc
1050 5692 1257 5732 nomen
1268 5676 1450 5743 nobis,
1475 5677 1580 5731 hoc
1592 5692 1687 5745 ge-

1766 4609 1858 4662 ille
1886 4615 2071 4664 vester
2096 4609 2372 4673 defensor,
2405 4624 2573 4679 quem
2601 4609 2723 4663 sine
2742 4608 3051 4662 cessatione
3069 4615 3127 4673 ω
3143 4616 3179 4674 Ι
3202 4614 3360 4674 ανο-

1764 4696 1849 4751 bis
1870 4697 1927 4750 in
1948 4696 2218 4750 auxilium
2244 4695 2586 4750 invocastis?
2611 4695 2814 4749 Veniat
2831 4695 3022 4767 itaque
3042 4713 3211 4765 nunc,
3235 4702 3292 4752 et
3310 4698 3358 4753 si

1762 4790 1964 4858 potest,
1998 4785 2067 4839 de
2088 4785 2227 4839 meis
2247 4801 2342 4838 vos
2360 4784 2563 4855 eripiat
2576 4782 2852 4838 manibus.
2873 4785 3063 4840 Sancti
3080 4792 3359 4860 martyres

1763 4874 2048 4929 dixerunt:
2079 4872 2384 4928 Christiani
2402 4890 2617 4940 sumus,
2642 4889 2674 4927 o
2692 4878 2952 4944 tyranne,
2986 4876 3087 4929 flat
3103 4877 3361 4933 voluntas

1764 4964 1867 5018 Dei
1894 4963 2072 5017 nostri
2102 4963 2159 5016 in
2188 4961 2368 5016 nobis.
2402 4962 2533 5016 Haec
2553 4978 2681 5016 cum
2701 4962 3354 5034 audissetLatronianus,

1759 5051 1929 5123 jussit
1956 5068 2050 5105 eos
2076 5052 2133 5105 in
2162 5050 2414 5105 eculeum
2444 5050 2634 5118 levari,
2669 5056 2725 5105 et
2751 5051 2974 5106 fortiter
3000 5054 3225 5123 ungulis
3253 5055 3360 5108 fer-

1766 5141 1877 5196 reis
1890 5140 2023 5196 radi
2050 5141 2301 5211 Cumque
2311 5139 2662 5206 raderentur,
2678 5140 2885 5195 iterum
2897 5140 3183 5196 dicebant:
3202 5143 3360 5196 Chri-

1764 5230 1933 5284 stiani
1960 5246 2175 5295 sumus,
2216 5245 2250 5282 ο
2277 5233 2518 5300 tyranne
2558 5229 2919 5298 Latroniane,
2954 5231 3055 5285 fiat
3102 5230 3359 5285 voluntas

1765 5319 1865 5374 Dei
1896 5318 2074 5373 nostri
2102 5318 2158 5372 in
2191 5317 2371 5374 nobis.
2403 5318 2563 5372 Tunc
2591 5317 2791 5371 deinde
2804 5318 2978 5387 jussit
3005 5324 3279 5390 tyrannus
3294 5325 3361 5374 ut

1765 5408 2054 5479 lampades
2082 5408 2361 5473 ardentes,
2392 5423 2519 5461 cum
2541 5406 2721 5460 adhuc
2743 5406 2801 5460 in
2814 5407 3005 5461 eculeo
3029 5406 3356 5478 penderent,

1768 5497 1839 5551 ad
1867 5498 2046 5550 latera
2075 5512 2270 5551 eorum
2303 5495 2667 5567 applicarent.
2716 5495 2969 5565 Cumque
3018 5502 3074 5549 et
3102 5496 3207 5550 hoc
3238 5501 3360 5550 tor-

1768 5586 1943 5640 menti
1994 5602 2174 5656 genus
2225 5584 2661 5656 magnanimiter
2693 5585 3019 5651 tolerarent,
3062 5583 3358 5641 dicebant:

1769 5675 2074 5730 Christiani
2104 5692 2319 5742 sumus,
2353 5692 2386 5729 o
2414 5680 2673 5745 tyranne,
2705 5673 2806 5727 ﬂat
2851 5672 3108 5727 voluntas
3157 5674 3259 5729 Dei
3304 5675 3365 5737 in
