3878 6390
443 335 550 395 407

1456 335 1556 390 DE
1595 334 1782 390 VITIS
1819 334 2114 390 PATRUM
2149 335 2365 392 LIBER
2401 337 2690 394 PRIMUS.

3603 336 3698 395 408

447 465 546 538 qui
565 481 601 519 a
617 477 950 536 quacunque
969 462 1298 518 inﬁrmitate
1312 459 1527 514 detenti
1549 477 1674 514 esse
1689 459 2038 527 videbantur,
2058 463 2105 523 Α
2124 461 2247 532 ejus
2274 462 2529 517 dicebat:
2561 463 2678 533 Ego
2695 463 2742 517 si
2766 463 2926 518 illum
2949 480 3049 535 per
3070 469 3148 530 te,
3178 481 3212 518 ο
3224 464 3469 536 juvenis,
3501 481 3701 520 merear

445 555 636 610 statim
655 559 720 608 ut
739 553 1009 607 cadavera
1021 552 1272 623 ipsorum
1291 567 1356 604 ex
1373 550 1480 604 ﬁde
1498 549 1914 618 contingebant,
1934 567 2034 604 seu

443 661 572 698 cum
597 641 954 697 veneratione
983 639 1470 705 deosculabantur,
1489 639 1753 693 continuo
1773 639 2036 692 universa

442 732 690 788 anxietas
721 747 820 785 seu
836 730 996 784 dolor
1023 729 1094 784 ab
1121 729 1202 784 eis
1221 728 1540 800 fugabatur.
1557 728 1716 782 Circa
1745 727 1876 782 solis
1905 744 2034 782 vero

443 837 700 876 occasum
726 819 956 874 veniens
976 817 1313 888 Vigilantius
1339 834 1466 872 cum
1479 816 1633 870 omni
1653 817 1816 870 domo
1847 833 1950 870 sua
1978 822 2035 870 et

441 927 570 965 cum
590 909 716 964 aliis
741 909 1093 974 Christianis,
1126 907 1338 962 occulte
1368 907 1501 960 tulit
1543 922 1777 977 corpora
1817 912 2035 960 sancto-

439 1017 567 1054 rum
581 1005 895 1070 martyrum
915 1016 925 1051 :
948 1003 1003 1051 et
1016 997 1358 1068 perfundens
1376 1012 1440 1049 ea
1462 995 1693 1067 myrrha
1703 995 2035 1049 etaromati-

438 1089 544 1143 bus
564 1087 1002 1160 pretiosissimis,
1034 1087 1093 1142 in
1111 1087 1232 1140 loco
1253 1101 1499 1156 congruo
1520 1090 1577 1139 et
1594 1084 1886 1156 aptissimo
1906 1101 2033 1138 cum

439 1178 666 1250 hymnis
695 1183 753 1232 et
777 1176 1027 1248 psalmis,
1047 1181 1104 1230 et
1122 1191 1251 1229 cum
1281 1191 1489 1244 magna
1515 1174 1807 1227 devotione
1831 1173 2032 1244 sepeli-

438 1267 538 1320 vit.
563 1268 628 1322 In
649 1283 760 1337 quo
788 1266 909 1320 loco
939 1265 1118 1318 multa
1144 1265 1308 1334 signa
1335 1269 1394 1317 et
1419 1262 1674 1334 prodigia
1712 1263 1783 1316 ad
1808 1262 2033 1315 laudem

442 1355 688 1411 nominis
717 1353 928 1409 Christi
948 1370 1124 1424 usque
1140 1353 1200 1406 in
1223 1357 1557 1423 praesentem
1578 1351 1727 1404 diem
1755 1350 2036 1405 celebran-

443 1452 556 1500 tur.
571 1443 944 1497 Latronianus
963 1457 1092 1494 vero
1108 1441 1533 1512 superveniente
1553 1446 1714 1494 nocte
1753 1439 2037 1494 invaditur

443 1550 479 1588 a
498 1533 741 1604 pessimo
769 1532 1040 1596 daemone,
1063 1535 1120 1584 et
1147 1546 1382 1600 surgens
1407 1529 1588 1600 primo
1612 1528 1855 1582 diluculo
1887 1529 2032 1582 venit

444 1623 504 1676 in
521 1621 865 1692 praetorium,
887 1627 1056 1690 atque
1075 1618 1150 1672 ibi
1165 1619 1380 1690 positus
1411 1617 1830 1688 ccepitplurima
1848 1633 2038 1670 amen-

445 1713 538 1766 tiae
558 1711 858 1781 inaniaque
878 1708 1044 1762 verba
1067 1709 1346 1779 proferre;
1369 1707 1568 1760 deinde
1589 1712 1812 1778 arrepto
1823 1706 2030 1776 gladio,

2117 549 2283 604 hodie
2311 551 2518 617 videre,
2541 551 2874 607 indumenta
2902 569 3042 607 auro
3094 557 3250 608 texta
3279 559 3338 607 te
3367 553 3695 625 adaperiam,

2117 645 2284 710 atque
2315 639 2614 695 dimidium
2643 640 2920 696 bonorum
2947 658 3204 696 meorum
3232 641 3335 696 tibi
3359 642 3690 700 condonabo.

2115 728 2200 782 Ad
2215 727 2330 783 haec
2349 729 2688 798 Vigilantius
2700 730 2988 802 respondit
3012 748 3025 784 :
3050 731 3152 786 Ille
3173 736 3304 786 ante
3319 731 3570 787 triduum
3583 731 3699 787 hinc

2117 833 2396 886 egressus,
2411 817 2469 872 in
2497 819 2787 889 regionem
2808 819 3115 874 ambulavit
3139 819 3528 891 longinquam,
3543 827 3696 893 atque

2114 905 2410 961 dimidium
2439 908 2765 962 substantiae
2786 925 2900 963 suae
2928 925 3042 964 una
3069 925 3196 963 cum
3225 909 3392 963 domo
3421 909 3562 964 mihi
3579 927 3695 966 cum

2115 995 2360 1064 quadam
2389 996 2644 1050 chartula
2671 997 3100 1064 commendavit,
3156 997 3344 1051 dicens
3376 1015 3387 1050 :
3417 998 3477 1052 Si
3509 997 3697 1070 aliquis

2115 1084 2349 1151 venerit,
2381 1085 2586 1138 missus
2612 1102 2646 1138 a
2674 1092 2833 1156 patre
2855 1103 2979 1140 meo
2999 1086 3069 1140 ad
3091 1086 3460 1157 quaerendum
3488 1103 3596 1154 me,
3625 1087 3697 1142 in-

2114 1173 2312 1227 troduc
2335 1190 2464 1228 eum
2481 1174 2540 1228 in
2560 1175 2702 1228 hanc
2723 1175 3122 1229 domunculam
3141 1191 3348 1241 meam,
3368 1182 3427 1229 et
3436 1175 3604 1230 dicito
3621 1176 3690 1230 ei:

2116 1261 2244 1315 ΙΙωο
2263 1262 2400 1316 dicit
2416 1263 2615 1317 Astion
2645 1264 2980 1317 monachus:
3006 1264 3230 1318 Sustine
3259 1281 3349 1318 me
3375 1263 3467 1318 hic
3497 1265 3693 1335 quoad-

2116 1366 2293 1420 usque
2316 1351 2543 1406 redeam
2573 1353 2646 1406 ad
2675 1358 2731 1406 te
2754 1369 2882 1406 cum
2911 1353 3113 1407 salute.
3137 1353 3296 1418 Quod
3318 1358 3378 1407 et
3391 1353 3442 1406 si
3472 1353 3696 1408 volueris

2116 1439 2294 1493 haeres
2317 1457 2453 1494 mea:
2469 1440 2799 1495 substantia:
2815 1459 2954 1508 esse,
2970 1441 3174 1495 festina
3190 1441 3456 1496 universa
3474 1441 3571 1496 illa
3588 1459 3695 1513 quae

2117 1528 2174 1582 in
2195 1529 2300 1582 hoc
2325 1528 2469 1582 libro
2495 1530 2704 1601 scripta
2723 1536 2856 1584 sunt
2885 1530 3212 1600 adimplere,
3247 1536 3305 1584 et
3329 1536 3452 1584 esto
3479 1530 3696 1584 feliciter

2117 1617 2256 1670 nihil
2277 1616 2558 1672 dubitans.
2583 1619 2651 1672 Et
2670 1625 2880 1673 mater:
2899 1619 3033 1684 Qua:
3055 1619 3280 1686 dicitur,
3311 1619 3517 1690 inquit,
3558 1621 3696 1690 regio

2118 1705 2232 1771 illa,
2249 1723 2357 1776 quo
2375 1706 2622 1776 porrexit
2635 1706 2988 1762 dulcissimus
3017 1723 3176 1760 meus
3192 1714 3250 1760 et
3265 1707 3468 1761 unicus
3477 1707 3698 1762 Astion?

443 1802 659 1873 priores
693 1815 941 1870 quosque
961 1798 1030 1852 de
1044 1797 1226 1851 ofﬁcio
1255 1813 1356 1850 suo
1385 1795 1604 1866 insequi
1623 1800 1681 1850 et
1697 1796 1992 1849 vulnerare
2017 1814 2030 1855 ;
2054 1782 2101 1842 B
2119 1795 2452 1864 Vigilantius
2480 1795 2768 1866 respondit
2801 1817 2812 1850 :
2842 1796 3017 1866 Regio
3047 1795 3429 1862 robustorum,
3463 1813 3560 1851 seu
3598 1798 3697 1850 for-

443 1907 612 1962 super
640 1889 780 1943 alios
809 1904 938 1942 vero
955 1893 1018 1942 ut
1033 1887 1187 1941 canis
1214 1885 1444 1940 rabidus
1463 1884 1696 1949 insilire,
1713 1889 1883 1954 atque
1903 1884 2037 1937 alio-

441 1997 569 2033 rum
597 1978 926 2033 indumenta
949 1975 1246 2042 dilanians,
1280 1976 1389 2029 huc
1425 1975 1666 2046 illucque
1695 1973 2030 2028 discurrere.

441 2069 559 2124 Hoc
582 2067 662 2122 illi
693 2067 976 2121 intuentes
1007 2071 1064 2120 et
1088 2065 1360 2130 videntes,
1393 2064 1527 2133 quia
1554 2079 1750 2116 amens
1788 2068 1845 2116 et
1881 2061 2034 2115 insa-

441 2174 548 2212 nus
573 2155 868 2220 exstiterit,
901 2154 1276 2225 despoliantes
1293 2154 1470 2218 illum,
1497 2151 1700 2224 pugnis
1720 2149 2036 2205 acverberi-

439 2245 544 2300 bus
570 2250 818 2301 mactare
846 2243 1067 2297 fortiter
1087 2247 1394 2312 coeperunt,
1413 2257 1476 2294 ac
1495 2240 1696 2294 deinde
1711 2239 1899 2309 ligatis
1912 2239 2034 2308 ejus

441 2334 702 2389 manibus
731 2350 796 2388 ac
824 2331 1060 2403 pedibus
1075 2331 1133 2384 in
1149 2329 1771 2402 parvissimodomicilio
1791 2329 2035 2399 projece-

439 2427 592 2479 runt.
624 2423 732 2486 Qui
761 2427 888 2492 post
914 2420 1148 2474 biduum
1169 2420 1472 2474 suffocatus
1491 2435 1526 2472 a
1541 2418 1810 2484 daemone,
1830 2415 2037 2470 violen-

441 2517 531 2567 ter
559 2511 821 2582 spiritum
850 2509 1146 2564 exhalavit.

513 2601 648 2656 CAP.
691 2599 837 2652 XXI.
876 2628 939 2638 —
983 2598 1165 2667 Igitur
1208 2613 1336 2650 cum
1387 2596 1507 2650 dies
1547 2594 1718 2649 tertia
1760 2594 2034 2666 passionis

443 2693 767 2744 sanctorum
782 2692 1095 2757 martyrum
1113 2685 1408 2750 illuxisset,
1423 2690 1481 2738 et
1498 2683 1839 2753 Vigilantius
1853 2683 1923 2737 ad
1945 2700 2035 2737 se-

445 2778 706 2850 pulcrum
737 2789 933 2830 eorum
956 2774 1225 2828 orationis
1261 2774 1443 2844 gratia
1483 2773 1816 2838 devenisset,
1850 2771 2034 2826 subito

442 2865 706 2937 apparuit
725 2865 776 2919 ei
795 2863 996 2918 beatus
1023 2863 1240 2928 Astion,
1273 2868 1330 2916 et
1350 2862 1486 2916 dicit
1505 2862 1576 2915 ad
1606 2877 1737 2915 eum
1765 2879 1777 2914 :
1811 2861 2038 2915 Genito-

443 2971 535 3008 res
565 2953 678 3010 mei
705 2954 774 3007 ad
797 2953 1156 3024 quaerendum
1192 2968 1283 3004 me
1316 2951 1386 3004 de
1423 2951 1606 3022 patria
1647 2956 1840 3004 nostra
1869 2950 2035 3003 hodie

443 3044 554 3098 huc
582 3049 715 3097 sunt
751 3041 989 3096 venturi.
1016 3042 1170 3110 Rogo
1199 3040 1373 3109 igitur
1395 3045 1470 3104 te,
1491 3039 1665 3092 frater
1683 3039 2030 3105 charissima,

439 3132 645 3187 festina
672 3131 1008 3185 descendere
1038 3129 1107 3184 ad
1132 3135 1374 3200 portum,
1399 3134 1456 3181 et
1475 3128 1693 3199 suscipe
1720 3145 1814 3182 eos
1845 3128 1902 3181 in
1933 3127 2036 3182 do-

2117 1883 2259 1937 tium
2280 1884 2544 1938 virorum.
2584 1885 2654 1938 Et
2680 1890 2864 1939 mater
2895 1902 2907 1938 :
2944 1885 3088 1939 Sunt
3117 1885 3293 1956 aliqui
3321 1885 3581 1939 homines
3613 1885 3700 1939 ibi-

2117 1972 2245 2026 dem
2267 1989 2387 2026 com
2396 1973 2720 2029 manentes?
2740 1973 3079 2043 Vigilantius
3091 1974 3382 2044 respondit
3404 1993 3416 2028 :
3445 1975 3635 2030 Plures
3651 1981 3700 2028 et

2118 2061 2274 2115 valde
2305 2061 2519 2116 nobiles
2538 2061 2836 2128 habentur,
2851 2079 3091 2134 quorum
3120 2063 3403 2134 possessio
3419 2063 3699 2134 paradisus

2115 2149 2347 2218 dicitur;
2391 2168 2631 2222 quorum
2666 2151 3027 2206 tabernacula
3072 2169 3139 2206 ex
3175 2152 3388 2206 lumine
3419 2158 3554 2207 sunt
3579 2169 3696 2206 con-

2116 2245 2356 2307 structa;
2402 2257 2641 2311 quorum
2671 2241 2784 2294 vita
2833 2241 2984 2296 Deus
3010 2247 3114 2307 est,
3143 2246 3200 2294 et
3236 2243 3584 2296 conversatio
3610 2241 3699 2294 im-

2119 2329 2372 2382 mortalis
2402 2330 2619 2396 existit;
2669 2346 2910 2401 quorum
2954 2335 3135 2383 vestes
3164 2331 3442 2401 sanguine
3472 2337 3600 2385 sunt
3625 2346 3699 2384 re-

2117 2435 2341 2488 spersae,
2375 2423 2431 2472 et
2455 2419 2514 2472 in
2542 2418 2722 2490 capite
2752 2435 2970 2472 coronae
3007 2435 3074 2472 ex
3098 2435 3235 2473 auro
3256 2419 3562 2490 purissimo
3585 2436 3698 2473 cum

2116 2507 2356 2576 gemmis
2374 2507 2543 2560 variis
2556 2507 2837 2562 fabricata:
2846 2506 3260 2561 habentur.Sed
3275 2513 3332 2561 et
3345 2508 3466 2562 Rex
3479 2507 3698 2562 nimium

2119 2594 2542 2665 potentissimus
2557 2612 2622 2648 ac
2635 2596 2968 2650 metuendus
2980 2601 3065 2649 est
3080 2596 3138 2649 in
3150 2596 3348 2650 eadem
3367 2597 3700 2666 regione,cu-

2112 2685 2206 2754 jus
2221 2700 2424 2737 nomen
2437 2684 2584 2738 Deus
2594 2684 2827 2738 deorum
2839 2691 2897 2738 et
2909 2684 3179 2738 Dominus
3191 2684 3606 2740 dominantium
3618 2701 3700 2756 ap-

2117 2773 2544 2843 pellatur;cujus
2555 2773 3700 2845 nuntiiangelidicunturjustitiaa,quorum

2117 2861 2286 2915 vestis
2299 2878 2410 2916 una
2422 2868 2508 2915 est
2517 2862 2795 2927 omnibus,
2823 2868 2880 2916 et
2890 2868 3070 2916 tactus
3083 2879 3278 2917 eorum
3297 2863 3419 2934 igni
3443 2863 3702 2918 assimila-

2119 2951 2214 3004 t'ur
2249 2951 2458 3008 urenti.
2486 2951 2590 3004 Sed
2633 2957 2690 3006 et
2717 2957 2945 3005 senatus
2973 2951 3142 3022 hujus
3170 2951 3532 3022 imperatoris
3556 2951 3700 3006 valde

2119 3039 2302 3092 clarus
2317 3038 2582 3104 habetur;
2608 3045 2665 3094 et
2681 3040 2866 3093 media
2874 3056 3005 3110 pars
3026 3040 3312 3111 prophetae
3333 3047 3698 3112 nuncupatur,

2119 3127 2215 3181 alii
2242 3143 2372 3181 vero
2401 3128 2634 3198 apostoli
2657 3128 3116 3199 pronuntiantur.
3142 3129 3250 3182 Sed
3269 3135 3326 3183 et
3344 3129 3701 3184 civitasistius

439 3238 594 3278 mum
623 3226 801 3285 tuam,
826 3225 995 3290 atque
1015 3235 1116 3290 per
1131 3218 1320 3272 omnia
1345 3218 1631 3272 consolare
1652 3234 1765 3282 eos,
1790 3233 1856 3270 eo
1885 3217 2035 3287 quod
2061 3216 2286 3285 CRegis
2317 3216 2474 3270 valde
2504 3223 2590 3270 est
2613 3217 2898 3287 praeclara,
2931 3233 3248 3288 nomenque
3266 3217 3390 3287 ejus
3405 3217 3700 3273 Christico-

438 3316 668 3383 propter
705 3327 796 3364 me
824 3308 1009 3362 valida
1034 3313 1168 3362 sunt
1193 3307 1426 3361 tristitia
1447 3307 1750 3372 macerati;
1783 3307 1880 3360 sed
1906 3307 2035 3359 etin

435 3405 720 3471 postremo
735 3399 804 3452 de
826 3397 1129 3452 Salvatoris
1154 3397 1330 3450 nostri
1345 3397 1454 3450 ﬁde
1475 3402 1642 3466 atque
1664 3395 1896 3448 diversis
1911 3411 2033 3448 ma-

436 3487 697 3558 gnalibus
721 3487 890 3540 facias
920 3503 1015 3540 eos
1043 3501 1289 3539 monere.
1315 3486 1445 3538 Hzec
1467 3485 1696 3554 etplura
1712 3483 1914 3537 horum
1939 3500 2035 3538 au-

435 3577 597 3631 diens
625 3575 984 3645 Vigilantius,
1017 3574 1172 3627 dedit
1201 3573 1440 3643 gloriam
1465 3575 1600 3639 Deo,
1620 3579 1677 3626 et
1689 3572 1883 3626 statim
1905 3589 2034 3626 cum

437 3665 794 3719 festinatione
814 3665 886 3718 ad
901 3663 1132 3717 ﬂuvium
1154 3662 1459 3716 descendit.
1482 3662 1550 3715 Et
1589 3678 1735 3726 ecce,
1762 3661 1910 3715 circa
1929 3661 2034 3715 bo-

435 3771 558 3808 ram
587 3754 814 3808 tertiam
843 3753 1022 3808 cernit
1046 3751 1358 3806 naviculam
1385 3767 1615 3822 parvam
1640 3749 1824 3804 subito
1849 3749 2032 3820 appli-

435 3843 616 3896 cuisse
645 3843 716 3896 ad
747 3847 990 3912 portum.
1025 3842 1278 3912 Cumque
1300 3840 1510 3910 egressi
1539 3840 1608 3893 de
1631 3841 1757 3893 navi
1795 3839 2032 3910 epibataa

436 3931 549 4000 (10)
575 3931 832 3996 fuissent,
859 3936 1150 4001 coeperunt
1169 3947 1203 3983 a
1221 3928 1713 3983 circumstantibus
1729 3927 1936 3981 ibidem
1949 3927 2032 3980 vi-

433 4019 513 4072 ris
542 4019 778 4072 sollicite
801 4018 1108 4088 inquirere,
1154 4018 1199 4071 si
1238 4018 1443 4088 aliquis
1482 4034 1678 4070 eorum
1726 4016 2029 4086 aliquando

433 4107 684 4161 audisset
701 4106 932 4171 ibidem,
955 4112 1055 4160 aut
1072 4105 1301 4159 vidisset
1314 4107 1599 4176 juvenem,
1611 4105 1808 4159 Astion
1823 4120 2028 4158 nomen

433 4195 754 4250 habentem.
789 4195 1043 4264 Cumque
1069 4195 1230 4248 multi
1251 4195 1429 4248 multa
1457 4194 1527 4247 de
1555 4210 1620 4247 eo
1639 4194 1908 4258 dicerent,
1940 4194 2031 4247 Vi-

433 4283 704 4354 gilantius
729 4283 1072 4354 supervenit,
1105 4289 1163 4336 et
1184 4283 1324 4336 dixit
1354 4301 1366 4336 :
1401 4283 1516 4352 Ego
1537 4299 1664 4336 vere
1685 4283 1796 4336 vidi
1829 4288 1886 4336 et
1899 4281 2027 4336 novi

434 4389 585 4430 eum.
615 4371 725 4427 Sed
756 4371 980 4426 interim
1023 4371 1207 4426 venite
1235 4371 1294 4426 in
1316 4372 1545 4426 domum
1575 4377 1854 4435 meam,et
1868 4371 2026 4443 quie-

2117 3305 2186 3358 lis
2207 3305 2605 3376 pronuntiatur
2632 3306 2792 3375 cujus
2815 3322 3010 3361 murus
3035 3322 3100 3359 ex
3129 3322 3267 3360 auro
3298 3307 3600 3378 purissimo
3627 3311 3702 3360 est

2117 3399 2488 3460 constructus,
2513 3393 2726 3447 habens
2754 3400 2946 3464 portas
2974 3393 3272 3448 duodecim
3293 3401 3348 3448 et
3365 3395 3424 3449 in
3449 3396 3585 3467 ipsis
3603 3396 3701 3448 sin-

2115 3482 2260 3551 gulae
2289 3482 2606 3552 dependent
2626 3482 2961 3551 margaritae,
2981 3488 3149 3554 atque
3178 3483 3384 3553 singuli
3409 3501 3484 3538 ex
3499 3490 3701 3538 senato-

2114 3570 2271 3624 ribus
2303 3587 2402 3641 per
2439 3571 2688 3641 singulas
2717 3571 2912 3625 sedent
2943 3571 3326 3626 indesinenter
3356 3575 3542 3642 (Apoc.
3573 3577 3694 3641 xxi).

2116 3659 2186 3713 Et
2213 3659 2394 3730 prima
2421 3660 2645 3730 quidem
2668 3665 2830 3730 porta
2849 3659 3054 3714 dicitur
3071 3660 3244 3728 Petri,
3260 3663 3510 3717 secunda
3531 3661 3696 3728 Pauli,

2115 3748 2285 3802 tertia
2311 3748 2567 3814 Andreae,
2587 3754 2790 3820 quarta
2817 3749 3068 3816 Joannis,
3108 3750 3307 3820 quinta
3329 3750 3544 3816 Jacobi,
3559 3756 3700 3806 sexta

2115 3836 2374 3908 Philippi,
2401 3837 2638 3908 septima
2663 3837 3075 3902 Bartholomaai,
3097 3844 3292 3892 octava
3303 3839 3701 3908 Thomze,nona

2114 3925 2382 3991 Matthaai,
2414 3925 2632 3979 decima
2655 3925 2902 3991 Thadzei,
2943 3926 3241 3980 undecima
3279 3927 3546 3996 Simonis,
3579 3927 3700 3981 duo-

2112 4014 2329 4068 decima
2351 4015 2618 4070 Matthiae.
2636 4015 2745 4070 Sed
2766 4021 2822 4069 et
2840 4016 3113 4087 templum
3129 4017 3430 4072 miriﬁcum
3450 4024 3536 4072 est
3555 4018 3695 4081 inea,

2113 4103 2324 4156 habens
2338 4104 2543 4158 Sancta
2553 4111 2874 4158 sanctorum
2887 4111 2943 4158 et
2953 4105 3132 4159 altare
3146 4123 3379 4160 aureum
3389 4113 3542 4175 ;ante
3553 4107 3698 4175 cujus

2111 4198 2470 4262 conspectum
2487 4192 2565 4246 vir
2575 4192 2806 4262 quidam
2821 4198 2972 4247 astat
2987 4193 3278 4261 miriﬁcus,
3301 4199 3502 4249 tenens
3521 4190 3697 4248 decem

2111 4281 2448 4335 chordarum
2466 4281 2885 4352 psalterium,ac
2895 4281 3112 4352 jugiter
3131 4281 3338 4337 ibidem
3352 4283 3618 4354 degentes
3633 4281 3696 4336 ad

2109 4370 2335 4424 laudem
2348 4370 2514 4440 Regis
2524 4370 2675 4425 illius
2686 4370 3031 4438 cohortatur,
3039 4371 3245 4426 dicens:
3264 4372 3517 4427 Laudate
3526 4370 3697 4427 Domi-

433 4462 572 4515 scite
602 4467 794 4527 πως)
821 4460 1107 4532 pusillum,
1133 4477 1199 4514 eo
1218 4461 1367 4531 quod
1395 4460 1554 4515 valde
1574 4460 1791 4529 fatigati
1814 4460 1948 4514 estis
1971 4461 2030 4515 in
2050 4454 2100 4514 D
2114 4475 2251 4513 num
2261 4460 2329 4512 de
2351 4459 2757 4526 coalis,laudate
2774 4476 2904 4514 eum
2921 4476 3117 4514 omnes
3131 4461 3317 4531 angeli
3329 4461 3695 4533 ejus,laudate

430 4551 577 4617 navi,
609 4555 666 4604 et
691 4550 1072 4622 postmodum,
1101 4549 1149 4603 si
1179 4549 1366 4615 vultis,
1386 4566 1488 4619 ego
1509 4566 1605 4602 vos
1625 4549 1694 4603 ad
1723 4566 1872 4616 eum,
1897 4565 2026 4604 cum

429 4645 808 4710 opportunum
819 4639 1135 4705 fuerit,sine
1147 4639 1334 4709 aliqua
1351 4655 1511 4692 mora
1522 4639 1925 4710 perducam.At
1939 4639 2023 4692 illi

427 4727 778 4799 procidentes
800 4728 872 4782 ad
887 4745 1075 4797 genua
1094 4729 1218 4798 ejus
1242 4733 1535 4798 cmperunt
1553 4728 1772 4782 fortiter
1799 4729 2022 4799 plantas

430 4817 554 4886 ejus
566 4817 966 4886 constringere,
991 4817 1308 4870 osculantes
1319 4823 1489 4888 atque
1501 4817 1875 4883 obsecrantes,
1897 4822 1961 4871 ut
1975 4816 2022 4870 si

427 4903 690 4976 possibile
701 4903 807 4957 sibi
818 4909 1292 4975 esset,antequam
1303 4905 1486 4960 cibum
1500 4905 2025 4977 caperent,perdue—

429 4997 558 5048 rent
577 5007 671 5046 eos
686 4993 758 5046 ad
777 4992 1034 5048 illum.Et
1044 4994 1382 5064 Vigilantius
1397 4995 1468 5049 ad
1485 4996 1602 5050 haec
1619 5013 1630 5048 :
1658 4994 1844 5048 Facite
1866 4993 2022 5064 prius

428 5082 656 5136 interim
687 5097 810 5152 quae
825 5086 1050 5151 rogo,ut
1062 5087 1117 5136 et
1132 5099 1234 5154 ego
1249 5089 1492 5138 vestram
1505 5084 1836 5155 petitionem
1853 5087 2022 5153 atque

427 5172 773 5226 voluntatem
787 5171 1333 5244 impleam.Cumque
1350 5173 1581 5227 domum
1593 5172 1766 5242 ipsius
1783 5171 2021 5242 ingressi

424 5260 682 5326 fuissent,
717 5265 774 5314 et
802 5260 873 5314 ad
902 5277 1155 5315 mensam
1195 5262 1597 5327 consedissent,
1632 5261 1800 5331 coepit
1840 5266 2022 5314 mater

426 5351 606 5404 sancti
624 5349 874 5404 Astionis
890 5351 1339 5420 adVigilantium
1358 5351 1549 5403 taliter
1565 5349 1747 5402 dicere
1771 5367 1782 5402 :
1811 5349 1868 5403 Si
1883 5349 2019 5403 mihi

425 5439 610 5493 locum
636 5439 1128 5506 demonstraveris,
1153 5456 1186 5494 ο
1205 5438 1526 5492 dulcissime
1554 5438 1746 5504 frater,
1766 5437 2020 5493 ubinunc

423 5543 583 5580 meus
607 5527 805 5582 unicus
835 5528 1162 5582 demoratur
1180 5528 1398 5594 Astion,
1431 5527 1596 5581 hodie
1630 5543 1892 5582 coronam
1921 5545 2016 5583 au-

425 5630 582 5669 ream
609 5616 780 5689 capiti
797 5622 896 5672 tuo
914 5617 1220 5692 imponam.
1246 5615 1520 5677 Similiter
1539 5633 1761 5693 quoque
1783 5623 1840 5672 et
1858 5622 2018 5688 pater

2107 4564 2236 4602 eum
2257 4565 2452 4602 omnes
2471 4548 2707 4602 virtutes
2722 4541 2846 4619 ejus
2861 4550 3022 4617 (Psal.
3047 4555 3288 4620 cxtvm).
3313 4551 3498 4622 Hujus
3519 4551 3695 4620 itaque

2106 4637 2515 4704 nomen,David
2535 4637 2684 4692 ﬁlius
2703 4639 2732 4692 J
2737 4655 2860 4692 esse
2882 4638 3416 4708 pronuntiatur.Sed
3438 4646 3496 4694 et
3509 4640 3694 4711 platea

2103 4726 2274 4795 hujus
2309 4725 2550 4781 civitatis
2572 4743 2636 4780 ex
2655 4743 2794 4781 auro
2813 4727 3114 4797 purissimo
3144 4733 3277 4782 sunt
3299 4735 3509 4795 stratae,
3546 4729 3694 4798 cujus

2106 4815 2308 4869 ﬂuvius
2319 4815 2489 4869 vitam
2501 4819 2768 4870 aeternam
2780 4818 3118 4888 emanat,cuj
3128 4834 3192 4872 us
3204 4819 3350 4888 pomi
3359 4817 3477 4872 fera
3485 4816 3692 4890 persiu-

2102 4904 2265 4973 gulos
2281 4921 2499 4958 menses
2518 4905 2763 4959 reddunt
2782 4905 2990 4960 fructos
3007 4922 3156 4974 suos,
3183 4911 3238 4960 et
3256 4907 3389 4962 folia
3410 4923 3602 4961 eorum
3627 4903 3690 4958 ad

2103 4992 2576 5047 medicamentum
2587 4993 3692 5066 proceduntanimarum;cujuslumenin-

2103 5081 2416 5136 enarrabile
2427 5088 2594 5147 est,et
2609 5088 2784 5153 porta)
2803 5100 3092 5155 nunquam
3104 5084 3534 5151 clauduntur,eo
3553 5079 3689 5154 quod

2104 5186 2394 5240 nunquam
2434 5169 2511 5224 ibi
2536 5186 2645 5225 nox
2673 5171 2797 5237 erit,
2833 5189 2935 5226 nec
2964 5172 3090 5226 ullae
3129 5171 3373 5228 tenebrae
3401 5172 3684 5234 habentur,

2104 5259 2203 5312 sed
2226 5275 2448 5330 semper
2466 5260 2738 5329 gaudium
2756 5266 2813 5314 et
2826 5261 3302 5331 perpetualzetitia
3325 5261 3531 5316 ibidem
3546 5259 3688 5332 jugi-

2101 5353 2191 5402 ter
2215 5354 2615 5404 commoratur.
2649 5349 2714 5402 Et
2759 5349 2964 5403 mulier
3000 5349 3072 5403 ad
3100 5349 3218 5404 haec
3256 5350 3545 5422 respondit
3574 5369 3586 5403 :
3626 5347 3688 5402 Et

2101 5455 2215 5494 non
2233 5439 2910 5506 intellexisti,charissime
2931 5439 3124 5507 frater,
3149 5457 3307 5512 aquo
3329 5447 3554 5494 vocatus
3583 5437 3686 5492 illic

2098 5546 2257 5583 meus
2284 5529 2483 5583 Astion
2516 5529 2779 5600 perrexit,
2812 5545 2883 5582 ne
2905 5529 2964 5584 in
2992 5529 3184 5600 aliqua
3203 5530 3368 5601 culpa
3392 5528 3686 5600 deprehen-

2099 5633 2194 5672 sus
2219 5616 2310 5683 sit,
2327 5617 2414 5670 vel
2429 5632 2499 5670 ne
2525 5617 2807 5688 quispiam
2829 5633 2894 5672 ex
2923 5616 3222 5672 comitibus
3240 5623 3341 5672 aut
3359 5634 3390 5671 e
3417 5613 3679 5671 senatori-
