3878 6422
106 398 214 457 409

558 397 729 453 VITA
765 396 1207 453 SANC'I‘ORUM
1244 394 1571 453 EPICTE’I‘I
1608 392 2056 451 PRESBYTERI
2094 395 2184 452 ET
2218 396 2555 456 ASTIONIS
2591 399 2946 460 MONACHI.

3280 404 3387 462 410

101 525 210 581 bus
238 524 337 597 qui
359 523 477 579 illic
501 522 871 578 demorentur
889 538 1019 576 eum
1036 521 1436 588 convocavit,et
1462 519 1569 574 sibi
1589 518 1762 580 for-A
1781 518 2019 588 nientes,
2050 522 2496 594 praedicaverunt.
2522 543 2652 582 eum
2682 545 2803 583 esse
2840 534 3161 593 venturum,
3179 535 3238 585 et
3266 547 3381 587 ηοη

98 616 252 670 sitan
281 630 397 686 prae
424 612 604 667 nimia
631 612 1047 684 pulchritudine
1087 613 1209 682 ejus
1252 610 1312 665 in
1356 609 1535 665 ﬁlium
1574 624 1704 662 eum

99 701 428 775 adoptavit?
450 702 519 756 Et
546 700 914 772 Vigilantius:
945 701 1031 756 Ab
1052 702 1198 773 ipso,
1223 699 1426 771 inquit,
1451 698 1704 771 principe

98 791 349 863 regionis
364 790 514 846 illius
531 806 660 844 cum
680 790 859 843 multo
885 790 1096 845 honore
1122 795 1180 844 et
1204 787 1475 843 comitatu
1494 786 1703 841 ibidem

96 888 331 937 vocatus
347 879 611 953 perrexit.
636 878 751 950 Ego
775 879 1054 950 siquidem
1083 884 1215 934 tunc
1241 877 1532 933 ministros
1551 876 1702 948 ipsos

97 972 293 1026 videre
314 986 427 1026 non
445 968 632 1041 potui;
656 974 910 1023 attamen
929 968 1075 1023 sicut
1092 970 1212 1040 ipse
1234 968 1376 1022 mihi
1398 966 1697 1031 referebat,

100 1060 265 1114 valde
304 1058 681 1132 pulcherrimo
725 1074 793 1112 ac
820 1058 1111 1129 splendido
1139 1059 1296 1112 vultu
1324 1055 1696 1121 habebantur,

96 1152 366 1219 gerentes
389 1165 564 1203 aurea
591 1164 751 1203 arma
773 1154 831 1202 et
856 1147 1225 1219 hyacinthina
1252 1146 1602 1201 indumenta.
1632 1144 1704 1199 Et

98 1237 239 1308 quia
280 1237 341 1292 in
369 1236 472 1290 hac
499 1242 693 1291 nostra
719 1237 949 1308 regione
987 1236 1230 1291 ﬁdeliter
1258 1250 1325 1291 ex
1363 1241 1480 1291 toto
1510 1234 1699 1289 animo

98 1344 228 1399 qua:
258 1326 366 1382 sibi
392 1326 463 1381 ab
492 1326 587 1381 illo
610 1326 866 1397 injuncta
892 1326 1117 1381 fuerant
1140 1325 1485 1396 adimplevit,
1508 1324 1613 1379 hac
1633 1324 1703 1378 de

97 1432 277 1470 causa
294 1431 425 1471 eum
460 1415 593 1469 illuc
617 1431 718 1486 per
763 1431 894 1469 suos
924 1414 1212 1469 ministros
1241 1412 1462 1468 dicebat
1489 1413 1701 1467 vocita-

96 1511 225 1559 tum
241 1505 433 1570 fuisse,
458 1511 523 1558 ut
551 1504 927 1576 principatum
949 1505 999 1559 ei
1028 1504 1303 1570 videlicet,
1322 1519 1491 1574 super
1509 1502 1701 1556 decem

94 1594 375 1659 civitates,
396 1594 756 1648 condonaret.
772 1594 841 1648 Et
856 1599 1063 1649 mater:
1084 1594 1257 1647 Putas
1278 1592 1451 1662 igitur
1464 1592 1522 1646 in
1541 1596 1703 1647 tanta

92 1683 285 1753 gloria
307 1699 457 1738 nunc
476 1682 684 1737 ibidem
699 1683 916 1753 positus
933 1682 1103 1737 habet
1116 1682 1450 1736 memoriam
1485 1681 1705 1736 nostri?

1787 614 1919 663 sunt
1938 612 2175 682 recepti;
2200 615 2287 668 vel
2317 616 2595 685 quomodo
2615 617 2887 674 Dominus
2908 620 3056 674 Deus
3084 625 3277 674 noster
3295 622 3384 677 Je-

1785 715 1880 752 sus
1910 699 2186 768 Christus,
2220 703 2315 774 qui
2341 708 2429 759 est
2456 705 2655 760 unicus
2684 707 2886 774 Patris,
2914 708 3162 764 Verbum
3190 726 3256 764 ac
3277 709 3386 765 Sa-

1784 788 2017 859 pientia,
2049 790 2224 847 virtus
2249 793 2458 849 scilicet
2484 811 2550 849 ac
2580 797 2844 866 splendor
2872 798 3082 867 gloriae,
3117 799 3382 870 dignatus

1784 878 1857 932 sit
1882 879 1941 933 in
1969 880 2285 937 novissimis
2314 883 2528 951 diebus,
2564 885 2634 939 de
2665 886 2878 957 Spiritu
2902 893 3094 942 sancto
3118 894 3175 943 et
3205 888 3385 944 Maria

1783 984 2006 1038 semper
2040 968 2256 1040 virgine
2285 971 2344 1026 in
2379 974 2589 1028 mundo
2636 975 2790 1030 nasci
2823 995 2837 1043 ;
2867 982 2925 1030 et
2954 977 3233 1048 quomodo
3253 978 3380 1033 illos

1785 1061 1881 1132 qui
1910 1061 2088 1115 secuti
2134 1065 2267 1114 sunt
2295 1078 2443 1129 eum,
2476 1064 2777 1136 discipulos
2813 1082 2945 1121 suos
2974 1067 3105 1121 fecit
3145 1084 3290 1134 esse,
3325 1073 3384 1122 et
3424 1087 3437 1096 ·

1784 1150 2015 1204 mittens
2045 1167 2139 1204 eos
2169 1151 2238 1204 ad
2269 1151 2685 1222 prmdicandum
2714 1155 2947 1210 verbum
2976 1157 3174 1211 salutis
3194 1157 3383 1228 genti-

1783 1237 1907 1305 bus,
1938 1239 2205 1310 apostolis
2225 1239 2559 1311 imposuerit
2585 1258 2790 1297 nomen
2813 1262 2825 1297 :
2850 1243 2949 1297 sed
2974 1249 3032 1297 et
3051 1245 3200 1315 quod
3221 1246 3383 1315 regni

1783 1328 1873 1382 sui
1903 1328 2205 1399 participes
2235 1344 2329 1382 eos
2376 1329 2639 1396 effecerit,
2669 1331 2765 1401 qui
2801 1332 2971 1401 hujus
3020 1333 3206 1386 saeculi
3248 1349 3381 1387 con-

1782 1417 2116 1489 tempserint
2133 1417 2715 1490 vanitatem,etipsum
2737 1420 2921 1474 solum
2941 1437 3111 1492 super
3130 1437 3380 1476 amorem

1784 1506 2228 1578 propinquorum
2243 1506 2560 1578 diligerent.
2576 1500 2827 1580 Cumque
2847 1509 2966 1564 hwc
2982 1516 3039 1564 et
3050 1510 3250 1565 horum
3267 1527 3385 1564 am-

1782 1596 1964 1668 pliora
1990 1596 2275 1668 sapienter
2294 1597 2375 1651 eis
2396 1596 2735 1667 Vigilantius
2764 1599 3139 1663 disseruisset,
3176 1600 3383 1654 iterum

1786 1692 2062 1739 venerunt
2088 1686 2148 1739 in
2168 1687 2355 1740 locum
2386 1686 2547 1741 illum
2576 1685 2672 1741 ubi
2696 1687 2967 1758 scriptum
2995 1694 3111 1743 est:
3146 1689 3215 1743 Et
3244 1689 3385 1742 dixit

90 1772 168 1827 Et
184 1771 529 1842 Vigilantius
546 1789 558 1825 :
578 1771 677 1825 Ille
690 1771 916 1841 quidem
928 1770 1259 1825 memoriam
1275 1771 1445 1825 vestri
1465 1771 1702 1825 nimium
1722 1837 1761 1849 n
1785 1776 1812 1830 J
1818 1792 1947 1829 esus
1970 1775 2258 1846 discipulis
2286 1775 2405 1830 suis
2430 1794 2442 1828 :
2476 1776 2659 1830 Amen
2688 1792 2855 1830 amen
2892 1777 3016 1830 dico
3038 1776 3210 1842 vobis,
3251 1778 3384 1849 quia

88 1837 356 1915 habetvin
388 1866 594 1928 mente,
627 1866 685 1914 et
706 1837 871 1915 valde
899 1861 1055 1932 cupit
1084 1877 1178 1915 vos
1201 1861 1366 1931 juxta
1396 1878 1456 1915 se
1494 1861 1701 1917 habere
1722 1837 1764 1895 Β
1784 1865 1964 1918 omnis
1995 1865 2092 1936 qui
2110 1837 2224 1918 -me
2264 1864 2549 1919 confessus
2587 1864 2761 1919 fuerit
2805 1881 2997 1920 coram
3036 1837 3377 1932 hominibus,

90 1966 340 2021 semper,
374 1951 421 2004 si
447 1956 638 2005 tamen
667 1967 737 2005 ea
764 1968 887 2022 quae
927 1950 1139 2021 scripta
1165 1956 1295 2005 sunt
1342 1950 1402 2005 in
1430 1950 1576 2005 libro
1605 1951 1701 2005 illo
1783 1953 2091 2009 confitebor
2120 1959 2176 2008 et
2205 1971 2312 2024 ego
2342 1971 2471 2008 eum
2510 1971 2698 2009 coram
2718 1955 2886 2009 Patre
2906 1971 3052 2022 meo,
3076 1956 3173 2025 qui
3201 1961 3290 2009 est
3321 1957 3380 2010 in

91 2056 268 2110 quem
285 2040 424 2094 mihi
445 2040 673 2111 reliquit
686 2040 995 2111 adimplere
1016 2040 1323 2095 volueritis.
1344 2040 1408 2097 Et
1428 2045 1611 2095 mater
1629 2040 1701 2094 ad
1783 2044 1935 2097 caelis
1960 2062 1972 2110 ;
2014 2044 2110 2115 qui
2140 2048 2331 2097 autem
2368 2044 2657 2113 negaverit
2698 2059 2789 2097 me
2817 2059 3008 2097 coram
3036 2042 3378 2108 hominibus,

87 2130 211 2183 haec
238 2149 255 2184 :
287 2131 427 2199 Age,
443 2146 597 2200 ergo,
621 2136 678 2183 et
697 2129 1015 2201 depositum
1039 2128 1198 2183 nobis
1217 2129 1476 2184 celeriter
1492 2146 1696 2201 reprae-
1783 2132 2071 2203 denegabo
2102 2138 2159 2186 et
2186 2149 2289 2203 ego
2337 2148 2466 2186 eum
2496 2148 2685 2186 coram
2714 2132 2883 2187 Patre
2912 2148 3055 2198 meo,
3083 2133 3178 2204 qui
3208 2137 3295 2186 est
3321 2133 3381 2187 in

89 2223 280 2275 senta.
302 2219 372 2273 Et
391 2219 507 2274 haec
530 2218 799 2285 dicentes,
822 2236 853 2273 e
878 2235 1076 2273 mensa
1095 2219 1307 2290 pariter
1331 2224 1698 2289 consurgunt.
1784 2222 1957 2276 caelis.
1989 2221 2176 2276 Nolite
2205 2222 2380 2292 igitur
2406 2220 2690 2290 arbitrari,
2714 2221 2848 2293 quia
2872 2222 2998 2276 veni
3027 2238 3220 2293 pacem
3246 2222 3382 2277 mit-

164 2310 305 2363 CAP.
338 2309 512 2364 XXII.
536 2341 607 2359 ρ-
633 2309 789 2364 Tunc
808 2309 1148 2379 Vigilantius
1179 2325 1472 2363 assumens
1495 2325 1609 2375 eos,
1643 2309 1704 2363 in

90 2398 302 2453 cellam
347 2404 670 2453 sanctorum
698 2403 1015 2471 martyrum
1054 2399 1401 2465 introduxit;
1436 2404 1493 2453 et
1520 2404 1704 2453 esten.

89 2488 236 2543 dens
266 2488 352 2542 eis
375 2487 714 2542 dominicam
740 2505 963 2543 crucem
982 2493 1038 2542 et
1064 2493 1485 2542 sacrosanctum
1513 2495 1637 2555 ποι
1652 2493 1691 2553 ι

92 2576 467 2646 Evangelium
486 2576 802 2641 Christi,ait
814 2576 885 2630 ad
912 2593 1033 2630 eos:
1059 2578 1189 2632 Haec
1206 2582 1340 2631 sunt
1362 2593 1485 2648 quae
1504 2577 1703 2632 Astion

92 2665 251 2719 ﬁlius
266 2670 454 2718 vester
469 2664 607 2719 mihi
625 2664 943 2735 dereliquit.
960 2664 1018 2720 Si
1035 2682 1167 2736 ergo
1180 2665 1511 2737 mysterium
1532 2666 1701 2735 hujus

90 2752 304 2807 divina:
321 2752 545 2807 virtutis
565 2758 623 2807 et
641 2770 707 2807 ea
727 2770 850 2824 quae
869 2754 929 2808 in
966 2754 1071 2808 hoc
1101 2753 1289 2808 codice
1319 2754 1529 2826 scripta
1545 2760 1697 2820 sunt,

92 2841 366 2908 feceritis,
397 2841 643 2913 profecto
684 2842 941 2897 videbitis
990 2859 1140 2909 eum,
1191 2849 1251 2899 et
1295 2860 1423 2897 cum
1469 2844 1590 2914 ipso
1642 2843 1703 2897 in

91 2936 441 3003 perpetuum
470 2932 628 2987 eritis
652 2932 710 2986 in
730 2932 828 2988 illa
857 2934 1105 3005 regione.
1127 2934 1257 2989 Haec
1290 2934 1523 2989 audiens
1542 2939 1705 3006 pater

95 3023 245 3092 ejus,
290 3022 507 3094 accepit
534 3023 897 3093 Evangelium
937 3023 1146 3079 Christi
1174 3041 1288 3095 pra:
1337 3023 1618 3091 manibus,
1649 3030 1706 3078 et

92 3111 363 3183 aperiens
391 3112 645 3183 pervenit
671 3112 742 3167 ad
767 3130 897 3167 eum
916 3113 1100 3167 locum
1121 3112 1217 3167 ubi
1246 3114 1520 3168 Dominus
1540 3114 1568 3167 J
1574 3130 1704 3168 esus

1783 2316 1904 2365 tere
1916 2312 1974 2364 in
1992 2316 2224 2378 terram;
2240 2327 2354 2365 non
2364 2311 2489 2365 veni
2510 2327 2706 2382 pacem
2727 2312 2974 2378 mittere,
2989 2311 3088 2366 sed
3102 2311 3355 2381 gladium
3367 2352 3380 2367 .

1782 2401 1925 2455 Veni
1936 2400 2088 2454 enim
2108 2416 2371 2471 separare
2386 2400 2671 2455 hominem
2683 2401 2949 2455 adversus
2962 2406 3177 2472 patrem
3190 2408 3377 2467 suum,

1784 2495 1843 2544 et
1860 2489 2034 2543 ﬁliam
2054 2490 2321 2543 adversus
2342 2494 2582 2544 matrem
2601 2506 2783 2555 suam,
2800 2496 2857 2544 et
2882 2505 3090 2544 nurum
3114 2490 3382 2544 adversus

1784 2595 2007 2632 socrum
2023 2594 2203 2645 suam,
2227 2583 2284 2632 et
2306 2578 2517 2632 inimici
2538 2578 2779 2632 hominis
2800 2578 3093 2632 domestici
3112 2580 3254 2649 ejus.
3275 2578 3383 2642 Qui

1785 2672 1939 2721 amat
1956 2672 2175 2738 patrem
2196 2673 2297 2721 aut
2314 2672 2553 2723 matrem
2576 2668 2702 2739 plus
2722 2684 2894 2739 quam
2918 2684 3026 2735 me,
3051 2684 3165 2721 non
3190 2674 3277 2721 est
3292 2683 3385 2722 me

1785 2757 2006 2825 dignus.
2034 2757 2104 2833 Et
2122 2757 2218 2827 qui
2246 2773 2359 2810 non
2378 2756 2582 2827 accipit
2607 2773 2828 2810 crucem
2848 2773 3029 2821 suam,
3054 2762 3111 2811 et
3126 2756 3409 2827 sequitur

1784 2862 1894 2911 me,
1908 2862 2023 2900 non
2043 2851 2128 2900 est
2146 2862 2237 2900 mc
2252 2846 2478 2916 dignus.
2503 2846 2573 2900 Et
2584 2846 2679 2916 qui
2699 2846 2914 2900 invenit
2932 2846 3179 2900 animam
3200 2862 3382 2913 suam,

1786 2935 1984 3006 perdet
2003 2951 2150 2989 eam.
2172 2935 2243 2989 Et
2271 2935 2367 3006 qui
2385 2935 2695 3006 perdiderit
2713 2935 2962 2989 animam
2978 2952 3139 2990 suam
3157 2940 3388 3006 propter

1787 3041 1879 3078 me
1909 3030 1967 3078 et
1993 3024 2357 3094 Evangelium
2388 3041 2598 3091 meum,
2627 3024 2876 3079 inveniet
2906 3040 3029 3078 eam
3057 3026 3276 3095 (Matth.
3307 3028 3384 3094 x).

1786 3114 1855 3167 Et
1882 3113 2089 3168 iterum
2126 3130 2140 3168 :
2175 3114 2316 3167 Cum
2347 3119 2535 3167 autem
2559 3113 2902 3167 tradiderint
2925 3130 3022 3167 vos
3051 3113 3201 3184 apud
3227 3129 3388 3182 reges

88 3201 323 3255 locutus
353 3206 440 3256 est
465 3202 538 3255 ad
567 3202 869 3273 discipulos
897 3219 1048 3269 suos,
1065 3202 1259 3257 dicens
1281 3222 1293 3256 :
1313 3203 1513 3269 Amen,
1530 3219 1695 3257 amen
1718 3195 1763 3258 Ο
1783 3208 1840 3257 et
1868 3202 2153 3274 praesides,
2182 3203 2358 3256 nolite
2393 3202 2658 3272 cogitare,
2691 3202 2973 3273 quomodo
3000 3208 3101 3256 aut
3137 3201 3272 3272 quid
3300 3202 3385 3254 lo-

90 3290 222 3344 dioo
249 3289 428 3358 vobis,
453 3291 603 3362 quod
630 3307 727 3345 vos
756 3292 852 3363 qui
882 3292 1062 3346 secuti
1092 3292 1228 3346 estis
1253 3308 1364 3357 me,
1390 3291 1449 3346 in
1474 3308 1705 3362 regene-

90 3379 323 3434 ratione
333 3395 465 3434 cum
484 3380 694 3435 sederit
703 3381 879 3436 Filius
893 3381 1139 3436 hominis
1158 3382 1218 3436 in
1237 3382 1368 3436 sede
1389 3382 1702 3452 majestatis

88 3484 236 3536 sua,
268 3467 537 3523 sedebitis
566 3473 624 3522 et
651 3486 747 3524 vos
785 3487 955 3542 super
993 3471 1153 3525 sedes
1195 3471 1492 3526 duodecim
1543 3471 1702 3541 judi-

88 3565 292 3613 cantes
318 3558 618 3613 duodecim
636 3558 817 3614 tribus
836 3561 1030 3616 Israel.
1050 3561 1121 3615 Et
1141 3561 1325 3615 omnis
1349 3561 1442 3631 qui
1458 3561 1701 3632 relique-

87 3648 175 3703 rit
201 3647 458 3713 domum,
476 3648 562 3701 vel
585 3647 808 3714 fratres,
835 3654 936 3702 aut
960 3664 1199 3716 sorores,
1217 3654 1317 3703 aut
1340 3654 1580 3720 patrem,
1606 3654 1705 3704 aut

88 3742 366 3803 matrem,
398 3742 499 3792 aut
525 3753 776 3803 uxorem,
809 3742 909 3791 aut
936 3738 1100 3804 ﬁlios,
1128 3743 1229 3792 aut
1256 3754 1440 3809 agros,
1476 3744 1704 3810 propter

88 3842 312 3882 nomen
345 3842 553 3893 meum,
586 3827 912 3898 centuplum
950 3826 1203 3898 accipiet,
1247 3833 1303 3881 et
1337 3828 1508 3881 vitam
1546 3833 1707 3883 aeter-

87 3934 235 3972 nam
254 3916 578 3987 possidebit.
594 3917 755 3971 Multi
769 3922 959 3972 autem
983 3923 1118 3971 sunt
1135 3918 1302 3989 primi
1319 3918 1628 3982 novissimi,
1646 3922 1705 3972 et

88 4006 393 4061 novissimi
421 4006 588 4077 primi
612 4008 824 4074 (Matth.
852 4009 979 4076 Xlx).
1014 4007 1085 4061 Et
1112 4014 1274 4078 pater
1298 4026 1309 4060 :
1330 4007 1466 4071 Quis
1487 4012 1590 4073 est,
1622 4008 1705 4061 in-

88 4095 243 4165 quit,
276 4094 381 4149 iste
400 4095 670 4149 Dominus
692 4096 946 4162 Jesus,et
972 4097 1067 4167 qui
1094 4102 1228 4151 sunt
1256 4097 1353 4168 qui
1377 4097 1551 4151 secuti
1572 4104 1705 4152 sunt

89 4201 233 4240 eum
244 4184 272 4237 ?
299 4184 398 4239 sed
418 4190 476 4238 et
496 4185 591 4256 qui
603 4191 737 4239 sunt
754 4185 835 4238 illi
863 4186 958 4257 qui
970 4185 1247 4256 jubentur
1265 4186 1583 4257 relinquere
1604 4204 1705 4259 pa-

88 4280 249 4328 trem
289 4278 391 4327 aut
418 4278 676 4339 matrem,
709 4289 939 4328 uxorem
964 4279 1022 4328 et
1044 4274 1208 4340 ﬁlios,
1234 4280 1468 4345 propter
1494 4291 1701 4330 nomen

90 4365 395 4433 ejus,quos
421 4361 556 4416 dicit
583 4367 945 4433 percepturos
983 4379 1105 4416 esse
1146 4362 1204 4416 in
1231 4362 1423 4417 futura
1454 4362 1702 4417 beatitu-

90 4453 233 4507 dine
245 4451 420 4504 vitam
431 4451 1062 4516 aeternammuaesumus
1072 4458 1148 4517 te,
1165 4451 1342 4507 frater
1349 4452 1698 4518 charissime,

1786 3291 2059 3363 quamini.
2085 3292 2211 3346 Non
2226 3291 2377 3344 enim
2398 3308 2494 3344 vos
2510 3291 2664 3358 estis,
2689 3290 3112 3361 quiloquimini,
3136 3290 3233 3343 sed
3265 3290 3386 3360 Spi-

1784 3380 1928 3435 ritus
1957 3379 2142 3433 Patris
2162 3379 2333 3432 vestri
2361 3378 2457 3449 qui
2488 3378 2736 3449 loquitur
2763 3378 2823 3432 in
2849 3378 3022 3433 vobis.
3053 3378 3261 3432 Tradet
3288 3393 3385 3431 au-

1784 3476 1901 3524 tem
1924 3468 2098 3522 frater
2135 3467 2367 3521 fratrem
2408 3467 2470 3522 in
2508 3472 2769 3533 mortem,
2794 3473 2853 3521 et
2887 3473 3049 3538 pater
3077 3467 3295 3533 tilium;
3327 3471 3386 3520 et

1784 3564 2019 3628 surgent
2056 3557 2157 3611 filii
2186 3557 2244 3611 in
2274 3561 2553 3627 parentes,
2589 3562 2647 3609 et
2674 3561 2856 3610 morte
2884 3573 2979 3610 eos
3003 3555 3285 3623 afﬁcient;
3327 3560 3385 3609 et

1786 3648 1945 3702 eritis
1973 3647 2100 3701 odio
2131 3646 2405 3710 omnibus,
2423 3650 2654 3716 propter
2680 3662 2889 3700 nomen
2914 3661 3121 3699 meum.
3148 3644 3255 3709 Qui
3281 3662 3384 3707 au-

1786 3743 1902 3792 tem
1920 3735 2357 3807 perseveraverit
2383 3750 2562 3805 usque
2589 3734 2648 3788 in
2677 3736 2867 3801 ﬁnem,
2902 3734 2992 3788 hic
3036 3734 3221 3787 salvus
3252 3734 3381 3788 erit.

1786 3826 2143 3896 Rursumque
2187 3823 2517 3896 perveniens
2554 3822 2613 3876 in
2640 3823 2902 3878 ultimam
2938 3827 3157 3893 partem
3205 3822 3385 3876 sancti

1786 3913 2091 3984 Evangelii,
2107 3914 2274 3985 ccepit
2296 3913 2606 3969 secundum
2625 3914 2903 3967 Joannem
2938 3912 3146 3966 iterum
3174 3911 3382 3981 legere,

1786 4004 1978 4058 dicens
2010 4022 2021 4056 :
2074 4004 2264 4068 Pater,
2300 4020 2439 4074 quos
2467 4003 2672 4058 dedisti
2720 4001 2881 4068 mihi,
2915 4001 3038 4055 volo
3068 4006 3133 4054 ut
3160 4000 3255 4053 ubi
3282 4016 3385 4070 ego

1787 4110 1931 4160 sum,
1952 4099 2009 4147 et
2026 4093 2139 4146 illic
2159 4093 2274 4146 sint
2292 4096 2601 4159 mec'um,ut
2612 4090 3156 4146 videantclaritatem
3178 4104 3383 4154 meam,

1789 4198 1958 4254 quam
1989 4182 2192 4236 dedisti
2223 4182 2378 4248 mihi,
2396 4182 2528 4253 quia
2556 4180 2799 4236 dilexisti
2825 4197 2915 4233 me
2953 4185 3083 4233 ante
3120 4178 3389 4232 constitu-

1782 4272 1997 4325 tionem
2036 4271 2231 4325 mundi
2283 4272 2459 4341 (Joan.
2493 4273 2645 4336 xvn).
2699 4270 2768 4324 Et
2806 4269 2992 4323 denuo
3029 4285 3039 4320 :
3072 4268 3149 4323 Ut
3195 4284 3389 4322 omnes

1784 4377 1958 4415 unum
1980 4361 2112 4427 sint,
2137 4360 2284 4415 sicut
2310 4366 2391 4425 tu,
2419 4361 2605 4427 Pater,
2640 4360 2698 4414 in
2720 4375 2830 4425 me,
2855 4365 2913 4413 et
2932 4374 3035 4427 ego
3064 4358 3123 4412 in
3150 4362 3227 4425 te,
3248 4362 3313 4411 ut
3332 4362 3390 4411 et

1783 4450 1891 4521 ipsi
1919 4450 1978 4504 in
2016 4448 2177 4503 nobis
2199 4464 2379 4503 unum
2407 4448 2537 4515 sint,
2571 4454 2637 4502 ut
2666 4448 2858 4502 credat
2888 4446 3132 4500 mundus
3161 4446 3296 4517 quia
3326 4450 3389 4499 tu

90 4548 165 4597 ut
184 4542 235 4595 si
258 4540 475 4611 aliquid
501 4541 560 4595 in
584 4540 671 4595 his
690 4557 812 4612 quae
839 4557 970 4595 vera
996 4546 1130 4596 sunt
1150 4541 1317 4607 nosti,
1336 4541 1500 4596 nobis
1521 4540 1870 4614 expla-Dme
1900 4538 2122 4593 misisti.
2156 4539 2222 4592 Et
2263 4555 2366 4609 ego
2404 4538 2723 4591 claritatem
2780 4552 2949 4607 quam
2997 4534 3203 4588 dedisti
3251 4534 3390 4587 mihi

91 4648 238 4687 nare
269 4646 385 4684 non
411 4630 722 4701 pigriteris.
756 4630 1030 4702 Aperiens
1060 4635 1251 4685 autem
1270 4630 1608 4700 Vigilantius
1640 4648 1703 4685 os

90 4737 291 4785 suum,
314 4724 374 4772 et
393 4719 666 4791 incipiens
692 4736 727 4773 a
747 4720 1039 4790 Scriptura
1066 4719 1195 4784 ista,
1214 4720 1611 4790 evangelizavit
1641 4720 1704 4773 il-

89 4810 166 4865 lis
197 4809 506 4865 Dominum
534 4809 563 4863 J
568 4825 727 4862 esum
771 4810 1080 4873 Christum,
1119 4808 1362 4880 qualiter
1389 4808 1459 4863 ab
1487 4809 1704 4879 origine

90 4899 303 4954 mundi
326 4898 518 4952 omnia
536 4914 638 4969 per
656 4898 841 4969 ipsum
864 4897 1011 4951 facta
1030 4903 1182 4963 sunt,
1197 4904 1255 4952 et
1274 4898 1515 4969 qualiter
1526 4898 1706 4952 homi-

91 5005 230 5044 nem
260 4987 335 5041 ad
358 4987 664 5057 imaginem
691 4992 748 5041 et
766 4986 1190 5041 similitudinem
1218 5003 1382 5041 suam
1410 4986 1623 5049 fecerit,
1649 4993 1706 5042 et

88 5079 150 5131 in
171 5075 507 5149 paradisum
523 5075 850 5130 deliciarum
866 5076 1145 5147 posuerit;
1162 5076 1509 5147 etquomodo
1530 5092 1704 5130 unam

90 5172 317 5220 costam
340 5164 539 5218 tulerit
556 5164 626 5217 de
654 5164 829 5218 latere
856 5164 1048 5234 ipsius,
1071 5169 1127 5218 et
1155 5164 1316 5218 ﬁnxit
1344 5180 1467 5218 eam
1496 5164 1556 5217 in
1586 5181 1705 5218 mu-

90 5256 324 5309 lierem:
351 5253 449 5307 sed
470 5258 527 5306 et
550 5253 828 5323 quomodo
840 5260 1070 5324 propter
1087 5258 1406 5324 serpentem
1428 5253 1609 5323 Adam
1634 5252 1705 5307 de

91 5343 364 5415 paradiso
387 5341 717 5396 deliciarum
735 5342 795 5395 in
811 5342 955 5395 hanc
967 5346 1183 5395 terram
1196 5341 1517 5396 mortalium
1537 5358 1706 5413 expu-

94 5433 181 5500 lit;
212 5439 272 5487 et
302 5431 547 5502 qualiter
561 5430 692 5495 Eva,
714 5432 848 5501 quia
867 5430 974 5502 ipsi
994 5431 1243 5502 serpenti
1267 5431 1447 5500 magis
1476 5430 1705 5485 obedire

92 5523 275 5577 voluit
301 5537 474 5593 quam
496 5520 735 5574 Domino
752 5520 875 5575 ‘Deo
890 5537 1009 5585 suo,
1026 5520 1403 5575 anxietatibus
1428 5525 1486 5574 et
1503 5520 1705 5574 dolori-

95 5610 202 5664 bus
227 5610 291 5665 in
322 5608 697 5680 parturitione
725 5613 812 5663 est
838 5609 1227 5676 condemnata;
1260 5609 1355 5663 sed
1381 5614 1440 5663 et
1462 5609 1705 5679 qualiter

96 5699 280 5754 sancti
300 5699 592 5771 prophetae
613 5702 743 5752 ante
771 5698 1017 5769 primum
1042 5699 1343 5753 adventum
1354 5696 1484 5775 Filii
1495 5698 1597 5753 Dei
1619 5714 1706 5752 ve-

1784 4628 1914 4683 dedi
1945 4629 2047 4694 eis,
2093 4633 2159 4681 ut
2184 4627 2298 4681 sint
2325 4643 2521 4693 unum,
2555 4626 2699 4680 sicut
2740 4631 2798 4679 et
2825 4641 2928 4677 nos
2958 4639 3135 4677 unum
3164 4639 3380 4679 sumus.

1786 4718 1901 4788 Ego
1950 4716 2010 4769 in
2056 4716 2155 4782 eis,
2190 4720 2248 4768 et
2282 4720 2345 4769 tu
2391 4715 2451 4769 in
2487 4731 2597 4781 me,
2648 4718 2712 4768 ut
2758 4712 2872 4767 sint
2908 4711 3282 4766 consummati
3329 4712 3387 4765 in

1785 4821 1981 4872 unum,
2005 4810 2063 4859 et
2087 4810 2388 4875 cognoscat
2414 4803 2678 4868 mundus,
2704 4802 2837 4873 quia
2856 4806 2920 4855 tu
2949 4817 3039 4855 me
3071 4800 3293 4869 misisti,
3309 4798 3390 4855 di-

1785 4894 1974 4950 lexisti
1995 4910 2108 4959 eos,
2140 4894 2287 4947 sicut
2306 4897 2364 4946 et
2388 4908 2477 4946 me
2502 4891 2763 4947 dilexisti.

1859 4985 1989 5039 CAP.
2013 4983 2214 5037 XXIII.
2233 5013 2298 5023 —
2321 4982 2452 5037 Haec
2472 4987 2529 5036 et
2551 4982 2828 5052 ampliora
2846 4981 3046 5035 horum
3071 4980 3205 5035 dum
3228 4980 3393 5050 legis-

1787 5080 1874 5129 set
1900 5078 2079 5145 pater,
2100 5072 2171 5125 ad
2191 5070 2561 5141 Vigilantium
2582 5070 2664 5125 ait
2688 5089 2700 5123 :
2726 5071 2948 5136 Precor,
2982 5068 3157 5124 frater
3183 5068 3391 5123 charis-

1786 5163 1946 5228 sime,
1965 5161 2171 5216 iterum
2191 5160 2432 5231 explana
2452 5159 2611 5214 nobis
2632 5160 2960 5229 diligentius
2980 5175 3047 5211 ea
3068 5173 3192 5228 quae
3223 5156 3388 5209 modo

1785 5251 2042 5321 legimus,
2066 5267 2132 5304 eo
2163 5249 2310 5321 quod
2340 5266 2441 5303 nos
2460 5249 2686 5319 penitus
2715 5248 2773 5302 in
2802 5249 2889 5302 his
2922 5246 3107 5301 verbis
3136 5245 3277 5300 nihil
3306 5244 3390 5298 in-

1786 5340 2112 5411 telligimus.
2165 5338 2507 5409 Vigilantius
2538 5338 2827 5408 respondit
2858 5355 2869 5389 :
2906 5336 3037 5390 Illos
3069 5351 3206 5406 quos
3253 5333 3391 5388 dicit

1786 5429 2059 5484 Dominus
2081 5430 2244 5483 Jesus
2271 5434 2464 5482 noster
2486 5445 2500 5481 :
2522 5427 2666 5491 Quia
2694 5426 2787 5497 qui
2810 5441 2899 5479 me
2927 5423 3162 5478 confessi
3180 5422 3388 5476 fuerint

1785 5536 1974 5574 coram
1993 5517 2335 5584 hominibus,
2354 5516 2662 5572 conﬁtebor
2681 5522 2739 5569 et
2758 5531 2860 5585 ego
2891 5530 2987 5568 eos
3010 5528 3198 5567 coram
3219 5512 3388 5566 Patre

1789 5624 1933 5673 meo,
1967 5607 2063 5678 qui
2095 5613 2182 5661 est
2206 5608 2263 5661 in
2294 5606 2483 5674 caelis;
2516 5605 2612 5677 qui
2643 5609 2833 5659 autem
2866 5602 3269 5673 denegaverint
3297 5618 3387 5656 me

1793 5712 1984 5751 coram
2013 5696 2353 5763 hominibus,
2376 5693 2665 5765 denegabo
2685 5710 2781 5748 eos
2803 5697 2859 5748 et
2887 5709 2990 5764 ego
3009 5707 3197 5747 coram
3222 5693 3389 5747 Patre
