3878 6398
475 371 576 427 Ml

1496 377 1589 434 DE
1625 376 1812 436 VITIS
1852 374 2146 440 PATRUM
2183 380 2396 441 LIBER
2433 375 2720 439 PRIMUS.

3651 369 3748 429 412

473 511 619 564 meo,
652 498 746 568 qui
777 503 859 551 est
888 499 945 552 in
973 499 1154 566 eisiis;
1189 513 1290 555 nos
1315 512 1508 558 sumus
1529 503 1624 576 qui
1657 503 1713 560 in
1736 521 1863 563 eum
1883 507 2061 564 credi-
2081 510 2318 584 Aipsius
2349 509 2453 564 iste
2483 513 2586 562 est.
2617 499 2954 576 Vigilantius
2982 498 3304 574 respondit:
3332 496 3557 554 Verum
3580 493 3746 552 Pater

474 598 620 650 mus,
648 594 704 640 et
735 587 788 640 in
821 588 1046 642 nomine
1075 595 1266 644 sancto
1297 593 1419 662 eine
1444 609 1752 665 speramus.
1783 601 1972 666 ῃπη
2006 599 2064 654 Si

474 689 608 744 ergo
627 677 1108 748 evenerittempus
1138 682 1622 750 persecutionis,et
1643 686 1887 740 dixerint
1907 687 2064 742 nobis

472 761 750 834 principes
781 765 950 836 hujus
979 769 1165 822 szeculi
1201 787 1212 822 :
1247 771 1536 842 Abnegate
1585 770 1764 829 Deum
1794 780 2060 844 vestrum,

473 854 531 905 et
543 851 772 906 adorato
793 854 1080 910 nobiscum
1101 853 1267 925 idola,
1289 861 1384 930 qui
1406 864 1538 915 sunt
1557 863 1749 933 magni
1765 863 1843 918 dii
1863 865 2061 932 nostri,

473 939 570 1010 qui
599 946 657 993 et
681 942 944 996 universa
963 945 1238 1014 fecerunt;
1271 947 1318 1002 si
1345 949 1426 1004 eis
1454 967 1566 1005 non
1591 953 2060 1021 consenserimus,

473 1029 558 1082 Vel
583 1046 707 1099 quae
724 1031 998 1100 jusserint
1009 1049 1118 1088 non
1139 1031 1557 1105 fecerimus,sed
1581 1056 1680 1112 pro
1696 1043 1922 1096 nomine
1944 1041 2065 1112 ejus

468 1121 841 1188 tyrannorum
860 1122 1041 1177 minas
1059 1131 1453 1198 tormentaque
1477 1129 1768 1184 toleraveri
1779 1149 1920 1195 mus,
1939 1149 2065 1187 con-

470 1205 632 1261 tinuo
662 1215 720 1262 et
745 1210 865 1280 ipse
895 1211 953 1265 in
983 1213 1080 1266 illa
1103 1227 1207 1268 sua
1233 1213 1378 1271 felici
1409 1219 1656 1288 regione,
1689 1237 1876 1275 coram
1900 1218 2067 1277 Patre

473 1299 532 1348 et
551 1312 740 1349 coram
767 1301 975 1353 sanctis
995 1303 1112 1356 suis
1135 1305 1350 1374 angelis
1366 1305 1720 1364 conﬁtebitur
1743 1325 1864 1376 nos,
1886 1307 1940 1364 id
1961 1317 2064 1378 est,

475 1383 704 1452 amicos,
739 1392 798 1439 et
845 1388 1084 1444 nimium
1135 1393 1332 1448 charos
1363 1395 1469 1450 sibi
1506 1395 1807 1452 constituet
1835 1417 1954 1454 nos.
1989 1401 2069 1456 De

477 1488 718 1541 quorum
768 1489 1001 1531 numero
1031 1481 1243 1535 exstitit
1270 1495 1418 1537 nunc
1450 1484 1543 1538 ille
1570 1491 1754 1540 vester
1782 1489 1981 1544 unicus
2013 1497 2070 1544 et

477 1559 713 1648 nimium
742 1572 968 1619 sanctus
995 1569 1211 1623 Astion.
1237 1572 1381 1626 Nam
1411 1575 1542 1627 ante
1573 1576 1675 1629 hos
1705 1577 2071 1648 paucissimos

478 1647 618 1714 dies,
651 1651 760 1705 dux
802 1655 1096 1724 provinciae
1135 1659 1296 1714 istius
1327 1647 1718 1726 Latronianus,
1752 1667 1885 1722 dum
1917 1681 2069 1722 com-

479 1738 711 1807 pelleret
731 1757 859 1796 eum
889 1750 952 1798 ut
981 1745 1285 1817 abnegaret
1311 1751 1503 1806 Jesum
1535 1753 1842 1822 Christum,
1878 1773 2068 1812 verum

2148 602 2269 670 ejus
2288 601 2379 654 ille
2409 607 2512 664 est,
2547 597 2641 668 qui
2667 601 2724 649 et
2760 593 3047 657 Dominus,
3077 605 3202 646 cum
3234 605 3343 661 quo
3366 600 3523 642 nunc
3553 585 3742 641 demo-

2145 695 2322 752 ratur,
2347 689 2442 758 qui
2463 691 2519 740 et
2536 691 2695 740 tanta
2719 683 2865 738 bona
2883 683 2934 737 ei
2961 682 3016 735 in
3038 679 3228 735 futura
3245 676 3604 732 beatitudine
3625 689 3747 729 con-

2147 777 2374 830 donavit
2423 773 2491 830 Et
2521 775 2624 829 iste
2647 786 2776 827 vero
2802 768 3056 826 mortalis
3086 769 3188 834 est,
3223 771 3278 822 et
3307 767 3583 821 mortales
3606 759 3746 818 ﬁlios

2148 863 2344 932 habet;
2369 865 2426 919 et
2451 863 2585 920 dum
2603 867 2832 935 putatur
2846 861 3012 925 stare,
3033 853 3219 913 subito
3243 854 3424 922 cadit;
3451 853 3594 908 dum
3617 848 3747 907 dicit

2147 967 2206 1008 se
2235 954 2436 1019 vivere,
2486 955 2716 1023 repente
2747 950 3005 1014 moritur,
3039 959 3104 1001 eo
3133 945 3281 1017 quod
3311 957 3416 998 nec
3445 942 3556 996 iste
3585 939 3743 996 illum

2145 1043 2370 1096 Patrem
2400 1053 2592 1095 verum
2621 1039 2890 1110 agnoscit,
2923 1051 3089 1108 quem
3117 1033 3211 1088 ille
3255 1031 3507 1104 agnovit,
3538 1031 3613 1085 de
3638 1041 3742 1102 quo

2146 1131 2414 1204 scriptum
2439 1136 2556 1184 est:
2584 1125 2752 1184 Pater
2777 1131 2986 1190 noster,
3014 1125 3108 1197 qui
3129 1137 3188 1178 es
3211 1119 3268 1177 in
3297 1121 3468 1188 caelis,
3498 1115 3743 1174 sanctifi-

2148 1221 2306 1276 cetur
2328 1233 2532 1275 nomen
2560 1223 2742 1274 tuum.

2222 1311 2352 1364 Car.
2383 1307 2548 1363 XXV.
2583 1339 2639 1348 —
2674 1305 2853 1376 Igitur
2881 1317 3011 1360 cum
3041 1317 3142 1375 per
3167 1313 3339 1356 unam
3368 1295 3744 1370 septimanam

2150 1399 2298 1454 inter
2326 1417 2384 1452 se
2405 1395 2758 1468 disputarem
2786 1401 2844 1449 et
2863 1391 3070 1449 Christi
3092 1385 3368 1444 mirabilia
3395 1385 3654 1442 dicerent
3680 1381 3747 1438 ad

2149 1489 2384 1542 invicem
2407 1493 2464 1541 et
2481 1481 2719 1540 libenter
2736 1484 3014 1547 audirent,
3029 1476 3318 1536 Dominica
3340 1477 3431 1532 die
3450 1471 3751 1531 adveniena

2153 1583 2226 1643 te,
2260 1573 2425 1630 ambo
2447 1575 2658 1646 pariter
2682 1569 3042 1626 crediderunt
3059 1569 3117 1623 in
3147 1567 3455 1622 Christum.
3483 1563 3642 1629 Quos
3669 1579 3751 1616 as-

2152 1679 2377 1719 sumens
2397 1662 2754 1734 Vigilantius,
2774 1657 3037 1732 perduxit
3056 1657 3126 1712 ad
3146 1657 3447 1729 quemdam
3461 1651 3753 1726 presbyte-

2153 1769 2280 1808 rum
2311 1759 2587 1818 sanctum,
2623 1752 2847 1806 nomine
2879 1749 3182 1814 Bonosum,
3215 1746 3309 1816 qui
3341 1739 3752 1816 persecutionis

477 1825 637 1880 illum
655 1846 820 1898 quem
853 1848 952 1886 nos
980 1836 1217 1891 dicimus
1246 1839 1642 1909 imperatorem
1673 1845 1974 1912 ccelestem,
2008 1853 2072 1900 ut
2093 1832 2501 1897 Batrocitatem
2523 1841 2793 1906 devitans,
2831 1839 2887 1892 in
2917 1837 3158 1910 quodam
3187 1840 3400 1889 secreto
3428 1831 3550 1887 loco
3571 1827 3753 1883 occul-

477 1918 819 1973 consentiret
845 1922 966 1991 ejus
997 1926 1270 1982 voluntati
1293 1933 1352 1982 et
1372 1930 1717 1987 daemonibus
1737 1934 2072 1990 famulatum

477 2003 778 2074 exhiberet,
801 2009 896 2064 ille
923 2013 1076 2067 nullo
1103 2015 1268 2070 modo
1297 2020 1654 2089 acquiescens
1673 2019 1922 2092 jussibus
1951 2026 2072 2095 ejus

477 2109 694 2182 parere,
727 2097 887 2152 fortis
923 2100 980 2154 in
1029 2101 1138 2156 ilde
1166 2117 1286 2168 sua,
1320 2113 1375 2159 et
1403 2107 1640 2163 nimium
1677 2112 2072 2182 magnanimus

478 2181 742 2239 adversus
771 2203 837 2240 ea
866 2202 988 2259 quae
1017 2191 1122 2245 sibi
1170 2194 1572 2264 ingerebantur
1598 2181 1923 2264 mala,rcum
1965 2202 2074 2256 alio

479 2273 722 2371 quodam
736 2278 1036 2371 venerabili
1057 2293 1188 2335 sene
1209 2284 1546 2349 Christiano,
1559 2285 1806 2358 Epicteto
1824 2287 2070 2358 nomine,

476 2361 722 2430 perstitit
739 2380 916 2435 usque
937 2367 994 2420 in
1014 2370 1186 2424 finem
1209 2372 1512 2427 immobilis
1533 2375 1590 2428 in
1619 2393 1720 2430 sua
1737 2383 1930 2432 sancta
1947 2395 2075 2433 con-

477 2449 735 2504 fessione.
773 2454 888 2508 lioc
925 2455 1151 2512 intuens
1179 2461 1303 2529 ejus
1344 2463 1650 2533 imperator
1679 2463 1774 2519 ille
1812 2465 2070 2530 scelestis,

481 2542 539 2590 et
565 2539 722 2592 valde
750 2542 1036 2599 admirans
1065 2547 1138 2601 de
1167 2548 1552 2605 beneVOlentia
1581 2559 1638 2606 et
1665 2553 1882 2610 sincera
1903 2553 2074 2628 ipsius

479 2641 615 2693 erga
641 2643 700 2680 se
729 2629 1044 2698 dilectione,
1076 2636 1304 2691 mittens
1333 2655 1462 2693 suos
1493 2642 1798 2708 ministros,
1832 2644 1936 2698 hoc
1968 2649 2070 2712 est,

481 2713 798 2811 salutiferas
818 2721 1066 2789 angelos,
1082 2739 1208 2778 cum
1231 2727 1443 2796 ingenti
1465 2747 1592 2784 eum
1615 2731 1824 2786 honore
1845 2734 1902 2788 in
1919 2735 2071 2788 illam

481 2801 764 2900 civitatem
784 2806 877 2900 ubi
906 2809 1024 2879 ipse
1048 2813 1374 2870 demoratur
1393 2821 1718 2890 assumpsit,
1749 2827 1813 2876 ut
1836 2821 1914 2876 illi
1937 2839 2074 2894 prie-

481 2894 598 2983 mia
628 2894 988 2964 sempiterna,
1018 2915 1120 2969 pro
1151 2919 1217 2956 eo
1245 2906 1395 2974 quod
1421 2907 1655 2962 viriliter
1673 2909 1867 2965 contra
1898 2909 2073 2983 ipsius

482 2978 832 3078 adversarios
862 2985 1178 3044 decertatus
1209 2993 1282 3046 sit
1308 2995 1668 3051 condonaret.
1703 2995 1771 3053 Et
1799 2978 1938 3054 ideo.
1957 3008 2073 3056 tam

479 3068 700 3161 nationi
717 3080 898 3128 vestro
921 3087 1094 3147 quam
1119 3082 1240 3150 ejus
1262 3081 1556 3150 similibus,
1575 3093 1845 3158 aptantur
1865 3103 1932 3144 ea
1951 3107 2074 3161 qua:

2153 1931 2209 1986 te
2237 1931 2494 2002 degebat.
2528 1931 2634 1994 Qui
2662 1945 2828 1983 orans
2858 1943 2958 1999 pro
2987 1925 3068 1980 eis
3105 1923 3465 1988 sufficienter,
3499 1923 3557 1974 et
3597 1919 3753 1972 cate-

2153 2017 2374 2075 chizans
2403 2037 2498 2073 eos
2536 2020 2730 2072 eadem
2761 2015 2900 2071 hora
2928 2015 3357 2069 catechumenos
3386 2007 3536 2064 fecit.
3569 2004 3754 2077 Igitur

2155 2123 2280 2164 cum
2309 2107 2437 2162 inde
2459 2109 2668 2178 egressi
2689 2105 2943 2170 fuissent,
2977 2109 3265 2175 coeperunt
3291 2099 3478 2155 dicere
3500 2098 3575 2152 ad
3595 2094 3754 2166 Vigi-

2155 2195 2394 2250 lantium
2427 2213 2438 2250 ε
2473 2195 2610 2250 Ecce
2648 2191 3076 2265 adimplevimus
3113 2207 3178 2245 ea
3207 2203 3330 2262 qua:
3367 2187 3427 2242 in
3459 2183 3608 2240 libro
3656 2183 3754 2240 illo

2156 2299 2320 2356 quem
2351 2283 2510 2339 nobis
2539 2280 2744 2338 dedisti
2769 2283 3164 2337 continentur:
3196 2279 3321 2332 Veni
3346 2276 3534 2340 modo,
3557 2273 3617 2327 et
3635 2274 3755 2328 the-

2155 2387 2386 2428 saurum
2413 2371 2572 2427 illum
2598 2371 2829 2426 ostende
2849 2368 3026 2436 nobis,
3056 2381 3221 2441 quem
3236 2364 3434 2422 Astion
3454 2365 3672 2428 noster,
3695 2365 3756 2416 ut

2155 2464 2273 2534 ipse
2303 2458 2616 2528 afﬂrmasti,
2643 2458 2745 2514 tibi
2787 2455 3214 2514 commendavit.
3249 2453 3318 2510 Et
3353 2451 3700 2524 Vigilantius
3740 2467 3752 2502 :

2159 2548 2471 2622 Sequimini
2499 2565 2608 2616 me,
2641 2566 2743 2619 ego
2773 2563 2904 2604 eum
2931 2545 3087 2601 vobis
3118 2547 3238 2599 sine
3262 2555 3422 2598 mora
3441 2539 3640 2612 aliqua
3666 2538 3757 2593 de-

2156 2639 2496 2695 monstrabo.
2519 2634 2627 2693 Sed
2647 2637 2874 2693 interim
2904 2649 3034 2691 eum
3056 2632 3234 2690 habeo
3254 2625 3673 2694 absconditum,
3701 2633 3752 2682 et

2154 2730 2360 2794 nescio,
2392 2727 2438 2783 si
2469 2727 2632 2782 modo
2662 2743 2890 2800 possum
2920 2739 3048 2779 eum
3080 2721 3210 2778 inde
3249 2721 3471 2792 ejicere.
3505 2715 3676 2789 Ergo,
3709 2714 3758 2770 si

2154 2818 2307 2871 vobis
2332 2819 2531 2888 placet,
2565 2818 2633 2870 de
2661 2815 2918 2870 noctibus
2947 2825 3144 2868 eamus
3167 2809 3236 2866 ad
3259 2807 3464 2874 locum,
3491 2813 3549 2862 et
3578 2819 3758 2878 usque

2155 2904 2225 2961 ad
2263 2902 2444 2960 lucem
2468 2903 2673 2959 ibidem
2703 2916 3132 2977 permaneamus
3171 2903 3488 2972 cperantes,
3520 2895 3760 2950 forsitan

2157 2993 2463 3067 poterimUS
2484 3009 2612 3048 eum
2636 2991 2903 3058 invenire,
2935 3005 3000 3045 eo
3032 2987 3179 3062 quod
3209 2986 3344 3042 satis
3362 2984 3524 3041 illum
3552 2982 3616 3040 in
3636 2999 3760 3056 pro-

2156 3083 2327 3138 fundo
2366 3083 2647 3138 abscondi.
2697 3085 2764 3138 Et
2802 3097 2929 3136 cum
2959 3080 3040 3134 sol
3070 3075 3422 3142 declinasset,
3455 3085 3757 3129 assumens

478 3155 666 3256 legisti
703 3171 1055 3256 sacramenta
1085 3183 1099 3223 :
1135 3170 1209 3225 Ut
1236 3185 1450 3234 omnes,
1483 3155 1683 3247 inquit,
1716 3192 1892 3233 unum
1940 3155 2072 3244 sint,
2090 3191 2132 3256 ο
2157 3189 2250 3228 eos
2277 3171 2634 3243 Vigilantius,
2663 3161 2813 3226 foras
2841 3169 3122 3224 civitatem
3149 3181 3278 3221 cum
3305 3162 3415 3220 illis
3441 3159 3756 3235 egreditur.

478 3251 624 3301 sicut
649 3253 727 3348 tu.
740 3251 910 3348 Pater
932 3255 990 3308 in
1023 3269 1129 3348 me,
1165 3267 1221 3314 et
1242 3277 1345 3331 ego
1372 3263 1428 3316 in
1459 3269 1546 3332 te;
1589 3269 1646 3319 et
1675 3263 1780 3338 ipsi
1826 3268 1884 3322 in
1915 3264 2074 3322 nobis
2097 3251 2131 3256 v
2157 3263 2226 3317 Et
2253 3261 2640 3334 pervenientes
2668 3261 2738 3315 ad
2768 3258 3086 3332 sepulcrum
3115 3262 3457 3320 sanctorum,
3492 3253 3762 3308 admonet

479 3347 656 3437 unum
683 3340 822 3437 sint,
845 3348 910 3396 ut
927 3347 1120 3401 credat
1147 3350 1390 3405 mundus
1411 3352 1543 3424 quia
1563 3360 1623 3408 tu
1648 3371 1737 3409 me
1763 3355 1998 3419 misisti;
2021 3361 2078 3411 et
2159 3365 2253 3405 eos
2293 3361 2484 3405 secum
2529 3355 2707 3404 totam
2750 3350 2972 3403 noctem
3001 3345 3059 3401 in
3107 3342 3452 3400 orationibus
3505 3340 3758 3412 vigilare.

479 3435 583 3491 ego
612 3425 920 3484 claritatem
951 3445 1120 3503 quam
1149 3437 1349 3492 dedisti
1380 3440 1516 3494 mihi
1535 3437 1670 3495 dedi
1708 3440 1838 3508 illis,
1875 3450 1940 3498 ut
1965 3441 2078 3499 sint
2160 3441 2412 3511 Cumque
2437 3439 2556 3511 jam
2589 3453 2793 3493 aurora
2819 3435 3162 3500 ascenderet,
3189 3439 3244 3488 et
3271 3431 3458 3486 lucere
3486 3429 3762 3502 inciperet

479 3523 677 3576 unum,
711 3516 865 3616 sicut
889 3533 946 3573 et
972 3534 1072 3576 nos
1109 3535 1283 3580 unum
1323 3540 1534 3583 sumus.
1581 3528 1710 3584 Ideo
1758 3533 2074 3603 quicunque

480 3612 793 3658 meruerint
817 3623 937 3662 esse
976 3612 1045 3665 de
1077 3629 1308 3669 numero
1341 3617 1591 3673 Aetionis
1620 3620 1808 3686 vestri,
1840 3638 1872 3674 ο
1902 3623 2073 3676 hono-

478 3688 668 3780 rabilis
692 3699 870 3763 pater,
902 3699 1204 3756 Salveteris
1231 3707 1408 3760 nostri
1439 3713 1716 3780 martyres
1735 3705 2068 3764 vocitantur.

551 3779 680 3834 Car.
707 3783 900 3839 xxxv.
925 3811 991 3827 μ
1014 3789 1084 3843 Et
1107 3797 1286 3846 mater
1307 3795 1376 3848 ad
1399 3794 1516 3850 haec
1539 3811 1550 3850 ε
1577 3779 1678 3862 Ne,
1696 3798 1898 3868 inquit,
1923 3809 2074 3852 mor-

477 3870 612 3958 tuus
637 3876 742 3937 est,
767 3879 824 3927 et
847 3888 958 3930 non
985 3879 1068 3931 vis
1105 3881 1263 3935 nobis
1293 3882 1474 3938 facere
1504 3885 1860 3941 manifestum
1881 3883 2074 3958 ?Vigi-

477 3954 689 4011 lautius
723 3965 1048 4032 respondit:
1091 3961 1296 4024 Meitui
1345 3989 1447 4026 nos
1477 3985 1691 4038 sumus,
1725 3975 1820 4046 qui
1863 3976 1921 4029 in
1969 3954 2073 4030 hac

479 4047 704 4100 mortali
732 4063 900 4104 carne
927 4053 1201 4123 degimus,
1237 4067 1295 4113 et
1322 4060 1378 4114 in
1401 4063 1504 4115 hoc
1530 4061 1730 4117 saaculo
1760 4079 1920 4130 vano,
1953 4062 2075 4119 abs-

482 4145 591 4231 que
608 4137 995 4231 notitianostri
1015 4143 1238 4200 factoris
1259 4149 1495 4203 existere
1506 4147 1928 4207 videmur.Nam
1945 4167 2075 4208 vera

480 4221 688 4320 vita‘ibi
711 4229 822 4320 est,
837 4233 894 4320 et
918 4245 1081 4285 verus
1109 4231 1264 4288 cibus
1284 4243 1560 4308 potusque
1579 4239 1787 4296 ibidem
1811 4239 2068 4306 habetur,

478 4323 545 4362 ac
839 4317 960 4372 sine
982 4322 1110 4388 line,
1141 4323 1230 4378 his
1251 4326 1346 4396 qui
1371 4333 1700 4384 meruerunt
1717 4347 1842 4385 eam
1861 4331 2072 4404 accipe-

2156 3529 2293 3593 dics,
2327 3545 2451 3582 ecce
2493 3529 2684 3582 vident
2721 3526 2906 3581 subito
2948 3525 3095 3578 circa
3131 3539 3190 3577 se
3242 3523 3432 3576 lumen
3469 3518 3758 3574 remisisse

2153 3617 2512 3682 immensum,
2541 3633 2606 3670 ac
2633 3613 2874 3670 nimium
2901 3610 3192 3668 suavitatis
3223 3609 3451 3666 odorem
3477 3607 3758 3678 fragrare,

2157 3712 2488 3778 sanctosque
2509 3711 2806 3776 martyres,
2830 3703 2922 3775 qui
2939 3705 3058 3775 jam
3080 3697 3445 3765 dormierant,
3479 3699 3538 3751 in
3565 3708 3755 3767 corpo-

2157 3809 2216 3850 re
2240 3798 2402 3866 juxta
2429 3811 2489 3849 se
2517 3795 2842 3858 consistere,
2876 3805 2940 3846 ac
2981 3788 3284 3845 Dominum
3322 3797 3513 3841 secum
3546 3785 3758 3839 collau-

2156 3879 2309 3939 dare.
2341 3881 2496 3939 Tunc
2542 3883 2770 3938 sanctus
2815 3880 3011 3936 Astion
3057 3879 3278 3933 irruens
3309 3876 3367 3930 in
3399 3874 3752 3946 amplexibus

2156 3967 2354 4027 matris
2379 3972 2568 4038 ’διιεῖ
2588 3984 2720 4037 suae,
2737 3971 2905 4041 ccepit
2933 3967 3170 4022 osculari
3199 3964 3540 4031 eam,dioens
3568 3975 3579 4016 :
3604 3963 3751 4018 Bene

2155 4061 2428 4116 advenisti
2444 4075 2508 4114 ex
2527 4060 2774 4115 Orientis
2798 4057 3068 4130 partibus,
3089 4071 3122 4110 ο
3141 4053 3414 4125 discipula
3439 4052 3674 4117 Christi,
3693 4054 3747 4104 et

2155 4166 2283 4204 mea
2302 4157 2484 4204 mater
2507 4143 2836 4204 Marcelline.
2870 4145 3145 4202 Similiter
3163 4149 3220 4197 et
3249 4141 3611 4196 beatissimus
3630 4140 3750 4211 Epi-

2153 4243 2334 4294 ctetus
2375 4238 2726 4311 apprehenso
2765 4236 2948 4307 capite
2996 4233 3094 4287 viri
3127 4235 3268 4303 ejus,
3317 4229 3744 4285 exosculabatur

2153 4337 2302 4396 eum,
2320 4327 2540 4382 (licens:
2572 4327 2785 4380 Laetare
2805 4323 3129 4388 inDomino,
3162 4335 3195 4374 ο
3220 4317 3543 4374 dulcissime
3572 4317 3743 4371 ﬁ‘ater

480 4413 573 4498 re
607 4399 682 4454 ibi
703 4409 790 4457 est
811 4405 911 4498 ubi
939 4425 1162 4481 semper
1189 4414 1582 4472 immortalitas
1609 4423 1824 4491 regnat.
1856 4428 1912 4474 et
1942 4399 2068 4492 per-
2090 4417 2482 4498 DAiexander,
2499 4429 2565 4469 eo
2587 4415 2733 4486 quod
2763 4411 2966 4484 dignus
2994 4410 3220 4465 habitus
3245 4423 3304 4462 es
3333 4409 3392 4462 in
3419 4419 3664 4462 numero
3687 4407 3746 4459 ii-

478 4492 653 4586 petua
679 4495 886 4586 gaudia
911 4509 1350 4560 commorantur.
1361 4501 1517 4560 Tunc
1545 4515 1754 4562 mater:
1779 4507 2068 4576 Volebam,

478 4579 680 4665 inquit,
699 4584 864 4638 modo
889 4600 1020 4641 eum
1037 4589 1224 4644 videre
1243 4592 1302 4646 in
1325 4593 1421 4648 illa
1445 4595 1626 4665 gloria
1651 4599 2067 4652 consistentem.

481 4664 727 4768 Demens
769 4687 1084 4768 agnoscere
1133 4697 1222 4734 me
1265 4664 1486 4752 habeat,
1521 4699 1586 4740 eo
1641 4685 1787 4757 quod
1833 4687 2074 4758 genitrix

481 4757 604 4852 gius
641 4757 843 4852 fuerim
881 4765 1219 4836 aliquando?
1246 4773 1360 4826 Aut
1402 4773 1544 4828 forte
1583 4775 1641 4829 in
1677 4757 2073 4831 tantorhonore

426 4918 436 4926 '
482 4840 689 4898 ibidem
717 4851 952 4918 positus,
972 4862 1036 4910 ut
1058 4857 1215 4925 dicis,
1241 4861 1406 4915 modo
1433 4863 1708 4934 inspicere
1731 4867 2070 4931 contemnet,

481 4945 548 4983 ϐο
579 4935 1228 5034 filled—pilichritudinem
1257 4951 1368 5005 mei
1391 4951 1594 5018 vultus,
1625 4953 1811 5026 ipsum
1831 4949 2073 5022 lugendo

483 5024 687 5078 amisi?
706 5028 776 5082 Et
795 5030 1160 5102 Vigilantius:
1195 5039 1252 5092 Si
1283 5040 1479 5095 feceris
1501 5024 1692 5112 itaque
1717 5057 1841 5111 quae
1869 5040 2076 5112 scripta

480 5118 614 5167 sunt
633 5113 691 5168 in
723 5117 826 5172 hoc
845 5119 1003 5190 libro,
1027 5141 1196 5194 quem
1219 5125 1357 5182 mihi
1377 5129 1678 5201 dereliquit
1705 5128 1930 5182 sanctus
1952 5128 2076 5200 Epi-

483 5210 664 5262 ctetus
693 5215 750 5264 et
775 5212 992 5280 Astion,
1025 5219 1082 5268 et
1109 5217 1412 5272 credideris
1445 5235 1508 5272 ex
1549 5220 1667 5272 toto
1695 5219 1862 5272 corde
1898 5217 1957 5272 in
1987 5219 2075 5273 Je-

483 5308 604 5350 sum
623 5299 907 5355 Christum
925 5319 1114 5373 regem
1137 5305 1332 5376 ipsius,
1355 5306 1412 5360 in
1431 5320 1597 5378 quem
1621 5311 1678 5360 et
1695 5303 1801 5360 iste
1815 5307 2068 5373 credidit,

480 5387 691 5454 poteris
729 5400 857 5444 eum
887 5392 1095 5447 videre.
1124 5394 1222 5448 Sin
1253 5405 1382 5449 vero
1412 5392 1658 5448 nolueris
1685 5396 1928 5461 credere,
1962 5393 2070 5450 im—

479 5473 740 5543 possibile
787 5486 872 5532 est
902 5487 971 5534 ut
1002 5488 1063 5535 tu
1091 5483 1251 5534 illum
1289 5481 1494 5547 videas,
1531 5483 1617 5536 vel
1642 5487 1879 5537 matrem
1911 5495 2070 5539 suam

483 5563 732 5618 nominet
758 5568 1079 5638 aliquando,
1113 5583 1178 5623 eo
1221 5570 1380 5640 quod.
1407 5571 1696 5626 incredula
1723 5571 1982 5628 exstitisti
2013 5572 2069 5627 in

483 5647 761 5708 mandatis
781 5656 965 5713 Patris
983 5657 1180 5728 ipsius.
1203 5659 1273 5714 Et
1293 5664 1474 5715 mater
1493 5679 1503 5712 :
1520 5662 1676 5727 Ecce,
1699 5661 1898 5733 inquit,
1913 5667 2073 5734 pater

2153 4507 2364 4560 delium
2393 4503 2670 4576 deputari,
2693 4510 2750 4558 et
2769 4513 3071 4574 perennem
3099 4497 3508 4553 beatitudinem
3527 4507 3746 4566 prome-

2153 4595 2284 4648 reri.
2317 4593 2425 4648 Sed
2455 4598 2510 4647 et
2539 4593 2608 4646 ad
2639 4591 3004 4662 Vigilantiam
3035 4589 3297 4644 dixerunt
3327 4604 3338 4640 :
3373 4585 3572 4640 Gaude
3601 4590 3662 4638 et
3688 4588 3748 4637 tu

2123 4675 2213 4738 'in
2250 4681 2508 4748 Domino,
2553 4697 2586 4736 ο
2621 4681 2941 4735 dulcissime
2973 4679 3146 4733 frater
3176 4675 3463 4748 Vigilanti,
3497 4687 3565 4728 eo
3599 4671 3747 4744 quod

2155 4773 2357 4843 dignus
2387 4771 2614 4825 eiicctus
2641 4786 2701 4824 es
2724 4777 2788 4824 ut
2812 4768 3112 4840 impleatur
3130 4767 3188 4820 in
3207 4769 3283 4829 te,
3306 4764 3454 4835 quod
3475 4760 3748 4834 scriptum

2157 4865 2276 4915 est:
2305 4861 2448 4925 Quia
2478 4859 2572 4930 qui
2601 4857 2846 4913 converti
2873 4857 3067 4912 fecerit
3094 4861 3441 4928 peccatorem
3465 4851 3536 4906 ab
3557 4861 3750 4905 errore

2155 4949 2253 5004 vim
2283 4961 2415 5014 suae,
2446 4947 2683 5004 salvabit
2711 4945 2960 5001 animam
3007 4946 3129 5016 ejus
3157 4957 3194 4998 a
3222 4947 3420 5008 morte,
3461 4943 3522 4995 et
3567 4940 3751 5012 operit

2155 5037 2573 5092 multitudinem
2587 5043 2961 5109 peccatorum.

2228 5126 2818 5180 CAP.XXVI.-Tunc
2847 5125 3073 5179 sanctus
3103 5119 3300 5178 Astion
3319 5123 3425 5174 hoc
3455 5119 3628 5174 modo
3648 5133 3750 5172 cm-

2156 5216 2242 5298 pit
2275 5215 2460 5269 dicere
2490 5213 2560 5269 ad
2591 5219 2829 5270 matnem
2865 5229 2876 5267 :
2922 5213 2967 5268 0
3007 5205 3329 5298 dulcissima
3365 5227 3429 5264 ac
3455 5209 3750 5264 benedicta

2156 5296 2384 5359 domina
2411 5318 2538 5358 mea
2570 5307 2767 5370 mater,
2803 5300 2896 5357 illa
2937 5303 3126 5356 omnia
3153 5315 3274 5372 quae
3303 5296 3361 5353 in
3391 5303 3748 5352 sacrosancto

2153 5393 2450 5463 Evangelio
2479 5389 2687 5447 Christi
2717 5391 2938 5446 Domini
2987 5387 3160 5444 nostri
3197 5387 3406 5458 scripta
3433 5389 3592 5455 sunt,
3621 5400 3748 5440 vera

2152 5489 2284 5538 sunt
2313 5489 2370 5536 et
2388 5483 2568 5538 firma.
2594 5480 2819 5536 Festina
2843 5493 2974 5551 ergo
3004 5495 3072 5534 ea
3095 5481 3219 5534 sine
3249 5492 3406 5532 mora
3436 5477 3632 5548 aliqua
3657 5476 3749 5530 ad-

2151 5570 2404 5642 implere,
2439 5577 2501 5625 ut
2528 5589 2594 5625 ea
2620 5583 2742 5642 quia
2778 5567 2891 5624 illic
2925 5567 3132 5640 scripta
3161 5571 3293 5623 sunt
3319 5567 3587 5638 consequi
3619 5577 3746 5637 pro—

2154 5661 2442 5714 merearis.
2475 5659 2655 5730 Igitur
2690 5657 3004 5732 portionem
3038 5655 3176 5712 mihi
3208 5657 3276 5711 de
3303 5656 3401 5711 tua
3431 5651 3748 5711 substantia
