3878 6392
137 352 251 415 413

398 357 568 414 VITA
605 360 1052 421 SANCTORUM
1089 363 1415 426 EPICTETI
1453 351 1900 433 pensantem
1936 364 2026 431 nr
2064 358 2395 432 .‘xs'rioms
2433 371 2787 430 noxiam.
2830 370 3168 429 NOTATIO.

3314 369 3417 427 414

137 479 550 573 θωξίεθηέθων
578 501 679 556 P“0
715 500 844 542 mea
860 491 1056 562 mquie
1079 491 1122 562 (ί
1136 493 1183 564 1)
1203 509 1268 548 ac
1289 499 1386 564 tua
1403 497 1586 553 salum
1605 515 1739 571 pau-
1755 504 1798 562 Α
1829 496 2069 572 Bonoso,
2094 499 2163 558 ad
2184 518 2316 557 eum
2328 500 2730 573 perduxerunt,
2755 499 3208 572 exponentesque
3221 489 3302 551 illi
3321 512 3424 568 per

141 570 372 639 peribus
399 572 582 628 divide
631 591 696 628 ac
741 576 1034 647 distribue,
1076 587 1141 636 ut
1184 584 1265 638 sic
1303 589 1572 643 merearis
1609 570 1740 644 cum

135 658 376 729 justitim
403 678 609 717 corona
633 670 690 718 et
728 665 890 721 bonis
919 669 1181 740 cperibus
1226 673 1488 730 decorata
1523 679 1594 732 ad
1641 695 1742 733 nos

139 750 456 818 pervenire.
489 751 559 806 Et
577 758 793 810 mater:
830 757 998 824 Bene,
1032 759 1234 830 inquit,
1267 763 1493 820 haberis
1521 783 1555 820 a
1589 764 1742 838 Rege

139 842 264 928 tuo,
280 855 381 928 seu
405 856 441 893 a
467 840 839 899 familiaribus
873 848 1016 916 ejus,
1035 849 1356 907 dulcissime
1377 853 1484 908 fili?
1497 855 1743 928 Respon-

141 927 231 979 dit
257 927 482 982 Astion:
515 931 580 984 In
617 936 841 987 tantum
879 936 1021 1006 dego
1053 937 1214 1006 bene,
1255 946 1322 994 ut
1365 927 1616 1013 qualiter
1641 944 1742 1000 tibi

141 1031 426 1086 exponam
464 1019 728 1088 nesciam;
752 1023 932 1077 ﬁlium
954 1042 1197 1098 namque
1209 1045 1374 1084 suum
1394 1032 1666 1088 Dominus
1678 1052 1743 1088 ac

141 1104 297 1159 Deus
323 1107 532 1174 noster,
565 1125 632 1162 ex
657 1121 818 1166 servo
838 1126 942 1184 per
956 1129 1114 1170 suam
1135 1117 1378 1186 gratiam
1404 1135 1494 1174 me
1515 1119 1743 1192 adepta.

139 1195 242 1293 vit,
277 1194 334 1248 in
364 1195 587 1251 civitate
609 1215 710 1252 sua
741 1201 1089 1258 mansionem
1108 1206 1247 1260 mihi
1271 1208 1483 1276 tribuit,
1505 1211 1562 1264 in
1584 1215 1740 1284 pala-

143 1286 225 1336 tio
259 1300 360 1338 suo
389 1286 632 1341 militare
650 1305 740 1342 me
769 1290 916 1358 fecit,
948 1293 1096 1348 inter
1123 1303 1412 1351 senatores
1443 1300 1744 1355 maximam

141 1372 477 1442 dignitatem
514 1376 649 1430 mihi
679 1379 1031 1447 condonavit,
1067 1386 1311 1454 paradisi
1360 1390 1747 1446 amoenitatem

142 1461 289 1515 mihi
319 1463 389 1516 ad
419 1463 648 1519 delicias
680 1467 933 1524 tradidit.
968 1468 1078 1526 Sed
1112 1477 1168 1527 et
1194 1473 1440 1530 ministri
1463 1479 1586 1548 ejus
1613 1485 1742 1534 tam

142 1565 318 1638 quam
346 1551 415 1604 de
453 1553 569 1606 suis
607 1570 696 1608 me
726 1556 932 1612 habere
960 1560 1176 1631 dignati
1209 1575 1361 1631 sunt,
1392 1582 1458 1620 ac
1475 1567 1739 1638 diligunt.

141 1637 327 1709 Pergo
345 1657 588 1712 namque
609 1659 734 1697 cum
754 1646 835 1700 eis
855 1665 957 1718 per
986 1648 1238 1720 singulos
1266 1653 1386 1708 dies
1415 1655 1483 1709 ad
1507 1637 1743 1712 visitan-

141 1726 282 1780 dum
299 1727 566 1796 infirmos,
586 1732 656 1786 ad
669 1733 1000 1790 elevandum
1017 1739 1200 1805 elisos,
1226 1741 1296 1794 ad
1311 1743 1742 1800 illuminandum

1824 593 2081 648 ordinem
2115 598 2318 648 cuncta
2347 606 2470 662 quae
2499 595 2626 645 acta
2665 590 2922 655 fuissent,
2959 587 3237 658 rogabant
3272 591 3338 641 ut
3363 587 3423 640 in

1823 699 2060 737 numero
2083 683 2338 736 ﬁdelium
2366 697 2461 734 eos
2481 680 2704 734 Christo
2721 682 3092 732 consecraret.
3123 677 3199 731 At
3223 676 3318 730 ille
3338 675 3422 729 ni-

1824 772 2003 826 mium
2021 771 2246 843 gavisus
2275 771 2332 824 in
2371 769 2631 834 Domino,
2656 784 2950 822 assumens
2987 783 3102 833 eos,
3159 766 3218 820 et
3254 781 3422 819 orans

1823 879 1926 932 pro
1955 861 2035 914 eis
2064 861 2425 926 sufficienter,
2449 861 2860 912 sacramentum
2882 855 3146 927 baptismi
3167 853 3418 908 tradidit.

1826 949 1896 1004 Et
1920 951 2175 1004 exultans
2195 965 2323 1004 cum
2353 949 2433 1002 eis
2449 965 2550 1018 per
2560 947 2680 1002 dies
2701 951 2845 1013 octo,
2869 945 2929 1000 in
2948 945 3118 999 aliam
3137 943 3420 998 civitatem

1828 1057 1950 1110 qua:
1979 1039 2037 1092 in
2060 1038 2309 1110 proximo
2343 1036 2602 1103 habetur,
2635 1035 2920 1089 remeavit.
2958 1036 3211 1104 Cumque
3239 1047 3422 1086 sacer-

1825 1129 1926 1182 dos
1954 1125 2178 1182 Domini
2212 1127 2342 1182 inde
2369 1131 2692 1190 remeasset,
2715 1125 2907 1178 taliter
2939 1123 3011 1177 ad
3049 1120 3420 1192 Vigilantiam

1824 1217 2144 1271 Alexander
2181 1223 2240 1270 et
2288 1215 2612 1269 Marcelline
2649 1213 2833 1267 dicere
2871 1216 3164 1282 coeperunt
3197 1227 3210 1262 :
3243 1209 3422 1264 Multa

1826 1305 2102 1361 beneﬁcia
2126 1312 2227 1359 tua
2255 1321 2391 1374 erga
2429 1321 2532 1358 nos
2569 1302 2867 1366 habentur,
2902 1317 2934 1354 ο
2979 1298 3341 1353 dilectissime
3369 1303 3426 1350 et

1827 1396 2063 1451 nimium
2085 1394 2246 1448 nobis
2271 1393 2531 1448 amabilis
2550 1391 2743 1456 frater,
2775 1407 2841 1445 eo
2863 1389 3012 1460 quod
3043 1405 3138 1459 per
3162 1393 3319 1441 tuam
3339 1403 3424 1440 sa-

1825 1483 2106 1539 lutiferam
2136 1483 2451 1538 doctrinam
2475 1481 2679 1552 jngum
2725 1471 2933 1534 diaboli
2964 1477 3273 1531 meruimus
3299 1491 3424 1529 eva-

1827 1575 1978 1641 dere,
2011 1580 2069 1630 et
2093 1574 2166 1628 ad
2186 1571 2395 1627 Christi
2422 1569 2728 1626 Salvatoris
2752 1568 2933 1623 nostri
2954 1565 3216 1621 notitiam
3235 1580 3426 1636 perve-

1826 1663 1966 1718 nire.
2001 1661 2288 1734 Siquidem
2311 1660 2480 1715 nimis
2493 1659 2684 1713 existis
2705 1659 2760 1712 in
2779 1657 3056 1728 sapientia
3071 1655 3350 1726 gloriosus
3365 1653 3423 1708 in

1826 1758 2018 1806 sancta
2046 1750 2295 1813 ecclesia,
2327 1749 2626 1822 prznclarus
2668 1747 2724 1802 in
2751 1746 3020 1800 doctrinae
3049 1743 3264 1816 gratia;
3292 1759 3423 1814 per-

141 1831 339 1884 αθεοε,
391 1819 463 1871 ad
511 1820 838 1877 salvandllm
895 1827 1274 1896 Pel‘iClitanteS
1339 1832 1397 1885 in
1448 1834 1612 1900 mari,
1671 1827 2028 1896 adBfectam
2081 1839 2294 1894 habens
2329 1819 2693 1892 dilectionem
2739 1851 2875 1906 erga
2915 1833 3094 1888 sancti
3137 1831 3426 1902 Evangelii

141 1908 582 2000 θξΡυὲηδίῖἀυξη
613 1919 810 1981 gentes
841 1913 1107 1971 barbaras
1135 1920 1455 1988 ΡΓεεῙίειῐιῐθδ
1476 1923 1534 1976 in
1565 1929 1739 1988 terra,
1823 1931 2176 2000 religionem,
2200 1934 2258 1982 et
2281 1927 2522 1981 nimium
2549 1941 2799 1980 amorem
2816 1925 2873 1978 in
2890 1922 3317 1995 peregrinorum
3333 1933 3428 1974 su-

143 1993 216 2048 ad
243 1996 650 2090 consolandum
669 2009 918 2068 maestos.
951 2006 1024 2059 ad
1038 2007 1454 2064 defendendum
1469 2011 1744 2082 impoten-

1843 2019 2126 2090 sceptione,
2160 2017 2595 2072 inenarrabilem
2606 1993 3053 2070 benevolentiam
3075 2011 3222 2064 circa
3239 2009 3424 2080 impo-

141 2089 252 2150 tes,
277 2091 447 2156 atque
477 2087 803 2158 etfugandos
830 2093 1112 2151 daemones
1129 2097 1201 2152 de
1227 2098 1470 2154 obsessis
1500 2101 1744 2172 corpori-

145 2172 272 2239 bus,
321 2173 380 2227 in
409 2176 638 2232 nomine
669 2179 894 2236 Domini
914 2185 1090 2239 nostri
1119 2187 1252 2240 Jesu
1273 2188 1502 2242 Christi.
1551 2189 1660 2244 Sed
1688 2196 1744 2244 et

144 2261 400 2331 quotidie
411 2264 480 2318 de
493 2264 646 2320 vobis
659 2268 797 2323 mihi
816 2273 980 2341 praeci
987 2275 1164 2344 piunt,
1188 2276 1456 2332 dicentes:
1487 2278 1746 2333 Admone

143 2355 367 2421 patrem
383 2357 546 2408 tuum
559 2361 614 2408 et
625 2363 861 2412 matrem
870 2367 956 2427 ,ut
965 2363 1035 2416 ad
1057 2363 1173 2419 haec
1185 2367 1517 2436 perveniant
1529 2367 1668 2421 loca.
1678 2369 1747 2422 Et

147 2447 348 2494 mater:
369 2442 696 2512 Agnoscunt
724 2447 914 2519 itaque
934 2467 1054 2516 nos,
1072 2454 1152 2507 fili
1173 2455 1274 2508 mi?
1298 2455 1606 2526 Respondit
1623 2472 1748 2510 san-

145 2529 556 2598 ctusAstion,et
567 2533 794 2591 dixit-Ni
803 2539 971 2594 mium
990 2559 1080 2595 vos
1092 2542 1332 2613 diligunt
1345 2550 1401 2598 et
1413 2551 1744 2615 agnoscunt,

146 2619 380 2673 domina
398 2626 597 2674 mater:
614 2629 834 2681 tantum
846 2629 894 2682 si
911 2637 1095 2684 vestra
1113 2633 1370 2688 voluntas
1389 2643 1747 2704 estagnosce-

146 2724 209 2761 re
225 2727 341 2777 eos,
367 2719 431 2767 ut
445 2715 514 2768 ad
529 2713 681 2770 illam
711 2717 1114 2774 beatitudinem
1133 2721 1254 2774 sine
1293 2723 1483 2793 aliqua
1520 2723 1744 2778 dubita-

151 2796 298 2852 tione
327 2805 554 2871 possitis
571 2809 878 2876 pervenire.
895 2809 964 2863 Et
986 2816 1184 2876 mater,
1209 2828 1322 2882 prae
1348 2812 1524 2866 nimio
1541 2813 1748 2882 gaudio

149 2887 356 2944 feriens
365 2900 559 2962 pectus
567 2897 1002 2964 suum,dicebat:
1020 2900 1194 2954 Putas
1209 2901 1545 2972 quandoque
1559 2902 1750 2956 infelix

149 2985 208 3032 et
230 2979 439 3035 misera
467 2983 598 3037 illuc
619 2987 968 3056 perveniam?
991 2989 1058 3042 Et
1075 2988 1432 3044 beatissimus
1447 2991 1645 3045 Astion
1664 3008 1749 3046 re.

151 3069 412 3140 spondit:
444 3071 504 3126 Si
543 3073 846 3128 credideris
880 3077 1122 3146 perfecte
1151 3079 1211 3133 in
1239 3079 1432 3134 Jesum
1461 3079 1747 3134 Cbristum

1824 2111 2063 2165 tentium
2079 2107 2481 2174 defensionem,
2514 2121 2613 2162 seu
2641 2107 2995 2160 inﬁrmorum
3019 2099 3419 2165 visitationem;

1825 2200 2044 2254 fervens
2055 2198 2186 2252 fidei
2207 2199 2392 2252 calore
2409 2211 2544 2267 erga
2557 2195 2836 2250 idolorum
2859 2191 3316 2254 destructionem,
3335 2174 3422 2241 vel

1826 2291 2148 2343 sanctorum
2178 2292 2493 2358 martyrum
2527 2300 2798 2350 amorem;
2825 2299 2889 2336 ac
2901 2280 3209 2336 secundum
3229 2278 3314 2332 tui
3325 2289 3422 2331 no-

1826 2377 1995 2432 minis
2023 2383 2458 2441 sacramentum,
2481 2375 2720 2444 vigilans
2744 2371 2932 2427 existis
2942 2371 3001 2424 in
3020 2367 3234 2424 cunctis
3261 2366 3423 2420 bonis

1828 2466 2088 2538 operibus
2117 2470 2348 2536 propter
2367 2465 2467 2518 Dei
2497 2477 2766 2518 amorem.
2802 2461 2984 2532 Igitur
2999 2458 3142 2512 nihil
3161 2456 3314 2510 aliud
3335 2458 3424 2508 est

1829 2558 1898 2610 de
1925 2559 1981 2610 te
2011 2554 2510 2626 pronuntiandum,
2545 2551 2653 2606 nisi
2683 2565 2749 2606 eo
2774 2550 2923 2622 quod
2941 2563 3090 2602 unus
3104 2560 3169 2601 ex
3207 2541 3423 2599 intimis

1827 2646 1927 2700 Dei
1950 2645 2144 2698 amicis
2164 2639 2406 2697 haberis.
2442 2643 2510 2696 Et
2529 2643 2646 2696 haec
2674 2641 2940 2704 dicentes,
2963 2645 3080 2692 tam
3101 2648 3230 2690 eum
3251 2644 3424 2704 quam

1827 2738 2084 2789 sanctum
2115 2750 2178 2787 ac
2204 2731 2578 2786 venerabilem
2606 2729 2998 2801 presbyterum
3025 2727 3308 2780 Bonosum
3326 2717 3426 2775 du-

1827 2829 2018 2878 centes
2047 2836 2237 2877 secum
2251 2823 2321 2876 ad
2343 2821 2627 2892 prepriam
2644 2819 2946 2883 civitatem,
2975 2815 3182 2870 hilares
3212 2813 3419 2876 animo,

1829 2921 1887 2968 et
1912 2913 2140 2984 perfecti
2181 2912 2237 2965 in
2284 2911 2522 2965 Domino
2557 2912 2922 2974 remearunt;
2968 2910 3138 2976 atque
3166 2903 3426 2956 universa

1829 3003 1976 3057 bona
1985 3017 2088 3056 sua
2097 2999 2390 3071 egentibus
2409 2997 2826 3064 distribuentes,
2842 2992 3425 3066 gloriﬁcabantDeum

1831 3093 2059 3146 Patrem
2071 3090 2536 3160 omnipotentem,
2555 3087 2651 3158 qui
2674 3101 2769 3141 eos
2795 3086 2865 3139 de
2888 3083 3135 3138 tenebris
3151 3081 3222 3136 ad
3237 3079 3425 3150 cogar

152 3156 459 3248 Dominum
489 3177 552 3216 ac
581 3163 760 3218 Deum
777 3171 1052 3232 "omum,
1077 3168 1552 3238 (ἰυθωθιάωοάυῐη
1574 3169 1749 3222 οτθάί·
1765 3151 1811 3212 δ
1830 3181 2000 3236 tionis
2027 3193 2142 3234 suae
2167 3151 2359 3232 lumen
2381 3151 2684 3248 perducere
2711 3175 2977 3244 dignatus
3006 3175 3109 3226 est.

151 3247 238 3301 dit
263 3249 603 3319 Vigilantius
627 3295 641 3318 ,
675 3257 843 3324 atque
871 3255 1064 3310 omnia
1089 3255 1238 3310 bona
1265 3262 1366 3311 tua
1395 3257 1750 3312 distribueris

150 3339 556 3409 indigentibus,
581 3342 699 3398 sine
726 3343 897 3399 dubio
919 3351 978 3399 et
1003 3347 1188 3403 vivere
1221 3351 1278 3402 et
1308 3347 1559 3401 exultare
1579 3345 1752 3401 habes

151 3444 378 3484 mecum
399 3431 458 3484 in
486 3431 601 3489 illa.
626 3433 686 3487 in
707 3450 818 3504 qua
837 3440 894 3488 et
922 3452 1025 3505 ego
1044 3435 1206 3506 dego,
1225 3436 1580 3490 beatitudine
1608 3452 1751 3490 sem-

153 3517 396 3588 piterna.
429 3519 685 3592 Cumque
706 3522 794 3576 his
823 3530 880 3578 et
908 3524 1297 3595 hujuscemodi
1316 3525 1502 3582 verbis
1523 3525 1750 3580 athletae

153 3607 365 3661 Christi
385 3608 644 3665 instructi
669 3621 873 3678 essent,
896 3620 1248 3668 recesserunt
1275 3614 1344 3668 ab
1365 3615 1463 3668 eis.

231 3697 361 3750 CAP.
393 3692 615 3755 XXVII.
644 3729 706 3738 —
733 3702 914 3772 Igitur
940 3720 1068 3758 cum
1087 3703 1516 3774 quadragesima
1538 3703 1751 3758 dormi-

153 3787 330 3840 tionis
377 3805 568 3844 eorum
617 3788 736 3844 dies
785 3792 1093 3859 illuxisset,
1153 3800 1212 3848 et
1251 3794 1460 3848 Christi
1507 3791 1752 3864 pontifex

154 3877 520 3948 Evangelicus
543 3879 602 3933 in
623 3879 819 3934 urbem
845 3882 1307 3938 Almiridensium
1327 3883 1752 3938 devenisset.as-

153 3981 388 4022 sumens
415 3983 510 4022 eos
535 3967 874 4039 Vigilantius
913 3987 1027 4026 una
1045 3989 1175 4027 cum
1196 3978 1390 4029 sancto
1424 3971 1752 4044 presbytero

1903 3271 2265 3324 Pertulerunt
2274 3271 2464 3322 autem
2480 3264 2813 3336 martyrium
2826 3261 3005 3316 sancti
3017 3265 3186 3330 atque
3201 3249 3426 3312 athletae

1831 3359 2060 3425 Christi,
2097 3357 2379 3428 Epictetus
2409 3353 2704 3427 presbyter
2735 3359 2795 3406 et
2812 3351 3006 3406 Astion
3029 3347 3337 3403 monachus
3365 3345 3426 3399 in

1833 3447 2297 3503 Almiridensium
2323 3445 2763 3510 civitate,octava
2787 3441 2877 3494 die
2891 3439 3097 3493 mensis
3116 3435 3270 3500 Julii,
3287 3440 3429 3489 tem-

1832 3538 2060 3610 poribus
2098 3534 2428 3591 Diocletiani
2469 3531 2714 3604 tyranni,
2747 3523 2852 3584 sub
2893 3525 3034 3583 duce
3062 3525 3426 3582 Latroniano.

1835 3627 2154 3682 Secundum
2185 3641 2286 3678 nos
2317 3639 2466 3689 vero,
2499 3624 2773 3691 regnante
2805 3619 2862 3672 in
2881 3618 3034 3672 caelis
3052 3618 3183 3671 Jesu
3205 3611 3429 3670 Christo

1833 3716 2124 3772 Salvatore
2154 3721 2364 3778 nostro,
2413 3727 2580 3782 quem
2606 3710 2765 3764 decet
2809 3707 2990 3778 gloria
3017 3709 3076 3759 et
3129 3702 3430 3774 imperium

1833 3822 1949 3860 una
1977 3820 2104 3858 cum
2134 3803 2300 3857 Patre
2327 3807 2384 3856 et
2413 3800 2626 3871 Spiritu
2656 3803 2868 3862 sancto,
2900 3797 2958 3850 in
2986 3791 3430 3849 sseculasaaculo-

1831 3909 1978 3948 rum.
2009 3895 2207 3948 Amen.

1380 4095 1798 4162 ROSWEYDI
1837 4089 2208 4155 NOTATIO.

233 4201 421 4266 224
451 4202 520 4268 (1)
550 4199 782 4270 Epicteti
791 4207 1098 4273 presbyteri
1117 4213 1162 4259 et
1187 4208 1426 4260 Astionis
1451 4203 1750 4273 monachi.]

159 4269 395 4354 Illorum
431 4269 754 4354 sanctorum
785 4269 981 4329 nullibl
1011 4277 1068 4330 in
1109 4273 1326 4354 tabulis
1353 4269 1752 4354 Ecclesizisticis

160 4345 504 4396 mentionem
523 4345 766 4418 invenio,
787 4354 1160 4418 praeterquam
1192 4349 1246 4402 in
1268 4349 1517 4402 Florario
1535 4351 1756 4402 sancto-

1873 4197 2090 4254 uzedam
2113 4187 2572 4251 tamenvidentur
2586 4187 2930 4248 Diocletiano
2950 4187 3285 4260 posteriores
3294 4175 3433 4260 ._Un-

1875 4289 1903 4324 e
1924 4270 2282 4343 colligeretur
2309 4263 2830 4343 assumentumuhic
2855 4255 3081 4343 aliquod
3111 4257 3428 4343 accessisse.

1909 4341 1983 4410 (i)
2019 4327 2482 4410 quz'ntiqtmtuor
2503 4335 2684 4404 libri.]
2701 4333 2869 4388 Varie
2887 4327 3020 4410 olim
3043 4327 3432 4410 numerusini-

160 4429 292 4506 gum
341 4430 592 4468 manuscx
605 4399 766 4486 ipto,'
788 4399 893 4472 labi
939 4399 1027 4472 itii
1066 4399 1328 4474 habetur
1341 4399 1384 4474 "8'
1401 4399 1554 4474 vlulii
1567 4399 1660 4472 iaci
1689 4399 1755 4472 In
1781 4446 1822 4506 υ
1839 4399 1930 4468 tus
1957 4399 2569 4506 sacrox'Jum'librorum;
2598 4399 2699 4477 pro
2729 4419 2841 4476 qua
2861 4404 3131 4458 varietate
3161 4403 3314 4455 locus
3341 4399 3433 4453 hic

212 4491 712 4506 _._-_L__n-__-A,,_4,,,,
739 4505 780 4506 W,
863 4496 872 4506 ι
1063 4492 1102 4506 τἾ
1147 4492 1157 4502 ο
1201 4491 1234 4506 ι·
1276 4491 1286 4501 ⁸
1351 4497 1360 4506 Α
1401 4493 1415 4506 Δ
1469 4491 1502 4506 ι’
1589 4490 1599 4501 '
1840 4485 1951 4506 :__L_
2001 4484 2121 4506 ξίφη..
2169 4500 2233 4506 --.-
2258 4487 2337 4506 ιιι-ι

159 4483 393 4566 Qpiente
404 4483 724 4566 sanctqrum
738 4496 1047 4566 martyrum
1062 4491 1291 4566 Epictici
1313 4497 1369 4566 et
1387 4490 1634 4546 Astionis
1655 4506 1756 4560 pro

159 4555 403 4637 Christo
417 4556 836 4637 interfectorum
857 4555 961 4637 sub
977 4555 1321 4637 Diocletiano
1337 4561 1496 4637 imp.,
1517 4555 1756 4632 quorum

156 4629 234 4704 mi
243 4629 290 4704 ri
322 4632 484 4704 actus
503 4630 876 4704 etpassioncs
891 4631 1172 4702 leguntur.
1199 4629 1354 4687 Passi
1368 4629 1437 4686 su
1439 4639 1500 4686 nt
1513 4629 1658 4686 anno
1672 4649 1758 4704 sa-

156 4697 293 4781 lutis
322 4698 448 4781 “290.
495 4719 522 4752 ι)
562 4697 874 4781 Ῑὶἰθιιιηάἱεβ
902 4697 1232 4781 assignatyr
1258 4703 1328 4781 in‘
1356 4703 1755 4781 Martyrologio

155 4769 402 4824 Usuardi
448 4777 612 4825 aucto
642 4789 677 4825 a
713 4769 1101 4832 Carthusianis
1139 4769 1562 4830 Coloniensibus
1607 4769 1756 4828 anno

156 4838 319 4928 l5‘72l.
355 4841 431 4928 lix
452 4841 564 4928 hac
586 4844 930 4928 autem‘V‘ita
961 4847 1097 4899 citat
1113 4847 1431 4928 exemplum
1457 4846 1756 4928 Speculum

153 4911 816 4987 exemploArum.disti_nct.
835 4915 1031 4987 8,_qum
1045 4920 1208 4970 estex
1228 4911 1370 4987 Vitis
1398 4911 1749 4982 Sanctorum,

152 4982 376 5065 exemp.
399 4982 492 5065 2-1.ἶ
507 4985 783 5065 _quod__hic
809 4982 1052 5065 habetur
1071 5005 1193 5058 cap.
1229 4985 1314 5044 il.

226 5055 414 5124 Hujus
427 5055 570 5110 Vita:
581 5057 796 5130 nullum
814 5059 1097 5130 exemplar
1107 5055 1546 5130 nianuscriptum
1560 5057 1750 5130 habui,

151 5131 364 5196 praeter
378 5141 556 5208 unum
577 5144 640 5181 ex
660 5129 898 5208 ecclesia
915 5129 1101 5186 Sancti
1115 5129 1419 5208 salvatoris
1446 5129 1752 5200 Ultrajecti,

151 5213 184 5249 a
213 5199 887 5273 recenti_manu.N_ullum
918 5218 1139 5273 quoque
1167 5201 1522 5273 impressum,
1556 5199 1759 5273 praeter

153 5283 334 5322 unum
354 5268 684 5324 Coloniense
701 5270 757 5324 in
779 5268 1200 5326 Vitis—Patrum.

153 5339 341 5393 tiones
375 5339 480 5392 hac
506 5340 638 5393 Vita
666 5348 876 5396 carent.

225 5409 318 5484 (f2l_
343 5413 673 5465 Diocletiani
695 5416 1088 5481 profam'ssimi
1133 5416 1532 5484 imperatoria]
1565 5415 1758 5469 Editus

153 5481 430 5556 addebat:
453 5485 554 5550 qui
579 5489 831 5556 regnavit
850 5489 999 5539 circa
1015 5501 1191 5540 annos
1211 5481 1442 5540 Domini
1469 5481 1586 5549 190,
1611 5487 1758 5556 quod

132 5547 317 5628 ‘deest
346 5547 744 5628 maniispripto,
781 5561 838 5609 et
873 5557 1038 5628 plane
1061 5574 1328 5628 erroneus
1359 5564 1445 5612 est
1464 5547 1751 5628 numerus.

339 5623 496 5706 Ege]
517 5623 664 5706 Quae.
677 5623 1272 5706 sequuntunusquead
1296 5627 1422 5682 Ecce
1452 5627 1757 5706 deerantin

156 5695 327 5770 edito.
363 5695 632 5770 Quaedam
651 5695 977 5770 exAnarratis
994 5695 1244 5770 historiis
1273 5699 1612 5770 conveniunt
1639 5699 1758 5770 qui-

155 5766 286 5820 dem
316 5765 665 5838 temporibus
719 5768 1086 5836 Diocletiani,
1119 5771 1178 5824 et
1223 5787 1286 5824 eo
1317 5765 1698 5840 superioribus
1741 5789 1751 5836 ;

1278 5290 1369 5326 am
1392 5271 1620 5344 reliquae
1635 5271 1758 5327 edi-
1785 5297 1808 5314 ι

1839 4483 2234 4554 intelligendus
2256 4487 2360 4534 est.

1913 4553 1979 4623 (ὃ)
2014 4539 2483 4623 71ιηιίνίίίίιηειίωη
2513 4545 2838 4623 cz‘pilqtegz.]
2875 4541 3114 4623 Scythiae
3148 4539 3432 4596 civitatem

1839 4613 1980 4694 esse,
2002 4625 2135 4678 Vita
2160 4621 2528 4694 haecpirndicat.
2562 4613 2701 4672 Vide
2729 4613 3019 4694 Qnoinzist.

1911 4681 1986 4762 (63
2013 4691 2298 4762 Galileis.)
2315 4693 2403 4746 Ita
2431 4691 2563 4745 olim
2586 4689 2765 4762 vocati
2785 4681 3102 4742 Christiani.
3127 4683 3426 4750 Lucianus,

1838 4768 1898 4821 in
1920 4759 2226 4836 PhiIOpatr.
2260 4759 2400 4817 Vide
2420 4759 2844 4836 onomasticon.

1912 4835 1986 4904 (7)
2021 4823 2837 4913 LcitronianiﬁurB.1Scythiae
2848 4830 2950 4883 hoc
2963 4834 3215 4899 tempore
3226 4827 3337 4909 dux
3347 4823 3434 4908 vel

1838 4893 2042 5033 prrbées
2073 4905 2180 4961 fuit
2209 4905 2314 4960 iste
2360 4893 2756 4959 Latronianiis.
2789 4899 2870 4956 De
2900 4917 3009 4972 quo
3048 4893 3216 4972 porro
3245 4893 3433 4970 inqui-

1838 4995 1938 5033 ren
1979 4995 2093 5033 um.

1838 4995 2012 5034 renuu
2021 4995 2072 5032 m
2083 5021 2093 5032 .

1915 5039 1982 5117 (Β)
2019 5046 2506 5116 Vinculatorimn..]
2531 5047 2824 5117 Carcerem
2852 5041 3133 5112 intelligit.
3151 5041 3242 5096 Sic
3255 5039 3434 5117 Graeci

1840 5115 2039 5176 vocant
2059 5121 2444 5199 ςῗεσιθωτοιὶριςιν9
2483 5117 2633 5188 quod
2687 5116 2766 5171 ibi
2819 5119 3027 5192 δεσμῶν
3079 5115 3435 5167 vinculorum

1839 5219 2019 5257 coma.

1907 5220 2420 5339 FilloErangrlicusJ
2453 5264 2864 5339 Diversissima
2895 5255 3231 5339 Scytharum
3258 5261 3432 5339 natio.

1841 5332 2082 5408 Quidam
2111 5332 2241 5396 ante
2262 5332 2520 5411 tempora
2539 5337 2889 5411 Diocletiani,
2910 5332 3138 5406 quidam
3162 5335 3288 5411 post
3307 5345 3438 5411 conf

1843 5403 2003 5472 versi.
2021 5415 2048 5469 J
2054 5429 2142 5468 am
2163 5403 2399 5484 Scythae-
2411 5410 2583 5484 aliqui
2606 5409 2676 5463 ad
2695 5403 2980 5484 Christum
2996 5403 3244 5484 conversi
3275 5403 3439 5484 erant

1840 5493 2096 5558 tempore
2117 5476 2465 5558 Tertulliani,
2501 5476 2566 5558 ut
2591 5483 2810 5558 constat
2829 5476 3213 5558 ex-librpejus
3239 5476 3437 5558 adver-

1841 5575 1936 5611 sus
1963 5545 2206 5621 ludaaos,
2229 5573 2348 5626 cap.
2385 5557 2412 5610 7
2437 5560 2494 5608 et
2521 5553 2579 5608 8.
2611 5554 2728 5626 Imo
2761 5555 2988 5626 sanctus
3019 5547 3332 5626 Philippus
3359 5545 3440 5600 di-

1839 5629 1985 5682 citur
2015 5617 2253 5698 Scythiae
2279 5617 2449 5680 iidem
2483 5624 2762 5698 intulisse,
2801 5627 2864 5674 ut
2893 5619 3062 5698 habet
3098 5617 3437 5698 breviarium

1839 5689 2216 5771 Romanu'mJ
2238 5698 2390 5771 Maii;
2405 5702 2470 5766 ut
2490 5713 2610 5771 non
2631 5691 2942 5771 mirpmsit
2969 5691 3282 5771 imperante
3303 5689 3436 5746 Dio-

1841 5765 2080 5826 cletiano
2113 5763 2506 5838 Evangelicum
2535 5767 2705 5822 fuisse
2727 5763 2964 5836 Scythiae
2985 5763 3328 5834 episcopum.
