3878 6452
420 351 527 411 415
1441 355 1537 411 DE
1573 356 1762 412 VITIS
1798 355 2096 413 prmum
2133 354 2349 412 LIBER
2383 334 2674 410 PRIMUS.
3597 356 3704 412 415

493 475 604 548 (10)
637 476 878 544 Ερὶὸαιδ
902 475 922 547 ]
952 475 1039 531 Ita
1071 476 1256 530 Hirtio
1286 475 1568 548 dicuntur,
1602 477 1698 548 qui
1728 477 2017 534 navalibus
2034 491 2080 548 Α
2091 479 2207 548 jori
2223 477 2482 531 videlicet
2499 476 2683 548 gloria
2702 476 3052 532 accidentali.
3080 478 3224 534 Nam
3247 480 3455 535 scitum
3477 479 3622 535 illud
3642 498 3706 536 ex

423 547 609 622 operis
643 563 716 622 aes
747 552 985 602 merent.
1020 547 1123 601 Hic
1147 553 1338 622 nauta:
1360 547 1769 622 intelliguntur.
2036 547 2071 548 ﬂ
2097 547 2401 622 Augustini
2430 565 2598 622 serm.
2621 547 2692 605 ‘2'2
2712 548 2782 602 de
2796 548 2976 602 verbis
2999 551 3193 620 Apost.
3224 571 3248 603 α
3269 552 3555 622 Injuriam
3576 552 3706 609 facit

495 618 610 688 (11)
646 620 749 672 Pro
782 635 904 672 mea
929 617 1332 691 rcquie.]Sane
1360 619 1476 672 haec
1505 617 1884 692 intellige,pro
1905 637 2020 675 ma-
2104 617 2358 692 martyri,
2397 620 2491 692 qui
2519 624 2645 673 orat
2681 637 2781 691 pro
2809 617 3078 692 martyre.
3106 640 3131 673 1)

1856 919 2142 969 OCTOBBIS
2200 919 2378 966 XXIII.

532 1075 942 1209 VITA
1058 1077 1696 1211 SANCTI
1812 1078 2578 1211 MACARII
2701 1076 3420 1212 ROMANI
3517 1069 3605 1148 (ί)

1793 1282 2065 1358 SERVI
2123 1282 2316 1373 DEI,

900 1443 1099 1558 QUI
1162 1441 1732 1538 INVENTUS
1795 1441 1994 1535 EST
2055 1438 2426 1536 JUXTA
2489 1439 3202 1552 PARADISUM,

1052 1597 1554 1662 AUCTORIBUS
1596 1593 2079 1670 THEOPHILO,
2127 1593 2435 1671 SERGIO,
2486 1592 2590 1656 ET
2633 1596 2926 1657 HYGINO
2969 1594 3076 1676 (2).

499 1840 681 1893 CAPUT
702 1851 926 1894 animus.
943 1838 1206 1893 —Gloria
1233 1843 1289 1892 et
1317 1836 1736 1907 magnificentia
1766 1837 1881 1891 Deo
1913 1835 2018 1890 soli
2038 1832 2084 1891 B
2102 1832 2314 1888 Deinde
2334 1841 2606 1890 exeuntes
2635 1836 2694 1890 in
2713 1835 3314 1903 Bethlebem,vidimus
3343 1843 3402 1892 et
3432 1837 3710 1892 salutavi-

427 1926 843 1997 benignissimo,
889 1927 985 1999 qui
1013 1945 1114 1998 per
1159 1926 1592 1982 innumerabilia
1622 1925 2019 1980 miraculorum
2103 1940 2228 1979 mus
2260 1930 2515 1980 sanctum
2545 1943 2809 1998 praesepe,
2833 1926 2929 1980 ubi
2956 1927 3215 1981 Christus
3249 1927 3406 1981 nasci
3439 1927 3708 1998 dignatus

425 2017 680 2087 exempla
702 2032 805 2071 nos
833 2017 1052 2088 tepidos
1088 2021 1146 2071 et
1167 2016 1428 2087 indignos
1458 2015 1707 2087 quotidie
1725 2015 1926 2069 invitat
1948 2013 2020 2068 ad
2102 2025 2204 2080 est,
2230 2020 2287 2068 et
2315 2013 2408 2068 ubi
2427 2015 2592 2068 stella
2620 2031 2814 2084 magos
2826 2015 3308 2082 adduxit,Christo
3351 2033 3598 2070 munera
3619 2017 3709 2070 de-

425 2104 604 2160 beataa
634 2105 760 2160 vitae
809 2106 1049 2160 caelestis
1075 2106 1299 2176 gaudia.
1351 2105 1466 2159 Nos
1515 2105 1705 2175 itaque
1743 2103 1932 2157 miseri
1965 2107 2022 2157 et

423 2194 667 2268 humiles
704 2195 964 2249 monachi
1007 2195 1367 2266 Theophilus,
1401 2193 1630 2263 Sergius
1657 2198 1716 2246 et
1743 2192 2015 2264 Hyginus,

425 2284 794 2355 deprecamur
819 2301 920 2338 vos
945 2299 1140 2338 omnes
1178 2282 1560 2338 sanctissimos
1599 2287 1788 2353 patres
1825 2288 1882 2335 et
1912 2281 2019 2334 fra-

423 2377 558 2440 tres,
582 2379 647 2428 ut
658 2373 1090 2428 accommodatis
1109 2389 1272 2427 aures
1284 2372 1390 2438 his,
1416 2389 1538 2442 quae
1562 2371 1716 2426 vobis
1737 2369 2021 2424 narraturi

425 2479 620 2517 sumus
642 2463 712 2516 de
741 2463 854 2518 vita
881 2468 938 2517 et
973 2461 1393 2516 conversatione
1421 2460 1758 2515 sanctissimi
1788 2458 2021 2514 Macarii

425 2551 687 2616 Romani,
718 2549 813 2620 qui
833 2550 1092 2620 apparuit
1119 2549 1281 2620 nobis
1311 2565 1482 2620 pr0pe
1501 2548 1829 2619 paradisum
1857 2547 1928 2602 ad
1947 2547 2024 2600 vi-

424 2639 570 2710 ginti
592 2618 968 2692 milliaria—Iit
996 2639 1100 2692 hoc
1120 2618 1698 2707 rogamusJutiﬁdem
1729 2635 1892 2690 dictis
1920 2635 2022 2689 ad-

2101 2102 2344 2157 ferentes
2369 2121 2381 2166 ;
2410 2111 2468 2158 et
2499 2103 2740 2158 vidimus
2772 2105 2955 2158 locum
2975 2104 3295 2160 mirabilem
3325 2104 3424 2159 ubi
3473 2106 3710 2176 angelus

2100 2207 2227 2245 cum
2259 2192 2619 2246 multitudine
2637 2193 2912 2247 exercitus
2935 2193 3443 2264 caalestis,gloriam
3475 2194 3539 2248 in
3560 2195 3712 2248 altis-

2099 2281 2258 2334 simis
2285 2281 2400 2336 Deo
2427 2281 2679 2347 canebat,
2701 2282 2795 2353 qui
2825 2283 2979 2337 locus
2998 2282 3070 2336 ad
3099 2283 3210 2337 duo
3241 2283 3514 2337 milliaria
3543 2283 3711 2354 longe

2107 2384 2143 2422 a
2169 2369 2498 2424 Bethlehem
2527 2370 2668 2424 situs
2707 2375 2810 2424 est.
2846 2372 2910 2425 In
2937 2377 3184 2426 montem
3238 2387 3463 2442 quoque
3502 2371 3710 2426 Oliveti

2105 2458 2476 2524 ascendimus,
2510 2464 2567 2512 et
2596 2459 2653 2513 in
2675 2461 2794 2530 ipso
2824 2460 2944 2514 loco
2980 2467 3173 2514 sancto
3201 2460 3585 2527 adoravimus,
3612 2461 3708 2515 ubi

2104 2547 2362 2602 Christus
2393 2547 2628 2618 pedibus
2666 2548 2840 2613 stetit,
2882 2548 3106 2618 quando
3143 2549 3396 2603 elevatus
3435 2555 3544 2615 est,
3581 2556 3640 2602 et
3669 2566 3703 2604 a

2104 2635 2250 2690 nube
2281 2643 2572 2708 susceptus
2599 2637 2850 2690 ascendit
2875 2637 2948 2692 ad
2967 2637 3374 2692 caelosExinde
3392 2638 3708 2692 Jerusalem

424 2727 685 2794 hibeatis,
719 2726 814 2797 qui
843 2727 1072 2797 quidem
1093 2727 1268 2780 multo
1293 2726 1491 2780 melius
1521 2725 1680 2780 nobis
1709 2725 1881 2778 fuisse
1909 2741 2025 2778 cre-
2107 2725 2314 2779 reversi
2341 2725 2696 2780 adoravimus
2730 2726 2930 2792 Deum,
2984 2732 3042 2780 et
3086 2726 3482 2796 consignantes
3511 2743 3620 2781 nos
3648 2735 3709 2781 et

427 2816 616 2870 dimus
645 2815 750 2870 sub
777 2815 987 2868 silentii
1027 2821 1192 2886 portu
1227 2814 1481 2870 innoxios
1508 2830 1820 2880 remanere,
1855 2829 2025 2884 quam
2107 2815 2569 2869 commendantes
2617 2815 2840 2869 Christo
2881 2819 2939 2869 et
2981 2815 3190 2869 sanctis
3235 2817 3358 2886 ejus
3388 2817 3485 2884 (7),
3531 2816 3710 2871 exivi-

429 2904 690 2959 falsitatis
715 2921 840 2959 reos
871 2905 1078 2976 puniri.
2107 2919 2232 2958 mus
2250 2920 2363 2958 non
2391 2903 2660 2959 habentes
2691 2905 2813 2974 jam
2835 2905 3088 2958 animum
3120 2909 3178 2959 et
3206 2909 3456 2960 mentem
3492 2906 3554 2961 in
3599 2906 3704 2961 hoc

501 2994 632 3048 CAP.
653 2995 725 3049 II.
757 3023 817 3034 —
845 2994 1025 3064 Igitur
1045 3010 1146 3048 nos
1160 2993 1487 3064 praetitulati
1509 2991 1730 3060 fratres,
1748 2993 2022 3064 Theophi—
2104 2993 2324 3048 saeculo.

427 3082 534 3149 lus,
559 3083 786 3152 Sergius
804 3089 861 3137 et
879 3083 1136 3154 Hyginus
1159 3083 1401 3154 propitia
1418 3082 1721 3137 Divinitate
1738 3081 2020 3137 abrenun-
2047 3147 2080 3154 _
2173 3084 2304 3136 Car.
2339 3082 2540 3138 IV.—¢
2572 3082 2751 3152 Igitur
2777 3099 2880 3137 nos
2909 3082 3117 3138 Christi
3149 3083 3453 3137 comitante
3482 3085 3693 3154 gratia,

427 3171 636 3226 tiantes
665 3173 885 3237 saeculo,
921 3172 1174 3226 venimus
1201 3171 1272 3226 ad
1300 3171 1723 3237 monasterium,
1757 3171 1905 3242 quod
1935 3147 2083 3226 estC
2105 3171 2250 3226 viam
2299 3172 2562 3226 continuo
2581 3171 2991 3242 aggredientcs,
3015 3188 3080 3226 ac
3105 3172 3572 3243 quinquagesimo
3607 3173 3699 3228 die

426 3259 486 3314 in
525 3261 930 3332 Mesopotamia
961 3260 1136 3333 Syriae
1156 3260 1213 3314 in
1234 3260 1421 3315 medio
1451 3261 1692 3314 duorum
1724 3260 2021 3314 ﬂuminum
2104 3261 2353 3315 ﬂuminis
2369 3261 2569 3332 Tygris
2593 3261 3300 3332 alveumpertranseuntes,
3335 3265 3548 3316 terram
3572 3263 3706 3316 Per-

425 3349 624 3420 Tygris
645 3355 703 3403 et
737 3349 1057 3421 Euphratis,
1091 3356 1282 3417 πως-ί
1329 3351 1388 3404 in
1416 3366 1535 3420 quo.
1553 3350 1637 3404 vir
1677 3349 2022 3404 clarissimus

426 3438 724 3509 Asclepion
749 3439 1101 3510 hegumenus
1128 3437 1220 3506 (3),
1254 3439 1563 3494 multorum
1601 3438 1815 3492 exstitit
1855 3439 2024 3492 Pater

429 3527 851 3581 monachorum.
894 3527 978 3582 Ibi
1003 3527 1246 3597 denique
1275 3528 1700 3598 conjungentes,
1733 3543 1768 3580 a
1799 3543 2022 3598 praeno-

427 3615 644 3669 minato
668 3616 835 3670 Patre
857 3621 915 3670 et
935 3615 1088 3670 omni
1109 3621 1254 3670 cmtu
1274 3616 1512 3670 fratrum
1527 3622 1822 3686 gratanter
1841 3633 2022 3670 susce-

426 3703 530 3776 pti,
545 3720 608 3758 ac
623 3706 762 3775 jugo
781 3705 988 3774 regulae
1006 3705 1149 3759 colla
1158 3705 1574 3772 submittentes,
1602 3704 1886 3762 communi
1911 3705 2024 3760 vita

426 3793 738 3850 conversati
766 3811 980 3850 sumus.

2103 3366 2296 3404 sarum
2326 3350 2564 3420 ingressi
2589 3366 2804 3416 sumus,
2829 3356 2887 3404 et
2905 3350 3159 3404 venimus
3188 3350 3245 3404 in
3275 3367 3537 3422 campum
3569 3367 3696 3405 ma-

2101 3455 2276 3509 gnum
2305 3444 2363 3493 et
2389 3439 2753 3510 planitiosum
2778 3438 3046 3492 vocabulo
3066 3439 3248 3504 Assia,
3271 3439 3328 3493 in
3352 3456 3464 3510 quo
3483 3445 3705 3512 martyr

2105 3527 2312 3582 Christi
2323 3527 2634 3582 Mercurius
2654 3527 2727 3596 (8)
2747 3532 3063 3598 apostatam
3083 3528 3367 3582 Iulianum
3390 3529 3700 3599 peremisse

2103 3617 2327 3687 legitur.
2365 3617 2578 3671 Deinde
2608 3616 2888 3671 civitatem
2918 3617 3178 3682 Persidis,
3211 3617 3438 3671 nomine
3463 3617 3704 3671 Kitisse-

2103 3705 2230 3760 fodo
2257 3706 2345 3771 (9),
2377 3706 2670 3772 intrantes,
2695 3707 2752 3760 in
2774 3723 2886 3777 qua
2905 3711 3020 3760 tres
3049 3706 3227 3778 pueri,
3261 3705 3530 3773 Ananias,
3562 3708 3700 3761 Aza~

2103 3793 2456 3862 rias,Misael,
2488 3795 2984 3866 requiescunt,non
3005 3795 3168 3865 longe
3187 3812 3221 3848 a
3237 3794 3542 3866 Babylone,
3568 3795 3699 3850 ado-

2103 3885 2351 3939 ravimus
2381 3883 2457 3938 ibi
2477 3889 2562 3951 ;et
2591 3885 2651 3938 in
2681 3884 2877 3938 eodem
2908 3885 3028 3938 loco
3060 3883 3482 3948 manducantes,
3515 3890 3576 3937 et
3592 3884 3698 3938 Do-

2104 3975 2258 4028 mino
2287 3973 2470 4027 laudis
2481 3973 2754 4044 hymnum
2783 3973 3102 4040 oﬁ‘erentes,
3125 3973 3440 4027 mansimus
3453 3973 3576 4026 dies
3593 3972 3696 4026 ali-

499 3883 630 3938 CAP.
647 3883 848 3939 III.-—‘
869 3885 1104 3939 Factum
1119 3890 1206 3940 est
1219 3889 1409 3938 autem
1434 3890 1688 3955 tempore
1711 3884 1874 3954 longo
1897 3891 2024 3955 post

425 3971 709 4038 haec,hora
729 3989 878 4026 nona
899 3973 1141 4043 quadam
1179 3971 1270 4026 die
1295 3972 1490 4043 synaxi
1513 3972 1732 4043 expleta
1759 3973 1826 4040 (4)
1866 3989 2019 4026 acce-

427 4060 624 4114 dentes
649 4061 720 4114 ad
751 4060 1052 4132 Euphratis
1071 4059 1318 4114 ﬂuminis
1340 4059 1518 4124 littus,
1539 4059 1894 4114 consedimus
1920 4059 2017 4126 ibi,
2104 4068 2257 4133 quot.
2286 4062 2422 4116 Inde
2452 4061 2684 4132 profecti
2705 4067 2831 4132 post
2850 4078 3070 4116 menses
3101 4066 3360 4132 quatuor,
3393 4061 3698 4132 pertransi-

426 4147 754 4220 aliquandiu
774 4149 922 4202 inter
949 4165 1051 4202 nos
1071 4148 1140 4201 de
1164 4148 1500 4203 sustinentia
1525 4155 1583 4202 et
1601 4149 2020 4203 conversatione
2101 4151 2282 4204 vimus
2323 4150 2566 4204 Persidis
2596 4150 2904 4220 regionem,
2957 4155 3014 4204 et
3041 4149 3212 4204 Indiae
3259 4155 3470 4203 terram
3499 4166 3692 4204 sumus

427 4235 594 4290 simul
626 4241 685 4290 et
711 4236 899 4290 labore
921 4253 1207 4290 servorum
1227 4237 1328 4291 Dei
1351 4237 1699 4308 disputatum
1731 4245 1832 4292 est.
1865 4238 2019 4292 Tunc
2101 4241 2358 4311 ingressi.
2392 4239 2774 4309 Ingredicntes
2804 4255 2940 4293 vero
2978 4239 3206 4293 domum
3245 4239 3552 4310 quamdam
3585 4279 3600 4305 ,
3641 4247 3694 4293 et

426 4324 570 4380 mihi
600 4325 805 4380 misero
828 4325 1140 4396 Theophilo
1169 4325 1322 4379 venit
1351 4326 1409 4379 in
1440 4332 1685 4380 mentem
1715 4327 1978 4396 cogitatio
2003 4346 2015 4395 ;
2102 4329 2385 4382 neminem
2401 4326 2478 4380 ibi
2506 4326 2880 4380 habitatorem
2907 4326 3270 4396 reperientes,
3311 4325 3456 4379 duos
3479 4325 3688 4380 ibidem

427 4419 486 4468 et
502 4415 864 4485 respondens,
896 4414 1010 4468 dixi
1038 4414 1312 4486 fratribus
1325 4415 1466 4468 meis
1489 4416 1682 4485 Sergio
1699 4421 1755 4468 et
1773 4415 2014 4487 Hygino:
2033 4459 2082 4518 D
2100 4417 2332 4471 fecimus
2345 4415 2483 4469 dies.
2503 4415 2571 4469 Et
2589 4431 2714 4469 ecce
2727 4415 2895 4469 tertia
2914 4420 3042 4486 post
3057 4414 3174 4469 hinc
3193 4414 3695 4484 die,apparuerunt

425 4503 582 4558 Velle
613 4503 749 4558 mihi
779 4504 956 4571 adest,
989 4521 1021 4558 ο
1041 4503 1243 4558 fratres
1260 4504 1630 4571 dilectissimi,
1657 4505 1872 4559 cunctis
1894 4505 2018 4558 vitae
2036 4502 2080 4518 "
2102 4507 2462 4560 advenientes
2490 4505 2604 4560 duo
2631 4505 2852 4571 armati,
2885 4504 2970 4558 vir
3000 4509 3057 4557 et
3075 4503 3303 4569 femina;
3328 4519 3430 4556 nos
3450 4519 3586 4557 vero
3616 4502 3695 4557 ni-

428 4609 568 4647 meaa
596 4592 792 4647 diebus
815 4592 1124 4661 ambulare,
1139 4593 1348 4664 illoque
1373 4593 1472 4660 ire,
1505 4592 1602 4648 ubi
1627 4593 1830 4650 ccelum
1856 4598 2021 4647 terra:
2102 4595 2217 4650 mio
2247 4601 2460 4649 terrore
2485 4593 2789 4664 perterriti,
2823 4593 3187 4659 surreximus,
3220 4591 3444 4662 illisque
3473 4591 3692 4646 obviam

425 4703 487 4741 se
515 4687 806 4758 conjungit
831 4687 918 4758 (5).
947 4688 1023 4742 At
1039 4686 1154 4740 illi:
1197 4687 1294 4753 Te,
1326 4687 1608 4758 inquiunt,
1638 4687 1812 4742 frater
1838 4689 2022 4742 Tlieo-
2103 4685 2185 4738 ire
2213 4683 2659 4738 deliberavimus.
2684 4683 2796 4753 Ipsi
2812 4688 3001 4736 autem
3023 4698 3126 4736 nos
3157 4681 3427 4746 videntes,
3447 4681 3622 4735 simul
3641 4688 3696 4734 et

425 4775 598 4846 phile,
643 4781 708 4829 ut
735 4775 967 4830 fratrem
995 4776 1311 4846 spiritalem
1342 4793 1566 4846 semper
1587 4776 1887 4832 habuimus
1911 4817 1925 4844 ,
1961 4783 2019 4831 et
2099 4775 2476 4844 exploratores
2521 4789 2642 4826 esse
2696 4771 2986 4825 credentes
3019 4811 3033 4836 ,
3093 4769 3306 4824 concito
3355 4770 3539 4839 gradu
3597 4787 3697 4841 per

427 4863 694 4934 priorem,
715 4869 772 4918 et
790 4865 990 4918 amodo
1011 4865 1332 4918 nullatenus
1360 4881 1395 4918 a
1419 4870 1474 4918 te
1495 4865 1900 4936 separabimur;
1923 4883 2020 4919 no-
2099 4863 2245 4917 viam
2271 4878 2382 4932 qua
2409 4865 2679 4915 venerant
2705 4859 3018 4926 redierunt;
3047 4865 3103 4912 et
3129 4864 3256 4930 post
3277 4858 3695 4929 aliquantulum

425 4951 511 5006 bis
541 4952 692 5006 enim
713 4951 882 5006 verba
910 4959 1010 5008 tua
1036 4954 1288 5024 placent:
1325 4953 1550 5020 idcirco,
1573 4953 1666 5008 ubi
1681 4955 1846 5008 corde
1885 4971 2017 5009 con-
2100 4953 2518 5024 congregati,de
2533 4950 2649 5005 suis
2665 4951 2824 5022 quasi
2838 4950 2947 5004 tria
2964 4947 3430 5019 milliajEthiopes
3449 4948 3696 5004 advene-

427 5041 643 5112 cepisti,
675 5057 864 5112 perge;
891 5046 948 5095 et
967 5057 1068 5095 nos
1091 5042 1150 5096 in
1169 5041 1281 5096 vita
1303 5047 1362 5096 et
1380 5048 1559 5096 morte
1578 5048 1761 5096 tecum
1787 5042 2014 5097 erimus.
2099 5041 2373 5111 runt..Qui
2390 5041 2720 5094 festinanter
2734 5039 3049 5105 domum,in
3069 5054 3181 5109 qua
3197 5053 3425 5091 eramus
3445 5042 3693 5104 orantes,

428 5131 626 5201 Itaque
645 5135 941 5201 surgentes
960 5130 1184 5199 deloco,
1207 5131 1543 5186 intravimus
1569 5131 2012 5185 monasterium:
2099 5133 2241 5186 vallo
2268 5131 2695 5195 circumdantes,
2727 5145 2941 5199 nosque
2977 5127 3163 5182 cuncti
3196 5126 3554 5198 aspicientes,
3596 5144 3698 5198 per

427 5218 684 5291 factaque
729 5236 978 5292 vespera,
1012 5221 1279 5290 omnique
1329 5219 1519 5274 diurni
1561 5218 1726 5272 ofﬁcii
1765 5220 2018 5274 oratione
2101 5227 2342 5292 quatuor
2369 5219 2621 5290 ejusdem
2664 5219 2862 5272 domus
2893 5217 3128 5287 angulos
3178 5216 3367 5285 ignem
3403 5217 3692 5286 cepiosum

422 5309 720 5380 completa,
769 5309 984 5364 caeteris
1031 5307 1446 5380 quiescentibus
1491 5308 1636 5362 clam
1677 5309 2018 5362 monasterio
2099 5311 2509 5382 applicuerunt,
2535 5307 2682 5361 vivos
2711 5323 2812 5360 nos
2831 5322 3082 5361 cremare
3107 5305 3369 5359 nitentes.
3402 5304 3564 5368 Quod
3594 5321 3695 5357 nos

425 5397 634 5467 egressi
655 5414 868 5452 sumus.
894 5398 1029 5452 Post
1055 5398 1172 5452 haec
1200 5413 1330 5450 vero
1352 5397 1546 5450 decem
1571 5401 1629 5450 et
1655 5403 1871 5467 septem
1901 5397 2020 5452 dies
2099 5405 2164 5454 ut
2201 5398 2537 5469 aspeximus,
2589 5396 2793 5450 timore
2843 5395 3024 5449 valido
3081 5393 3333 5450 exterriti
3360 5431 3374 5456 ,
3406 5392 3694 5446 Christum

425 5485 798 5552 ambulantes,
823 5487 1214 5556 conjunximus
1233 5485 1546 5539 Jerusalem
1572 5483 1664 5554 (6),
1693 5490 1750 5539 et
1765 5492 2016 5541 sanctam
2098 5487 2352 5542 omnium
2396 5486 2744 5540 Salvatorem
2796 5483 3192 5547 invocavimus,
3243 5487 3300 5535 et
3334 5481 3394 5534 in
3446 5481 3694 5534 medium

427 5574 894 5628 resurrectionem
917 5576 1051 5629 Jesu
1071 5573 1280 5628 Christi
1307 5577 1366 5627 et
1392 5589 1617 5627 crucem
1638 5573 2014 5630 adoravimus.
2099 5577 2324 5630 illorum
2353 5572 2748 5644 prosilivimus.
2772 5571 2928 5626 Tunc
2955 5571 3060 5642 ipsi
3082 5571 3274 5640 lingua
3305 5585 3408 5622 sua
3453 5569 3693 5624 multum

501 5717 523 5738 '
543 5715 848 5792 Sequentia
870 5715 1076 5770 desunt
1100 5717 1159 5770 in
1188 5717 1434 5788 Menaeis,
1466 5722 1523 5771 et
1549 5733 1584 5770 a
1612 5717 1744 5772 viris
1775 5718 2110 5789 quibusdam
2144 5717 2324 5775 doctis
2350 5720 2649 5770 censentur
2673 5713 3010 5800 apocrypha.
