3878 6390
115 395 205 450 417

1150 389 1321 444 VITA
1359 387 1617 444 SANCTI
1655 389 1960 446 MACARII
1997 389 2302 447 ROMANI.

3256 392 3363 450 £18

116 519 327 576 invicem
367 519 803 580 murmurantes,
826 513 1036 585 diuque
1063 518 1259 570 contra
1282 531 1385 570 nos
1414 515 1678 569 frenden-
1696 514 1818 577 Ain
1834 531 1943 586 quo
1958 515 2384 586 elephantorum
2407 531 2612 586 magna
2633 514 2934 569 multitudo
2955 515 3160 583 stabat,
3186 521 3242 570 et
3260 533 3363 589 per

115 615 204 674 tes,
236 624 355 663 cum
382 622 563 677 neque
584 621 685 659 nos
714 604 858 668 illos,
885 620 988 659 nec
1017 603 1124 675 ipsi
1154 621 1256 659 nos
1282 605 1566 659 ullatenus
1596 604 1678 658 in-

115 698 343 768 telligere
380 711 686 767 possemus,
740 693 1280 764 comprehendentes
1308 710 1429 761 nos,
1483 694 1543 747 in
1584 693 1681 747 ob-

115 802 257 841 scuro
284 786 603 839 clauserunt
627 799 869 837 carcere.
901 782 1237 837 Sedentibus
1272 799 1405 852 ergo
1431 781 1593 837 nobis
1621 782 1680 836 in

114 872 353 939 tenebris,
378 888 491 926 non
520 875 644 925 erat
671 871 768 942 qui
805 886 1009 942 panem
1035 871 1121 924 vel
1151 887 1356 941 aquam
1384 871 1677 929 tribueret.

114 966 213 1019 Nos
240 962 472 1032 denique
500 977 629 1015 cum
672 960 935 1032 lacrymis
964 960 1367 1031 omnipotentis
1396 961 1495 1015 Dei
1524 978 1682 1015 crea-

115 1053 237 1107 toris
260 1050 504 1106 omnium
536 1049 977 1103 misericordiam
1023 1050 1279 1104 invocare
1310 1049 1460 1103 haud
1489 1050 1683 1104 emisi-

114 1158 240 1196 mus.
266 1138 617 1195 Facientibus
649 1144 839 1193 autem
869 1138 1031 1193 nobis
1052 1137 1130 1191 ibi
1160 1138 1281 1192 dies
1309 1138 1543 1210 aliquot,
1574 1138 1682 1192 ite-

112 1246 225 1285 rum
270 1228 613 1299 congregati,
644 1244 772 1282 cum
815 1244 918 1282 nos
956 1228 1105 1281 fame
1150 1231 1209 1281 et
1256 1227 1350 1281 siti
1400 1228 1684 1283 exanimes

111 1318 471 1384 credidissent,
528 1317 1017 1371 circumdederunt
1062 1332 1366 1370 carcerem.
1403 1317 1512 1371 Sed
1553 1334 1683 1371 cum

112 1413 313 1463 orantes
338 1424 438 1461 nos
468 1406 833 1477 aspexissent,
856 1405 1180 1477 aperientes
1202 1406 1439 1475 januam
1472 1406 1682 1460 eduxe-

112 1501 231 1551 runt
256 1513 393 1563 nos;
428 1501 486 1550 et
523 1512 649 1550 cum
677 1495 920 1550 multum
968 1495 1118 1549 inter
1164 1511 1224 1549 se
1262 1501 1683 1550 murmurantes

113 1586 475 1656 loquerentur,
507 1584 805 1639 novissime
851 1601 978 1641 cum
1019 1584 1187 1653 lignis
1226 1584 1543 1654 agrestibus
1576 1585 1681 1656 (l0)

114 1675 366 1728 caedentes
393 1690 497 1728 nos
543 1672 765 1740 acriter,
799 1673 868 1727 de
903 1672 1115 1753 [finibus
1146 1672 1264 1728 suis
1293 1675 1598 1743 ejecerunt,
1630 1679 1689 1728 et

115 1764 375 1834 octoginta
398 1763 519 1817 dies
548 1763 670 1818 sine
699 1762 821 1817 cibo
852 1762 1211 1833 explevimus,
1246 1763 1392 1817 sicut
1416 1762 1577 1817 testis
1603 1768 1689 1818 est

116 1852 257 1907 nobis
292 1853 460 1907 Deus.

176 1960 295 2015 CAP.
327 1959 392 2013 V.
417 1986 480 1997 —
507 1977 533 2012 α
567 1959 740 2030 Ejecti
770 1959 960 2030 itaque
979 1975 1014 2013 a
1032 1958 1236 2013 finibus
1265 1959 1393 2026 illis,
1418 1960 1527 2014 iter
1554 1960 1686 2014 feci-

113 2063 223 2101 mus
236 2048 350 2101 dies
366 2047 576 2102 multos
593 2048 651 2101 in
672 2047 980 2111 Orientem,
1000 2053 1057 2102 et
1075 2048 1401 2102 devenimus
1423 2049 1481 2102 in
1502 2049 1687 2102 locum

113 2135 497 2203 admirabilem,
529 2141 586 2190 et
621 2153 883 2208 campum
915 2136 1241 2207 gloriosum,
1277 2138 1373 2209 qui
1396 2137 1690 2191 arboribus

111 2225 378 2279 altissimis
406 2226 625 2297 plenus,
651 2232 707 2280 et
736 2226 1022 2280 mellifluis
1041 2226 1316 2280 fructibus
1346 2226 1686 2281 abundabat.

112 2314 346 2386 Denique
373 2331 478 2369 nos
500 2315 876 2384 gloriﬁcantes
906 2320 963 2369 et
992 2315 1290 2369 laudantes
1311 2316 1510 2382 Deum,
1534 2332 1689 2370 man-

112 2403 419 2458 ducavimus
453 2404 746 2459 dulciﬂuos
787 2404 1022 2470 fructus,
1074 2409 1131 2458 et
1177 2405 1554 2458 saturavimus
1591 2422 1693 2459 nos

114 2492 272 2547 valde.
304 2493 504 2564 Itaque
533 2498 799 2546 exeuntes
830 2492 981 2557 inde,
1011 2497 1223 2546 terram
1247 2494 1695 2547 Chananaeorum

114 2579 217 2650 (ll)
258 2580 497 2651 ingressi
543 2598 755 2648 sumus,
807 2582 904 2653 qui
933 2581 1003 2636 ab
1033 2582 1158 2635 aliis
1190 2582 1566 2653 Cynocephali
1615 2582 1696 2636 di-

115 2675 329 2738 cuntur;
360 2676 418 2725 et
465 2670 717 2725 videntes
744 2671 888 2738 illos,
922 2670 981 2725 in
1020 2676 1249 2742 aspectu
1295 2688 1490 2725 eorum
1538 2672 1696 2725 valde

114 2758 286 2813 mirati
311 2776 531 2814 sumus.
565 2759 679 2831 Ipsi
696 2776 825 2814 vero
854 2776 981 2813 cum
998 2759 1328 2814 mulieribus
1352 2760 1469 2815 suis
1499 2766 1553 2814 et
1573 2777 1698 2831 par-

114 2847 259 2911 vulis,
294 2848 495 2903 subtus
524 2848 582 2902 in
612 2848 786 2919 petris
817 2848 1155 2915 habitantes,
1184 2866 1287 2903 nos
1326 2849 1554 2903 omnino
1584 2866 1697 2903 non

114 2936 421 3007 tetigerunt,
459 2937 667 2992 Christi
696 2954 799 2991 nos
821 2943 1149 3008 protegente
1175 2938 1379 3008 gratia.

176 3052 485 3111 CAP.VI.—
508 3072 533 3105 «
558 3053 693 3108 Inde
714 3052 890 3124 igitur
915 3052 1146 3124 profecti
1168 3058 1366 3108 contra
1385 3054 1695 3121 Orientem,

116 3156 228 3194 cum
255 3147 484 3197 centum
514 3147 572 3196 et
594 3142 787 3197 decem
824 3142 943 3196 dies
971 3159 1067 3197 eos
1101 3147 1564 3213 pertranseuntes
1591 3143 1702 3197 iter
1720 3156 1764 3217 α

115 3237 350 3285 nostrum
380 3231 730 3299 fecissemus,
762 3230 1095 3286 intravimus
1122 3237 1333 3286 terram
1359 3232 1545 3302 gentis
1575 3248 1700 3303 qua:

116 3319 423 3375 nominatur
446 3320 653 3375 Pichiti
675 3319 815 3392 (1?);
848 3320 970 3391 ipsa
989 3335 1121 3375 vero
1142 3338 1282 3392 gens
1310 3320 1369 3375 in
1400 3326 1623 3375 statura
1645 3327 1702 3375 et

118 3406 397 3463 altitudine
451 3427 559 3463 sua
606 3426 719 3463 non
748 3415 940 3475 226
980 3410 1107 3481 plus
1155 3427 1325 3481 quam
1374 3427 1700 3466 mensuram

115 3497 266 3552 unius
293 3498 470 3553 cubiti
500 3498 759 3552 habebat.
793 3499 862 3553 Et
891 3499 1144 3553 videntes
1186 3516 1306 3565 nos,
1340 3499 1541 3554 timore
1572 3517 1702 3571 per-

115 3586 240 3640 culsi
266 3588 555 3659 fugerunt.
585 3589 699 3642 Nos
738 3593 928 3643 autem
968 3588 1147 3643 Deum
1177 3589 1581 3656 collaudantes,
1608 3590 1704 3661 qui

117 3675 178 3729 de
203 3676 425 3733 illorum
456 3676 720 3732 manibus
750 3695 851 3732 nos
882 3677 1158 3744 liberavit,
1189 3694 1418 3733 cursum
1446 3683 1702 3733 nostrum

118 3766 353 3834 quotidie
380 3766 839 3821 acceleravimus.

180 3880 304 3935 CAP.
329 3882 455 3936 VII.
482 3911 549 3922 —
575 3900 603 3935 α
627 3882 763 3936 Post
774 3881 890 3936 haec
906 3886 1095 3935 autem
1115 3881 1442 3937 devenimus
1462 3881 1522 3936 in
1542 3897 1705 3937 mon-

1762 604 2011 658 medium
2036 604 2261 659 illorum
2292 604 2449 659 illaesi
2478 604 2858 659 transivimus.
2880 605 3015 659 Post
3035 605 3151 659 hac
3170 605 3363 677 itaque

1761 693 1992 747 minime
2024 692 2183 748 nobis
2214 694 2478 765 apparuit
2504 694 2610 747 via.
2639 694 2795 749 Tunc
2823 710 2924 748 nos
2947 711 3074 748 cum
3101 695 3364 767 lacrymis

1763 782 2119 837 clementiam
2150 783 2375 837 Domini
2407 783 2746 848 invocantes,
2776 788 2831 837 et
2870 800 2969 855 per
3000 801 3198 838 novem
3243 785 3363 839 dies

1763 871 1884 925 sine
1899 872 2021 925 cibo
2038 888 2138 942 per
2157 871 2318 926 devia
2333 871 2704 937 ambulantes,
2721 873 3113 943 conjunximus
3132 874 3364 928 tandem

1765 960 1823 1014 in
1873 960 2059 1014 locum
2103 961 2333 1031 planitie
2362 962 2603 1031 largum,
2638 962 2732 1032 qui
2783 961 3058 1017 fructibus
3104 962 3364 1035 plurimis

1764 1047 2108 1103 abundabat.
2133 1050 2161 1104 J
2167 1066 2255 1103 am
2272 1067 2404 1121 ergo
2419 1050 2667 1105 tenebrae
2687 1051 3030 1107 densissima:
3050 1057 3252 1106 cuncta
3269 1052 3368 1107 illa

1765 1137 2117 1207 repleverant
2142 1138 2300 1205 loca;
2333 1155 2438 1192 nec
2484 1138 2696 1210 aliquid
2736 1139 2977 1206 lucebat,
3010 1140 3108 1195 sed
3146 1140 3367 1195 nebula:

1767 1225 2174 1280 obscurissimae
2189 1232 2366 1280 erant.
2384 1228 2539 1282 Tunc
2556 1244 2658 1281 nos
2676 1224 2915 1281 nimium
2927 1227 3139 1283 turbati
3151 1234 3209 1283 et
3226 1227 3367 1283 afﬂi-

1766 1316 1861 1381 cti,
1894 1316 2157 1369 cadentes
2186 1316 2243 1369 in
2266 1321 2479 1370 terram
2507 1333 2637 1371 cum
2670 1317 2899 1387 planctu
2930 1317 3109 1372 valido
3140 1323 3368 1373 orantes

1766 1404 2133 1459 clamavimus
2158 1404 2229 1458 ad
2258 1405 2458 1472 Deum,
2491 1406 2625 1459 etin
2656 1407 2852 1460 eodem
2884 1406 3003 1460 loco
3020 1406 3139 1461 dies
3153 1412 3369 1478 septem

1766 1493 2186 1564 complevimus,
2220 1510 2333 1547 non
2372 1494 2776 1549 manducantes
2822 1511 2925 1549 nec
2964 1494 3233 1561 bibentes,
3266 1513 3370 1551 nec

1767 1582 1957 1636 lumen
1987 1582 2112 1635 coeli
2138 1581 2411 1636 videntes.
2443 1582 2617 1637 Nobis
2646 1589 2835 1638 autem
2864 1585 3024 1639 valde
3051 1585 3291 1651 afflictis,
3315 1592 3373 1640 et

1767 1670 1826 1724 in
1852 1671 2104 1725 oratione
2133 1672 2585 1743 persistentibus,
2628 1678 2756 1743 post
2778 1673 2897 1727 dies
2935 1679 3151 1745 septem
3188 1674 3372 1729 adfuit

1769 1759 2046 1827 columba,
2081 1777 2204 1831 quae
2225 1760 2384 1815 nobis
2406 1762 2880 1833 appropinquans,
2905 1779 2968 1816 ac
2984 1762 3082 1817 diu
3096 1763 3245 1817 circa
3268 1780 3371 1818 nos

1702 1836 2027 1915 Bvolitans,
2066 1855 2125 1904 et
2150 1850 2425 1921 pennulas
2472 1850 2697 1905 fortiter
2739 1851 3077 1922 percutiens,
3113 1853 3272 1923 quasi
3299 1852 3373 1907 ad

1770 1938 2173 1993 ambulandum
2192 1955 2295 1993 nos
2321 1938 2688 1994 confortabat.
2711 1939 2867 1994 Tunc
2886 1957 2988 1995 nos
3008 1942 3123 1995 Deo
3142 1946 3374 2012 agentes

1770 2028 2588 2099 gratias,surreximus,illaque
2600 2029 2967 2100 praecedente,
2983 2047 3084 2100 per
3094 2029 3251 2084 devia
3264 2031 3373 2085 iter

1774 2115 2026 2184 feci'mus;
2054 2122 2111 2171 et
2122 2134 2247 2171 ecce
2268 2123 2398 2171 ante
2427 2134 2528 2171 nos
2550 2118 2851 2172 maximam
2880 2118 3196 2173 invenimus
3222 2119 3374 2173 absi-

1774 2206 1903 2259 dam
1922 2206 2050 2275 (13),
2074 2207 2134 2260 in
2153 2206 2391 2260 circuitu
2410 2206 2695 2278 scriptam.
2710 2207 2978 2262 Videntes
2990 2224 3120 2262 vero
3139 2208 3376 2279 scriptu-

1774 2311 1895 2348 ram
1908 2294 2083 2361 illam,
2103 2295 2279 2365 gavisi
2297 2312 2510 2362 sumus,
2531 2302 2588 2350 et
2600 2296 3039 2351 collaudavimus
3049 2297 3373 2352 Dominum.

1775 2385 1905 2438 Haec
1925 2390 2115 2439 autem
2134 2389 2256 2437 erat
2272 2384 2580 2455 scriptura:
2605 2387 2643 2439 A
2656 2387 2865 2439 bsidam
2882 2388 3047 2439 istam
3064 2388 3192 2454 fecit
3211 2387 3375 2441 Alcm-

1777 2474 1954 2526 andcr
1977 2474 2220 2541 Philippi
2248 2474 2462 2527 Macedo
2486 2477 2806 2542 imperator,
2825 2476 3047 2543 quando
3064 2480 3377 2543 persecutus

1779 2566 1853 2615 est
1866 2562 2043 2615 Πανία
2054 2578 2105 2615 m
2126 2578 2303 2628 regem
2318 2564 2639 2619 Persarum.
2658 2562 2764 2628 Qui
2779 2568 2987 2617 terram
2998 2564 3144 2617 hanc
3159 2565 3379 2631 ingredi

1782 2654 2035 2716 voluerit,
2071 2652 2145 2704 ad
2174 2667 2408 2704 manum
2446 2653 2741 2704 sinistram
2770 2654 2963 2717 radat;
2996 2654 3071 2706 ad
3100 2654 3380 2706 dexteram

1779 2742 1928 2793 enim
1960 2745 2109 2793 terra
2140 2742 2317 2805 invia,
2349 2744 2395 2793 ct
2436 2742 2670 2808 rupibus
2699 2746 2751 2794 ct
2780 2743 3055 2808 angustiis
3087 2746 3159 2795 est
3195 2745 3379 2810 plena.

1851 2829 1981 2882 CAP.
2015 2828 2110 2883 IX.
2141 2860 2206 2875 —
2236 2848 2258 2877 ι
2283 2829 2398 2882 Nos
2426 2828 2602 2898 igitur
2629 2829 2699 2882 ad
2728 2829 2923 2884 laevam
2949 2829 3244 2897 intrantes,
3267 2846 3381 2883 am-

1781 2916 2097 2970 bulavimus
2122 2916 2242 2971 dies
2273 2918 2499 2971 multos.
2534 2918 2603 2971 Et
2626 2910 2835 2972 factum
2870 2924 2954 2973 est
2982 2924 3110 2990 post
3138 2919 3385 2990 quadra-

1779 3005 1941 3077 ginta
1962 3006 2103 3067 dies.
2140 3006 2402 3061 euntibus
2431 3006 2591 3060 nobis
2617 3007 2769 3061 venit
2796 3008 3073 3079 pessimus
3103 3014 3161 3062 et
3187 3008 3388 3063 intole-

1782 3094 1977 3148 rabilis
2001 3095 2163 3162 fetor,
2184 3113 2249 3150 ex
2266 3113 2376 3167 quo
2403 3096 2555 3149 velut
2582 3096 2866 3151 exanimes
2888 3096 3086 3164 effecti,
3111 3102 3168 3151 et
3186 3097 3387 3152 caden-

2177 3224 2189 3250 ,
2213 3184 2496 3238 oravimus
2510 3184 2839 3249 Dominum,
2859 3191 2923 3239 ut
2936 3187 3056 3256 jam
3080 3186 3386 3240 clementer

1783 3272 1953 3342 recipi
1983 3271 2209 3342 juberet
2237 3272 2458 3327 animas
2504 3279 2745 3327 nostras.
2780 3274 2915 3327 Post
2943 3274 3222 3329 modicum
3253 3290 3387 3329 vero

1783 3370 2077 3431 surgentes
2108 3378 2143 3415 a
2178 3366 2350 3425 terra,
2398 3362 2717 3432 aspeximus
2769 3363 2951 3417 lacum
2996 3380 3285 3434 magnum,
3332 3368 3392 3418 et

1784 3450 2202 3504 multitudinem
2220 3451 2564 3521 serpentium
2582 3450 2638 3504 in
2660 3469 2725 3505 eo
2747 3451 3081 3521 ignitorum;
3109 3458 3167 3506 et
3185 3470 3251 3507 ex
3267 3452 3389 3524 ipso

1786 3540 1909 3594 lacu
1941 3539 2197 3594 exierunt
2218 3556 2393 3605 voces,
2420 3544 2477 3593 et
2497 3540 2817 3595 audivimus
2839 3541 3116 3595 ululatum
3145 3547 3203 3595 et
3222 3542 3386 3613 plan-

1786 3634 1939 3683 ctum
1953 3645 2242 3699 magnum,
2256 3629 2418 3699 quasi
2431 3629 2620 3700 pepuli
2634 3628 3078 3698 innumerabilis,
3097 3636 3151 3684 et
3165 3630 3233 3684 de
3249 3631 3389 3685 caelo

1786 3735 1888 3771 vox
1909 3718 2116 3783 sonuit,
2151 3717 2342 3771 dicens
2375 3736 2386 3770 :
2423 3718 2603 3772 Locus
2632 3718 2738 3772 iste
2776 3719 2976 3788 judicii
3006 3724 3063 3772 et
3091 3736 3385 3789 poenarum

1787 3812 1889 3871 est,
1910 3805 1971 3859 in
1992 3823 2101 3876 quo
2124 3806 2447 3860 cruciantur
2462 3806 2556 3877 qui
2580 3807 2866 3861 Christum
2886 3813 3250 3879 negaverunt.
3274 3809 3391 3863 Nos

1786 3901 1976 3950 autem
1992 3912 2182 3949 vocem
2198 3895 2343 3949 hanc
2358 3895 2671 3961 audientes,
2694 3901 2751 3949 et
2765 3902 2947 3967 pector
2958 3914 2993 3951 a
3014 3897 3390 3968 percutientes

117 3972 194 4022 tes
219 3970 525 4025 altissimos
554 3970 964 4041 terribilesque,
1000 3970 1100 4024 ubi
1129 3970 1213 4025 sol
1242 3987 1355 4026 non
1386 3971 1580 4037 intrat,
1603 3987 1694 4025 nec

1791 4001 1923 4039 cum
1947 3984 2211 4056 lacrymis
2236 3989 2294 4038 et
2313 3983 2513 4038 timore
2542 3984 2713 4038 nimio
2736 3984 2923 4056 ipsum
2936 3985 3300 4041 transivimus
3318 3987 3396 4041 la-

119 4056 276 4113 ετδοΐ
302 4075 407 4118 nec
431 4058 612 4114 herba
645 4064 933 4127 crescunt;
965 4058 1042 4113 ibi
1070 4076 1203 4131 θτεο
1230 4064 1521 4131 serpentes
1550 4060 1712 4114 ίηηιι·
1792 4089 1938 4139 cum,
1969 4078 2026 4127 et
2050 4072 2306 4127 venimus
2337 4072 2487 4127 inter
2512 4079 2732 4127 montes
2749 4074 2888 4129 duos
2912 4074 3235 4141 altissimos,
3256 4080 3313 4129 et
3336 4075 3397 4129 in

121 4147 422 4215 merabiles,
446 4154 508 4204 et
533 4148 802 4204 dracones
834 4154 892 4203 et
923 4149 1165 4220 aspides,
1185 4149 1284 4203 sed
1315 4155 1373 4203 et
1404 4148 1688 4204 basiliscos

1794 4162 1979 4217 medio
2008 4162 2260 4233 ipsorum
2288 4162 2554 4234 apparuit
2583 4162 2744 4217 nobis
2775 4163 2942 4218 homo
2972 4165 3146 4235 longa
3174 4168 3396 4219 statura

125 4240 175 4289 et
200 4236 436 4309 viperas,
472 4243 532 4292 et
574 4238 891 4305 unicornes,
936 4243 993 4293 et
1037 4237 1270 4293 bubalos
1294 4238 1535 4293 vidimus
1573 4239 1715 4293 mul-

126 4329 239 4394 tos;
270 4327 413 4382 alias
438 4343 666 4400 quoque
708 4327 916 4382 bestias
943 4327 1260 4382 mortiferas
1285 4328 1511 4394 multas,
1544 4333 1602 4382 et
1631 4344 1717 4382 ve-

129 4428 324 4472 nenosa
353 4416 646 4483 animalia,
682 4433 919 4488 quorum
949 4417 1182 4471 nomina
1208 4418 1294 4471 vel
1327 4422 1591 4471 naturam
1618 4433 1718 4489 pe-

1800 4251 1928 4322 (14),
1962 4251 2123 4323 quasi
2151 4257 2377 4306 centum
2408 4252 2746 4319 cubitorum,
2781 4258 2838 4307 et
2868 4253 2987 4324 ipse
3008 4253 3225 4308 catenis
3262 4271 3397 4309 con-

1797 4340 2026 4396 strictus
2056 4341 2235 4409 aereis,
2268 4346 2387 4396 toto
2404 4341 2611 4412 ligatus
2640 4348 2764 4397 erat
2784 4359 3035 4415 corpore.
3056 4343 3192 4398 Duae
3208 4349 3401 4398 autem

1799 4435 2011 4485 catena:
2039 4431 2109 4484 de
2138 4446 2252 4485 una
2276 4430 2525 4502 corporis
2554 4436 2733 4502 parte,
2770 4430 2828 4485 in
2867 4437 3056 4486 monte
3086 4448 3198 4486 uno
3237 4437 3403 4488 erant

129 4503 270 4559 nitus
321 4506 675 4577 ignoramus.
725 4506 967 4561 Dextera
997 4506 1174 4587 igitur
1221 4506 1325 4561 Dei
1381 4523 1483 4560 nos
1526 4511 1694 4577 prote.

1781 4520 1937 4585 lfixae,
1971 4525 2029 4573 et
2057 4519 2181 4573 dua:
2212 4519 2270 4573 in
2301 4525 2492 4574 monte
2521 4520 2720 4585 altero,
2754 4525 2808 4574 et
2847 4519 2994 4589 ignis
3024 4520 3300 4574 maximus
3338 4519 3399 4575 in

127 4599 300 4661 gente,
333 4596 500 4650 illaesi
525 4595 988 4667 pertransivimus
1014 4595 1137 4663 illa;
1162 4595 1261 4649 sed
1290 4600 1349 4649 et
1375 4594 1567 4649 sibilos
1595 4596 1694 4649 dra

1800 4607 2038 4662 circuitu
2077 4608 2199 4677 ejus
2238 4623 2305 4661 ex
2346 4606 2500 4660 omni
2543 4613 2720 4678 parte.
2754 4607 2871 4663 Vox
2912 4612 3101 4661 autem
3141 4606 3401 4662 clamoris

129 4698 320 4737 conum
358 4689 418 4738 et
447 4684 796 4755 serpentium
825 4701 928 4756 per
952 4682 1151 4754 viginti
1176 4683 1472 4739 continuos
1510 4683 1631 4738 dies
1660 4684 1719 4738 in
1802 4696 1953 4763 illius
1984 4694 2339 4760 audiebatur,
2374 4694 2534 4766 quasi
2577 4712 2678 4767 per
2710 4694 3085 4767 quadraginta
3114 4694 3404 4752 milliaria.

130 4770 348 4827 auribus
385 4772 716 4840 habuimus,
766 4778 824 4827 et
851 4789 965 4828 non
1015 4772 1124 4827 nisi
1167 4789 1335 4828 aures
1391 4772 1694 4827 obturante

1801 4783 1909 4849 Qui
1938 4789 2003 4838 ut
2032 4799 2134 4838 nos
2176 4783 2334 4849 vidit,
2366 4784 2594 4855 plorans
2624 4789 2679 4837 et
2726 4783 2946 4854 ejulans
2972 4783 3276 4839 fortissime
3307 4800 3404 4839 ex-

129 4859 243 4915 illos
266 4861 417 4918 ferre
448 4862 749 4935 quivimus.
1802 4872 2083 4928 clamavit:
2116 4872 2419 4927 crudeliter
2446 4871 2597 4927 enim
2627 4872 2698 4926 ab
2726 4871 2855 4943 igne
2884 4872 3260 4929 cremabatur.

1874 4962 2005 5017 Car.
2032 4961 2101 5016 X.
2143 4991 2199 5005 --
2240 4980 2265 5012 ί(
2290 4962 2544 5033 Cumque
2566 4978 2668 5016 nos
2687 4961 2825 5016 talia
2843 4979 3221 5032 cemeremus,
3245 4964 3407 5020 valde

1806 5050 2239 5125 pertimuimus;
2272 5056 2329 5105 et
2356 5050 2740 5122 cooperientes
2779 5051 2967 5120 facies,
2999 5067 3035 5107 a
3061 5053 3227 5123 longe
3254 5054 3406 5124 ipsos

1808 5140 2169 5195 transivimus
2198 5144 2453 5206 montes;
2484 5144 2543 5193 et
2570 5156 2694 5194 ecce
2723 5139 2781 5193 in
2814 5139 2988 5194 alium
3017 5140 3282 5194 continuo
3306 5139 3407 5196 de-

134 5235 318 5300 cimus,
343 5238 506 5292 ultra
532 5237 792 5309 progredi
819 5253 932 5291 non
958 5236 1229 5290 valentes.
1261 5235 1514 5306 Septima
1536 5239 1729 5289 autem
1810 5230 2066 5284 venimus
2078 5229 2281 5295 locum,
2309 5228 2406 5283 ubi
2433 5244 2601 5299 rupes
2623 5229 2813 5283 multa:
2841 5234 2899 5282 et
2921 5228 3273 5299 profunditas
3293 5245 3411 5283 ma-

139 5330 255 5392 post
275 5326 395 5381 haec
418 5326 516 5380 die
543 5324 806 5397 apparuit
831 5342 1029 5379 cervus
1055 5329 1185 5378 ante
1208 5340 1310 5378 nos
1331 5322 1627 5378 ambulans
1642 5339 1732 5377 ru-
1811 5336 1925 5391 gna
1953 5324 2095 5373 erat.
2120 5317 2201 5372 lbi
2222 5316 2390 5372 etiam
2418 5317 2723 5387 quamdam
2752 5315 2991 5370 vidimus
3020 5316 3288 5371 feminam
3309 5318 3415 5373 cri-

141 5412 355 5481 giendo,
372 5431 548 5487 quem
569 5419 862 5484 surgentes
878 5413 1053 5468 secuti
1083 5429 1296 5467 sumus.
1320 5412 1734 5467 Iterautemfa—
1817 5408 1983 5463 nibus
2024 5406 2222 5462 solutis
2269 5410 2531 5471 stantem,
2579 5410 2699 5459 toto
2733 5421 2965 5476 corpore
3008 5421 3040 5459 a
3085 5404 3330 5461 maximo
3356 5411 3415 5461 et

144 5502 366 5571 cientes,
409 5503 593 5558 multo
623 5505 866 5575 majores
897 5503 1212 5558 invenimus
1239 5508 1371 5557 ante
1400 5517 1501 5556 nos
1546 5518 1732 5573 rupes.
1818 5496 2058 5552 terribili
2080 5497 2322 5551 dracone
2340 5494 2671 5549 involutam.
2710 5493 3168 5564 Quandocunque
3189 5511 3323 5565 ergo
3344 5495 3418 5551 ad
3465 5534 3477 5546 .

145 5590 253 5647 Nos
279 5610 415 5649 vero
460 5592 708 5648 maximo
743 5608 873 5648 cum
920 5591 1111 5646 labore
1157 5597 1216 5646 et
1256 5590 1523 5662 angustia
1542 5589 1740 5645 exinde
1822 5584 2166 5657 loquendum
2196 5601 2259 5640 os
2288 5600 2453 5640 suum
2486 5581 2706 5655 aperire
2733 5582 3018 5649 voluisset,
3051 5589 3221 5655 caput
3250 5600 3419 5641 suum

148 5683 509 5753 evasimus,et
521 5682 843 5741 venimusin
858 5698 1121 5754 campum
1130 5681 1364 5754 planum
1377 5686 1436 5737 et
1446 5695 1737 5752 magnum,
1822 5677 1991 5733 draco
2022 5673 2318 5732 confestim
2345 5673 2405 5729 in
2435 5690 2498 5730 os
2524 5673 2647 5745 ejus
2675 5672 2926 5740 mittens,
2956 5671 3209 5744 linguam
3237 5673 3416 5748 ipsius

192 4968 319 5023 CAP.
342 4970 503 5025 VIII.
534 4998 601 5011 -
637 4988 668 5023 ι
693 4969 919 5024 Interea
944 4967 1004 5023 in
1031 4969 1215 5023 locum
1240 4968 1541 5023 incidimus
1560 4967 1722 5022 terri-

127 5053 306 5124 bilem,
330 5076 508 5130 rupes
518 5058 817 5114 habentem
829 5057 1187 5129 asperrimas,
1212 5057 1271 5111 in
1287 5057 1461 5111 altum
1486 5061 1720 5123 erectas,

130 5149 182 5198 et
197 5145 253 5200 in
272 5146 388 5202 ima
406 5148 832 5203 descendentes.
857 5148 973 5202 Nos
994 5163 1128 5217 ergo
1148 5152 1362 5217 septem
1387 5146 1506 5200 dies
1546 5145 1620 5199 ibi
1642 5145 1726 5199 fe-
