3878 6434
409 380 514 440 419

1420 370 1515 424 DE
1551 369 1741 428 VITIS
1778 369 2074 428 PATRUM
2115 371 2332 428 LIBER
2367 373 2656 430 PRIMUS.

3578 376 3694 433 420

407 505 717 560 mordebat.
743 501 939 574 Capilli
971 505 1160 556 autem
1201 497 1370 568 hujus
1397 495 1646 548 mulieris
1685 495 1753 547 ad
1785 500 1993 550 terram
2013 495 2138 558 Aet
2163 497 2466 551 cantabant
2490 498 2770 554 canticum
2795 499 3035 565 cmleste,
3067 501 3124 556 id
3152 507 3258 562 est,
3289 518 3456 556 voces
3485 503 3694 557 cheru-

406 611 584 670 usque
607 590 1036 648 descendebant.
1067 589 1320 660 Cumque
1355 585 1410 638 in
1451 585 1601 638 illam
1634 584 1902 638 mirantes
1946 590 2003 636 et

408 683 593 756 pavidi
621 681 1015 756 aspiceremus,
1040 677 1224 732 subito
1255 675 1323 728 de
1347 675 1467 744 ipsa
1497 673 1874 744 profunditate
1895 673 2002 726 val-

407 773 476 827 lis
509 771 852 828 miserabiles
873 767 1189 822 audivimus
1205 781 1386 827 voces,
1417 762 1702 815 dicentes:
1735 761 2002 816 Miserere

405 861 588 926 nobis,
623 861 911 926 miserere,
945 856 1182 918 Christe,
1219 853 1323 907 Fili
1345 851 1735 906 Deialtissimi.
1760 851 1872 904 Nos
1894 850 2002 904 ita-

405 967 516 1022 que
561 950 923 1004 vehementer
955 942 1223 1006 exterriti,
1263 947 1533 1013 ponentes
1578 957 1765 1010 genua
1792 939 1849 992 in
1889 945 2002 992 ter-

406 1057 530 1096 ram
571 1038 871 1104 oravimus,
914 1035 1163 1089 dicentes
1207 1048 1334 1084 cum
1384 1029 1692 1101 lacrymis:
1743 1027 2000 1091 Domine,

409 1128 508 1199 qui
537 1144 638 1181 nos
667 1123 888 1190 creasti,
921 1123 1055 1178 tolle
1093 1119 1311 1178 animas
1340 1123 1579 1183 nostras,
1619 1116 1883 1188 quoniam
1916 1117 2004 1186 ju-

405 1215 554 1273 dicia
581 1221 682 1270 tua.
707 1213 854 1268 oculi
885 1211 1063 1266 nostri
1087 1209 1349 1262 viderunt
1380 1207 1440 1260 in
1470 1213 1643 1259 terra.

483 1337 618 1393 CAP:
650 1335 750 1392 XI.
783 1363 849 1376 --
883 1351 908 1382 «
941 1333 1247 1400 Surgentes
1270 1333 1480 1391 autem,
1525 1325 1740 1394 ingenti
1771 1325 1922 1380 luctu
1955 1330 2012 1377 et

411 1441 654 1482 mmrore
681 1422 851 1478 simul
872 1426 930 1476 et
953 1420 1158 1474 timore
1177 1417 1430 1472 venimus
1449 1415 1507 1470 in
1533 1415 1718 1470 locum
1739 1414 1932 1476 alium,
1953 1413 2011 1466 in

413 1531 522 1585 quo
552 1512 780 1566 arbores
809 1510 1014 1565 multas
1045 1512 1102 1561 et
1151 1505 1421 1562 maximas
1450 1503 1707 1566 vidimus,
1742 1502 2012 1557 habentes

415 1600 844 1658 similitudinem
873 1600 1105 1654 ﬁcorum
1133 1614 1144 1648 :
1179 1599 1362 1660 ειυς
1395 1593 1451 1648 in
1473 1593 1645 1647 ramis
1666 1599 1854 1646 autem
1875 1591 2012 1661 ipsis

417 1689 665 1748 volatilia
693 1687 890 1750 multa,
939 1684 1148 1742 similia
1183 1681 1381 1739 avibus
1417 1682 1541 1736 coeli
1576 1681 1701 1748 (l5),
1736 1698 1866 1734 voce
1907 1681 2012 1733 bu~

418 1795 592 1836 mana
633 1775 850 1832 fortiter
893 1773 1229 1838 clamabant,
1269 1771 1514 1827 dicentia
1553 1789 1564 1824 :
1610 1772 1784 1826 Parce
1829 1769 2008 1831 nobis,
2029 1805 2078 1866 Β

417 1867 672 1931 Domine,
702 1865 794 1936 qui
818 1863 1107 1934 plasmasti
1128 1880 1262 1928 nos;
1291 1879 1456 1932 parce
1470 1860 1650 1924 nobis,
1675 1859 2010 1921 misericors,

421 1955 554 2026 quia
581 1953 930 2026 peccavimus
967 1957 1096 2008 ante
1135 1951 1334 2008 faciem
1374 1956 1552 2014 tuam,
1592 1966 1762 2019 super
1788 1964 2013 2002 omnem

418 2050 650 2101 terram.
692 2045 807 2098 Nos
853 2047 1043 2098 autem
1089 2039 1388 2102 oravimus.
1437 2039 1687 2094 dicentes
1723 2055 1736 2090 :
1778 2037 2015 2091 Domine

418 2131 956 2196 misericordissima,
990 2129 1221 2184 ostende
1251 2127 1412 2182 nobis
1438 2127 1566 2192 ista,
1600 2142 1721 2196 quae
1751 2124 2012 2190 vidimus,

418 2222 692 2282 miracula
715 2227 837 2285 tua,
873 2218 1139 2290 quoniam
1172 2216 1498 2286 ignoramus
1529 2215 1660 2285 quid
1684 2215 1815 2270 sint.
1849 2213 2019 2267 Venit

419 2327 552 2383 ergo
580 2328 684 2366 vox
715 2309 908 2366 dicens
934 2351 947 2364 .
981 2309 1106 2364 Non
1150 2311 1236 2362 est
1267 2310 1514 2362 vestrum
1555 2320 1720 2360 nosse
1749 2301 2020 2374 mysteria

421 2416 547 2470 quin
576 2399 815 2464 vidistis,
847 2398 994 2452 viam
1024 2396 1242 2467 pergite
1271 2400 1537 2452 vestram.

492 2527 630 2580 CAP.
660 2524 786 2578 XII.
820 2559 880 2569 —
913 2536 938 2574 (ι
979 2519 1112 2579 Inde
1155 2519 1330 2589 igitur
1383 2535 1509 2572 cum
1557 2517 1769 2586 ingenti
1816 2533 2018 2588 pavore

427 2613 658 2684 egressi,
680 2611 1007 2664 devenimus
1027 2609 1097 2662 ad
1116 2609 1298 2662 locum
1319 2606 1791 2661 honorabiliorem
1819 2622 1884 2659 ac
1898 2622 2021 2676 spe-

423 2699 818 2763 ciosissimum,
851 2699 907 2752 in
935 2715 1044 2768 quo
1071 2703 1313 2773 quatuor
1340 2696 1442 2748 viri
1473 2695 1716 2759 stabant,
1751 2694 2020 2748 habentes

430 2791 643 2860 ﬁguras
662 2786 1023 2845 venerabiles.
1045 2791 1313 2855 tanquam
1335 2785 1479 2838 mira
1499 2783 1914 2854 pulchritudine
1929 2783 2021 2837 de-

426 2895 608 2944 coras,
639 2882 703 2931 ut
729 2876 882 2930 credi
912 2881 1010 2928 aut
1031 2875 1133 2928 fari
1162 2874 1390 2928 omnino
1418 2874 1576 2926 facile
1598 2873 1680 2925 vix
1699 2873 1903 2944 possit:
1928 2873 2020 2925 isti

424 2967 705 3038 siquidem
725 2980 958 3018 coronas
975 2979 1194 3024 aureas,
1217 2962 1455 3032 gemmis
1479 2967 1536 3014 et
1553 2961 1830 3031 lapidibus
1853 2961 2022 3014 hono-

423 3055 581 3110 riﬁce
605 3053 962 3124 compositas,
986 3053 1045 3106 in
1070 3051 1345 3122 capitibus
1368 3050 1668 3114 habebant,
1694 3055 1751 3102 et
1768 3050 1825 3103 in
1847 3049 2024 3104 mani-

2088 584 2218 640 bini.
2239 587 2354 641 Nos
2371 593 2560 642 autem
2582 588 2699 641 haec
2719 587 3020 654 intuentes,
3045 589 3338 646 timuimus
3351 592 3538 645 valde.
3565 593 3698 662 Ipsa

2083 691 2212 727 vero
2235 675 2462 730 ecclesia
2489 694 2524 729 a
2544 683 2702 746 parte
2721 677 3026 734 Heridiana
3055 679 3488 735 similitudinem
3515 680 3696 734 habe-

2085 761 2180 818 bat
2195 764 2394 834 lapidis
2415 765 2623 834 prasini
2643 765 2892 836 pretiosi,
2924 783 2957 822 a
2986 773 3146 837 parte
3173 769 3424 823 Australi
3445 770 3694 822 colorem

2084 853 2376 921 sanguinis
2406 854 2760 909 mundissimi
2791 856 3195 925 praetendebat,
3235 874 3273 911 a
3300 863 3463 928 pane
3497 865 3694 911 autem

2085 940 2429 996 Occidentali
2458 948 2578 995 tota
2605 949 2727 998 erat
2749 942 2892 1006 alba,
2926 943 3105 1000 instar
3133 945 3296 999 lactis
3313 951 3374 999 et
3391 946 3537 1000 nivis
3556 963 3696 1000 ean-

2086 1029 2387 1084 didissima:
2415 1048 2427 1084 :
2457 1031 2629 1086 stellae
2659 1049 2830 1101 super
2857 1034 3037 1102 ipsam
3064 1034 3353 1089 ecclesiam
3377 1035 3506 1105 plus
3521 1052 3696 1105 quam

2087 1117 2254 1186 hujus
2286 1118 2481 1174 mundi
2510 1119 2694 1174 sidera
2724 1120 3002 1185 lucebant,
3029 1123 3112 1176 sol
3141 1121 3217 1177 ibi
3248 1123 3702 1193 septempliciter

2085 1206 2308 1262 lucebat
2331 1213 2388 1261 et
2405 1207 2640 1274 calebat,
2665 1226 2834 1278 quam
2863 1210 2922 1266 in
2940 1211 3109 1280 hujus
3139 1216 3305 1266 terra:
3324 1212 3589 1281 regione;
3615 1214 3696 1265 al-

2093 1313 2191 1366 pes
2220 1303 2277 1350 et
2316 1296 2545 1352 arbores
2573 1314 2766 1352 omnes
2795 1299 2921 1368 plus
2949 1299 3096 1364 altae,
3129 1306 3186 1355 et
3214 1300 3347 1356 folia
3373 1318 3442 1354 ac
3479 1302 3700 1357 fructus

2094 1385 2284 1455 plures
2315 1391 2373 1441 et
2395 1385 2691 1451 dulciores,
2725 1404 2893 1457 quam
2925 1388 3088 1444 istius
3118 1389 3316 1444 mundi
3337 1389 3574 1444 arbores
3603 1391 3702 1443 ha-

2095 1472 2303 1528 bebant
2329 1493 2340 1542 ς
2366 1474 2464 1528 sed
2509 1481 2566 1528 et
2602 1493 2734 1532 avos
2774 1476 2898 1530 caeli
2936 1477 3101 1532 aliter
3127 1477 3490 1542 resonabant,
3523 1496 3699 1549 quam

2094 1579 2221 1616 aves
2255 1568 2422 1618 terrae
2457 1564 2617 1617 istius
2650 1583 2661 1618 :
2697 1566 2882 1620 omnis
2909 1576 3100 1620 autem
3121 1572 3274 1622 terra
3301 1567 3424 1637 ipsa
3443 1567 3704 1638 duplices

2096 1651 2336 1706 habebat
2363 1653 2595 1719 colores,
2627 1653 2678 1706 id
2711 1660 2814 1716 est,
2845 1671 2956 1710 una
2987 1655 3155 1710 facies
3185 1655 3312 1710 alba
3341 1663 3464 1710 erat
3493 1663 3558 1710 ut
3581 1658 3699 1721 nix,

2097 1748 2153 1796 et
2181 1741 2292 1796 alia
2339 1741 2824 1798 rubicundissimis
2866 1744 3154 1799 coloribus.
3179 1753 3304 1800 erat
3363 1747 3478 1799 Nos
3525 1745 3708 1816 igitur

2098 1837 2406 1900 stupentes,
2441 1837 2498 1883 et
2545 1831 2604 1884 in
2660 1833 2856 1885 eodem
2909 1833 3027 1886 loco
3071 1835 3390 1893 adorantes.
3434 1851 3500 1888 ac
3547 1835 3706 1905 ipsos

2095 1917 2240 1972 viros
2279 1920 2608 1985 salutantes,
2652 1937 2781 1976 cum
2809 1921 3012 1977 timore
3042 1923 3269 1992 egressi,
3313 1929 3560 1994 emptum
3588 1924 3706 1978 iter

2097 2007 2346 2080 arripere
2375 2007 2780 2062 festinavimus.

2169 2096 2304 2151 CAP.
2339 2096 2482 2150 XIV.
2507 2126 2572 2138 -—
2599 2119 2625 2146 α
2657 2097 2912 2167 Denique
2942 2104 3068 2170 post
3090 2099 3204 2154 hzec
3231 2105 3459 2154 centum
3481 2100 3706 2170 impleti

2099 2190 2232 2237 sunt
2260 2184 2398 2250 dies,
2431 2189 2491 2237 ut
2535 2185 2806 2241 Dominus
2835 2187 2996 2241 testis
3027 2195 3112 2242 est
3141 2189 3322 2258 nobis,
3363 2189 3514 2260 quod
3545 2189 3706 2244 nullo

2099 2273 2289 2326 refecti
2323 2290 2516 2328 sumus
2546 2274 2686 2339 cibo,
2720 2291 2868 2346 aqua
2892 2293 2992 2330 nos
3018 2277 3370 2349 frequentius
3387 2277 3709 2334 refocillan-

2100 2368 2184 2415 tes
2216 2379 2227 2414 :
2263 2379 2388 2415 cum
2434 2380 2559 2415 ecce
2607 2363 2791 2417 subito
2821 2365 3082 2420 euntibus
3112 2365 3292 2432 nobis,
3326 2367 3482 2422 venit
3507 2368 3706 2438 populi

2101 2451 2526 2504 innumerabilis
2554 2453 2855 2508 multitudo
2885 2454 3133 2510 virorum
3169 2472 3234 2509 ac
3260 2455 3568 2512 mulierum
3603 2455 3709 2509 ob-

2099 2539 2268 2605 viam,
2304 2540 2361 2592 in
2391 2557 2566 2594 unum
2609 2541 2962 2612 conglobati;
3013 2560 3124 2598 non
3165 2548 3357 2598 autem
3401 2543 3554 2598 inter
3579 2544 3710 2600 illos

2101 2629 2413 2700 longiorem
2444 2635 2816 2702 pi‘zeterquam
2847 2631 3016 2686 unius
3041 2631 3215 2686 cubiti
3252 2638 3532 2688 staturam
3563 2633 3709 2686 vidi-

2102 2734 2246 2771 mus.
2274 2719 2452 2788 Igitur
2481 2719 2611 2773 visis
2632 2719 2760 2786 illis,
2778 2720 2936 2775 valde
2961 2721 3374 2794 pertimuimus.
3406 2722 3567 2777 Tunc
3599 2723 3710 2776 mi-

2103 2805 2353 2859 serabilis
2376 2825 2478 2878 ego
2497 2814 2757 2882 peccator
2769 2809 3110 2880 Theophilus
3137 2810 3250 2863 dixi
3273 2809 3544 2865 fratribus
3567 2810 3712 2864 meis

2104 2895 2296 2964 Sergio
2318 2902 2375 2949 et
2395 2897 2615 2966 Hygino
2641 2915 2652 2950 :
2678 2898 2962 2952 Solventes
2994 2899 3222 2969 capillos
3239 2905 3486 2964 nostros,
3508 2900 3711 2955 venia-

2103 2999 2229 3036 mus
2259 2984 2525 3038 adversus
2547 3002 2642 3038 eos
2658 3003 2670 3047 ;
2694 2985 2928 3039 forsitan
2950 2987 3165 3056 fugient
3181 3003 3215 3044 a
3233 2987 3412 3052 nobis,
3431 2993 3490 3040 et
3505 2987 3711 3044 libera-

2103 3070 2186 3124 bit
2204 3073 2588 3126 nosDominus
2607 3073 2675 3127 de
2698 3073 2956 3128 manibus
2976 3074 3218 3128 illorum.
3238 3075 3396 3138 Quod
3415 3092 3544 3128 cum
3564 3076 3706 3145 ipsis

425 3145 531 3199 bus
554 3145 772 3236 P31???
803 3139 1330 3236 aurea’f‘gestabam
1349 3159 1361 3205 ὅ
1378 3140 1540 3236 -ίὲζηίε
1568 3156 1698 3236 νεῖῗί)
1721 3139 2020 3236 ,τηθλίηῃξδ
2037 3156 2088 3218 C
2103 3161 2282 3215 visum
2307 3161 2504 3216 fuisset
2529 3161 2759 3226 bonum,
2785 3163 2982 3216 solutis
3012 3163 3252 3216 fasciolis
3277 3169 3334 3216 et
3356 3163 3576 3236 capillis
3603 3181 3704 3218 no-

423 3250 490 3288 ac
519 3233 787 3288 terribilis
817 3236 948 3285 ante
985 3231 1128 3295 illos,
1167 3234 1222 3282 et
1249 3230 1477 3299 spathas
1506 3229 1859 3284 acutissimas
1889 3233 2018 3284 ante

424 3337 484 3378 se
513 3322 798 3377 tenebant.
827 3321 941 3374 Nos
971 3336 1098 3372 vero
1130 3319 1240 3372 ista
1260 3324 1572 3380 cernentes,
1607 3335 1669 3370 ac
1689 3317 1870 3370 valido
1892 3334 2019 3388 per-

422 3411 562 3465 culsi
592 3411 816 3476 timore,
850 3408 1284 3462 exclamavimus
1304 3407 1373 3460 ad
1406 3407 1551 3474 illos,
1583 3406 1830 3460 dicentes
1863 3423 1874 3457 :
1909 3405 2021 3459 Do-

423 3499 564 3554 mini
587 3503 645 3552 et
673 3499 813 3552 servi
839 3498 938 3552 Dei
969 3496 1188 3559 excelsi,
1221 3495 1564 3548 miseremini
1593 3495 1790 3558 nostri,
1819 3499 1882 3548 ut
1899 3510 2021 3564 spa-

422 3587 538 3642 thae
568 3591 627 3640 et
651 3587 756 3640 iste
787 3586 932 3656 ignis
969 3585 1130 3639 nobis
1172 3601 1283 3637 non
1322 3583 1660 3654 praevaleant
1686 3599 1911 3640 nocere.
1949 3583 2023 3636 At

425 3677 508 3732 illi
548 3675 950 3747 respondentes
995 3673 1174 3736 nobis,
1216 3672 1519 3726 dixerunt:
1571 3672 1754 3726 Nolite
1796 3672 2014 3734 timere,

420 3766 569 3820 viam
599 3781 768 3836 quam
803 3763 954 3817 vobis
1004 3763 1156 3816 Deus
1200 3759 1621 3825 demonstravit,
1670 3761 1748 3814 ite
1794 3761 2012 3816 securi:

423 3871 526 3910 nos
557 3854 706 3909 enim
735 3853 1006 3907 Dominus
1027 3852 1084 3906 in
1117 3852 1222 3905 isto
1253 3851 1440 3921 posuit
1467 3851 1606 3916 loco,
1629 3856 1692 3902 ut
1712 3849 1856 3902 viam
1879 3850 2021 3902 hanc

423 3960 776 3999 servaremus
807 3947 864 3996 et
883 3941 1308 4003 custodiremus,
1344 3956 1521 4009 usque
1551 3939 1608 3991 in
1637 3938 1784 3992 diem
1801 3938 2019 4010 judicii,

425 4032 648 4102 quando
676 4030 868 4085 orbem
896 4034 1060 4083 terrae
1086 4027 1441 4098 judicaturus
1471 4027 1748 4080 adveniet.

499 4145 636 4202 CAP.
667 4143 818 4199 XIII.
855 4175 916 4186 --
951 4161 977 4195 (ι
1012 4143 1141 4196 Haec
1169 4159 1271 4198 nos
1301 4141 1592 4198 audientes
1614 4159 1648 4195 a
1669 4141 1877 4196 sanctis
1893 4141 2025 4198 viris

421 4234 550 4298 illis,
589 4250 652 4286 ac
671 4234 740 4286 de
771 4233 936 4302 longe
966 4249 1060 4286 eos
1091 4231 1420 4291 salutantes,
1455 4229 1916 4300 pertransivixnus
1949 4230 2026 4285 lo-

425 4339 558 4378 cum
572 4321 779 4394 ipsum,
796 4325 853 4376 et
872 4337 972 4396 per
988 4319 1361 4392 quadraginta
1381 4318 1675 4374 continuos
1694 4319 1813 4374 dies
1833 4319 2028 4376 ambu-

424 4409 681 4474 lavimus,
715 4408 934 4462 nullum
980 4407 1208 4462 omnino
1255 4406 1442 4463 cibum
1481 4412 1785 4473 sumentes,
1817 4423 2025 4480 aquam

2101 3251 2252 3312 stris,
2286 3251 2552 3304 irruimus
2593 3269 2762 3322 super
2798 3269 2892 3305 eos
2925 3258 3173 3322 repente,
3221 3252 3328 3324 ipsi
3373 3258 3566 3307 autem
3599 3253 3705 3306 hoc

2101 3345 2410 3405 cernentes,
2436 3341 2727 3394 confestim
2748 3341 2892 3394 ﬁlios
2921 3358 3051 3395 suos
3079 3341 3432 3411 arripientes,
3454 3341 3704 3396 striden-

2103 3435 2298 3499 tesque
2318 3429 2596 3494 dentibus,
2616 3431 2780 3484 citius
2796 3431 3136 3500 aufugerunt
3147 3447 3357 3486 omnes.
3373 3431 3488 3485 Nos
3510 3437 3702 3484 autem

2103 3517 2402 3571 Dominum
2431 3519 2886 3585 collaudavimus,
2921 3519 3016 3589 qui
3036 3518 3244 3588 eripuit
3270 3535 3397 3586 nos;
3429 3525 3486 3572 et
3512 3525 3705 3575 trans-

2103 3613 2300 3660 euntes
2327 3608 2556 3672 ﬂumen,
2589 3607 2902 3662 invenimus
2924 3606 3124 3660 herbas
3149 3607 3414 3662 candidas
3443 3613 3501 3661 et
3523 3608 3702 3674 albas,

2103 3696 2246 3749 sicut
2267 3696 2377 3760 lac;
2396 3696 2584 3749 dulces
2601 3697 2752 3750 velut
2772 3697 2901 3759 mel,
2927 3697 3069 3749 altas
3082 3712 3208 3749 vero
3231 3713 3408 3768 usque
3430 3696 3500 3749 ad
3525 3714 3706 3752 unum

2103 3786 2372 3838 cubitum.
2406 3785 2806 3839 Manducantes
2837 3786 3025 3855 itaque
3067 3785 3135 3838 de
3163 3784 3350 3838 herbis
3392 3785 3702 3846 melliﬂuis,

2103 3891 2167 3927 ac
2198 3891 2298 3930 nos
2331 3881 2651 3929 saturantes
2680 3891 2744 3928 ex
2775 3875 2874 3939 eis,
2906 3874 3220 3944 gratiarum
3249 3875 3498 3928 actiones
3529 3877 3704 3928 Crea-

2107 3964 2216 4018 tori
2243 3964 2496 4018 omnium
2519 3963 2844 4029 obtulimus,
2884 3963 2978 4033 qui
3008 3979 3110 4017 nos
3141 3980 3240 4033 per
3279 3968 3438 4016 tanta
3464 3964 3706 4017 servavit

2109 4053 2378 4122 pericula,
2407 4069 2471 4107 ac
2496 4052 2746 4122 gratuita
2769 4069 2872 4105 nos
2905 4070 3006 4106 sua
3034 4053 3217 4122 gratia
3238 4052 3542 4107 nutriebat.
3588 4054 3706 4106 Nos

2108 4141 2328 4198 interea
2358 4141 2468 4196 iter
2501 4147 2733 4210 agentes
2761 4158 2860 4211 per
2889 4141 3068 4208 devia,
3107 4141 3290 4195 subito
3320 4142 3584 4195 semitam
3614 4143 3703 4195 in-

2105 4230 2358 4287 venimus
2389 4231 2698 4300 speciosam
2723 4248 2736 4296 ;
2781 4237 2840 4283 et
2864 4231 3127 4284 cadentes
3155 4229 3212 4284 in
3235 4236 3466 4291 terram,
3501 4231 3703 4284 adora-

2105 4319 2288 4376 vimus
2323 4326 2380 4373 et
2427 4319 2866 4374 collwdavimus
2905 4319 3204 4374 Dominum
3256 4319 3698 4382 misericordem,

2107 4408 2203 4478 qui
2231 4425 2354 4464 eam
2383 4409 2542 4463 nobis
2567 4409 2989 4462 demonstravit.
3026 4428 3052 4462 υ

423 4503 644 4554 tantum
660 4497 932 4553 bibentes.
951 4495 1384 4550 Ambulantibus
1397 4512 1528 4566 ergo
1544 4495 1723 4562 nobis,
1739 4495 1922 4552 subito
1935 4513 2025 4550 vo-
2041 4505 2095 4568 ι)
2176 4498 2312 4553 CAP.
2342 4498 2460 4552 XV.
2493 4527 2560 4542 -ο
2590 4497 2768 4566 Igitur
2794 4513 2894 4568 per
2911 4497 3032 4551 dies
3052 4497 3328 4568 plurimos
3353 4497 3536 4568 ipsam
3554 4498 3705 4551 viam

425 4605 516 4645 ces
531 4587 721 4664 p0puli
736 4585 1216 4657 innumerabilisﬂ
1229 4584 1282 4655 6)
1305 4585 1619 4640 audivimus
1639 4585 2018 4656 psallentium,

425 4683 484 4732 et
511 4679 648 4734 odor
665 4676 1046 4743 suavissimus,
1079 4674 1238 4746 quasi
1269 4674 1501 4730 balsami
1525 4674 1720 4746 optimi
1744 4681 1800 4730 et
1818 4675 2023 4748 pretio-

430 4763 659 4830 sissimi,
691 4764 842 4818 venit
869 4763 1048 4832 nobis,
1084 4768 1141 4816 et
1169 4763 1315 4818 sicut
1353 4763 1422 4818 de
1458 4763 1638 4820 mellis
1667 4764 1788 4817 favo
1813 4763 2022 4818 dulcis-

401 4853 592 4917 'simo,
621 4868 682 4904 os
708 4857 964 4906 nostrum
989 4851 1376 4906 indulcoravit.
1402 4853 1481 4908 De
1503 4851 1833 4908 suavissimo
1851 4852 2025 4924 igitur

429 4939 619 4996 odoris
649 4943 892 5006 nectare,
925 4955 990 4992 ac
1009 4939 1248 4995 caelestis
1276 4939 1519 4996 melodia
1536 4941 1830 4996 cantilena
1857 4956 2024 5014 sopor

428 5043 532 5082 nos
552 5026 809 5102 arripuit.
836 5027 970 5081 Post
998 5027 1276 5083 modicum
1305 5034 1496 5084 autem
1517 5033 1810 5097 surgentes
1830 5045 1860 5081 e
1880 5045 2024 5084 som-

428 5133 522 5184 no,
571 5115 812 5170 vidimus
858 5120 988 5170 ante
1025 5113 1126 5170 nos
1168 5117 1478 5184 ecclesiam,
1528 5115 1775 5176 mirabili
1821 5122 2023 5172 ornatu

431 5206 772 5271 decoratam,
805 5221 870 5280 ac
894 5205 1377 5277 pretiosissimam,
1414 5222 1536 5278 quae
1565 5211 1685 5258 tota
1715 5206 1874 5278 quasi
1905 5223 2024 5278 cry-

429 5293 656 5346 stallina
693 5292 1004 5361 videbatur,
1037 5294 1096 5348 in
1126 5295 1312 5349 medio
1343 5300 1532 5348 autem
1577 5293 1755 5363 ipsius
1783 5295 2026 5350 ecclesia:

433 5382 611 5437 altare
640 5382 1032 5446 honoriﬁcum,
1065 5387 1123 5436 et
1150 5383 1219 5436 de
1239 5382 1403 5436 altari
1437 5398 1584 5454 aqua
1613 5383 2022 5454 egrediebatur,

431 5487 554 5542 qua:
577 5471 736 5525 lactis
757 5471 1137 5526 candidissimi
1167 5471 1410 5526 colorem
1423 5469 1682 5526 habebat.
1705 5472 1816 5528 Nos
1835 5479 2027 5530 autem

410 5561 636 5634 ‘aquam
665 5561 841 5632 ipsam
867 5559 927 5616 in
946 5560 1181 5613 veritate
1211 5559 1296 5612 lac
1323 5559 1686 5634 speravimus.
1705 5561 1768 5616 In
1789 5561 2026 5620 circuitu

428 5661 562 5706 vero
591 5645 760 5702 fontis
787 5649 940 5704 illius
971 5647 1196 5708 stabant
1224 5647 1327 5703 viri
1357 5647 1534 5707 sancti
1562 5654 1622 5706 et
1647 5649 2022 5722 honorabiles,

2105 4593 2422 4656 sequentes,
2451 4587 2679 4640 tandem
2706 4586 2775 4640 ad
2805 4587 3126 4657 speluncam
3157 4587 3514 4656 pervenimus
3533 4587 3706 4642 hono-

2104 4675 2359 4730 rabilem.
2389 4676 2545 4730 Tune
2567 4676 2856 4746 signaculo
2878 4680 3084 4730 sanetae
3103 4675 3285 4728 erucis
3306 4675 3574 4730 membris
3604 4691 3705 4730 un-

2104 4763 2274 4834 dique
2298 4765 2552 4829 munitis,
2583 4764 2643 4817 in
2662 4764 2919 4818 eamdem
2936 4763 3177 4833 ingressi
3207 4778 3401 4817 sumus
3425 4770 3700 4834 cryptam,

2103 4852 2198 4906 sed
2221 4853 2436 4907 nullum
2461 4853 2537 4906 ibi
2559 4852 2906 4907 invenientes
2937 4853 3332 4918 habitatorem,
3353 4852 3600 4906 diximus
3623 4854 3706 4906 in-

2103 4945 2192 4994 ter
2219 4957 2322 4998 nos
2354 4961 2365 4995 :
2402 4941 2673 4998 Munditia
2697 4941 2812 4996 haec
2827 4957 2938 4996 non
2963 4947 3068 5006 est,
3100 4941 3211 4996 nisi
3237 4941 3307 4994 de
3335 4956 3506 4996 manu
3527 4941 3705 4994 homi-

2105 5029 2212 5084 nis.
2243 5031 2570 5088 Maneamus
2587 5047 2721 5100 ergo
2739 5030 2846 5096 hic,
2879 5047 3056 5104 usque
3086 5031 3158 5084 ad
3181 5035 3370 5096 ,σε
3387 5045 3708 5099 vesperam,

2105 5123 2161 5172 et
2174 5118 2361 5173 videre
2374 5118 2703 5176 habebimus
2719 5118 2824 5174 loci
2839 5119 3008 5188 huius
3025 5117 3419 5175 habitatorem.
3444 5116 3547 5172 His
3569 5132 3706 5184 ergo

2103 5207 2288 5275 dictis,
2321 5224 2435 5265 una
2463 5208 2620 5274 hora,
2652 5214 2847 5278 utpote
2876 5207 3032 5273 lassi,
3064 5206 3394 5271 resedimus,
3431 5212 3490 5260 et
3515 5205 3704 5260 subito

2107 5296 2278 5352 odore
2323 5296 2655 5352 suavissima
2690 5295 2916 5367 perfusi,
2965 5294 3428 5351 obdormivimus.
3457 5294 3704 5349 Rursum

2107 5385 2281 5455 igitur
2309 5403 2478 5456 parvo
2503 5385 2795 5442 intervallo
2825 5384 3050 5439 excitati
3077 5401 3112 5438 ε,
3137 5400 3354 5448 somno,
3392 5382 3544 5437 foras
3585 5399 3703 5452 spe-

2109 5475 2332 5530 luncam
2361 5475 2649 5540 exivimus,
2679 5481 2739 5529 et
2767 5480 2961 5528 contra
3002 5473 3288 5529 Orientem
3318 5471 3699 5542 respeximus;

2107 5568 2164 5620 et
2193 5579 2318 5619 ecce
2347 5563 2532 5619 subito
2557 5565 2798 5633 ﬁguram
2827 5562 3068 5618 hominis
3096 5562 3320 5631 alonge
3351 5559 3704 5631 proponimus

2105 5651 2366 5722 vidimus,
2397 5653 2559 5723 cuius
2587 5651 2774 5724 capilli
2799 5651 3018 5723 capitis,
3043 5652 3222 5712 instar
