3878 6392
111 335 206 398 421

1171 335 1342 400 νιΤΑ
1379 334 1638 399 SANCTI
1674 334 1985 401 MACARII
2023 336 2328 402 ROMANI.

3272 352 3378 411 4‘22

113 461 233 520 simi
261 464 360 520 aut
387 459 550 528 nivis,
595 461 754 536 quasi
785 461 844 520 in
879 476 1013 519 aera
1051 461 1320 528 volantes,
1365 464 1550 516 totum
1595 457 1696 516 viri
1714 456 2096 530 Aexspectate
2126 461 2456 535 paululum;
2486 463 2664 522 habeo
2690 467 2840 522 enim
2868 469 3059 528 leones
3087 471 3248 538 duos,
3279 475 3376 543 qui

111 567 303 626 corpus
331 555 694 621 operuerunt.
727 550 854 620 Ipse
885 555 1074 606 autem
1098 567 1242 616 mox,
1270 555 1334 604 ut
1360 565 1506 604 nosa
1535 549 1699 618 longe

111 639 362 712 respexit,
388 639 752 709 semetipsum
773 639 832 694 in
863 646 1072 696 terram
1086 639 1321 714 projecit
1334 637 1609 712 protinus,
1635 653 1700 690 ac

112 743 327 784 rursum
359 727 582 784 elevans
612 743 690 792 se,
715 726 787 780 ad
804 725 996 782 nosita
1009 725 1252 784 clamare
1270 725 1438 798 coepit
1471 743 1481 776 :
1517 723 1575 780 Si
1605 740 1698 775 vos

113 833 172 874 ex
199 816 313 874 Deo
347 816 500 881 estis,
526 822 730 870 sanctae
757 815 936 871 crucis
950 815 1238 884 signaculo
1259 813 1475 867 munite
1497 830 1608 880 vos,
1628 812 1697 866 ad

111 922 194 964 me
217 921 394 976 usque
424 911 790 978 properantes
810 923 821 972 ;
841 904 927 960 sin
945 911 1133 958 autem
1157 921 1220 957 ex
1251 902 1492 963 diabolo,
1523 901 1696 972 fugite

109 1010 142 1046 a
166 1010 286 1050 meo
306 992 408 1053 Dei
439 1010 614 1050 servo.
641 994 772 1050 Haec
795 1011 860 1048 eo
881 993 1118 1060 dicente,
1144 993 1245 1046 tali
1278 1009 1406 1048 voce
1434 991 1696 1045 alfatisu-

108 1099 255 1141 mus:
305 1083 550 1140 Benedic
578 1081 760 1146 nobis,
805 1083 974 1138 Pater
999 1088 1208 1150 sancte,
1237 1089 1292 1136 et
1321 1080 1435 1138 noli
1456 1080 1694 1152 turbari,

113 1172 367 1246 quoniam
385 1179 443 1230 et
457 1189 558 1230 nos
580 1171 722 1226 servi
752 1188 946 1230 sumus
974 1172 1102 1226 Jesu
1127 1171 1354 1234 Christi,
1386 1168 1609 1224 Domini
1639 1175 1698 1223 et

113 1261 410 1320 Salvamris
465 1262 662 1320 nostri.
697 1261 1162 1318 Renuntiavimus
1185 1260 1462 1330 siquidem
1494 1260 1695 1314 saeculo

111 1350 232 1410 huic
256 1351 668 1424 vano,factique
687 1367 883 1407 sumus
897 1349 1176 1410 monachi.
1202 1349 1359 1406 Talia
1378 1355 1442 1404 ut
1461 1349 1692 1418 audivit,

111 1439 247 1494 illico
271 1439 342 1498 ad
371 1457 475 1498 nos
502 1440 685 1508 venit;
737 1449 792 1496 et
836 1456 1036 1497 manus
1067 1457 1198 1496 suas
1227 1437 1299 1494 ad
1346 1439 1545 1492 caelum
1577 1438 1692 1491 ele-

1781 565 1882 617 per
1912 549 2058 608 diem
2107 550 2256 606 foras
2285 551 2675 624 ambulantes(
2692 555 2793 624 19),
2821 575 2949 614 sero
2977 561 3046 616 ad
3071 578 3161 617 me
3189 579 3377 618 rever-

1780 641 2000 706 tuntur,
2022 655 2092 694 ne
2111 639 2248 710 ipsis
2267 640 2452 697 subito
2485 643 2855 713 venientibus,
2891 649 3024 706 mali
3041 650 3254 721 aliquid
3274 670 3375 724 pa—

1781 725 2000 782 tiamini
2025 727 2094 782 ab
2123 729 2222 784 eis.
2269 729 2442 786 Nobis
2489 748 2622 802 ergo
2671 750 2798 791 cum
2828 753 3032 806 pavore
3081 741 3375 810 paululum

1781 815 2129 880 exeuntibus,
2179 818 2368 874 leones
2398 820 2672 890 rugiendo
2702 826 2977 896 extemplo
3005 828 3374 900 advenerunt,

1780 909 1838 956 et
1873 903 2056 974 ipsum
2077 912 2330 960 sanctum
2347 909 2446 961 Dei
2468 910 2861 970 adoraverunt.
2885 915 3010 984 Ipse
3027 933 3154 971 vero
3175 935 3377 974 manus

1779 1008 1948 1064 super
1975 1011 2070 1048 eos
2098 1011 2330 1068 ponens,
2367 1014 2432 1050 ac
2460 999 2598 1054 colla
2623 1000 2964 1070 demulcens,
2999 1005 3203 1061 aitillis
3235 1024 3249 1060 :
3281 1008 3375 1062 Fi-

1780 1079 1896 1138 lioli
1924 1081 2056 1149 mei,
2088 1082 2219 1140 boni
2239 1085 2442 1142 fratres
2501 1093 2618 1144 tres
2646 1089 2716 1144 de
2745 1092 2946 1149 saeculo
2999 1101 3278 1152 venerunt
3302 1097 3375 1150 ad

1778 1171 2340 1238 nos,nefaciatisillis
2377 1177 2606 1234 malum.
2641 1179 2922 1236 Continuo
2961 1199 3062 1238 nos
3081 1184 3374 1248 advocans,

1777 1257 1917 1316 dixit
1948 1279 1964 1312 :
2019 1259 2262 1330 Fratres,
2288 1263 2494 1330 venite,
2547 1273 2604 1320 et
2643 1267 2764 1338 jam
2801 1268 3002 1326 timere
3030 1272 3223 1327 nolite.
3258 1275 3375 1330 Nos

1778 1362 1906 1402 vero
1934 1364 2062 1406 cum
2071 1366 2274 1420 pavore
2295 1350 2468 1410 nimio
2503 1353 2798 1422 intrantes,
2814 1357 3176 1416 salutavimus
3191 1361 3373 1429 illum,

1777 1440 1835 1490 et
1854 1437 2174 1508 vespertina
2215 1440 2411 1512 synaxi
2447 1442 2746 1510 celebrata,
2777 1446 3106 1513 resedimus,
3141 1449 3376 1517 glandes

112 1544 256 1595 vans,
293 1528 507 1586 diutius
557 1529 736 1584 oravit
767 1546 783 1594 ;
825 1535 881 1584 et
919 1527 1155 1599 surgens
1201 1527 1270 1580 ab
1301 1527 1572 1596 oratione,
1606 1543 1694 1582 ca-
1775 1540 1840 1580 ac
1868 1525 2172 1584 herbarum
2201 1529 2416 1588 radices
2444 1547 2547 1601 pro
2585 1531 2708 1590 cibo
2736 1542 3044 1600 sumentes,
3077 1542 3136 1590 et
3166 1554 3372 1609 aquam

111 1617 263 1690 pillos
286 1617 356 1675 ab
385 1635 484 1676 ore
513 1624 568 1672 et
591 1618 733 1672 facie
765 1634 868 1674 sua
896 1617 1118 1684 tollens,
1145 1616 1432 1672 benedixit
1459 1633 1579 1676 nos,
1627 1633 1692 1672 ac
1776 1611 2029 1670 bibentes
2049 1633 2175 1674 cum
2203 1618 2449 1674 silentio.
2473 1620 2638 1678 Mane
2667 1628 2858 1680 autem
2879 1623 3044 1692 facto,
3077 1626 3249 1683 locuti
3274 1645 3373 1684 su-

109 1705 312 1763 locutus
333 1713 424 1764 est
435 1706 616 1764 nobis.
634 1706 817 1782 Ipsius
836 1723 964 1760 vero
993 1705 1177 1780 capilli
1206 1705 1403 1776 capitis
1416 1723 1480 1758 ac
1506 1704 1691 1760 barbae
1710 1701 1894 1759 Bmus
1913 1705 2030 1760 viro
2055 1713 2268 1774 sancto,
2287 1708 2566 1766 dicentes:
2612 1711 2781 1768 Pater
2808 1720 3000 1772 sancte
3031 1721 3089 1771 et
3117 1717 3360 1782 domine,

105 1794 216 1866 (i7)
233 1799 393 1850 erant
432 1794 655 1854 candidi
676 1801 740 1850 ut
769 1795 872 1859 lae,
915 1794 1193 1868 faciesque
1207 1795 1328 1866 ejus
1346 1795 1489 1850 sicut
1505 1795 1690 1850 vultus
1773 1791 2131 1850 obsecramus
2167 1801 2322 1852 tuam
2355 1797 2862 1866 beatitudinem,ut
2891 1806 3370 1862 conversationem

110 1883 302 1954 angeli.
337 1884 474 1940 Erat
494 1883 641 1939 enim
671 1885 815 1942 sicut
832 1884 1046 1956 lignum
1077 1901 1237 1938 secus
1265 1901 1542 1954 aquarum
1590 1884 1689 1950 de-

108 1989 288 2026 cursus
311 1973 630 2046 plantatum
655 1975 817 2040 (Psal.
841 1967 896 2045 ι),
949 1978 1007 2026 et
1037 1989 1151 2046 prae
1179 1979 1465 2028 senectute
1490 1972 1684 2038 nimia,

107 2061 238 2116 oculi
272 2063 395 2132 ejus
423 2079 541 2120 non
563 2061 980 2132 aperiebantur,
1013 2079 1078 2116 eo
1099 2062 1247 2132 quod
1266 2062 1564 2134 supercilia
1593 2079 1689 2118 eos

107 2149 524 2229 cooperiebant;
557 2153 782 2221 ungulae
815 2167 1036 2224 quoque
1057 2167 1328 2210 manuum
1351 2152 1470 2226 ejus
1501 2167 1566 2206 ac
1595 2167 1688 2223 pe-

105 2239 228 2298 dum
247 2239 424 2310 longa:
446 2240 635 2304 nimis,
669 2239 839 2298 barba
877 2257 1006 2296 vero
1020 2246 1077 2295 et
1105 2240 1312 2311 capilli,
1335 2257 1537 2310 corpus
1565 2241 1687 2310 ejus

105 2345 256 2387 omne
274 2329 764 2404 circumdederunt
787 2347 798 2384 :
820 2329 1042 2402 loquela
1057 2330 1208 2386 illius
1239 2330 1417 2394 exilis,
1443 2336 1500 2386 et
1529 2330 1687 2401 quasi

104 2416 166 2470 de
196 2417 574 2488 profunditate
594 2417 798 2476 emissa
819 2437 831 2486 ;
852 2418 998 2474 cutis
1015 2417 1175 2477 faciei
1195 2419 1317 2496 ejus
1343 2418 1503 2492 quasi
1525 2419 1686 2492 pellis

105 2507 403 2564 testudinis.
1612 2580 1616 2584 ν

167 2596 289 2654 CAP.
312 2596 456 2654 XVI.
511 2627 576 2637 -
619 2597 774 2655 Tunc
818 2597 935 2672 ipse
991 2613 1116 2652 cum
1167 2595 1428 2668 lacrymis
1467 2596 1538 2652 ad
1583 2612 1684 2654 nos

104 2699 314 2740 exorsus
343 2691 430 2742 est
458 2685 566 2743 ita:
589 2686 812 2744 Fratres
843 2685 980 2746 mihi
996 2685 1293 2750 benedicti,
1327 2685 1473 2742 unde
1497 2685 1630 2739 estis
1660 2684 1684 2738 ?

103 2773 177 2828 vel
203 2775 346 2832 unde
367 2776 475 2830 huc
487 2775 829 2832 advenistis?
861 2775 1027 2830 dicite
1053 2774 1210 2830 nobis
1239 2775 1483 2845 qualiter
1501 2791 1558 2830 se.
1588 2775 1684 2830 ha-

105 2861 217 2916 beat
241 2880 416 2937 genus
427 2865 764 2930 humanum,
793 2865 875 2919 vel
893 2863 1172 2935 quomodo
1194 2864 1330 2918 ﬁdes
1343 2864 1683 2920 Christiano-

105 2968 234 3019 rum,
274 2960 330 3006 et
357 2953 405 3008 si
458 2953 756 3012 Sarraceni
785 2954 870 3008 vel
903 2953 1108 3010 ethnici
1159 2953 1429 3008 hactenus
1471 2953 1680 3008 Christi

105 3041 292 3114 populo
308 3042 760 3116 persecutionem
790 3042 1198 3114 ingerunt.Nos
1214 3042 1404 3112 itaque
1428 3048 1492 3098 ut
1513 3042 1683 3096 inter-

1772 1885 1931 1936 tuam
1955 1882 2116 1938 nobis
2147 1901 2394 1954 enarres,
2411 1893 2468 1941 et
2483 1890 2762 1958 quomodo
2782 1890 2908 1956 huc,
2933 1899 3032 1948 aut
3050 1894 3200 1950 unde
3213 1897 3400 1964 veni-j

1771 1970 1864 2036 sti,
1897 1977 1954 2028 et
1982 1989 2092 2042 quo
2116 1973 2346 2031 nomine
2374 1976 2606 2043 voceris,
2639 1977 2843 2036 edicito
2873 1979 3051 2037 nobis.

1843 2061 1974 2118 CAP.
1996 2062 2273 2120 XVIII.--
2300 2065 2376 2120 At
2393 2071 2620 2122 sanctus
2642 2067 2805 2123 nobis
2823 2069 2936 2126 tale
2965 2069 3121 2124 dedit
3142 2087 3369 2141 respon-

1770 2165 1892 2206 sum
1926 2167 1938 2204 :
1995 2150 2131 2221 Ego,
2178 2151 2378 2224 inquit,
2413 2154 2492 2208 mi
2532 2157 2904 2216 amantissimi
2927 2157 3128 2216 fratres
3157 2165 3214 2214 et
3241 2161 3364 2228 ﬁlii,

1769 2236 2046 2294 Macarius
2066 2255 2249 2308 vocor,
2282 2241 2341 2296 in
2372 2243 2548 2313 regali
2567 2244 2793 2300 civitate
2823 2252 2990 2304 natus
3010 2253 3068 2304 et
3095 2249 3362 2315 nutritus,

1770 2326 1920 2382 ﬁlius
1974 2327 2074 2382 viri
2124 2329 2383 2397 Romani,
2419 2332 2516 2401 qui
2562 2333 2808 2404 inclytus
2835 2335 2960 2401 fuit,
2998 2337 3137 2394 etin
3191 2337 3366 2408 impe—

1769 2415 1895 2471 riali
1933 2417 2180 2490 pollebat
2197 2419 2438 2476 civitate.
2464 2421 2603 2478 Cum
2621 2427 2810 2478 autem
2830 2425 3074 2494 pueriles
3094 2428 3362 2482 excessis-

1767 2521 1882 2559 sem
1903 2521 2102 2573 annos,
2125 2523 2215 2564 me
2244 2514 2514 2566 renuente
2541 2527 2605 2565 ac
2635 2512 2879 2576 nolente,
2905 2519 3067 2583 pater
3082 2531 3242 2570 meus
3263 2517 3362 2571 de-

1767 2594 2052 2666 sponsavit
2077 2595 2213 2652 mihi
2232 2613 2484 2663 uxorem,
2515 2599 2775 2673 diemque
2796 2603 2995 2656 statuit
3009 2603 3355 2674 nuptiarum.

1767 2683 1988 2738 Interea
2001 2685 2250 2741 thalamo
2264 2687 2558 2751 adornato,
2579 2706 2705 2742 cum
2717 2690 2837 2759 jam
2847 2692 3164 2761 frequentia
3175 2693 3364 2764 populi

1764 2771 1961 2827 fuisset
1993 2773 2245 2840 invitata,
2278 2782 2335 2834 et
2350 2793 2555 2846 sponsa
2577 2779 2826 2842 sedente,
2852 2787 3012 2850 pater
3039 2798 3199 2836 meus
3217 2781 3364 2837 hila-

1764 2859 1879 2917 rior
1906 2862 2154 2928 allectus,
2179 2871 2408 2921 cunctos
2428 2865 2691 2922 invitatos
2721 2869 2978 2926 hortatur
3007 2870 3079 2925 ad
3109 2871 3364 2942 voluptav

1764 2954 1876 3004 tam
1907 2951 2162 3009 convivii.
2181 2952 2454 3010 Omnibus
2483 2961 2692 3022 autem,
2727 2957 2824 3028 qui
2845 2958 3100 3023 aderant,
3120 2959 3260 3030 jocis
3297 2977 3364 3014 ac

1764 3039 2155 3098 saltationibus
2185 3043 2434 3110 intentis,
2456 3044 2650 3100 furtim
2664 3046 2826 3110 exivi,
2850 3053 2906 3102 et
2929 3047 3159 3104 domum
3183 3048 3363 3104 viduae

105 3131 272 3202 rogati
302 3149 520 3197 sumus,
553 3131 603 3186 ei
626 3149 726 3202 per
755 3131 1006 3188 ordinem
1042 3147 1369 3201 responsum
1402 3131 1678 3198 dedimus,
1699 3139 1743 3201 ο
1763 3129 2062 3198 cujusdam
2091 3130 2384 3188 familiaris
2404 3133 2626 3199 intravi,
2650 3151 2715 3190 ac
2733 3141 2948 3206 septem
2971 3136 3091 3191 dies
3111 3154 3238 3191 cum
3264 3137 3364 3192 illa

103 3217 254 3274 simul
273 3220 522 3276 dicentes
543 3221 830 3290 angustias
853 3227 909 3276 et
929 3219 1192 3294 pericula,
1213 3237 1334 3292 quae
1347 3237 1681 3294 peromnem
1762 3218 1992 3274 latitans
2003 3221 2507 3289 permansi.‘329
2534 3224 2660 3293 Ipsa
2682 3230 2870 3282 autem
2904 3223 3100 3280 diebus
3124 3225 3361 3296 singulis

104 3309 235 3378 passi
265 3326 458 3366 sumus
487 3309 656 3372 viam,
689 3317 743 3368 et
789 3311 920 3380 quia
959 3311 1214 3368 voluntas
1245 3326 1308 3366 ac
1337 3310 1679 3369 desiderium
1763 3306 1992 3362 domum
2025 3309 2200 3381 patris
2231 3309 2341 3366 mei
2371 3310 2647 3379 ingressa,
2672 3311 2884 3370 audivit
2897 3329 3021 3382 quae
3041 3313 3110 3370 de
3127 3331 3254 3368 mea
3277 3315 3361 3368 in-

1763 3395 2065 3466 quisitione
2096 3397 2497 3468 loquebantur;
2517 3405 2574 3456 et
2596 3399 2844 3465 veniens,
2876 3407 3078 3458 cuncta
3107 3403 3248 3457 mihi
3276 3420 3361 3457 re-

1761 3484 1975 3555 plicans
1993 3485 2151 3542 dixit.
2183 3487 2350 3542 Pater
2368 3492 2557 3546 autem
2581 3505 2742 3546 meus
2759 3506 2885 3544 cum
2903 3507 2993 3546 me
3013 3491 3262 3561 undique
3277 3509 3362 3546 re-

1763 3573 2036 3644 quirendo
2090 3591 2204 3630 non
2250 3575 2546 3643 inveniret,
2580 3578 2734 3636 ﬂevit
2761 3579 3130 3648 amarissime,
3176 3581 3274 3636 sed
3304 3587 3362 3636 et

1764 3669 1963 3730 mater,
1992 3681 2056 3718 ac
2085 3670 2204 3720 tota
2216 3665 2450 3720 familia.
2475 3667 2681 3722 Octava
2701 3667 2898 3726 exinde
2921 3669 3029 3732 die,
3052 3669 3108 3726 id
3125 3676 3230 3735 est,
3257 3687 3360 3724 no-

1763 3756 1850 3807 cte
1882 3750 2195 3816 Dominica,
2227 3751 2520 3810 mulierem
2551 3753 2705 3808 illam
2729 3755 2986 3818 salutavi,
3017 3761 3074 3812 et
3101 3772 3360 3825 egressus

1763 3838 1822 3898 in
1859 3839 2138 3912 publicam
2185 3841 2350 3909 viam,
2383 3841 2569 3896 inveni
2602 3842 2784 3898 virum
2825 3844 3126 3914 quemdam
3155 3845 3360 3900 canitie

1763 3927 2156 3994 venerabilem,
2193 3929 2352 4000 quasi
2383 3931 2453 3987 ad
2474 3930 2878 3988 ambulandum
2919 3940 3179 4003 paratum
3209 3939 3360 3988 stan-

1763 4021 1896 4073 tem.
1930 4017 2110 4080 Quem
2140 4018 2401 4084 adorans,
2425 4017 2554 4074 dixi:
2578 4019 2699 4083 Quo
2712 4036 2944 4090 pergere
2961 4019 3155 4086 habes,
3173 4021 3362 4076 senior

1763 4107 1992 4162 sancte?
2016 4107 2090 4162 At
2118 4106 2212 4162 ille
2231 4106 2398 4164 hilari
2420 4107 2578 4164 vultu
2609 4107 2680 4162 ad
2711 4124 2803 4166 me
2829 4125 3150 4175 conversus,
3171 4109 3315 4166 dixit
3343 4128 3355 4165 :

109 4198 269 4263 Quam
291 4201 358 4258 ob
383 4219 633 4268 causam,
653 4201 900 4273 inquam,
922 4201 999 4259 mi
1017 4200 1274 4268 Domine,
1293 4200 1354 4256 in
1367 4206 1536 4258 antea
1558 4216 1680 4272 per-
1763 4195 1885 4258 Quo
1912 4201 1978 4253 tu
1996 4195 2077 4252 ire
2099 4196 2402 4264 desideras,
2428 4213 2534 4264 ego
2545 4202 2732 4254 tecum
2753 4197 2833 4252 ire
2855 4198 3108 4269 dispono,
3131 4214 3196 4254 eo
3212 4199 3362 4270 quod

110 4303 226 4357 gere
255 4309 362 4349 non
388 4290 562 4350 licet?
585 4291 801 4346 Atille:
835 4291 915 4352 De
936 4289 1060 4356 isto,
1097 4289 1297 4362 inquit,
1331 4290 1452 4344 loco
1481 4288 1680 4360 viginti
1763 4283 1970 4342 itinera
2021 4285 2146 4358 ipsa
2173 4285 2312 4342 mihi
2359 4286 2564 4358 oppido
2607 4292 2740 4346 sunt
2775 4287 3018 4357 cognita.
3051 4289 3208 4346 Tunc
3257 4305 3361 4358 ego

110 4385 224 4434 sunt
236 4380 495 4440 milliaria
510 4397 686 4450 usque
706 4380 776 4434 ad
793 4379 1136 4450 paradisum,
1159 4377 1253 4435 ubi
1273 4379 1452 4436 Adam
1485 4384 1542 4434 et
1571 4379 1682 4435 Eva
1764 4373 2128 4440 confortatus,
2153 4375 2293 4448 εαξρὶ
2337 4375 2623 4432 hominem
2651 4375 2828 4446 sequi.
2874 4377 2982 4435 Per
3009 4377 3210 4434 domus
3232 4393 3360 4434 vero

110 4463 160 4520 in
182 4467 384 4528 deliciis
399 4474 582 4526 erant.
607 4469 802 4526 Posuit
820 4468 1062 4544 denique
1078 4467 1349 4528 Dominus
1379 4473 1509 4524 ante
1526 4485 1680 4526 eum-
1697 4457 1745 4522 D
1764 4462 1962 4518 exinde
1982 4463 2259 4518 intrantes
2282 4463 2508 4529 vicinas,
2541 4481 2640 4534 per
2660 4463 2803 4518 viam
2821 4481 3023 4535 panem
3040 4465 3364 4534 rogavimus

111 4553 220 4610 dem
242 4559 563 4630 paradisum
590 4556 876 4612 cherubim
893 4575 1018 4612 cum
1042 4557 1210 4628 ignea
1229 4557 1539 4628 rhomphea
1567 4557 1682 4626 (18)
1764 4551 2034 4624 accipere,
2067 4557 2124 4609 et
2161 4551 2497 4623 accepimus.
2538 4553 2648 4608 Per
2685 4552 2962 4622 plurimos
3002 4559 3193 4608 autem
3239 4553 3358 4609 dies

111 4649 260 4716 atque
279 4647 523 4712 volubili,
573 4647 644 4702 ad
672 4646 1098 4702 custodiendum
1121 4647 1243 4700 vita:
1272 4645 1490 4715 lignum
1521 4646 1676 4712 (Gen.
1763 4639 2134 4707 ambulantes,
2157 4639 2387 4698 tandem
2415 4639 2769 4714 pervenimus
2797 4641 2868 4696 ad
2897 4641 3081 4698 locum
3109 4647 3359 4698 tormen-

113 4735 198 4800 Iu);
211 4741 263 4790 et
271 4736 436 4794 habet
452 4755 488 4792 τι
497 4735 732 4810 pedibus
743 4753 920 4814 usque
931 4733 1003 4794 ad
1016 4733 1343 4788 umbilicum
1355 4733 1680 4794 similitudi-

1772 4733 1970 4793 torum,
2005 4735 2064 4784 et
2105 4729 2440 4786 intravimus
2492 4729 2780 4799 angustias
2826 4729 3044 4788 viarum
3082 4731 3356 4797 omnium,

112 4835 224 4884 nem
250 4824 509 4894 hominis,
533 4831 726 4898 pectus
749 4824 893 4880 sicut
913 4830 1106 4900 pectus
1136 4823 1334 4889 leonis,
1356 4839 1585 4880 manum
1609 4821 1682 4880 si-
1762 4818 1910 4873 unde
1922 4834 2016 4876 vos
2041 4817 2227 4875 venire
2238 4817 2476 4876 dixistis.
2505 4818 2647 4876 Cum
2660 4817 2878 4887 ergoad
2896 4817 3132 4888 triginta
3152 4819 3360 4878 milliar-

111 4917 192 4965 cut
203 4913 764 4988 crystallum,habens
783 4913 1032 4986 gladium
1050 4917 1114 4968 ut
1133 4918 1317 4970 servet
1332 4911 1679 4984 paradisum,
1763 4907 1846 4964 ria
1875 4924 2047 4981 prope
2076 4907 2260 4964 locum
2287 4905 2463 4964 istum
2485 4906 2849 4975 venissemus,
2881 4908 3127 4979 quadam
3155 4909 3247 4964 die
3277 4926 3361 4966 se-

113 5013 172 5052 ne
193 5001 384 5074 aliquis
431 5003 564 5060 illuc
601 5003 916 5075 proximare
944 5003 1142 5060 valeat.
1186 5003 1304 5072 Ego
1344 5001 1534 5078 itaque
1564 5001 1680 5060 hzec
1762 4995 2024 5052 dentibus
2056 4995 2236 5062 nobis,
2260 4995 2408 5051 inter
2447 4995 2572 5069 ipsa
2594 5001 2796 5052 mutua
2811 4997 3108 5068 colloquia,
3131 5005 3362 5070 repente

113 5089 322 5145 audiens
358 5092 428 5146 ab
454 5094 673 5164 angelo,
695 5092 936 5166 amplius
961 5109 1073 5148 non
1099 5091 1380 5162 respondi,
1405 5107 1506 5148 nec
1531 5090 1681 5146 ultra
1763 5086 1946 5142 socius
1975 5103 2133 5142 meus
2153 5083 2446 5156 disparuit.
2478 5085 2634 5142 Tunc
2661 5102 2768 5156 ego
2807 5087 3047 5144 nimium
3077 5087 3357 5152 turbatus,

115 5180 389 5246 procedere
437 5181 668 5240 tentavi.
719 5181 902 5252 Igitur
934 5197 1040 5252 ego
1071 5181 1432 5255 Theophilus,
1485 5186 1543 5236 et
1585 5179 1680 5234 iti-
1763 5181 1822 5234 et
1880 5192 1990 5246 quo
2039 5191 2128 5230 me
2171 5179 2466 5242 verterem,
2500 5173 2751 5244 ignarus,
2801 5175 3008 5232 cadens
3038 5175 3098 5232 in
3125 5180 3358 5241 tenam,

115 5267 246 5322 neris
269 5270 377 5324 mei
424 5270 557 5324 socii
583 5287 646 5326 ac
683 5270 906 5337 fratres,
947 5269 1060 5325 ista
1085 5287 1118 5324 a
1141 5275 1336 5328 sancto
1365 5269 1678 5336 audientes,
1765 5264 2096 5336 plangebam
2129 5262 2485 5320 validissime.
2521 5267 2590 5322 Et
2607 5280 2732 5320 ecce
2751 5264 3042 5320 confestim
3057 5263 3177 5320 sine
3203 5279 3362 5320 mora

117 5364 370 5424 prostrato
394 5362 547 5418 omni
575 5361 1270 5434 corpore,collaudavimus
1280 5359 1604 5430 Dominum,
1629 5363 1684 5414 et

1772 5354 1816 5409 is
1843 5353 1938 5426 qui
1967 5359 2100 5410 ante
2128 5353 2542 5424 disparuitcum
2565 5370 2770 5424 magna
2794 5353 3048 5410 claritate
3075 5352 3360 5422 apparuit,

117 5443 278 5514 ipsum
314 5467 534 5506 servum
561 5449 771 5510 Christi
797 5449 1184 5507 salutavimus.
1768 5451 1824 5498 et
1852 5445 1934 5499 ita
1962 5446 2166 5502 allatus
2185 5450 2274 5501 est
2301 5462 2416 5500 me:
2451 5443 2824 5508 Noliturbari,
2856 5441 3239 5504 dilectissime,
3257 5457 3361 5510 ego

177 5535 296 5594 Cm.
327 5538 498 5596 XVII.
532 5570 598 5584 -
617 5539 866 5610 Vespere
897 5544 1086 5596 autem
1115 5538 1280 5606 tacto,
1317 5538 1456 5599 dixit
1479 5537 1639 5597 nobis
1669 5555 1682 5593 :
1768 5533 1920 5591 enim
1947 5551 2074 5590 sum
2094 5535 2328 5606 angelus
2349 5532 2600 5605 Raphael
2628 5531 2761 5601 (20),
2795 5531 2852 5588 in
2883 5530 3230 5600 adjutorium
3258 5530 3366 5586 tibi
3429 5551 3446 5562 -

118 5621 319 5684 Fratres
365 5629 476 5687 mei
528 5627 902 5700 dilectissimi,
944 5627 1088 5684 exite
1125 5627 1274 5686 foras
1301 5628 1582 5696 cellulam,
1631 5631 1689 5685 et
1769 5640 1992 5690 missus,
2025 5623 2123 5696 qui
2144 5629 2200 5682 te
2227 5625 2336 5686 huc
2353 5624 2588 5697 perduxi
2606 5626 2887 5694 praecepto
2913 5619 3208 5680 Altissimi.
3251 5619 3367 5679 Do-

106 3407 238 3456 esset
260 3399 341 3458 ire
370 3400 467 3456 ubi
507 3401 709 3456 coelum
762 3407 924 3456 terrae
973 3417 1032 3454 se
1071 3400 1280 3473 jungit,
1332 3400 1676 3470 aperuimus.

104 3487 214 3558 Ipse
240 3495 426 3546 autem
457 3489 530 3546 ad
562 3489 678 3546 haec
705 3489 1167 3560 respondens,ait
1189 3507 1200 3542 :
1219 3488 1403 3550 Filioli
1426 3489 1535 3544 mei
1553 3489 1680 3544 cha-

105 3575 313 3648 rissimi,
357 3579 550 3636 audite
576 3595 683 3634 me.
727 3577 810 3634 Ab
847 3577 954 3636 isto
983 3577 1102 3634 loco
1133 3577 1284 3632 ultra
1330 3577 1398 3632 ad
1433 3577 1678 3650 paradisi

106 3663 212 3722 loca
230 3683 336 3726 non
365 3673 554 3738 potest
598 3667 682 3724 ire
712 3667 875 3724 homo
914 3683 1079 3720 carne
1102 3666 1352 3721 vestitus.
1385 3667 1498 3736 Ego
1528 3667 1678 3720 enim

106 3762 340 3823 peccator
368 3757 624 3828 exiguus,
649 3756 808 3812 valde
836 3756 894 3811 in
908 3755 1010 3812 hac
1031 3756 1198 3812 etiam
1224 3756 1506 3810 voluntate
1531 3755 1679 3812 labo-

107 3844 227 3911 ravi,
253 3847 480 3918 cupiens
503 3845 652 3902 ultra
680 3845 1071 3918 procedere,ut
1099 3846 1265 3900 linem
1287 3850 1450 3900 terra:
1477 3860 1541 3898 ac
1570 3843 1682 3917 poli

107 3947 313 3991 cernere
333 3934 653 4008 quivissem,
676 3934 772 3988 sed
797 3939 957 3990 nocte
974 3933 1216 4004 quadam
1235 3932 1415 3988 astitit
1454 3932 1592 3988 mihi
1621 3931 1679 3988 in

108 4021 212 4076 visu
240 4023 460 4081 Domini
481 4023 737 4094 angelus,
753 4023 1003 4094 dixitque
1034 4023 1104 4078 ad
1133 4039 1223 4078 me
1245 4022 1356 4078 :Ne
1386 4022 1536 4076 ultra
1548 4037 1678 4092 pro-

109 4111 270 4180 cedas,
289 4130 468 4184 neque
499 4112 800 4174 Dominum
815 4116 1033 4166 tentare
1059 4127 1385 4184 praesumus.
1411 4110 1513 4168 Cui
1536 4127 1638 4180 ego
1663 4129 1675 4166 ι
