3878 6390
481 333 584 392 423

1490 347 1586 403 DE
1622 349 1812 406 VITIS
1849 352 2146 412 PATRUM
2182 357 2398 416 LIBER
2433 361 2726 422 PRIMUS.

3639 369 3744 428 424

479 457 666 512 minus
678 463 867 514 autem
880 461 1027 516 viam
1037 467 1193 518 tuam
1206 481 1533 540 prosperam
1550 471 1698 530 fecit.
1721 477 1867 532 Loca
1892 479 2070 551 siqui-
2089 482 2480 542 Adelectabile
2519 489 2684 559 juxta
2711 505 2802 544 me
2831 489 2887 544 in
2919 495 3074 545 terra
3098 490 3345 562 positum
3381 491 3598 564 aspexi.
3631 493 3746 565 Ego

480 545 608 600 dem
628 548 1008 617 tenebrarum,
1041 551 1164 608 loca
1190 559 1624 629 tormentorum,
1643 564 1763 619 loca
1774 583 2068 637 poenarum

477 636 850 704 pertransisti,
882 638 941 694 in
988 641 1170 696 lucem
1195 645 1414 714 venisti,
1438 648 1646 706 fontem
1675 636 1836 725 aqua:
1855 656 1989 713 viva:
2011 663 2070 713 et

475 723 594 776 loca
617 725 902 794 justorum
924 728 1108 784 vidisti
1134 749 1146 798 ;
1178 732 1381 789 idcirco
1417 739 1531 792 noli
1560 739 1780 809 timere,
1813 745 1911 800 sed
1939 763 2069 802 sur-

475 827 631 879 gens,
666 813 813 868 viam
843 820 1000 871 tuam
1029 821 1396 890 proficiscere.
1421 826 1542 890 Quo
1562 829 1730 898 dicto,
1755 848 1950 889 rursus
1970 835 2066 908 qui

470 896 752 966 apparuit,
783 899 1078 971 disparuit.

543 985 674 1038 Car.
706 987 852 1042 XIX.
877 1019 944 1030 —
967 991 1082 1061 Ego
1117 1009 1247 1048 vero
1296 995 1515 1054 interea
1561 1001 1774 1058 viribus
1800 1008 2060 1078 receptis,

470 1088 706 1143 surgens
725 1075 1015 1134 ambulare
1037 1082 1198 1152 cmpi,
1217 1089 1275 1138 et
1293 1085 1506 1158 alonge
1516 1105 1789 1160 onagrum
1803 1093 2060 1164 intuitus,

469 1161 724 1230 clamavi,
746 1165 972 1238 dixique
985 1168 1098 1223 illi:
1131 1173 1270 1240 Ave,
1289 1191 1390 1244 per
1402 1175 1708 1245 Christum,
1730 1181 1825 1252 qui
1837 1189 1892 1238 te
1905 1161 2064 1239 creas-

469 1250 567 1318 vit,
599 1253 832 1308 ostende
874 1256 1012 1310 mihi
1041 1258 1208 1326 viam,
1240 1278 1342 1332 per
1367 1279 1537 1334 quam
1565 1250 1848 1326 ambulem
1881 1291 1894 1340 ;
1943 1273 2063 1344 ipse

469 1345 661 1395 autem
690 1343 905 1398 concite
933 1362 1247 1415 occurrens,
1270 1350 1554 1422 ingressus
1574 1363 1660 1412 est
1683 1364 1813 1414 ante
1844 1378 1933 1416 me
1961 1379 2064 1434 per

469 1429 732 1484 semitam
763 1433 1066 1502 quamdam
1103 1439 1392 1508 parvulam
1433 1447 1490 1497 et
1529 1453 1848 1517 angustam.
1881 1429 2059 1514 Quem

470 1533 574 1588 ego
602 1517 933 1576 subsecutus
958 1541 1103 1591 sum,
1131 1525 1321 1598 sicque
1345 1529 1485 1586 duos
1503 1537 1900 1606 complevimus
1915 1540 2054 1607 dies,

470 1603 640 1660 simul
661 1607 1141 1668 ambulantes.Die
1161 1620 1350 1672 autem
1381 1619 1566 1688 tertia,
1601 1603 1920 1694 aspeximus
1944 1645 2060 1682 cer-

468 1709 598 1747 vum
619 1695 774 1750 mirae
787 1699 1190 1768 magnitudinis
1205 1721 1240 1758 a
1258 1705 1438 1777 longe.
1455 1709 1632 1772 Quem
1646 1728 1858 1784 onager
1867 1716 2060 1772 videns

467 1786 526 1835 et
543 1783 962 1852 pertimescens,
1012 1789 1310 1847 declinavit
1327 1810 1361 1848 a
1379 1812 1469 1850 me
1501 1816 1513 1864 ;
1549 1799 1755 1855 iterum
1777 1819 1880 1874 ego
1909 1807 2061 1861 solus

467 1871 714 1939 relictus,
739 1875 1095 1944 angustiatus
1115 1896 1260 1948 sum,
1278 1882 1426 1938 viam
1447 1887 1675 1943 omnino
1691 1907 1802 1946 non
1824 1893 2054 1950 habens.
2075 1917 2121 1976 Β

463 1958 618 2013 Tunc
645 1968 840 2016 contra
852 1981 1076 2020 cervum
1095 1969 1362 2040 clamans,
1382 1974 1494 2028 dixi
1515 1995 1526 2029 :
1551 1977 1696 2041 Quia
1711 1980 2058 2050 adjutorium

462 2049 603 2102 mihi
630 2051 832 2118 tulisti,
865 2071 966 2124 per
1012 2056 1192 2112 Deum
1217 2065 1274 2114 te
1314 2064 1566 2134 conjuro,
1607 2049 1866 2124 semitam
1919 2073 2057 2127 mihi

461 2139 712 2194 ostende.
745 2141 828 2194 Ad
855 2142 999 2198 hanc
1026 2162 1216 2200 vocem
1251 2149 1422 2204 veluti
1453 2153 1665 2209 animal
1689 2157 2056 2216 domesticum

459 2227 530 2281 ad
573 2244 662 2282 me
691 2229 996 2298 declinans,
1027 2242 1334 2304 angustum
1368 2239 1660 2310 ingressus
1705 2247 1778 2300 ad
1833 2249 2052 2316 callem,

457 2321 587 2385 post
599 2322 826 2387 tergum
857 2336 946 2374 me
975 2338 1197 2393 semper
1223 2327 1519 2396 aspicxens.
1536 2331 1625 2386 Sic
1642 2350 1778 2404 ergo
1799 2337 2057 2393 tresinsi-

458 2405 576 2458 mul
610 2405 1023 2465 ambulavimus
1055 2412 1194 2468 dies.
1239 2415 1382 2470 Tum
1411 2435 1536 2474 ecce
1573 2430 1774 2490 quarta
1820 2425 1910 2480 die
1951 2427 2055 2482 im-

456 2509 716 2549 mensum
731 2511 796 2550 ac
808 2498 1116 2555 terribilem
1131 2502 1392 2559 ofl'endim
1400 2523 1464 2560 us
1480 2507 2052 2579 draconem,mediam

458 2580 766 2637 distentum
798 2601 899 2654 per
925 2587 1093 2642 viam.
1126 2591 1304 2654 Quem
1337 2599 1402 2648 ut
1417 2613 1612 2652 cervus
1640 2599 1797 2668 vidit,
1819 2611 2050 2675 repente

456 2668 594 2738 fuga
614 2671 837 2742 elapsus
865 2675 1059 2728 evasit.
1093 2677 1212 2748 Ego
1241 2680 1467 2737 interim
1487 2685 1688 2742 timore
1710 2668 1901 2745 valido.
1920 2710 2048 2764 per-

456 2757 665 2824 culsus,
689 2759 747 2812 in
777 2766 988 2816 terram
1015 2765 1188 2820 cecidi
1219 2786 1231 2833 ;
1256 2769 1457 2826 deinde
1487 2775 1829 2833 confortatus
1860 2780 1918 2834 in
1943 2782 2050 2837 Do-

455 2844 630 2912 mino,
661 2849 896 2916 surrexi,
928 2867 992 2905 ac
1013 2869 1103 2906 me
1133 2855 1293 2926 signo
1342 2867 1548 2916 sanctae
1576 2866 1755 2920 crucis
1790 2870 2047 2926 muniens

455 2933 527 2986 ad
561 2934 860 2991 draconem
894 2937 1043 2994 dixi:
1086 2943 1263 2999 Deum
1313 2949 1754 3020 omnipotentem
1784 2957 1940 3025 time,
1991 2965 2049 3015 et

431 3021 570 3076 .noli
603 3023 741 3078 mihi
778 3042 996 3082 nocere.
1038 3031 1193 3086 Tunc
1211 3033 1331 3106 ipse
1360 3039 1686 3097 terribiliter
1707 3044 1776 3099 de
1803 3050 1957 3102 terra
1985 3066 2045 3104 se

451 3111 692 3180 erigens,
721 3113 969 3172 humana
990 3135 1080 3174 me
1117 3122 1320 3178 affatus
1346 3132 1431 3180 est
1449 3145 1597 3197 voce,
1631 3131 1821 3188 dicens
1845 3153 1856 3188 :
1882 3137 2040 3204 Veni,

451 3197 738 3256 benedicte
765 3203 1009 3274 domine,
1043 3213 1106 3262 tu
1153 3211 1300 3266 enim
1332 3231 1392 3268 es
1429 3233 1620 3273 servus
1647 3221 1748 3276 Dei
1777 3224 2036 3280 altissimi

447 3287 743 3344 Macarius.
764 3293 1012 3364 Angelus
1031 3303 1218 3354 autem
1247 3309 1473 3359 sanctus
2055 3274 2099 3334 Ο

447 3383 505 3430 et
535 3378 748 3434 vultum
778 3386 938 3436 tuum
968 3385 1526 3460 mihidemonstrans,
1545 3378 1810 3470 praecepit
1826 3378 2040 3458 concite

445 3469 510 3518 ut
561 3466 663 3520 tibi
709 3484 1078 3541 occurrerem,
1108 3482 1278 3548 atque
1321 3466 1686 3551 perducerem
1715 3486 1773 3542 in
1801 3489 1985 3546 locum
2005 3509 2040 3546 a

448 3551 694 3643 Deotibi
717 3566 1114 3629 prieparatum.
1148 3565 1264 3636 Ego
1291 3567 1480 3640 itaque
1510 3579 1708 3643 quarto
1737 3576 1900 3634 hodie
1947 3581 2038 3635 die

447 3645 503 3694 te
527 3641 616 3696 hic
637 3649 964 3716 exspectavi,
999 3651 1140 3706 nihil
1171 3657 1398 3712 omnino
1417 3663 1734 3718 comedens.
1767 3667 1885 3722 Hac
1906 3686 2036 3726 vero

392 3789 405 3800 ‘
456 3737 616 3786 nocte
643 3732 854 3790 innube
895 3738 1243 3810 lucidissima
1257 3749 1314 3800 te
1336 3747 1624 3806 sedentem
1643 3755 1851 3824 aspexi,
1871 3757 2040 3813 simul

445 3823 502 3872 et
525 3837 713 3876 vocem
761 3825 1002 3897 desuper
1035 3831 1240 3898 audivi,
1264 3834 1542 3892 dicentem
1568 3823 1744 3896 mihi:
1776 3845 2040 3904 Accelera

444 3910 510 3960 ut
536 3908 740 3979 eripias
768 3911 1070 3970 Macarium
1095 3935 1317 3976 servum
1354 3925 1474 3994 Dei,
1515 3927 1611 3998 qui
1639 3930 1816 3998 adest,
1848 3939 1914 3988 ut
1936 3935 2038 3991 tibi

446 3996 696 4064 praidixi.
737 3999 1092 4073 Quapropter
1109 4021 1367 4078 surgens,
1401 3996 1634 4086 sequ—ere
1650 4035 1760 4086 me,
1793 3996 1862 4076 ne
1881 4023 2040 4079 dubi-

445 4086 571 4150 tes;
604 4085 702 4138 sed
727 4087 873 4155 veni,
916 4095 974 4144 et
1006 4091 1189 4149 locum
1221 4085 1544 4158 monstrabo
1573 4105 1696 4174 tibi,
1728 4108 1825 4163 ubi
1852 4111 2039 4168 Domi-

448 4188 587 4226 num
616 4172 822 4230 debeas
864 4178 1200 4238 collaudare.
1235 4186 1337 4242 His
1365 4206 1496 4262 ergo
1543 4172 1722 4264 dictis,
1765 4201 1924 4270 quasi
1955 4203 2039 4259 vir

433 4267 658 4331 juvenis
685 4267 968 4335 apparuit,
992 4275 1050 4324 et
1069 4287 1286 4329 mecum
1316 4278 1386 4332 ad
1415 4281 1739 4352 speluncam
1767 4267 1912 4345 hanc
1939 4309 2036 4348 us-

436 4621 696 4690 prospexi
729 4623 870 4679 duos
890 4625 1066 4684 leonis
1085 4633 1300 4688 catulos
1323 4637 1596 4708 jacentes,
1636 4621 1823 4702 mater
1839 4655 2030 4706 autem

434 4704 659 4806 illorum
677 4711 841 4780 juxta
860 4713 986 4770 illos
1017 4725 1244 4777 mortua
1256 4704 1496 4794 jacebat.
1535 4704 1716 4796 Quam
1749 4753 1851 4807 ego
1879 4704 2030 4795 foras

436 4793 962 4896 ejiciensnsepelivi,
1004 4812 1064 4860 et
1107 4793 1410 4870 Dominum
1439 4793 2031 4896 collaudansiglorifi;

435 4882 577 4986 cavi,
611 4885 708 4954 qui
728 4891 888 4944 tanta
914 4891 974 4946 in
999 4909 1090 4949 me
1100 4897 1382 4958 mirabilia
1409 4905 1556 4975 fecit,
1587 4915 1646 4964 et
1663 4911 1732 4966 de
1752 4882 1868 4968 έαῖη
1895 4932 2028 4986 gra-

433 4969 593 5025 vibus
625 4977 901 5044 angustiis
949 4980 1220 5053 liberavit,
1275 4989 1426 5063 ipsos
1473 5002 1664 5052 autem
1719 5000 2025 5072 leunculos,

431 5059 659 5116 frondes
703 5064 969 5125 arborum
1012 5059 1316 5148 decerpens
1345 5099 1410 5136 ac
1455 5083 1566 5138 illis
1605 5088 1914 5160 porrigens,
1965 5099 2030 5148 ut

431 5151 688 5220 proprios
719 5158 959 5213 enutrivi
979 5161 1124 5218 ﬁlios
1147 5184 1163 5228 ;
1207 5167 1396 5240 sicque
1427 5171 1568 5228 duos
1599 5191 1776 5232 annos
1798 5179 2028 5237 insimul

434 5237 622 5306 quiete
650 5241 970 5303 habitantes
995 5237 1412 5326 complevimus.
1441 5261 1582 5316 Cum
1603 5279 1728 5320 ecce
1758 5274 1884 5338 post
1911 5271 2028 5326 haec

429 5325 664 5396 laqueus
684 5331 911 5403 diaboli,
945 5341 1104 5410 cujus
1133 5359 1424 5416 nunquam
1453 5365 1488 5402 a
1515 5352 1688 5407 servis
1716 5355 1816 5410 Dei
1845 5367 2028 5416 cessat

426 5412 655 5511 invidia,
687 5421 884 5478 adfuit.
919 5426 1063 5482 Nam
1091 5431 1184 5485 die
1221 5412 1484 5504 quadam,
1526 5439 1667 5496 hora
1707 5412 2025 5523 quasi

427 5500 586 5569 tima,
622 5522 654 5560 e
689 5511 956 5580 spelunca
993 5514 1142 5572 foras
1187 5536 1468 5593 egressus,

1523 5529 1637 5584 sole
1681 5532 2021 5595 fervescente
2102 5543 2286 5612 Pater,

428 5591 612 5648 resedi
640 5613 652 5648 :
684 5602 820 5654 tunc
845 5601 1032 5659 subito
1053 5591 1256 5665 subtile
1287 5611 1398 5686 (21)
1427 5591 1718 5678 fasciolum
1756 5630 1814 5681 et
2099 5591 2285 5691 confes,

2149 589 2280 627 vero
2303 573 2362 628 in
2390 578 2722 649 memetipso
2761 579 3014 650 cogitans
3037 581 3181 634 dixi:
3213 581 3376 636 Unde
3403 581 3468 636 in
3493 582 3600 636 hac
3623 583 3747 638 soli-

2147 665 2345 719 tudine
2373 665 2700 722 fasciolum?
2729 669 3033 724 Estimans
3057 675 3248 726 tamen
3277 672 3412 742 quia
3430 673 3494 727 in
3513 672 3744 728 veritate

2149 761 2298 808 esset
2315 755 2624 823 lasciolum,
2640 757 2958 830 oblitusque
2975 776 3080 830 ego
3101 761 3450 816 miserrimus
3471 778 3567 816 me
3585 761 3744 832 signo

2147 843 2326 898 crucis
2345 844 2586 912 munire,
2618 847 2885 918 quoniam
2915 848 3141 919 quidem
3169 856 3538 906 sacrosancte
3566 851 3745 906 crucis

2147 931 2495 1002 signaculum
2515 951 2739 989 omnem
2758 935 2837 990 ini
2845 921 2972 991 mici
2987 943 3216 993 enervat
3231 939 3744 1010 phantasiam,misi

2145 1036 2396 1087 manum,
2426 1028 2483 1077 et
2499 1023 2690 1077 levans
2707 1024 2998 1081 fasciolum
3013 1027 3292 1098 reportavi
3311 1027 3370 1082 in
3391 1029 3740 1100 speluncam.

2143 1108 2341 1164 Altera
2367 1111 2732 1168 nihilominus
2765 1113 2854 1168 die
2875 1131 3157 1184 egressus,
3189 1117 3404 1172 calceos
3433 1115 3546 1186 (22)
3577 1117 3742 1172 femi-

2145 1213 2282 1252 neos
2331 1199 2515 1270 reperi
2549 1201 2804 1272 jacentes
2833 1203 2892 1257 in
2934 1210 3091 1259 terra
3121 1222 3133 1258 :
3164 1205 3262 1260 sed
3285 1221 3386 1261 nec
3405 1211 3546 1261 tunc
3572 1207 3744 1262 miser

2145 1301 2248 1356 ego
2278 1286 2516 1342 insidias
2540 1289 2747 1345 diaboli
2779 1291 3091 1360 advertens,
3113 1311 3216 1350 nec
3235 1294 3417 1350 crucis
3429 1295 3634 1350 vexillo
3655 1313 3743 1350 me

2142 1375 2423 1443 muniens,
2449 1379 2664 1434 calceos
2701 1380 2896 1444 levavi,
2929 1387 2988 1436 et
3014 1383 3074 1437 in
3114 1384 3438 1454 speluncam
3483 1390 3741 1456 portans,

2141 1462 2370 1519 fasciolo
2389 1466 2570 1536 junxi.
2605 1473 2798 1536 330
2822 1470 3012 1525 Tertia
3039 1478 3230 1528 autem
3252 1473 3371 1544 jam
3405 1474 3497 1528 die
3528 1474 3739 1530 iterum

2142 1551 2350 1619 exiens,
2373 1553 2658 1610 diabolum
2680 1556 2739 1610 in
2767 1557 2966 1613 decore
2995 1561 3082 1614 vel
3094 1561 3277 1631 specie
3297 1561 3742 1630 mulieris,vesti-

2142 1638 2245 1694 bus
2261 1642 2522 1712 pretiosis
2540 1643 2769 1713 indutae,
2786 1652 3032 1702 stantem
3056 1649 3242 1704 inveni
3264 1669 3276 1704 :
3297 1667 3400 1722 ego
3421 1668 3555 1706 vero
3575 1653 3743 1708 mise-

2141 1728 2334 1783 rabilis
2363 1747 2465 1785 nec
2503 1731 2582 1786 sic
2611 1735 2838 1804 quidem
2885 1737 3116 1808 laqueos
3155 1738 3370 1794 inimici
3411 1742 3737 1811 recordans,

2142 1833 2244 1872 nec
2273 1819 2460 1889 aliquo
2492 1822 2658 1876 modo
2679 1840 2766 1878 me
2787 1824 3034 1895 signans,
3061 1827 3158 1882 sed
3171 1829 3402 1884 credens
3428 1831 3489 1885 in
3503 1830 3742 1888 veritate

2142 1905 2274 1976 quia
2304 1907 2512 1962 mulier
2530 1917 2698 1978 esset,
2723 1913 2812 1968 aio
2834 1915 2904 1968 ad
2932 1915 3105 1969 illam:
3131 1917 3290 1972 Unde
3300 1918 3410 1972 huc
3423 1919 3744 1976 advenisti?

2139 2000 2236 2049 aut
2254 1996 2378 2066 quis
2399 2003 2452 2051 te
2470 1999 2529 2052 in
2543 2000 2687 2055 hanc
2706 2002 2940 2058 adduxit
2957 2005 3344 2060 solitudinem?
3357 2008 3459 2062 Illa
3472 2009 3742 2065 continuo

2141 2084 2275 2137 ﬂere
2322 2085 2674 2142 amarissime
2702 2089 2889 2161 caepit.
2930 2092 3086 2146 Tunc
3131 2110 3233 2163 ego
3263 2095 3538 2164 misellus,
3571 2097 3742 2154 simul

2137 2188 2264 2226 cum
2295 2173 2392 2227 illa
2421 2175 2591 2229 veluti
2615 2179 3004 2249 compatiendo
3023 2181 3183 2235 valde
3207 2183 3439 2254 ploravi.
3466 2186 3606 2241 Post
3623 2187 3741 2242 haec

2137 2261 2480 2332 respondens
2513 2263 2653 2318 dixit
2682 2287 2693 2319 :
2722 2266 2837 2335 Ego
2887 2267 3225 2337 miserrima,
3249 2287 3282 2325 ο
3311 2277 3474 2343 pater
3495 2277 3738 2332 sanctis-

2137 2346 2294 2414 sime,
2321 2349 2435 2404 ﬁlia
2463 2367 2587 2405 sum
2620 2352 2724 2406 viri
2737 2354 2993 2422 Romani;
3019 2371 3141 2428 quae
3169 2375 3294 2412 cum
3307 2377 3398 2415 me
3414 2361 3652 2418 invitam
3672 2380 3739 2420 ac

2135 2437 2420 2492 nolentem
2449 2439 2845 2512 desponsasset
2884 2445 3075 2514 juveni
3117 2448 3340 2502 cuidam
3378 2449 3734 2508 nobilissimo

2133 2525 2402 2594 Romano,
2432 2545 2498 2582 ac
2523 2530 2642 2584 dies
2671 2532 2995 2603 nuptiarum
3024 2535 3298 2603 venirent,
3331 2544 3391 2593 et
3412 2540 3732 2597 thalamum

2131 2630 2196 2667 ac
2224 2616 2536 2672 convivium
2567 2620 2788 2674 ordinat
2801 2628 2915 2690 ent,
2945 2622 3092 2678 inter
3110 2626 3336 2697 nuptias
3366 2628 3520 2699 ipsas
3559 2647 3732 2702 spon-

2130 2719 2224 2756 sus
2262 2721 2420 2760 meus
2474 2707 2769 2778 disparuit.
2811 2712 3064 2783 Cumque
3108 2715 3319 2770 turbati
3358 2733 3579 2784 omnes,
3623 2720 3733 2776 huc

2129 2791 2370 2863 illucque
2414 2811 2543 2849 eum
2590 2796 2944 2869 inquirendo,
2974 2801 3358 2872 turbarentur,
3401 2824 3505 2878 ego
3533 2811 3733 2879 gavisa

2129 2881 2342 2942 eﬂ'ecta,
2362 2884 2507 2937 clam
2523 2885 2659 2954 exii;
2683 2894 2741 2941 et
2769 2895 2932 2943 nocte
2953 2891 3146 2945 eadem
3174 2892 3280 2946 iter
3307 2896 3608 2967 arripiens,
3629 2915 3733 2955 nec

2127 2968 2346 3024 itineris
2375 2971 2574 3026 ducem
2612 2975 2800 3047 aliquo
2847 2979 3013 3033 modo
3060 2980 3290 3049 habens,
3351 3000 3455 3054 per
3479 2993 3732 3057 angusta

2127 3058 2403 3114 montium
2433 3077 2498 3114 ac
2523 3063 2752 3119 vallium
2765 3067 3004 3122 errando
3023 3068 3310 3142 hucusque
3330 3075 3580 3144 perveni.
3598 3076 3731 3132 Hec

2128 3162 2232 3216 ego
2259 3163 2388 3202 cum
2415 3151 2717 3216 audissem,
2752 3159 2808 3208 et
2838 3157 3027 3211 omnia
3065 3148 3146 3212 ita
3185 3177 3305 3214 esse
3333 3163 3726 3233 credidissem,

2129 3235 2297 3290 simul
2345 3242 2403 3292 et
2450 3255 2715 3310 sponsam
2745 3259 2930 3298 meam
2970 3245 3086 3300 fore
3113 3265 3364 3318 sperans,
3393 3268 3497 3322 per
3520 3269 3728 3310 manus

2125 3325 2469 3394 apprehendi
2489 3327 2664 3396 illam,
2699 3337 2754 3384 et
2777 3331 2835 3386 in
2866 3331 3012 3388 hanc
3038 3333 3320 3392 introduxi
3347 3340 3684 3410 speluncam
3709 3361 3724 3398 :

2123 3410 2382 3490 lacrymae
2410 3431 2542 3470 vero
2570 3417 2640 3471 ab
2687 3420 2812 3490 ejus
2839 3422 3014 3476 oculis
3038 3425 3360 3482 nullatenus
3399 3429 3721 3486 cessabant.

2119 3485 2275 3555 Tunc
2303 3520 2408 3573 ego
2438 3505 2678 3560 miseriis
2708 3513 2765 3562 et
2793 3509 3056 3582 lacrymis
3095 3514 3216 3584 ejus
3251 3517 3621 3589 compatiens,
3667 3527 3725 3576 et

2120 3590 2278 3644 valde
2307 3608 2477 3664 super
2505 3611 2629 3650 eam
2661 3596 2874 3664 dolens,
2895 3601 3088 3656 sedere
3110 3618 3234 3658 eam
3268 3605 3430 3676 juxta
3457 3623 3551 3662 me
3567 3608 3678 3664 feci
3704 3629 3717 3664 :

2121 3678 2380 3735 similiter
2404 3688 2461 3737 et
2487 3684 2720 3754 glandes
2759 3687 2839 3740 illi
2883 3688 2954 3742 ad
2991 3692 3448 3750 manducandum
3477 3697 3718 3768 praebui,

2119 3783 2233 3822 non
2263 3769 2412 3825 enim
2437 3771 2673 3828 insidias
2701 3774 2908 3831 diaboli
2931 3778 3197 3848 intellexi,
3223 3799 3405 3854 neque
3429 3785 3721 3842 ullatenus

2119 3857 2298 3912 crucis
2319 3874 2409 3913 me
2437 3859 2598 3931 signo
2620 3864 2830 3919 munivi
2861 3865 2987 3932 ;sed
3008 3867 3264 3926 similiter
3280 3873 3562 3940 sedentes,
3584 3875 3720 3932 diu-

2118 3944 2233 4000 tius
2267 3947 2543 4019 colloquia
2561 3950 2878 4009 habuimus.
2901 3956 3057 4011 Tunc
3083 3959 3224 4030 ccepi
3251 3961 3410 4032 quasi
3430 3963 3502 4018 de
3519 3963 3718 4022 labore

2119 4033 2294 4089 nimio
2323 4053 2520 4094 somno
2551 4042 2868 4110 gravari;at
2896 4043 2994 4099 illa
3018 4048 3276 4104 manibus
3291 4051 3408 4106 suis
3438 4068 3568 4107 mea
3591 4069 3718 4109 om-

2119 4121 2214 4178 nia
2231 4125 2487 4181 membra
2506 4129 2799 4185 mulcendo
2817 4133 3081 4206 palpavit,
3102 4143 3160 4191 et
3169 4154 3234 4193 eo
3250 4137 3492 4211 amplius
3512 4158 3718 4198 somno

2119 4219 2384 4282 gravatus
2405 4218 2703 4282 sum.Quid
2721 4223 2933 4276 morer?
2943 4225 3113 4280 miser
3125 4215 3351 4300 ego,qui
3369 4236 3544 4285 antea
3563 4247 3716 4287 nun-

2119 4317 2289 4372 quam
2317 4320 2445 4359 cum
2473 4305 2680 4362 femina
2709 4326 2938 4380 peccare
2980 4315 3255 4384 consensi,
3290 4317 3349 4372 in
3377 4320 3592 4375 somnis
3621 4339 3716 4377 me

2115 4399 2402 4461 peccatum
2422 4402 2773 4467 perpetrasse
2789 4402 3044 4472 cognovi;
3077 4421 3208 4460 nam
3247 4405 3430 4462 subito
3447 4425 3714 4482 experge-

2113 4478 2291 4536 factus
2311 4499 2342 4536 e
2367 4499 2584 4552 somno,
2617 4487 2776 4558 quasi
2813 4506 2940 4545 cum
2961 4492 3170 4548 femina
3181 4494 3597 4569 di'scoopertum
3618 4517 3712 4556 me

1636 4561 1797 4626 parte
1849 4559 2084 4649 alteraD
2111 4567 2170 4622 in
2200 4575 2353 4626 terra
2365 4572 2647 4643 jacentem
2676 4575 2882 4646 inveni,
2906 4579 3027 4651 ipsa
3039 4583 3162 4654 jam
3202 4601 3333 4640 vero
3370 4559 3484 4642 non
3528 4605 3709 4662 appa-

2112 4657 2246 4712 ruit.

2182 4747 2312 4802 CAP.
2338 4749 2484 4805 XXI.
2516 4781 2581 4792 —
2611 4753 2767 4810 Tunc
2820 4753 3010 4813 infelix
3063 4777 3165 4832 ego
3216 4762 3447 4818 insidias
3493 4765 3706 4822 diaboli

2110 4850 2236 4891 sero
2257 4837 2726 4908 advertens,foras
2735 4846 3056 4916 speluncam
3071 4848 3235 4908 citius
3250 4851 3474 4920 exivi,et
3506 4861 3704 4926 pectus

2109 4922 2332 4993 feriens,
2361 4926 2618 4999 ingentes
2631 4932 2906 5006 lacrymas
2928 4936 3066 4996 fudi.
3103 4940 3216 5011 Ipsi
3250 4941 3467 4997 interea
3485 4922 3700 5013 leones,

2109 5011 2204 5082 qui
2233 5030 2454 5071 mecum
2483 5018 2736 5088 aderant,
2769 5040 2958 5080 meum
2996 5025 3379 5099 intelligentes
3409 5011 3701 5102 delictum,

2108 5103 2438 5169 quantocius
2465 5104 2734 5177 fugerunt
2779 5127 2814 5165 a
2841 5128 2950 5168 me.
2983 5114 3113 5170 Hec
3141 5123 3331 5172 autem
3357 5135 3484 5174 cum
3510 5138 3705 5180 cerne-

2107 5203 2248 5256 rem,
2279 5191 2488 5262 fugisse
2505 5196 2716 5252 scilicet
2741 5199 2949 5270 leones,
2979 5220 3107 5258 cum
3131 5206 3286 5262 luctu
3307 5207 3480 5266 nimio
3508 5229 3574 5266 ac
3607 5215 3706 5269 do-

2108 5276 2244 5345 lore,
2285 5281 2425 5354 ccepi
2465 5285 2670 5341 Christi
2699 5289 3141 5348 misericordiam
3188 5295 3386 5353 devote
3417 5299 3698 5372 invocare,

2108 5373 2384 5437 quatenus
2402 5374 2604 5430 etmibi
2619 5378 2962 5447 paenitentiae
2989 5389 3601 5458 normamostenderet,
3634 5409 3698 5448 ac

2107 5455 2295 5512 leones
2331 5459 2514 5516 redire
2541 5463 2786 5534 juberet.
2836 5470 2953 5524 Nec
2991 5486 3168 5540 mora,
3223 5475 3696 5538 clementissimus

2318 5548 2414 5618 qui
2453 5566 2542 5606 me
2569 5553 2640 5608 ad
2675 5555 3068 5627 pmnitentiam
3092 5579 3313 5620 servare
3345 5565 3536 5635 voluit,
3571 5570 3696 5626 illos

2287 5635 2390 5692 tim
2417 5638 2549 5697 fecit
2575 5643 2760 5701 redire
2780 5646 2988 5716 leones,
3021 5666 3352 5726 mecumque
3371 5655 3614 5728 ingressi
3632 5659 3692 5715 in
