3878 6390
123 371 219 430 425

1162 375 1334 430 νΙΤΑ
1372 375 1632 430 SANCTI
1668 375 1973 433 MACARII
2013 380 2316 438 ROMANI.

3273 394 3380 452 4‘26

121 497 253 550 hanc
279 495 620 567 speluncam,
642 495 875 550 humum
897 497 1130 568 pedibus
1159 499 1276 553 suis
1303 500 1373 553 ad
1405 499 1572 554 unius
1593 501 1766 558 sta-A
1785 501 1959 556 vitam
1975 506 2232 560 meamin
2255 507 2488 564 veritate
2514 515 2792 568 enarravi.
2807 519 2984 582 πει
3017 517 3130 572 Vos
3154 535 3308 590 ergo,
3331 520 3378 574 si

120 592 293 640 turam
313 585 556 640 hominis
577 585 954 656 aggerebant;
1005 605 1108 658 ego
1138 594 1326 642 autem
1359 590 1473 644 haec
1498 591 1701 645 intelli-

119 691 262 744 gens,
285 675 589 729 collotenus
617 675 799 746 ipsam
835 675 1041 730 intravi
1079 678 1305 744 fossam,
1345 679 1480 750 ipsis
1519 679 1699 750 impe-

119 780 238 816 rans
265 763 518 818 leonibus
542 769 606 818 ut
634 763 692 818 in
721 764 919 819 eodem
949 783 1038 820 me
1060 767 1363 837 sepelirent
1383 769 1520 822 loco.
1537 769 1699 833 Quod

118 869 233 907 cum
259 853 465 907 factum
493 853 706 918 fuisset,
743 871 920 909 annos
949 863 1064 910 tres
1106 858 1359 928 sepultus
1400 857 1458 912 in
1502 860 1698 913 eadem

117 943 251 996 fossa
281 943 493 1014 peregi.
533 944 754 997 Interea
803 945 1019 1015 ingenti
1067 945 1256 1017 pluvia
1305 947 1692 1014 descendente,

117 1037 272 1103 rupta
289 1038 374 1086 est
387 1033 656 1103 spelunca
673 1034 915 1105 desuper
935 1041 1105 1105 caput
1132 1052 1318 1089 meum
1338 1035 1434 1090 ubi
1455 1036 1694 1102 stabam,

117 1126 168 1174 et
192 1121 366 1175 lucem
395 1121 529 1188 vidi,
558 1127 616 1176 et
646 1123 795 1176 foras
825 1139 1026 1177 manus
1049 1124 1331 1188 emittens,
1359 1124 1560 1178 herbas
1574 1142 1698 1196 qua

115 1208 166 1263 in
193 1209 425 1265 circuitu
463 1227 633 1282 super
668 1217 836 1283 caput
878 1217 1060 1276 erant,
1091 1213 1343 1284 decerpsi
1384 1219 1440 1267 et
1459 1214 1694 1268 comedi.

115 1298 300 1353 Tribus
331 1299 522 1370 itaque
552 1301 716 1356 annis
745 1301 1002 1370 evolutis,
1043 1302 1348 1357 adfuerunt
1390 1303 1599 1370 leones,
1641 1309 1698 1358 et

115 1387 291 1442 lumen
311 1389 462 1442 circa
479 1407 572 1443 me
589 1391 862 1456 videntes,
880 1391 1222 1446 eifodiebant
1241 1393 1476 1446 humum
1501 1393 1560 1446 in
1587 1409 1699 1463 qua

115 1493 195 1531 me
221 1478 686 1550 sepelierunt,ego
707 1481 932 1552 quidem
948 1486 1066 1535 toto
1078 1498 1309 1553 corpore
1325 1499 1497 1536 sanus
1515 1499 1699 1552 egres-

115 1585 199 1623 sus
227 1585 367 1634 sum,
400 1569 668 1622 virtutem
697 1569 996 1640 pristinam
1026 1569 1083 1622 in
1113 1587 1204 1623 me
1242 1570 1508 1624 sentiens.
1541 1571 1698 1624 Tunc

113 1657 414 1728 gloriﬁcans
443 1657 749 1713 Dominum
777 1675 966 1712 meum
995 1659 1186 1713 Jesum
1217 1659 1521 1723 Christum,
1554 1659 1695 1713 exivi

115 1746 174 1800 de
201 1747 478 1818 spelunca,
513 1764 836 1819 ponensque
877 1765 1065 1818 genua
1101 1765 1228 1802 mea
1264 1748 1324 1802 in
1355 1753 1526 1815 terra,
1561 1765 1696 1820 qua-

1782 606 1998 660 pugnas
2027 594 2112 647 vel
2143 594 2373 650 insidias
2401 599 2632 670 maligni
2655 601 2829 656 hostis
2859 605 3090 659 sufferre
3121 608 3374 676 potestis,

1781 681 2150 748 considerate,
2184 689 2240 738 et
2269 685 2359 738 hic
2387 686 2678 743 nobiscum
2713 698 2953 758 manete,
2989 695 3077 747 sin
3107 695 3264 762 alias,
3305 697 3378 751 ad

1782 773 2206 838 monasterium,
2239 775 2308 828 de
2343 793 2452 846 quo
2484 780 2694 847 egressi
2727 782 2879 848 estis,
2923 784 3288 852 revertimini,
3322 791 3379 839 et

1782 858 2054 914 Dominus
2085 861 2158 915 sit
2177 861 2232 916 in
2263 863 2465 919 itinere
2495 875 2698 922 vestro.

1855 948 1992 1002 CAP.
2025 951 2226 1005 XXIII.
2259 954 2452 1008 —Nos
2477 962 2667 1010 autem
2701 974 2825 1011 cum
2857 959 2965 1014 ista
2994 978 3024 1014 e
3051 969 3246 1017 sancto
3276 963 3378 1018 Dei

1783 1035 2152 1102 audissemus,
2179 1041 2441 1106 cadentes
2468 1043 2524 1098 in
2551 1051 2781 1112 terram,
2814 1049 3248 1118 glorificavimus
3265 1053 3377 1106 Do-

1782 1124 2018 1192 minum,
2043 1128 2139 1198 qui
2167 1130 2300 1183 facit
2329 1132 2610 1187 mirabilia
2625 1137 2794 1201 solus,
2823 1144 2879 1190 et
2893 1139 2964 1192 ad
2986 1147 3244 1193 sanctum
3266 1157 3380 1194 ser-

1780 1230 2022 1286 vumque
2057 1217 2264 1272 Christi
2298 1221 2466 1274 locuti
2495 1239 2688 1278 sumus
2722 1226 3041 1292 Macarium,
3077 1229 3326 1282 dicentes
3361 1247 3372 1280 :

1778 1303 1947 1358 Pater
1962 1304 2284 1360 beatissime
2299 1309 2526 1377 Macari,
2543 1328 2642 1365 ora
2663 1330 2762 1382 pro
2782 1315 2942 1368 nobis
2961 1317 3033 1369 ad
3054 1317 3374 1380 Dominum,

1778 1397 1843 1446 ut
1871 1393 1942 1446 ad
1966 1401 2223 1450 nostrum
2248 1413 2502 1452 remeare
2530 1401 2808 1471 possimus
2847 1405 3274 1467 monasterium,
3300 1410 3381 1458 at-

1781 1499 1888 1552 que
1905 1485 2382 1540 conversationem
2394 1493 2550 1543 tuam
2565 1497 2818 1545 sanctam
2837 1509 2938 1563 per
2959 1510 3153 1547 omnes
3172 1494 3381 1548 Christi

1781 1571 2052 1626 Ecclesias
2081 1591 2365 1642 enarrare,
2391 1578 2672 1632 credimus
2694 1581 2842 1634 enim
2870 1581 3001 1651 quia
3015 1582 3286 1637 Dominus
3301 1583 3382 1636 id-

1779 1660 1925 1714 circo
1951 1679 2052 1716 nos
2081 1663 2339 1732 perduxit
2371 1665 2443 1719 ad
2471 1672 2546 1719 te.
2575 1669 2730 1721 Tunc
2753 1669 2941 1724 senior
2968 1671 3181 1725 diutius
3211 1688 3383 1742 super

1779 1766 1880 1802 nos
1899 1752 2208 1806 orationem
2224 1753 2388 1819 fudit,
2409 1761 2466 1808 et
2484 1755 2609 1810 fusa
2627 1758 2900 1824 oratione,
2917 1759 3382 1831 benedixitatque

115 1835 359 1907 draginta
373 1837 495 1891 dies
512 1842 570 1890 et
597 1837 971 1908 quadraginta
990 1843 1182 1891 noctes
1204 1837 1262 1891 in
1283 1838 1478 1892 eodem
1499 1838 1753 1902 immo-B
1778 1839 2060 1893 osculatus
2085 1845 2172 1894 est
2190 1857 2289 1895 nos
2311 1858 2523 1907 omnes,
2539 1850 2596 1898 et
2617 1847 3034 1902 commendavit
3048 1849 3293 1914 Christo,
3315 1852 3382 1902 ut

115 1925 230 1981 bilis
256 1927 540 1998 permansi
565 1928 704 1993 loco,
741 1927 1064 1982 collaudans
1092 1933 1150 1982 et
1167 1927 1465 1982 obsecrans
1491 1929 1688 1994 Deum,

115 2021 167 2069 et
188 2017 492 2086 gratiarum
525 2015 772 2070 actiones
793 2016 1050 2082 offerens,
1079 2015 1174 2086 qui
1205 2021 1367 2072 tanta
1385 2017 1697 2070 misericor-

82 2123 90 2128 '
115 2105 319 2160 diarum
340 2122 580 2160 munera
609 2105 770 2160 nobis
792 2105 1178 2176 peccatoribus
1201 2106 1416 2176 jugiter
1444 2111 1691 2178 praestat.

179 2195 308 2252 Cxp.
343 2195 520 2249 XXII.
554 2225 626 2235 -—
666 2195 768 2248 His
803 2211 936 2265 ergo
973 2195 1264 2265 completis
1307 2194 1524 2261 diebus,
1574 2213 1695 2249 res-

113 2283 222 2355 pexi
251 2284 307 2339 in
327 2284 676 2355 speluncam,
705 2290 763 2338 et
790 2302 915 2338 ecce
941 2290 1186 2356 quatuor
1216 2285 1408 2353 anguli
1439 2285 1694 2355 ejusdem

114 2375 374 2444 speluncae
410 2373 628 2428 lumine
655 2374 864 2429 cmlesti
908 2374 1382 2445 resplenduerunt
1409 2375 1598 2440 valde;
1639 2379 1697 2428 et

114 2463 214 2516 vidi
244 2463 589 2518 Salvatorem
619 2463 908 2517 Christum
950 2463 1010 2518 in
1047 2464 1332 2518 schemate
1367 2463 1490 2529 viri,
1535 2463 1696 2534 quasi

113 2568 327 2607 auream
346 2553 651 2608 habentem
679 2553 738 2606 in
767 2551 1026 2606 manibus
1050 2553 1285 2623 virgam,
1320 2569 1385 2606 ac
1407 2553 1698 2607 dulcisona

114 2658 232 2696 voce
268 2642 587 2696 mirabilem
625 2647 854 2696 cantum
884 2648 1321 2712 personantem;
1373 2659 1474 2695 vox
1503 2647 1695 2696 autem

113 2730 248 2786 illius
275 2732 576 2786 vehemens
606 2736 664 2786 et
692 2731 872 2798 fortis,
913 2731 1073 2802 quasi
1103 2731 1257 2786 mille
1280 2731 1572 2785 hominum
1599 2747 1696 2784 au-

114 2819 373 2875 diebatur.
398 2823 546 2876 Cum
562 2838 690 2876 vero
701 2823 823 2892 jam
835 2821 1089 2875 melodiae
1111 2821 1353 2875 cmlestis
1375 2821 1577 2875 cantici
1600 2837 1695 2874 ex-

115 2908 404 2979 plerentur,
439 2916 670 2981 repente
693 2927 798 2964 vox
826 2909 1008 2967 tribus
1037 2909 1262 2964 vocibus
1290 2909 1561 2975 insonuit,
1605 2909 1695 2962 di-

113 3014 228 3052 cens
257 3016 268 3051 :
291 3001 494 3056 Amen.
519 3005 575 3053 et
593 2999 649 3084 in
670 2999 1075 3070 sempiternum
1096 3016 1281 3053 amen.
1306 3000 1370 3052 In
1391 2997 1697 3069 ipsaigitur

1777 1928 1834 1981 in
1862 1945 1997 1998 pace
2025 1929 2296 2000 dirigeret
2321 1933 2470 1986 viam
2502 1941 2772 2002 nostram,
2800 1935 3002 1990 deinde
3022 1938 3257 1994 tradidit
3275 1956 3380 1995 nos

1778 2015 2032 2072 leonibus
2061 2019 2188 2085 illis,
2219 2021 2546 2091 przecipiens
2573 2024 2654 2077 eis
2685 2029 2746 2077 ut
2794 2025 3226 2081 transducerent
3252 2045 3375 2096 nos,

1779 2120 2075 2177 quousque
2103 2107 2222 2161 loca
2251 2108 2614 2164 tenebrarum
2648 2113 3379 2186 pertransiremus,ubi-pri-

1779 2195 1906 2250 dem
1937 2202 2152 2267 septem
2181 2198 2300 2253 dies
2330 2206 2388 2254 et
2402 2201 2638 2254 totidem
2656 2207 2846 2256 noctes
2862 2203 2918 2257 in
2941 2203 3188 2258 tenebris
3201 2206 3379 2274 jacui-

1778 2300 1921 2338 mus.
1954 2285 2182 2340 Dimissi
2207 2305 2341 2357 ergo
2371 2305 2405 2342 a
2435 2307 2592 2344 servo
2633 2291 2843 2346 Christi
2879 2300 3073 2346 sancto
3109 2295 3372 2361 Macario,

1776 2390 2043 2444 prospere
2073 2375 2144 2429 ad
2167 2375 2421 2431 absidam
2439 2379 2740 2433 Alexandri
2758 2381 3244 2450 pervenimus,ubi
3260 2384 3376 2437 leo-

1777 2478 1877 2516 nes
1905 2464 2216 2519 salutantes
2247 2482 2367 2532 nos,
2415 2467 2630 2521 concito
2673 2469 2854 2538 gradu
2897 2471 3106 2524 reversi
3145 2477 3278 2525 sunt
3306 2473 3378 2526 ad

1779 2568 2002 2606 servum
2029 2553 2151 2606 Dei.

1850 2642 1980 2694 CAP.
2015 2642 2210 2696 XXIV.
2252 2669 2312 2684 --
2341 2644 2520 2715 Igitur
2562 2647 2781 2700 favente
2827 2646 3052 2701 Christo
3080 2649 3216 2716 Deo,
3256 2650 3377 2703 sine

1778 2731 2042 2798 angustia
2069 2731 2260 2802 aliqua
2285 2740 2538 2788 nostram
2561 2734 2970 2790 ambulavimus
2993 2737 3160 2804 viam,
3203 2743 3260 2791 et
3287 2738 3376 2792 in-

1779 2823 2069 2874 troeuntes
2100 2826 2312 2875 terram
2358 2823 2680 2889 Persarum,
2715 2825 2972 2879 venimus
3005 2825 3066 2880 in
3115 2843 3378 2898 campum

1779 2907 2115 2975 mirabilem,
2133 2909 2230 2980 qui
2258 2911 2464 2964 dicitur
2483 2912 2664 2976 Assia,
2692 2911 2785 2965 ubi
2807 2920 3036 2967 sanctus
3063 2915 3376 2970 Mercurius

1777 2995 2054 3052 interfecit
2074 3005 2389 3068 apostatam
2410 3001 2717 3067 Julianum,
2742 3007 2799 3054 et
2818 3001 3056 3072 ingressi
3089 3003 3273 3058 denuo
3288 3022 3375 3059 su-

115 3086 240 3142 hora
276 3105 538 3160 egressus
566 3105 602 3142 a
629 3089 895 3160 spelunca
941 3089 1214 3153 Salvator,
1266 3087 1570 3142 scandebat
1621 3087 1691 3141 ad
1721 3159 1750 3163 _
1777 3102 1903 3140 mus
1933 3087 2216 3141 civitatem
2245 3089 2603 3155 Kitissefodo,
2629 3090 2685 3143 in
2709 3107 2822 3160 qua
2843 3092 3130 3162 pueritres
3150 3095 3374 3163 requie-

114 3159 328 3243 aethera,
364 3183 432 3232 et-
467 3195 591 3234 ecce
639 3159 904 3233 continuo
935 3178 1180 3232 maxima
1225 3177 1372 3248 ignis
1409 3178 1689 3244 columna,
1711 3159 1754 3220 (ἶ
1777 3181 1958 3242 scunt,
1992 3193 2105 3232 non
2133 3178 2298 3248 longe
2327 3195 2362 3232 a
2381 3179 2682 3250 Babylone.
2717 3181 2853 3234 Post
2879 3183 2994 3235 hanc
3023 3183 3235 3252 Tigrim
3265 3186 3373 3238 ﬂu-

114 3268 257 3337 quasi
284 3268 464 3323 nubes
481 3268 681 3333 valida,
695 3267 927 3322 intravit
949 3267 1292 3339 speluncam,
1309 3272 1368 3320 et
1386 3265 1532 3320 facta
1559 3271 1695 3320 sunt
1777 3281 1910 3318 men
1938 3271 2417 3336 pertranseuntes,
2465 3268 2880 3338 quintodecimo
2917 3271 3008 3324 die
3037 3271 3374 3328 intravimus

113 3357 363 3430 tonitrua,
395 3363 456 3412 et
483 3358 770 3412 immensae
799 3357 1232 3421 coruscationes,
1265 3360 1323 3409 et
1353 3355 1544 3410 omnia
1569 3356 1693 3409 caeli
1775 3355 2104 3421 Jerusalem,
2123 3360 2180 3409 et
2197 3356 2268 3410 ad
2290 3357 2608 3427 sepulcrum
2628 3359 2850 3412 Domini
2868 3361 3046 3414 nostri
3065 3361 3198 3414 Jesu
3217 3362 3374 3416 Chri-

113 3446 342 3503 volatilia
387 3447 699 3503 secundum
737 3445 992 3518 proprias
1033 3445 1218 3500 audivi
1265 3462 1426 3499 voces
1467 3461 1688 3512 canere,

111 3534 368 3591 dicentia:
392 3538 653 3602 Sanctus,
680 3541 926 3603 sanctus,
950 3541 1194 3601 sanctus,
1215 3535 1488 3588 Dominus
1518 3534 1687 3588 Deus.

113 3623 214 3695 Ego
241 3624 427 3698 itaque
454 3626 591 3680 dum
616 3625 735 3680 haec
758 3641 1064 3692 cernerem,
1107 3625 1385 3695 simulque
1412 3623 1687 3689 audirem,

110 3721 322 3786 propter
349 3715 580 3770 visionis
619 3715 1062 3786 magnitudinem
1092 3714 1324 3768 territus
1353 3713 1512 3767 valde
1541 3729 1686 3777 sum,

110 3808 160 3855 et
183 3803 237 3858 in
265 3805 471 3860 exstasi
509 3809 722 3876 raptus,
754 3804 927 3858 cecidi
955 3804 1013 3858 in
1048 3808 1279 3870 terram,
1327 3808 1385 3856 et
1416 3807 1540 3856 octo
1568 3801 1688 3855 dies

109 3891 224 3946 inde
241 3894 545 3966 permansi,
577 3901 712 3949 tunc
735 3910 976 3964 namque
1008 3892 1254 3947 intellexi
1280 3891 1410 3962 quia
1435 3891 1690 3945 Salvator

110 3983 287 4037 mundi
315 3984 573 4038 Christus
598 3983 872 4038 Dominus
899 3982 1042 4036 hanc
1060 3983 1345 4051 ingressus
1365 3981 1687 4050 speluncam

109 4069 730 4144 benedixerit,illamque
749 4069 1196 4126 sanctiﬁcaverit.
1226 4070 1382 4124 Tunc
1401 4087 1503 4138 ego
1517 4069 1690 4123 intro-

107 4176 316 4229 gressus
344 4162 404 4216 in
434 4178 698 4234 eam,pro
713 4160 1036 4232 ignorantia
1055 4161 1282 4232 pr0pria
1311 4177 1374 4213 ac
1404 4159 1687 4229 negligen-

107 4248 196 4316 tia,
227 4252 364 4322 εαξρί
393 4250 736 4318 satisfacere,
765 4250 1089 4306 collaudans
1107 4255 1165 4304 et
1187 4251 1509 4320 glorificans
1530 4247 1686 4302 Chri-

107 4343 242 4393 stum
265 4341 611 4396 Salvatorem
635 4357 701 4395 ac
721 4341 1156 4412 Redemptorem
1177 4345 1453 4406 nostrum,
1469 4344 1687 4394 etcrea-

106 4431 270 4484 torem
298 4431 572 4498 omnium,
589 4431 685 4502 qui
715 4435 875 4484 tanta
901 4446 990 4483 me
1020 4429 1292 4485 sustinuit
1319 4429 1611 4500 patientia,
1629 4434 1686 4484 et

1776 3445 1866 3510 sti,
1900 3462 2000 3515 per
2021 3451 2222 3499 cuncta
2249 3446 2371 3499 loca
2396 3454 2589 3500 sancta
2619 3454 2942 3502 sanctorum
2971 3455 3216 3518 orantes,
3239 3467 3372 3519 gra-

1773 3533 1983 3588 tiarum
1996 3535 2244 3589 actiones
2265 3535 2487 3590 Christo
2506 3537 2778 3590 Salvatori
2799 3538 3054 3592 omnium
3074 3539 3370 3595 libavimus

1774 3623 1870 3692 qui
1893 3640 1993 3677 nos
2023 3641 2125 3678 sua
2152 3625 2338 3693 gratia
2367 3625 2676 3679 incolumes
2705 3627 2945 3680 servavit
2973 3633 3170 3682 euntes
3199 3635 3259 3683 et
3285 3647 3370 3683 re-

1772 3711 2028 3766 deuntes.
2048 3713 2182 3767 Inde
2204 3713 2378 3781 igitur
2397 3715 2626 3782 egressi,
2648 3716 2821 3768 veloci
2843 3733 3009 3770 cursu
3025 3718 3094 3770 ad
3111 3725 3369 3772 nostrum

1769 3801 2124 3871 pervenimus
2152 3803 2555 3856 monasterium
2578 3821 2590 3868 ;
2616 3809 2673 3856 et
2687 3810 2942 3858 nostrum
2964 3805 3362 3875 hegumenum,

1771 3896 1828 3944 et
1852 3890 2054 3944 fratres
2083 3897 2304 3945 nostros
2327 3908 2522 3946 omnes
2551 3892 2608 3946 in
2639 3909 2774 3963 pace
2813 3899 2870 3947 et
2905 3894 3173 3965 sospitate
3203 3913 3364 3966 repe-

1771 3980 1998 4046 rientes,
2015 3997 2115 4050 per
2143 3981 2400 4034 ordinem
2430 3999 2552 4051 quae
2575 3983 2814 4036 vidimus
2847 3989 2904 4037 et
2929 3984 3244 4038 audivimus
3258 3986 3365 4040 mi-

1769 4069 1986 4123 rabilia.
2019 4075 2077 4123 et
2105 4071 2518 4124 misericordias
2552 4072 2794 4137 Domini,
2841 4073 2938 4126 sed
2987 4080 3043 4127 et
3090 4075 3262 4129 vitam
3308 4081 3366 4130 et

1769 4159 2251 4214 conversationem
2264 4159 2572 4214 beatissimi
2587 4161 2813 4215 Macarii
2827 4161 2936 4216 illis
2957 4164 3358 4219 enarravimus.

1769 4248 2057 4320 Quotquot
2076 4254 2266 4303 autem
2288 4250 2403 4305 haec
2431 4249 2752 4316 audiebant,
2788 4251 3094 4306 laudabant
3123 4259 3179 4307 et
3197 4254 3364 4322 glori-

1768 4337 2030 4405 ﬁcabant,
2065 4343 2122 4392 et
2160 4339 2434 4410 hymnum
2475 4339 2734 4394 dicebant
2778 4341 2893 4394 Deo
2929 4341 3081 4395 Patri
3113 4343 3364 4414 omnipo-

1766 4427 1927 4494 tenti,
1960 4436 2016 4482 et
2041 4428 2183 4482 Filio
2210 4430 2334 4498 ejus
2364 4428 2676 4498 unigenito,
2709 4430 2948 4483 Domino
2984 4447 3048 4483 ac
3087 4432 3361 4486 Salvatori

105 4517 346 4584 perduxit
381 4520 454 4575 ad
481 4519 889 4592 paenitentiam,
921 4523 979 4574 et
1005 4535 1201 4573 rursus
1225 4519 1398 4572 talem
1427 4519 1567 4582 mihi
1591 4519 1684 4572 de-
1701 4513 1751 4572 D
1767 4523 1976 4584 nostro,
1991 4535 2092 4572 nec
2103 4534 2216 4572 non
2236 4523 2294 4572 et
2317 4517 2549 4588 Spiritui
2567 4517 2893 4571 vivificatori
2912 4524 2970 4572 et
2988 4519 3360 4574 illuminatori

105 4609 420 4664 monstravit
465 4608 843 4664 dementiam.
889 4607 1124 4673 Quando
1161 4613 1351 4662 autem
1391 4608 1506 4664 haec
1555 4614 1681 4662 acta

102 4701 234 4772 sunt,
265 4703 482 4769 septem
510 4699 570 4753 in
600 4699 706 4753 hac
735 4697 1020 4770 spelunca,
1054 4697 1236 4752 aetatis
1259 4714 1390 4752 vero
1442 4698 1680 4770 quadra-

99 4783 240 4852 ginta
265 4803 542 4843 annorum
573 4785 870 4842 habebam.

161 4873 290 4932 Ecce
319 4894 470 4933 nunc
488 4877 662 4945 vobis,
702 4878 855 4933 velut
891 4877 1023 4932 ﬁliis
1052 4877 1416 4945 charissimis,
1451 4895 1677 4933 omnem

1763 4608 2082 4662 animarum
2111 4612 2454 4670 nostrarum,
2487 4606 2582 4676 qui
2619 4606 2801 4660 trinus
2829 4606 2889 4660 in
2916 4608 3189 4676 personis,
3223 4625 3358 4662 una-

1763 4714 1871 4769 que
1900 4695 2119 4750 Deitate
2145 4695 2487 4759 nominatur,
2503 4695 2636 4748 vivit
2663 4701 2721 4749 et
2750 4701 2948 4766 regnat
2975 4695 3182 4768 ubique
3207 4697 3357 4753 Deus

1759 4785 2084 4842 benedictus
2113 4790 2170 4838 et
2198 4783 2516 4845 laudabilis,
2552 4800 2701 4838 nunc
2730 4791 2788 4840 et
2832 4802 3072 4857 semper,
3117 4805 3218 4859 per
3246 4790 3358 4842 im-

1759 4875 2023 4932 mortalia
2049 4874 2254 4930 szecula
2271 4873 2626 4940 saeculorum,
2659 4877 2861 4931 Amen.

1337 4995 1721 5051 ROSWEYDI
1758 4993 2096 5052 NOTATIO.

158 5091 228 5166 (Ι)
251 5095 490 5166 Macarii
517 5096 796 5166 Romani]
816 5095 987 5150 Nulla
1007 5095 1176 5164 hujus
1204 5091 1414 5148 mentio
1437 5093 1495 5166 in
1526 5096 1672 5150 Mar-

95 5163 350 5236 tyrologio
371 5167 644 5223 Romano.
661 5163 1034 5236 Menologium
1053 5163 1394 5231 Graecorum,
1419 5164 1487 5220 23
1511 5166 1672 5236 Octo:

1826 5092 2099 5148 Baronius
2123 5091 2179 5144 in
2200 5088 2595 5162 Martyrologio
2619 5091 2893 5158 Romano,
2915 5091 2984 5146 ad
3004 5093 3153 5147 diem
3185 5093 3238 5150 ll
3264 5097 3354 5150 Ja-

1755 5165 1962 5229 nuarii,
1993 5163 2273 5218 existimat
2292 5163 2360 5233 de
2382 5163 2485 5216 hoc
2499 5163 2740 5218 Macario
2763 5166 3014 5218 Romano
3039 5182 3206 5233 agere
3233 5166 3354 5220 Pal-

94 5227 194 5304 ljris
225 5227 530 5297 :E'J‘Iodem
563 5238 652 5293 die
679 5227 1139 5293 commemoratio
1171 5239 1228 5291 S.
1251 5237 1314 5290 P.
1341 5227 1412 5291 N.
1444 5235 1672 5290 Macarii
1755 5227 1986 5301 ladium,
2021 5235 2156 5288 dum
2185 5251 2306 5304 cap.
2348 5232 2444 5290 1‘23
2472 5242 2767 5288 enumerat
2799 5252 2894 5288 eos
2935 5235 3031 5304 qui
3060 5227 3130 5289 ad
3169 5236 3353 5290 Pinia-

94 5300 329 5362 Romani.
367 5330 392 5362 υ
427 5311 639 5364 Menaea
666 5309 790 5364 fuse
817 5310 1016 5364 eodem
1044 5308 1134 5362 die
1162 5310 1304 5362 Acta
1333 5309 1456 5378 ejus
1485 5308 1669 5379 expri-
1755 5325 1892 5362 num
1921 5300 2188 5361 maritum
2213 5300 2396 5379 parva:
2418 5305 2684 5379 Melaniae,
2705 5323 2826 5379 quae
2857 5300 3005 5359 nunc
3033 5306 3091 5358 in
3125 5307 3346 5376 Siciliae,

93 5383 258 5451 guunt,
301 5396 426 5451 quae
462 5397 590 5435 cum
627 5381 714 5435 his
760 5381 966 5434 nostris
1019 5381 1182 5451 plane
1213 5377 1571 5451 conveniunt:
1601 5381 1665 5434 In
1751 5396 1900 5434 nunc
1928 5379 1990 5451 in
2015 5377 2334 5451 Campaniae
2365 5377 2516 5445 agris
2543 5377 2920 5451 exercebatur,
2950 5386 3344 5451 accesserunt:

93 5442 293 5503 Menazis
308 5442 501 5506 tamen
515 5452 893 5530 peregrinatio
914 5457 975 5530 et
998 5442 1265 5530 itinerum
1281 5449 1663 5530 difﬁcultates,
1753 5469 1778 5502 ι
1814 5449 2106 5530 Similiter,
2133 5442 2529 5530 inquitnet'iam
2552 5447 3038 5530 quidamnomine
3071 5449 3348 5530 Macarius

92 5530 216 5600 quas
230 5526 344 5576 tres
363 5519 788 5600 peregrinantes
809 5523 1130 5600 Vita-hujus
1145 5527 1404 5600 auctores
1417 5522 1662 5600 subiere,
1749 5539 1814 5575 ex
1843 5521 2068 5574 vicaria.
2105 5541 2132 5600 si
2154 5520 2426 5600 Baronius
2457 5519 2547 5573 hic
2576 5519 2843 5600 intelligit-
2868 5519 3133 5600 vicariam
3159 5523 3350 5590 praefe-

93 5591 433 5666 omittuntlir.
460 5591 696 5666 Unicum
716 5595 859 5650 Vitae
874 5591 1052 5666 hujus
1069 5594 1173 5648 Ms.
1191 5593 1476 5666 exemplar
1498 5593 1667 5666 habui
1749 5597 2193 5666 cturam,_recte,
2225 5592 2373 5663 quod
2404 5609 2470 5646 ex
2508 5607 2578 5645 ea
2608 5591 2975 5646 monasticam
3017 5591 3192 5646 vitam
3220 5610 3343 5647 am-

91 5671 148 5711 ex
173 5662 395 5720 abbatia
413 5665 794 5735 Einhamensi,
817 5662 1142 5722 charactere
1165 5664 1332 5736 plane
1353 5662 1592 5720 recenti.
1750 5664 1944 5736 plexus
1967 5663 2067 5722 sit.

311 5763 902 5850 PaTmLJLXXIII.
1134 5849 1169 5850 η
3032 5763 3104 5824 M
