3878 6392
128 414 3331 446 ————__——._.__———-———_—T—,——————————_—_

129 434 3375 464 MM“:

441 566 880 710 VITA
992 569 1568 713 BEATI
1675 572 2792 735 POSTHUMII
2887 657 3023 751 (ί),

597 813 990 890 PATRIS
1031 816 1514 912 QUINQUE
1567 819 2039 897 MILLIUM
2086 823 2869 915 MONACHDBUM.

1358 999 1697 1065 lNGER’l‘O
1741 1004 2134 1067 AUCTORE.

1376 1285 2076 1472 ipralogna.

172 1530 435 1594 Quoniam
466 1531 746 1591 desiderio
774 1532 1105 1589 desiderasti
1131 1541 1353 1605 semper
1376 1536 1572 1591 audire
1588 1554 1717 1608 quae
1746 1546 1940 1599 sancta
1966 1545 2133 1606 sunt;
2159 1544 2216 1594 et
2232 1556 2355 1607 nos,
2379 1556 2450 1596 ne
2479 1541 2700 1607 silentio
2721 1548 2979 1614 tempora
2996 1552 3368 1617 peragantur,

112 1640 287 1678 curare
319 1623 587 1678 debemus
620 1642 632 1677 :
666 1625 870 1679 idcirco
909 1627 979 1680 de
1025 1628 1286 1698 operibus
1328 1630 1553 1683 Domini
1602 1637 1787 1685 tacere
1826 1645 1941 1687 non
1988 1646 2305 1699 possumus,
2343 1646 2465 1700 quae
2503 1630 2562 1695 in
2606 1632 2783 1689 servis
2835 1633 2951 1689 suis
2978 1634 3366 1704 indesinenter

111 1713 348 1767 ostendit.
371 1715 446 1767 At
466 1714 734 1784 primum,
760 1715 830 1769 de
858 1723 1051 1770 sancto
1071 1718 1399 1772 Posthumio
1419 1720 1520 1773 Dei
1546 1736 1707 1774 servo
1728 1719 2035 1784 sciendum,
2062 1735 2171 1789 quo
2200 1718 2395 1775 ordine
2422 1736 2554 1781 eum
2582 1721 2856 1779 Dominus
2883 1724 2953 1779 ad
2980 1741 3142 1787 suam
3166 1743 3363 1793 vocare

109 1801 349 1871 (ligneum
376 1807 463 1856 est
487 1803 752 1873 gratiam,
783 1805 931 1859 sicut
967 1806 1329 1861 referentium
1363 1808 1597 1878 jactavit
1642 1809 1843 1873 oratio,
1884 1808 1986 1879 qui
2019 1807 2402 1872 conversionis
2437 1810 2564 1877 ejus
2608 1808 2866 1879 ordinem
2904 1819 3201 1883 noverunt.
3233 1816 3365 1883 Haec

109 1896 283 1944 vestrae
310 1892 597 1946 dilectioni
625 1893 850 1964 scriptis
877 1893 1140 1953 intimare
1169 1896 1376 1956 curavi,
1410 1897 1690 1967 quomodo
1722 1915 1823 1969 per
1850 1896 2089 1961 rusticos
2118 1896 2392 1961 Dominus
2420 1898 2774 1965 credentibus
2804 1900 2862 1955 in
2889 1917 2949 1966 se
2986 1902 3365 1973 manifestayit

106 1980 243 2050 mgni
262 1981 348 2035 sui
372 1981 729 2053 mysterium.

1405 2132 1983 2329 VITA.

159 2390 294 2459 ηρ
305 2390 812 2457 ΟΑΡυπΡωΜυᾉρ-
827 2389 962 2453 Erat
973 2389 1333 2455 Posthumins
1346 2389 1675 2460 Mempheus
1686 2390 1737 2463 Α
1760 2389 1947 2443 ﬁcavit
1964 2389 2266 2445 Dominum
2288 2392 2467 2457 valde.
2486 2392 2630 2447 Vere
2646 2400 2833 2448 autem
2855 2396 3193 2465 credidimus
3214 2398 3273 2452 in
3295 2414 3361 2452 eo

100 2494 301 2547 genere,
328 2479 560 2550 gentilis
584 2483 771 2543 natus,
796 2479 867 2543 ab
897 2470 1691 2547 infantiainnocens,ignarus

98 2568 412 2635 litterarum,
432 2568 585 2633 etab
606 2568 758 2633 omni
784 2568 988 2640 peritia
1014 2569 1234 2623 alienus
1255 2568 1673 2641 zEgyptiorum,

100 2656 159 2710 ab
203 2674 391 2717 eorum
434 2658 740 2733 gentilium
793 2658 1041 2715 delubris
1085 2675 1309 2730 semper
1355 2663 1673 2723 extraneus.

98 2745 284 2805 Fuerat
297 2747 536 2811 restium
552 2747 942 2818 spatariusﬂ),
958 2764 1248 2821 nunquam
1270 2764 1329 2800 se
1359 2747 1677 2800 adolescen-

97 2835 220 2899 tium
244 2836 509 2911 gregibus
541 2836 907 2901 commiscuit,
927 2854 1032 2895 nec
1046 2834 1254 2909 publici
1290 2853 1428 2899 usus
1459 2834 1674 2889 fabulas

97 2924 374 2994 aliquando
403 2926 680 3001 cognovit,
710 2943 809 2997 pes
846 2927 968 3003 ejus
995 2924 1067 2991 ad
1097 2925 1417 2989 saltandum
1449 2941 1561 2989 non
1589 2929 1676 2978 est

1760 2477 2056 2553 impletum
2086 2480 2227 2539 illud
2255 2481 2544 2552 prophetae
2570 2483 2870 2538 Ezechielis
2896 2485 3113 2552 (Ezech.
3137 2486 3242 2553 III),
3272 2488 3356 2541 vel

1760 2567 1991 2621 Joannis
2029 2570 2265 2641 apostoli
2296 2560 2476 2638 (Apoc.
2511 2575 2582 2635 Χ),
2616 2572 2711 2643 qui
2754 2572 2961 2637 librum
2998 2575 3067 2628 de
3096 2575 3357 2629 manibus

1760 2657 2087 2726 angelorum
2145 2658 2499 2729 accipientes,
2552 2662 2917 2717 comederunt
2960 2669 3016 2716 et
3064 2665 3357 2735 adimpleti

1758 2751 1890 2798 sunt
1917 2746 2194 2817 sapientia
2219 2748 2289 2801 ad
2316 2749 2786 2829 prophetandum.

1829 2836 1960 2889 CAP.
1995 2836 2073 2890 III
2090 2880 2101 2891 .
2116 2865 2174 2875 —
2190 2837 2331 2890 Item
2351 2838 2583 2908 angelus
2597 2839 3018 2911 Dominitetigit
3039 2842 3185 2895 labia
3206 2844 3359 2896 Post-

1757 2923 1955 2977 humii.
1988 2924 2056 2978 Et
2083 2926 2319 2996 depulsa
2342 2927 2742 2995 amaritudine,
2776 2929 2969 2999 lingua
2991 2931 3114 3000 ejus
3143 2930 3212 2983 de
3239 2930 3357 2985 Deo

96 3020 401 3081 commotus.
438 3017 506 3083 In
528 3016 641 3075 vita
668 3032 770 3081 sua
798 3031 1089 3087 nunquam
1118 3015 1187 3073 de
1212 3030 1308 3068 ore
1341 3015 1463 3083 ejus
1492 3014 1673 3085 turpis
1749 3012 2092 3090 loquebatur
2146 3006 2415 3093 ingentia.
2464 3016 2725 3087 Dixitque
2782 3018 2854 3071 ad
2897 3035 3026 3072 eum
3071 3019 3307 3089 angelus
3340 3036 3352 3071 :

95 3118 258 3167 sermo
269 3105 562 3185 processit,
586 3120 767 3176 neque
782 3103 1021 3169 avaritia
1032 3104 1095 3167 in
1118 3120 1213 3169 cor
1228 3103 1352 3187 ejus
1366 3102 1672 3172 aliquando

96 3193 341 3259 ascendit.
365 3195 451 3261 Ad
482 3193 750 3261 feminam
784 3194 971 3261 oculos
992 3209 1142 3258 suos,
1165 3209 1292 3259 cum
1322 3192 1505 3245 adhuc
1524 3196 1673 3245 esset

94 3278 142 3333 in
176 3282 386 3349 saeculo,
422 3299 540 3337 non
578 3282 814 3348 levavit;
846 3281 1204 3347 mendacium
1253 3280 1406 3345 omni
1462 3280 1670 3333 virtute

92 3367 296 3441 Vitiavit;
322 3371 671 3435 discordiam
701 3372 785 3437 vel
828 3370 1020 3433 odium
1046 3370 1316 3437 adversus
1350 3369 1670 3453 proximum

90 3471 443 3531 Suummeque
460 3466 659 3516 contra
673 3466 1020 3533 extraneum,
1040 3463 1304 3524 noverat;
1322 3457 1672 3512 custodiebat

90 3561 264 3612 Pacem
281 3549 341 3613 in
358 3550 562 3617 animo
583 3566 682 3607 suo
707 3566 808 3621 per
828 3565 992 3607 omne
1011 3555 1253 3620 tempus.

140 3638 276 3694 ΟΜ».
292 3639 427 3705 JI.—
442 3640 587 3703 Cum
602 3656 733 3710 ergo
746 3639 866 3703 haec
880 3637 953 3705 ab
974 3655 1038 3692 eo
1050 3641 1409 3713 gererentur,
1425 3642 1483 3690 et
1500 3652 1669 3690 anno-

1756 3101 2070 3168 Posthumi,
2108 3106 2220 3173 fige
2248 3120 2435 3173 genua
2460 3110 2563 3158 tua
2591 3106 2649 3159 in
2678 3112 2850 3171 terra,
2883 3112 2941 3160 et
2968 3107 3166 3161 faciem
3198 3113 3355 3173 tuam

1754 3190 1822 3244 ad
1854 3191 2163 3257 Orientem,
2198 3198 2255 3246 et
2280 3198 2415 3255 tunc
2436 3193 2663 3247 dabitur
2675 3188 2776 3249 tibi
2805 3212 2839 3249 a
2859 3196 2974 3249 Deo
2995 3196 3356 3266 quemadmo-

1752 3278 1887 3332 dum
1904 3279 2082 3351 possis
2095 3266 2275 3334 orare.
2302 3282 2369 3343 Et
2388 3282 2573 3352 posuit
2588 3283 2949 3337 Posthumius
2967 3272 3153 3353 genua
3175 3300 3278 3338 sua
3292 3285 3353 3338 in

1750 3373 1982 3433 terram,
2009 3369 2207 3422 faciem
2229 3385 2451 3441 quoque
2474 3370 2645 3424 etiam
2670 3372 2741 3425 ad
2762 3371 3070 3437 Orientem,
3091 3378 3149 3425 et
3168 3373 3353 3427 infusa

1754 3462 1838 3511 est
1873 3458 1924 3511 ei
1955 3458 2154 3523 oratio,
2184 3463 2241 3511 et
2284 3459 2365 3511 ait
2396 3477 2406 3511 :
2441 3459 2779 3513 Bonedicam
2808 3465 2884 3526 te,
2918 3461 3155 3515 Domine
3202 3463 3352 3527 Deus

1753 3546 2127 3616 omnipotens,
2154 3564 2249 3600 rex
2265 3548 2525 3611 cmlestis,
2546 3549 2641 3619 qui
2662 3548 3051 3619 ignorantibus
3066 3556 3123 3604 te
3148 3567 3352 3605 nomen

1751 3640 1913 3689 tuum
1934 3636 2283 3690 innotescere
2296 3643 2477 3702 ξτες
2498 3637 2759 3709 facis,per
2771 3638 3077 3693 Dominum
3094 3646 3353 3694 nostrum

89 3741 198 3785 rum
219 3728 614 3799 essettriginta
634 3734 868 3798 septem,
884 3710 1092 3797 placuit
1104 3727 1218 3780 Deo
1230 3726 1443 3797 eripere
1455 3742 1583 3779 eum
1601 3725 1669 3778 de
1693 3710 1731 3771 Β
1750 3725 1778 3777 J
1785 3742 1942 3778 esum
1960 3725 2246 3779 Christum
2268 3720 2469 3780 Filium
2492 3731 2672 3790 tuum,
2693 3744 2899 3782 nomen
2919 3734 3078 3783 tuum
3102 3729 3349 3783 efﬁciens

88 3817 424 3893 corruptione
439 3822 823 3897 peccatorum,
858 3824 914 3885 et
938 3817 1007 3879 ad
1035 3815 1512 3886 incorruptionem
1542 3815 1669 3869 vitae
1751 3814 2199 3879 manifestum,ut
2212 3815 2483 3899 populum
2502 3815 2604 3868 tibi
2618 3822 2984 3886 congregaret
3005 3834 3069 3870 ex
3089 3817 3347 3883 omnibus

87 3912 287 3967 internae
316 3922 577 3971 evocare.
606 3906 770 3973 Unde
799 3906 977 3971 fertur
998 3906 1265 3971 introisse
1294 3905 1366 3967 ad
1404 3921 1533 3957 eum
1564 3920 1670 3956 an-
1747 3902 2009 3971 gentibus
2028 3903 2371 3974 adoptivum.
2401 3905 2544 3958 Nam
2575 3907 2762 3958 volens
2784 3906 2992 3960 mundo
3023 3923 3348 3960 succurrere

84 3993 256 4062 gelum
277 3996 530 4064 Domini,
557 3995 780 4067 quando
795 3996 914 4077 ipse
930 3996 1173 4077 plectam
1190 3994 1268 4071 (3)
1287 3994 1355 4061 de
1376 3999 1535 4065 spato
1556 3994 1668 4065 ple-

85 4082 269 4145 ctebat.
304 4086 518 4161 Aitque
557 4086 627 4141 ad
657 4102 788 4151 eum
816 4086 1048 4156 angelus
1081 4101 1093 4135 :
1129 4078 1441 4151 Posthumi.
1475 4085 1549 4137 At
1576 4083 1667 4138 ille

87 4171 154 4225 ait
184 4192 198 4225 :
228 4174 375 4239 Quid
408 4175 532 4243 est?
563 4176 632 4239 Et
664 4174 805 4237 dixit
850 4175 921 4231 ad
964 4191 1100 4237 eum
1135 4173 1367 4243 angelus
1398 4173 1621 4235 Domini
1649 4189 1662 4220 :

85 4258 214 4331 Quid
244 4269 328 4327 est
344 4264 411 4331 in
428 4280 606 4333 manu
622 4270 724 4333 tua
741 4262 767 4316 ?
790 4264 892 4325 Ille
924 4263 1033 4317 ait:
1059 4263 1231 4325 Funis
1247 4262 1571 4343 plectacius.
1601 4262 1669 4316 Et

84 4348 207 4405 dixit
228 4353 302 4419 ad
331 4370 464 4408 eum
486 4353 721 4425 angelus
740 4352 964 4419 Domini
992 4370 1003 4405 :
1031 4353 1211 4423 Deum
1240 4352 1535 4421 excelsum,
1571 4351 1665 4422 qui

83 4436 282 4507 habitat
304 4442 370 4509 in
401 4443 565 4507 coelo,
582 4442 737 4507 ,nosti
759 4442 1165 4509 ?Posthu,mius
1202 4440 1345 4509 dixit
1371 4460 1381 4494 :
1404 4440 1661 4505 Domine,

83 4529 250 4587 nescio
282 4531 335 4586 si
366 4538 455 4589 est
481 4532 635 4597 Deus
672 4531 730 4599 in
762 4532 939 4601 coelo;
973 4548 1099 4587 sum
1137 4532 1285 4587 enim
1316 4531 1576 4601 rusticus,
1612 4535 1669 4584 et

83 4617 220 4685 nulla
237 4626 324 4674 est
336 4620 486 4691 mihi
496 4620 795 4692 sapientia.
818 4620 940 4685 Anti
964 4637 1101 4687 mea;
1129 4620 1370 4675 inservio
1397 4619 1465 4673 ab
1488 4619 1668 4685 infan-

82 4704 151 4765 tia
175 4724 319 4783 mea,
353 4715 413 4763 et
440 4708 587 4779 nihil
607 4709 677 4775 ab
707 4707 938 4779 urbanis
960 4708 1281 4771 hominibus
1311 4708 1496 4769 audivi
1518 4708 1665 4791 quod

80 4792 354 4864 discerem,
378 4799 488 4863 sed
514 4804 577 4859 .et
600 4798 890 4879 publicum
928 4814 1151 4868 semper
1184 4797 1307 4873 fugi
1346 4815 1660 4863 accessum.

79 4882 212 4939 Dixit
234 4888 307 4941 ad
336 4905 470 4942 eum
499 4888 732 4958 angelus
755 4908 770 4942 :
795 4889 907 4942 Ora
927 4889 1201 4967 Deum,‘et
1214 4887 1559 4957 dabiturtibi
1582 4905 1665 4957 sa-

79 4971 271 5042 pientia
301 4981 360 5030 et
384 4977 728 5032 intellectus.
751 4977 1114 5047 Posthumius
1139 4977 1285 5031 dixit
1310 4996 1320 5030 :
1342 4977 1518 5031 Deum
1551 4993 1661 5030 non

1752 3990 1941 4045 labore
1980 3992 2277 4055 laboranti,
2311 4000 2539 4063 propter
2564 3996 2789 4063 generis
2819 3995 3051 4049 humani
3081 3996 3342 4061 salutem,

1752 4080 1916 4134 unico
1946 4082 2085 4135 Filio
2098 4098 2208 4136 non
2226 4083 2542 4153 pepercisti.
2577 4083 2685 4137 Per
2709 4100 2837 4137 eum
2859 4101 2992 4155 ergo
3007 4091 3063 4138 te
3097 4086 3345 4151 obsecro,

1752 4174 1807 4222 et
1836 4176 1993 4223 tuam
2026 4171 2489 4237 misericordiam,
2521 4178 2585 4226 ut
2612 4173 2750 4226 mihi
2773 4190 2914 4227 czeco
2938 4191 3131 4228 verum
3156 4175 3347 4229 lumen

1750 4258 1809 4312 in
1840 4258 2088 4313 tenebris
2118 4261 2420 4325 constituto
2459 4262 2740 4325 ostendas.
2771 4263 2857 4317 Tu
2885 4264 3057 4329 enim,
3088 4264 3345 4331 Domine,

1750 4348 1896 4401 nosti
1918 4349 2050 4419 quia
2068 4350 2284 4404 nullum
2317 4349 2557 4404 sciebam
2580 4351 2810 4405 omnino
2832 4368 3167 4418 sermonem,
3196 4358 3253 4407 et
3268 4353 3348 4406 di-

1746 4445 1952 4507 gnatus
1970 4455 2027 4491 es
2054 4439 2265 4493 donare
2291 4439 2438 4511 quod
2453 4440 2714 4509 loquerer
2736 4439 2807 4493 ad
2821 4446 2895 4504 te,
2921 4446 2976 4493 et
2996 4441 3236 4494 docuisti
3257 4459 3347 4495 me

1750 4528 1953 4597 quibus
1981 4534 2037 4581 te
2066 4545 2351 4601 rogarem.
2391 4530 2468 4583 Ex
2501 4547 2592 4583 me
2620 4529 2741 4601 ipso
2779 4546 3070 4599 cognosco,
3109 4530 3345 4585 Domine

1748 4615 1897 4670 Deus
1944 4633 2123 4682 meus,
2164 4617 2297 4687 quia
2327 4635 2455 4671 vere
2484 4620 2612 4672 caeci
2660 4618 2868 4682 vident,
2901 4618 3054 4672 surdi
3084 4618 3339 4681 audiunt,

1747 4710 2033 4759 mutorum
2063 4705 2271 4775 lingua:
2299 4706 2608 4775 solvuntur,
2624 4706 2804 4759 claudi
2832 4705 3148 4775 ambulant,
3166 4706 3345 4777 lepro-

1746 4811 1793 4847 ει
1852 4793 2216 4858 mundantur,
2250 4811 2524 4867 pauperes
2569 4795 3042 4865 evangelizantur,
3088 4802 3343 4866 peccato-

1746 4900 1836 4937 res
1865 4888 2134 4937 vocantur
2163 4882 2372 4956 (Matth.
2424 4888 2521 4951 x1).
2554 4884 2691 4948 Quis
2721 4901 2875 4938 eram
2921 4901 3047 4955 ego,
3081 4886 3212 4956 quia
3251 4904 3343 4939 re-

1745 4973 2007 5027 cordatus
2035 4990 2093 5026 es
2123 4972 2233 5025 mei
2253 4973 2357 5027 'IIn
2387 4989 2498 5043 quo
2520 4975 2785 5045 praevalet
2803 4976 2953 5046 apud
2980 4982 3035 5030 te
3056 4977 3343 5047 pusillani-

78 5064 188 5116 novi
208 5082 398 5133 .orare,
431 5066 623 5139 nescio
644 5067 795 5135 enim
824 5066 957 5137 quid
987 5066 1188 5120 dicam.
1226 5066 1295 5120 Et
1324 5065 1538 5137 accepit
1567 5075 1725 5135 an-C
1744 5062 1909 5129 mites
1941 5078 2083 5126 mea,
2115 5061 2247 5132 quia
2267 5062 2549 5132 requisisti
2582 5064 2710 5117 me?
2740 5065 2925 5129 Quare
2944 5081 3092 5119 nunc
3121 5071 3250 5136 peto
3279 5072 3341 5120 ut

73 5151 214 5219 gelus
239 5154 435 5224 folium
466 5155 632 5231 lauri,
655 5161 712 5209 et
738 5155 963 5228 scripsit
984 5155 1043 5229 in
1070 5172 1135 5210 eo
1169 5154 1339 5219 verba
1367 5155 1656 5219 orationis,

75 5247 123 5293 ct
147 5243 295 5313 dedit
320 5244 465 5315 illud
492 5245 838 5313 Posthumio,
865 5245 1056 5303 dicens
1082 5263 1093 5297 :
1119 5245 1384 5303 Manduca
1412 5245 1570 5307 illud,
1605 5251 1662 5299 et

74 5329 166 5384 erit
184 5349 455 5407 amarum
486 5333 544 5387 in
563 5351 657 5391 ore
686 5340 784 5389 tuo
814 5318 959 5389 sicut
987 5334 1077 5399 fel,
1103 5340 1466 5406 ventremque
1498 5339 1659 5386 tuum

73 5416 306 5503 implebit
326 5423 812 5491 obsecrationibus
832 5423 1138 5503 sapientiae,
1171 5428 1223 5477 et
1250 5422 1407 5476 dabit
1428 5421 1531 5476 tibi
1554 5421 1660 5475 for-

76 5500 206 5579 mam
230 5511 510 5583 emtiqnis
541 5518 596 5566 et
616 5529 765 5589 sanae
786 5513 1072 5583 doctrinae.
1095 5500 1164 5568 Et
1187 5512 1464 5583 accipiens
1490 5511 1658 5579 ,Ροδί-

77 5593 683 5679 hmuius,manducavit
707 5620 718 5654 :
748 5607 805 5655 et
821 5602 1028 5671 factum
1049 5606 1135 5655 est
1156 5617 1217 5655 os
1230 5601 1350 5679 ejus
1377 5615 1655 5665 amarum.

73 5682 229 5744 Porro
256 5674 462 5746 venter
490 5690 615 5761 ejus
641 5674 938 5747 dulcedine
958 5690 1225 5762 impletus
1243 5674 1345 5757 est,
1370 5698 1422 5744 et
1438 5688 1661 5759 magni-

1742 5168 1777 5205 a
1797 5151 2053 5205 sordibus
2075 5168 2165 5206 me
2191 5140 2385 5206 abluas
2413 5159 2767 5223 peccatorum
2782 5155 3062 5221 naturalis
3104 5155 3340 5209 miseriae.

1743 5257 1900 5306 mere,
1926 5257 2049 5311 quae
2078 5257 2168 5295 me
2182 5242 2354 5311 longe
2380 5247 2629 5312 tempore
2652 5244 2881 5313 pressit;
2904 5243 3155 5298 vivebam
3187 5244 3336 5297 enim

1743 5330 1996 5403 eruditus
2010 5347 2043 5384 a
2065 5330 2391 5401 parentibus
2407 5329 2711 5395 inﬁdeliter
2732 5348 2886 5386 more
2902 5333 3197 5402 gentilium
3219 5338 3340 5385 tan-

1744 5436 1911 5490 quam
1944 5419 2125 5474 socius
2148 5421 2555 5497 jumentorum.
2585 5420 2779 5477 Misisti
2810 5426 2871 5474 tu
2908 5421 3042 5474 mihi
3073 5422 3335 5491 angelum

1742 5514 1923 5575 tuum,
1940 5515 1998 5563 et
2009 5509 2339 5587 percussisti
2360 5510 2542 5564 femur
2572 5526 2778 5576 meum,
2803 5510 3182 5582 aperuistique
3202 5511 3337 5564 mihi

1744 5615 1972 5652 saxeum
1988 5605 2201 5669 pectus.
2234 5599 2326 5653 Vae
2351 5598 2555 5662 tacenti
2586 5598 2655 5659 de
2684 5604 2757 5664 te,
2791 5599 2923 5671 quia
2950 5599 3094 5671 ignis
3119 5600 3337 5653 ustione

1744 5686 2059 5742 trucidatur
2085 5687 2146 5742 in
2184 5687 2613 5761 sempiternum.
2648 5688 2789 5743 Ecce
2818 5689 2877 5743 in
2918 5686 3071 5744 brevi
3103 5689 3335 5760 cognovi
