3878 6396
505 350 604 408 431
1537 346 1630 400 DE
1669 337 2196 414 VITIS‘PATRUM
2235 337 2450 392 LIBER
2484 339 2774 395 PRIMUS.
3695 344 3788 400 432

503 471 769 546 quoniam
797 489 906 527 non
938 478 1022 525 est
1041 470 1309 542 gaudium
1340 470 1528 542 impiis
1548 470 1698 541 apud
1734 474 1809 532 te,
1842 485 1943 522 nec
1971 462 2302 538 pec-Aoum
2323 464 2604 534 legistuaz,
2620 466 2715 536 qui
2728 463 2863 518 mihi
2877 464 3548 533 incarnedominabatur,
3567 467 3782 523 subver-

503 562 791 617 catoribus
811 559 1004 614 laetitia
1031 565 1160 630 post
1181 559 1394 613 obitum
1424 559 1640 625 veniet;
1674 558 1781 612 nisi
1802 557 1872 610 ad
1894 563 1950 610 te
1979 572 2106 608 con-
2187 557 2340 606 tens:
2361 569 2394 606 a
2415 553 2671 607 sordibus
2687 571 2852 624 aqua,
2874 554 3116 625 Spiritus
3134 555 3311 608 sancti
3333 557 3780 626 regeneratione,

503 656 808 715 vertentur,
842 649 979 704 salvi
1012 665 1135 703 esse
1173 665 1284 702 non
1315 653 1568 720 possunt.
1599 647 1666 700 Et
1695 646 1959 717 quoniam
1991 660 2102 697 non
2185 641 2767 712 mundasti.Loquitur
2785 643 2843 696 in
2867 659 2955 696 me
2971 643 3598 716 animarenovata,quae
3627 646 3780 716 longo

497 744 583 792 est
610 739 787 792 visum
807 737 906 792 tibi
935 738 1169 809 perdere
1199 755 1308 804 me,
1324 737 1559 791 Domine
1581 736 1902 805 redemptor
1918 733 2101 786 humi-
2183 735 2434 800 tempore
2459 731 2606 784 inter
2618 749 2745 785 oves
2767 733 3012 802 perditas
3029 733 3254 803 jacebat
3277 733 3521 805 abjecta.
3549 736 3778 806 Accepto

498 827 674 882 litatis
701 844 859 892 meae,
892 827 1125 882 ostende
1154 826 1292 880 mihi
1313 826 1372 880 in
1404 824 1622 889 melius,
1647 829 1712 878 ut
1740 824 1798 876 in
1821 823 1983 894 pleno
2011 838 2099 875 co—
2179 819 2340 887 signo
2361 821 2580 875 lmtatus
2601 839 2726 875 sum
2743 821 2902 892 quasi
2929 821 3173 876 nominis
3194 823 3384 894 magni
3413 841 3425 875 ε
3452 840 3663 877 census
3687 823 3777 876 imo

496 933 762 987 gnoscam
798 916 1100 970 Dominum
1136 921 1194 969 et
1233 914 1575 969 Salvatorem
1606 914 1818 978 Jesum,
1851 917 1908 964 et
1945 910 2094 981 quod
2177 909 2533 978 peratorisw)
2559 909 2723 963 militi
2741 910 2909 964 inﬁxo
2929 916 3227 981 reparatur
3245 911 3306 964 in
3322 910 3774 980 gratiam.Quasi

497 1022 610 1060 non
631 1010 718 1059 est
737 1004 880 1058 alius
901 1003 1112 1074 absque
1131 1009 1206 1066 te,
1229 1003 1323 1074 qui
1346 1021 1406 1056 es
1435 1001 1760 1056 benedictus
1780 1000 1838 1054 in
1869 999 2090 1052 saecula.
2179 1002 2369 1050 mutus
2397 998 2584 1068 accepi
2613 999 3012 1069 vocem.Loqui
3041 999 3204 1070 cupio
3235 999 3365 1052 ﬁliis
3383 999 3520 1064 tuis,
3538 1004 3599 1052 et
3627 1000 3774 1070 hym-

495 1095 626 1149 Haac
652 1094 830 1148 oratio
860 1093 1038 1147 sancti
1060 1092 1374 1146 Posthumii
1405 1092 1607 1162 prima,
1640 1106 1742 1160 per
1764 1105 1932 1160 quam
1964 1104 2090 1141 eum
2177 1100 2310 1138 num
2363 1102 2594 1140 narrare
2651 1087 2707 1141 in
2752 1088 3116 1154 confessione,
3179 1088 3446 1158 quoniam
3491 1087 3771 1142 absolvisti

491 1181 804 1238 introduxit
830 1183 1064 1252 angelus
1093 1180 1319 1236 Domini
1347 1180 1419 1234 ad
1456 1179 1604 1233 viam
1635 1178 1765 1232 ﬁdei
1797 1177 2090 1248 requiren-
2173 1175 2454 1244 captivum
2491 1175 2848 1245 migrantem.
2878 1177 3139 1240 Qumsisti
3167 1177 3406 1231 stultum
3431 1194 3538 1248 per
3561 1178 3773 1250 sapien-

495 1272 696 1414 dagrp.
725 1359 822 1414 IV.
857 1391 913 1400 —
943 1359 1078 1413 Erat
1103 1357 1353 1412 intentus
1381 1373 1447 1411 ex
1474 1358 1579 1411 hoc
1606 1355 1807 1409 beatus
1835 1355 2081 1409 Posthu-

493 1448 661 1516 mius,
690 1447 913 1518 quando
941 1446 1011 1501 ad
1037 1463 1166 1500 eum
1185 1447 1416 1516 angelus
1436 1445 1656 1500 Domini
1688 1460 1939 1498 remeare
1959 1460 2086 1514 pos-

493 1543 581 1592 set
611 1555 622 1589 :
650 1536 825 1590 fretus
857 1552 923 1590 ex
942 1536 1045 1589 hoc
1073 1535 1351 1606 sperabat,
1385 1535 1533 1606 quod
1563 1540 1710 1588 esset
1739 1550 1867 1588 eum
1895 1532 2083 1586 Domi-

491 1642 598 1680 nus
612 1642 836 1696 semper
856 1625 1201 1678 visitaturus.
1219 1625 1359 1678 Cum
1379 1630 1566 1677 autem
1584 1623 1744 1693 pauci
1762 1623 1880 1676 dies
1901 1627 2081 1675 trans-

2167 1261 2326 1329 tiam,
2347 1264 2520 1318 vitam
2550 1265 2789 1330 donasti,
2823 1271 3082 1334 egentem
3111 1265 3324 1330 ditasti,
3358 1273 3658 1320 mortuum
3683 1283 3767 1321 re-

2171 1352 2472 1418 suscitasti,
2505 1353 2667 1423 longe
2697 1355 2943 1426 positum
2970 1355 3423 1426 appropinquare
3453 1361 3569 1410 tua:
3601 1358 3766 1426 maje-

2169 1441 2301 1494 stati
2329 1441 2527 1506 fecisti,
2556 1443 2802 1497 alienum
2832 1460 2867 1496 a
2895 1444 3311 1498 conversatione
3333 1445 3532 1511 Israel,
3556 1445 3766 1499 socium

2168 1535 2488 1584 sanctorum
2508 1537 2736 1585 tuorum
2761 1549 2861 1602 per
2881 1533 3087 1586 Christi
3106 1533 3350 1603 gratiam
3371 1551 3499 1587 esse
3521 1535 3764 1588 voluisti.

2163 1618 2293 1672 Ideo
2323 1621 2594 1673 conﬁteor
2623 1620 2746 1684 tibi,
2788 1627 2845 1674 et
2875 1622 3153 1692 psalmum
3184 1622 3366 1676 dicam
3398 1623 3620 1676 nomini
3651 1630 3765 1678 tuo.

491 1715 687 1780 issent,
721 1691 844 1768 ecce
870 1713 1230 1767 Posthumius
1251 1714 1414 1782 juxta
1440 1712 1899 1766 consuetudinem
1920 1727 2081 1764 suam
2097 1691 2144 1752 Β
2165 1723 2294 1761 cum
2317 1725 2406 1761 me
2430 1709 2686 1762 docueris
2713 1710 3002 1777 ordinem;
3032 1711 3266 1781 psallam
3297 1711 3424 1776 tibi,
3457 1719 3515 1766 et
3540 1711 3770 1766 benedi-

490 1803 684 1858 restim
703 1801 1000 1873 torquebat
1026 1819 1091 1856 ex
1115 1802 1306 1872 junco.
1332 1802 1400 1855 Et
1425 1801 1709 1870 ingressus
1727 1801 1960 1870 angelus
1977 1800 2083 1853 Do-

490 1891 629 1945 mini
661 1891 731 1944 ad
751 1907 898 1956 eum,
931 1890 1048 1944 ait:
1075 1891 1208 1957 Ave,
1240 1891 1553 1944 Posthumi.
1578 1889 1892 1960 Statimque
1923 1905 2083 1960 pave-

489 1979 666 2034 factus
685 1979 933 2038 surrexit
960 1979 1342 2033 Posthumius.
1369 1979 1437 2032 Et
1459 1979 1538 2032 ait
1565 1978 1646 2032 illi
1674 1979 1908 2048 angelus
1939 1995 1952 2029 :
1984 1978 2082 2031 Vis

487 2069 691 2123 ducam
719 2075 776 2122 te
805 2069 876 2122 ad
906 2068 1088 2122 virum
1118 2068 1464 2121 sacerdotem
1481 2067 1603 2134 Dei,
1629 2068 1724 2138 qui
1754 2073 1809 2121 te
1837 2066 2082 2138 baptizet

485 2157 540 2211 in
572 2157 800 2212 nomine
829 2156 1012 2211 Patris
1043 2161 1100 2210 et
1143 2156 1268 2210 Filii
1296 2161 1353 2210 et
1381 2155 1622 2227 Spiritus
1652 2155 1864 2209 sancti?
1894 2156 1961 2209 Et
1995 2172 2086 2209 re-

485 2246 715 2318 spondit
738 2245 1100 2300 Posthumius
1123 2264 1138 2298 :
1160 2245 1398 2299 Domine
1429 2245 1505 2298 mi
1525 2250 1716 2299 sancte
1737 2245 1850 2311 Dei,
1873 2245 1978 2298 hoc
1997 2249 2082 2298 est

486 2335 626 2389 mihi
649 2334 892 2406 optabile
910 2334 1336 2405 jucundumque
1357 2334 1535 2399 valde,
1552 2339 1617 2387 ut
1643 2335 1805 2404 plene
1823 2351 1913 2388 me
1935 2334 2080 2387 viam

483 2423 684 2478 doceas
703 2423 824 2490 Dei,
847 2429 905 2478 et
932 2440 1054 2494 quae
1084 2423 1158 2477 sit
1184 2422 1428 2494 perfecta
1454 2423 1605 2476 salus
1635 2440 1866 2494 operum
1890 2440 2082 2493 super-

485 2529 707 2567 norum.
723 2513 792 2566 Et
817 2511 1186 2583 apprehendit
1211 2528 1338 2566 eum
1365 2513 1598 2582 angelus
1621 2511 1843 2566 Domini
1864 2529 1898 2565 a
1915 2511 2080 2566 verti-

487 2617 550 2655 ce
579 2600 765 2672 capilli
805 2601 1003 2672 capitis
1041 2602 1182 2671 ejus,
1215 2607 1272 2654 et
1308 2600 1467 2654 duiut
1507 2618 1636 2655 eum
1667 2601 1737 2654 ad
1777 2601 2077 2671 quemdam

489 2689 719 2743 nomine
749 2688 1002 2743 Priscum
1042 2689 1134 2758 (4),
1169 2694 1424 2742 sanctum
1465 2689 1646 2743 virum
1693 2696 1749 2743 et
1786 2689 2080 2744 timentem

486 2778 690 2832 Deum.
721 2776 926 2848 Aitque
955 2777 1035 2830 illi
1067 2796 1080 2832 :
1115 2777 1276 2831 Hunc
1296 2778 1431 2832 doce
1459 2795 1581 2848 quae
1613 2778 1688 2832 sit
1716 2778 1805 2832 via
1833 2778 2076 2846 Domini,

2163 1812 2285 1849 cam
2307 1797 2519 1850 nomini
2539 1803 2635 1851 tuo
2656 1798 2714 1852 in
2725 1805 2850 1852 tete:
2865 1805 3085 1864 num,et
3102 1799 3161 1852 in
3179 1800 3382 1854 saecula
3401 1802 3760 1856 saeculorum.

2235 1884 2368 1938 CAP.
2413 1887 2499 1940 VI.
2534 1915 2598 1926 —-
2621 1892 2813 1952 ωδε
2837 1887 3016 1957 Igitur
3031 1888 3395 1943 Posthumius
3416 1889 3762 1961 baptismum

2163 1980 2511 2038 consecutus,
2559 1975 2776 2028 litteras
2815 1976 3130 2042 nesciebat;
3189 1978 3286 2032 sed
3325 1984 3515 2032 tamen
3566 1996 3768 2033 nomen

2164 2063 2387 2118 Domini
2409 2064 2538 2118 ﬁdei
2559 2073 2861 2135 augmento
2881 2071 2938 2119 et
2953 2065 3150 2120 robore
3167 2066 3236 2120 de
3257 2067 3348 2120 die
3369 2067 3430 2121 in
3449 2067 3604 2122 diem
3625 2084 3768 2122 cres-

2164 2151 3045 2209 cebat.Accendebaturfraternae
3059 2155 3243 2210 studio
3259 2151 3764 2222 charitatis,'humi-

2163 2239 2338 2295 litatis
2368 2242 2584 2296 vinculo
2613 2243 2684 2296 ad
2708 2243 2998 2298 universos
3017 2245 3310 2314 colligatus
3329 2245 3518 2299 fuerat
3536 2245 3756 2300 fratres.

2165 2329 2469 2384 Charitatis
2492 2332 2694 2401 jugum
2721 2332 3080 2387 vehementer
3107 2333 3334 2387 amabat
3367 2352 3378 2387 :
3418 2341 3758 2406 cunctosque

2161 2418 2382 2481 fratres,
2412 2419 2507 2490 qui
2537 2421 2790 2486 aderant,
2822 2421 3065 2476 ecclesiae
3095 2422 3349 2493 proxima
3377 2422 3503 2477 loca
3543 2423 3765 2478 inhabi-

2161 2513 2367 2574 tantes,
2395 2508 2627 2563 sollicite
2663 2509 3003 2581 requirebat.
3032 2511 3292 2565 Studiose
3336 2513 3588 2582 psalmos
3616 2511 3766 2566 dice-

2161 2595 2257 2650 bat
2286 2616 2298 2664 ;
2332 2615 2533 2668 corpus
2563 2615 2692 2652 vero
2722 2616 2887 2652 suum
2925 2599 3156 2670 jejuniis
3203 2599 3510 2670 afﬂigebat,
3547 2601 3608 2655 in
3636 2619 3760 2655 ora-

2161 2685 2314 2740 tione
2332 2686 2431 2740 Dei
2455 2687 2702 2758 quotidie
2726 2688 3108 2759 pernoctabat.
3127 2689 3392 2758 Agrestes
3411 2689 3620 2744 edebat
3639 2691 3761 2744 her-

2162 2773 2280 2840 bas,
2295 2780 2352 2828 et
2375 2792 2578 2846 aquam
2607 2776 2869 2845 frigidam
2895 2776 3135 2830 bibebat.
3155 2777 3345 2832 Cilicio
3367 2795 3576 2850 corpus
3610 2796 3763 2850 oper-

487 2865 777 2937 sapientiae
807 2871 865 2919 et
900 2865 1238 2930 intellectus,
1271 2873 1326 2920 et
1354 2865 1577 2937 baptiza
1608 2883 1736 2921 eum
1767 2868 1826 2921 in
1853 2868 2079 2921 nomine
2164 2868 2284 2917 tum
2304 2863 2592 2934 fatigabat,
2612 2881 2709 2936 per
2723 2882 2974 2920 eremum
2992 2872 3312 2932 currens,ut
3325 2866 3604 2922 miserum
3619 2869 3761 2922 fran-

486 2954 672 3008 Patris
701 2960 758 3008 et
785 2953 909 3008 Filii
933 2960 990 3008 et
1019 2955 1260 3026 Spiritus
1285 2956 1482 3010 sancti.
1505 2957 1679 3010 Porro
1701 2956 1960 3010 sacerdos
1978 2957 2084 3011 Do-
2161 2959 2323 3021 geret
2348 2970 2568 3024 corpus,
2592 2970 2848 3008 asserens
2876 2971 2997 3008 esse
3024 2961 3330 3025 peccatum,
3357 2956 3669 3027 aliquando
3699 2957 3762 3010 ab

484 3043 625 3097 mini
649 3043 1235 3113 audiens,gratulatus
1263 3050 1348 3098 est
1365 3044 1664 3111 valde;sed
1685 3046 1942 3100 sacerdos
1962 3062 2073 3100 non
2091 3042 2137 3104 G
2163 3057 2329 3112 opere
2359 3042 2406 3096 si
2445 3049 2710 3096 vacasset.
2759 3043 3166 3097 Verbositatbm
3206 3045 3481 3098 sermonis
3511 3045 3760 3108 cavebat.

481 3130 760 3186 intellexit
781 3133 1046 3203 angelum
1076 3132 1176 3187 Dei
1205 3150 1346 3199 esse,
1373 3133 1468 3205 qui
1505 3133 1820 3188 introduxit
1847 3151 1975 3188 eum
2006 3136 2076 3190 ad

483 3237 564 3274 se.
591 3219 907 3292 Statimque
931 3222 1166 3291 angelus
1194 3223 1251 3276 in
1287 3223 1578 3293 splendida
1616 3229 1866 3278 mutatus
1895 3224 2078 3294 efﬁgie

481 3309 700 3364 refulsit
720 3309 777 3363 in
805 3310 1003 3364 faciem
1033 3311 1336 3365 sacerdotis
1365 3311 1424 3366 in
1447 3311 1588 3366 albis
1611 3313 1870 3377 vestibus,
1891 3313 2078 3367 vultu-

483 3414 592 3468 que
615 3399 836 3453 decoro.
856 3400 1011 3454 Tunc
1023 3400 1231 3454 Christi
1252 3401 1511 3454 sacerdos
1524 3402 1725 3455 timore
1747 3401 2080 3472 perterritus

482 3486 682 3540 cecidit
719 3493 1110 3542 consternatus
1150 3488 1208 3541 in
1249 3495 1420 3543 terra.
1463 3491 1818 3560 Rursumque
1847 3491 2080 3560 angelus

483 3573 660 3628 erexit
679 3592 829 3639 eum,
859 3581 916 3630 et
939 3575 1046 3630 ait:
1069 3577 1154 3630 Ne
1183 3577 1410 3645 timeas;
1445 3595 1744 3633 conservus
1774 3579 1925 3633 enim
1947 3586 2080 3634 tuus

482 3667 541 3716 et
568 3663 820 3718 omnium
861 3663 1100 3718 fratrum
1129 3670 1355 3720 tuorum
1387 3684 1490 3737 ego
1521 3685 1645 3722 sum
1689 3671 1867 3738 (Apoc.
1921 3668 2075 3739 xm).

481 3751 746 3824 Oportuit
770 3753 922 3806 enim
941 3753 1043 3808 tibi
1058 3754 1416 3810 manifestare
1441 3756 1677 3827 gloriam
1692 3757 1793 3812 Dei
1813 3757 2081 3821 nostri,ut

480 3840 622 3895 scias
639 3858 748 3912 quo
761 3842 925 3896 modo
939 3843 1087 3898 hunc
1098 3843 1296 3898 doceas
1314 3844 1542 3899 verbum
1556 3846 1800 3911 Domini,
1815 3848 1949 3902 erud
1960 3847 2078 3902 iens

480 3945 610 3984 eum
623 3931 931 3984 secundum
945 3933 1309 3987 salvationem
1326 3935 1466 4004 ejus,
1486 3940 1550 3988 ut
1565 3935 1714 3989 vivat
1728 3936 1785 3990 in
1804 3943 2076 3992 aeternum

480 4033 670 4072 coram
699 4018 957 4072 Domino.
990 4019 1119 4074 Haec
1142 4021 1353 4084 dicens,
1377 4021 1634 4078 discessit
1660 4024 1730 4078 ab
1759 4025 1857 4079 eis.

553 4106 681 4160 CAP.
698 4106 765 4160 V.
794 4138 858 4147 —
871 4107 1094 4162 Priscus
1109 4115 1300 4163 autem
1329 4110 1621 4182 episcopus
1641 4119 1868 4184 accepto
1885 4131 2077 4170 secum

480 4193 828 4261 Posthumio,
847 4195 1036 4250 docuit
1068 4213 1198 4250 eum
1224 4199 1502 4269 jejunare.
1525 4200 1627 4254 Cui
1643 4219 1873 4256 manum
1902 4203 2078 4275 impo-

479 4298 638 4348 nens,
658 4283 1122 4339 catechumenum
1137 4285 1266 4340 fecit
1287 4305 1300 4355 ;
1323 4293 1492 4359 atque
1516 4288 1595 4344 ita
1623 4291 1886 4346 velociter
1900 4293 2078 4364 bapti-

2162 3129 2365 3184 divinis
2393 3129 2550 3184 libris
2579 3132 3036 3186 accomm‘odabat
3058 3149 3273 3200 aurem,
3302 3133 3501 3203 jurare
3534 3135 3759 3189 omnino

2161 3218 2546 3274 detestabatur
2570 3238 2582 3274 :
2608 3221 2879 3274 mundum
2905 3238 2963 3274 se
2985 3221 3040 3275 in
3065 3221 3217 3276 omni
3243 3223 3497 3277 oratione
3525 3240 3632 3277 sua
3657 3223 3759 3277 exi-

2162 3306 2405 3375 bibebat,
2430 3309 2694 3379 plangere
2724 3326 2835 3364 non
2852 3309 3170 3364 desinebat:
3194 3326 3328 3364 nam
3350 3327 3479 3364 cum
3501 3312 3758 3383 frequen-

2161 3395 2242 3450 tia
2269 3403 2558 3466 pateretur
2587 3398 2645 3451 in
2673 3415 2904 3469 corpore
2933 3399 3252 3454 daemonum
3280 3405 3660 3468 tentamenta,
3691 3401 3755 3454 ad

2162 3490 2296 3538 nota
2323 3485 2640 3540 orationum
2671 3487 2928 3558 praesidia
2956 3487 3299 3542 convolabat.
3323 3487 3391 3542 Et
3419 3505 3490 3542 ne
3520 3490 3758 3560 amplius

2163 3590 2356 3627 somno
2376 3574 2666 3646 indulgere
2693 3575 2993 3642 videretur,
3009 3582 3073 3631 ut
3102 3577 3363 3631 mortalia
3393 3577 3654 3633 membra
3679 3578 3758 3632 fo-

2161 3667 2332 3727 veret,
2360 3663 2650 3734 paululum
2695 3681 2862 3735 super
2911 3681 3044 3719 saxa
3089 3665 3494 3736 requiescebat,
3540 3671 3608 3721 ut
3634 3684 3757 3721 cum

2159 3750 2368 3804 duritia
2406 3752 2596 3806 lectuli
2638 3751 2923 3807 doloribus
2968 3760 3168 3824 ageret
3203 3771 3423 3825 corpus,
3457 3756 3654 3810 statim
3690 3757 3755 3810 ad

2160 3839 2261 3892 Dei
2289 3847 2650 3910 consurgeret
2670 3859 2831 3914 opus.
2863 3843 3073 3896 Panem
3099 3843 3268 3896 etiam
3299 3860 3464 3897 suum
3494 3845 3568 3898 ad
3600 3861 3754 3898 men-

2159 3944 2349 3982 suram
2377 3929 2700 4001 accipiebat,
2735 3937 2791 3984 et
2819 3947 3022 4001 aquam
3054 3931 3124 3985 ad
3152 3947 3477 3986 mensuram
3503 3931 3754 3987 bibebat.

2157 4017 2461 4088 Nunquam
2491 4019 2654 4089 pleno
2684 4024 2876 4073 ventre
2904 4035 2938 4072 a
2960 4035 3154 4074 mensa
3180 4020 3431 4090 recessit,
3461 4037 3568 4075 nec
3598 4022 3753 4076 sitim

2160 4122 2322 4160 suam
2350 4123 2601 4176 unquam
2630 4107 2870 4173 satiavit,
2901 4107 3114 4173 dicens,
3141 4109 3266 4163 Non
3297 4125 3418 4162 esse
3441 4109 3682 4180 dignum
3710 4110 3753 4164 si

2159 4195 2344 4248 carnis
2383 4197 2642 4250 voluntas
2667 4202 2815 4250 esset
2842 4195 3091 4268 impleta.
3123 4196 3514 4252 Obedientiam
3546 4216 3678 4253 vero
3700 4203 3752 4253 et

2159 4283 2306 4350 fecit,
2328 4289 2385 4338 et
2400 4284 2608 4351 docuit,
2630 4285 2903 4356 patientia
2925 4302 3055 4340 vero
3078 4285 3349 4356 superbos
3369 4294 3426 4341 et
3453 4287 3749 4342 iracundos

478 4371 640 4437 zavit,
672 4371 877 4427 docens
903 4389 1031 4427 eum
1047 4374 1362 4446 symbolum
1393 4379 1758 4436 Sacramenti.
1785 4381 1891 4444 Qui
1922 4399 2067 4449 mox,
2093 4372 2418 4454 Dhomines
2465 4373 2754 4428 humiliter
2793 4373 3086 4445 mitigavit.
3120 4374 3227 4430 Sed
3257 4377 3481 4446 quando
3517 4377 3748 4432 Satanas

477 4465 542 4515 ut
571 4459 886 4532 baptizatus
907 4470 1012 4528 est,
1034 4462 1301 4534 impletus
1329 4471 1416 4521 est
1446 4467 1658 4538 Spiritu
1678 4476 1888 4537 sancto,
1915 4477 1972 4525 et
1993 4471 2075 4526 di-

475 4549 556 4604 xit
585 4551 727 4605 hanc
755 4551 1066 4606 orationem
1100 4571 1111 4605 :
1143 4554 1368 4609 Gratias
1399 4555 1499 4610 tibi
1525 4573 1649 4628 ago,
1683 4559 1918 4614 Domine
1940 4562 2074 4616 Jesu

473 4636 707 4706 Christe,
742 4639 838 4711 qui
868 4658 970 4712 per
997 4642 1270 4714 Spiritum
1295 4652 1552 4701 sanctum
1593 4649 1954 4704 reconciliare
1983 4667 2073 4704 me

474 4726 738 4798 dignatus
758 4746 818 4783 es
847 4730 962 4784 Deo
993 4731 1166 4799 Patri,
1188 4738 1245 4786 et
1272 4734 1560 4790 redemisti
1589 4755 1679 4792 me
1707 4755 1739 4792 a
1763 4745 1943 4794 morte
1974 4746 2077 4794 eta

474 4832 642 4886 poena
663 4823 902 4872 aeterna:
929 4836 1098 4890 quam
1119 4837 1232 4876 non
1255 4824 1545 4880 credentes
1566 4825 1625 4881 in
1654 4836 1706 4881 te
1725 4844 2075 4898 consequun-

473 4908 586 4969 tur,
616 4911 970 4976 peccatorum
991 4925 1220 4964 suorum
1235 4912 1574 4983 ponderibus
1598 4917 1906 4986 aggravati.
1929 4917 2073 4972 Sunt

472 4997 662 5047 autem
681 5000 908 5064 peccata
918 4996 1144 5066 plumbo
1163 5001 1437 5070 graviora,
1453 5003 1655 5074 quibus
1673 5021 1775 5074 ego
1797 5005 1960 5060 lzetor
1979 5026 2073 5062 ex-

469 5087 705 5150 tractus,
720 5088 777 5137 et
792 5084 861 5138 de
883 5085 1140 5140 omnibus
1153 5087 1547 5160 iniquitatibus
1565 5098 1623 5146 et
1642 5096 2070 5152 necessitatibus

469 5169 759 5237 liberatus,
793 5173 999 5228 exulto.
1036 5175 1178 5230 Vere
1220 5178 1370 5233 enim
1402 5198 1772 5251 personarum
1818 5187 2068 5258 acceptio

469 5261 618 5330 apud
639 5260 819 5316 Deum
845 5279 957 5316 non
983 5270 1066 5318 est
1090 5267 1315 5335 (Act.x),
1347 5269 1444 5322 sed
1468 5269 1850 5326 misericordia
1879 5275 2068 5329 multi-

467 5349 908 5418 plex.Quomodo
919 5351 1364 5423 igiturindignus
1377 5373 1478 5426 ego
1492 5357 1561 5411 ad
1573 5359 1732 5412 sedes
1744 5363 2065 5418 accederem

467 5443 737 5493 creaturae
755 5446 889 5507 tuae,
905 5439 1012 5493 nisi
1034 5446 1095 5494 tu
1115 5458 1205 5495 me
1223 5442 1439 5497 caelesti
1465 5445 1646 5516 digito
1668 5452 1947 5519 tangeres,
1971 5452 2065 5506 fm-

467 5541 602 5578 num
625 5527 771 5580 male
791 5527 1186 5600 aridum,quod
1207 5529 1266 5584 in
1282 5533 1530 5602 corporis
1551 5537 1789 5592 materia
1809 5540 2063 5597 habitare

463 5629 810 5686 praeceperas
823 5615 848 5669 ?
867 5615 1132 5672 velociter
1145 5618 1285 5673 mihi
1304 5621 1528 5678 voluisti
1547 5623 1862 5698 subvenire,
1877 5630 2062 5690 inimi-

2160 4461 2611 4532 suggestionibus
2640 4463 2756 4517 suis
2784 4463 3044 4534 cupiebat
3067 4464 3415 4536 propositum
3442 4463 3625 4536 ipsius
3648 4467 3748 4520 im-

2157 4551 2365 4621 pedire,
2396 4552 2584 4605 oculos
2607 4551 2662 4605 in
2691 4553 2894 4606 caelum
2918 4551 3156 4618 levabat,
3183 4557 3242 4607 et
3270 4553 3465 4607 statim
3496 4559 3748 4610 sanctum

2155 4640 2349 4694 adesse
2377 4639 2481 4694 sibi
2503 4641 2780 4695 sentiebat
2801 4641 3260 4697 auxilium.Talis
3290 4643 3412 4713 ejus
3433 4643 3550 4698 vita
3578 4660 3750 4716 usque

2157 4728 2230 4782 ad
2283 4735 2566 4783 senectam
2601 4729 2725 4796 fuit,
2770 4729 2952 4800 qualis
2999 4729 3068 4784 ab
3107 4729 3268 4784 initio
3312 4729 3438 4797 fuit,
3482 4748 3616 4786 cum
3644 4731 3752 4786 haec

2154 4822 2490 4888 gererentur
2517 4818 2576 4871 in
2607 4835 2691 4885 eo,
2724 4823 2787 4872 ut
2817 4818 3046 4874 omnino
3086 4835 3267 4890 usque
3307 4819 3378 4873 ad
3418 4827 3750 4888 extremum,

2156 4922 2321 4961 suum
2351 4907 2664 4978 despiceret
2686 4924 2907 4980 corpus.

2225 5014 2294 5068 Et
2321 5015 2367 5068 si
2387 5015 2610 5085 quando
2629 5014 2929 5070 inﬁrmitas
2958 5014 3196 5070 febrium
3222 5020 3322 5070 aut
3347 5018 3632 5072 stomachi
3661 5019 3750 5073 do-

2152 5102 2298 5156 lores
2325 5104 2482 5174 gravi
2511 5109 2794 5158 tormento
2823 5121 2953 5158 eum
3005 5105 3309 5170 aﬂicerent,
3347 5121 3461 5159 non
3492 5106 3656 5161 dedit
3678 5108 3755 5162 in-

2151 5191 2495 5262 dulgentiam
2525 5191 2718 5248 morbo
2750 5192 3114 5259 inﬁrmitatis,
3143 5210 3244 5248 nec
3271 5193 3468 5248 calidis
3501 5212 3640 5250 usus
3671 5201 3752 5250 est

2149 5279 2335 5348 rebus,
2365 5298 2466 5335 nec
2473 5281 2694 5352 jejunia
2723 5281 3039 5348 minoravit,
3073 5281 3357 5336 aestimans
3377 5283 3530 5354 quod
3558 5285 3607 5338 si
3628 5301 3749 5360 cor-

2148 5369 2271 5439 pori
2301 5369 2480 5424 calido
2509 5369 2630 5424 cibo
2652 5369 3060 5437 consuleretur,
3092 5388 3127 5423 a
3154 5370 3394 5425 Domino
3429 5372 3745 5444 redemptio

2146 5457 2346 5512 animae
2374 5475 2486 5512 non
2513 5459 2764 5514 daretur.
2782 5459 2927 5513 Nam
2947 5459 2994 5513 si
3017 5459 3318 5530 aliquando
3334 5459 3600 5514 valetudo
3617 5477 3746 5531 gra-

2145 5546 2226 5600 vis
2255 5545 2460 5602 debilia
2482 5564 2672 5617 genua
2691 5546 2972 5618 fatigaret,
2996 5547 3079 5601 ita
3097 5552 3161 5601 ut
3185 5547 3256 5601 ad
3285 5546 3504 5618 vigilias
3516 5548 3745 5603 Posthu-

2144 5635 2291 5690 mius
2313 5652 2614 5706 exsurgere
2639 5653 2753 5692 non
2781 5637 3013 5708 valeret,
3036 5636 3247 5692 orando
3275 5639 3334 5692 et
3361 5636 3658 5709 psallendo
3686 5637 3744 5691 in
