3878 6392
105 403 214 461 433

527 403 698 461 VITA
734 403 946 459 BEATI
990 403 1408 475 POSTHUMII,
1449 407 1706 463 PATRIS
1744 408 2071 474 QUINQUE
2108 405 2413 462 MlLLIUM
2455 399 2995 459 MONACHORUM.

3291 392 3399 454 434

112 552 298 604 strata
313 564 419 603 suo
429 562 542 602 non
553 545 931 601 desinebat.Si
943 546 1137 616 lingua
1152 565 1266 619 prae
1278 549 1371 602 siti
1387 549 1710 618 siccaret“,
1731 536 1781 594 A
1870 535 2024 589 Nihil
2052 550 2116 587 ex
2132 533 2237 586 hoc
2266 530 2630 585 Posthumius
2647 529 2865 581 locutus
2887 530 2976 579 est
2998 523 3244 578 Macario
3263 541 3276 588 ;
3302 522 3400 576 sed

109 638 298 694 cordis
323 637 527 691 intima
539 635 855 706 rugiebant,
876 652 949 689 ne
978 636 1202 691 silentio
1234 640 1282 708 ej
1293 656 1357 693 us
1385 639 1562 693 hostis
1591 640 1709 694 ani-

111 746 221 783 mae
250 726 507 780 diabolus
522 726 823 791 laetaretur,
856 729 955 779 aut
979 725 1039 779 in
1058 742 1225 797 opere
1246 727 1346 781 Dei
1373 728 1461 781 vir
1487 734 1714 783 sanctus

111 818 408 887 negligens
442 814 808 895 inveniretur.
848 814 959 868 Sed
988 831 1113 869 eum
1138 815 1200 869 in
1237 821 1356 870 tam
1386 815 1711 871 districtiori

111 907 229 960 vita
251 904 616 959 Posthumius
635 908 1011 975 permaneret,
1042 903 1112 958 ad
1131 903 1535 975 baptizatorem
1555 922 1720 961 suum

111 994 384 1067 perrexit,
401 998 459 1049 et
474 992 549 1047 ab
563 1009 629 1047 eo
649 992 1186 1047 commendatoriam
1217 994 1529 1049 orationem
1550 1012 1720 1067 popo-

112 1085 243 1149 scit,
269 1089 327 1137 et
346 1082 469 1137 sine
483 1082 671 1153 aliquo
699 1082 849 1136 victu
867 1082 1042 1136 eremi
1064 1082 1260 1153 petivit
1282 1099 1503 1137 arcana:
1528 1083 1717 1154 ibique

112 1173 298 1228 multo
325 1176 580 1242 tempore
596 1171 935 1234 demoratus,
959 1170 1282 1225 innumeras
1302 1171 1619 1226 daemonum
1641 1172 1722 1226 in-

112 1262 292 1316 sidias
309 1261 562 1332 pertulit.
593 1260 701 1315 Sed
728 1260 1022 1326 Dominus,
1042 1259 1139 1330 qui
1157 1261 1227 1314 de
1245 1260 1455 1315 mundo
1486 1277 1720 1316 venera-

116 1352 292 1405 bilem
322 1354 677 1404 converterat
702 1349 903 1416 virum,
928 1349 1177 1420 quotidie
1205 1366 1301 1404 cor
1328 1351 1449 1421 ejus
1465 1350 1723 1405 armabat

124 1441 197 1494 ad
229 1439 591 1494 sustinendas
618 1438 893 1492 versutias
921 1437 1259 1492 daemonum.

192 1530 325 1583 CAP.
362 1529 483 1583 VII.
514 1556 565 1568 ς-
592 1528 741 1582 Nota
761 1527 936 1597 igitur
963 1527 1110 1581 facta
1139 1532 1230 1581 est
1248 1532 1441 1582 sancto
1454 1527 1722 1593 Macario,

116 1619 336 1673 scilicet
362 1617 511 1671 beati
535 1617 769 1670 Antonii
799 1616 1090 1687 discipulo,
1116 1617 1463 1670 conversatio
1484 1617 1729 1671 Posthu-

118 1707 242 1774 mii,
279 1712 331 1761 et
352 1706 569 1761 celebre
592 1707 713 1776 ejus
739 1705 949 1759 factum
972 1710 1058 1759 est
1085 1721 1312 1771 nomen,
1333 1705 1625 1775 visumque
1644 1710 1732 1759 est

118 1798 204 1851 illi
237 1796 311 1850 ad
339 1796 488 1849 hunc
518 1795 671 1849 abire
709 1794 769 1848 in
793 1810 1065 1848 eremum.
1097 1795 1241 1848 Nam
1271 1794 1422 1848 idem
1451 1794 1728 1848 Macarius

1797 625 1933 678 dum
1958 624 2081 694 ejus
2110 621 2279 675 verba
2303 635 2493 674 secum
2520 617 2578 671 in
2608 618 2796 670 animo
2828 615 3092 678 volveret,
3121 611 3402 666 Macarius

1799 713 1988 766 emisit
2016 711 2312 782 spiritum;
2340 707 2647 777 statimque
2667 704 3003 775 populorum
3024 702 3222 771 ingens
3235 699 3403 754 turba

1804 803 2020 856 intente
2034 800 2105 854 ad
2116 800 2285 853 funus
2316 801 2570 852 currunt.
2597 794 2681 849 Ibi
2703 791 3061 865 psallentium
3078 789 3401 856 multitudo,

1803 889 2036 946 diversis
2065 890 2410 960 hymnorum
2450 883 2697 949 vocibus;
2733 880 2893 952 quasi
2934 896 3047 934 uno
3076 894 3172 932 ore
3208 877 3405 932 laudes

1807 979 1924 1034 Deo
1957 976 2252 1041 canebant,
2286 975 2462 1028 donec
2499 988 2701 1042 corpus
2730 970 2800 1024 ad
2829 968 3148 1040 sepulcrum
3170 966 3407 1020 deduce-

1807 1073 1966 1122 retur
1992 1065 2369 1120 humandum:
2389 1078 2555 1116 nemo
2571 1066 2763 1115 tamen
2780 1058 3142 1111 vehementer
3159 1054 3405 1119 dolebat,

1808 1172 1874 1210 eo
1888 1155 2036 1227 quod
2049 1158 2275 1208 sanctus
2297 1149 2567 1211 Macarius
2585 1153 2704 1202 tam
2728 1146 2992 1201 velociter
3002 1142 3408 1199 monasterium

1810 1244 2174 1314 relinqueret,
2210 1239 2478 1311 quoniam
2504 1236 2779 1293 Dominus
2814 1235 3059 1288 similem
3089 1233 3141 1287 ei
3172 1231 3412 1287 Posthu-

1811 1335 1988 1388 mium
2020 1330 2177 1401 gregi
2208 1347 2309 1384 suo
2340 1327 2675 1397 magistrum
2704 1323 3044 1395 providerat.

1883 1423 2013 1477 CAP.
2036 1417 2466 1476 VIII.—Tribus
2480 1432 2613 1485 ergo
2626 1412 2823 1468 diebus
2844 1416 2971 1482 post
2987 1408 3165 1464 sancti
3181 1406 3413 1462 Macarii

1813 1513 2107 1566 decessum
2133 1506 2331 1562 orabat
2358 1504 2742 1569 Posthumius,
2774 1506 2840 1556 ut
2874 1499 3150 1570 acciperet
3176 1497 3246 1551 de
3275 1496 3414 1550 coelo

1814 1602 2028 1656 fontem
2054 1598 2321 1653 doctrinae
2332 1612 2434 1666 per
2448 1596 2642 1648 Jcsum
2658 1592 2718 1645 in
2741 1589 2955 1661 Spiritu
2972 1593 3184 1652 sancto,
3208 1592 3272 1640 ut
3291 1601 3416 1657 pos-

1812 1695 1900 1743 set
1926 1692 2145 1741 tantam
2165 1685 2506 1756 p0pulorum
2532 1680 2792 1734 militiam
2807 1678 3006 1732 docere
3030 1674 3411 1747 prudentiam.

1810 1777 2000 1831 Tertio
2015 1776 2188 1845 igitur
2206 1774 2295 1827 die
2316 1772 2469 1826 venit
2480 1770 2550 1825 ad
2572 1786 2703 1823 eum
2723 1767 3032 1821 secundum
3054 1762 3415 1818 consuetudi-

118 1886 195 1941 ab
224 1885 433 1939 illustri
460 1885 581 1938 viro
600 1884 846 1938 Antonio
870 1883 1278 1937 monachorum
1307 1883 1425 1936 fere
1456 1883 1730 1953 quinqua-
1748 1891 1795 1952 Β
1814 1882 1964 1930 ηθῐηθ
1995 1864 2091 1935 (illi
2112 1879 2239 1917 eum
2262 1864 2616 1915 converterat
2639 1856 2895 1926 δηεθιιιε,
2917 1859 2975 1907 et
3004 1854 3223 1907 Ῑοουίυε
3240 1855 3327 1905 est
3344 1849 3416 1904 ad

118 1975 288 2046 ginta
306 1974 489 2028 millia
508 1978 832 2043 susceperat
857 1971 1246 2043 gubernanda.
1272 1973 1539 2042 Ejusdem
1559 1971 1734 2041 igitur

120 2064 360 2119 Macarii
389 2063 576 2117 exitus
606 2062 673 2115 de
696 2061 897 2115 szeeulo
926 2060 1432 2132 appropinquabat,
1465 2066 1522 2115 et
1539 2061 1733 2114 Domi-

118 2155 251 2207 nieo
265 2153 444 2223 gregi,
455 2152 579 2222 quis
592 2156 719 2222 post
730 2151 788 2220 ej
796 2167 861 2204 us
875 2167 1163 2204 excessum
1180 2150 1493 2218 magisterii
1506 2149 1733 2203 nomine

122 2241 555 2312 subrogaretur,
568 2238 975 2311 inquirebatur.
997 2240 1233 2293 Sanctus
1244 2239 1437 2309 itaque
1456 2239 1734 2293 Macarius

119 2348 253 2386 eum
278 2331 351 2384 ad
378 2336 637 2384 sanctum
664 2329 910 2382 venisset
930 2328 1342 2393 Posthumium,
1368 2327 1584 2397 excepit
1605 2344 1734 2381 eum

118 2421 390 2485 libenter,
412 2419 690 2491 praecipue
711 2419 871 2488 cujus
887 2419 1007 2487 jam
1050 2417 1120 2471 ab
1150 2417 1350 2486 angelo
1388 2416 1601 2470 famam
1631 2432 1737 2470 au-
1790 2455 1799 2461 .

120 2511 332 2564 dierat.
364 2510 493 2563 Non
523 2525 655 2578 ergo
685 2508 779 2562 ille
809 2512 875 2561 ut
901 2507 1123 2577 hospes,
1156 2506 1255 2559 sed
1293 2506 1415 2576 ejus
1454 2504 1736 2559 subtiliter

121 2600 424 2670 explorare
451 2597 799 2675 propositum
818 2601 1064 2649 venerat.
1090 2596 1265 2649 Porro
1305 2594 1535 2649 Macarii
1577 2610 1737 2665 aspe-

123 2686 657 2754 ctibus,Posthumii
672 2685 1009 2757 complacuit
1019 2684 1453 2751 eonversatio,et
1467 2699 1594 2737 eum
1611 2699 1737 2737 sua-

123 2779 262 2832 dere
283 2776 474 2847 eoepit,
495 2780 561 2829 ut
586 2774 763 2829 sancti
790 2773 1022 2829 Antonii
1044 2773 1513 2827 anachoretarum
1535 2771 1738 2842 princi-

125 2867 213 2939 pis
236 2883 357 2920 non
381 2869 714 2935 gravaretur
738 2863 964 2917 visitare
991 2862 1279 2932 reliquias.
1305 2861 1414 2916 Sed
1434 2877 1561 2915 cum
1583 2860 1737 2913 omni

127 2959 339 3011 virtute
356 2954 720 3019 reniteretur,
735 2958 793 3006 et
807 2952 961 3006 abire
978 2951 1202 3022 penitus
1212 2950 1500 3016 noluisset,
1521 2950 1580 3003 in
1593 2965 1739 3003 som-

130 3047 219 3101 nis
251 3043 618 3099 Posthumius
646 3042 766 3097 sine
796 3041 983 3112 aliquo
1021 3039 1376 3095 cunctamine
1410 3039 1493 3093 ire
1518 3040 1732 3109 jussus,

128 3135 337 3190 divinae
366 3132 749 3187 contradicere
779 3147 891 3186 non
938 3134 1162 3200 poterat
1185 3129 1491 3199 majestati.
1536 3129 1735 3198 Itaque

129 3241 261 3279 eum
281 3222 528 3278 Macario
547 3220 872 3291 aggreditur
900 3219 1025 3284 iter,
1058 3217 1478 3272 multitudinem
1509 3232 1739 3286 congre-

128 3313 379 3385 gationis
404 3311 848 3374 .monachorum,
883 3325 1006 3379 quae
1038 3324 1073 3361 a
1100 3307 1217 3361 solo
1244 3305 1593 3377 gubernatur
1616 3305 1736 3359 Ma-

130 3403 302 3470 cario,
336 3403 642 3472 ingressus,
667 3400 736 3453 de
765 3415 874 3469 quo
900 3413 1045 3468 saepe
1072 3395 1147 3465 (6)
1170 3395 1412 3449 diximus
1432 3411 1634 3465 corpus
1654 3410 1739 3447 se-
1782 3422 1785 3425 <

132 3493 341 3565 petisse
357 3489 635 3560 magistri,
660 3505 788 3542 cum
814 3486 1047 3558 spiritus
1063 3486 1186 3555 ejus
1214 3489 1442 3538 vocatus
1457 3489 1544 3538 est
1556 3500 1621 3537 ex
1640 3500 1738 3537 see-

133 3584 281 3637 culo.

208 3654 318 3718 Qui
347 3669 474 3707 cum
496 3668 555 3704 se
586 3651 641 3705 in
673 3655 921 3703 extremo
951 3648 1076 3701 vitae
1112 3646 1276 3700 istius
1302 3644 1630 3716 temporalis
1654 3660 1739 3697 as-

134 3746 366 3817 piceret,
401 3742 669 3813 advocato
698 3740 770 3793 ad
798 3755 857 3792 se
887 3741 1079 3792 saneto
1103 3734 1451 3809 Posthumio,
1476 3734 1557 3786 ita
1586 3749 1740 3786 exor-

132 3851 232 3887 sus
258 3838 344 3885 est
371 3831 423 3885 ei
447 3849 458 3883 :
492 3831 576 3884 En
605 3829 797 3894 frater,
831 3832 1056 3897 tempus
1088 3821 1450 3879 resolutionis
1480 3838 1621 3875 meae
1647 3821 1738 3875 in-

136 3928 280 3988 stat;
314 3923 656 3991 quapropter
674 3916 909 3971 audiens
939 3914 1148 3991 bonum
1178 3910 1564 3989 testimonium
1579 3910 1646 3963 de
1661 3915 1735 3976 te,

135 4013 311 4065 ﬁnem
337 4007 804 4073 senectutisjmeae
828 3986 1133 4058 debilitatis
1168 3986 1434 4072 supposui
1455 3998 1740 4070 gressibus

137 4101 211 4155 ad
240 4097 673 4171 pertingendum
704 4111 881 4165 usque
912 4094 984 4147 ad
1013 4099 1087 4147 te.
1114 4093 1277 4146 Nunc
1300 4089 1474 4159 igitur
1489 4088 1629 4143 bene
1657 4088 1740 4142 fe-

138 4189 269 4244 cisti
314 4187 502 4242 venire
546 4202 787 4239 mecum.
843 4182 1075 4253 Suscipe
1119 4197 1250 4249 ergo
1282 4184 1516 4250 paterno
1550 4195 1742 4232 amore

135 4294 372 4350 gregem
400 4277 502 4330 Dei
543 4275 612 4328 ad
656 4273 985 4343 regendum.
1013 4271 1139 4325 Noli
1172 4285 1420 4340 quaerere
1452 4267 1601 4338 quod
1638 4266 1741 4321 tibi

137 4369 280 4423 utile
303 4372 407 4432 est,
431 4365 528 4419 sed
554 4364 703 4435 quod
726 4362 936 4425 multis,
981 4366 1047 4414 ut
1076 4359 1213 4414 salvi
1252 4360 1393 4412 ﬁant
1418 4359 1466 4423 (Ι
1493 4359 1617 4413 Cor.
1646 4358 1696 4424 Χ)
1724 4375 1737 4425 ;

139 4475 211 4512 ne
227 4472 363 4527 ergo
381 4472 549 4525 neges
566 4450 904 4523 suscipiendi
916 4448 1142 4504 honoris
1156 4445 1743 4518 gratiam,mercedem

138 4565 175 4602 a
204 4545 445 4601 Domino
465 4548 791 4614 recepturus
820 4546 1074 4609 tempore
1104 4542 1442 4609 opportuno.

211 4636 603 4689 Tuncsanctus
624 4627 984 4684 Posthumius
997 4625 1231 4698 pedibus
1252 4625 1373 4694 ejus
1395 4624 1739 4694 provolutus,

140 4726 258 4779 ait:
293 4721 633 4777 Charissime
670 4704 861 4783 Pater,
891 4715 1169 4788 quomodo
1198 4712 1336 4767 mihi
1363 4719 1481 4767 tam
1522 4729 1744 4782 magna:

142 4810 527 4869 multitudinis
547 4826 739 4864 curam
765 4806 1026 4878 imponis,
1052 4803 1260 4858 rustico
1278 4798 1744 4867 homini,littcras

142 4901 419 4957 nescienti
440 4900 464 4952 Τ
485 4898 720 4953 Provide
749 4897 927 4967 igitur
940 4912 1006 4949 ex
1035 4894 1115 4948 eis
1136 4890 1399 4946 meritum
1432 4889 1739 4956 hominem,

144 4993 243 5064 qui
264 4990 445 5063 possit
459 5006 584 5044 cum
599 4985 976 5043 sollicitudine
995 4989 1184 5038 tantas
1196 4981 1417 5035 animas
1439 4996 1633 5050 regere
1654 4996 1748 5050 po-

142 5082 431 5154 pulorum.
464 5079 619 5132 Tune
643 5074 910 5130 Macarius
931 5073 1011 5128 ait
1031 5070 1358 5126 Posthumio
1382 5088 1393 5121 :
1429 5068 1748 5123 Excusatio-

145 5187 250 5225 nes
279 5184 393 5223 non
412 5166 599 5233 audio,
620 5181 803 5236 neque
825 5180 1022 5218 causas
1043 5160 1248 5231 recipio
1268 5178 1280 5225 ;
1299 5159 1357 5212 hi
1380 5158 1531 5212 enim
1555 5174 1749 5211 omnes

147 5260 254 5314 sub
286 5263 388 5312 tua
415 5256 627 5310 ditione
648 5253 975 5318 manebunt,
997 5267 1100 5304 nec
1121 5248 1265 5303 alius
1286 5252 1370 5301 est
1390 5253 1562 5301 tantae
1582 5244 1752 5300 absti-

148 5348 360 5403 nentia:
386 5346 487 5410 vir,
504 5344 600 5415 qui
622 5343 799 5415 possit
819 5342 982 5395 istius
1004 5338 1195 5410 pepuli
1222 5336 1539 5407 gubernare
1563 5340 1755 5400 αδδεδ

145 5439 393 5509 animas,
414 5451 479 5490 ac
495 5434 731 5489 sollicite
749 5436 1113 5503 pertractare.
1138 5428 1207 5482 Et
1228 5431 1292 5480 ut
1316 5426 1523 5479 certius
1548 5422 1751 5491 dicam,

148 5524 518 5582 dilectissime
542 5522 734 5587 frater,
768 5526 825 5574 te
860 5516 1131 5573 electione
1172 5532 1275 5569 sua
1301 5513 1575 5568 Dominus
1606 5513 1756 5567 desi-

147 5615 347 5688 gnavit
373 5614 444 5667 ad
474 5610 892 5682 suscipiendum
921 5609 1071 5662 hunc
1084 5603 1383 5659 ministerii
1412 5603 1600 5656 locum
1624 5621 1635 5655 :
1658 5619 1758 5656 ne-

152 5720 440 5776 quaquam
472 5718 608 5770 ergo
628 5698 839 5754 caelesti
867 5697 1076 5770 poteris
1099 5692 1480 5749 contradicere
1495 5691 1757 5762 jussioni.

1816 1971 1974 2021 eum;
2009 1959 2066 2006 et
2081 1950 2372 2005 constituit
2392 1964 2521 2002 eum
2547 1944 3018 1999 monasteriorum
3040 1941 3328 1995 doctorem
3360 1944 3417 1992 et

1816 2043 2146 2114 principem,
2172 2040 2231 2093 in
2259 2055 2389 2093 eum
2406 2038 2588 2091 locum
2604 2052 2636 2088 a
2658 2050 2768 2104 quo
2790 2031 3068 2086 Macarius
3085 2032 3413 2094 recesserat;

1816 2132 2081 2202 deditque
2113 2130 2164 2183 ei
2193 2129 2433 2183 formam
2481 2122 2860 2195 spiritualium
2892 2124 3318 2192 praeceptorum.
3361 2122 3420 2170 et

1817 2221 1975 2274 abiit.
2008 2221 2182 2273 Porro
2210 2214 2577 2271 Posthumius
2609 2209 2960 2282 congregatis
2990 2206 3257 2262 fratribus
3278 2222 3418 2259 cun-

1816 2311 1939 2376 ctis,
1972 2308 2231 2380 aperiens
2260 2323 2322 2359 os
2352 2321 2537 2370 suum,
2566 2303 2785 2356 loeutus
2816 2304 2901 2353 est
2929 2299 3029 2362 eis,
3062 2296 3253 2350 dicens
3293 2313 3305 2347 :

1888 2398 2111 2463 Audite,
2147 2395 2324 2458 lilioli,
2348 2392 2579 2446 verbum
2602 2389 2750 2461 quod
2779 2387 3053 2443 Dominus
3083 2385 3304 2438 locutus
3332 2387 3419 2438 est

1815 2488 1989 2554 vobis,
2023 2486 2346 2557 praeclaram
2374 2484 2779 2553 praeceptorum
2788 2475 3072 2547 justitiam
3101 2478 3155 2527 et
3178 2472 3421 2526 Charita-

1817 2578 1891 2632 tis
1921 2576 2170 2645 regulam
2213 2571 2468 2627 sensibus
2496 2568 2703 2623 nostris
2732 2566 2923 2620 volens
2963 2562 3280 2616 infundere.
3309 2561 3433 2614 Pa-.

1816 2672 1983 2720 terna
2025 2663 2174 2718 enim
2214 2678 2345 2716 voce
2374 2661 2575 2731 loquor
2607 2656 2678 2711 ad
2706 2672 2802 2708 vos
2830 2651 2890 2707 in
2936 2651 3166 2706 nomine
3191 2648 3419 2705 Domini

1818 2754 1997 2809 nostri
2025 2755 2159 2808 Jesu
2190 2749 2418 2812 Christi,
2459 2753 2516 2802 et
2544 2745 2786 2817 Spiritus
2824 2741 2927 2797 Dei
2973 2740 3172 2795 nostri.
3219 2738 3421 2810 Accepi

1820 2844 1971 2899 enim
1990 2843 2229 2897 formam
2250 2840 2318 2893 de
2337 2854 2510 2892 manu
2524 2834 2802 2905 angeli,ut
2819 2831 3003 2885 dicam
3016 2822 3278 2883 universa
3297 2845 3420 2898 quae

1819 2932 2124 2988 acciderint
2167 2928 2356 2984 sensui
2388 2943 2533 2993 meo,
2567 2925 2639 2979 ad
2680 2927 2928 2976 vestram
2968 2917 3417 2985 aedificationem.

1817 3025 2040 3079 Intente
2068 3019 2245 3090 igitur
2285 3016 2526 3089 praebete
2556 3030 2749 3068 aures:
2783 3012 2934 3066 Deus
2965 3008 3085 3080 ipse
3131 3006 3422 3060 mandavit

1820 3112 1969 3184 quod
1994 3111 2063 3163 de
2095 3125 2191 3163 ore
2222 3123 2348 3161 meo
2376 3102 2645 3177 procedit.

1761 3209 1805 3269 Ο
1836 3182 1855 3184 ﬁ
1890 3199 2081 3255 Prima
2101 3203 2186 3252 est
2207 3197 2356 3251 enim
2374 3190 2626 3247 mandati
2643 3186 3058 3252 confoederatio,
3085 3184 3145 3239 in
3160 3182 3419 3239 omnibus

1817 3305 1915 3344 vos
1946 3287 2171 3342 obedire
2192 3282 2519 3355 majoribus.

1893 3376 2151 3433 Secunda
2176 3371 2428 3428 mandati
2449 3374 2535 3425 est
2553 3360 2845 3438 subjectio,
2872 3369 2938 3420 ut
2954 3364 3013 3418 in
3041 3363 3246 3418 timore
3265 3366 3419 3416 casto

1820 3466 2077 3521 serviatis
2098 3463 2358 3519 Domino.

1891 3555 2081 3610 Tertia
2111 3551 2315 3624 positio
2349 3554 2451 3614 est,
2489 3540 2553 3601 ut
2580 3548 2964 3616 temperanter
2991 3546 3049 3595 et
3074 3539 3164 3611 pie
3186 3543 3244 3592 et
3267 3538 3420 3608 justc

1820 3644 2015 3699 vivatis
2040 3643 2097 3696 in
2124 3643 2229 3696 hoc
2258 3639 2459 3694 saeculo
2483 3638 2617 3708 (Tit.
2651 3636 2709 3703 II)
2727 3677 2739 3690 .

1893 3734 2106 3798 Quarta
2135 3729 2387 3784 mandati
2410 3725 2574 3791 ratio,
2600 3729 2662 3777 ut
2690 3736 2924 3792 corpora
2943 3724 3125 3773 vestra
3152 3714 3419 3786 affligatis

1822 3840 1923 3896 per
1941 3821 2265 3889 omnia,quo
2288 3815 2513 3888 possitis
2533 3811 2822 3883 acquirere
2839 3808 3159 3863 animarum
3178 3806 3420 3859 salutem

1821 3893 2100 3967 domando
2111 3907 2365 3979 jejuniis,
2390 3921 2458 3958 ac
2480 3900 2870 3957 mortiﬁeando
2889 3912 3138 3963 carnem,
3157 3894 3291 3967 quia
3301 3893 3422 3947 haec

1823 4007 1909 4056 est
1937 3997 2232 4054 delectatio
2258 3996 2533 4049 bonorum
2566 4005 2820 4062 Operum.

1893 4090 2101 4155 Quinta
2119 4080 2711 4147 constitutio,orationi
2736 4079 3062 4147 frequenter
3080 4071 3420 4138 instare,sie—

1822 4186 1887 4234 ut
1911 4185 1967 4233 et
1977 4177 2275 4249 Apostolus
2290 4171 2671 4228 indesinenter
2682 4184 2843 4222 orare
2856 4183 2957 4220 nos
2966 4164 3131 4236 jubet
3145 4163 3167 4230 (
3175 4164 3217 4217 Ι.
3241 4162 3416 4216 Thess.

1823 4275 1899 4339 ν).
1934 4269 2173 4323 Orantes
2214 4264 2420 4336 quippe
2451 4276 2674 4331 semper
2714 4274 2779 4311 ae
2803 4257 3150 4328 jejunantes,
3203 4258 3260 4305 et
3292 4250 3421 4304 fidei

1823 4357 2037 4412 donain
2059 4354 2332 4409 memoria
2353 4350 2625 4406 mentium
2648 4346 2965 4403 tenebimus
2985 4343 3179 4409 inﬁxa,
3210 4346 3276 4395 ut
3300 4356 3425 4410 pos-

1825 4447 2002 4501 simus
2032 4442 2460 4500 seaturientium
2492 4440 2810 4493 daemonum
2840 4449 3106 4503 superare
3135 4434 3419 4484 naturam.

1760 4529 1809 4587 D
1899 4535 2165 4605 Sequitur
2195 4530 2347 4586 aliud
2392 4544 2571 4598 genus
2622 4523 2848 4586 erroris,
2878 4522 2935 4575 in
2966 4537 3076 4590 quo
3107 4518 3292 4587 majus
3338 4521 3423 4570 est

1826 4623 2027 4679 anima:
2049 4623 2338 4684 damnum,
2378 4614 2653 4687 superbia:
2696 4611 2906 4665 malum
2957 4624 3059 4679 per
3085 4605 3277 4660 omnia
3300 4620 3424 4659 esse

1826 4712 2171 4767 cavendum:
2207 4709 2325 4762 hac
2371 4704 2634 4774 angelum
2682 4701 2739 4754 in
2788 4696 3097 4770 primordio
3128 4692 3324 4748 mundi
3354 4692 3424 4747 de

1828 4802 1969 4857 cmlo
1999 4798 2224 4868 dejecit,
2258 4802 2315 4850 et
2354 4792 2612 4848 novimus
2641 4786 2962 4861 superbiam
2990 4783 3262 4855 originale
3304 4798 3426 4836 esse

1826 4895 2137 4965 peccatum.
2169 4885 2253 4940 Ad
2286 4899 2454 4956 quam
2486 4878 2889 4935 excludendam
2906 4876 2975 4929 de
2995 4871 3429 4945 cogitationibus

1828 4960 2036 5035 nostris
2065 4978 2245 5031 Deum
2263 4988 2485 5043 semper
2513 4969 2901 5041 deprecemur,
2922 4969 2987 5019 ut
3007 4964 3249 5019 donetur
3268 4960 3430 5016 nobis

1831 5070 2010 5125 forma
2032 5063 2384 5121 humilitatis.

1902 5154 2133 5211 Accedit
2162 5159 2218 5207 et
2245 5151 2356 5206 alia
2376 5146 2659 5202 infestatio
2689 5143 2888 5198 mortis
2916 5142 2973 5195 in
2999 5155 3249 5212 corpore,
3284 5136 3332 5189 si
3360 5134 3431 5191 de

1834 5244 2087 5301 saeculari
2144 5242 2407 5295 vitiorum
2471 5251 2642 5290 causa
2707 5231 3111 5287 monachorum
3174 5224 3435 5281 sollicitet

1836 5349 2176 5407 quemquam
2189 5375 2199 5385 .

1907 5404 2241 5478 Funiculum
2274 5434 2400 5471 vero
2438 5411 2730 5469 charitatis
2769 5412 2902 5463 ante
2944 5404 3133 5461 omnia
3163 5404 3312 5456 inter
3338 5417 3434 5456 vos

1838 5512 2060 5579 habete,
2084 5511 2193 5565 ﬁde
2223 5506 2490 5562 continua
2518 5503 2575 5557 in
2599 5517 2697 5572 spe
2724 5500 3036 5556 manentes,
3069 5492 3334 5565 quoniam
3364 5490 3438 5546 ad

1840 5618 2077 5673 regnum
2116 5599 2217 5654 Dei
2246 5594 2525 5651 festinatis
2562 5585 3071 5645 aeternitatisCura
3108 5598 3241 5651 ergo
3279 5580 3440 5635 disci-

1842 5670 2008 5764 plina:
2035 5688 2436 5743 monachorum
2450 5680 2695 5755 perfecta
2710 5674 3049 5732 estdilectio.
3071 5672 3204 5728 Haec
3217 5670 3444 5725 vincula
