3878 6386
544 413 651 468 435

1581 411 1672 465 ns
1707 395 1897 466 ’v‘rns'
1935 395 2229 468 parum
2267 395 2478 468 Liﬁsti
2515 394 2803 467 paruas.

3693 399 3783 460 (86

548 537 835 590 charitatis
865 539 922 590 et
946 537 1096 608 pacis
1127 539 1401 588 exornant
1431 535 1550 589 sine
1591 535 1842 589 avaritia.
1878 525 2056 604 Igitur
2085 537 2139 589 in
2160 537 2206 596 Α
2225 537 2442 607 plicitas
2462 539 2758 592 conﬁrmat
2787 533 3200 607 Scripturarum
3223 526 3705 588 Deilfultiantem
3727 531 3784 582 de

547 625 842 679 dilectione
863 626 1080 678 sincera
1098 625 1297 677 modus
1315 623 1596 678 sufficiens
1624 629 1710 677 est
1739 625 2137 694 praesentibus;

547 717 603 767 et
629 715 724 784 qui
742 714 975 768 invicem
987 706 1249 783 diligunt,
1277 711 1375 766 filii
1395 713 1550 782 regni
1571 713 1932 766 vocabuntur.
1953 713 2136 766 Perfe-

543 801 686 856 ctitts
731 801 967 856 invicem
997 797 1318 871 diligentes,
1368 801 1471 871 ipsi
1503 807 1636 854 sunt
1669 801 1765 872 qui
1797 801 2139 856 manducant

544 907 747 962 panem
776 891 834 945 iii
863 908 1036 961 regno
1066 885 1167 945 Dei
1187 891 1312 944 sine
1331 891 1552 944 macula
1583 891 1756 956 (Lm-.2
1780 887 1917 958 xiv).
1944 877 2136 945 Perfe-

543 979 616 1034 cti
645 981 779 1050 ergo
807 980 984 1045 eritis,
1027 979 1073 1033 si
1123 977 1397 1034 mundum
1426 977 1761 1033 sacrificium
1789 979 2036 1034 charitas
2079 979 2137 1034 in

544 1067 774 1122 odOrem
803 1064 1094 1123 suavitatis
1139 1065 1254 1122 zelo
1301 1065 1616 1122 suoceudet.
1668 1065 1948 1122 Gaudebit
1987 1067 2138 1122 en’i’m

545 1156 818 1212 Domitius
838 1157 999 1212 Jesus
1028 1155 1085 1210 in
1117 1151 1289 1220 vobis,
1323 1157 1457 1228 Quia
1476 1154 1688 1210 fecistis
1725 1147 1968 1210 fideliter
1992 1157 2138 1228 qdod

543 1243 664 1316 ipse
694 1245 993 1300 mandavit.
1028 1247 1173 1299 Nam
1192 1241 1376 1315 prima
1403 1227 1543 1314 legis
1559 1245 1616 1298 in
1632 1251 1822 1299 monte
1842 1245 1975 1300 Sina
1996 1246 2143 1326 ordi-

548 1334 704 1387 natio
733 1335 849 1388 haec
877 1330 948 1388 ad
977 1327 1204 1403 Moysen
1231 1334 1364 1386 data
1393 1339 1512 1386 est:
1541 1332 1770 1403 Diliges,
1800 1335 2002 1405 inquit,
2035 1335 2142 1389 Do-

549 1422 767 1476 minum
809 1413 988 1476 Deum
1025 1429 1186 1476 tnum
1217 1421 1283 1475 ex
1321 1427 1437 1476 toto
1468 1422 1632 1475 corde
1666 1429 1783 1486 tuo,
1827 1425 1882 1476 et
1919 1441 1984 1476 ex
2025 1427 2142 1478 tota

551 1511 743 1564 anima
765 1516 864 1565 tila
898 1509 1072 1578 (Deut.
1100 1520 1180 1575 vi;
1219 1509 1341 1565 Luc.
1370 1521 1434 1577 x;
1470 1512 1632 1565 Lrvit.
1669 1514 1798 1582 xix).
1834 1513 2091 1566 Secunda
2123 1528 2137 1568 :

550 1585 766 1668 Diliges
788 1600 1101 1670 proximum
1134 1603 1311 1666 tuum,
1345 1598 1488 1654 sicut
1514 1600 1776 1670 teipsum.
1798 1601 1973 1654 Vacat
1991 1602 2142 1656 enim

552 1688 773 1743 dilectio
803 1689 923 1752 Dei,
956 1689 1062 1742 nisi
1078 1689 1354 1759 jungatur
1385 1693 1440 1741 et
1469 1689 1969 1759 proximi.Plenum
1991 1691 2140 1745 enim

549 1781 891 1849 prmceptum
925 1777 1192 1840 veritatis,
1227 1779 1290 1832 ut
1320 1783 1547 1833 maneat
1577 1779 1635 1832 in
1667 1794 1834 1833 sensu
1854 1780 2144 1836 individua

2225 627 2338 680 Deo
2368 627 2534 680 aliter
2561 627 2886 688 sentientes,
2920 625 3244 678 exciderunt
3266 620 3606 676 adilectione
3631 619 3787 689 ipsius

2222 721 2280 768 et
2305 715 2684 785 proximorum
2705 728 2955 768 suorum.
2987 712 3095 776 Qui
3115 716 3306 765 autem
3319 706 3642 778 hujusmodi
3654 713 3784 768 sunt,

2221 803 2455 858 audiant
2465 803 2684 857 Barucli
2699 803 3034 874 prophetam
3050 800 3348 854 dicentem:
3366 798 3482 852 Pali
3496 795 3789 866 justitiaa,et

2218 893 2400 947 honor
2439 893 2665 964 pietatis
2695 892 2937 962 (ωηισὴ
2963 894 3038 958 v).
3069 889 3165 944 Sic
3198 888 3352 942 enim
3393 885 3588 940 videns
3619 883 3789 955 populi

2219 981 2307 1036 sui
2335 982 2692 1036 dilectionem
2711 979 3083 1035 fraternitatis
3093 993 3216 1032 esse
3231 977 3636 1045 incorruptam,
3661 973 3791 1026 inter

2221 1071 2454 1125 cunctos
2477 1071 2611 1124 facit
2639 1081 2733 1124 eos
2753 1069 3016 1124 amicitiae
3044 1067 3146 1122 Dei
3165 1065 3288 1120 fieri
3313 1064 3514 1119 socios.
3539 1062 3790 1127 Quoniam

2221 1161 2316 1230 qui
2343 1160 2584 1226 diligunt
2613 1160 2812 1224 Deum,
2843 1157 3151 1211 secundum
3176 1154 3308 1209 boni
3339 1152 3528 1224 operis
3555 1150 3787 1220 gloriam,

2221 1249 2455 1303 invicem
2477 1250 2534 1302 in
2546 1249 2807 1319 operibus
2826 1247 2986 1301 bonis
3004 1245 3226 1299 irritam
3239 1244 3456 1297 faciunt
3472 1241 3642 1296 vitam
3652 1239 3790 1294 Elius

2222 1338 2442 1403 mundi,
2455 1338 2813 1408 profanantes
2825 1335 3094 1406 quidquid
3113 1351 3178 1387 ex
3192 1331 3414 1386 diabolo
3434 1335 3522 1385 est
3530 1329 3790 1400 cogitatio-

2224 1444 2358 1480 num
2390 1427 2666 1480 malarum
2696 1426 2755 1479 in
2786 1423 3048 1478 cordibus
3070 1423 3168 1476 Dei
3189 1436 3480 1476 servorum
3506 1439 3520 1484 ;
3553 1419 3790 1489 Quoniam

2224 1517 2459 1586 cupiunt
2486 1515 2950 1569 anachoretarum
2980 1511 3190 1584 perfrui
3215 1509 3403 1574 vita,si
3437 1520 3640 1578 corpus
3661 1506 3792 1559 abdi-

2224 1612 2354 1659 cant
2364 1603 2545 1658 adhuc
2557 1605 2614 1658 in
2625 1610 2778 1658 terra
2792 1602 2958 1674 positi
2965 1603 3099 1672 ,jam
3113 1598 3432 1655 caelestibus
3445 1597 3788 1656 delectentur,

2224 1695 2362 1748 nihil
2383 1700 2672 1748 terrenum
2693 1706 2920 1762 prorsus
2936 1690 3252 1761 exquirant,
3264 1689 3354 1758 utj
3362 1703 3454 1740 am
3467 1685 3792 1740 saecularium

2224 1783 2586 1838 tenebrarum
2624 1795 2820 1836 causas
2850 1781 3238 1834 ccnculcantes
3267 1794 3332 1830 ac
3374 1781 3789 1846 prosternentes.

551 1868 746 1936 regula
785 1867 1092 1922 charitatis.
1137 1868 1292 1921 Tunc
1325 1881 1458 1937 ergo
1495 1868 1720 1922 diiectid
1759 1869 1924 1922 beata
1952 1869 2060 1924 erit
2085 1852 2208 1925 inB
2294 1873 2504 1925 Verum
2537 1871 2668 1942 quia
2695 1869 3011 1924 caelestibus
3037 1866 3360 1937 regionibus
3384 1865 3525 1935 apti,
3557 1881 3650 1916 vos
3675 1863 3792 1916 satis

549 1956 732 2026 pleno,
766 1956 812 2009 si
845 1955 987 2010 colla
1020 1955 1349 2010 obedientiae
1380 1956 1682 2028 posueritis
1703 1959 2008 2028 proposito.

619 2041 952 2099 Obedientia
1018 2061 1239 2116 quoque
1289 2043 1348 2099 in
1378 2047 1810 2116 congregatione
1857 2046 2136 2104 laudatur.

549 2117 700 2186 ‘Nihii
735 2131 887 2186 vobis
924 2131 1190 2204 proderit,
1241 2133 1416 2196 ﬁlioli,
1452 2136 1498 2186 si
1528 2130 1762 2203 diligitis
1792 2135 2048 2200 invicem,
2085 2142 2142 2189 et

544 2218 658 2274 iion
689 2209 853 2275 vultis
881 2221 1120 2276 invicem
1139 2212 1384 2276 obedire.
1412 2215 1644 2276 Dilectio
1676 2223 1798 2278 sine
1824 2223 2144 2278 obedientia

546 2309 712 2364 faciet
737 2310 1118 2376 criminosum,
1155 2315 1211 2364 et
1229 2305 1571 2365 conscientia
1589 2315 1822 2381 aegrum.
1852 2311 2143 2376 Quomodo

548 2399 696 2452 enim
717 2409 950 2470 gramen
981 2393 1278 2454 seminales
1308 2395 1546 2471 impedit
1572 2401 1800 2465 frtictus,
1837 2402 1916 2455 sic
1950 2402 2145 2456 inube-

547 2488 706 2541 diens
723 2473 889 2542 homo
901 2489 1107 2542 frustra
1117 2490 1422 2560 jejunat,et
1435 2484 1928 2544 oratiunisnnllum
1945 2491 2149 2562 accipit

547 2562 998 2645 fructumigitur
1011 2577 1104 2646 qui
1126 2583 1184 2630 in
1203 2580 1316 2631 uno
1333 2593 1453 2630 esse
1475 2569 1954 2649 concupiscunt,et
1967 2579 2146 2634 vivere

547 2665 736 2718 mente
757 2665 1039 2719 coin'iu'iini
1060 2661 1474 2742 disposuerunt,
1499 2661 1554 2720 iii
1571 2667 1816 2721 censiliis
1837 2668 2144 2738 majoribus

547 2747 1100 2836 serviant.Quidquid
1112 2769 1176 2806 ex
1186 2753 1433 2808 consiliis
1444 2755 1774 2826 praeesserit
1786 2751 2147 2821 Patruin,hoc

546 2840 716 2900 faciat
743 2843 874 2918 quia
901 2846 1238 2916 perfectione
1257 2843 1437 2903 adhuc
1466 2850 1657 2920 procul
1678 2853 1780 2904 est.
1811 2845 2138 2923 Quicunque

547 2933 724 2990 frater
749 2933 934 2989 oneris
953 2935 1241 3006 quidpiam’
1261 2923 1400 2990 cclio
1421 2953 1522 2992 suo
1551 2924 1872 3008 portaverit,
1891 2945 1994 2994 nec
2013 2941 2138 3012 qui-

548 3013 676 3077 dem
697 3021 955 3081 su'stinet.
985 3015 1054 3078 de
1077 3025 1312 3079 humero
1340 3037 1441 3080 Suo
1469 3029 1610 3080 onus
1625 3029 1860 3091 exstare,
1895 3013 1942 3082 si
1969 3025 2139 3085 abbas

545 3129 792 3184 praesens
819 3113 1004 3180 fuerit,
1039 3114 1324 3183 reperiens
1351 3119 1554 3185 aquam
1576 3116 1841 3170 scativam
1868 3105 1982 3171 sive
2007 3135 2138 3191 ger-

2225 1960 2443 2033 placere
2463 1960 2723 2014 convenit
2743 1955 3013 2021 Creatori,
3036 1956 3280 2025 virgines
3297 1960 3490 2008 mente
3513 1958 3570 2008 et
3587 1968 3792 2022 corpore

2223 2054 2636 2122 permanentes,
2654 2048 2866 2102 fructus
2887 2046 3016 2100 fidei
3038 2049 3094 2099 et
3121 2045 3316 2098 limam
3343 2041 3620 2097 sermonis
3648 2055 3793 2111 quam

2224 2141 2466 2194 maxime
2491 2145 2910 2202 conservantes;
2931 2136 3090 2190 nefas
3115 2141 3200 2188 est
3213 2134 3366 2188 enim
3391 2139 3460 2188 ut
3486 2130 3795 2186 monachum

2225 2231 2351 2300 quis
2380 2227 2754 2300 reprehendat
2779 2227 2838 2280 in
2863 2226 3082 2280 modico
3107 2223 3266 2277 teiin
3295 2223 3560 2276 maximo.
3581 2222 3798 2290 Irrepre-

2227 2319 2526 2374 hensibiles
2556 2317 2704 2372 enim
2729 2327 2832 2370 nos
2861 2327 2986 2368 osse
3022 2319 3302 2385 aportere,
3330 2311 3634 2382 Apostolus
3660 2309 3798 2362 docet

2231 2411 2443 2475 ((701033.
2476 2411 2571 2472 iv),
2596 2412 2652 2460 et
2673 2411 2737 2459 ut
2755 2415 2939 2458 sermo
2975 2402 3236 2457 nosterin
3251 2401 3441 2470 gratia
3459 2401 3576 2454 sale
3604 2411 3800 2466 semper

2228 2497 2302 2550 sit
2313 2497 2592 2559 conditus,
2619 2494 2830 2547 scilicet
2847 2491 3202 2546 condimento
3219 2506 3329 2560 quo
3349 2505 3455 2542 nos
3475 2485 3797 2556 Eirangelista

2230 2585 2494 2650 condivit,
2510 2584 2700 2637 dicens
2723 2583 2859 2635 :Vos
2881 2581 3016 2635 estis
3031 2581 3112 2634 sal
3133 2587 3296 2633 terrae
3319 2579 3538 2645 (Matth.
3567 2581 3640 2644 ν).
3662 2573 3797 2638 Quod

2227 2680 2356 2746 peto
2386 2679 2450 2728 ut
2477 2675 2589 2727 non
2617 2673 2676 2726 in
2718 2671 2874 2725 vobis
2900 2675 3214 2734 evanescat,
3241 2684 3311 2721 ne
3339 2667 3508 2728 forte,-
3543 2677 3665 2720 σιω)
3691 2677 3798 2716 eva-

2227 2765 2432 2828 nuerit,
2489 2768 2646 2816 extra
2687 2759 3178 2830 congregationem
3241 2755 3625 2811 multitudinis
3673 2752 3797 2807 foras

2227 2854 2577 2925 proﬁciatur,
2609 2849 2813 2920 linguis
2843 2849 3196 2903 inimicorum
3219 2845 3476 2917 quotidie
3493 2843 3792 2898 conculcan-

2219 2945 2378 3000 dum:

2293 3033 2410 3086 Hdt:
2434 3036 2622 3085 autem
2643 3029 2892 3093 obsecra,
2919 3025 3412 3090 ﬁlioli,secundum
3433 3024 3669 3078 fortnam
3687 3039 3790 3092 quae

2220 3121 2359 3176 tnih‘i
2387 3121 2520 3174 data
2543 3126 2628 3174 est
2646 3119 2716 3172 de
2734 3125 2902 3172 manu
2923 3116 3127 3186 angeli,
3149 3116 3345 3186 fugere
3365 3115 3620 3185 linguam
3636 3112 3793 3166 detra-

545 3199 855 3254 ininantem
877 3202 973 3270 (7),
991 3195 1194 3272 printer
1213 3201 1430 3256 abbatis
1452 3193 1746 3259 consilium
1765 3192 2139 3260 diverteritad
2159 3210 2204 3269 Ο
2219 3211 2476 3265 nentiam
2507 3210 2848 3280 iniquorum,
2877 3207 2974 3277 qui
3001 3206 3248 3260 mordaci
3277 3205 3470 3269 dente,
3495 3203 3662 3258 etiam
3691 3201 3790 3254 sine

541 3288 1210 3358 bibendum,autaiterius
1220 3291 1408 3346 fratris
1422 3294 1611 3347 s'eciim
1626 3287 2137 3358 comitantis,etiam

539 3377 804 3448 junioris,
829 3372 1116 3450 peccatum
1129 3377 1327 3448 fecisti,
1346 3379 1442 3452 qui
1466 3375 1672 3452 praeter
1689 3375 2138 3440 benedictionem

545 3483 750 3538 aquam
780 3468 1172 3538 potasti.Quod
1190 3469 1237 3522 si
1258 3471 1552 3524 calorsolis
1569 3472 1923 3536 erarserit,et
1955 3466 2140 3530 volite-

545 3555 624 3608 i'is
648 3543 858 3615 bibere,
890 3547 947 3611 et
985 3555 1157 3611 abbas
1188 3558 1259 3612 ad
1287 3549 1342 3611 te‘
1369 3548 1552 3624 σὲκιθ
1586 3559 1926 3616 domandum
1954 3564 2141 3634 p'rohi-

545 3643 755 3710 buerit;
774 3645 820 3698 si
843 3647 928 3699 vei
953 3643 2138 3720 mentemurmuraveris,deiiqnisti.Deinde

545 3733 594 3786 si
625 3733 680 3788 in
703 3734 791 3788 via
818 3734 1118 3789 calcaveris
1147 3736 1386 3807 spinam,
1409 3741 1522 3792 non
1543 3742 1628 3792 est
1647 3729 2139 3806 edumndmdonec

545 3819 716 3877 abbas
737 3825 1084 3894 praeceperit.
1262 3835 1272 3843 ‘
2069 3822 2078 3839 ’

616 3911 818 3965 Pr‘ocul
846 3911 916 3966 ab
941 3913 1173 3966 invicem
1205 3904 1494 3968 contextas
1525 3916 1662 3969 Vites
1693 3917 1946 3973 sternite.

615 3999 758 4052 Cum
771 4000 840 4053 ad
851 3987 1244 4054 dormiendum
1257 4001 1903 4070 sec'editis,interstitiuin
1919 3996 2138 4064 cubitus

543 4070 820 4141 habeatur
836 4087 1024 4155 unins;
1047 4102 1137 4165 ne,
1164 4079 1296 4144 dum
1325 4092 1395 4144 ad
1418 4092 1655 4146 invicem
1679 4096 1995 4165 proximant
2013 4113 2138 4152 cor-

547 4178 704 4247 pora",
720 4176 1046 4231 nutriantur
1071 4163 1316 4232 libidinis
1343 4179 1640 4236 incentiva.

612 4264 788 4318 Porro
801 4265 1088 4335 negotium
1107 4268 1302 4333 noctis,
1324 4261 1552 4341 propter
1567 4271 1834 4344 lucifugas
1853 4275 2135 4331 damones

541 4345 599 4406 et
624 4355 956 4425 noctipetas,
980 4355 1038 4408 in
1059 4355 1297 4425 spiritali
1323 4367 1491 4428 Opere
1511 4367 1832 4432 peragatur.
1869 4364 1943 4418 Ex
1949 4369 2136 4436 perre-

539 4443 641 4496 ctis
659 4448 848 4521 autem
878 4443 1031 4498 nulla
1043 4444 1112 4498 de
1125 4447 1480 4502 saecularibus
1495 4467 1663 4504 causa
1678 4451 2002 4521 ingerenda,
2031 4453 2134 4508 do”-

2219 3315 2408 3364 causa,
2441 3299 2693 3354 Ecclesiae
2709 3297 2916 3352 Christi
2945 3295 3218 3350 insultare
3239 3293 3530 3348 festinant.

2290 3389 2693 3453 Diesensiones,
2729 3397 2868 3458 quas
2901 3385 3119 3439 habetis
3146 3385 3296 3438 inter
3309 3397 3425 3448 vos,
3457 3382 3704 3454 projicite
3729 3378 3786 3432 ab

2222 3478 2476 3543 invicem,
2507 3477 2746 3531 scientes
2773 3476 3076 3531 Dominum
3119 3477 3373 3528 nostrum
3404 3487 3524 3526 non
3553 3487 3670 3525 esse
3693 3469 3790 3522 dis-

2222 3568 2514 3632 sensionis,
2549 3567 2644 3620 sed
2676 3566 2826 3636 pacis
2859 3567 2908 3630 (I
2932 3565 3052 3618 Cor.
3078 3567 3206 3628 xxv).
3241 3561 3300 3616 Si
3329 3577 3443 3631 qua
3462 3561 3636 3631 igitur
3659 3574 3792 3613 scan-

2221 3641 2366 3722 dala,
2402 3655 2626 3709 iniinico
2643 3653 2998 3724 suggerente,
3031 3651 3205 3706 frater
3221 3647 3389 3704 habet
3417 3651 3682 3704 adversus
3696 3647 3791 3700 fra-

2221 3743 2384 3808 trem,
2417 3751 2646 3817 propter
2673 3741 3070 3807 obedientiam,
3101 3735 3210 3794 nde
3240 3743 3518 3806 exstante,
3541 3738 3788 3793 dimittat;

2223 3833 2489 3906 quoniam
2519 3850 2621 3904 ego
2651 3837 2762 3888 non
2793 3839 2859 3886 ex
2888 3848 2977 3885 me
3005 3831 3220 3902 loquor,
3249 3829 3346 3884 sed
3367 3834 3433 3882 ex
3463 3827 3600 3894 Deo,
3633 3826 3720 3898 qui
3745 3825 3790 3878 in

2221 3927 2391 3978 ina'n'u
2413 3923 2596 3978 nuntii
2627 3923 2714 3977 sdi
2735 3919 2925 3976 docuit
2955 3922 3063 3974 me.

2293 3997 2359 4067 Et
2388 4014 2436 4067 si
2465 4011 2840 4066 obedientiam
2876 4001 3104 4080 praelato
3125 3999 3500 4078 praebueritis,
3533 4003 3791 4077 hespitali-

2217 4107 2393 4156 tatem
2422 4102 2826 4174 peregrinanti,
2852 4111 2915 4154 ex
2947 4101 3221 4172 praecepto
3250 4092 3475 4152 Domini
3507 4093 3698 4152 facitis.

2292 4191 2351 4246 Si
2380 4192 2501 4245 fieri
2532 4184 2732 4262 potest,
2767 4179 2920 4244 nullo
2942 4190 3102 4260 pacto
3128 4189 3288 4242 miles
3318 4181 3418 4242 Dei
3439 4183 3610 4242 debet
3625 4183 3786 4248 irasci,

2218 4295 2330 4334 non
2360 4277 2539 4335 solum
2571 4277 2638 4333 ad
2661 4279 2858 4346 socios,
2889 4283 3081 4332 verum
3114 4277 3283 4332 etiam
3319 4275 3389 4330 ad
3421 4281 3725 4330 ettraneos'.

2287 4370 2351 4424 In
2375 4367 2706 4440 quocu’h‘qtle
2726 4367 2968 4438 negotio,
2997 4365 3185 4421 nullus
3207 4362 3562 4420 saecularium
3588 4378 3786 4417 servum

2214 4441 2317 4513 Dei
2329 4453 2812 4528 audeatju'dicare,
2840 4446 2976 4526 quia
2992 4454 3140 4510 inter
3154 4466 3212 4509 Se
3233 4460 3290 4509 et
3313 4455 3467 4510 illum
3487 4451 3786 4508 distatNon

537 4549 638 4624 “fec
650 4533 720 4624 f‘d
729 4519 865 4604 galli
877 4541 1123 4602 cantum,
1155 4535 1530 4594 fraternarum
1543 4519 1861 4597 orationum
1879 4519 2128 4599 commu-
2149 4551 2196 4624 ᾖ)
2213 4547 2446 4618 patiaris
2457 4519 2578 4618 conj
2587 4551 2818 4617 ugatuni
2826 4519 3036 4616 judicio
3047 4549 3231 4599 tecum
3245 4527 3785 4609 contendere;meiius

532 4621 620 4676 nis
649 4621 786 4677 hora
801 4625 1080 4680 succedat.
1114 4625 1360 4684 Alterius
1379 4630 1526 4684 vocis
1537 4633 1732 4686 canitis
1753 4633 1992 4688 alterum
2017 4651 2128 4690 non

535 4711 735 4766 excitet
763 4713 834 4767 ad
863 4716 1139 4770 orandum
1164 4736 1175 4785 ;
1207 4717 1304 4772 sed
1333 4735 1460 4773 cum
1483 4736 1645 4774 suum
1672 4727 1866 4792 pectus
1887 4721 2126 4780 tundere

533 4801 780 4869 coeperit,
824 4803 917 4873 qui
959 4805 1202 4874 primum
1243 4813 1599 4878 experrectus
1646 4816 1750 4871 est.
1797 4819 2128 4883 provocetur

533 4887 706 4942 etiam
735 4887 828 4944 ille
842 4891 1174 4962 quidormit,
1208 4901 1524 4970 exsurgere.
1551 4901 1708 4972 Saepe
1720 4902 1870 4956 enim
1889 4901 2128 4959 Satanas

529 4979 730 5032 Somno
745 4979 993 5035 animam
1020 4989 1240 5054 captam
1253 4987 1541 5043 nocturnis
1557 4983 2128 5058 involvittenebris,iit

530 5065 601 5119 ab
613 5067 884 5156 orationis
907 5073 1214 5141 patrocinio
1229 5083 1490 5147 separata
1509 5078 1600 5143 sit,
1625 5078 1892 5150 operante
1903 5067 2124 5138 diabolo

528 5153 680 5210 socio
705 5153 1090 5240 tenebrarum.
1135 5153 1266 5218 Ideo
1305 5164 1424 5220 dico
1455 5166 1628 5229 vobis,
1663 5165 1840 5234 filioli,
1875 5161 2122 5240 vigilate,

527 5243 660 5314 quia
725 5247 952 5303 nescitis
1011 5268 1123 5321 qua
1186 5245 1328 5307 hora
1393 5249 1484 5308 fur
1549 5244 1736 5310 veniet
1773 5258 2124 5323 ~animarum

527 5335 744 5401 (Matth.
777 5337 952 5407 xxxv).

595 5423 828 5479 Studete
856 5411 1030 5496 igitur
1071 5429 1418 5500 complacere
1454 5429 1590 5496 Deo,
1643 5435 2119 5494 conversationem

2216 4627 2303 4691 est
2349 4637 2498 4690 enim
2529 4635 2802 4690 monacho
2847 4623 3099 4690 fraudein
3132 4637 3188 4688 et
3229 4634 3466 4704 injurias
3507 4632 3781 4694 sustinere,

2215 4729 2380 4797 quain
2412 4727 2475 4779 ut
2502 4725 2766 4779 audiatur
2795 4729 2893 4778 Vox
2922 4711 3116 4778 inilitis
3150 4713 3354 4777 Christi
3382 4721 3441 4776 in
3468 4723 3720 4776 ciambre.

2284 4809 2333 4869 Ν
2337 4832 2408 4869 on
2427 4811 2587 4870 deret
2613 4814 2944 4868 monachum
2963 4817 3130 4867 causa
3151 4811 3399 4883 pecuniae
3423 4823 3544 4866 esse
3558 4809 3783 4882 negotia-

2211 4907 2409 4969 torem,
2454 4904 2548 4958 sed
2595 4891 2908 4966 caelestium
2940 4902 3214 4957 bonorum
3245 4903 3399 4958 intra
3437 4905 3778 4956 mercantem.

2210 4979 2485 5048 Prmdicet
2514 4992 2741 5047 verbum
2771 4991 2986 5058 salutis,
3011 4980 3228 5047 animus
3249 4993 3448 5047 invitet
3465 4993 3534 5046 ad
3577 4991 3777 5046 caelum.

2208 5070 2277 5134 ad
2326 5069 2566 5135 nihilum
2611 5071 2852 5135 deducat
2902 5082 3090 5136 sa'eciili
3121 5072 3482 5136 desiderium.
3516 5081 3625 5136 Cor
3647 5079 3778 5134 enim

2210 5155 2592 5225 Christianum
2625 5171 2858 5236 exsulta,
2893 5171 3132 5225 maxime
3169 5171 3312 5225 ser‘vi
3343 5163 3461 5236 Dei,
3494 5162 3775 5243 tyrannum

2209 5259 2589 5314 fraudatorem
2610 5259 2947 5327 animarum,
2963 5247 3164 5316 divinae
3185 5252 3402 5316 Virtutis
3423 5262 3669 5316 oratione
3695 5273 3775 5313 ex-

2207 5340 2438 5419 pugnat.

2273 5438 2432 5504 Quod
2446 5437 2491 5493 si
2512 5444 2756 5494 terrores‘
2771 5440 2988 5511 aliquos
3005 5439 3316 5508 intulerint,
3351 5448 3540 5497 currat
3555 5431 3625 5496 ad
3641 5438 3775 5495 anxi-

524 5507 794 5567 habentes
804 5505 1344 5604 spiritalem.Divina
1361 5519 1628 5574 mandata
1645 5522 1700 5576 in
1719 5511 2118 5582 diiectioneDei
2201 5518 2338 5583 lium
2359 5529 2558 5596 crueis,
2585 5528 2775 5584 statim
2795 5517 2887 5584 ille
2903 5528 3144 5586 recedet:
3168 5531 3414 5586 versutia
3433 5535 3554 5604 ejus
3586 5515 3773 5584 crebris

523 5615 649 5694 cum
671 5603 966 5694 sapientia,
993 5600 1132 5675 legis
1148 5613 1426 5678 praecepta
1445 5609 1504 5662 in
1537 5606 1742 5665 tabulis
1765 5614 2015 5670 cordium
2031 5635 2119 5670 ve-
2200 5603 2545 5672 orationibus
2577 5623 2633 5673 et
2656 5621 2887 5690 jejuniis
2907 5600 3578 5694 devincitur.Filioli,quid
3600 5607 3668 5674 ad
3691 5627 3770 5669 γε·

520 5681 766 5745 strorum
785 5690 1028 5758 sint;nec
1049 5695 1276 5764 quidem
1299 5698 1540 5770 amplius
1552 5695 1781 5772 sapiatis
1795 5720 1965 5776 quam
1986 5706 2116 5761 sim-
2199 5697 2374 5762 stram
2404 5707 2648 5780 pertinet
2696 5714 2909 5777 curam,
2953 5711 3000 5764 s'i
3027 5711 3291 5767 adversus
3338 5719 3433 5767 vos‘
3462 5709 3770 5768 conveniam
