3878 6388
429 369 532 426 439

1447 364 1542 418 DE
1578 363 1766 418 VITIS
1803 360 2097 416 PATRUM
2135 357 2349 416 LIBER
2386 352 2674 421 PRIMUS.

3603 333 3736 392 440

431 495 693 568 operibus
713 493 1033 548 renuntiare
1063 489 1215 544 omni
1246 489 1411 542 modo
1440 486 1724 551 condecet,
1751 489 1818 537 ut
1845 483 2008 535 ccele-
2030 487 2269 550 Aquere
2298 477 2522 549 poterit,
2573 476 2755 546 ipsum
2792 470 3004 542 jugiter
3051 466 3106 520 iu
3145 468 3358 568 mente‘
3391 459 3721 568 habentes,

432 590 575 638 stem
623 597 1034 651 consequamur
1055 578 1267 632 vitam?
1315 577 1669 646 Quapropter
1721 586 2022 643 pergamus

431 674 500 726 ad
532 687 804 733 eremum,
838 669 979 722 nihil
1026 667 1315 722 nobiscum
1349 666 1610 726 ferentes,
1637 663 1704 715 ad
1731 659 2019 730 acquiren-

429 762 558 815 dam
585 761 866 812 caelestem
883 757 1219 827 gloriam,et
1248 753 1593 826 superiorem
1623 749 2021 816 investigemus

428 867 492 903 ex
518 847 816 902 virtutibus
835 846 1210 916 disciplinam.
1227 845 1326 898 His
1340 843 1503 896 dictis
1533 839 1774 894 universi
1792 851 2022 891 consen-

427 954 581 1003 sere;
605 937 1030 1004 deferentesque
1041 935 1113 987 ad
1135 949 1384 986 eremum
1401 947 1589 985 secum
1611 943 1781 1000 parva
1803 927 2021 979 olerum

427 1026 726 1091 semina,et
742 1025 828 1078 bis
861 1030 1072 1088 acutos,
1108 1037 1418 1093 parvosque
1469 1018 1716 1072 sarculos
1737 1015 1836 1084 (2),
1867 1014 2016 1068 unde

429 1116 664 1170 humum
704 1114 1048 1178 defoderent,
1091 1111 1323 1182 profecti
1347 1113 1559 1166 sunt.et
1577 1110 1850 1160 venerunt
1869 1103 2022 1156 itain

428 1221 680 1258 eremum
714 1222 726 1256 :
773 1217 1085 1271 rursusque
1114 1199 1454 1254 Frontonius
1477 1197 1588 1250 ait:
1648 1193 1920 1248 Dominus
1965 1190 2023 1244 in

427 1292 728 1361 Evangelio
760 1291 840 1344 ait
864 1309 875 1342 :
902 1289 1087 1344 Nolite
1120 1289 1366 1357 cogitare
1395 1285 1528 1356 quid
1542 1281 2022 1346 manducetis,aut

429 1381 566 1451 quid
585 1380 809 1444 bibatis,
842 1385 936 1432 aut
963 1394 1072 1448 quo
1117 1375 1485 1446 operiamini;
1517 1374 1636 1426 haec
1655 1372 1804 1425 enim
1833 1369 2022 1423 omnia

427 1475 625 1538 gentes
673 1467 868 1520 mundi
899 1471 1174 1537 quierunt.
1217 1464 1459 1527 Qumrite
1506 1463 1747 1532 primum
1780 1475 2017 1528 regnum

437 1557 560 1618 Dei,
588 1557 934 1627 etjustitiam
966 1556 1106 1624 ejus,
1155 1560 1212 1606 et
1232 1555 1348 1607 haec
1366 1552 1555 1606 omnia
1579 1550 1914 1619 adjicientur
1936 1563 2025 1600 vo-

429 1645 515 1699 bis
547 1647 759 1715 (Matth.
789 1652 886 1709 γι).
921 1644 1234 1697 Teneamus
1267 1640 1626 1711 promissum,
1672 1645 1729 1692 et
1780 1636 2024 1690 invenie-

430 1751 556 1787 mus
579 1735 636 1787 in
659 1733 818 1786 nobis
835 1749 972 1803 Opus
989 1731 1210 1785 Domini
1231 1738 1643 1783 conservatum.
1660 1728 1868 1782 Omnes
1889 1741 2022 1794 ergo

2101 585 2343 638 eumque
2369 565 2593 620 assidue
2613 560 2872 616 orantes?
2892 560 3056 613 Certe
3075 556 3122 609 si
3150 555 3296 608 tame
3325 550 3734 606 defecerimus

2102 659 2160 713 in
2192 673 2399 721 eremo,
2443 671 2544 708 nos
2564 652 2867 708 Dominum
2896 660 3240 708 accusemus,
3273 647 3332 696 et
3350 641 3734 711 impropere-

2102 765 2228 803 mus
2244 747 2314 812 ei,
2339 762 2466 800 cum
2495 743 2564 798 ad
2593 743 2777 812 ipsum
2817 736 3133 792 venerimus
3184 731 3476 788 dicentes:
3514 727 3734 782 Credi-

2103 837 2290 891 dimus
2310 831 2610 902 Evangelio
2649 837 2766 894 tuo,
2801 826 2898 882 ubi
2926 823 3114 879 dixisti
3145 821 3294 892 quod
3316 819 3624 873 universos
3661 817 3732 870 in

2102 932 2158 980 te
2180 925 2469 979 credentes
2489 921 2612 975 coeli
2639 918 2843 990 pabulo
2857 931 3049 987 pasces
3072 931 3084 966 :
3107 911 3341 966 fecimus
3357 912 3568 962 cuncta
3581 923 3730 976 qua:

2104 1013 2435 1087 praecepisti,
2473 1008 2822 1082 speravimus
2849 1005 2908 1058 in
2923 1009 2998 1069 te,
3031 1006 3088 1055 et
3121 1006 3186 1054 tu
3227 1015 3330 1052 nos
3369 995 3724 1067 despexisti.

2105 1085 2214 1160 Sed
2237 1103 2370 1174 quia
2394 1101 2471 1154 ibi
2499 1117 2600 1154 nos
2624 1094 2891 1169 probasti,
2911 1093 3001 1146 hic
3017 1090 3215 1160 magis,
3244 1094 3310 1142 ut
3328 1085 3538 1158 probes
3565 1085 3728 1138 veri-

2103 1199 2300 1258 tatem,
2332 1190 2502 1244 redde
2524 1187 2672 1259 quod
2693 1181 3019 1256 promisisti.
3050 1179 3236 1234 Nolite
3267 1193 3402 1247 ergo
3439 1190 3724 1229 murmu-

2106 1300 2232 1337 rare
2261 1282 2529 1335 adversus
2551 1278 2750 1340 Deum,
2777 1290 2847 1326 ne
2862 1273 3298 1332 murmurantes,
3331 1264 3480 1318 sicut
3509 1269 3725 1334 patres

2103 1370 2280 1426 nostri
2309 1370 2367 1423 in
2399 1369 2502 1421 hoc
2529 1367 2768 1428 deserto,
2801 1356 3203 1430 aserpentibus
3239 1353 3510 1426 pereatis.
3543 1351 3726 1416 Quod

2104 1461 2151 1514 si
2173 1455 2598 1530 expectaveritis
2624 1452 2948 1515 Dominum,
2976 1445 3199 1518 quando
3230 1442 3488 1505 voluerit,
3544 1438 3722 1493 dabit

2105 1549 2252 1604 bona
2279 1545 2608 1602 timentibus
2655 1560 2734 1596 se.
2792 1541 2912 1606 Quo
2955 1537 3125 1600 dicto,
3185 1533 3465 1588 siluerunt
3505 1545 3725 1582 omnes

2105 1639 2394 1710 paululum
2439 1653 2474 1689 a
2504 1629 2951 1688 murmuratione
2990 1641 3138 1679 sua:
3194 1627 3359 1676 erant
3406 1625 3609 1673 tamen
3653 1619 3726 1669 in

2105 1743 2342 1782 mmrore
2371 1725 2562 1797 positi.

431 1823 761 1876 habitabant
786 1822 843 1874 in
872 1801 1082 1884 eremo,
1109 1820 1166 1872 in
1187 1835 1354 1890 opere
1386 1816 1608 1871 Domini
1635 1816 1848 1886 jugiter
1868 1805 2090 1868 labo-B
2182 1817 2319 1868 CAP.
2352 1814 2447 1869 IV.
2471 1842 2540 1854 —
2570 1812 2684 1880 Ego
2713 1825 2842 1862 vero
2875 1805 3141 1878 proposui
3172 1803 3432 1859 universa
3463 1801 3730 1854 breviter

429 1918 640 1978 rantes,
671 1917 728 1964 et
755 1911 812 1963 in
835 1926 1012 1979 agone
1029 1907 1306 1978 spirituali
1330 1906 1704 1978 proficientes;
1724 1902 2026 1974 adjuvabat

428 2001 579 2055 enim
633 1999 908 2053 Dominus
955 2014 1143 2051 servos
1173 2013 1322 2050 suos.
1376 1996 1500 2065 Ipse
1529 2011 1659 2047 vero
1684 1991 2026 2047 Frontonius

426 2106 536 2142 non
567 2106 666 2159 pro
694 2106 753 2141 se
782 2093 1027 2151 tantum,
1081 2085 1177 2139 sed
1219 2101 1318 2155 pro
1349 2083 1562 2138 cunctis
1586 2081 1804 2146 orabat,
1845 2080 2026 2133 sciens

427 2179 697 2248 scriptum
725 2193 846 2231 esse
869 2195 880 2230 :
902 2177 1027 2230 Non
1045 2191 1301 2244 quaerens
1328 2173 1474 2243 quod
1492 2171 1630 2225 mihi
1647 2171 1786 2224 utile
1806 2170 1898 2237 sit,
1930 2169 2026 2222 sed

429 2267 577 2337 quod
599 2266 810 2330 multis,
835 2271 900 2319 ut
927 2264 1062 2317 salvi
1093 2265 1232 2316 fiant
1255 2264 1304 2324 (Ι
1335 2263 1458 2315 Uor.
1483 2267 1554 2329 x).

502 2357 633 2409 CAP.
656 2356 723 2409 ΙΙ.
747 2384 810 2396 -—
845 2355 1098 2423 Cumque
1125 2352 1182 2404 in
1213 2351 1408 2404 eadem
1442 2365 1630 2402 eremo
1686 2349 1851 2417 longo
1891 2354 2031 2401 tem-

435 2461 569 2516 pore
592 2449 969 2506 morarentur,
1003 2447 1223 2495 tentare
1247 2457 1341 2493 eos
1369 2437 1727 2492 adversarius
1754 2437 2030 2490 Christia-

431 2550 634 2588 norum
664 2532 850 2602 ccepit,
881 2538 946 2585 ut
975 2531 1287 2599 cogitarent
1315 2528 1373 2582 in
1417 2528 1584 2582 corde
1616 2543 1716 2580 suo
1766 2526 1912 2596 quod
1937 2526 2030 2578 de-

443 2622 696 2675 buissent
722 2621 780 2673 in
811 2621 1012 2673 saeculo
1034 2617 1334 2682 demorari,
1375 2616 1508 2686 quia
1548 2616 2032 2669 Anachoretarum

432 2711 549 2763 vita
601 2708 902 2762 durissima
944 2714 1049 2772 est,
1082 2711 1140 2760 et
1166 2721 1330 2759 nemo
1378 2722 1500 2758 eam
1543 2711 1728 2774 potest
1777 2704 2029 2756 sufferre.

445 2799 869 2852 Murmuravere
889 2812 1020 2864 ergo
1049 2795 1107 2847 in
1131 2793 1391 2846 cordibus
1413 2793 1547 2857 suis,
1582 2791 1857 2844 dicentes:
1890 2792 2036 2854 Quid

447 2893 552 2952 est,
589 2885 736 2955 quod
764 2883 940 2936 voluit
976 2884 1145 2936 Pater
1173 2889 1366 2935 noster
1393 2880 1750 2945 Frontonius,
1784 2885 1849 2934 ut
1877 2880 2038 2933 habi-

439 2981 628 3028 temus
653 2973 712 3026 in
743 2988 930 3025 eremo
949 2972 974 3023 ’ἶ
1001 2970 1271 3040 Nunquid
1309 2969 1392 3022 illi
1429 2968 1525 3038 qui
1554 2968 1612 3021 in
1639 2967 1870 3021 urbibus
1899 2974 1956 3022 et
1981 2985 2037 3022 1n

441 3062 688 3116 castellis
719 3060 993 3124 habitant,
1027 3060 1207 3113 Deum
1228 3058 1416 3110 videre
1446 3073 1558 3110 non
1581 3071 1848 3126 possunt;
1869 3063 1926 3110 et
1945 3057 2040 3128 qui

441 3153 499 3206 in
546 3146 733 3204 eremo
789 3149 1066 3214 habitant,
1117 3147 1220 3201 soli
1266 3146 1491 3199 vident?
1529 3162 1714 3199 nonne
1771 3163 1864 3200 eos
1911 3147 2041 3201 boni

445 3247 604 3295 actus
647 3237 1084 3292 commendant?
1131 3236 1391 3307 quisnam
1439 3235 1648 3305 poterit
1691 3235 1813 3288 cibo
1853 3236 2040 3290 vivere

441 3327 816 3398 angelorum?
847 3328 984 3382 Ecce
1015 3325 1289 3380 morimur
1316 3324 1496 3390 fame;
1541 3324 1788 3378 defectus
1830 3325 2043 3394 vigilia-

443 3435 573 3472 rum
607 3433 720 3470 non
741 3416 890 3486 capit
913 3415 1090 3479 labor,
1115 3415 1214 3467 sed
1243 3413 1463 3466 acriora
1482 3429 1584 3465 nos
1603 3412 1872 3481 frangunt
1887 3414 2041 3482 jeju-

447 3506 562 3572 nia,
585 3505 839 3574 ﬁuntque
859 3503 1064 3556 debilia
1079 3519 1285 3573 genua,
1299 3506 1365 3555 ut
1379 3501 1763 3571 unusquisque
1783 3507 2040 3554 nostrum

449 3611 565 3648 non
592 3593 769 3664 possit
797 3598 966 3645 stare.

517 3683 644 3738 CAP.
678 3683 777 3736 ΙΙΙ.
803 3711 862 3722 --
892 3680 1140 3734 Audiens
1168 3680 1506 3734 Frontonius
1539 3697 1732 3734 eorum
1759 3697 2040 3747 murmur,

447 3776 750 3842 antequam
763 3769 834 3823 ad
863 3785 990 3823 eum
1016 3769 1379 3822 convenirent
1406 3769 1654 3822 dicentes
1669 3769 1902 3839 aliquid,
1925 3769 2043 3840 ipse

446 3860 791 3932 praeveniens
819 3875 914 3912 eos
944 3858 1058 3912 ait:
1088 3858 1390 3928 Quousque
1421 3857 1656 3912 irritatis
1685 3859 1864 3912 Deum
1893 3875 2045 3912 mur-

449 3954 738 4002 murantes
763 3948 820 4000 in
847 3947 1106 4001 cordibus
1135 3947 1352 4011 vestris,
1378 3953 1436 4000 et
1459 3947 1708 4001 dicentes
1736 3962 1749 4000 :
1777 3947 2044 4017 Nunquid

449 4037 546 4108 qui
574 4052 828 4090 eremum
856 4035 1193 4099 inhabitant,
1211 4035 1268 4088 hi
1283 4041 1503 4088 tantum
1522 4035 1770 4089 suntDei
1788 4035 1931 4088 servi
1954 4035 1964 4088 !
1991 4041 2048 4089 et

451 4125 576 4196 quis
624 4141 689 4178 ex
720 4123 843 4176 cibo
869 4122 1076 4192 poterit
1104 4123 1288 4176 vivere
1328 4124 1654 4193 angelorum
1681 4125 1692 4176 !
1735 4123 2045 4178 Convenia-

451 4230 579 4268 mus
604 4213 676 4265 ad
707 4211 1364 4280 abbatem,etloquamur
1380 4212 1451 4264 ad
1473 4228 1622 4276 eum,
1640 4218 1705 4265 ut
1729 4211 2046 4266 habitemus

453 4303 511 4356 in
542 4301 794 4354 civitate:
824 4299 956 4370 quia
985 4299 1031 4351 si
1065 4299 1160 4369 qui
1190 4316 1293 4353 nos
1321 4299 1435 4353 illic
1453 4300 1712 4368 viderint,
1735 4308 2046 4372 opportune

452 4390 613 4445 nobis
637 4391 799 4460 juxta
829 4388 930 4442 Dei
959 4392 1151 4442 votum
1179 4389 1431 4458 dirigunt
1458 4405 1630 4455 escas,
1654 4395 1822 4460 prout
1845 4391 2048 4462 cuique

2105 1904 2352 1975 exsequi,
2386 1909 2446 1957 et
2471 1907 2670 1956 cuncta
2697 1913 2954 1952 sermone
2995 1893 3200 1948 rustico
3231 1891 3726 1962 comprehendere

2107 2011 2230 2066 quae
2257 2010 2386 2046 cum
2411 2009 2512 2044 suo
2541 1987 2805 2060 prosequi
2831 1985 2996 2039 titulo
3024 1983 3107 2036 fas
3137 1989 3250 2049 est;
3293 1987 3350 2034 et
3382 1996 3484 2052 per
3503 1979 3727 2050 hujus-

2109 2083 2259 2136 modi
2288 2081 2458 2135 libelli
2483 2078 2792 2134 sententias
2835 2091 2897 2129 ac
2931 2073 3284 2145 syllogismos
3308 2070 3457 2125 dulci
3483 2069 3723 2139 eloquio

2111 2188 2356 2238 currere,
2411 2175 2578 2240 prout
2618 2172 2803 2239 potest
2851 2163 3238 2234 unUSquisque
3277 2162 3454 2214 lector
3488 2158 3724 2212 audire.

2112 2263 2427 2316 Redeamus
2447 2259 2518 2313 ad
2549 2257 2806 2312 ordinem
2847 2253 3014 2325 empti
3059 2250 3332 2325 opusculi,
3366 2255 3430 2303 ut
3459 2265 3574 2304 non
3607 2265 3723 2302 no-

2111 2357 2230 2405 stra
2257 2349 2552 2404 videamur
2579 2363 2850 2401 asserere.

2185 2441 2314 2494 CAP.
2339 2441 2406 2493 ν.
2441 2467 2504 2477 -
2529 2437 2722 2506 Pergit
2751 2436 2940 2506 itaque
2962 2433 3212 2504 angelus,
3243 2431 3450 2485 missus
3475 2447 3508 2484 a
3527 2431 3730 2484 Domi-

2113 2547 2185 2583 no
2206 2527 2275 2582 ad
2316 2527 2616 2599 quemdam
2645 2526 2874 2578 divitem
2903 2528 3084 2588 nocte,
3109 2527 3166 2576 et
3179 2521 3442 2575 dicitilli:
3475 2521 3562 2574 Tu
3581 2537 3728 2591 epu-

2114 2618 2248 2672 laris
2269 2618 2327 2671 iu
2349 2616 2556 2670 divitiis
2584 2614 2892 2686 splendide,
2933 2619 2990 2666 et
3018 2611 3162 2666 servi
3189 2611 3301 2665 mei
3320 2611 3379 2664 in
3412 2626 3604 2663 eremo
3637 2610 3729 2663 in-

2115 2707 2310 2775 digent
2341 2721 2514 2776 pane;
2567 2720 2734 2773 surge
2766 2719 2898 2772 ergo
2927 2701 3190 2764 diluculo,
3227 2705 3284 2753 et
3330 2699 3496 2752 mitte
3541 2699 3725 2751 servis

2118 2795 2259 2848 meis
2289 2811 2442 2847 escas
2471 2810 2536 2846 ex
2574 2791 2834 2845 omnibus
2864 2808 2987 2861 qua:
3014 2788 3116 2843 tibi
3149 2788 3296 2854 dedi,
3349 2787 3485 2858 quia
3511 2803 3726 2857 procu-

2121 2890 2364 2937 ratorem
2412 2888 2468 2936 te
2498 2881 2657 2952 posui
2694 2880 2881 2951 gregis
2911 2879 3042 2944 mei,
3074 2878 3169 2949 qui
3194 2883 3250 2930 te
3277 2877 3416 2930 caelo
3473 2876 3728 2930 lactante

2115 2973 2332 3042 jugiter
2350 2971 2501 3042 pavi,
2533 2987 2632 3024 nec
2656 2985 2907 3040 unquam
2953 2967 3162 3021 dimisi.
3217 2967 3304 3021 Ita
3329 2981 3462 3035 ergo
3509 2965 3728 3036 placuit

2122 3060 2262 3114 mihi
2292 3077 2357 3113 ex
2381 3061 2735 3130 eleemosyna
2762 3063 2862 3112 tua
2885 3058 3115 3111 reﬁcere
3135 3071 3410 3126 pauperes
3438 3053 3728 3124 meos,qui

2062 3123 2181 3202 C‘in
2199 3149 2424 3202 deserto
2456 3147 2823 3218 spiritualiter
2848 3147 3054 3210 vivunt,
3090 3151 3214 3198 etse
3243 3143 3379 3197 mihi
3409 3160 3513 3196 suo
3533 3143 3731 3197 Domi-

2123 3255 2195 3292 no
2224 3238 2584 3291 crediderunt
2609 3255 2622 3303 ;
2655 3235 2859 3290 idcirco
2879 3234 3048 3288 facias
3060 3249 3396 3298 sermonem,
3417 3249 3587 3302 quem
3609 3248 3730 3284 mo-

2123 3327 2214 3393 do,
2244 3327 2450 3381 missus
2479 3342 2514 3379 a
2541 3325 2798 3390 Domino,
2825 3324 3024 3394 loquor
3053 3323 3121 3377 ad
3140 3328 3215 3376 te.
3246 3321 3406 3386 Quod
3435 3321 3544 3374 nisi
3572 3321 3727 3374 fece-

2125 3416 2220 3481 ris,
2255 3415 2537 3485 dissipasti
2566 3414 2745 3467 foedus
2761 3413 3054 3483 paciﬁcum
3085 3411 3308 3466 Domini
3325 3411 3426 3466 Dei
3460 3412 3566 3464 tui.

2197 3506 2334 3559 CAP.
2357 3505 2452 3558 VI.
2486 3531 2550 3542 -—-
2581 3505 2654 3557 At
2683 3503 2776 3556 ille
2819 3507 2976 3556 tanto
3015 3507 3231 3555 terrore
3286 3507 3616 3566 conventus,
3657 3518 3726 3556 ex

2127 3594 2222 3648 illo
2247 3610 2442 3647 somno
2464 3591 2893 3663 expergiscitur;
2925 3607 3378 3662 consurgensque
3397 3607 3732 3655 mane,con-

2125 3683 2334 3736 vocatis
2368 3681 2698 3736 necessariis
2727 3681 2940 3746 amicis,
2967 3679 3252 3751 servisque
3281 3684 3472 3746 ειιιθ
3500 3679 3618 3733 suis
3667 3679 3732 3732 ﬁ-

2123 3771 2363 3838 delibus,
2385 3772 2606 3825 locutus
2634 3775 2720 3824 est
2742 3770 2812 3824 ad
2839 3786 2950 3834 eos,
2979 3769 3198 3823 dicens:
3227 3769 3444 3823 Jacenti
3474 3769 3612 3822 mihi
3629 3785 3730 3822 no-

2127 3867 2214 3914 cte
2244 3861 2301 3914 in
2330 3861 2496 3925 lecto,
2525 3859 2812 3930 quidpiam
2835 3859 3050 3930 soporis
3073 3875 3358 3930 ceperam;
3392 3863 3449 3913 et
3470 3875 3598 3912 ecce
3627 3875 3728 3912 su-

2129 3949 2244 4010 bito
2272 3949 2504 4003 nuntius
2525 3949 2720 4013 astitit,
2747 3948 2954 4002 dicens:
2981 3949 3063 4002 En
3087 3953 3149 4002 tu
3170 3947 3414 4019 epularis
3433 3948 3490 4001 in
3515 3947 3727 4002 divitiis

2127 4039 2241 4092 tuis
2271 4038 2578 4108 splendide,
2613 4037 2757 4091 servi
2786 4054 2914 4090 vero
2947 4037 3058 4091 mei
3105 4037 3161 4091 in
3201 4037 3421 4091 deserto
3469 4038 3728 4107 indigent

2129 4127 2384 4198 panibus.
2435 4128 2613 4197 Surge
2630 4143 2762 4196 ergo
2783 4127 3050 4193 diluculo,
3089 4130 3146 4180 et
3175 4127 3336 4180 mitte
3373 4127 3546 4180 servis
3581 4129 3724 4182 meis

2130 4233 2282 4270 escas
2301 4233 2367 4269 ex
2389 4215 2649 4270 omnibus
2673 4233 2796 4287 quae
2816 4215 2942 4270 dedi
2959 4215 3079 4282 tibi,
3092 4215 3224 4287 quia
3235 4221 3654 4286 procuratorem
3667 4224 3724 4271 te

2130 4306 2290 4376 posui
2313 4305 2501 4376 gregis
2522 4305 2650 4359 mei.
2696 4305 2832 4358 Ecce
2864 4305 3086 4359 mittere
3115 4321 3303 4377 quaero
3328 4324 3340 4373 ;
3366 4305 3464 4360 sed
3493 4305 3589 4360 ubi
3609 4323 3726 4361 mo-

2131 4401 2327 4448 rentur
2355 4395 2500 4448 servi
2519 4394 2638 4460 Dei,
2666 4394 2885 4463 ignoro.
2919 4393 3096 4464 Cupio
3126 4400 3469 4465 praeceptum
3489 4395 3724 4467 implere

454 4479 727 4535 Dominus
754 4477 977 4532 dederit
1019 4477 1222 4530 facere.
1274 4477 1417 4532 Illud
1446 4485 1634 4532 autem
1667 4479 1888 4547 scitote,
1921 4480 2114 4550 quiaD
2134 4483 2482 4538 admonitus:
2509 4483 2604 4537 sed
2625 4483 2748 4554 quis
2770 4483 2926 4550 mihi,
2956 4483 3026 4537 ad
3065 4500 3234 4554 quem
3255 4483 3494 4554 dirigam
3517 4485 3721 4551 locum,

454 4585 567 4622 non
590 4567 812 4622 necabit
831 4566 1106 4621 Dominus
1125 4567 1270 4620 fame
1296 4567 1542 4621 animam
1560 4569 1720 4639 justi.
1745 4569 1883 4623 Ecce
1905 4571 2051 4624 oculi

457 4659 872 4730 Dominisupe‘r
887 4657 1153 4711 timentes
1175 4673 1323 4723 eum,
1355 4663 1420 4711 ut
1446 4658 1562 4712 alat
1580 4674 1675 4712 eos
1704 4659 1851 4712 fame
1883 4661 2048 4727 (Psal.

454 4749 656 4817 xxxn).
681 4749 750 4802 Et
779 4747 920 4802 illud
949 4763 1064 4800 non
1085 4747 1475 4800 memoramini
1497 4748 1784 4819 scriptum,
1804 4750 1950 4820 quod
1970 4749 2052 4803 ait

455 4837 758 4907 Apostolus
781 4855 792 4888 :
825 4837 892 4890 In
906 4835 1053 4888 fame
1069 4842 1126 4889 et
1138 4836 1230 4890 siti
1250 4839 1336 4906 (II
1345 4837 1466 4890 Cor.
1485 4848 1558 4904 x1)
1574 4837 1598 4890 ’ἶ
1614 4838 1722 4891 Sed
1744 4837 1894 4891 vobis
1917 4855 2052 4908 quo-

459 4942 568 4996 que
585 4925 642 4978 in
659 4940 848 4977 eremo
873 4941 1163 4994 nunquam
1181 4925 1480 4980 defuerunt
1493 4927 1708 4980 radices
1722 4927 2044 4994 herbarum,

456 5031 559 5068 nec
591 5013 879 5066 mansistis
901 5012 1202 5082 aliquando
1216 5015 1418 5084 jejuni.
1445 5015 1838 5069 Recordamini
1859 5021 2050 5088 autem

457 5105 590 5177 quia
619 5109 784 5156 antea
815 5102 1034 5155 locutus
1063 5117 1185 5156 sum
1217 5102 1396 5158 vobis:
1427 5104 1612 5157 Nolite
1641 5105 1887 5174 cogitare
1917 5105 2048 5175 quid

457 5191 826 5256 manducetis,
860 5195 960 5244 aut
995 5191 1128 5260 quid
1171 5190 1394 5257 bibatis,
1429 5198 1528 5246 aut
1555 5208 1664 5262 quo
1697 5193 2048 5263 cperiamini,

455 5283 572 5336 haec
603 5281 750 5336 enim
776 5281 967 5335 omnia
990 5286 1186 5352 gentes
1207 5279 1403 5334 mundi
1424 5287 1682 5350 quaerunt
1706 5283 1920 5348 (Matth.
1950 5286 2047 5350 νι).

457 5372 624 5426 Novit
659 5371 932 5426 Dominus
961 5370 1146 5424 cibum
1175 5369 1309 5422 dare
1336 5369 1667 5422 timentibus
1697 5387 1774 5424 se.
1809 5371 2051 5434 Quaerite

458 5459 700 5529 primum
732 5476 968 5530 regnum
998 5460 1119 5525 Dei,
1156 5465 1213 5513 et
1225 5458 1504 5528 justitiam
1529 5460 1668 5528 ejus,
1704 5467 1762 5514 et
1787 5461 1904 5515 hac
1926 5479 2049 5516 om-

459 5547 556 5600 nia
577 5547 914 5617 adjicientur
931 5548 1102 5601 vobis.
1128 5547 1185 5602 Si
1211 5547 1360 5601 enim
1381 5538 1653 5602 Dominus
1681 5549 1927 5605 volatilia
1948 5569 2049 5623 pa-

462 5635 584 5695 scit,
617 5640 673 5688 et
706 5651 896 5689 corvos
930 5652 1043 5690 non
1081 5636 1308 5694 deserit.
1348 5636 1628 5708 quomodo
1665 5654 1767 5692 nos
1805 5641 2048 5696 derelin-

2134 4573 2430 4626 ostendet?
2459 4571 2731 4626 Convenit
2759 4588 2848 4626 me
2889 4572 3141 4642 angelus,
3186 4573 3449 4644 praecepit
3469 4578 3526 4627 et
3554 4574 3721 4628 Deus.

2135 4661 2243 4714 Sed
2269 4679 2384 4727 vos,
2408 4661 2502 4732 qui
2533 4661 2781 4714 seniores
2805 4661 3240 4727 estis,ostendite
3256 4662 3457 4716 locum.
3474 4662 3543 4716 Et
3563 4679 3726 4717 nemo

2134 4750 2308 4805 valuit
2363 4751 2446 4804 illi
2503 4750 2750 4804 indicare
2780 4751 2988 4818 locum,
3019 4751 3151 4821 quia
3203 4751 3263 4805 in
3300 4750 3492 4806 abdito
3519 4754 3727 4807 montis

2135 4840 2456 4906 manebant,
2479 4845 2536 4894 et
2557 4857 2719 4894 nemo
2743 4839 2839 4894 ubi
2861 4845 3218 4894 morarentur
3239 4848 3564 4912 agnoverat.

2205 4931 2342 4986 CAP.
2373 4929 2499 4986 VII.
2534 4961 2598 4972 —
2617 4931 2796 5000 Igitur
2817 4931 2993 4985 altera
3009 4936 3170 4985 nocte
3181 4931 3396 4986 duriori
3423 4933 3728 4986 commina-

2133 5019 2286 5074 tione
2307 5020 2933 5091 conventus,plagisque
2953 5020 3238 5074 confossus
3255 5021 3407 5074 dives
3423 5021 3536 5086 ille,
3562 5021 3730 5076 corri-

2134 5109 2287 5179 pitur
2315 5115 2369 5164 et
2399 5114 2652 5179 urgetur,
2688 5115 2750 5163 ut
2780 5109 2952 5162 servis
2977 5109 3078 5163 Dei
3107 5109 3376 5180 dirigeret
3403 5127 3580 5164 escas.
3625 5111 3727 5165 Ite-

2136 5215 2260 5251 rum
2290 5197 2536 5251 diluculo
2567 5215 2926 5269 consurgens,
2943 5197 3270 5270 aprioribus
3286 5199 3483 5253 amicis
3511 5216 3726 5270 quaere—

2134 5287 2230 5340 bat
2257 5287 2572 5352 consilium,
2595 5293 2660 5340 ut
2698 5287 2804 5340 sibi
2825 5287 3092 5353 dicerent,
3125 5293 3226 5342 aut
3249 5293 3399 5342 certe
3412 5288 3484 5342 ab
3496 5289 3623 5343 aliis
3651 5289 3728 5343 in-

2134 5377 2440 5448 quirerent,
2468 5374 2562 5430 ubi
2584 5376 2728 5430 servi
2751 5376 2852 5430 Dei
2873 5381 3248 5430 morarentur.
3285 5377 3486 5431 Aiebat
3508 5395 3725 5449 quoque

2132 5465 2242 5519 ista
2268 5481 2394 5518 cum
2424 5465 2666 5518 maximo
2697 5465 2853 5532 ﬂetu,
2886 5466 3080 5536 plagas
3102 5466 3422 5534 ostendens,
3443 5466 3723 5537 quibusde

2131 5571 2302 5608 manu
2336 5554 2522 5624 angeli
2551 5554 2734 5608 fuerat
2758 5559 2918 5608 nocte
2945 5561 3254 5626 correptus.
3281 5555 3389 5610 Sed
3409 5573 3539 5610 cum
3562 5573 3722 5612 nemo

2131 5649 2322 5715 posset
2341 5644 2521 5697 locum
2538 5643 2900 5698 habitationis
2917 5661 3203 5699 servorum
3220 5645 3320 5698 Dei
3342 5645 3392 5698 ei
3406 5646 3719 5712 ostendere,
