3878 6392
123 363 214 421 441

913 368 1084 425 VITA
1121 370 1379 428 SANC'I‘I
1416 371 1816 454 Ij‘RONTONII
1853 378 2177 435 ABBATIS.
2220 376 2557 435 NOTATIO.

3268 366 3384 424 442

125 508 260 548 unus
287 495 382 565 qui
408 510 522 565 prae
535 493 748 549 caeteris
772 495 1001 565 majoris
1022 500 1145 549 erat
1164 496 1763 568 consilii,responditA
1783 519 1906 557 rere
1920 504 2143 571 herbas,
2163 508 2229 559 ut
2242 500 2562 557 laborantia
2576 496 2844 554 animalia
2857 495 2997 551 escis
3018 493 3274 568 pluribus
3295 509 3380 547 re-

124 588 176 636 et
200 582 307 636 ait:
340 583 398 637 Si
425 582 664 637 volueris
695 583 945 654 accipere
975 584 1269 638 consilium
1316 602 1524 651 meum,
1559 588 1695 641 cha—

123 671 348 738 rissime,
377 672 608 726 forsitan
637 673 745 727 erit
776 673 879 726 hoc
896 672 998 727 tibi
1023 672 1263 727 salubre.
1299 674 1441 728 Sunt
1469 674 1570 729 tibi
1601 692 1692 730 ca-

120 761 239 815 meli
264 760 635 833 septuaginta,
668 779 839 816 onera
864 780 958 817 eos
986 780 1051 816 ex
1072 762 1330 817 omnibus
1366 762 1545 831 bonis,
1567 765 1692 836 qui-

118 850 214 904 bus
237 851 499 921 intelligis
523 852 623 905 Dei
654 851 892 906 famulos
917 868 1077 923 posse
1107 853 1279 919 vesci;
1313 859 1370 907 et
1398 852 1576 924 dirige
1606 871 1694 909 ca-

120 940 280 992 melos
307 956 406 1010 per
435 940 596 1006 viam,
630 941 854 995 nemine
876 941 1131 995 ducente.
1157 942 1227 995 Et
1263 942 1310 995 si
1336 959 1401 995 ex
1433 943 1547 997 Deo
1593 945 1696 999 hoc

118 1029 310 1082 factum
340 1033 425 1082 est
450 1028 770 1103 imperium,
794 1031 1060 1084 animalia
1084 1016 1183 1085 tua
1202 1032 1354 1085 salva
1382 1034 1699 1103 regredien-

119 1122 204 1171 tur
229 1114 296 1171 ad
325 1123 413 1171 te:
448 1117 495 1172 si
534 1135 662 1172 vero
682 1118 781 1173 tibi
812 1137 876 1173 ex
901 1119 1119 1174 diabolo
1148 1122 1373 1193 jactura
1412 1122 1689 1189 imminet,

117 1204 342 1261 libenter
362 1208 541 1261 tolera
568 1208 788 1278 ﬂagella
816 1210 1103 1280 temporis,
1139 1227 1308 1280 quam
1336 1212 1536 1265 acriori
1550 1212 1693 1267 forte

116 1296 249 1349 caede
268 1297 605 1367 corripiaris.
624 1297 785 1361 Quod
808 1299 853 1351 si
868 1298 971 1353 hoc
985 1298 1087 1353 tibi
1104 1300 1396 1354 consilium
1414 1301 1689 1372 displicet,

115 1401 285 1455 quaere
296 1384 467 1440 alium
485 1384 576 1457 qui
595 1384 949 1457 poteritdare
972 1389 1170 1442 melius
1191 1406 1540 1460 responsum.
1565 1391 1693 1445 Haec

114 1472 305 1539 dicens,
338 1471 625 1541 conticuit,
648 1477 741 1530 sed
760 1476 865 1547 ipsi
895 1477 1049 1531 diviti
1077 1483 1132 1532 et
1154 1478 1249 1550 qui
1276 1496 1403 1532 cum
1436 1496 1499 1533 eo
1533 1485 1696 1534 erant

114 1562 482 1632 hujuscemodi
513 1565 808 1619 consilium
838 1566 979 1620 bene
1005 1567 1234 1637 placuit.
1269 1568 1536 1622 Oneravit
1559 1585 1692 1639 ergo

1781 591 2106 650 licerentur.

1853 680 1980 735 CAP.
2011 684 2106 737 IX.
2142 709 2202 721 —
2234 681 2398 736 Mane
2428 684 2618 733 autem
2661 679 2825 743 facto,
2868 676 3040 731 abbas
3085 674 3377 729 consilium

1778 770 1915 826 utile
1945 770 2175 841 eligens,
2202 773 2256 825 et
2279 767 2570 824 avaritiam
2593 767 2818 822 omnino
2839 781 3127 837 spernens,
3161 762 3379 817 medie-

1777 867 1953 917 tatem
1975 861 2217 932 sumpsit
2233 875 2509 925 escarum,
2534 858 2703 913 aliam
2721 874 2850 911 vero
2866 861 3084 928 partem
3100 853 3375 917 dividens,

1778 968 1947 1022 super
1976 951 2219 1004 camelos
2247 965 2459 1014 omnes,
2486 964 2555 1001 ne
2578 946 2675 1001 alii
2694 947 3020 1000 viderentur
3035 948 3281 1015 portare,
3317 944 3375 995 et

1778 1041 1940 1094 ﬁeret
1967 1040 2092 1094 aliis
2120 1038 2347 1109 injuria,
2373 1036 2633 1091 omnibus
2651 1036 2898 1089 medium
2927 1032 3197 1104 imposuit
3210 1047 3374 1095 onus,

1776 1130 1928 1183 velut
1956 1128 2206 1198 eulogias
2230 1126 2304 1196 (8)
2328 1142 2595 1181 revocans
2617 1124 2856 1180 Domino
2878 1139 3089 1187 rerum,
3110 1126 3176 1175 ut
3203 1119 3378 1183 avari-

1775 1219 1869 1272 tiae
1898 1220 2078 1287 legem
2111 1216 2409 1281 scinderet,
2444 1220 2502 1269 et
2532 1213 2889 1268 medietatem
2919 1207 3221 1266 oblationis
3245 1225 3375 1280 pro-

1773 1307 1896 1380 prio
1940 1307 2169 1361 domino
2220 1306 2559 1360 camelorum
2602 1302 2952 1357 reddidisset.
2984 1301 3154 1355 Erant
3202 1298 3377 1368 igitur

1776 1397 2083 1468 supradicti
2102 1395 2267 1450 amici
2278 1412 2404 1449 cum
2417 1394 2643 1448 domino
2656 1388 3377 1454 camelorum,consolantes

1777 1502 1907 1541 eum
1958 1486 2027 1540 de
2072 1485 2401 1539 animalium
2446 1470 2735 1539 tantorum
2788 1479 3053 1552 periculo,
3100 1477 3378 1546 simulque

1775 1575 2080 1630 Dominum
2109 1575 2493 1646 deprecantes,
2521 1590 2592 1627 ne
2623 1572 2900 1626 accideret
2926 1566 3211 1623 innocenti
3257 1564 3375 1618 viro

112 1652 387 1722 sexaginta
412 1654 659 1726 quinque
689 1655 931 1709 camelos
960 1655 1030 1724 (3)
1062 1672 1127 1710 ex
1156 1656 1243 1710 his
1273 1674 1395 1727 quae
1418 1658 1560 1711 servi
1589 1658 1690 1712 Dei
1773 1669 1934 1720 tanta
1957 1666 2203 1735 jactura.
2239 1664 2447 1718 Octava
2476 1667 2665 1717 autem
2694 1661 2802 1725 die,
2829 1676 2957 1713 cum
2973 1661 3163 1711 essent
3181 1670 3377 1709 omnes

111 1742 382 1800 comedere
408 1750 672 1816 possent;
698 1745 946 1817 quinque
965 1762 1095 1799 vero
1111 1747 1451 1801 camelorum
1481 1746 1691 1801 cibaria
1772 1754 1832 1809 in
1860 1771 2034 1809 unum
2075 1754 2308 1819 collecti,
2337 1753 2540 1823 jejuni;
2574 1767 2720 1805 unus
2749 1750 2843 1823 qui
2871 1750 3017 1803 leves
3048 1764 3112 1801 ac
3125 1742 3376 1800 tinnulas

112 1830 241 1885 facta
279 1832 565 1904 ίιηροευίῐ,
616 1849 799 1887 escam
857 1840 1186 1888 ουηοῐοιύηὶ
1239 1835 1586 1902 animalium.
1631 1824 1941 1899 inBaures
1971 1843 2232 1910 habebat,
2278 1859 2377 1913 per
2405 1841 2637 1896 ﬂamina
2684 1845 2979 1894 ventorum
3027 1835 3375 1908 campanulze

112 1922 335 1975 maximo
365 1921 558 1976 dolore
603 1922 828 1976 dicens:
877 1922 932 1978 Si
978 1924 1103 1994 quis
1152 1923 1427 1979 invenerit
1469 1942 1581 1991 eos,
1637 1931 1693 1979 et

111 2026 286 2064 eorum
317 2012 639 2082 exposuerit
663 2028 852 2077 onera,
887 2012 1016 2066 visis
1065 2012 1289 2067 cibariis
1337 2014 1694 2069 miserebitur

110 2099 196 2165 eis,
226 2106 281 2154 et
301 2100 457 2154 dabit
488 2101 569 2154 eis
598 2102 959 2155 manducare.
1011 2102 1078 2156 Et
1123 2119 1251 2156 cum
1296 2102 1511 2173 ingenti
1558 2104 1694 2159 ﬂetu

108 2204 207 2243 uno
233 2190 422 2244 ordine
454 2191 745 2245 innectens
770 2191 1027 2257 chordas,
1048 2192 1251 2246 direxit
1279 2209 1374 2246 eos
1396 2210 1496 2263 per
1522 2194 1691 2261 viam,

112 2279 491 2333 commendans
530 2280 786 2345 Domino,
822 2284 887 2333 ut
913 2280 959 2333 si
977 2298 1042 2334 ex
1060 2281 1175 2335 Deo
1200 2287 1348 2335 esset
1366 2282 1688 2353 imperium,

110 2376 406 2423 remearent
434 2368 696 2423 celeriter
715 2386 844 2423 cum
876 2370 1077 2424 salute.
1094 2370 1294 2426 Nullus
1308 2388 1435 2425 vero
1457 2372 1693 2427 ducator

112 2456 181 2527 (4)
206 2474 325 2512 cum
356 2457 694 2512 animalibus
724 2457 876 2514 abiit.

173 2547 294 2603 CAP.
326 2548 475 2602 VIII.
502 2578 570 2588 —
590 2548 659 2601 Et
687 2548 911 2619 quando
936 2550 1146 2619 egressi
1176 2555 1308 2604 sunt
1330 2552 1585 2621 januam,
1611 2552 1692 2605 di-

114 2634 247 2689 misit
267 2637 517 2691 servulus
547 2638 790 2707 primum
820 2639 1115 2703 camelum,
1146 2641 1306 2709 cujus
1336 2640 1588 2695 ducalem
1619 2640 1687 2710 (5)

115 2724 334 2789 tenebat,
373 2742 541 2797 quem
571 2726 755 2779 caeteri
785 2727 1182 2797 sequebantur,
1222 2735 1279 2782 et
1307 2728 1566 2784 abierunt
1596 2748 1694 2802 per

117 2813 245 2867 viam
269 2815 429 2885 juxta
457 2815 816 2886 praecinctum
843 2816 1048 2870 montis
1081 2816 1171 2886 (6),
1202 2825 1399 2872 euntes
1430 2820 1552 2873 soli.
1581 2821 1689 2875 Sed

114 2904 280 2957 nescio
301 2920 371 2958 an
397 2905 502 2958 soli
533 2905 730 2959 cameli
760 2922 993 2976 pergere
1016 2912 1296 2977 poterant,
1337 2909 1433 2962 sed
1462 2910 1688 2963 Domini

113 2993 294 3047 nuntio
317 2999 623 3065 praeeunte,
646 2994 790 3048 viam
812 2995 1084 3049 directam
1113 2997 1199 3059 (ut
1228 2997 1573 3052 intellectum
1605 3004 1691 3053 est

111 3084 300 3151 postea)
328 3082 593 3138 abierunt
618 3088 675 3137 et
693 3089 894 3155 quarto
915 3085 1005 3138 die
1036 3085 1286 3140 confecto
1316 3087 1533 3153 itinere,
1554 3088 1692 3143 hora

1774 1934 1999 2005 rapiens
2027 1933 2296 1999 sonitum,
2340 1931 2631 2003 paululum
2680 1929 2942 1995 reticuit;
2997 1932 3056 1981 et
3099 1944 3227 1981 cum
3272 1926 3374 1979 be-

1774 2040 1845 2077 ne
1889 2023 2118 2077 tandem
2169 2026 2462 2075 sonantem
2512 2018 3028 2090 comprehenderet,
3077 2017 3193 2070 ait:
3230 2016 3374 2069 Puto

1776 2113 1923 2183 quod
1980 2128 2045 2165 ex
2101 2111 2399 2165 altitudine
2450 2109 2725 2164 montium
2792 2123 3074 2178 campanae
3123 2104 3375 2159 sonantis

1778 2206 1965 2255 motus
1994 2201 2242 2255 auditur.
2275 2201 2430 2254 Tunc
2461 2216 2655 2253 omnes
2693 2198 2902 2268 egressi
2946 2200 3244 2249 senserunt
3280 2211 3373 2248 ca-

1777 2292 2050 2344 melorum
2109 2290 2418 2355 adventus;
2467 2287 2804 2358 gratulando
2852 2285 3125 2339 mirabilis
3174 2282 3376 2338 accidit

1774 2379 1986 2444 laetitia,
2037 2378 2276 2433 fecunda
2316 2394 2447 2431 vero
2500 2378 2571 2431 de
2622 2377 3001 2431 consolatione
3058 2374 3181 2427 viri.
3229 2374 3375 2428 Nam

1774 2469 1871 2541 qui
1901 2468 2165 2522 defuncta
2194 2466 2461 2521 animalia
2481 2470 2580 2521 aut
2597 2465 2817 2536 perdita
2829 2465 2947 2534 jam
2968 2462 3215 2532 lugebat,
3234 2478 3377 2531 gau-

1774 2558 1912 2611 dens
1943 2558 2011 2609 de
2033 2556 2272 2626 receptis
2294 2554 2630 2608 animalibus
2655 2559 2775 2619 πιι
2794 2559 2829 2618 1
2860 2552 3181 2608 lzetabatur.
3204 2551 3377 2606 Vene-

1773 2652 1909 2700 runt
1938 2663 2131 2699 omnes
2158 2644 2337 2709 illtesi,
2379 2660 2493 2697 non
2532 2642 2722 2696 tristes
2761 2643 2937 2707 vultu,
2990 2658 3094 2695 nec
3140 2640 3375 2694 maciem

1774 2735 2123 2790 necessitatis
2152 2733 2442 2788 habentes.
2487 2732 2745 2802 Suscepit
2786 2748 2918 2800 ergo
2954 2731 3199 2784 camelos
3246 2746 3377 2783 suos

1776 2825 1945 2878 homo
1974 2824 2086 2888 ille,
2116 2840 2244 2877 eum
2266 2838 2473 2891 magna
2500 2822 2812 2892 gratiarum
2843 2820 3062 2874 actione
3087 2839 3098 2873 :
3143 2825 3202 2873 et
3248 2819 3378 2873 visis

1755 2912 2057 2978 ~oneribus,
2092 2913 2270 2966 multo
2299 2911 2541 2982 amplius
2568 2915 2873 2975 recreatus,
2915 2909 3175 2963 exsultat.
3221 2908 3377 2962 Tunc

1772 3007 1829 3056 et
1855 3002 1978 3055 illos
2008 3002 2236 3065 amicos,
2270 3006 2327 3054 et
2346 3016 2622 3072 pauperes
2640 3000 2849 3070 plures,
2866 2999 2936 3052 ad
2957 2997 3255 3069 prandium
3277 3012 3375 3050 no-

1772 3090 1881 3144 bile
1909 3096 2089 3155 vocat,
2125 3090 2461 3159 easdemque
2491 3088 2744 3157 eulogias
2771 3086 3151 3156 indigentibus
3192 3084 3378 3139 distri—

112 3186 245 3225 nona
261 3172 553 3242 agentibus
572 3189 711 3244 opus
736 3173 836 3227 Dei
858 3173 1145 3241 fratribus,
1171 3176 1315 3229 sicut
1337 3176 1564 3247 quidam
1595 3194 1690 3248 po-
1711 3187 1753 3246 C
1772 3180 1897 3234 buit
1925 3195 2063 3250 quas
2091 3184 2405 3249 acceperat.
2444 3176 2555 3231 Sed
2586 3182 2642 3230 et
2680 3176 2875 3229 amicis
2907 3175 2999 3246 qui
3032 3175 3269 3227 aderant
3305 3190 3369 3227 ex

112 3265 218 3313 stea
246 3262 433 3316 retulit
462 3262 641 3328 nobis,
678 3278 803 3316 ecce
829 3263 1045 3333 primus
1066 3268 1197 3319 ante
1228 3265 1373 3319 fores
1402 3265 1691 3321 accubavit

112 3350 367 3404 camelus:
402 3352 501 3405 sed
534 3368 817 3422 campanae
848 3353 1093 3407 sonitum
1127 3352 1202 3423 (7)
1234 3354 1429 3409 audire
1461 3372 1570 3409 non
1586 3373 1688 3427 po-

110 3440 207 3493 tuit
232 3447 584 3513 perstrepens
632 3458 802 3496 sonus
842 3443 1203 3513 hymnorum.
1235 3443 1421 3498 Abbas
1469 3450 1661 3499 tamen

112 3530 353 3599 quoniam
382 3547 557 3602 prope
576 3529 781 3585 ostium
813 3542 953 3595 erat,
986 3532 1104 3602 ipse
1133 3532 1286 3602 prior
1311 3533 1467 3598 vidit,
1493 3538 1550 3586 et
1582 3550 1684 3602 ga-

110 3618 244 3672 visus
272 3624 355 3674 est
378 3620 561 3674 valde.
582 3622 868 3690 Angustus
889 3621 1037 3674 enim
1055 3627 1176 3675 erat
1206 3621 1467 3675 introitus
1493 3639 1684 3676 mona-

111 3708 265 3773 sterii,
298 3716 353 3763 et
372 3710 525 3763 solus
552 3708 723 3763 abbas
750 3709 897 3763 fores
926 3727 1027 3764 suo
1058 3715 1208 3764 statu
1238 3711 1551 3773 claudebat,
1576 3729 1684 3766 ca)-

111 3797 334 3869 terisque
350 3799 696 3870 interpositis
709 3799 974 3867 fratribus
985 3800 1179 3865 tacuit,
1195 3799 1334 3853 nihil
1348 3801 1689 3871 respondens

114 3885 269 3941 donec
294 3888 485 3960 hymni
515 3888 952 3958 complerentur.
984 3890 1139 3944 Tunc
1159 3890 1437 3960 completo
1458 3890 1692 3961 hymno-

116 3991 225 4029 rum
250 3977 439 4031 ordine
467 3977 750 4031 advocatis
781 3976 1065 4042 fratribus,
1102 3994 1243 4048 pcne
1281 3978 1683 4049 improperans,

114 4064 184 4118 ait
205 4084 216 4117 :
245 4066 345 4119 Ubi
364 4073 497 4121 sunt
512 4066 991 4121 murmurationes
1004 4074 1199 4121 vestra;
1222 4068 1245 4119 ?
1272 4068 1407 4121 Ecce
1419 4068 1691 4122 Dominus

114 4151 426 4228 improperio
455 4156 586 4211 forti
616 4156 777 4210 nobis
808 4174 961 4211 escas
984 4156 1053 4210 ab
1071 4158 1184 4211 alto
1204 4157 1375 4223 misit,
1404 4158 1494 4212 cui
1519 4158 1694 4212 voluit

112 4241 213 4295 viro
248 4246 504 4315 prudenti
536 4246 820 4316 imperans
850 4246 1085 4300 adduxit
1104 4246 1264 4299 nobis
1294 4248 1537 4300 camelos
1557 4264 1691 4301 onu-

112 4334 228 4386 stos.
278 4334 495 4395 Venite,
545 4335 892 4405 deponamus
940 4352 1129 4402 onera,
1184 4341 1248 4389 ut
1284 4336 1501 4407 possint
1542 4337 1693 4390 refici

112 4420 353 4477 animalia
382 4424 550 4478 lassa.
585 4425 741 4478 Tunc
771 4440 965 4478 omnes
998 4425 1143 4479 mira
1161 4426 1689 4495 gratulationelazti,

1772 3269 1852 3322 eis
1876 3269 2112 3338 largitus
2143 3273 2225 3321 est
2251 3286 2263 3333 ;
2297 3272 2353 3320 et
2385 3267 2502 3337 ipse
2528 3281 2749 3337 quoque
2774 3263 3218 3317 benedictionem
3244 3278 3369 3316 san-

1771 3363 1872 3412 cta:
1892 3356 2264 3427 jucunditatis
2293 3355 2587 3426 accipiens,
2620 3352 2903 3425 gaudebat
2932 3353 2989 3406 in
3014 3351 3253 3406 Domino

1844 3447 1977 3501 CAP.
2014 3447 2082 3500 X.
2109 3476 2173 3487 -—
2198 3445 2273 3499 Ex
2300 3445 2393 3497 illo
2432 3444 2606 3515 igitur
2633 3459 2799 3508 anno,
2833 3458 3010 3512 usque
3042 3441 3097 3494 in
3130 3445 3370 3494 mortem

1772 3535 2080 3601 Frontonii,
2112 3535 2190 3588 sic
2210 3534 2362 3587 dives
2384 3534 2477 3586 ille
2506 3537 2697 3586 notato
2718 3537 2989 3602 tempore,
3019 3530 3241 3601 quando
3264 3529 3376 3600 pri-

1772 3642 1928 3678 mum
1959 3624 2208 3683 miserat,
2235 3640 2389 3677 escas
2417 3622 2759 3676 necessarias
2790 3620 2923 3691 ipsis
2969 3619 3282 3689 dirigebat;
3316 3624 3373 3672 et

1772 3715 1898 3767 aliis
1915 3714 1994 3767 sic
2015 3711 2277 3767 divitibus
2298 3711 2567 3766 Dominus
2591 3709 2920 3781 imperabat,
2946 3714 3092 3783 utrex
3112 3707 3373 3760 omnibus

1773 3802 2011 3874 dapibus
2030 3801 2413 3871 irrigati,nihil
2431 3800 2531 3854 Dei
2553 3799 2694 3853 servi
2709 3816 2835 3852 cum
2857 3803 3048 3851 sancto
3065 3795 3368 3851 Frontonio

1773 3892 1960 3946 minus
1988 3890 2279 3945 haberent.
2304 3888 2627 3959 Vigilabant
2648 3888 2704 3941 in
2726 3886 2984 3958 operibus
3000 3886 3100 3940 Dei
3122 3885 3221 3938 filii
3241 3901 3370 3938 cum

1773 3982 1958 4047 Patre,
1994 3978 2490 4052 spiritualibusque
2518 3994 2612 4031 eos
2642 3977 2949 4030 admonens
2979 3974 3232 4046 dapibus,
3266 3973 3372 4029 im-

1774 4069 1964 4141 plebat
1984 4069 2231 4140 quotidie
2254 4084 2513 4121 sermone
2533 4067 2741 4120 caelesti
2762 4085 2774 4131 ;
2809 4066 3204 4135 exsultansque
3228 4064 3376 4120 [teta-

1776 4159 1941 4214 batur
1968 4159 2026 4212 in
2056 4158 2313 4224 Domino,
2331 4158 2425 4228 qui
2442 4156 2546 4210 sibi
2567 4157 2737 4210 talem
2759 4155 3371 4219 dederatintellertum,

1774 4254 1839 4303 ut
1865 4249 1989 4302 avia
2013 4247 2331 4302 solitudinis
2368 4247 2490 4300 loca
2514 4246 2685 4315 digna
2708 4245 3015 4316 quaesisset.

1846 4339 1978 4392 ΟΑΡ.
2012 4338 2108 4392 ΧΙ.
2143 4365 2205 4375 -ν
2235 4337 2557 4406 Legendum
2589 4336 2691 4389 hoc
2709 4335 2933 4401 tradite,
2968 4335 3277 4389 multorum
3306 4333 3377 4387 ad

1775 4427 2204 4481 aedificationem
2226 4426 2649 4480 monachorum.
2674 4425 2773 4478 Ille
2789 4425 2938 4477 enim
2956 4424 3135 4494 magis
3147 4424 3255 4477 erit
3265 4440 3377 4477 me-

113 4513 459 4566 communiter
485 4513 802 4584 gratiarum
831 4514 1109 4567 actionem
1142 4514 1259 4569 Deo
1304 4515 1688 4577 reddiderunt,
1711 4511 1758 4570 D
1776 4517 1883 4570 lior
1911 4517 1971 4569 in
1999 4521 2298 4586 conspectu
2318 4514 2567 4579 Dei,non
2588 4514 2904 4584 quicunque
2924 4512 3141 4583 legerit,
3164 4512 3261 4565 sed
3280 4512 3376 4582 qui

114 4603 162 4651 et
192 4602 492 4669 gaudentes
524 4602 880 4673 deponebant
914 4620 1087 4657 onera
1116 4604 1477 4658 camelorum.
1515 4605 1697 4675 Supra

113 4688 336 4759 quinque
362 4708 491 4745 vero
516 4693 778 4757 camelos,
810 4692 1074 4746 reseratis
1103 4692 1574 4757 sarcinis,cibaria
1595 4710 1692 4747 re-

114 4785 376 4843 pererunt.
390 4780 697 4836 Abluentes
709 4781 1223 4850 igituranimalium
1235 4782 1500 4853 pedes,de
1514 4788 1695 4837 strata

115 4879 286 4921 eortun
316 4870 566 4924 fecerunt
593 4871 898 4943 praesepia;
934 4876 991 4925 et
1019 4876 1402 4942 apposuerunt
1414 4872 1492 4925 eis
1515 4889 1688 4939 escas,

120 4968 241 5021 quas
259 4957 360 5028 ipsi
385 4959 491 5013 sibi
508 4966 1183 5031 apportaverant,necnon
1203 4966 1260 5015 et
1279 4961 1385 5032 ipsi
1399 4960 1571 5014 etiam
1586 4961 1696 5015 dis-

116 5045 393 5102 currebant
414 5066 515 5120 per
542 5066 735 5105 omnes
758 5050 963 5106 montis
987 5051 1291 5115 anfractus,
1317 5056 1478 5105 notas
1514 5050 1694 5121 inqui-

1777 4606 2056 4659 credendo
2086 4604 2187 4658 Dei
2220 4603 2396 4657 servis
2417 4603 2497 4656 sic
2528 4602 2739 4655 fecerit.
2764 4602 3076 4655 Mercedem
3107 4605 3297 4654 autem
3345 4617 3380 4654 a

1778 4694 2000 4748 Christo
2030 4694 2163 4747 Jesu
2190 4693 2431 4746 Domino
2463 4696 2654 4744 nostro
2684 4690 2934 4761 recipiet,
2961 4690 3055 4761 qui
3074 4690 3379 4761 eleemosy-

1778 4799 1908 4837 nam
1928 4797 2238 4853 pauperum
2254 4766 2366 4835 non
2397 4779 2729 4850 despexerit,
2760 4786 2817 4833 et
2845 4796 3032 4832 servos
3052 4779 3377 4833 Deidirecto

1776 4872 1941 4926 corde
1972 4870 2210 4924 intuitus
2250 4868 2435 4934 fuerit,
2472 4869 2529 4922 in
2560 4868 2740 4937 gloria
2775 4868 2999 4922 Domini
3029 4869 3208 4922 nostri
3246 4869 3379 4923 Jesu

1780 4961 2009 5025 Christi,
2036 4960 2125 5013 cui
2149 4964 2230 5012 est
2256 4959 2437 5012 honor
2454 4963 2510 5011 et
2523 4958 2704 5027 gloria
2725 4958 2781 5011 in
2804 4959 3007 5013 saecula
3028 4959 3377 5013 saeculorum.

1776 5051 1977 5103 Amen.
2009 5049 2137 5102 Hme
2164 5047 2267 5101 sub
2286 5046 2571 5100 Antonino
2594 5046 2666 5113 (9)
2694 5048 3035 5118 imperatore
3048 5053 3209 5117 gesta
3221 5052 3374 5112 sunt,

1775 5138 2162 5193 tertiodecimo
2188 5152 2335 5190 anno
2364 5135 2586 5206 imperii
2617 5136 2760 5206 ejus.

1358 5257 1743 5313 ROSWEYDI
1778 5256 2116 5311 NOTATIO.

177 5349 248 5416 (l)
261 5352 586 5427 Frontina?
603 5355 743 5409 Aliis
755 5358 954 5409 Fronto
969 5356 1191 5410 dicitur.
1216 5356 1617 5427 Martyrologiu
1627 5373 1681 5409 m

96 5417 429 5499 (Romanum,
461 5425 530 5499 14
559 5417 766 5499 Aprilis
788 5445 802 5499 ηε
840 5446 865 5477 ‹‹
896 5428 1243 5482 Alexandria:
1264 5417 1685 5481 sanctiFronto-

120 5491 193 5564 gis
201 5491 428 5564 abbatis,
444 5491 737 5564 cujus'vita
755 5494 1050 5553 sanctitate
1063 5504 1117 5552 et
1131 5498 1414 5552 miraculis
1425 5499 1641 5552 claruit.
1658 5519 1679 5548 ι

118 5557 303 5646 Eadem
324 5557 467 5646 apud
500 5557 918 5646 Usuai'dum_et
961 5570 1231 5646 Adonem.
1272 5570 1444 5646 Addit
1496 5570 1683 5624 Beda:

124 5631 250 5709 {Qui
268 5631 621 5709 septuaginta
630 5640 805 5694 ferme
820 5641 990 5695 Pater
1001 5641 1215 5695 exstitit
1226 5642 1683 5695 monachorum.»

122 5698 397 5762 Rhabanus
416 5698 767 5766 etvNotkerus
786 5712 965 5766 fusius
977 5712 1267 5783 aliquanto
1288 5727 1407 5765 rem
1432 5716 1686 5775 narrant,

1768 5371 1834 5409 ex
1848 5354 1952 5408 hoc
1977 5355 2117 5419 loco,
2141 5358 2205 5408 ut
2229 5357 2482 5424 apparet,
2516 5352 2927 5424 depromptam.
2944 5348 3129 5424 Miror
3146 5346 3295 5401 unde
3316 5346 3376 5399 in

1771 5426 2021 5479 Florario
2044 5419 2378 5480 Sanctorum
2413 5419 2792 5492 manuscripto
2820 5439 2829 5472 :
2870 5440 2895 5470 ((
2933 5419 3087 5474 Obiit
3110 5434 3257 5473 anno
3287 5434 3379 5471 sa-

1767 5497 1901 5550 lutis
1938 5496 2057 5552 174.
2092 5516 2118 5548 η
2155 5498 2234 5551 De
2266 5497 2369 5550 hoc
2402 5496 2602 5549 Petrus
2654 5493 2711 5546 in
2754 5493 3008 5552 catalogo
3058 5495 3381 5543 sanctorum

1768 5567 1910 5621 libro
1942 5568 2383 5639 x1,cap.ultimo,
2415 5583 2568 5621 num.
2593 5562 3032 5639 120._C_avendus
3061 5562 3250 5632 lapsus
3278 5562 3382 5615 Pe-

1770 5639 1866 5703 tri,
1902 5638 1997 5693 lib.
2026 5634 2110 5703 Ix,
2135 5657 2257 5709 cap.
2291 5640 2415 5705 109,
2446 5643 2502 5691 ct
2524 5634 2890 5709 Antonini,in_
2904 5634 3135 5709 Chron._,
3163 5638 3376 5709 partel,

1770 5709 1867 5767 tit.
1894 5724 1965 5773 vt,
2000 5727 2121 5781 cap.
2140 5705 2228 5773 26‘,
2254 5710 2356 5781 θοι,
2384 5710 2480 5781 qui
2496 5706 2847 5761 confundunt
2865 5707 3004 5759 Acta
3022 5705 3376 5774 hujusFron-
