3878 6406
432 399 540 458 447

1438 405 1532 459 DE
1568 404 1758 460 VITIS
1796 403 2098 460 PATRUM
2135 403 2349 459 LIBER
2385 401 2674 458 PRIMUS.

3604 403 3708 459 448

435 527 539 583 tim
573 526 751 581 edicto
771 526 954 579 sanxit
972 529 1038 579 ut
1051 525 1360 582 Christiani
1389 544 1582 582 omnes
1608 530 1876 600 pietatem
1905 530 2078 598 eju-A
2108 527 2308 592 fecisti,
2341 544 2405 581 ac
2434 544 2544 582 non
2575 528 2742 581 modo
2773 527 2916 580 mete
2959 527 3217 580 amicitiae
3263 527 3605 581 memoriam
3645 543 3708 581 ex

434 632 562 670 rare
590 616 1034 685 cogerentur.Ac
1048 615 1311 685 deinceps
1340 632 1482 670 nova
1511 618 1912 688 suppliciorum
1933 633 2026 686 ge-

433 720 570 758 nera
582 701 1128 770 comminiscebatur,
1147 709 1314 772 atque
1327 703 1594 758 inusitata
1612 706 1806 759 mortis
1817 720 2028 774 genera

433 791 773 858 minabatur;
790 791 1117 861 litterasque
1142 791 1210 844 ad
1223 809 1416 846 omnes
1433 793 1674 862 regionis
1689 794 1886 847 ditioni
1911 810 2026 847 sua:

431 880 694 951 subjectae
725 886 913 952 partes
933 880 1212 946 mittebat,
1237 881 1436 952 quibus
1468 888 1526 936 et
1554 883 1826 953 praefectis
1855 890 1912 936 et
1931 884 2032 937 du-

431 969 585 1024 cibus
613 967 929 1040 imperabat
959 973 1022 1023 ut
1041 967 1338 1024 tormentis
1367 977 1535 1041 atque
1556 969 1764 1043 iniquis
1787 973 2030 1026 caedibus

431 1057 490 1112 in
515 1057 772 1112 homines
792 1060 1001 1130 pietate
1016 1059 1276 1130 praeditos
1288 1061 2029 1129 grassarenturPrzesertim

427 1152 620 1202 autem
649 1147 708 1201 in
732 1149 1227 1219 praestantissimos
1249 1165 1499 1220 quosque
1512 1151 1804 1204 monastici
1819 1152 2029 1205 ordinis

433 1237 893 1303 excandescebat,
921 1241 1088 1308 atque
1116 1231 1469 1308 implacabile
1484 1235 1778 1294 adversum
1811 1257 1904 1294 eos
1921 1240 2032 1294 bel-

431 1318 552 1381 lum
575 1322 870 1380 excitabat.
895 1325 978 1380 Ob
1009 1342 1243 1398 eamque
1260 1343 1486 1381 causam
1513 1328 1762 1399 priorum
1781 1330 2030 1400 plerique

436 1415 627 1468 animo
656 1413 993 1468 vacillabant
1024 1433 1034 1468 :
1068 1415 1162 1469 alii
1189 1421 1402 1482 autem,
1439 1417 1571 1487 quia
1599 1419 1936 1473 cruciatibus
1956 1419 2030 1472 fe-

435 1503 628 1557 rendis
678 1503 922 1574 impares
967 1509 1147 1569 erant,
1175 1505 1387 1558 netario
1415 1505 1590 1576 ipsius
1617 1507 1851 1577 imperio
1876 1524 2032 1578 pare-

439 1591 596 1646 bant.
631 1593 705 1647 At
727 1609 859 1646 vero
885 1593 1204 1647 monastica‘
1227 1594 1421 1647 classis
1445 1595 1612 1648 duces
1633 1597 2031 1666 atqueantisti-

433 1686 539 1748 tes,
572 1681 776 1752 partim
804 1681 976 1752 ipsius
1003 1682 1354 1752 iniquitatem
1385 1691 1754 1754 coarguentes
1785 1702 1848 1739 ac
1877 1686 2031 1739 refu-

2107 616 2295 669 animo
2317 617 2509 686 procul
2538 617 2773 686 ejecisti,
2796 632 2992 670 verum
3023 616 3192 670 etiam
3223 616 3496 670 adversus
3528 617 3708 687 ipsam

2109 710 2370 758 naturam
2389 705 2663 775 impetum
2685 705 2885 770 fecisti,
2903 721 2966 758 ac
2983 721 3051 758 ne
3071 711 3298 759 tuorum
3316 705 3549 776 quidem
3575 706 3714 758 filio-

2112 810 2238 846 rum
2259 793 2618 847 miseratione
2645 794 2896 858 atl'ectus,
2920 801 3040 848 tum
3066 810 3217 864 opes,
3237 800 3357 847 tum
3381 810 3611 847 omnem
3642 793 3708 846 vi-

2111 887 2181 935 tae
2211 882 2565 952 splendorem
2595 899 2697 954 pro
2727 882 2902 936 nihilo
2934 882 3165 953 putasti,
3193 889 3527 952 tantamque
3557 882 3711 951 igno-

2112 970 2344 1024 miniam
2378 977 2492 1024 tam
2530 971 2813 1026 luculenta
2833 972 3014 1042 gloria
3042 971 3316 1042 potiorem
3347 977 3406 1024 et
3425 971 3713 1042 praastabi-

2110 1059 2309 1113 liorem
2333 1060 2616 1114 habuisti?
2637 1061 2917 1124 Quidnam
2937 1066 2994 1114 te
3021 1060 3091 1113 ad
3113 1061 3217 1114 hoc
3252 1060 3500 1131 impulit,
3531 1062 3716 1130 cujus-

2112 1165 2240 1202 nam
2271 1149 2408 1202 lucri
2441 1166 2587 1220 spes,
2610 1155 2674 1204 ut
2703 1166 2832 1204 eum
2861 1149 2957 1220 qui
2984 1150 3144 1204 Jesus
3181 1149 3514 1203 nominatur
3537 1149 3716 1204 omni-

2111 1235 2215 1291 bus
2247 1237 2352 1292 diis
2396 1245 2565 1308 atque
2615 1237 2936 1292 hominibus
2984 1244 3379 1309 anteponeres,
3413 1238 3486 1291 ad
3511 1238 3715 1291 duram

2112 1328 2255 1381 hanc
2299 1332 2357 1380 et
2403 1328 2850 1398 superstitiosam
2880 1330 3010 1382 vita:
3054 1328 3333 1381 rationem
3362 1328 3715 1382 suavissima:

2113 1416 2344 1486 hujusce
2374 1417 2498 1472 vitae
2527 1417 2952 1471 oblectamentis
2983 1416 3329 1470 anteferres?

2185 1506 2304 1559 Hac
2325 1506 2576 1560 oratione
2605 1506 2815 1571 audita,
2851 1506 2933 1559 vir
2959 1506 3056 1559 ille
3087 1506 3208 1572 Dei,
3235 1505 3423 1576 lepida
3446 1505 3620 1559 simul
3649 1522 3712 1559 ac

2113 1595 2350 1665 placida,
2371 1601 2428 1648 et
2456 1594 2713 1665 aequabili
2735 1612 2863 1648 voce
2887 1595 2961 1648 ad
2977 1595 3125 1648 hunc
3141 1595 3376 1648 modum
3389 1594 3714 1665 respondit:

2115 1683 2172 1736 Si
2201 1700 2487 1737 sermones
2515 1700 2734 1738 mecum
2759 1700 3051 1737 conserere
3071 1684 3128 1736 in
3147 1683 3401 1736 animum.
3428 1683 3667 1744 inducis,
3689 1699 3718 1736 ο

434 1773 642 1835 tantes,
679 1770 948 1841 martyrio
977 1771 1148 1824 vitam
1177 1771 1463 1837 finiebant,
1505 1781 1674 1844 atque
1709 1774 1779 1827 ad
1822 1775 2033 1844 sempi-
2052 1770 2098 1828 B
2116 1789 2230 1836 rex,
2263 1773 2348 1825 fac
2369 1773 2556 1825 hostes
2584 1779 2759 1826 tuose
2781 1773 2965 1826 medio
2989 1771 3257 1826 tribunali
3278 1772 3634 1838 submoveas,
3657 1788 3718 1824 ac

437 1864 657 1913 ternam
693 1859 1092 1914 beatitudinem
1123 1861 1557 1932 perveniebant,
1584 1863 1786 1933 partim
1815 1863 1874 1916 in
1906 1863 2034 1916 soli-

433 1947 724 2004 tudinibus
766 1955 822 2004 et
861 1949 1144 2003 montibus
1188 1966 1310 2004 sese
1343 1950 1718 2016 occultabant,
1767 1967 1880 2004 non
1921 1957 2033 2005 tor-

433 2047 752 2096 mentorum
786 2056 908 2109 qum
947 2039 1084 2108 ipsis
1113 2039 1594 2093 denuntiabantur
1630 2046 1806 2106 metu,
1838 2057 2028 2094 verum

447 2129 718 2183 diviniore
750 2129 994 2199 quodam
1022 2128 1251 2182 consilio
1277 2146 1341 2182 ac
1360 2129 1730 2200 providentia.

505 2221 634 2275 CAP.
668 2219 961 2276 II.—Cum
989 2219 1180 2288 itaque
1201 2219 1525 2288 hujusmodi
1557 2219 1735 2287 caligo
1765 2218 2032 2272 Indorum

433 2309 723 2377 regionem
762 2308 1076 2372 invasisset,
1109 2324 1174 2360 ac
1205 2307 1280 2378 pii
1313 2312 1370 2361 et
1415 2308 1593 2361 sancti
1641 2308 1745 2361 viri
1786 2309 2033 2379 undique

433 2403 786 2464 vexarentur,
812 2397 1118 2468 impietatis
1147 2403 1337 2450 autem
1368 2405 1816 2468 propugnatores
1837 2397 2034 2467 opibus

433 2503 499 2541 ac
520 2487 772 2557 potentia
803 2488 1088 2546 ﬂorerent.
1103 2491 1273 2556 atque
1291 2485 1583 2540 cruoribus
1604 2491 1661 2540 et
1679 2487 2034 2540 victimarum

439 2575 636 2630 nidore
656 2576 778 2646 ipse
810 2592 1030 2645 quoque
1061 2591 1158 2629 aer
1188 2575 1680 2642 inﬁceretur,unus
1699 2593 1728 2628 e
1749 2576 2032 2644 regiorum

439 2670 798 2734 satraparum
828 2663 1192 2734 principibus,
1209 2664 1385 2716 animi
1401 2665 1748 2730 fortitudine,
1763 2664 2034 2734 corporis-

443 2769 554 2823 que
575 2751 965 2821 magnitudine
993 2769 1057 2805 ac
1078 2752 1515 2822 pulchritudine,
1551 2752 1878 2822 ceterisque
1910 2753 2033 2806 aliis

440 2840 840 2910 rebus,quibus
855 2841 1102 2910 corporis
1124 2841 1401 2910 elegantia
1415 2845 1472 2894 et
1482 2841 1652 2894 animi
1664 2842 2030 2911 generositas,

438 2915 710 3000 tanquam
728 2929 894 2983 certis
915 2929 1248 3000 quibusdam
1268 2929 1414 2983 notis
1440 2929 1673 3000 exprimi
1689 2931 2034 2992 solent,alios

439 3036 637 3072 omnes
668 3018 1052 3072 antecellebat.
1079 3017 1453 3083 Quamobrem
1483 3035 1610 3072 cum
1639 3020 1875 3090 impium
1897 3020 2035 3073 illud

2113 1866 2235 1916 tum
2265 1862 2334 1914 de
2368 1861 2453 1914 his
2474 1861 2641 1915 rebus
2671 1879 2810 1932 quas
2836 1862 3153 1930 intelligere
3169 1862 3328 1932 cupis
3359 1861 3462 1914 tibi
3486 1878 3718 1932 respon-

2113 1949 2396 2004 debo.Illis
2420 1957 2609 2004 autem
2632 1951 2997 2022 pnesentibus
3011 1951 3197 2004 nullus
3213 1950 3354 2004 mihi
3367 1950 3438 2004 ad
3455 1957 3512 2003 te
3528 1967 3716 2003 sermo

2114 2039 2410 2094 erit.Citra
2436 2056 2755 2094 sermonem
2784 2044 2973 2094 autem
3003 2039 3275 2101 excrucia,
3308 2037 3602 2103 obtrunca,
3635 2039 3723 2092 fac

2114 2128 2358 2198 denique
2390 2129 2661 2198 quidquid
2692 2128 2862 2184 lubet.
2899 2128 3034 2184 Mihi
3056 2128 3206 2182 enim
3227 2128 3473 2182 mundus
3503 2127 3724 2181 cruciﬁ-

2115 2234 2217 2270 xus
2247 2223 2350 2283 est,
2391 2223 2448 2271 et
2485 2234 2587 2287 ego
2619 2218 2848 2284 mundo,
2883 2223 2948 2272 ut
2977 2217 3060 2272 ait
3085 2233 3243 2279 meus
3271 2217 3546 2286 magister
3576 2217 3718 2286 (Gal.

2117 2306 2214 2375 vi).
2251 2308 2504 2377 Cumque
2537 2324 2628 2361 rex
2651 2307 2919 2360 dixisset:
2957 2307 3198 2371 Quinam
3227 2306 3456 2359 tandem
3491 2311 3628 2360 sunt
3665 2306 3724 2360 hi

2117 2395 2305 2450 hostes
2338 2395 2615 2466 mei,quos
2638 2413 2727 2449 me
2745 2396 2874 2450 hinc
2894 2395 3155 2465 ablegare
3173 2394 3339 2465 jubes
3360 2395 3719 2461 IIracundia,

2117 2484 2302 2554 inquit
2321 2484 2432 2550 ille,
2459 2490 2517 2537 et
2538 2485 2835 2556 cupiditas.
2852 2485 2998 2538 Nam
3023 2502 3100 2538 ea:
3122 2483 3370 2554 primum
3398 2483 3630 2554 quidem
3647 2483 3725 2536 ab

2116 2573 2365 2628 omnium
2396 2591 2583 2628 rerum
2617 2579 2848 2644 parente
2882 2579 3051 2643 atque
3081 2573 3386 2626 architecto
3415 2572 3496 2626 ita
3515 2573 3724 2643 produ-

2115 2669 2215 2716 cta:
2245 2669 2395 2727 sunt,
2439 2668 2499 2716 ut
2547 2668 2762 2716 naturae
2791 2663 3228 2733 opitularentur,
3261 2677 3507 2738 acnunc
3548 2661 3722 2715 etiam

2117 2752 2371 2804 eamdem
2402 2751 2469 2804 iis
2499 2768 2728 2822 operam
2773 2750 3043 2822 praebent,
3072 2751 3166 2820 qui
3187 2767 3299 2804 non
3328 2755 3394 2803 ut
3411 2750 3590 2814 cami,
3623 2749 3720 2803 sed

2117 2845 2179 2899 ut
2202 2840 2427 2911 spiritui
2463 2847 2900 2894 consentaneum
2930 2846 3034 2903 est,
3069 2839 3278 2893 vivunt.
3325 2839 3392 2893 In
3437 2837 3596 2894 vobis
3625 2855 3722 2892 au-

2116 2936 2250 2995 tem,
2282 2930 2378 2999 qui
2404 2947 2634 3000 prorsus
2662 2930 2915 2984 carnales
2954 2929 3107 2994 estis,
3141 2945 3242 2984 nec
3273 2928 3449 2982 ullam
3480 2927 3715 2998 spiritus

2117 3025 2334 3090 partem
2353 3018 2590 3082 habetis,
2623 3018 2953 3072 adversariae
2983 3017 3336 3083 exstiterunt,
3362 3017 3544 3087 eaque
3591 3033 3714 3088 quae

437 3108 679 3163 edictum
709 3107 976 3174 audisset,
1007 3107 1162 3162 inani
1192 3108 1296 3160 hac
1342 3112 1509 3178 atque
1557 3107 1716 3162 humi
1770 3116 2030 3178 serpente
2051 3129 2094 3187 ρ
2119 3107 2360 3161 inimicis
2385 3114 2444 3160 et
2473 3107 2727 3161 hostibus
2751 3107 3108 3172 conveniunt,
3141 3106 3719 3178 exsequuntur.tlupi-

435 3197 617 3268 gloria
641 3204 698 3250 et
717 3197 931 3250 deliciis
950 3197 1134 3252 valere
1166 3197 1360 3267 jussis,
1395 3198 1462 3250 ad
1490 3198 1893 3252 monachorum
1918 3215 2030 3251 coe-

435 3291 556 3341 tum
587 3303 708 3340 sese
737 3287 1082 3356 aggregavit,
1115 3292 1285 3356 atque
1312 3288 1369 3340 in
1401 3287 1535 3340 locis
1561 3287 1824 3340 solitarii;
1873 3303 2031 3340 exsu-

433 3375 578 3441 lans,
613 3375 845 3444 jejuniis
876 3381 933 3428 et
958 3375 1180 3444 vigiliis,
1198 3392 1261 3429 ac
1287 3375 1541 3445 diligenti
1569 3377 1920 3431 oraculorum
1952 3376 2032 3428 di-

433 3465 694 3518 vinorum
717 3464 1078 3518 meditatione
1095 3481 1290 3518 sensus
1323 3481 1454 3518 suos
1475 3465 1730 3534 apprime
1761 3481 2034 3536 repurga-

434 3550 552 3618 bat,
582 3553 947 3623 animumque
973 3552 1043 3607 ab
1073 3553 1227 3608 omni
1252 3553 1450 3608 vitiosa
1476 3553 1766 3607 affectione
1789 3554 2035 3607 solutum

439 3647 495 3696 et
539 3640 860 3708 abductum,
893 3657 958 3696 ea
991 3642 1111 3695 luce
1151 3659 1322 3713 quam
1354 3643 1738 3713 tranquillitas
1765 3659 1797 3696 a
1825 3643 2036 3696 vitiosis

438 3730 824 3786 affectionibus
844 3729 992 3800 parit
1019 3731 1356 3786 illustrabat.
1379 3732 1491 3785 Rex
1514 3737 1721 3796 autem,
1747 3748 1872 3784 cum
1905 3747 2035 3784 eum

440 3821 714 3890 majorem
762 3819 821 3874 in
859 3819 1090 3874 modum
1129 3820 1408 3890 diligeret,
1443 3826 1612 3892 atque
1644 3821 1700 3874 in
1731 3821 1942 3874 honore
1970 3837 2034 3873 ac

438 3908 622 3980 pretio
643 3907 892 3974 haberet,
926 3914 990 3962 ut
1017 3909 1120 3962 hoc
1149 3909 1383 3974 audivit,
1411 3909 1480 3962 de
1505 3909 1671 3962 amici
1689 3910 1913 3978 jactura
1940 3909 2035 3962 do-

440 3997 617 4051 lorem
640 3997 828 4050 animo
849 3997 1016 4068 cepit,
1031 3997 1528 4067 vehementiusque
1551 3998 1817 4051 adversus
1844 4014 2035 4051 mona-

438 4086 574 4142 chos
613 4087 838 4140 exarsit.
869 4087 1053 4156 Atque
1081 4103 1208 4140 cum
1239 4086 1494 4140 homines
1525 4086 1594 4139 ad
1637 4102 1766 4139 eum
1799 4086 2032 4156 conqui-

439 4175 680 4230 rendum
705 4191 1154 4248 quaquaversum
1181 4175 1444 4240 misisset,
1469 4180 1544 4239 et,
1559 4175 2034 4246 quemadmodum

442 4264 608 4333 vulgo
636 4263 858 4329 dicitur,
891 4264 1109 4318 nullum
1140 4280 1251 4318 non
1272 4263 1514 4334 lapidem
1540 4264 1804 4317 movisset
1835 4262 1900 4332 (8)
1926 4280 2035 4334 quo

445 4369 577 4408 eum
607 4351 899 4418 inveniret,
922 4352 1223 4422 aliquando
1242 4359 1369 4424 post
1395 4352 1476 4405 illi
1506 4353 1602 4422 qui
1622 4352 1691 4406 ad
1731 4370 1860 4406 eum
1889 4352 2034 4405 inve-

444 4442 767 4513 stigandum
797 4441 952 4496 missi
977 4442 1290 4506 fuerant,ut
1318 4458 1446 4495 eum
1476 4441 1534 4496 in
1563 4442 1862 4496 solitudine
1893 4458 2041 4495 com-

2060 4485 2108 4544 D

2113 3197 2258 3250 ditas
2276 3197 2505 3262 etenim,
2524 3213 2651 3250 cum
2673 3197 2733 3250 ei'
2755 3213 2790 3250 a
2808 3195 2962 3249 vobis
2980 3212 3147 3268 Opera
3172 3196 3715 3268 datur,voluptatem

2115 3286 2321 3339 excitat
2349 3304 2360 3340 :
2388 3302 2515 3339 cum
2554 3293 2743 3339 autem
2768 3284 3044 3348 aboletur,
3075 3283 3444 3338 iracundiam.
3469 3285 3714 3338 Proinde

2113 3375 2389 3428 facessant
2413 3375 2546 3446 ipsa:
2578 3375 2848 3428 hodierno
2874 3373 2963 3427 die
3003 3373 3101 3427 abs
3131 3379 3224 3440 te;
3260 3373 3490 3444 prtesint
3522 3363 3714 3428 autem

2117 3464 2187 3518 ad
2220 3480 2414 3518 eorum
2463 3481 2584 3536 quze
2614 3482 2645 3518 a
2685 3481 2775 3518 me
2818 3463 3076 3517 dicentur
3106 3463 3452 3516 auditionem
3480 3479 3545 3516 ac
3569 3463 3722 3533 judi-

2119 3570 2288 3616 cium,
2315 3553 2613 3624 prudentia
2644 3558 2700 3606 et
2733 3553 2974 3623 justitia.
3023 3553 3170 3606 Nam
3200 3552 3246 3605 si
3277 3551 3633 3606 iracundiam
3663 3559 3720 3605 et

2126 3642 2488 3712 cupiditatem
2509 3641 2776 3706 245de
2794 3641 2975 3693 medio
2997 3640 3307 3706 sustuleris,
3333 3646 3502 3710 atque
3524 3656 3718 3694 earum

2119 3731 2238 3784 loco
2264 3729 2619 3801 prudentiam
2641 3735 2697 3783 et
2720 3729 3002 3799 justitiam
3032 3728 3338 3792 induxeris,
3368 3746 3500 3782 vere
3528 3729 3719 3783 omnia

2116 3817 2214 3888 tibi
2235 3818 2437 3872 dicam.
2473 3821 2658 3890 Atque
2686 3835 2781 3871 rex
2807 3817 2895 3870 his
2926 3816 3108 3870 verbis
3138 3823 3226 3870 est
3254 3833 3389 3871 usus
3421 3837 3432 3870 :
3460 3818 3546 3872 En
3571 3819 3718 3889 peti-

2114 3908 2255 3962 tioni
2278 3914 2388 3962 tuae
2409 3909 2567 3972 cessi,
2614 3913 2781 3977 atque
2808 3906 3180 3976 cupiditatem
3209 3911 3266 3960 et
3307 3906 3662 3961 iracundiam
3693 3924 3721 3960 e

2115 3997 2347 4050 concilio
2368 3997 2616 4068 ejiciam;
2669 3995 2925 4066 daboque
2965 4011 3199 4066 Operam
3243 4001 3306 4050 ut
3334 3996 3638 4068 prudentia
3667 4003 3722 4050 et

2110 4086 2333 4156 justitia
2360 4085 2808 4156 interponantur.

2189 4177 2315 4229 Jam
2346 4175 2520 4244 igitur
2554 4175 2764 4245 absque
2796 4174 2910 4227 ullo
2952 4180 3106 4228 metu
3151 4173 3289 4228 mihi
3324 4191 3539 4245 expone
3569 4175 3719 4228 unde

2121 4264 2222 4318 tibi
2267 4264 2355 4316 hic
2409 4281 2566 4318 error
2608 4263 2837 4317 obortus
2865 4265 2956 4323 sit,
2995 4269 3059 4317 ut
3087 4280 3153 4317 ea
3183 4280 3306 4334 quae
3348 4263 3408 4316 in
3437 4279 3583 4316 vana
3619 4281 3718 4334 spe

2119 4354 2301 4426 posita
2329 4359 2478 4408 sunt.
2513 4353 2582 4407 iis
2610 4352 2776 4406 rebus
2798 4369 2920 4423 quae
2952 4351 3211 4406 manibus
3241 4359 3528 4416 tenentur,
3551 4359 3722 4426 atque.

2125 4443 2299 4497 oculis
2319 4447 2644 4507 cernuntur,
2669 4449 2996 4512 anteponas.
3021 4441 3589 4512 Respondensautem
3612 4459 3726 4496 ere-

443 4532 654 4586 morari
667 4531 1069 4598 senserunt,ita
1085 4531 1418 4601 perscrutati
1439 4531 1895 4597 sunt,uttandem
1913 4547 2041 4584 eum
2064 4531 2104 4544 ν
2128 4532 2268 4585 mita
2295 4531 2435 4584 dixit
2461 4550 2472 4583 :

444 4621 780 4692 arriperent,
796 4627 964 4691 atque
989 4621 1061 4674 ad
1087 4621 1234 4689 regis
1255 4620 1506 4674 tribunal
1525 4621 1928 4675 sisterent.Rex
1944 4636 2042 4673 au-

444 4717 715 4776 tem,cum
746 4727 876 4764 eum
907 4710 1001 4781 qui
1026 4710 1309 4780 quondam
1327 4710 1636 4780 splendidis
1657 4709 1900 4764 vestibus
1921 4715 2041 4762 ute-

445 4798 635 4863 batur,
660 4804 830 4868 atque
853 4798 912 4852 in
941 4798 1158 4868 magnis
1188 4799 1402 4853 deliciis
1424 4799 1592 4852 vitam
1625 4799 1899 4870 exigebat,
1924 4804 2041 4852 tam

444 4887 634 4941 viliter
662 4893 719 4940 et
747 4886 961 4956 abjecte
991 4888 1278 4954 amictum,
1307 4905 1372 4942 ac
1391 4889 1666 4958 religiosae
1693 4887 2044 4941 exercitatio-

445 4977 533 5032 nis
543 4977 846 5048 asperitate
866 4977 1156 5034 atllictum.
1172 4977 1410 5048 vitaeque
1430 4977 1692 5032 solitariae
1713 4977 1876 5046 signa
1893 4977 2044 5030 haud

447 5067 681 5122 obscure
710 5071 1025 5137 gestantem
1059 5066 1454 5137 conspexisset,
1493 5082 1731 5119 maerore
1759 5066 1928 5120 simul
1965 5071 2045 5118 at-

449 5173 559 5228 que
584 5155 876 5210 iracundia
895 5154 1252 5227 implebatur,
1281 5160 1450 5226 atque
1480 5171 1545 5208 ex
1575 5160 1812 5225 utroque
1844 5155 2044 5208 affectu

449 5252 762 5318 temperato
792 5263 1071 5312 sermone,
1105 5245 1186 5299 ita
1225 5263 1354 5299 eum
1385 5246 1660 5298 allocutus
1689 5250 1774 5299 est
1808 5263 1820 5299 :

521 5337 567 5391 Ο
598 5354 788 5392 vecors
815 5342 873 5389 et
891 5335 1140 5400 demens,
1175 5335 1308 5405 quid
1338 5339 1394 5388 te
1422 5333 1655 5388 adduxit
1681 5339 1744 5386 ut
1773 5334 2045 5387 honorem

455 5441 583 5479 cum
611 5425 943 5495 ignominia,
977 5431 1034 5478 et
1052 5425 1336 5478 illustrem
1364 5423 1602 5492 gloriam
1638 5439 1762 5476 cum
1803 5423 1954 5494 turpi
1981 5439 2047 5476 ac

457 5513 744 5568 dedecoris
772 5515 938 5585 pleno
964 5513 1159 5567 habitu
1181 5512 1588 5566 commutares?
1615 5511 1831 5566 Siccine
1853 5517 1934 5578 tu,
1951 5512 2047 5582 qui

457 5618 630 5672 regno
660 5620 784 5656 meo
805 5619 1064 5674 pmeras,
1088 5607 1257 5672 atque
1285 5601 1342 5654 in
1361 5599 1548 5671 capias
1570 5618 1722 5655 meas
1750 5601 2049 5673 imperium

2197 4619 2254 4673 Si
2272 4619 2584 4689 intelligere
2607 4635 2782 4688 cupis,
2809 4635 2841 4672 o
2865 4634 2980 4684 rex,
3009 4619 3158 4672 unde
3184 4618 3288 4672 hoc
3308 4619 3559 4689 primum
3590 4618 3723 4673 mihi

2122 4709 2312 4762 animo
2332 4709 2601 4778 injectum
2632 4707 2890 4772 fuerit,ut
2911 4707 3150 4762 caducas
3177 4725 3264 4761 res
3279 4713 3723 4784 contemnerem,

2125 4815 2189 4852 ac
2218 4814 2308 4852 me
2339 4804 2518 4852 totum
2554 4797 3029 4867 sempiternarum
3055 4813 3246 4850 rerum
3277 4797 3396 4867 spei
3421 4798 3727 4860 traderem,

2125 4887 2276 4941 audi.
2307 4887 2472 4952 Olim,
2499 4903 2627 4940 cum
2657 4886 2838 4940 adhuc
2851 4885 3086 4956 juvenili
3119 4891 3283 4939 aetate
3304 4886 3726 4950 essem,bonum

2126 4993 2190 5030 ac
2213 4977 2461 5029 salutare
2483 4975 2714 5029 verbum
2736 4975 2946 5041 audivi,
2961 4976 3122 5046 cujus
3145 4975 3226 5030 vis
3244 4975 3519 5043 majorem
3543 4977 3730 5029 ἰηιηο-

2127 5066 2260 5123 dum
2288 5081 2377 5118 me
2401 5065 2608 5135 rapuit,
2632 5065 2918 5136 ipsiusque
2947 5063 3416 5131 memoria,divini
3430 5065 3726 5134 cujusdam

2127 5153 2358 5209 seminis
2388 5155 2586 5219 instar,
2618 5155 2828 5224 pectori
2859 5170 2984 5206 meo
3016 5153 3185 5207 insita
3212 5153 3292 5206 ita
3318 5154 3730 5224 permansit,ut

2128 5260 2418 5314 nunquam
2447 5260 2481 5296 a
2510 5260 2600 5296 me
2620 5243 2807 5296 divelli
2829 5243 3077 5313 potuerit
3109 5261 3120 5308 ;
3154 5242 3294 5296 adeo
3328 5247 3392 5295 ut
3419 5249 3476 5295 et
3517 5243 3729 5296 radices

2130 5334 2328 5404 egerit,
2353 5338 2409 5386 et
2433 5349 2663 5402 germen
2705 5332 2964 5398 ediderit,
2997 5348 3060 5385 ac
3088 5337 3310 5385 maturo
3341 5336 3600 5401 tempore
3624 5332 3731 5385 fru-

2129 5429 2283 5476 ctum
2311 5422 2369 5475 in
2396 5438 2484 5475 me
2514 5422 2728 5475 tulerit.
2753 5422 2934 5492 Ilujus
2955 5427 3145 5474 autem
3169 5419 3320 5473 verbi
3353 5419 3470 5472 bene
3491 5420 3576 5472 vis
3589 5426 3725 5496 erat:

2133 5512 2422 5574 Excordes,
2457 5510 2750 5581 inquiebat
2774 5511 2986 5574 ille,'ac
3014 5509 3201 5562 stolidi
3230 5508 3506 5574 homines,
3542 5509 3729 5563 animo

2131 5603 2213 5655 ita
2229 5599 2536 5670 comparati
2557 5606 2706 5667 sunt,
2731 5606 2794 5653 ut
2815 5616 2882 5652 ea
2897 5615 3020 5669 quae
3036 5604 3188 5662 sunt,
3208 5597 3441 5668 perinde
3456 5615 3522 5651 ac
3547 5599 3594 5652 si
3618 5613 3726 5651 non

462 5691 702 5748 militare
730 5691 1039 5754 obtinebas,
1058 5693 1302 5764 teipsum
1316 5707 1620 5771 puerorum
1649 5691 1956 5746 ludibrium
1977 5691 2053 5746 ef-
2134 5690 2268 5758 sint,
2291 5695 2690 5758 aspernentur;
2723 5706 2790 5742 ea
2807 5693 2995 5742 autem
3028 5703 3150 5756 quae
3172 5703 3283 5748 non
3307 5692 3458 5750 sunt,
3488 5686 3722 5756 perinde
