3878 6392
155 362 248 419 449

535 361 704 416 VITA
740 358 1181 415 SANCTORUM
1210 359 1564 432 .BARLAAM
1605 359 1955 437 EREMIT/E
1980 357 2078 414 ἘΤ
2114 356 2480 414 JOSAPHAT
2518 359 2742 413 INDIAZ
2780 358 3014 414 REGIS.

3305 359 3413 414 450

153 505 212 541 ac
236 487 279 540 si
306 486 435 553 sint,
457 485 886 555 amplectantur,
910 501 975 538 ac
994 484 1276 538 mordicus
1300 484 1599 539 retineant.
1624 484 1733 548 Qui
1749 486 1799 545 A
1815 501 1930 549 cas,
1964 485 2059 556 qui
2081 485 2204 538 fieri
2235 488 2419 555 potest
2446 490 2511 539 ut
2537 501 2649 539 non
2680 485 2891 556 optimo
2910 485 3039 555 jure
3069 488 3125 537 te
3144 483 3259 537 veri
3282 480 3417 537 boni

154 581 325 631 autem
345 591 537 629 eorum
558 592 681 646 quae
703 579 836 629 sunt
850 573 1203 628 dulcedinem
1224 573 1455 627 minime
1475 574 1734 644 degusta-

152 666 240 728 vit,
265 666 311 718 is
338 680 531 719 eorum
560 681 686 734 quae
718 681 830 717 non
862 668 995 717 sunt
1014 669 1277 716 naturam
1298 663 1601 732 perfectam
1632 662 1734 716 ha-

157 754 273 815 bere
291 770 398 807 non
409 753 633 823 poterit.
664 753 821 806 Hanc
840 768 1006 823 porro
1027 752 1135 805 nisi
1156 753 1500 822 exploratam
1521 750 1735 805 habue-

152 844 233 905 rit,
248 858 483 912 quonam
505 842 671 896 modo
683 859 749 895 ea
769 846 1093 895 contemnet
1104 857 1168 894 ac
1181 857 1281 911 pro
1303 840 1478 894 nihilo
1490 840 1737 911 putabit?

152 932 309 986 Porro
338 948 435 1001 per
454 948 522 985 ea
547 947 668 1001 quae
699 935 852 994 sunt,
876 930 991 983 hzec
1022 929 1200 983 oratio
1229 930 1598 1000 sempiternas
1623 947 1733 997 res,

152 1026 306 1091 atque
323 1037 355 1074 a
367 1020 675 1089 jactatione
691 1020 903 1073 alienas
920 1018 1269 1087 intelligebat
1291 1036 1301 1070 :
1331 1035 1431 1089 per
1451 1035 1517 1073 ea
1546 1024 1737 1072 autem

153 1126 263 1180 qua
289 1126 397 1163 non
420 1114 570 1173 sunt,
594 1109 740 1162 hanc
773 1108 944 1161 vitam
967 1113 1025 1161 et
1053 1107 1298 1173 delicias,
1326 1124 1390 1161 ac
1412 1108 1737 1161 mendacem

151 1197 598 1269 prosperitatem:
629 1197 855 1268 quibus,
881 1213 913 1250 ο
944 1213 1062 1263 rex,
1094 1197 1203 1250 heu
1230 1197 1241 1249 ε
1277 1213 1373 1250 cor
1400 1202 1561 1250 tuum
1590 1196 1737 1250 male

151 1287 360 1341 afﬁxum
389 1292 478 1341 est
506 1306 519 1339 :
561 1303 777 1358 egoque
815 1286 951 1339 item
981 1286 1263 1356 quondam
1304 1302 1373 1339 ea
1399 1286 1735 1357 complecte-

150 1376 256 1430 bar.
271 1377 476 1430 Verum
504 1376 672 1445 hujus
698 1375 973 1431 sermonis
990 1374 1089 1439 vis,
1123 1375 1375 1429 animum
1396 1391 1585 1428 meum
1615 1374 1735 1428 sine

151 1466 257 1519 ulla
274 1465 689 1519 intermissione
718 1465 995 1530 vellicans,
1018 1470 1285 1527 mentem,
1307 1481 1432 1534 quae
1458 1464 1569 1517 mei
1586 1464 1736 1535 prin-

151 1554 382 1625 cipatum
421 1559 593 1619 tenet,
628 1555 698 1608 ad
727 1554 784 1607 id
814 1554 962 1625 quod
992 1553 1193 1607 melius
1234 1558 1373 1619 erat,
1416 1553 1735 1623 eligendum

152 1643 424 1697 excitabat.
458 1645 733 1697 Caeterum
782 1644 868 1697 lex
907 1642 1139 1713 peccati,
1173 1647 1299 1696 cum
1350 1642 1555 1696 mentis
1597 1659 1736 1696 mem

151 1732 263 1802 lege
291 1749 567 1803 pugnans,
600 1748 664 1785 ac
703 1733 857 1786 velut
892 1731 1229 1801 quibusdam
1259 1730 1618 1801 compedibus
1644 1748 1735 1784 me

151 1806 397 1887 vinciens,
430 1838 533 1892 per
564 1821 824 1899 allectum
846 1837 982 1890 erga
1009 1837 1098 1873 res
1119 1825 1423 1890 praesentes
1454 1819 1735 1890 captivum

152 1909 379 1963 tenebat.
988 1950 994 1955 .
1304 1969 1311 1976 _

215 1998 348 2051 Cum
358 2002 551 2051 autem
563 1997 867 2051 Salvatoris
884 1997 1061 2051 nostri
1078 1996 1409 2067 benignitati
1425 2014 1490 2050 ac
1500 1996 1737 2050 bonitati

153 2102 233 2139 me
258 2103 319 2140 ex
347 2087 450 2140 hac
466 2086 666 2140 acerba
678 2086 1000 2156 captivitate
1022 2086 1302 2139 vindicare
1324 2086 1553 2156 placuit,
1568 2091 1736 2156 atque

151 2174 258 2246 ipse
277 2175 445 2230 menti
469 2192 609 2230 meae
637 2175 1095 2245 adsuperandam
1112 2174 1325 2246 peccati
1354 2175 1538 2244 legem
1566 2174 1738 2229 robur

112 2293 116 2297 -
151 2264 368 2329 addidit,
400 2264 703 2335 oculosque
731 2281 887 2317 meos
910 2264 1150 2335 aperuit,
1168 2269 1229 2318 ut
1249 2264 1383 2317 mali
1416 2280 1479 2317 ac
1498 2264 1629 2317 boni
1646 2264 1738 2318 dc-

151 2352 340 2407 lectum
369 2353 634 2408 haberem
661 2371 674 2420 ;
727 2359 851 2407 tum
889 2353 1117 2419 scilicet,
1147 2358 1288 2419 tum,
1328 2353 1579 2423 inquam,
1612 2353 1735 2406 ani-

151 2442 403 2496 madverti
418 2460 484 2496 ac
505 2443 635 2507 vidi,
656 2442 954 2513 praesentia
973 2442 1160 2496 omnia
1177 2443 1482 2496 vanitatem
1514 2448 1570 2495 et
1589 2441 1737 2495 afﬂi-

153 2531 376 2586 ctionem
395 2532 627 2603 spiritus
648 2548 771 2585 esse
791 2533 977 2598 (Ecclz'.
996 2534 1056 2599 1),
1073 2532 1549 2602 quemadmodum
1566 2531 1737 2585 etiam

152 2621 582 2690 sapientissimus
628 2621 891 2675 Salomon
932 2621 1175 2690 quodam
1214 2621 1331 2674 loco
1379 2620 1538 2674 dixit.
1594 2621 1736 2674 Tum

153 2710 347 2779 peccati
372 2710 627 2763 velamen
657 2726 686 2762 e
715 2710 882 2763 corde
909 2726 1034 2762 meo
1086 2709 1369 2763 sublatum
1415 2714 1519 2774 cst,
1569 2715 1737 2779 atque

155 2797 448 2852 obscuritas
476 2814 546 2853 ea
573 2815 693 2868 quae
725 2815 792 2851 ex
830 2798 1079 2869 corporis
1107 2798 1361 2851 crassitie
1383 2799 1571 2851 animo
1611 2815 1737 2852 meo

157 2885 502 2941 incumbebat
529 2887 780 2941 discussa
808 2892 867 2940 et
906 2887 1196 2957 dissipata,
1231 2894 1401 2957 atque
1442 2888 1738 2957 cujusnam

154 2974 225 3027 rei
256 2992 418 3029 causa
454 2981 784 3047 procreatus
813 2991 938 3029 sum
976 2976 1212 3045 agnovi;
1251 2975 1502 3045 mihique
1530 2976 1738 3029 facien-

153 3062 273 3117 dum
294 3081 412 3118 esse
432 3070 498 3119 ut
516 3081 616 3135 per
629 3062 1025 3129 mandatorum
1037 3063 1482 3118 observationem
1499 3064 1569 3118 ad
1589 3081 1739 3118 sum-

1814 574 2037 628 inscitia
2055 572 2312 628 laborare
2333 574 2533 638 dicam,
2561 580 2625 627 ut
2646 574 2740 644 qui
2768 574 2995 627 omnino
3038 574 3154 627 haec
3182 573 3331 625 inter
3356 586 3417 626 se

1814 678 2133 733 componas,
2158 663 2426 733 pietatem
2447 663 2660 716 scilicet
2679 680 2812 732 erga
2831 663 3010 716 Deum
3022 678 3149 716 cum
3169 662 3419 715 humana

1818 752 2069 805 amicitia
2110 758 2169 805 et
2203 752 2387 821 gloria
2414 750 2592 805 instar
2616 769 2775 822 aquae
2804 751 3121 805 defluente?
3162 751 3419 815 Quonam

1818 840 1955 893 item
1986 842 2151 894 modo
2180 841 2239 894 in
2262 842 2367 895 hac
2388 858 2447 894 re
2468 841 2603 894 socii
2629 840 2733 894 tibi
2763 839 2934 894 futuri
2959 856 3175 905 sumus,
3208 855 3272 892 ac
3303 854 3419 892 non

1819 934 2015 983 contra
2032 936 2151 983 tum
2176 929 2499 993 amicitiam,
2514 935 2635 983 tum
2659 930 2948 994 honorem,
2967 936 3089 983 tum
3111 928 3417 981 liberorum

1819 1035 2089 1085 amorem,
2112 1022 2225 1074 etsi
2248 1021 2381 1091 quid
2402 1021 2554 1075 aliud
2573 1023 2754 1091 majus
2779 1027 2944 1085 esset,
2967 1019 3412 1091 aspernabimur,

1819 1126 1945 1163 cum
1970 1115 2048 1174 te,
2081 1126 2113 1162 ο
2138 1126 2254 1173 rex,
2287 1110 2344 1162 in
2370 1111 2548 1163 Deum
2588 1112 2856 1164 scelerate
2883 1126 3079 1180 gerere
3108 1108 3447 1179 conspicia-r

1820 1213 1965 1262 mus,
1987 1198 2081 1268 qui
2102 1198 2203 1251 tibi
2220 1198 2403 1269 ipsum
2426 1216 2546 1252 esse
2578 1204 2634 1253 et
2658 1199 2917 1268 spiritum
2931 1199 3133 1252 ducere
3158 1197 3416 1268 praebuit,

1818 1288 1915 1359 qui
1943 1293 2026 1341 est
2054 1288 2311 1341 Christus
2340 1289 2500 1342 Jesus
2532 1288 2784 1341 omnium
2804 1287 3076 1341 Dominus
3106 1304 3118 1339 :
3154 1286 3251 1357 qui
3285 1301 3413 1339 cum

1817 1376 2093 1447 principio
2113 1383 2319 1441 careat,
2354 1377 2718 1447 ejusdemque
2743 1390 2871 1430 cum
2892 1377 3058 1430 Patre
3090 1374 3421 1429 aeternitatis

1817 1465 1907 1531 sit,
1943 1467 2221 1536 coelosque
2261 1483 2324 1519 ac
2354 1472 2565 1519 terram
2593 1482 2851 1520 sermone
2880 1464 3205 1535 procrearit,
3244 1463 3423 1517 homi-

1817 1572 1946 1608 nem
1976 1560 2166 1608 tamen
2187 1560 2378 1619 πίει
2400 1555 2637 1609 suismet
2662 1553 2923 1608 manibus
2945 1554 3158 1607 efﬁnxit
3178 1569 3421 1623 eumque

1816 1642 2241 1697 immortalitate
2272 1645 2575 1707 coornavit,
2610 1660 2911 1714 regemque
2939 1643 3189 1697 omnium
3229 1658 3417 1696 rerum

1818 1747 1941 1803 quae
1966 1733 2024 1786 in
2044 1739 2197 1786 terra
2224 1737 2357 1786 sunt
2375 1732 2682 1791 constituit.
2706 1732 2868 1802 eique
2886 1732 3035 1802 quod
3065 1731 3316 1785 omnium
3339 1746 3424 1785 re-

1758 1803 1802 1863 Β
1821 1837 1947 1875 rum
1974 1822 2500 1892 praestantissimum
2523 1828 2663 1886 erat,
2688 1822 2792 1874 hoc
2822 1825 2909 1874 est
2936 1821 3280 1891 paradisum,
3300 1826 3425 1874 tan-

1819 1926 1988 1981 quam
2018 1911 2230 1981 regiam
2255 1912 2556 1981 quamdam
2591 1910 2777 1964 aulam
2799 1909 3085 1966 attribuit.
3108 1911 3182 1963 At
3211 1910 3304 1963 ille
3333 1909 3422 1963 in-

1818 2000 1969 2053 vidia
1994 2000 2280 2070 deceptus,
2315 2006 2372 2053 et
2394 2001 2452 2053 in
2474 2000 2727 2053 fraudem
2748 1999 3028 2064 inductus,
3055 1998 3423 2069 etvoluptatis

1817 2088 2092 2142 illecebris
2126 2090 2392 2143 delinitus
2414 2090 2563 2155 (Gen.
2596 2102 2690 2156 r11;
2730 2089 2858 2156 Sap.
2897 2090 3001 2155 Ill),
3034 2087 3123 2141 his
3155 2086 3416 2141 omnibus

1819 2178 2025 2232 misere
2051 2178 2301 2248 dejectns
2331 2183 2441 2243 est;
2469 2184 2527 2231 et
2549 2178 2643 2247 qui
2672 2177 2827 2248 prius
2847 2176 3044 2230 beatus
3067 2175 3419 2243 censebatur,

1820 2267 2088 2320 miserum
2106 2269 2486 2338 spectaculum
2510 2266 2808 2338 praebebat,
2829 2266 3206 2337 lacrymisque
3235 2265 3306 2319 ob
3328 2281 3423 2319 ac-

1819 2361 2041 2426 ceptam
2054 2356 2434 2410 calamitatem
2456 2355 2660 2425 dignus
2685 2360 2825 2409 erat.
2842 2355 3048 2407 Verum
3068 2354 3352 2407 enimvero
3372 2352 3423 2407 is

1821 2443 1916 2513 qui
1946 2459 2048 2497 nos
2076 2444 2369 2497 efﬁnxerat
2398 2461 2462 2497 ac
2482 2448 2887 2514 procreaverat,
2904 2442 3161 2511 benignis
3192 2456 3424 2495 rursum

1819 2532 1994 2585 oculis
2015 2548 2286 2586 manuum
2303 2549 2534 2587 suarum
2556 2548 2696 2602 opus
2714 2532 3086 2601 conspicatus,
3111 2530 3324 2583 nullam
3345 2529 3429 2583 di-

1817 2621 2067 2675 vinitatis
2105 2638 2219 2675 sum
2243 2622 2613 2675 mutationem
2644 2621 2973 2692 suscipiens,
3003 2625 3208 2672 nostra;
3230 2618 3428 2673 salutis

1819 2726 2007 2775 causa,
2024 2710 2082 2764 id
2104 2712 2249 2781 quod
2273 2728 2374 2764 nos
2394 2727 2589 2764 sumus
2611 2711 2752 2764 citra
2771 2714 3079 2781 peccatum,
3112 2708 3291 2761 factus
3313 2713 3417 2773 est,

1820 2804 1990 2869 atque
2010 2816 2230 2853 crucem
2249 2806 2306 2853 et
2325 2806 2563 2853 mortem
2585 2805 2786 2870 sponte
2803 2798 3275 2863 subiens,hostem
3296 2812 3429 2851 eum

1821 2888 1918 2958 qui
1940 2889 2058 2958 jam
2089 2888 2219 2942 inde
2245 2888 2314 2941 ab
2345 2888 2505 2942 initio
2533 2888 2729 2958 generi
2760 2893 2953 2941 nostro
2988 2886 3276 2940 invidebat
3301 2901 3427 2956 pro-

1820 2977 2035 3042 stravit,
2077 2993 2292 3048 nosque
2330 2977 2532 3031 acerba
2568 2978 2668 3030 illa
2712 2976 3033 3047 captivitate
3073 2974 3339 3029 liberatos
3367 2974 3429 3029 in

1823 3065 2069 3136 priorem
2097 3066 2435 3131 libertatem,
2463 3082 2561 3137 pro
2577 3082 2677 3120 sua
2689 3082 2828 3135 erga
2844 3082 2945 3119 nos
2969 3064 3237 3129 bonitate,
3262 3064 3430 3117 resti-

153 3168 294 3206 mum
324 3152 484 3207 illum
532 3170 723 3207 rerum
761 3153 1014 3207 omnium
1061 3154 1379 3207 elfectorem
1418 3154 1738 3209 ascendam.
1761 3124 1804 3184 ϐ
1823 3155 1951 3220 tuit,
1984 3170 2163 3225 eoque
2187 3170 2414 3209 rursum
2442 3156 2592 3209 unde
2618 3170 2719 3208 nos
2748 3152 3129 3207 inobedientia
3159 3151 3425 3206 exturba-

154 3232 490 3314 Quapropter
512 3242 720 3296 relictis
737 3242 996 3297 omnibus
1014 3242 1334 3308 rebus,eum
1356 3249 1579 3297 secutus
1592 3251 1738 3298 sum.

64 3376 69 3382 .
155 3329 469 3402 Gratiasque
499 3332 616 3386 Deo
644 3348 745 3403 per
772 3332 965 3386 Jesum
994 3331 1282 3386 Christum
1315 3332 1617 3388 Dominum
1646 3347 1743 3385 no-

158 3423 324 3473 strum
353 3437 477 3490 ago,
514 3420 664 3491 quod
694 3436 784 3474 me
812 3437 879 3473 ex
906 3420 1024 3474 luto
1053 3425 1108 3473 et
1146 3420 1390 3475 lateritio
1419 3420 1632 3484 labore,
1678 3437 1742 3474 ac

156 3509 355 3563 creduli
385 3516 442 3563 et
471 3509 735 3580 pestifero
766 3509 1126 3563 tenebrarum
1160 3509 1329 3579 hujus
1369 3510 1554 3563 saeculi
1585 3509 1740 3579 prin-

156 3596 265 3667 cipe
292 3597 563 3663 liberarit,
596 3598 855 3669 viamque
875 3598 1015 3651 mihi
1044 3598 1522 3669 compendiariam
1540 3604 1597 3651 et
1618 3615 1742 3668 pro-

152 3685 333 3741 clivem
374 3685 702 3753 ostenderit,
738 3704 839 3757 per
867 3703 1037 3757 quam
1082 3687 1140 3740 in
1184 3687 1289 3741 hoc
1318 3688 1475 3741 ﬁctili
1506 3704 1742 3758 corpore

156 3775 450 3844 angelicam
481 3776 611 3829 vita:
638 3776 915 3830 rationem
954 3776 1264 3846 amplexari
1302 3777 1531 3847 possim.
1567 3777 1742 3846 Cujus

155 3862 514 3933 adipiscenda:
545 3852 981 3931 studio,arctam
1012 3865 1156 3918 hanc
1185 3871 1243 3918 et
1271 3870 1568 3935 angustam
1596 3864 1743 3918 viam

157 3950 569 4021 ingrediendam
616 3953 754 4007 mihi
792 3953 923 4008 duxi
974 3955 1186 4020 (Matth.
1222 3956 1337 4023 v11),
1377 3954 1456 4008 sic
1489 3954 1747 4009 videlicet

158 4040 330 4096 animo
358 4042 717 4109 constitutus,
752 4047 817 4097 ut
840 4042 1200 4113 prmsentium
1222 4060 1411 4097 rerum
1437 4044 1745 4097 vanitatem

160 4134 313 4200 atque
324 4130 647 4186 instabilem
662 4147 859 4185 earum
874 4132 1238 4202 jactationem
1256 4137 1314 4186 et
1326 4148 1745 4186 converswnem

160 4218 506 4275 vehementer
524 4219 857 4291 improbem,
880 4237 1062 4291 neque
1082 4221 1284 4275 adduci
1305 4222 1514 4292 possim
1544 4227 1607 4276 ut
1631 4238 1746 4275 cre-

163 4304 282 4361 dam
302 4308 451 4363 aliud
468 4308 778 4380 quidquam
800 4315 1002 4380 praater
1021 4309 1079 4363 id
1101 4310 1251 4381 quod
1272 4326 1400 4364 vere
1422 4310 1630 4365 bonum
1661 4317 1747 4366 est

165 4392 360 4452 bonum
388 4398 789 4470 appellandum
820 4415 960 4452 esse.
993 4399 1041 4451 A
1085 4414 1196 4468 quo
1222 4404 1305 4465 tu,
1335 4416 1368 4453 ο
1399 4417 1517 4466 rex,
1544 4401 1749 4456 misere

1822 3249 1997 3309 verat,
2032 3242 2102 3296 ob
2132 3260 2291 3298 suam
2308 3258 2443 3314 erga
2465 3260 2565 3297 nos
2588 3242 3018 3307 humanitatem,
3057 3240 3296 3307 reduxit,
3312 3256 3433 3294 ma-

1818 3333 2055 3403 joreque
2090 3349 2258 3403 quam
2283 3340 2450 3387 antea
2476 3334 2687 3387 honore
2716 3336 3044 3403 prosecutus
3077 3337 3180 3383 est.

1895 3422 2057 3475 Hunc
2072 3422 2249 3491 igitur
2269 3421 2364 3492 qui
2379 3428 2573 3475 nostra
2592 3426 2861 3475 causatot
2870 3420 3152 3474 cruciatus
3172 3417 3424 3489 pertulit,

1823 3511 2107 3581 tantisque
2155 3527 2380 3565 rursum
2421 3527 2523 3565 nos
2556 3510 2839 3564 beneﬁciis
2881 3508 3083 3573 affecit,
3130 3509 3301 3573 hunc,
3338 3507 3429 3561 in-

1825 3616 2013 3669 quam,
2040 3600 2159 3670 ipse
2189 3600 2393 3670 rejicis,
2423 3606 2591 3670 atque
2620 3601 2743 3668 ejus
2763 3614 2985 3652 crucem
3016 3597 3265 3651 dicteriis
3285 3597 3430 3650 inse-

1824 3689 2012 3753 ctaris,
2045 3694 2307 3759 totusque
2339 3688 2585 3759 corporis
2606 3688 2919 3752 deliciis,ac
2947 3685 3270 3757 perniciosis
3299 3682 3430 3737 affe-

1824 3776 2005 3830 ctibus
2030 3776 2245 3842 afﬁxus,
2280 3777 2652 3847 ignominiosa
2684 3792 2748 3829 ac
2777 3774 3146 3845 turpitudinis
3172 3775 3338 3844 plena
3358 3773 3431 3826 si-

1827 3866 2079 3919 mulacra
2107 3866 2240 3919 deos
2266 3866 2535 3936 appellas.
2568 3867 2684 3919 Nec
2713 3864 2957 3935 teipsum
2972 3864 3246 3917 duntaxat
3265 3877 3299 3915 a
3316 3877 3430 3915 cce-

1827 3954 2052 4009 lestium
2084 3954 2359 4010 bonorum
2404 3954 2801 4025 conjunctione
2847 3952 3194 4017 abstraxisti;
3236 3966 3430 4005 verum

1828 4044 2000 4097 etiam
2030 4060 2244 4111 omnes,
2280 4043 2374 4115 qui
2400 4043 2514 4098 tuis
2542 4043 2792 4114 imperiis
2822 4041 3232 4112 obtemperant,
3261 4039 3331 4093 ab
3365 4056 3433 4093 ea

1827 4150 2100 4193 removes,
2132 4139 2302 4204 atque
2330 4133 2387 4187 in
2418 4133 2620 4187 animae
2651 4130 2962 4203 periculum
3006 4130 3253 4201 conjicis.
3287 4129 3434 4194 Quo-

1827 4222 1974 4276 circa
2000 4222 2166 4275 velim
2190 4238 2386 4276 noscas
2420 4238 2509 4275 me
2531 4220 2762 4275 minime
2792 4220 3224 4274 commissurum
3243 4223 3307 4271 ut
3326 4216 3432 4271 tibi

1826 4328 2075 4382 paream,
2112 4311 2170 4364 in
2214 4312 2523 4381 eademque
2564 4316 2751 4365 tecum
2805 4325 2940 4378 erga
2983 4309 3163 4362 Deum
3200 4305 3433 4377 ingrati-

1831 4402 2027 4456 tudine
2058 4419 2274 4467 verser;
2324 4407 2494 4471 atque
2522 4416 2651 4454 eum
2682 4398 2778 4470 qui
2806 4398 3071 4469 praeclare
3100 4396 3169 4449 de
3200 4411 3289 4449 me
3314 4411 3434 4449 me-

160 4487 212 4537 te
230 4485 497 4558 abrupisti
515 4504 581 4540 ac
601 4487 921 4558 sejunxisti.
945 4488 1137 4558 anue
1160 4487 1230 4541 de
1249 4505 1421 4543 causa
1440 4506 1540 4543 nos
1576 4490 1747 4544 etiam
1767 4483 1817 4541 D
1831 4492 1973 4545 ritus
2003 4497 2107 4555 est,
2133 4490 2386 4561 mihique
2407 4489 2647 4543 salutem
2670 4486 2882 4549 attulit,
2916 4485 3191 4554 abjurem,
3213 4483 3434 4537 etiamsi

164 4587 192 4625 a
217 4579 267 4628 te
286 4575 551 4646 disjuncti
576 4592 642 4629 ac
661 4576 912 4631 distracti
934 4593 1149 4642 sumus,
1164 4578 1432 4647 quoniam
1454 4584 1516 4632 tu
1544 4580 1603 4632 in
1620 4596 1747 4650 per:

162 4662 400 4731 spicuum
419 4669 477 4719 et
500 4664 879 4721 indubitatum
902 4665 1135 4719 exitium
1155 4665 1290 4727 ruis,
1311 4683 1375 4720 ac
1390 4683 1490 4722 nos
1512 4667 1569 4721 in
1597 4641 1755 4722 idem

163 4751 458 4820 paniculum
479 4753 792 4825 praecipites
806 4754 938 4809 ferri
950 4754 1123 4823 cogis.
1138 4755 1283 4809 Nam
1296 4757 1543 4827 quandiu
1559 4757 1619 4811 in
1630 4758 1749 4811 sola

157 4842 335 4895 mundi
378 4842 584 4897 militia
623 4842 1009 4909 censebamur,
1062 4843 1277 4898 nullam
1316 4845 1481 4899 cilicii
1529 4852 1748 4916 partem

160 4928 733 4997 praztermittebamus.
750 4933 829 4986 Ac
847 4937 913 4987 tu
941 4949 1163 5002 quoque
1179 4934 1424 5005 optimus
1440 4935 1601 4988 testis
1614 4935 1743 5003 eris,

162 5031 255 5073 nos
282 5035 381 5074 nec
410 5020 785 5091 negligentiae,
819 5038 923 5076 nec
951 5022 1217 5077 socordiae
1245 5023 1471 5078 nomine
1497 5041 1749 5095 unquam

161 5121 272 5162 esse
310 5115 537 5165 notatos
563 5128 629 5165 ac
665 5111 1054 5181 reprehensos.

1831 4580 1964 4633 feris
2002 4596 2092 4632 me
2121 4578 2479 4632 lacerandum
2511 4586 2570 4630 et
2609 4574 3016 4628 absumendum
3042 4571 3291 4641 objicias,
3335 4574 3437 4625 aut

1827 4667 2033 4737 gladio,
2063 4672 2165 4720 aut
2183 4666 2301 4735 igni
2322 4682 2413 4719 me
2443 4664 2687 4728 addicas,
2724 4678 2846 4732 quae
2878 4660 3104 4730 quidem
3134 4660 3192 4712 in
3213 4664 3313 4712 tua
3341 4675 3437 4729 po-

1829 4761 2035 4809 testate
2064 4754 2175 4807 sita
2194 4760 2351 4811 sunt.
2396 4755 2591 4822 Neque
2620 4751 2777 4805 enim
2811 4753 3053 4802 mortem
3084 4748 3433 4814 exstimcsco,

1829 4860 1931 4898 nec
1946 4842 2243 4914 praesentia
2261 4848 2477 4913 expeto,
2499 4842 2705 4912 quippe
2723 4853 2845 4909 quae
2862 4852 3134 4908 perquam
3156 4835 3437 4892 imbecilla

1833 4939 1889 4987 et
1912 4948 2056 4986 vana
2084 4948 2206 4985 esse
2224 4935 2575 5002 compertum
2589 4928 2846 4983 habeam.
2863 4926 3010 4990 Quid
3041 4925 3190 4982 enim
3214 4926 3272 4980 in
3301 4925 3436 4997 ipsis

1836 5020 2096 5077 utilitatis
2119 5020 2239 5074 est?
2280 5020 2413 5091 quid
2453 5019 2597 5090 quod
2645 5016 2846 5071 stabile
2875 5016 2950 5070 sit
2979 5015 3439 5069 acidiuturnum?

1836 5114 2031 5183 Neque
2058 5112 2115 5164 id
2135 5111 2337 5176 solum,
2365 5126 2560 5164 verum
2584 5109 2777 5175 etiam,
2805 5114 2929 5162 tum
2952 5118 3175 5176 quoque
3195 5120 3321 5158 cum
3344 5103 3440 5159 ad-

228 5196 600 5269 Posteaquam
628 5205 818 5254 autem
844 5200 902 5254 id
925 5216 1166 5270 quoque,
1199 5202 1345 5271 quod
1377 5202 1631 5256 omnium
1660 5202 1754 5257 bo-
1837 5209 1988 5265 sunt,
2004 5199 2350 5271 ingensipsis
2370 5215 2622 5253 aerumna
2642 5199 2943 5267 conjuncta
2962 5199 3064 5259 est,
3091 5195 3288 5263 ingens
3308 5208 3440 5247 mce-

159 5298 346 5340 norum
368 5293 540 5358 caput
557 5293 661 5354 est,
685 5289 789 5342 hoc
809 5294 897 5341 est
912 5289 1198 5359 pietatem,
1222 5290 1382 5344 nobis
1402 5298 1753 5362 extorquere,
1840 5308 1952 5357 ror,
1985 5290 2182 5360 ingens
2208 5295 2265 5343 et
2290 5294 2561 5360 perpetua
2582 5285 2926 5352 sollicitudo,
2941 5282 3221 5353 siquidem
3241 5298 3439 5337 eorum

160 5370 361 5445 Deique
410 5376 749 5432 detrimento
791 5378 961 5447 (quod
998 5378 1466 5434 detrimentorum
1505 5381 1757 5435 omnium
1840 5380 2109 5450 voluptati
2140 5396 2204 5433 ac
2232 5377 2576 5450 perceptioni
2598 5376 2738 5429 nihil
2759 5389 2872 5427 non
2901 5370 3440 5426 moestitiaeacdolo-

166 5468 467 5519 extremum
489 5482 556 5520 ac
572 5465 971 5537 gravissimum
987 5471 1091 5534 est)
1105 5484 1205 5522 nos
1225 5468 1448 5523 allicere
1468 5470 1753 5535 studuisti,
1841 5469 1921 5523 ris
1941 5468 2221 5523 adnexum
2247 5473 2333 5522 est
2364 5484 2375 5520 :
2405 5468 2656 5538 ipsorum
2684 5461 2910 5527 divitiae,
2947 5466 3248 5531 paupertas
3274 5466 3433 5527 sunt;

168 5549 425 5625 nobisque
442 5554 671 5611 interim
689 5556 928 5610 honores
958 5555 1029 5610 ob
1044 5572 1170 5611 eam
1190 5574 1417 5612 causam
1436 5559 1495 5614 in
1520 5576 1623 5614 nos
1643 5560 1759 5613 col-
1842 5559 2094 5630 ipsorum
2118 5557 2451 5623 sublimitas,
2485 5561 2736 5610 extrema
2758 5550 3017 5621 dejectio.
3046 5549 3318 5614 Quisnam
3344 5565 3440 5605 au-

168 5636 302 5696 latos
334 5648 508 5716 atque
518 5644 866 5717 amplissima
883 5643 1157 5701 beneﬁcia
1174 5646 1235 5702 in
1253 5648 1587 5705 memoriam
1606 5664 1761 5704 revo-
1838 5653 1959 5702 tem
1978 5663 2174 5704 eorum
2194 5648 2345 5703 mala
2363 5643 2745 5703 enumerando
2765 5637 3030 5712 consequi
3059 5640 3275 5712 possit?
3305 5640 3443 5708 Quae
