  <div class='ocr_page' id='page_1' title='image "/cluster/home/n/w/nwhite01/storage/ocr_20150623/73/umn.31951002477366m/233.png"; bbox 0 0 3878 6388; ppageno 0'>
   <div class='ocr_carea' id='block_1_1' title="bbox 465 381 574 438">
    <p class='ocr_par' dir='ltr' id='par_1_1' title="bbox 465 381 574 438">
     <span class='ocr_line' id='line_1_1' title="bbox 465 381 574 438; baseline 0.018 -2"><span class='ocrx_word' id='word_1_1' title='bbox 465 381 574 438; x_wconf 80' lang='grc'><strong>455</strong></span> 
     </span>
    </p>
   </div>
   <div class='ocr_carea' id='block_1_2' title="bbox 1497 366 2731 432">
    <p class='ocr_par' dir='ltr' id='par_1_2' title="bbox 1497 366 2731 432">
     <span class='ocr_line' id='line_1_2' title="bbox 1497 366 2731 432; baseline -0.012 1"><span class='ocrx_word' id='word_1_2' title='bbox 1497 377 1591 432; x_wconf 87' lang='lat' dir='ltr'><strong>DE</strong></span> <span class='ocrx_word' id='word_1_3' title='bbox 1628 376 1818 432; x_wconf 84' lang='lat' dir='ltr'><strong>VITIS</strong></span> <span class='ocrx_word' id='word_1_4' title='bbox 1856 371 2151 430; x_wconf 84' lang='lat' dir='ltr'><strong>PATRUM</strong></span> <span class='ocrx_word' id='word_1_5' title='bbox 2189 367 2404 424; x_wconf 87' lang='lat' dir='ltr'><strong>LIBER</strong></span> <span class='ocrx_word' id='word_1_6' title='bbox 2440 366 2731 421; x_wconf 83' lang='lat' dir='ltr'><strong>PRIMUS.</strong></span> 
     </span>
    </p>
   </div>
   <div class='ocr_carea' id='block_1_3' title="bbox 3623 363 3718 420">
    <p class='ocr_par' dir='ltr' id='par_1_3' title="bbox 3623 363 3718 420">
     <span class='ocr_line' id='line_1_3' title="bbox 3623 363 3718 420; baseline -0.021 0"><span class='ocrx_word' id='word_1_7' title='bbox 3623 363 3718 420; x_wconf 66' lang='grc'>456</span> 
     </span>
    </p>
   </div>
   <div class='ocr_carea' id='block_1_4' title="bbox 465 487 3719 580">
    <p class='ocr_par' dir='ltr' id='par_1_4' title="bbox 465 487 3719 580">
     <span class='ocr_line' id='line_1_4' title="bbox 465 487 3719 580; baseline -0.006 -18"><span class='ocrx_word' id='word_1_8' title='bbox 465 508 808 580; x_wconf 90' lang='lat' dir='ltr'><strong>temporaria</strong></span> <span class='ocrx_word' id='word_1_9' title='bbox 833 513 937 572; x_wconf 91' lang='lat' dir='ltr'><strong>est,</strong></span> <span class='ocrx_word' id='word_1_10' title='bbox 970 503 1246 559; x_wconf 80' lang='lat' dir='ltr'>acerbitas</span> <span class='ocrx_word' id='word_1_11' title='bbox 1274 506 1465 556; x_wconf 87' lang='lat' dir='ltr'><strong>autem</strong></span> <span class='ocrx_word' id='word_1_12' title='bbox 1486 501 1866 571; x_wconf 88' lang='lat' dir='ltr'><strong>sempiterna:</strong></span> <span class='ocrx_word' id='word_1_13' title='bbox 1893 497 2056 554; x_wconf 88' lang='lat' dir='ltr'><strong>Chri-</strong></span> <span class='ocrx_word' id='word_1_14' title='bbox 2071 497 2123 556; x_wconf 81' lang='grc' dir='ltr'><strong>Î‘</strong></span> <span class='ocrx_word' id='word_1_15' title='bbox 2139 494 2279 547; x_wconf 91' lang='lat' dir='ltr'><strong>duos</strong></span> <span class='ocrx_word' id='word_1_16' title='bbox 2307 492 2610 545; x_wconf 84' lang='lat' dir='ltr'><strong>monachos</strong></span> <span class='ocrx_word' id='word_1_17' title='bbox 2630 508 2731 562; x_wconf 93' lang='lat' dir='ltr'><strong>per</strong></span> <span class='ocrx_word' id='word_1_18' title='bbox 2749 490 3033 544; x_wconf 90' lang='lat' dir='ltr'><strong>desertum</strong></span> <span class='ocrx_word' id='word_1_19' title='bbox 3065 487 3176 542; x_wconf 83' lang='lat' dir='ltr'><strong>iter</strong></span> <span class='ocrx_word' id='word_1_20' title='bbox 3209 487 3484 542; x_wconf 72' lang='lat' dir='ltr'><strong>facientes</strong></span> <span class='ocrx_word' id='word_1_21' title='bbox 3539 490 3719 543; x_wconf 87' lang='lat' dir='ltr'><strong>cernit.</strong></span> 
     </span>
    </p>
   </div>
   <div class='ocr_carea' id='block_1_5' title="bbox 467 589 2062 662">
    <p class='ocr_par' dir='ltr' id='par_1_5' title="bbox 467 589 2062 662">
     <span class='ocr_line' id='line_1_5' title="bbox 467 589 2062 662; baseline -0.008 -11"><span class='ocrx_word' id='word_1_22' title='bbox 467 598 776 650; x_wconf 87' lang='lat' dir='ltr'><strong>stianorum</strong></span> <span class='ocrx_word' id='word_1_23' title='bbox 805 600 1000 648; x_wconf 84' lang='lat' dir='ltr'><strong>contra</strong></span> <span class='ocrx_word' id='word_1_24' title='bbox 1029 593 1188 647; x_wconf 87' lang='lat' dir='ltr'><strong>labor</strong></span> <span class='ocrx_word' id='word_1_25' title='bbox 1219 591 1444 662; x_wconf 92' lang='lat' dir='ltr'><strong>quidem</strong></span> <span class='ocrx_word' id='word_1_26' title='bbox 1465 589 1841 660; x_wconf 86' lang='lat' dir='ltr'><strong>temporarius</strong></span> <span class='ocrx_word' id='word_1_27' title='bbox 1861 594 2062 652; x_wconf 86' lang='lat' dir='ltr'><strong>est,vo-</strong></span> 
     </span>
    </p>
   </div>
   <div class='ocr_carea' id='block_1_6' title="bbox 467 675 2064 756">
    <p class='ocr_par' dir='ltr' id='par_1_6' title="bbox 467 675 2064 756">
     <span class='ocr_line' id='line_1_6' title="bbox 467 675 2064 756; baseline -0.007 -17"><span class='ocrx_word' id='word_1_28' title='bbox 467 687 650 756; x_wconf 85' lang='lat' dir='ltr'><strong>luptas</strong></span> <span class='ocrx_word' id='word_1_29' title='bbox 678 689 868 738; x_wconf 88' lang='lat' dir='ltr'><strong>autem</strong></span> <span class='ocrx_word' id='word_1_30' title='bbox 890 689 947 736; x_wconf 90' lang='lat' dir='ltr'><strong>et</strong></span> <span class='ocrx_word' id='word_1_31' title='bbox 963 683 1177 736; x_wconf 72' lang='lat' dir='ltr'><strong>utilitas</strong></span> <span class='ocrx_word' id='word_1_32' title='bbox 1199 675 2064 742; x_wconf 82' lang='lat' dir='ltr'><strong>immortalis.Quamobremfeli-</strong></span> 
     </span>
    </p>
   </div>
   <div class='ocr_carea' id='block_1_7' title="bbox 465 764 2063 831">
    <p class='ocr_par' dir='ltr' id='par_1_7' title="bbox 465 764 2063 831">
     <span class='ocr_line' id='line_1_7' title="bbox 465 764 2063 831; baseline -0.006 -4"><span class='ocrx_word' id='word_1_33' title='bbox 465 773 603 827; x_wconf 91' lang='lat' dir='ltr'><strong>citer</strong></span> <span class='ocrx_word' id='word_1_34' title='bbox 620 773 782 826; x_wconf 80' lang='lat' dir='ltr'><strong>velim</strong></span> <span class='ocrx_word' id='word_1_35' title='bbox 803 772 966 825; x_wconf 89' lang='lat' dir='ltr'><strong>cedat</strong></span> <span class='ocrx_word' id='word_1_36' title='bbox 985 771 1195 824; x_wconf 91' lang='lat' dir='ltr'><strong>bonum</strong></span> <span class='ocrx_word' id='word_1_37' title='bbox 1217 776 1379 823; x_wconf 88' lang='lat' dir='ltr'><strong>tuum</strong></span> <span class='ocrx_word' id='word_1_38' title='bbox 1405 768 1918 831; x_wconf 54' lang='lat' dir='ltr'><strong>consilium.%49</strong></span> <span class='ocrx_word' id='word_1_39' title='bbox 1937 764 2063 818; x_wconf 83' lang='lat' dir='ltr'><strong>Pul-</strong></span> 
     </span>
    </p>
   </div>
   <div class='ocr_carea' id='block_1_8' title="bbox 463 855 2065 930">
    <p class='ocr_par' dir='ltr' id='par_1_8' title="bbox 463 855 2065 930">
     <span class='ocr_line' id='line_1_8' title="bbox 463 855 2065 930; baseline -0.006 -14"><span class='ocrx_word' id='word_1_40' title='bbox 463 863 658 916; x_wconf 90' lang='lat' dir='ltr'><strong>chrum</strong></span> <span class='ocrx_word' id='word_1_41' title='bbox 671 867 756 916; x_wconf 89' lang='lat' dir='ltr'><strong>est</strong></span> <span class='ocrx_word' id='word_1_42' title='bbox 770 862 941 925; x_wconf 89' lang='lat' dir='ltr'><strong>enim,</strong></span> <span class='ocrx_word' id='word_1_43' title='bbox 975 877 1040 914; x_wconf 93' lang='lat' dir='ltr'><strong>ac</strong></span> <span class='ocrx_word' id='word_1_44' title='bbox 1069 860 1228 913; x_wconf 89' lang='lat' dir='ltr'><strong>valde</strong></span> <span class='ocrx_word' id='word_1_45' title='bbox 1257 859 1572 930; x_wconf 90' lang='lat' dir='ltr'><strong>pulchrum,</strong></span> <span class='ocrx_word' id='word_1_46' title='bbox 1602 874 1669 910; x_wconf 88' lang='lat' dir='ltr'><strong>ea</strong></span> <span class='ocrx_word' id='word_1_47' title='bbox 1699 855 2065 926; x_wconf 76' lang='lat' dir='ltr'><strong>quaeinteritu</strong></span> 
     </span>
    </p>
   </div>
   <div class='ocr_carea' id='block_1_9' title="bbox 465 947 1806 1018">
    <p class='ocr_par' dir='ltr' id='par_1_9' title="bbox 465 947 1806 1018">
     <span class='ocr_line' id='line_1_9' title="bbox 465 947 1806 1018; baseline -0.005 -13"><span class='ocrx_word' id='word_1_48' title='bbox 465 951 702 1005; x_wconf 90' lang='lat' dir='ltr'><strong>obnoxia</strong></span> <span class='ocrx_word' id='word_1_49' title='bbox 731 957 866 1005; x_wconf 92' lang='lat' dir='ltr'><strong>sunt</strong></span> <span class='ocrx_word' id='word_1_50' title='bbox 893 967 1022 1004; x_wconf 94' lang='lat' dir='ltr'><strong>cum</strong></span> <span class='ocrx_word' id='word_1_51' title='bbox 1052 947 1410 1018; x_wconf 82' lang='lat' dir='ltr'><strong>sempiternis</strong></span> <span class='ocrx_word' id='word_1_52' title='bbox 1439 951 1806 1001; x_wconf 85' lang='lat' dir='ltr'><strong>commutare.</strong></span> 
     </span>
    </p>
   </div>
   <div class='ocr_carea' id='block_1_10' title="bbox 536 1032 2065 1106">
    <p class='ocr_par' dir='ltr' id='par_1_10' title="bbox 536 1032 2065 1106">
     <span class='ocr_line' id='line_1_10' title="bbox 536 1032 2065 1106; baseline -0.007 -12"><span class='ocrx_word' id='word_1_53' title='bbox 536 1041 636 1094; x_wconf 85' lang='lat' dir='ltr'><strong>His</strong></span> <span class='ocrx_word' id='word_1_54' title='bbox 674 1039 856 1093; x_wconf 83' lang='lat' dir='ltr'><strong>verbis</strong></span> <span class='ocrx_word' id='word_1_55' title='bbox 887 1039 1112 1102; x_wconf 83' lang='lat' dir='ltr'><strong>auditis,</strong></span> <span class='ocrx_word' id='word_1_56' title='bbox 1147 1055 1241 1091; x_wconf 89' lang='lat' dir='ltr'><strong>rex</strong></span> <span class='ocrx_word' id='word_1_57' title='bbox 1273 1037 1635 1090; x_wconf 82' lang='lat' dir='ltr'><strong>vehementer</strong></span> <span class='ocrx_word' id='word_1_58' title='bbox 1663 1034 1888 1106; x_wconf 88' lang='lat' dir='ltr'><strong>quidem</strong></span> <span class='ocrx_word' id='word_1_59' title='bbox 1922 1032 2065 1085; x_wconf 91' lang='lat' dir='ltr'><strong>indi-</strong></span> 
     </span>
    </p>
   </div>
   <div class='ocr_carea' id='block_1_11' title="bbox 462 1122 2061 1200">
    <p class='ocr_par' dir='ltr' id='par_1_11' title="bbox 462 1122 2061 1200">
     <span class='ocr_line' id='line_1_11' title="bbox 462 1122 2061 1200; baseline -0.006 -18"><span class='ocrx_word' id='word_1_60' title='bbox 462 1135 667 1200; x_wconf 88' lang='lat' dir='ltr'><strong>gnatus</strong></span> <span class='ocrx_word' id='word_1_61' title='bbox 699 1134 812 1194; x_wconf 90' lang='lat' dir='ltr'><strong>est;</strong></span> <span class='ocrx_word' id='word_1_62' title='bbox 835 1133 1096 1182; x_wconf 54' lang='lat' dir='ltr'><strong>caeterum</strong></span> <span class='ocrx_word' id='word_1_63' title='bbox 1121 1125 1468 1181; x_wconf 83' lang='lat' dir='ltr'><strong>iracundiam</strong></span> <span class='ocrx_word' id='word_1_64' title='bbox 1501 1122 1848 1194; x_wconf 82' lang='lat' dir='ltr'><strong>compressit,</strong></span> <span class='ocrx_word' id='word_1_65' title='bbox 1879 1138 2061 1191; x_wconf 92' lang='lat' dir='ltr'><strong>neque</strong></span> 
     </span>
    </p>
   </div>
   <div class='ocr_carea' id='block_1_12' title="bbox 461 1211 2063 1290">
    <p class='ocr_par' dir='ltr' id='par_1_12' title="bbox 461 1211 2063 1290">
     <span class='ocr_line' id='line_1_12' title="bbox 461 1211 2063 1290; baseline -0.006 -18"><span class='ocrx_word' id='word_1_66' title='bbox 461 1218 568 1290; x_wconf 89' lang='lat' dir='ltr'><strong>ipsi</strong></span> <span class='ocrx_word' id='word_1_67' title='bbox 595 1224 720 1272; x_wconf 90' lang='lat' dir='ltr'><strong>tum</strong></span> <span class='ocrx_word' id='word_1_68' title='bbox 749 1218 1056 1288; x_wconf 86' lang='lat' dir='ltr'><strong>quidquam</strong></span> <span class='ocrx_word' id='word_1_69' title='bbox 1085 1217 1304 1270; x_wconf 90' lang='lat' dir='ltr'><strong>locutus</strong></span> <span class='ocrx_word' id='word_1_70' title='bbox 1334 1221 1436 1268; x_wconf 88' lang='lat' dir='ltr'><strong>est.</strong></span> <span class='ocrx_word' id='word_1_71' title='bbox 1468 1215 1541 1268; x_wconf 84' lang='lat' dir='ltr'><strong>At</strong></span> <span class='ocrx_word' id='word_1_72' title='bbox 1568 1214 1682 1278; x_wconf 91' lang='lat' dir='ltr'><strong>ille,</strong></span> <span class='ocrx_word' id='word_1_73' title='bbox 1716 1218 1779 1266; x_wconf 91' lang='lat' dir='ltr'><strong>ut</strong></span> <span class='ocrx_word' id='word_1_74' title='bbox 1808 1211 1905 1282; x_wconf 90' lang='lat' dir='ltr'><strong>qui</strong></span> <span class='ocrx_word' id='word_1_75' title='bbox 1936 1227 2063 1280; x_wconf 90' lang='lat' dir='ltr'><strong>pru-</strong></span> 
     </span>
    </p>
   </div>
   <div class='ocr_carea' id='block_1_13' title="bbox 465 1301 2064 1376">
    <p class='ocr_par' dir='ltr' id='par_1_13' title="bbox 465 1301 2064 1376">
     <span class='ocr_line' id='line_1_13' title="bbox 465 1301 2064 1376; baseline -0.006 -15"><span class='ocrx_word' id='word_1_76' title='bbox 465 1307 681 1361; x_wconf 89' lang='lat' dir='ltr'><strong>densac</strong></span> <span class='ocrx_word' id='word_1_77' title='bbox 701 1324 874 1376; x_wconf 83' lang='lat' dir='ltr'><strong>sagax</strong></span> <span class='ocrx_word' id='word_1_78' title='bbox 898 1311 1260 1374; x_wconf 88' lang='lat' dir='ltr'><strong>esset,regem</strong></span> <span class='ocrx_word' id='word_1_79' title='bbox 1279 1320 1383 1358; x_wconf 91' lang='lat' dir='ltr'><strong>sua</strong></span> <span class='ocrx_word' id='word_1_80' title='bbox 1403 1301 1570 1356; x_wconf 90' lang='lat' dir='ltr'><strong>verba</strong></span> <span class='ocrx_word' id='word_1_81' title='bbox 1600 1301 1844 1372; x_wconf 82' lang='lat' dir='ltr'><strong>graviter</strong></span> <span class='ocrx_word' id='word_1_82' title='bbox 1859 1306 1915 1353; x_wconf 93' lang='lat' dir='ltr'><strong>et</strong></span> <span class='ocrx_word' id='word_1_83' title='bbox 1941 1317 2064 1353; x_wconf 91' lang='lat' dir='ltr'><strong>mo-</strong></span> 
     </span>
    </p>
   </div>
   <div class='ocr_carea' id='block_1_14' title="bbox 471 1387 2062 1465">
    <p class='ocr_par' dir='ltr' id='par_1_14' title="bbox 471 1387 2062 1465">
     <span class='ocr_line' id='line_1_14' title="bbox 471 1387 2062 1465; baseline -0.006 -16"><span class='ocrx_word' id='word_1_84' title='bbox 471 1396 610 1449; x_wconf 92' lang='lat' dir='ltr'><strong>leste</strong></span> <span class='ocrx_word' id='word_1_85' title='bbox 634 1395 913 1465; x_wconf 87' lang='lat' dir='ltr'><strong>accepisse</strong></span> <span class='ocrx_word' id='word_1_86' title='bbox 939 1393 1356 1457; x_wconf 84' lang='lat' dir='ltr'><strong>animadvertit,</strong></span> <span class='ocrx_word' id='word_1_87' title='bbox 1401 1397 1734 1460; x_wconf 91' lang='lat' dir='ltr'><strong>versutoque</strong></span> <span class='ocrx_word' id='word_1_88' title='bbox 1789 1389 1978 1442; x_wconf 89' lang='lat' dir='ltr'><strong>animo</strong></span> <span class='ocrx_word' id='word_1_89' title='bbox 2008 1387 2062 1440; x_wconf 90' lang='lat' dir='ltr'><strong>id</strong></span> 
     </span>
    </p>
   </div>
   <div class='ocr_carea' id='block_1_15' title="bbox 469 1478 2062 1553">
    <p class='ocr_par' dir='ltr' id='par_1_15' title="bbox 469 1478 2062 1553">
     <span class='ocr_line' id='line_1_15' title="bbox 469 1478 2062 1553; baseline -0.006 -15"><span class='ocrx_word' id='word_1_90' title='bbox 469 1483 750 1538; x_wconf 82' lang='lat' dir='ltr'><strong>duntaxat</strong></span> <span class='ocrx_word' id='word_1_91' title='bbox 777 1484 978 1553; x_wconf 89' lang='lat' dir='ltr'><strong>egisse,</strong></span> <span class='ocrx_word' id='word_1_92' title='bbox 1012 1487 1076 1536; x_wconf 93' lang='lat' dir='ltr'><strong>ut</strong></span> <span class='ocrx_word' id='word_1_93' title='bbox 1097 1483 1272 1553; x_wconf 87' lang='lat' dir='ltr'><strong>ipsius</strong></span> <span class='ocrx_word' id='word_1_94' title='bbox 1299 1481 1552 1534; x_wconf 90' lang='lat' dir='ltr'><strong>animum</strong></span> <span class='ocrx_word' id='word_1_95' title='bbox 1585 1481 1935 1550; x_wconf 84' lang='lat' dir='ltr'><strong>exploraret;</strong></span> <span class='ocrx_word' id='word_1_96' title='bbox 1962 1478 2062 1530; x_wconf 87' lang='lat' dir='ltr'><strong>do-</strong></span> 
     </span>
    </p>
   </div>
   <div class='ocr_carea' id='block_1_16' title="bbox 470 1569 2064 1643">
    <p class='ocr_par' dir='ltr' id='par_1_16' title="bbox 470 1569 2064 1643">
     <span class='ocr_line' id='line_1_16' title="bbox 470 1569 2064 1643; baseline -0.006 -16"><span class='ocrx_word' id='word_1_97' title='bbox 470 1590 738 1643; x_wconf 89' lang='lat' dir='ltr'><strong>mumque</strong></span> <span class='ocrx_word' id='word_1_98' title='bbox 759 1589 1031 1637; x_wconf 81' lang='lat' dir='ltr'><strong>reversus,</strong></span> <span class='ocrx_word' id='word_1_99' title='bbox 1056 1572 1113 1624; x_wconf 92' lang='lat' dir='ltr'><strong>in</strong></span> <span class='ocrx_word' id='word_1_100' title='bbox 1137 1588 1374 1624; x_wconf 68' lang='lat' dir='ltr'><strong>mmrore</strong></span> <span class='ocrx_word' id='word_1_101' title='bbox 1397 1575 1565 1639; x_wconf 89' lang='lat' dir='ltr'><strong>atque</strong></span> <span class='ocrx_word' id='word_1_102' title='bbox 1583 1569 1852 1638; x_wconf 85' lang='lat' dir='ltr'><strong>languore</strong></span> <span class='ocrx_word' id='word_1_103' title='bbox 1878 1583 2064 1619; x_wconf 86' lang='lat' dir='ltr'><strong>versa-</strong></span> 
     </span>
    </p>
   </div>
   <div class='ocr_carea' id='block_1_17' title="bbox 471 1655 2067 1731">
    <p class='ocr_par' dir='ltr' id='par_1_17' title="bbox 471 1655 2067 1731">
     <span class='ocr_line' id='line_1_17' title="bbox 471 1655 2067 1731; baseline -0.005 -16"><span class='ocrx_word' id='word_1_104' title='bbox 471 1661 659 1731; x_wconf 86' lang='lat' dir='ltr'><strong>batur,</strong></span> <span class='ocrx_word' id='word_1_105' title='bbox 681 1661 1017 1715; x_wconf 87' lang='lat' dir='ltr'><strong>addubitans</strong></span> <span class='ocrx_word' id='word_1_106' title='bbox 1046 1660 1303 1713; x_wconf 77' lang='lat' dir='ltr'><strong>videlicet</strong></span> <span class='ocrx_word' id='word_1_107' title='bbox 1323 1675 1566 1730; x_wconf 88' lang='lat' dir='ltr'><strong>quonam</strong></span> <span class='ocrx_word' id='word_1_108' title='bbox 1590 1658 1755 1710; x_wconf 88' lang='lat' dir='ltr'><strong>modo</strong></span> <span class='ocrx_word' id='word_1_109' title='bbox 1787 1656 1934 1724; x_wconf 86' lang='lat' dir='ltr'><strong>regis</strong></span> <span class='ocrx_word' id='word_1_110' title='bbox 1949 1655 2067 1708; x_wconf 84' lang='lat' dir='ltr'><strong>ani-</strong></span> 
     </span>
    </p>
   </div>
   <div class='ocr_carea' id='block_1_18' title="bbox 471 1744 2065 1820">
    <p class='ocr_par' dir='ltr' id='par_1_18' title="bbox 471 1744 2065 1820">
     <span class='ocr_line' id='line_1_18' title="bbox 471 1744 2065 1820; baseline -0.004 -16"><span class='ocrx_word' id='word_1_111' title='bbox 471 1768 626 1804; x_wconf 90' lang='lat' dir='ltr'><strong>mum</strong></span> <span class='ocrx_word' id='word_1_112' title='bbox 658 1751 959 1820; x_wconf 86' lang='lat' dir='ltr'><strong>mitigaret,</strong></span> <span class='ocrx_word' id='word_1_113' title='bbox 994 1756 1162 1820; x_wconf 85' lang='lat' dir='ltr'><strong>atque</strong></span> <span class='ocrx_word' id='word_1_114' title='bbox 1185 1749 1514 1818; x_wconf 87' lang='lat' dir='ltr'><strong>impendens</strong></span> <span class='ocrx_word' id='word_1_115' title='bbox 1535 1747 1636 1799; x_wconf 86' lang='lat' dir='ltr'><strong>sibi</strong></span> <span class='ocrx_word' id='word_1_116' title='bbox 1660 1746 1969 1816; x_wconf 89' lang='lat' dir='ltr'><strong>periculum</strong></span> <span class='ocrx_word' id='word_1_117' title='bbox 1983 1744 2065 1797; x_wconf 86' lang='lat' dir='ltr'><strong>ef-</strong></span> 
     </span>
    </p>
   </div>
   <div class='ocr_carea' id='block_1_19' title="bbox 2143 577 3724 651">
    <p class='ocr_par' dir='ltr' id='par_1_19' title="bbox 2143 577 3724 651">
     <span class='ocr_line' id='line_1_19' title="bbox 2143 577 3724 651; baseline -0.003 -15"><span class='ocrx_word' id='word_1_118' title='bbox 2143 584 2296 646; x_wconf 91' lang='lat' dir='ltr'><strong>Quos</strong></span> <span class='ocrx_word' id='word_1_119' title='bbox 2319 583 2508 634; x_wconf 83' lang='lat' dir='ltr'><strong>statim</strong></span> <span class='ocrx_word' id='word_1_120' title='bbox 2527 579 2944 651; x_wconf 89' lang='lat' dir='ltr'><strong>comprehendi,</strong></span> <span class='ocrx_word' id='word_1_121' title='bbox 2968 585 3026 632; x_wconf 90' lang='lat' dir='ltr'><strong>et</strong></span> <span class='ocrx_word' id='word_1_122' title='bbox 3044 578 3113 632; x_wconf 87' lang='lat' dir='ltr'><strong>ad</strong></span> <span class='ocrx_word' id='word_1_123' title='bbox 3137 594 3365 632; x_wconf 89' lang='lat' dir='ltr'><strong>currum</strong></span> <span class='ocrx_word' id='word_1_124' title='bbox 3378 594 3549 631; x_wconf 87' lang='lat' dir='ltr'><strong>suum</strong></span> <span class='ocrx_word' id='word_1_125' title='bbox 3571 577 3724 631; x_wconf 82' lang='lat' dir='ltr'><strong>addu-</strong></span> 
     </span>
    </p>
   </div>
   <div class='ocr_carea' id='block_1_20' title="bbox 2144 667 3721 741">
    <p class='ocr_par' dir='ltr' id='par_1_20' title="bbox 2144 667 3721 741">
     <span class='ocr_line' id='line_1_20' title="bbox 2144 667 3721 741; baseline -0.003 -17"><span class='ocrx_word' id='word_1_126' title='bbox 2144 673 2192 724; x_wconf 88' lang='lat' dir='ltr'><strong>ci</strong></span> <span class='ocrx_word' id='word_1_127' title='bbox 2213 671 2402 741; x_wconf 86' lang='lat' dir='ltr'><strong>jussit.</strong></span> <span class='ocrx_word' id='word_1_128' title='bbox 2435 672 2619 740; x_wconf 81' lang='lat' dir='ltr'><strong>Atque</strong></span> <span class='ocrx_word' id='word_1_129' title='bbox 2640 669 2921 723; x_wconf 88' lang='lat' dir='ltr'><strong>iracundis</strong></span> <span class='ocrx_word' id='word_1_130' title='bbox 2942 668 3116 721; x_wconf 90' lang='lat' dir='ltr'><strong>oculis</strong></span> <span class='ocrx_word' id='word_1_131' title='bbox 3135 684 3228 720; x_wconf 91' lang='lat' dir='ltr'><strong>eos</strong></span> <span class='ocrx_word' id='word_1_132' title='bbox 3249 667 3499 729; x_wconf 88' lang='lat' dir='ltr'><strong>intuens,</strong></span> <span class='ocrx_word' id='word_1_133' title='bbox 3525 667 3721 736; x_wconf 85' lang='lat' dir='ltr'><strong>ignem-</strong></span> 
     </span>
    </p>
   </div>
   <div class='ocr_carea' id='block_1_21' title="bbox 2151 755 3724 830">
    <p class='ocr_par' dir='ltr' id='par_1_21' title="bbox 2151 755 3724 830">
     <span class='ocr_line' id='line_1_21' title="bbox 2151 755 3724 830; baseline -0.004 -17"><span class='ocrx_word' id='word_1_134' title='bbox 2151 776 2278 830; x_wconf 89' lang='lat' dir='ltr'><strong>que,</strong></span> <span class='ocrx_word' id='word_1_135' title='bbox 2306 765 2370 812; x_wconf 93' lang='lat' dir='ltr'><strong>ut</strong></span> <span class='ocrx_word' id='word_1_136' title='bbox 2388 759 2495 812; x_wconf 92' lang='lat' dir='ltr'><strong>dici</strong></span> <span class='ocrx_word' id='word_1_137' title='bbox 2525 759 2685 822; x_wconf 88' lang='lat' dir='ltr'><strong>solet,</strong></span> <span class='ocrx_word' id='word_1_138' title='bbox 2713 757 2930 828; x_wconf 86' lang='lat' dir='ltr'><strong>spirans</strong></span> <span class='ocrx_word' id='word_1_139' title='bbox 2958 755 3092 825; x_wconf 62' lang='lat'><strong>{10):</strong></span> <span class='ocrx_word' id='word_1_140' title='bbox 3124 758 3212 809; x_wconf 86' lang='lat' dir='ltr'><strong>An</strong></span> <span class='ocrx_word' id='word_1_141' title='bbox 3235 772 3347 809; x_wconf 91' lang='lat' dir='ltr'><strong>non</strong></span> <span class='ocrx_word' id='word_1_142' title='bbox 3375 755 3724 820; x_wconf 86' lang='lat' dir='ltr'><strong>audiistis,in-</strong></span> 
     </span>
    </p>
   </div>
   <div class='ocr_carea' id='block_1_22' title="bbox 2150 845 3723 918">
    <p class='ocr_par' dir='ltr' id='par_1_22' title="bbox 2150 845 3723 918">
     <span class='ocr_line' id='line_1_22' title="bbox 2150 845 3723 918; baseline -0.003 -16"><span class='ocrx_word' id='word_1_143' title='bbox 2150 849 2290 918; x_wconf 91' lang='lat' dir='ltr'><strong>quit,</strong></span> <span class='ocrx_word' id='word_1_144' title='bbox 2335 865 2368 902; x_wconf 95' lang='lat' dir='ltr'><strong>o</strong></span> <span class='ocrx_word' id='word_1_145' title='bbox 2417 849 2750 918; x_wconf 89' lang='lat' dir='ltr'><strong>impostorcs</strong></span> <span class='ocrx_word' id='word_1_146' title='bbox 2788 852 2845 900; x_wconf 91' lang='lat' dir='ltr'><strong>et</strong></span> <span class='ocrx_word' id='word_1_147' title='bbox 2871 845 3404 915; x_wconf 88' lang='lat' dir='ltr'><strong>circumscriptores,</strong></span> <span class='ocrx_word' id='word_1_148' title='bbox 3464 861 3723 915; x_wconf 60' lang='lat' dir='ltr'><strong>pracones</strong></span> 
     </span>
    </p>
   </div>
   <div class='ocr_carea' id='block_1_23' title="bbox 2146 933 3724 1008">
    <p class='ocr_par' dir='ltr' id='par_1_23' title="bbox 2146 933 3724 1008">
     <span class='ocr_line' id='line_1_23' title="bbox 2146 933 3724 1008; baseline -0.003 -17"><span class='ocrx_word' id='word_1_149' title='bbox 2146 955 2301 991; x_wconf 91' lang='lat' dir='ltr'><strong>meos</strong></span> <span class='ocrx_word' id='word_1_150' title='bbox 2323 944 2515 1008; x_wconf 88' lang='lat' dir='ltr'><strong>aperte</strong></span> <span class='ocrx_word' id='word_1_151' title='bbox 2539 935 2950 1007; x_wconf 85' lang='lat' dir='ltr'><strong>proclamantes</strong></span> <span class='ocrx_word' id='word_1_152' title='bbox 2969 951 3038 988; x_wconf 90' lang='lat' dir='ltr'><strong>ne</strong></span> <span class='ocrx_word' id='word_1_153' title='bbox 3056 934 3180 1004; x_wconf 90' lang='lat' dir='ltr'><strong>quis</strong></span> <span class='ocrx_word' id='word_1_154' title='bbox 3202 934 3371 987; x_wconf 77' lang='lat' dir='ltr'><strong>vestri</strong></span> <span class='ocrx_word' id='word_1_155' title='bbox 3390 933 3724 988; x_wconf 86' lang='lat' dir='ltr'><strong>diaboliciin-</strong></span> 
     </span>
    </p>
   </div>
   <div class='ocr_carea' id='block_1_24' title="bbox 2145 1022 3724 1097">
    <p class='ocr_par' dir='ltr' id='par_1_24' title="bbox 2145 1022 3724 1097">
     <span class='ocr_line' id='line_1_24' title="bbox 2145 1022 3724 1097; baseline -0.003 -16"><span class='ocrx_word' id='word_1_156' title='bbox 2145 1027 2328 1081; x_wconf 90' lang='lat' dir='ltr'><strong>stituti</strong></span> <span class='ocrx_word' id='word_1_157' title='bbox 2358 1032 2488 1097; x_wconf 87' lang='lat' dir='ltr'><strong>post</strong></span> <span class='ocrx_word' id='word_1_158' title='bbox 2514 1026 2764 1079; x_wconf 90' lang='lat' dir='ltr'><strong>triduum</strong></span> <span class='ocrx_word' id='word_1_159' title='bbox 2787 1025 2845 1078; x_wconf 92' lang='lat' dir='ltr'><strong>in</strong></span> <span class='ocrx_word' id='word_1_160' title='bbox 2873 1023 3012 1078; x_wconf 87' lang='lat' dir='ltr'><strong>urbe</strong></span> <span class='ocrx_word' id='word_1_161' title='bbox 3044 1029 3142 1077; x_wconf 91' lang='lat' dir='ltr'><strong>aut</strong></span> <span class='ocrx_word' id='word_1_162' title='bbox 3170 1023 3285 1076; x_wconf 89' lang='lat' dir='ltr'><strong>ulla</strong></span> <span class='ocrx_word' id='word_1_163' title='bbox 3323 1023 3490 1092; x_wconf 77' lang='lat' dir='ltr'><strong>regni</strong></span> <span class='ocrx_word' id='word_1_164' title='bbox 3519 1022 3627 1076; x_wconf 89' lang='lat' dir='ltr'><strong>mei</strong></span> <span class='ocrx_word' id='word_1_165' title='bbox 3650 1039 3724 1076; x_wconf 88' lang='lat' dir='ltr'><strong>re-</strong></span> 
     </span>
    </p>
   </div>
   <div class='ocr_carea' id='block_1_25' title="bbox 2141 1111 3722 1186">
    <p class='ocr_par' dir='ltr' id='par_1_25' title="bbox 2141 1111 3722 1186">
     <span class='ocr_line' id='line_1_25' title="bbox 2141 1111 3722 1186; baseline -0.003 -18"><span class='ocrx_word' id='word_1_166' title='bbox 2141 1115 2686 1186; x_wconf 91' lang='lat' dir='ltr'><strong>gioneinveniretur,</strong></span> <span class='ocrx_word' id='word_1_167' title='bbox 2718 1119 2817 1167; x_wconf 89' lang='lat' dir='ltr'><strong>aut</strong></span> <span class='ocrx_word' id='word_1_168' title='bbox 2846 1112 3056 1182; x_wconf 89' lang='lat' dir='ltr'><strong>alioqui</strong></span> <span class='ocrx_word' id='word_1_169' title='bbox 3080 1128 3307 1182; x_wconf 87' lang='lat' dir='ltr'><strong>prorsus</strong></span> <span class='ocrx_word' id='word_1_170' title='bbox 3325 1111 3447 1181; x_wconf 87' lang='lat' dir='ltr'><strong>igni</strong></span> <span class='ocrx_word' id='word_1_171' title='bbox 3468 1127 3722 1165; x_wconf 56' lang='lat' dir='ltr'><strong>cremare</strong></span> 
     </span>
    </p>
   </div>
   <div class='ocr_carea' id='block_1_26' title="bbox 2143 1199 3725 1271">
    <p class='ocr_par' dir='ltr' id='par_1_26' title="bbox 2143 1199 3725 1271">
     <span class='ocr_line' id='line_1_26' title="bbox 2143 1199 3725 1271; baseline -0.003 -13"><span class='ocrx_word' id='word_1_172' title='bbox 2143 1205 2272 1259; x_wconf 82' lang='lat' dir='ltr'><strong>tur?</strong></span> <span class='ocrx_word' id='word_1_173' title='bbox 2302 1203 2556 1258; x_wconf 86' lang='lat' dir='ltr'><strong>Monachi</strong></span> <span class='ocrx_word' id='word_1_174' title='bbox 2585 1210 2773 1256; x_wconf 91' lang='lat' dir='ltr'><strong>autem</strong></span> <span class='ocrx_word' id='word_1_175' title='bbox 2805 1202 2942 1268; x_wconf 90' lang='lat' dir='ltr'><strong>:En,</strong></span> <span class='ocrx_word' id='word_1_176' title='bbox 2965 1201 3246 1271; x_wconf 88' lang='lat' dir='ltr'><strong>inquiunt,</strong></span> <span class='ocrx_word' id='word_1_177' title='bbox 3273 1217 3375 1271; x_wconf 89' lang='lat' dir='ltr'><strong>pro</strong></span> <span class='ocrx_word' id='word_1_178' title='bbox 3409 1217 3478 1254; x_wconf 89' lang='lat' dir='ltr'><strong>eo</strong></span> <span class='ocrx_word' id='word_1_179' title='bbox 3498 1199 3725 1270; x_wconf 86' lang='lat' dir='ltr'><strong>acjussi-</strong></span> 
     </span>
    </p>
   </div>
   <div class='ocr_carea' id='block_1_27' title="bbox 2145 1289 3728 1360">
    <p class='ocr_par' dir='ltr' id='par_1_27' title="bbox 2145 1289 3728 1360">
     <span class='ocr_line' id='line_1_27' title="bbox 2145 1289 3728 1360; baseline -0.003 -14"><span class='ocrx_word' id='word_1_180' title='bbox 2145 1293 2237 1356; x_wconf 90' lang='lat' dir='ltr'><strong>sti,</strong></span> <span class='ocrx_word' id='word_1_181' title='bbox 2268 1310 2333 1346; x_wconf 92' lang='lat' dir='ltr'><strong>ex</strong></span> <span class='ocrx_word' id='word_1_182' title='bbox 2359 1291 2592 1346; x_wconf 89' lang='lat' dir='ltr'><strong>urbibus</strong></span> <span class='ocrx_word' id='word_1_183' title='bbox 2614 1291 2728 1345; x_wconf 89' lang='lat' dir='ltr'><strong>tuis</strong></span> <span class='ocrx_word' id='word_1_184' title='bbox 2753 1307 2817 1344; x_wconf 88' lang='lat' dir='ltr'><strong>ac</strong></span> <span class='ocrx_word' id='word_1_185' title='bbox 2841 1289 3164 1360; x_wconf 89' lang='lat' dir='ltr'><strong>regionibus</strong></span> <span class='ocrx_word' id='word_1_186' title='bbox 3175 1290 3520 1343; x_wconf 89' lang='lat' dir='ltr'><strong>excedimus.</strong></span> <span class='ocrx_word' id='word_1_187' title='bbox 3543 1289 3728 1342; x_wconf 75' lang='lat' dir='ltr'><strong>Verum</strong></span> 
     </span>
    </p>
   </div>
   <div class='ocr_carea' id='block_1_28' title="bbox 2146 1377 3728 1450">
    <p class='ocr_par' dir='ltr' id='par_1_28' title="bbox 2146 1377 3728 1450">
     <span class='ocr_line' id='line_1_28' title="bbox 2146 1377 3728 1450; baseline -0.003 -15"><span class='ocrx_word' id='word_1_188' title='bbox 2146 1382 2520 1450; x_wconf 87' lang='lat' dir='ltr'><strong>cumlongum</strong></span> <span class='ocrx_word' id='word_1_189' title='bbox 2551 1380 2711 1434; x_wconf 91' lang='lat' dir='ltr'><strong>nobis</strong></span> <span class='ocrx_word' id='word_1_190' title='bbox 2735 1380 2847 1433; x_wconf 85' lang='lat' dir='ltr'><strong>iter</strong></span> <span class='ocrx_word' id='word_1_191' title='bbox 2873 1378 3219 1450; x_wconf 88' lang='lat' dir='ltr'><strong>propositum</strong></span> <span class='ocrx_word' id='word_1_192' title='bbox 3243 1378 3336 1444; x_wconf 87' lang='lat' dir='ltr'><strong>sit,</strong></span> <span class='ocrx_word' id='word_1_193' title='bbox 3356 1385 3426 1432; x_wconf 91' lang='lat' dir='ltr'><strong>ut</strong></span> <span class='ocrx_word' id='word_1_194' title='bbox 3453 1378 3529 1432; x_wconf 87' lang='lat' dir='ltr'><strong>ad</strong></span> <span class='ocrx_word' id='word_1_195' title='bbox 3549 1377 3728 1431; x_wconf 85' lang='lat' dir='ltr'><strong>fratres</strong></span> 
     </span>
    </p>
   </div>
   <div class='ocr_carea' id='block_1_29' title="bbox 2147 1466 3729 1540">
    <p class='ocr_par' dir='ltr' id='par_1_29' title="bbox 2147 1466 3729 1540">
     <span class='ocr_line' id='line_1_29' title="bbox 2147 1466 3729 1540; baseline -0.003 -16"><span class='ocrx_word' id='word_1_196' title='bbox 2147 1477 2369 1524; x_wconf 89' lang='lat' dir='ltr'><strong>nostros</strong></span> <span class='ocrx_word' id='word_1_197' title='bbox 2400 1470 2837 1540; x_wconf 87' lang='lat' dir='ltr'><strong>proficiscamur,</strong></span> <span class='ocrx_word' id='word_1_198' title='bbox 2866 1485 2930 1522; x_wconf 87' lang='lat' dir='ltr'><strong>ac</strong></span> <span class='ocrx_word' id='word_1_199' title='bbox 2949 1467 3072 1520; x_wconf 92' lang='lat' dir='ltr'><strong>cibo</strong></span> <span class='ocrx_word' id='word_1_200' title='bbox 3094 1483 3408 1532; x_wconf 87' lang='lat' dir='ltr'><strong>careamus,</strong></span> <span class='ocrx_word' id='word_1_201' title='bbox 3438 1467 3545 1520; x_wconf 86' lang='lat' dir='ltr'><strong>hac</strong></span> <span class='ocrx_word' id='word_1_202' title='bbox 3565 1466 3729 1520; x_wconf 86' lang='lat' dir='ltr'><strong>viain-</strong></span> 
     </span>
    </p>
   </div>
   <div class='ocr_carea' id='block_1_30' title="bbox 2145 1554 3732 1628">
    <p class='ocr_par' dir='ltr' id='par_1_30' title="bbox 2145 1554 3732 1628">
     <span class='ocr_line' id='line_1_30' title="bbox 2145 1554 3732 1628; baseline -0.003 -16"><span class='ocrx_word' id='word_1_203' title='bbox 2145 1559 2415 1624; x_wconf 90' lang='lat' dir='ltr'><strong>cedimus,</strong></span> <span class='ocrx_word' id='word_1_204' title='bbox 2432 1565 2499 1612; x_wconf 92' lang='lat' dir='ltr'><strong>ut</strong></span> <span class='ocrx_word' id='word_1_205' title='bbox 2527 1558 2686 1612; x_wconf 89' lang='lat' dir='ltr'><strong>nobis</strong></span> <span class='ocrx_word' id='word_1_206' title='bbox 2703 1557 2904 1611; x_wconf 90' lang='lat' dir='ltr'><strong>viatica</strong></span> <span class='ocrx_word' id='word_1_207' title='bbox 2921 1562 3244 1628; x_wconf 83' lang='lat' dir='ltr'><strong>suppetant,</strong></span> <span class='ocrx_word' id='word_1_208' title='bbox 3277 1572 3381 1610; x_wconf 88' lang='lat' dir='ltr'><strong>nec</strong></span> <span class='ocrx_word' id='word_1_209' title='bbox 3411 1555 3562 1609; x_wconf 86' lang='lat' dir='ltr'><strong>fame</strong></span> <span class='ocrx_word' id='word_1_210' title='bbox 3591 1554 3732 1609; x_wconf 81' lang='lat' dir='ltr'><strong>absu-</strong></span> 
     </span>
    </p>
   </div>
   <div class='ocr_carea' id='block_1_31' title="bbox 2146 1644 3732 1717">
    <p class='ocr_par' dir='ltr' id='par_1_31' title="bbox 2146 1644 3732 1717">
     <span class='ocr_line' id='line_1_31' title="bbox 2146 1644 3732 1717; baseline -0.003 -16"><span class='ocrx_word' id='word_1_211' title='bbox 2146 1664 2388 1702; x_wconf 91' lang='lat' dir='ltr'><strong>mamur.</strong></span> <span class='ocrx_word' id='word_1_212' title='bbox 2403 1649 2518 1702; x_wconf 85' lang='lat' dir='ltr'><strong>Rex</strong></span> <span class='ocrx_word' id='word_1_213' title='bbox 2550 1654 2737 1701; x_wconf 91' lang='lat' dir='ltr'><strong>autem</strong></span> <span class='ocrx_word' id='word_1_214' title='bbox 2761 1647 2974 1717; x_wconf 86' lang='lat' dir='ltr'><strong>inquit:</strong></span> <span class='ocrx_word' id='word_1_215' title='bbox 3007 1646 3114 1709; x_wconf 89' lang='lat' dir='ltr'><strong>Qui</strong></span> <span class='ocrx_word' id='word_1_216' title='bbox 3137 1646 3334 1699; x_wconf 90' lang='lat' dir='ltr'><strong>mortis</strong></span> <span class='ocrx_word' id='word_1_217' title='bbox 3347 1645 3535 1698; x_wconf 88' lang='lat' dir='ltr'><strong>minas</strong></span> <span class='ocrx_word' id='word_1_218' title='bbox 3555 1644 3732 1698; x_wconf 87' lang='lat' dir='ltr'><strong>metuit</strong></span> 
     </span>
    </p>
   </div>
   <div class='ocr_carea' id='block_1_32' title="bbox 2147 1733 3727 1807">
    <p class='ocr_par' dir='ltr' id='par_1_32' title="bbox 2147 1733 3727 1807">
     <span class='ocr_line' id='line_1_32' title="bbox 2147 1733 3727 1807; baseline -0.004 -17"><span class='ocrx_word' id='word_1_219' title='bbox 2147 1737 2277 1790; x_wconf 87' lang='lat' dir='ltr'><strong>huic</strong></span> <span class='ocrx_word' id='word_1_220' title='bbox 2297 1737 2448 1790; x_wconf 92' lang='lat' dir='ltr'><strong>cibos</strong></span> <span class='ocrx_word' id='word_1_221' title='bbox 2469 1753 2588 1790; x_wconf 90' lang='lat' dir='ltr'><strong>com</strong></span> <span class='ocrx_word' id='word_1_222' title='bbox 2597 1752 2796 1807; x_wconf 87' lang='lat' dir='ltr'><strong>parare</strong></span> <span class='ocrx_word' id='word_1_223' title='bbox 2815 1735 3045 1788; x_wconf 91' lang='lat' dir='ltr'><strong>minime</strong></span> <span class='ocrx_word' id='word_1_224' title='bbox 3061 1739 3238 1786; x_wconf 91' lang='lat' dir='ltr'><strong>vacat.</strong></span> <span class='ocrx_word' id='word_1_225' title='bbox 3259 1733 3526 1787; x_wconf 86' lang='lat' dir='ltr'><strong>Monachi</strong></span> <span class='ocrx_word' id='word_1_226' title='bbox 3537 1738 3727 1786; x_wconf 88' lang='lat' dir='ltr'><strong>autem:</strong></span> 
     </span>
    </p>
   </div>
   <div class='ocr_carea' id='block_1_33' title="bbox 469 1806 2068 1909">
    <p class='ocr_par' dir='ltr' id='par_1_33' title="bbox 469 1834 2068 1909">
     <span class='ocr_line' id='line_1_33' title="bbox 469 1834 2068 1909; baseline -0.005 -16"><span class='ocrx_word' id='word_1_227' title='bbox 469 1840 710 1909; x_wconf 75' lang='lat' dir='ltr'><strong>fugeret.</strong></span> <span class='ocrx_word' id='word_1_228' title='bbox 743 1840 883 1893; x_wconf 91' lang='lat' dir='ltr'><strong>Cum</strong></span> <span class='ocrx_word' id='word_1_229' title='bbox 917 1844 1104 1892; x_wconf 88' lang='lat' dir='ltr'><strong>autem</strong></span> <span class='ocrx_word' id='word_1_230' title='bbox 1131 1837 1402 1891; x_wconf 90' lang='lat' dir='ltr'><strong>insomnis</strong></span> <span class='ocrx_word' id='word_1_231' title='bbox 1426 1843 1646 1890; x_wconf 88' lang='lat' dir='ltr'><strong>noctem</strong></span> <span class='ocrx_word' id='word_1_232' title='bbox 1669 1841 1848 1888; x_wconf 87' lang='lat' dir='ltr'><strong>totam</strong></span> <span class='ocrx_word' id='word_1_233' title='bbox 1880 1834 2068 1903; x_wconf 81' lang='lat' dir='ltr'><strong>exige-</strong></span> 
     </span>
    </p>
   </div>
   <div class='ocr_carea' id='block_1_34' title="bbox 2153 1806 3733 1909">
    <p class='ocr_par' dir='ltr' id='par_1_34' title="bbox 2153 1806 3733 1892">
     <span class='ocr_line' id='line_1_34' title="bbox 2153 1806 3733 1892; baseline -0.003 -14"><span class='ocrx_word' id='word_1_234' title='bbox 2153 1826 2322 1878; x_wconf 85' lang='lat' dir='ltr'><strong>Recte</strong></span> <span class='ocrx_word' id='word_1_235' title='bbox 2342 1825 2551 1888; x_wconf 80' lang='lat' dir='ltr'><strong>dixisti,</strong></span> <span class='ocrx_word' id='word_1_236' title='bbox 2583 1806 2615 1878; x_wconf 88' lang='lat' dir='ltr'><strong>o</strong></span> <span class='ocrx_word' id='word_1_237' title='bbox 2649 1840 2770 1889; x_wconf 85' lang='lat' dir='ltr'><strong>rex,</strong></span> <span class='ocrx_word' id='word_1_238' title='bbox 2806 1822 3104 1892; x_wconf 88' lang='lat' dir='ltr'><strong>inquiunt:</strong></span> <span class='ocrx_word' id='word_1_239' title='bbox 3163 1821 3260 1891; x_wconf 90' lang='lat' dir='ltr'><strong>qui</strong></span> <span class='ocrx_word' id='word_1_240' title='bbox 3290 1827 3538 1875; x_wconf 88' lang='lat' dir='ltr'><strong>mortem</strong></span> <span class='ocrx_word' id='word_1_241' title='bbox 3567 1827 3733 1874; x_wconf 89' lang='lat' dir='ltr'><strong>metu-</strong></span> 
     </span>
    </p>
   </div>
   <div class='ocr_carea' id='block_1_35' title="bbox 471 1923 2067 1998">
    <p class='ocr_par' dir='ltr' id='par_1_35' title="bbox 471 1923 2067 1998">
     <span class='ocr_line' id='line_1_35' title="bbox 471 1923 2067 1998; baseline -0.004 -17"><span class='ocrx_word' id='word_1_242' title='bbox 471 1935 575 1993; x_wconf 91' lang='lat' dir='ltr'><strong>ret,</strong></span> <span class='ocrx_word' id='word_1_243' title='bbox 609 1929 732 1997; x_wconf 86' lang='lat' dir='ltr'><strong>ejus</strong></span> <span class='ocrx_word' id='word_1_244' title='bbox 752 1927 847 1998; x_wconf 89' lang='lat' dir='ltr'><strong>qui</strong></span> <span class='ocrx_word' id='word_1_245' title='bbox 868 1927 1025 1998; x_wconf 89' lang='lat' dir='ltr'><strong>pedis</strong></span> <span class='ocrx_word' id='word_1_246' title='bbox 1054 1925 1382 1979; x_wconf 85' lang='lat' dir='ltr'><strong>infractione</strong></span> <span class='ocrx_word' id='word_1_247' title='bbox 1399 1923 1689 1978; x_wconf 88' lang='lat' dir='ltr'><strong>laborabat</strong></span> <span class='ocrx_word' id='word_1_248' title='bbox 1717 1923 1776 1976; x_wconf 93' lang='lat' dir='ltr'><strong>in</strong></span> <span class='ocrx_word' id='word_1_249' title='bbox 1820 1927 2067 1976; x_wconf 89' lang='lat' dir='ltr'><strong>mentem</strong></span> 
     </span>
    </p>
   </div>
   <div class='ocr_carea' id='block_1_36' title="bbox 469 2011 2064 2087">
    <p class='ocr_par' dir='ltr' id='par_1_36' title="bbox 469 2011 2064 2087">
     <span class='ocr_line' id='line_1_36' title="bbox 469 2011 2064 2087; baseline -0.004 -18"><span class='ocrx_word' id='word_1_250' title='bbox 469 2015 576 2087; x_wconf 89' lang='lat' dir='ltr'><strong>ipsi</strong></span> <span class='ocrx_word' id='word_1_251' title='bbox 597 2017 766 2082; x_wconf 89' lang='lat' dir='ltr'><strong>venit,</strong></span> <span class='ocrx_word' id='word_1_252' title='bbox 797 2033 1038 2086; x_wconf 90' lang='lat' dir='ltr'><strong>eumque</strong></span> <span class='ocrx_word' id='word_1_253' title='bbox 1073 2015 1144 2068; x_wconf 91' lang='lat' dir='ltr'><strong>ad</strong></span> <span class='ocrx_word' id='word_1_254' title='bbox 1174 2032 1232 2068; x_wconf 89' lang='lat' dir='ltr'><strong>se</strong></span> <span class='ocrx_word' id='word_1_255' title='bbox 1263 2014 1503 2068; x_wconf 90' lang='lat' dir='ltr'><strong>accitum</strong></span> <span class='ocrx_word' id='word_1_256' title='bbox 1535 2013 1615 2066; x_wconf 89' lang='lat' dir='ltr'><strong>ita</strong></span> <span class='ocrx_word' id='word_1_257' title='bbox 1643 2019 1728 2066; x_wconf 91' lang='lat' dir='ltr'><strong>est</strong></span> <span class='ocrx_word' id='word_1_258' title='bbox 1757 2011 2064 2065; x_wconf 90' lang='lat' dir='ltr'><strong>allocutus:</strong></span> 
     </span>
    </p>
   </div>
   <div class='ocr_carea' id='block_1_37' title="bbox 467 2099 2068 2171">
    <p class='ocr_par' dir='ltr' id='par_1_37' title="bbox 467 2099 2068 2171">
     <span class='ocr_line' id='line_1_37' title="bbox 467 2099 2068 2171; baseline -0.004 -12"><span class='ocrx_word' id='word_1_259' title='bbox 467 2105 737 2159; x_wconf 90' lang='lat' dir='ltr'><strong>Memoria</strong></span> <span class='ocrx_word' id='word_1_260' title='bbox 763 2110 946 2170; x_wconf 84' lang='lat' dir='ltr'><strong>teneo,</strong></span> <span class='ocrx_word' id='word_1_261' title='bbox 1003 2110 1058 2158; x_wconf 90' lang='lat' dir='ltr'><strong>te</strong></span> <span class='ocrx_word' id='word_1_262' title='bbox 1090 2103 1230 2156; x_wconf 92' lang='lat' dir='ltr'><strong>mihi</strong></span> <span class='ocrx_word' id='word_1_263' title='bbox 1279 2103 1383 2156; x_wconf 90' lang='lat' dir='ltr'><strong>hoc</strong></span> <span class='ocrx_word' id='word_1_264' title='bbox 1412 2102 1633 2165; x_wconf 84' lang='lat' dir='ltr'><strong>dixisse,</strong></span> <span class='ocrx_word' id='word_1_265' title='bbox 1686 2101 1834 2171; x_wconf 92' lang='lat' dir='ltr'><strong>quod</strong></span> <span class='ocrx_word' id='word_1_266' title='bbox 1887 2099 2068 2153; x_wconf 84' lang='lat' dir='ltr'><strong>noxiis</strong></span> 
     </span>
    </p>
   </div>
   <div class='ocr_carea' id='block_1_38' title="bbox 471 2187 2068 2258">
    <p class='ocr_par' dir='ltr' id='par_1_38' title="bbox 471 2187 2068 2258">
     <span class='ocr_line' id='line_1_38' title="bbox 471 2187 2068 2258; baseline -0.004 -11"><span class='ocrx_word' id='word_1_267' title='bbox 471 2193 651 2247; x_wconf 87' lang='lat' dir='ltr'><strong>verbis</strong></span> <span class='ocrx_word' id='word_1_268' title='bbox 699 2193 998 2248; x_wconf 89' lang='lat' dir='ltr'><strong>medearis.</strong></span> <span class='ocrx_word' id='word_1_269' title='bbox 1052 2193 1152 2246; x_wconf 93' lang='lat' dir='ltr'><strong>Ille</strong></span> <span class='ocrx_word' id='word_1_270' title='bbox 1181 2197 1388 2245; x_wconf 87' lang='lat' dir='ltr'><strong>autem:</strong></span> <span class='ocrx_word' id='word_1_271' title='bbox 1433 2191 1530 2244; x_wconf 88' lang='lat' dir='ltr'><strong>Est</strong></span> <span class='ocrx_word' id='word_1_272' title='bbox 1560 2190 1658 2251; x_wconf 86' lang='lat' dir='ltr'><strong>ita.</strong></span> <span class='ocrx_word' id='word_1_273' title='bbox 1691 2189 1893 2258; x_wconf 90' lang='lat' dir='ltr'><strong>inquit,</strong></span> <span class='ocrx_word' id='word_1_274' title='bbox 1929 2193 1986 2242; x_wconf 93' lang='lat' dir='ltr'><strong>et</strong></span> <span class='ocrx_word' id='word_1_275' title='bbox 2023 2187 2068 2241; x_wconf 92' lang='lat' dir='ltr'><strong>si</strong></span> 
     </span>
    </p>
   </div>
   <div class='ocr_carea' id='block_1_39' title="bbox 467 2279 2068 2354">
    <p class='ocr_par' dir='ltr' id='par_1_39' title="bbox 467 2279 2068 2354">
     <span class='ocr_line' id='line_1_39' title="bbox 467 2279 2068 2354; baseline -0.004 -17"><span class='ocrx_word' id='word_1_276' title='bbox 467 2299 606 2354; x_wconf 89' lang='lat' dir='ltr'><strong>opus</strong></span> <span class='ocrx_word' id='word_1_277' title='bbox 627 2289 731 2348; x_wconf 85' lang='lat' dir='ltr'><strong>est,</strong></span> <span class='ocrx_word' id='word_1_278' title='bbox 765 2281 1009 2336; x_wconf 67' lang='lat' dir='ltr'><strong>scientiae</strong></span> <span class='ocrx_word' id='word_1_279' title='bbox 1040 2298 1177 2334; x_wconf 81' lang='lat' dir='ltr'><strong>meae</strong></span> <span class='ocrx_word' id='word_1_280' title='bbox 1195 2281 1476 2352; x_wconf 86' lang='lat' dir='ltr'><strong>specimen</strong></span> <span class='ocrx_word' id='word_1_281' title='bbox 1510 2279 1691 2332; x_wconf 89' lang='lat' dir='ltr'><strong>edam.</strong></span> <span class='ocrx_word' id='word_1_282' title='bbox 1712 2279 1949 2332; x_wconf 90' lang='lat' dir='ltr'><strong>Senator</strong></span> <span class='ocrx_word' id='word_1_283' title='bbox 1967 2294 2068 2331; x_wconf 91' lang='lat' dir='ltr'><strong>au-</strong></span> 
     </span>
    </p>
   </div>
   <div class='ocr_carea' id='block_1_40' title="bbox 468 2368 2067 2441">
    <p class='ocr_par' dir='ltr' id='par_1_40' title="bbox 468 2368 2067 2441">
     <span class='ocr_line' id='line_1_40' title="bbox 468 2368 2067 2441; baseline -0.004 -16"><span class='ocrx_word' id='word_1_284' title='bbox 468 2375 585 2425; x_wconf 89' lang='lat' dir='ltr'><strong>tem</strong></span> <span class='ocrx_word' id='word_1_285' title='bbox 616 2388 934 2425; x_wconf 80' lang='lat' dir='ltr'><strong>sermonem</strong></span> <span class='ocrx_word' id='word_1_286' title='bbox 965 2370 1266 2441; x_wconf 85' lang='lat' dir='ltr'><strong>excipiens,</strong></span> <span class='ocrx_word' id='word_1_287' title='bbox 1301 2368 1404 2440; x_wconf 89' lang='lat' dir='ltr'><strong>ipsi</strong></span> <span class='ocrx_word' id='word_1_288' title='bbox 1445 2375 1689 2422; x_wconf 87' lang='lat' dir='ltr'><strong>veterem</strong></span> <span class='ocrx_word' id='word_1_289' title='bbox 1729 2384 1889 2421; x_wconf 89' lang='lat' dir='ltr'><strong>suam</strong></span> <span class='ocrx_word' id='word_1_290' title='bbox 1933 2383 2067 2435; x_wconf 87' lang='lat' dir='ltr'><strong>erga</strong></span> 
     </span>
    </p>
   </div>
   <div class='ocr_carea' id='block_1_41' title="bbox 467 2455 2067 2529">
    <p class='ocr_par' dir='ltr' id='par_1_41' title="bbox 467 2455 2067 2529">
     <span class='ocr_line' id='line_1_41' title="bbox 467 2455 2067 2529; baseline -0.003 -16"><span class='ocrx_word' id='word_1_291' title='bbox 467 2477 655 2529; x_wconf 80' lang='lat' dir='ltr'><strong>regem</strong></span> <span class='ocrx_word' id='word_1_292' title='bbox 670 2459 1108 2514; x_wconf 89' lang='lat' dir='ltr'><strong>benevolentiam</strong></span> <span class='ocrx_word' id='word_1_293' title='bbox 1124 2464 1181 2513; x_wconf 93' lang='lat' dir='ltr'><strong>et</strong></span> <span class='ocrx_word' id='word_1_294' title='bbox 1199 2458 1591 2512; x_wconf 88' lang='lat' dir='ltr'><strong>auctoritatem</strong></span> <span class='ocrx_word' id='word_1_295' title='bbox 1603 2474 1770 2528; x_wconf 90' lang='lat' dir='ltr'><strong>quam</strong></span> <span class='ocrx_word' id='word_1_296' title='bbox 1785 2455 2067 2527; x_wconf 89' lang='lat' dir='ltr'><strong>apudeum</strong></span> 
     </span>
    </p>
   </div>
   <div class='ocr_carea' id='block_1_42' title="bbox 469 2543 2065 2618">
    <p class='ocr_par' dir='ltr' id='par_1_42' title="bbox 469 2543 2065 2618">
     <span class='ocr_line' id='line_1_42' title="bbox 469 2543 2065 2618; baseline -0.003 -17"><span class='ocrx_word' id='word_1_297' title='bbox 469 2547 748 2601; x_wconf 88' lang='lat' dir='ltr'><strong>obtineret</strong></span> <span class='ocrx_word' id='word_1_298' title='bbox 775 2547 1048 2618; x_wconf 86' lang='lat' dir='ltr'><strong>exposuit,</strong></span> <span class='ocrx_word' id='word_1_299' title='bbox 1101 2551 1498 2616; x_wconf 89' lang='lat' dir='ltr'><strong>recentemque</strong></span> <span class='ocrx_word' id='word_1_300' title='bbox 1530 2546 1662 2600; x_wconf 85' lang='lat' dir='ltr'><strong>item</strong></span> <span class='ocrx_word' id='word_1_301' title='bbox 1699 2543 1804 2598; x_wconf 90' lang='lat' dir='ltr'><strong>sibi</strong></span> <span class='ocrx_word' id='word_1_302' title='bbox 1843 2549 2065 2597; x_wconf 88' lang='lat' dir='ltr'><strong>versuto</strong></span> 
     </span>
    </p>
   </div>
   <div class='ocr_carea' id='block_1_43' title="bbox 468 2632 2068 2704">
    <p class='ocr_par' dir='ltr' id='par_1_43' title="bbox 468 2632 2068 2704">
     <span class='ocr_line' id='line_1_43' title="bbox 468 2632 2068 2704; baseline -0.003 -15"><span class='ocrx_word' id='word_1_303' title='bbox 468 2635 658 2689; x_wconf 87' lang='lat' dir='ltr'><strong>animo</strong></span> <span class='ocrx_word' id='word_1_304' title='bbox 686 2635 996 2690; x_wconf 90' lang='lat' dir='ltr'><strong>adhibitum</strong></span> <span class='ocrx_word' id='word_1_305' title='bbox 1017 2651 1351 2700; x_wconf 91' lang='lat' dir='ltr'><strong>sermonem,</strong></span> <span class='ocrx_word' id='word_1_306' title='bbox 1377 2640 1432 2688; x_wconf 90' lang='lat' dir='ltr'><strong>et</strong></span> <span class='ocrx_word' id='word_1_307' title='bbox 1451 2633 1924 2704; x_wconf 88' lang='lat' dir='ltr'><strong>quemadmodum</strong></span> <span class='ocrx_word' id='word_1_308' title='bbox 1948 2632 2068 2702; x_wconf 91' lang='lat' dir='ltr'><strong>ipse</strong></span> 
     </span>
    </p>
   </div>
   <div class='ocr_carea' id='block_1_44' title="bbox 472 2722 2069 2795">
    <p class='ocr_par' dir='ltr' id='par_1_44' title="bbox 472 2722 2069 2795">
     <span class='ocr_line' id='line_1_44' title="bbox 472 2722 2069 2795; baseline -0.004 -16"><span class='ocrx_word' id='word_1_309' title='bbox 472 2723 698 2794; x_wconf 89' lang='lat' dir='ltr'><strong>quidem</strong></span> <span class='ocrx_word' id='word_1_310' title='bbox 726 2723 898 2795; x_wconf 91' lang='lat' dir='ltr'><strong>probe</strong></span> <span class='ocrx_word' id='word_1_311' title='bbox 917 2724 1312 2794; x_wconf 88' lang='lat' dir='ltr'><strong>respondisset,</strong></span> <span class='ocrx_word' id='word_1_312' title='bbox 1335 2723 1428 2776; x_wconf 92' lang='lat' dir='ltr'><strong>ille</strong></span> <span class='ocrx_word' id='word_1_313' title='bbox 1449 2729 1637 2776; x_wconf 89' lang='lat' dir='ltr'><strong>autem</strong></span> <span class='ocrx_word' id='word_1_314' title='bbox 1656 2722 1832 2792; x_wconf 90' lang='lat' dir='ltr'><strong>ipsius</strong></span> <span class='ocrx_word' id='word_1_315' title='bbox 1863 2738 2069 2774; x_wconf 87' lang='lat' dir='ltr'><strong>sermo-</strong></span> 
     </span>
    </p>
   </div>
   <div class='ocr_carea' id='block_1_45' title="bbox 471 2809 2070 2880">
    <p class='ocr_par' dir='ltr' id='par_1_45' title="bbox 471 2809 2070 2880">
     <span class='ocr_line' id='line_1_45' title="bbox 471 2809 2070 2880; baseline -0.001 -16"><span class='ocrx_word' id='word_1_316' title='bbox 471 2827 601 2866; x_wconf 89' lang='lat' dir='ltr'><strong>nem</strong></span> <span class='ocrx_word' id='word_1_317' title='bbox 632 2812 866 2865; x_wconf 89' lang='lat' dir='ltr'><strong>molesto</strong></span> <span class='ocrx_word' id='word_1_318' title='bbox 896 2811 1087 2864; x_wconf 89' lang='lat' dir='ltr'><strong>animo</strong></span> <span class='ocrx_word' id='word_1_319' title='bbox 1117 2810 1414 2880; x_wconf 89' lang='lat' dir='ltr'><strong>accipiens,</strong></span> <span class='ocrx_word' id='word_1_320' title='bbox 1447 2827 1548 2880; x_wconf 91' lang='lat' dir='ltr'><strong>per</strong></span> <span class='ocrx_word' id='word_1_321' title='bbox 1593 2809 1777 2862; x_wconf 90' lang='lat' dir='ltr'><strong>vultus</strong></span> <span class='ocrx_word' id='word_1_322' title='bbox 1807 2809 2070 2863; x_wconf 84' lang='lat' dir='ltr'><strong>mutatio-</strong></span> 
     </span>
    </p>
   </div>
   <div class='ocr_carea' id='block_1_46' title="bbox 479 2888 2070 2959">
    <p class='ocr_par' dir='ltr' id='par_1_46' title="bbox 479 2888 2070 2959">
     <span class='ocr_line' id='line_1_46' title="bbox 479 2888 2070 2959; baseline -0.002 -15"><span class='ocrx_word' id='word_1_323' title='bbox 479 2907 630 2955; x_wconf 90' lang='lat' dir='ltr'><strong>nem,</strong></span> <span class='ocrx_word' id='word_1_324' title='bbox 662 2890 804 2944; x_wconf 84' lang='lat' dir='ltr'><strong>iram</strong></span> <span class='ocrx_word' id='word_1_325' title='bbox 825 2889 884 2943; x_wconf 93' lang='lat' dir='ltr'><strong>in</strong></span> <span class='ocrx_word' id='word_1_326' title='bbox 912 2889 1111 2943; x_wconf 91' lang='lat' dir='ltr'><strong>intimo</strong></span> <span class='ocrx_word' id='word_1_327' title='bbox 1129 2896 1352 2959; x_wconf 91' lang='lat' dir='ltr'><strong>pectore</strong></span> <span class='ocrx_word' id='word_1_328' title='bbox 1376 2889 1690 2942; x_wconf 89' lang='lat' dir='ltr'><strong>latitantem</strong></span> <span class='ocrx_word' id='word_1_329' title='bbox 1715 2888 2070 2941; x_wconf 86' lang='lat' dir='ltr'><strong>ostendisset.</strong></span> 
     </span>
    </p>
   </div>
   <div class='ocr_carea' id='block_1_47' title="bbox 545 2975 2073 3050">
    <p class='ocr_par' dir='ltr' id='par_1_47' title="bbox 545 2975 2073 3050">
     <span class='ocr_line' id='line_1_47' title="bbox 545 2975 2073 3050; baseline -0.001 -18"><span class='ocrx_word' id='word_1_330' title='bbox 545 2979 766 3050; x_wconf 86' lang='lat' dir='ltr'><strong>Pauper</strong></span> <span class='ocrx_word' id='word_1_331' title='bbox 793 2984 983 3032; x_wconf 90' lang='lat' dir='ltr'><strong>autem</strong></span> <span class='ocrx_word' id='word_1_332' title='bbox 1012 2979 1194 3031; x_wconf 90' lang='lat' dir='ltr'><strong>ille&#39;et</strong></span> <span class='ocrx_word' id='word_1_333' title='bbox 1222 2977 1499 3042; x_wconf 87' lang='lat' dir='ltr'><strong>infirmus,</strong></span> <span class='ocrx_word' id='word_1_334' title='bbox 1530 2994 1590 3031; x_wconf 92' lang='lat' dir='ltr'><strong>re</strong></span> <span class='ocrx_word' id='word_1_335' title='bbox 1607 2993 1736 3030; x_wconf 91' lang='lat' dir='ltr'><strong>cum</strong></span> <span class='ocrx_word' id='word_1_336' title='bbox 1764 2975 1952 3029; x_wconf 90' lang='lat' dir='ltr'><strong>animo</strong></span> <span class='ocrx_word' id='word_1_337' title='bbox 1973 2993 2073 3030; x_wconf 92' lang='lat' dir='ltr'><strong>suo</strong></span> 
     </span>
    </p>
   </div>
   <div class='ocr_carea' id='block_1_48' title="bbox 473 3064 2069 3137">
    <p class='ocr_par' dir='ltr' id='par_1_48' title="bbox 473 3064 2069 3137">
     <span class='ocr_line' id='line_1_48' title="bbox 473 3064 2069 3137; baseline -0.002 -16"><span class='ocrx_word' id='word_1_338' title='bbox 473 3067 851 3132; x_wconf 88' lang='lat' dir='ltr'><strong>considerata,</strong></span> <span class='ocrx_word' id='word_1_339' title='bbox 877 3067 1045 3121; x_wconf 88' lang='lat' dir='ltr'><strong>dixit:</strong></span> <span class='ocrx_word' id='word_1_340' title='bbox 1071 3067 1281 3121; x_wconf 87' lang='lat' dir='ltr'><strong>Noscas</strong></span> <span class='ocrx_word' id='word_1_341' title='bbox 1310 3071 1548 3137; x_wconf 84' lang='lat' dir='ltr'><strong>Oportet,</strong></span> <span class='ocrx_word' id='word_1_342' title='bbox 1569 3065 1654 3118; x_wconf 92' lang='lat' dir='ltr'><strong>vir</strong></span> <span class='ocrx_word' id='word_1_343' title='bbox 1672 3064 2069 3130; x_wconf 88' lang='lat' dir='ltr'><strong>illustrissime,</strong></span> 
     </span>
    </p>
   </div>
   <div class='ocr_carea' id='block_1_49' title="bbox 471 3154 2073 3227">
    <p class='ocr_par' dir='ltr' id='par_1_49' title="bbox 471 3154 2073 3227">
     <span class='ocr_line' id='line_1_49' title="bbox 471 3154 2073 3227; baseline -0.001 -17"><span class='ocrx_word' id='word_1_344' title='bbox 471 3173 662 3227; x_wconf 88' lang='lat' dir='ltr'><strong>regem</strong></span> <span class='ocrx_word' id='word_1_345' title='bbox 689 3157 893 3211; x_wconf 90' lang='lat' dir='ltr'><strong>malam</strong></span> <span class='ocrx_word' id='word_1_346' title='bbox 924 3173 989 3210; x_wconf 91' lang='lat' dir='ltr'><strong>ac</strong></span> <span class='ocrx_word' id='word_1_347' title='bbox 1017 3155 1302 3210; x_wconf 88' lang='lat' dir='ltr'><strong>sinistram</strong></span> <span class='ocrx_word' id='word_1_348' title='bbox 1343 3157 1639 3210; x_wconf 88' lang='lat' dir='ltr'><strong>adversum</strong></span> <span class='ocrx_word' id='word_1_349' title='bbox 1666 3161 1724 3210; x_wconf 91' lang='lat' dir='ltr'><strong>te</strong></span> <span class='ocrx_word' id='word_1_350' title='bbox 1752 3154 2073 3225; x_wconf 90' lang='lat' dir='ltr'><strong>opinionem</strong></span> 
     </span>
    </p>
   </div>
   <div class='ocr_carea' id='block_1_50' title="bbox 473 3245 2071 3317">
    <p class='ocr_par' dir='ltr' id='par_1_50' title="bbox 473 3245 2071 3317">
     <span class='ocr_line' id='line_1_50' title="bbox 473 3245 2071 3317; baseline -0.002 -17"><span class='ocrx_word' id='word_1_351' title='bbox 473 3247 812 3317; x_wconf 90' lang='lat' dir='ltr'><strong>concepisse,</strong></span> <span class='ocrx_word' id='word_1_352' title='bbox 867 3262 1067 3317; x_wconf 91' lang='lat' dir='ltr'><strong>nempe</strong></span> <span class='ocrx_word' id='word_1_353' title='bbox 1118 3245 1264 3316; x_wconf 91' lang='lat' dir='ltr'><strong>quod</strong></span> <span class='ocrx_word' id='word_1_354' title='bbox 1321 3245 1496 3316; x_wconf 92' lang='lat' dir='ltr'><strong>ipsius</strong></span> <span class='ocrx_word' id='word_1_355' title='bbox 1541 3261 1777 3315; x_wconf 88' lang='lat' dir='ltr'><strong>regnum</strong></span> <span class='ocrx_word' id='word_1_356' title='bbox 1801 3260 2071 3314; x_wconf 90' lang='lat' dir='ltr'><strong>occupare</strong></span> 
     </span>
    </p>
   </div>
   <div class='ocr_carea' id='block_1_51' title="bbox 473 3333 2071 3406">
    <p class='ocr_par' dir='ltr' id='par_1_51' title="bbox 473 3333 2071 3406">
     <span class='ocr_line' id='line_1_51' title="bbox 473 3333 2071 3406; baseline -0.003 -17"><span class='ocrx_word' id='word_1_357' title='bbox 473 3335 724 3400; x_wconf 82' lang='lat' dir='ltr'><strong>studeas,</strong></span> <span class='ocrx_word' id='word_1_358' title='bbox 757 3341 927 3406; x_wconf 86' lang='lat' dir='ltr'><strong>atque</strong></span> <span class='ocrx_word' id='word_1_359' title='bbox 975 3335 1230 3389; x_wconf 88' lang='lat' dir='ltr'><strong>tentandi</strong></span> <span class='ocrx_word' id='word_1_360' title='bbox 1267 3334 1352 3388; x_wconf 90' lang='lat' dir='ltr'><strong>tui</strong></span> <span class='ocrx_word' id='word_1_361' title='bbox 1381 3335 1567 3388; x_wconf 89' lang='lat' dir='ltr'><strong>studio</strong></span> <span class='ocrx_word' id='word_1_362' title='bbox 1597 3350 1665 3388; x_wconf 88' lang='lat' dir='ltr'><strong>ea</strong></span> <span class='ocrx_word' id='word_1_363' title='bbox 1713 3333 1918 3386; x_wconf 88' lang='lat' dir='ltr'><strong>dixisse</strong></span> <span class='ocrx_word' id='word_1_364' title='bbox 1948 3349 2071 3404; x_wconf 66' lang='lat' dir='ltr'><strong>quae</strong></span> 
     </span>
    </p>
   </div>
   <div class='ocr_carea' id='block_1_52' title="bbox 472 3421 2070 3494">
    <p class='ocr_par' dir='ltr' id='par_1_52' title="bbox 472 3421 2070 3494">
     <span class='ocr_line' id='line_1_52' title="bbox 472 3421 2070 3494; baseline -0.003 -16"><span class='ocrx_word' id='word_1_365' title='bbox 472 3424 628 3478; x_wconf 87' lang='lat' dir='ltr'><strong>dixit:</strong></span> <span class='ocrx_word' id='word_1_366' title='bbox 677 3424 1041 3494; x_wconf 87' lang='lat' dir='ltr'><strong>quamobrem</strong></span> <span class='ocrx_word' id='word_1_367' title='bbox 1074 3424 1159 3477; x_wconf 86' lang='lat' dir='ltr'><strong>fac</strong></span> <span class='ocrx_word' id='word_1_368' title='bbox 1199 3440 1484 3492; x_wconf 88' lang='lat' dir='ltr'><strong>exsurgas,</strong></span> <span class='ocrx_word' id='word_1_369' title='bbox 1542 3439 1607 3475; x_wconf 90' lang='lat' dir='ltr'><strong>ac</strong></span> <span class='ocrx_word' id='word_1_370' title='bbox 1659 3427 1822 3475; x_wconf 91' lang='lat' dir='ltr'><strong>tonso</strong></span> <span class='ocrx_word' id='word_1_371' title='bbox 1869 3421 2070 3490; x_wconf 88' lang='lat' dir='ltr'><strong>capite,</strong></span> 
     </span>
    </p>
   </div>
   <div class='ocr_carea' id='block_1_53' title="bbox 471 3508 2076 3587">
    <p class='ocr_par' dir='ltr' id='par_1_53' title="bbox 471 3508 2076 3587">
     <span class='ocr_line' id='line_1_53' title="bbox 471 3508 2076 3587; baseline -0.003 -20"><span class='ocrx_word' id='word_1_372' title='bbox 471 3513 887 3587; x_wconf 88' lang='lat' dir='ltr'><strong>splendidisque</strong></span> <span class='ocrx_word' id='word_1_373' title='bbox 903 3513 988 3566; x_wconf 91' lang='lat' dir='ltr'><strong>his</strong></span> <span class='ocrx_word' id='word_1_374' title='bbox 1012 3512 1255 3566; x_wconf 90' lang='lat' dir='ltr'><strong>vestibus</strong></span> <span class='ocrx_word' id='word_1_375' title='bbox 1267 3511 1516 3582; x_wconf 89' lang='lat' dir='ltr'><strong>abjectis,</strong></span> <span class='ocrx_word' id='word_1_376' title='bbox 1541 3517 1710 3581; x_wconf 89' lang='lat' dir='ltr'><strong>atque</strong></span> <span class='ocrx_word' id='word_1_377' title='bbox 1731 3509 1926 3564; x_wconf 90' lang='lat' dir='ltr'><strong>induto</strong></span> <span class='ocrx_word' id='word_1_378' title='bbox 1956 3508 2076 3562; x_wconf 92' lang='lat' dir='ltr'><strong>cili-</strong></span> 
     </span>
    </p>
   </div>
   <div class='ocr_carea' id='block_1_54' title="bbox 469 3600 2075 3672">
    <p class='ocr_par' dir='ltr' id='par_1_54' title="bbox 469 3600 2075 3672">
     <span class='ocr_line' id='line_1_54' title="bbox 469 3600 2075 3672; baseline -0.002 -17"><span class='ocrx_word' id='word_1_379' title='bbox 469 3602 575 3668; x_wconf 88' lang='lat' dir='ltr'><strong>cio,</strong></span> <span class='ocrx_word' id='word_1_380' title='bbox 599 3619 723 3656; x_wconf 91' lang='lat' dir='ltr'><strong>cum</strong></span> <span class='ocrx_word' id='word_1_381' title='bbox 746 3602 989 3672; x_wconf 88' lang='lat' dir='ltr'><strong>primum</strong></span> <span class='ocrx_word' id='word_1_382' title='bbox 1012 3600 1309 3664; x_wconf 88' lang='lat' dir='ltr'><strong>luxerit,ad</strong></span> <span class='ocrx_word' id='word_1_383' title='bbox 1329 3617 1518 3670; x_wconf 80' lang='lat' dir='ltr'><strong>regem</strong></span> <span class='ocrx_word' id='word_1_384' title='bbox 1533 3600 1720 3653; x_wconf 88' lang='lat' dir='ltr'><strong>adeas.</strong></span> <span class='ocrx_word' id='word_1_385' title='bbox 1749 3600 1866 3652; x_wconf 82' lang='lat' dir='ltr'><strong>Hoc</strong></span> <span class='ocrx_word' id='word_1_386' title='bbox 1885 3603 2075 3652; x_wconf 90' lang='lat' dir='ltr'><strong>autem</strong></span> 
     </span>
    </p>
   </div>
   <div class='ocr_carea' id='block_1_55' title="bbox 469 3687 2072 3762">
    <p class='ocr_par' dir='ltr' id='par_1_55' title="bbox 469 3687 2072 3762">
     <span class='ocr_line' id='line_1_55' title="bbox 469 3687 2072 3762; baseline -0.003 -17"><span class='ocrx_word' id='word_1_387' title='bbox 469 3691 786 3745; x_wconf 89' lang='lat' dir='ltr'><strong>sciscitante</strong></span> <span class='ocrx_word' id='word_1_388' title='bbox 814 3691 1084 3762; x_wconf 81' lang='lat' dir='ltr'><strong>quidnam</strong></span> <span class='ocrx_word' id='word_1_389' title='bbox 1106 3690 1211 3743; x_wconf 88' lang='lat' dir='ltr'><strong>sibi</strong></span> <span class='ocrx_word' id='word_1_390' title='bbox 1234 3689 1312 3743; x_wconf 93' lang='lat' dir='ltr'><strong>sic</strong></span> <span class='ocrx_word' id='word_1_391' title='bbox 1327 3689 1552 3743; x_wconf 89' lang='lat' dir='ltr'><strong>habitus</strong></span> <span class='ocrx_word' id='word_1_392' title='bbox 1571 3688 1721 3754; x_wconf 90' lang='lat' dir='ltr'><strong>velit,</strong></span> <span class='ocrx_word' id='word_1_393' title='bbox 1748 3687 2022 3758; x_wconf 84' lang='lat' dir='ltr'><strong>responde</strong></span> <span class='ocrx_word' id='word_1_394' title='bbox 2055 3704 2072 3740; x_wconf 90' lang='lat'><strong>:</strong></span> 
     </span>
    </p>
   </div>
   <div class='ocr_carea' id='block_1_56' title="bbox 469 3777 2071 3851">
    <p class='ocr_par' dir='ltr' id='par_1_56' title="bbox 469 3777 2071 3851">
     <span class='ocr_line' id='line_1_56' title="bbox 469 3777 2071 3851; baseline -0.002 -17"><span class='ocrx_word' id='word_1_395' title='bbox 469 3781 540 3834; x_wconf 90' lang='lat' dir='ltr'><strong>De</strong></span> <span class='ocrx_word' id='word_1_396' title='bbox 557 3781 624 3834; x_wconf 89' lang='lat' dir='ltr'><strong>iis</strong></span> <span class='ocrx_word' id='word_1_397' title='bbox 653 3780 822 3835; x_wconf 90' lang='lat' dir='ltr'><strong>rebus</strong></span> <span class='ocrx_word' id='word_1_398' title='bbox 843 3781 912 3834; x_wconf 91' lang='lat' dir='ltr'><strong>de</strong></span> <span class='ocrx_word' id='word_1_399' title='bbox 933 3779 1136 3851; x_wconf 90' lang='lat' dir='ltr'><strong>quibus</strong></span> <span class='ocrx_word' id='word_1_400' title='bbox 1162 3795 1382 3833; x_wconf 92' lang='lat' dir='ltr'><strong>mecum</strong></span> <span class='ocrx_word' id='word_1_401' title='bbox 1431 3779 1696 3832; x_wconf 91' lang='lat' dir='ltr'><strong>hesterno</strong></span> <span class='ocrx_word' id='word_1_402' title='bbox 1719 3777 1808 3830; x_wconf 93' lang='lat' dir='ltr'><strong>die</strong></span> <span class='ocrx_word' id='word_1_403' title='bbox 1831 3777 2071 3830; x_wconf 92' lang='lat' dir='ltr'><strong>collocu-</strong></span> 
     </span>
    </p>
   </div>
   <div class='ocr_carea' id='block_1_57' title="bbox 471 3865 2074 3939">
    <p class='ocr_par' dir='ltr' id='par_1_57' title="bbox 471 3865 2074 3939">
     <span class='ocr_line' id='line_1_57' title="bbox 471 3865 2074 3939; baseline -0.002 -17"><span class='ocrx_word' id='word_1_404' title='bbox 471 3873 559 3922; x_wconf 92' lang='lat' dir='ltr'><strong>tus</strong></span> <span class='ocrx_word' id='word_1_405' title='bbox 589 3887 667 3934; x_wconf 90' lang='lat' dir='ltr'><strong>es,</strong></span> <span class='ocrx_word' id='word_1_406' title='bbox 699 3886 731 3922; x_wconf 98' lang='lat' dir='ltr'><strong>o</strong></span> <span class='ocrx_word' id='word_1_407' title='bbox 763 3887 877 3934; x_wconf 88' lang='lat' dir='ltr'><strong>rex,</strong></span> <span class='ocrx_word' id='word_1_408' title='bbox 902 3886 972 3923; x_wconf 91' lang='lat' dir='ltr'><strong>en</strong></span> <span class='ocrx_word' id='word_1_409' title='bbox 1001 3869 1220 3934; x_wconf 89' lang='lat' dir='ltr'><strong>adsum,</strong></span> <span class='ocrx_word' id='word_1_410' title='bbox 1242 3873 1472 3939; x_wconf 89' lang='lat' dir='ltr'><strong>paratus</strong></span> <span class='ocrx_word' id='word_1_411' title='bbox 1494 3873 1549 3920; x_wconf 89' lang='lat' dir='ltr'><strong>te</strong></span> <span class='ocrx_word' id='word_1_412' title='bbox 1569 3867 1627 3920; x_wconf 91' lang='lat' dir='ltr'><strong>in</strong></span> <span class='ocrx_word' id='word_1_413' title='bbox 1657 3867 1760 3920; x_wconf 90' lang='lat' dir='ltr'><strong>hac</strong></span> <span class='ocrx_word' id='word_1_414' title='bbox 1788 3865 1878 3919; x_wconf 91' lang='lat' dir='ltr'><strong>via</strong></span> <span class='ocrx_word' id='word_1_415' title='bbox 1903 3881 2074 3936; x_wconf 89' lang='lat' dir='ltr'><strong>quam</strong></span> 
     </span>
    </p>
   </div>
   <div class='ocr_carea' id='block_1_58' title="bbox 468 3954 2072 4027">
    <p class='ocr_par' dir='ltr' id='par_1_58' title="bbox 468 3954 2072 4027">
     <span class='ocr_line' id='line_1_58' title="bbox 468 3954 2072 4027; baseline -0.002 -16"><span class='ocrx_word' id='word_1_416' title='bbox 468 3957 688 4026; x_wconf 88' lang='lat' dir='ltr'><strong>ingredi</strong></span> <span class='ocrx_word' id='word_1_417' title='bbox 724 3957 1064 4012; x_wconf 88' lang='lat' dir='ltr'><strong>constituisti</strong></span> <span class='ocrx_word' id='word_1_418' title='bbox 1093 3957 1276 4027; x_wconf 90' lang='lat' dir='ltr'><strong>sequi.</strong></span> <span class='ocrx_word' id='word_1_419' title='bbox 1314 3957 1458 4010; x_wconf 80' lang='lat' dir='ltr'><strong>Nam</strong></span> <span class='ocrx_word' id='word_1_420' title='bbox 1492 3955 1596 4009; x_wconf 92' lang='lat' dir='ltr'><strong>etsi</strong></span> <span class='ocrx_word' id='word_1_421' title='bbox 1642 3954 1856 4009; x_wconf 67' lang='lat' dir='ltr'><strong>deliciae</strong></span> <span class='ocrx_word' id='word_1_422' title='bbox 1884 3970 1949 4007; x_wconf 88' lang='lat' dir='ltr'><strong>ac</strong></span> <span class='ocrx_word' id='word_1_423' title='bbox 1977 3971 2072 4007; x_wconf 87' lang='lat' dir='ltr'><strong>vo-</strong></span> 
     </span>
    </p>
   </div>
   <div class='ocr_carea' id='block_1_59' title="bbox 469 4045 2074 4115">
    <p class='ocr_par' dir='ltr' id='par_1_59' title="bbox 469 4045 2074 4115">
     <span class='ocr_line' id='line_1_59' title="bbox 469 4045 2074 4115; baseline -0.002 -17"><span class='ocrx_word' id='word_1_424' title='bbox 469 4045 714 4115; x_wconf 89' lang='lat' dir='ltr'><strong>luptates</strong></span> <span class='ocrx_word' id='word_1_425' title='bbox 747 4045 1009 4115; x_wconf 69' lang='lat' dir='ltr'><strong>jucunda:</strong></span> <span class='ocrx_word' id='word_1_426' title='bbox 1046 4051 1196 4108; x_wconf 87' lang='lat' dir='ltr'><strong>sunt,</strong></span> <span class='ocrx_word' id='word_1_427' title='bbox 1253 4045 1399 4098; x_wconf 89' lang='lat' dir='ltr'><strong>absit</strong></span> <span class='ocrx_word' id='word_1_428' title='bbox 1427 4049 1618 4098; x_wconf 88' lang='lat' dir='ltr'><strong>tamen</strong></span> <span class='ocrx_word' id='word_1_429' title='bbox 1647 4049 1712 4097; x_wconf 91' lang='lat' dir='ltr'><strong>ut</strong></span> <span class='ocrx_word' id='word_1_430' title='bbox 1739 4060 1834 4096; x_wconf 89' lang='lat' dir='ltr'><strong>eas</strong></span> <span class='ocrx_word' id='word_1_431' title='bbox 1863 4049 1990 4113; x_wconf 89' lang='lat' dir='ltr'><strong>post</strong></span> <span class='ocrx_word' id='word_1_432' title='bbox 2019 4047 2074 4096; x_wconf 89' lang='lat' dir='ltr'><strong>te</strong></span> 
     </span>
    </p>
   </div>
   <div class='ocr_carea' id='block_1_60' title="bbox 469 4131 2068 4203">
    <p class='ocr_par' dir='ltr' id='par_1_60' title="bbox 469 4131 2068 4203">
     <span class='ocr_line' id='line_1_60' title="bbox 469 4131 2068 4203; baseline -0.001 -17"><span class='ocrx_word' id='word_1_433' title='bbox 469 4133 764 4187; x_wconf 89' lang='lat' dir='ltr'><strong>retineam.</strong></span> <span class='ocrx_word' id='word_1_434' title='bbox 799 4135 873 4187; x_wconf 87' lang='lat' dir='ltr'><strong>At</strong></span> <span class='ocrx_word' id='word_1_435' title='bbox 899 4149 1030 4186; x_wconf 90' lang='lat' dir='ltr'><strong>vero</strong></span> <span class='ocrx_word' id='word_1_436' title='bbox 1048 4131 1271 4186; x_wconf 87' lang='lat' dir='ltr'><strong>virtutis</strong></span> <span class='ocrx_word' id='word_1_437' title='bbox 1297 4133 1426 4199; x_wconf 90' lang='lat' dir='ltr'><strong>iter,</strong></span> <span class='ocrx_word' id='word_1_438' title='bbox 1458 4133 1606 4203; x_wconf 93' lang='lat' dir='ltr'><strong>quod</strong></span> <span class='ocrx_word' id='word_1_439' title='bbox 1635 4131 1856 4200; x_wconf 86' lang='lat' dir='ltr'><strong>ingredi</strong></span> <span class='ocrx_word' id='word_1_440' title='bbox 1885 4148 2068 4202; x_wconf 88' lang='lat' dir='ltr'><strong>paras,</strong></span> 
     </span>
    </p>
   </div>
   <div class='ocr_carea' id='block_1_61' title="bbox 468 4221 2074 4292">
    <p class='ocr_par' dir='ltr' id='par_1_61' title="bbox 468 4221 2074 4292">
     <span class='ocr_line' id='line_1_61' title="bbox 468 4221 2074 4292; baseline -0.001 -18"><span class='ocrx_word' id='word_1_441' title='bbox 468 4221 602 4276; x_wconf 91' lang='lat' dir='ltr'><strong>licet</strong></span> <span class='ocrx_word' id='word_1_442' title='bbox 629 4221 868 4275; x_wconf 89' lang='lat' dir='ltr'><strong>arduum</strong></span> <span class='ocrx_word' id='word_1_443' title='bbox 925 4228 983 4275; x_wconf 93' lang='lat' dir='ltr'><strong>et</strong></span> <span class='ocrx_word' id='word_1_444' title='bbox 1009 4238 1271 4292; x_wconf 89' lang='lat' dir='ltr'><strong>asperum</strong></span> <span class='ocrx_word' id='word_1_445' title='bbox 1315 4221 1407 4287; x_wconf 89' lang='lat' dir='ltr'><strong>sit,</strong></span> <span class='ocrx_word' id='word_1_446' title='bbox 1451 4227 1662 4286; x_wconf 90' lang='lat' dir='ltr'><strong>tamen,</strong></span> <span class='ocrx_word' id='word_1_447' title='bbox 1693 4221 1859 4274; x_wconf 91' lang='lat' dir='ltr'><strong>modo</strong></span> <span class='ocrx_word' id='word_1_448' title='bbox 1888 4226 2074 4274; x_wconf 91' lang='lat' dir='ltr'><strong>tecum</strong></span> 
     </span>
    </p>
   </div>
   <div class='ocr_carea' id='block_1_62' title="bbox 472 4309 2074 4381">
    <p class='ocr_par' dir='ltr' id='par_1_62' title="bbox 472 4309 2074 4381">
     <span class='ocr_line' id='line_1_62' title="bbox 472 4309 2074 4381; baseline 0 -17"><span class='ocrx_word' id='word_1_449' title='bbox 472 4309 767 4376; x_wconf 87' lang='lat' dir='ltr'><strong>sim,facile</strong></span> <span class='ocrx_word' id='word_1_450' title='bbox 786 4315 842 4364; x_wconf 91' lang='lat' dir='ltr'><strong>et</strong></span> <span class='ocrx_word' id='word_1_451' title='bbox 869 4310 1111 4381; x_wconf 90' lang='lat' dir='ltr'><strong>proclive</strong></span> <span class='ocrx_word' id='word_1_452' title='bbox 1130 4326 1194 4364; x_wconf 93' lang='lat' dir='ltr'><strong>ac</strong></span> <span class='ocrx_word' id='word_1_453' title='bbox 1224 4311 1538 4380; x_wconf 90' lang='lat' dir='ltr'><strong>jucundum</strong></span> <span class='ocrx_word' id='word_1_454' title='bbox 1561 4310 1687 4364; x_wconf 90' lang='lat' dir='ltr'><strong>erit.</strong></span> <span class='ocrx_word' id='word_1_455' title='bbox 1717 4311 1792 4364; x_wconf 90' lang='lat' dir='ltr'><strong>Ut</strong></span> <span class='ocrx_word' id='word_1_456' title='bbox 1806 4309 1954 4364; x_wconf 85' lang='lat' dir='ltr'><strong>enim</strong></span> <span class='ocrx_word' id='word_1_457' title='bbox 1983 4326 2074 4364; x_wconf 91' lang='lat' dir='ltr'><strong>me</strong></span> 
     </span>
    </p>
   </div>
   <div class='ocr_carea' id='block_1_63' title="bbox 2150 1908 3734 1983">
    <p class='ocr_par' dir='ltr' id='par_1_63' title="bbox 2150 1908 3734 1983">
     <span class='ocr_line' id='line_1_63' title="bbox 2150 1908 3734 1983; baseline -0.004 -16"><span class='ocrx_word' id='word_1_458' title='bbox 2150 1919 2272 1980; x_wconf 90' lang='lat' dir='ltr'><strong>unt,</strong></span> <span class='ocrx_word' id='word_1_459' title='bbox 2323 1914 2380 1967; x_wconf 91' lang='lat' dir='ltr'><strong>id</strong></span> <span class='ocrx_word' id='word_1_460' title='bbox 2407 1918 2626 1979; x_wconf 90' lang='lat' dir='ltr'><strong>curant,</strong></span> <span class='ocrx_word' id='word_1_461' title='bbox 2681 1928 2925 1983; x_wconf 89' lang='lat' dir='ltr'><strong>quonam</strong></span> <span class='ocrx_word' id='word_1_462' title='bbox 2957 1916 3118 1982; x_wconf 90' lang='lat' dir='ltr'><strong>pacto</strong></span> <span class='ocrx_word' id='word_1_463' title='bbox 3149 1927 3273 1964; x_wconf 86' lang='lat' dir='ltr'><strong>eam</strong></span> <span class='ocrx_word' id='word_1_464' title='bbox 3296 1910 3590 1980; x_wconf 70' lang='lat' dir='ltr'><strong>effugiant.</strong></span> <span class='ocrx_word' id='word_1_465' title='bbox 3617 1908 3734 1973; x_wconf 88' lang='lat' dir='ltr'><strong>Qui-</strong></span> 
     </span>
    </p>
   </div>
   <div class='ocr_carea' id='block_1_64' title="bbox 2151 1998 3738 2070">
    <p class='ocr_par' dir='ltr' id='par_1_64' title="bbox 2151 1998 3738 2070">
     <span class='ocr_line' id='line_1_64' title="bbox 2151 1998 3738 2070; baseline -0.004 -13"><span class='ocrx_word' id='word_1_466' title='bbox 2151 2019 2282 2056; x_wconf 89' lang='lat' dir='ltr'><strong>nam</strong></span> <span class='ocrx_word' id='word_1_467' title='bbox 2307 2011 2496 2056; x_wconf 87' lang='lat' dir='ltr'><strong>autem</strong></span> <span class='ocrx_word' id='word_1_468' title='bbox 2521 2002 2579 2055; x_wconf 89' lang='lat' dir='ltr'><strong>hi</strong></span> <span class='ocrx_word' id='word_1_469' title='bbox 2609 2007 2760 2061; x_wconf 89' lang='lat' dir='ltr'><strong>sunt.</strong></span> <span class='ocrx_word' id='word_1_470' title='bbox 2791 2001 2902 2054; x_wconf 89' lang='lat' dir='ltr'><strong>nisi</strong></span> <span class='ocrx_word' id='word_1_471' title='bbox 2955 1999 3051 2070; x_wconf 91' lang='lat' dir='ltr'><strong>qui</strong></span> <span class='ocrx_word' id='word_1_472' title='bbox 3081 1999 3245 2053; x_wconf 84' lang='lat' dir='ltr'><strong>ï¬‚uxis</strong></span> <span class='ocrx_word' id='word_1_473' title='bbox 3298 1998 3472 2052; x_wconf 85' lang='lat' dir='ltr'><strong>rebus</strong></span> <span class='ocrx_word' id='word_1_474' title='bbox 3516 1998 3738 2052; x_wconf 72' lang='lat' dir='ltr'><strong>intabes-</strong></span> 
     </span>
    </p>
   </div>
   <div class='ocr_carea' id='block_1_65' title="bbox 2150 2086 3736 2162">
    <p class='ocr_par' dir='ltr' id='par_1_65' title="bbox 2150 2086 3736 2162">
     <span class='ocr_line' id='line_1_65' title="bbox 2150 2086 3736 2162; baseline -0.003 -18"><span class='ocrx_word' id='word_1_475' title='bbox 2150 2097 2304 2156; x_wconf 89' lang='lat' dir='ltr'><strong>cunt,</strong></span> <span class='ocrx_word' id='word_1_476' title='bbox 2329 2108 2534 2162; x_wconf 90' lang='lat' dir='ltr'><strong>easque</strong></span> <span class='ocrx_word' id='word_1_477' title='bbox 2553 2091 2624 2144; x_wconf 92' lang='lat' dir='ltr'><strong>ad</strong></span> <span class='ocrx_word' id='word_1_478' title='bbox 2645 2095 2934 2160; x_wconf 91' lang='lat' dir='ltr'><strong>stuporem</strong></span> <span class='ocrx_word' id='word_1_479' title='bbox 2963 2105 3143 2159; x_wconf 89' lang='lat' dir='ltr'><strong>usque</strong></span> <span class='ocrx_word' id='word_1_480' title='bbox 3155 2088 3441 2142; x_wconf 89' lang='lat' dir='ltr'><strong>mirantur</strong></span> <span class='ocrx_word' id='word_1_481' title='bbox 3462 2087 3608 2151; x_wconf 84' lang='lat' dir='ltr'><strong>?Qui</strong></span> <span class='ocrx_word' id='word_1_482' title='bbox 3635 2086 3736 2156; x_wconf 80' lang='lat' dir='ltr'><strong>qui-</strong></span> 
     </span>
    </p>
   </div>
   <div class='ocr_carea' id='block_1_66' title="bbox 2152 2176 3735 2248">
    <p class='ocr_par' dir='ltr' id='par_1_66' title="bbox 2152 2176 3735 2248">
     <span class='ocr_line' id='line_1_66' title="bbox 2152 2176 3735 2248; baseline -0.004 -14"><span class='ocrx_word' id='word_1_483' title='bbox 2152 2181 2279 2234; x_wconf 89' lang='lat' dir='ltr'><strong>dem</strong></span> <span class='ocrx_word' id='word_1_484' title='bbox 2311 2197 2438 2234; x_wconf 90' lang='lat' dir='ltr'><strong>cum</strong></span> <span class='ocrx_word' id='word_1_485' title='bbox 2468 2181 2526 2234; x_wconf 91' lang='lat' dir='ltr'><strong>in</strong></span> <span class='ocrx_word' id='word_1_486' title='bbox 2543 2181 2722 2233; x_wconf 90' lang='lat' dir='ltr'><strong>altera</strong></span> <span class='ocrx_word' id='word_1_487' title='bbox 2764 2179 2879 2232; x_wconf 89' lang='lat' dir='ltr'><strong>vita</strong></span> <span class='ocrx_word' id='word_1_488' title='bbox 2907 2178 3214 2248; x_wconf 87' lang='lat' dir='ltr'><strong>quidquam</strong></span> <span class='ocrx_word' id='word_1_489' title='bbox 3241 2176 3371 2231; x_wconf 91' lang='lat' dir='ltr'><strong>boni</strong></span> <span class='ocrx_word' id='word_1_490' title='bbox 3415 2194 3541 2230; x_wconf 90' lang='lat' dir='ltr'><strong>sese</strong></span> <span class='ocrx_word' id='word_1_491' title='bbox 3568 2191 3735 2231; x_wconf 90' lang='lat' dir='ltr'><strong>conse-</strong></span> 
     </span>
    </p>
   </div>
   <div class='ocr_carea' id='block_1_67' title="bbox 2151 2264 3736 2339">
    <p class='ocr_par' dir='ltr' id='par_1_67' title="bbox 2151 2264 3736 2339">
     <span class='ocr_line' id='line_1_67' title="bbox 2151 2264 3736 2339; baseline -0.004 -16"><span class='ocrx_word' id='word_1_492' title='bbox 2151 2275 2380 2323; x_wconf 90' lang='lat' dir='ltr'><strong>cuturos</strong></span> <span class='ocrx_word' id='word_1_493' title='bbox 2411 2286 2531 2323; x_wconf 87' lang='lat' dir='ltr'><strong>esse</strong></span> <span class='ocrx_word' id='word_1_494' title='bbox 2575 2269 2892 2339; x_wconf 88' lang='lat' dir='ltr'><strong>desperent,</strong></span> <span class='ocrx_word' id='word_1_495' title='bbox 2918 2283 2953 2320; x_wconf 90' lang='lat' dir='ltr'><strong>a</strong></span> <span class='ocrx_word' id='word_1_496' title='bbox 2995 2264 3365 2337; x_wconf 70' lang='lat' dir='ltr'><strong>praesentibus</strong></span> <span class='ocrx_word' id='word_1_497' title='bbox 3422 2265 3612 2318; x_wconf 85' lang='lat' dir='ltr'><strong>divelli</strong></span> <span class='ocrx_word' id='word_1_498' title='bbox 3658 2280 3736 2318; x_wconf 87' lang='lat' dir='ltr'><strong>ne-</strong></span> 
     </span>
    </p>
   </div>
   <div class='ocr_carea' id='block_1_68' title="bbox 2153 2355 3736 2428">
    <p class='ocr_par' dir='ltr' id='par_1_68' title="bbox 2153 2355 3736 2428">
     <span class='ocr_line' id='line_1_68' title="bbox 2153 2355 3736 2428; baseline -0.004 -16"><span class='ocrx_word' id='word_1_499' title='bbox 2153 2363 2385 2428; x_wconf 90' lang='lat' dir='ltr'><strong>queunt,</strong></span> <span class='ocrx_word' id='word_1_500' title='bbox 2417 2358 2486 2412; x_wconf 93' lang='lat' dir='ltr'><strong>ob</strong></span> <span class='ocrx_word' id='word_1_501' title='bbox 2517 2373 2753 2428; x_wconf 89' lang='lat' dir='ltr'><strong>eamque</strong></span> <span class='ocrx_word' id='word_1_502' title='bbox 2781 2372 3004 2410; x_wconf 87' lang='lat' dir='ltr'><strong>causam</strong></span> <span class='ocrx_word' id='word_1_503' title='bbox 3036 2360 3274 2409; x_wconf 89' lang='lat' dir='ltr'><strong>mortem</strong></span> <span class='ocrx_word' id='word_1_504' title='bbox 3301 2355 3530 2408; x_wconf 87' lang='lat' dir='ltr'><strong>timent.</strong></span> <span class='ocrx_word' id='word_1_505' title='bbox 3567 2355 3634 2408; x_wconf 79' lang='lat' dir='ltr'><strong>At</strong></span> <span class='ocrx_word' id='word_1_506' title='bbox 3651 2369 3736 2407; x_wconf 89' lang='lat' dir='ltr'><strong>nos</strong></span> 
     </span>
    </p>
   </div>
   <div class='ocr_carea' id='block_1_69' title="bbox 2147 2442 3732 2518">
    <p class='ocr_par' dir='ltr' id='par_1_69' title="bbox 2147 2442 3732 2518">
     <span class='ocr_line' id='line_1_69' title="bbox 2147 2442 3732 2518; baseline -0.003 -18"><span class='ocrx_word' id='word_1_507' title='bbox 2147 2446 2242 2518; x_wconf 90' lang='lat' dir='ltr'><strong>qui</strong></span> <span class='ocrx_word' id='word_1_508' title='bbox 2249 2449 2366 2516; x_wconf 90' lang='lat' dir='ltr'><strong>jam</strong></span> <span class='ocrx_word' id='word_1_509' title='bbox 2379 2447 2594 2518; x_wconf 90' lang='lat' dir='ltr'><strong>pridem</strong></span> <span class='ocrx_word' id='word_1_510' title='bbox 2610 2446 2881 2500; x_wconf 89' lang='lat' dir='ltr'><strong>mundum</strong></span> <span class='ocrx_word' id='word_1_511' title='bbox 2895 2451 2952 2498; x_wconf 90' lang='lat' dir='ltr'><strong>et</strong></span> <span class='ocrx_word' id='word_1_512' title='bbox 2961 2461 3028 2498; x_wconf 90' lang='lat' dir='ltr'><strong>ea</strong></span> <span class='ocrx_word' id='word_1_513' title='bbox 3041 2461 3162 2515; x_wconf 72' lang='lat' dir='ltr'><strong>quae</strong></span> <span class='ocrx_word' id='word_1_514' title='bbox 3177 2443 3234 2497; x_wconf 91' lang='lat' dir='ltr'><strong>in</strong></span> <span class='ocrx_word' id='word_1_515' title='bbox 3249 2444 3463 2498; x_wconf 91' lang='lat' dir='ltr'><strong>mundo</strong></span> <span class='ocrx_word' id='word_1_516' title='bbox 3476 2449 3609 2498; x_wconf 90' lang='lat' dir='ltr'><strong>sunt</strong></span> <span class='ocrx_word' id='word_1_517' title='bbox 3621 2442 3732 2496; x_wconf 90' lang='lat' dir='ltr'><strong>odio</strong></span> 
     </span>
    </p>
   </div>
   <div class='ocr_carea' id='block_1_70' title="bbox 2143 2531 3722 2606">
    <p class='ocr_par' dir='ltr' id='par_1_70' title="bbox 2143 2531 3722 2606">
     <span class='ocr_line' id='line_1_70' title="bbox 2143 2531 3722 2606; baseline -0.003 -17"><span class='ocrx_word' id='word_1_518' title='bbox 2143 2535 2551 2606; x_wconf 89' lang='lat' dir='ltr'><strong>prosequimur,</strong></span> <span class='ocrx_word' id='word_1_519' title='bbox 2584 2541 2909 2604; x_wconf 88' lang='lat' dir='ltr'><strong>arctamque</strong></span> <span class='ocrx_word' id='word_1_520' title='bbox 2951 2539 3007 2587; x_wconf 90' lang='lat' dir='ltr'><strong>et</strong></span> <span class='ocrx_word' id='word_1_521' title='bbox 3052 2538 3352 2603; x_wconf 84' lang='lat' dir='ltr'><strong>angustam</strong></span> <span class='ocrx_word' id='word_1_522' title='bbox 3381 2533 3532 2586; x_wconf 90' lang='lat' dir='ltr'><strong>viam</strong></span> <span class='ocrx_word' id='word_1_523' title='bbox 3576 2531 3722 2586; x_wconf 88' lang='lat' dir='ltr'><strong>Chri-</strong></span> 
     </span>
    </p>
   </div>
   <div class='ocr_carea' id='block_1_71' title="bbox 2151 2622 3736 2693">
    <p class='ocr_par' dir='ltr' id='par_1_71' title="bbox 2151 2622 3736 2693">
     <span class='ocr_line' id='line_1_71' title="bbox 2151 2622 3736 2693; baseline -0.002 -16"><span class='ocrx_word' id='word_1_524' title='bbox 2151 2625 2223 2678; x_wconf 92' lang='lat' dir='ltr'><strong>sti</strong></span> <span class='ocrx_word' id='word_1_525' title='bbox 2244 2641 2413 2678; x_wconf 88' lang='lat' dir='ltr'><strong>causa</strong></span> <span class='ocrx_word' id='word_1_526' title='bbox 2443 2624 2810 2693; x_wconf 89' lang='lat' dir='ltr'><strong>ingredimur,</strong></span> <span class='ocrx_word' id='word_1_527' title='bbox 2837 2639 2942 2676; x_wconf 93' lang='lat' dir='ltr'><strong>nec</strong></span> <span class='ocrx_word' id='word_1_528' title='bbox 2972 2622 3168 2676; x_wconf 88' lang='lat' dir='ltr'><strong>mortis</strong></span> <span class='ocrx_word' id='word_1_529' title='bbox 3190 2627 3366 2686; x_wconf 90' lang='lat' dir='ltr'><strong>metu,</strong></span> <span class='ocrx_word' id='word_1_530' title='bbox 3393 2638 3499 2676; x_wconf 90' lang='lat' dir='ltr'><strong>nec</strong></span> <span class='ocrx_word' id='word_1_531' title='bbox 3519 2635 3736 2692; x_wconf 65' lang='lat' dir='ltr'><strong>praesen-</strong></span> 
     </span>
    </p>
   </div>
   <div class='ocr_carea' id='block_1_72' title="bbox 2149 2710 3731 2782">
    <p class='ocr_par' dir='ltr' id='par_1_72' title="bbox 2149 2710 3731 2782">
     <span class='ocr_line' id='line_1_72' title="bbox 2149 2710 3731 2782; baseline -0.003 -18"><span class='ocrx_word' id='word_1_532' title='bbox 2149 2711 2291 2765; x_wconf 89' lang='lat' dir='ltr'><strong>tium</strong></span> <span class='ocrx_word' id='word_1_533' title='bbox 2321 2728 2512 2766; x_wconf 89' lang='lat' dir='ltr'><strong>rerum</strong></span> <span class='ocrx_word' id='word_1_534' title='bbox 2533 2712 2840 2782; x_wconf 88' lang='lat' dir='ltr'><strong>cupiditate</strong></span> <span class='ocrx_word' id='word_1_535' title='bbox 2867 2710 3175 2774; x_wconf 80' lang='lat' dir='ltr'><strong>afficimur;</strong></span> <span class='ocrx_word' id='word_1_536' title='bbox 3216 2725 3415 2763; x_wconf 88' lang='lat' dir='ltr'><strong>verum</strong></span> <span class='ocrx_word' id='word_1_537' title='bbox 3431 2711 3731 2763; x_wconf 83' lang='lat' dir='ltr'><strong>futurarum</strong></span> 
     </span>
    </p>
   </div>
   <div class='ocr_carea' id='block_1_73' title="bbox 2151 2796 3734 2866">
    <p class='ocr_par' dir='ltr' id='par_1_73' title="bbox 2151 2796 3734 2866">
     <span class='ocr_line' id='line_1_73' title="bbox 2151 2796 3734 2866; baseline -0.003 -13"><span class='ocrx_word' id='word_1_538' title='bbox 2151 2800 2424 2854; x_wconf 86' lang='lat' dir='ltr'><strong>duntaxat</strong></span> <span class='ocrx_word' id='word_1_539' title='bbox 2455 2817 2644 2854; x_wconf 90' lang='lat' dir='ltr'><strong>rerum</strong></span> <span class='ocrx_word' id='word_1_540' title='bbox 2673 2799 2953 2853; x_wconf 88' lang='lat' dir='ltr'><strong>desiderio</strong></span> <span class='ocrx_word' id='word_1_541' title='bbox 2973 2806 3250 2852; x_wconf 87' lang='lat' dir='ltr'><strong>tenemur.</strong></span> <span class='ocrx_word' id='word_1_542' title='bbox 3285 2797 3568 2862; x_wconf 83' lang='lat' dir='ltr'><strong>Quoniam</strong></span> <span class='ocrx_word' id='word_1_543' title='bbox 3583 2796 3734 2866; x_wconf 87' lang='lat' dir='ltr'><strong>igitur</strong></span> 
     </span>
    </p>
   </div>
   <div class='ocr_carea' id='block_1_74' title="bbox 2157 2887 3734 2960">
    <p class='ocr_par' dir='ltr' id='par_1_74' title="bbox 2157 2887 3734 2960">
     <span class='ocr_line' id='line_1_74' title="bbox 2157 2887 3734 2960; baseline -0.003 -18"><span class='ocrx_word' id='word_1_544' title='bbox 2157 2905 2308 2942; x_wconf 90' lang='lat' dir='ltr'><strong>mors</strong></span> <span class='ocrx_word' id='word_1_545' title='bbox 2337 2906 2404 2943; x_wconf 89' lang='lat' dir='ltr'><strong>ea</strong></span> <span class='ocrx_word' id='word_1_546' title='bbox 2451 2906 2620 2960; x_wconf 90' lang='lat' dir='ltr'><strong>quam</strong></span> <span class='ocrx_word' id='word_1_547' title='bbox 2658 2889 2818 2942; x_wconf 91' lang='lat' dir='ltr'><strong>nobis</strong></span> <span class='ocrx_word' id='word_1_548' title='bbox 2850 2888 3066 2942; x_wconf 86' lang='lat' dir='ltr'><strong>infertis</strong></span> <span class='ocrx_word' id='word_1_549' title='bbox 3120 2887 3192 2941; x_wconf 87' lang='lat' dir='ltr'><strong>ad</strong></span> <span class='ocrx_word' id='word_1_550' title='bbox 3245 2887 3646 2958; x_wconf 68' lang='lat' dir='ltr'><strong>sempiternam</strong></span> <span class='ocrx_word' id='word_1_551' title='bbox 3686 2889 3734 2938; x_wconf 90' lang='lat' dir='ltr'><strong>et</strong></span> 
     </span>
    </p>
   </div>
   <div class='ocr_carea' id='block_1_75' title="bbox 2159 2975 3734 3048">
    <p class='ocr_par' dir='ltr' id='par_1_75' title="bbox 2159 2975 3734 3048">
     <span class='ocr_line' id='line_1_75' title="bbox 2159 2975 3734 3048; baseline -0.003 -18"><span class='ocrx_word' id='word_1_552' title='bbox 2159 2978 2606 3048; x_wconf 62' lang='lat' dir='ltr'><strong>praestantiorem</strong></span> <span class='ocrx_word' id='word_1_553' title='bbox 2625 2978 2798 3031; x_wconf 87' lang='lat' dir='ltr'><strong>vitam</strong></span> <span class='ocrx_word' id='word_1_554' title='bbox 2818 2977 3094 3030; x_wconf 89' lang='lat' dir='ltr'><strong>transitus</strong></span> <span class='ocrx_word' id='word_1_555' title='bbox 3123 2975 3386 3041; x_wconf 75' lang='lat' dir='ltr'><strong>efï¬citur,</strong></span> <span class='ocrx_word' id='word_1_556' title='bbox 3430 2975 3634 3030; x_wconf 85' lang='lat' dir='ltr'><strong>idcirco</strong></span> <span class='ocrx_word' id='word_1_557' title='bbox 3651 2987 3734 3027; x_wconf 90' lang='lat' dir='ltr'><strong>cu-</strong></span> 
     </span>
    </p>
   </div>
   <div class='ocr_carea' id='block_1_76' title="bbox 2154 3067 3324 3138">
    <p class='ocr_par' dir='ltr' id='par_1_76' title="bbox 2154 3067 3324 3138">
     <span class='ocr_line' id='line_1_76' title="bbox 2154 3067 3324 3138; baseline 0 -18"><span class='ocrx_word' id='word_1_558' title='bbox 2154 3067 2377 3138; x_wconf 92' lang='lat' dir='ltr'><strong>piditati</strong></span> <span class='ocrx_word' id='word_1_559' title='bbox 2408 3067 2592 3138; x_wconf 91' lang='lat' dir='ltr'><strong>potius</strong></span> <span class='ocrx_word' id='word_1_560' title='bbox 2619 3067 2777 3121; x_wconf 91' lang='lat' dir='ltr'><strong>nobis</strong></span> <span class='ocrx_word' id='word_1_561' title='bbox 2807 3075 2892 3122; x_wconf 91' lang='lat' dir='ltr'><strong>est</strong></span> <span class='ocrx_word' id='word_1_562' title='bbox 2911 3084 3080 3138; x_wconf 89' lang='lat' dir='ltr'><strong>quam</strong></span> <span class='ocrx_word' id='word_1_563' title='bbox 3101 3067 3324 3120; x_wconf 91' lang='lat' dir='ltr'><strong>terrori.</strong></span> 
     </span>
    </p>
   </div>
   <div class='ocr_carea' id='block_1_77' title="bbox 2229 3153 3734 3227">
    <p class='ocr_par' dir='ltr' id='par_1_77' title="bbox 2229 3153 3734 3227">
     <span class='ocr_line' id='line_1_77' title="bbox 2229 3153 3734 3227; baseline -0.003 -17"><span class='ocrx_word' id='word_1_564' title='bbox 2229 3155 2332 3210; x_wconf 90' lang='lat' dir='ltr'><strong>Hic</strong></span> <span class='ocrx_word' id='word_1_565' title='bbox 2355 3173 2445 3210; x_wconf 85' lang='lat' dir='ltr'><strong>rex</strong></span> <span class='ocrx_word' id='word_1_566' title='bbox 2468 3174 2568 3227; x_wconf 90' lang='lat' dir='ltr'><strong>per</strong></span> <span class='ocrx_word' id='word_1_567' title='bbox 2588 3157 2894 3222; x_wconf 88' lang='lat' dir='ltr'><strong>solertiam,</strong></span> <span class='ocrx_word' id='word_1_568' title='bbox 2915 3157 3170 3210; x_wconf 86' lang='lat' dir='ltr'><strong>videlicet</strong></span> <span class='ocrx_word' id='word_1_569' title='bbox 3185 3155 3492 3210; x_wconf 87' lang='lat' dir='ltr'><strong>monachos</strong></span> <span class='ocrx_word' id='word_1_570' title='bbox 3507 3153 3734 3223; x_wconf 84' lang='lat' dir='ltr'><strong>arripere</strong></span> 
     </span>
    </p>
   </div>
   <div class='ocr_carea' id='block_1_78' title="bbox 2157 3245 3734 3316">
    <p class='ocr_par' dir='ltr' id='par_1_78' title="bbox 2157 3245 3734 3316">
     <span class='ocr_line' id='line_1_78' title="bbox 2157 3245 3734 3316; baseline -0.003 -18"><span class='ocrx_word' id='word_1_571' title='bbox 2157 3245 2406 3315; x_wconf 91' lang='lat' dir='ltr'><strong>cupiens,</strong></span> <span class='ocrx_word' id='word_1_572' title='bbox 2439 3246 2613 3299; x_wconf 90' lang='lat' dir='ltr'><strong>dixit:</strong></span> <span class='ocrx_word' id='word_1_573' title='bbox 2651 3246 2834 3310; x_wconf 85' lang='lat' dir='ltr'><strong>Quid?</strong></span> <span class='ocrx_word' id='word_1_574' title='bbox 2857 3247 2944 3299; x_wconf 85' lang='lat' dir='ltr'><strong>An</strong></span> <span class='ocrx_word' id='word_1_575' title='bbox 2983 3262 3095 3298; x_wconf 91' lang='lat' dir='ltr'><strong>non</strong></span> <span class='ocrx_word' id='word_1_576' title='bbox 3116 3245 3282 3316; x_wconf 88' lang='lat' dir='ltr'><strong>paulo</strong></span> <span class='ocrx_word' id='word_1_577' title='bbox 3313 3251 3448 3298; x_wconf 89' lang='lat' dir='ltr'><strong>ante</strong></span> <span class='ocrx_word' id='word_1_578' title='bbox 3486 3261 3582 3297; x_wconf 85' lang='lat' dir='ltr'><strong>vos</strong></span> <span class='ocrx_word' id='word_1_579' title='bbox 3602 3257 3734 3295; x_wconf 85' lang='lat' dir='ltr'><strong>sece-</strong></span> 
     </span>
    </p>
   </div>
   <div class='ocr_carea' id='block_1_79' title="bbox 2156 3332 3732 3405">
    <p class='ocr_par' dir='ltr' id='par_1_79' title="bbox 2156 3332 3732 3405">
     <span class='ocr_line' id='line_1_79' title="bbox 2156 3332 3732 3405; baseline -0.003 -19"><span class='ocrx_word' id='word_1_580' title='bbox 2156 3333 2288 3387; x_wconf 90' lang='lat' dir='ltr'><strong>dere</strong></span> <span class='ocrx_word' id='word_1_581' title='bbox 2308 3334 2543 3399; x_wconf 89' lang='lat' dir='ltr'><strong>dixistis,</strong></span> <span class='ocrx_word' id='word_1_582' title='bbox 2563 3340 2627 3389; x_wconf 90' lang='lat' dir='ltr'><strong>ut</strong></span> <span class='ocrx_word' id='word_1_583' title='bbox 2651 3351 2774 3388; x_wconf 92' lang='lat' dir='ltr'><strong>meo</strong></span> <span class='ocrx_word' id='word_1_584' title='bbox 2802 3334 3037 3405; x_wconf 90' lang='lat' dir='ltr'><strong>imperio</strong></span> <span class='ocrx_word' id='word_1_585' title='bbox 3056 3333 3298 3404; x_wconf 82' lang='lat' dir='ltr'><strong>parcatis</strong></span> <span class='ocrx_word' id='word_1_586' title='bbox 3315 3333 3338 3385; x_wconf 87' lang='lat'><strong>?</strong></span> <span class='ocrx_word' id='word_1_587' title='bbox 3357 3333 3524 3398; x_wconf 85' lang='lat' dir='ltr'><strong>Quod</strong></span> <span class='ocrx_word' id='word_1_588' title='bbox 3541 3332 3588 3386; x_wconf 88' lang='lat' dir='ltr'><strong>si</strong></span> <span class='ocrx_word' id='word_1_589' title='bbox 3605 3346 3732 3384; x_wconf 89' lang='lat' dir='ltr'><strong>mor-</strong></span> 
     </span>
    </p>
   </div>
   <div class='ocr_carea' id='block_1_80' title="bbox 2159 3421 3736 3494">
    <p class='ocr_par' dir='ltr' id='par_1_80' title="bbox 2159 3421 3736 3494">
     <span class='ocr_line' id='line_1_80' title="bbox 2159 3421 3736 3494; baseline -0.002 -19"><span class='ocrx_word' id='word_1_590' title='bbox 2159 3426 2272 3476; x_wconf 89' lang='lat' dir='ltr'><strong>tem</strong></span> <span class='ocrx_word' id='word_1_591' title='bbox 2301 3423 2530 3477; x_wconf 92' lang='lat' dir='ltr'><strong>minime</strong></span> <span class='ocrx_word' id='word_1_592' title='bbox 2572 3423 2805 3490; x_wconf 90' lang='lat' dir='ltr'><strong>timetis,</strong></span> <span class='ocrx_word' id='word_1_593' title='bbox 2848 3423 2980 3494; x_wconf 92' lang='lat' dir='ltr'><strong>quid</strong></span> <span class='ocrx_word' id='word_1_594' title='bbox 3024 3428 3110 3476; x_wconf 90' lang='lat' dir='ltr'><strong>est</strong></span> <span class='ocrx_word' id='word_1_595' title='bbox 3151 3421 3521 3494; x_wconf 87' lang='lat' dir='ltr'><strong>quamobrem</strong></span> <span class='ocrx_word' id='word_1_596' title='bbox 3566 3421 3736 3491; x_wconf 86' lang='lat' dir='ltr'><strong>fugam</strong></span> 
     </span>
    </p>
   </div>
   <div class='ocr_carea' id='block_1_81' title="bbox 2159 3509 3732 3583">
    <p class='ocr_par' dir='ltr' id='par_1_81' title="bbox 2159 3509 3732 3583">
     <span class='ocr_line' id='line_1_81' title="bbox 2159 3509 3732 3583; baseline 0.001 -21"><span class='ocrx_word' id='word_1_597' title='bbox 2159 3509 2394 3564; x_wconf 85' lang='lat' dir='ltr'><strong>ineatis?</strong></span> <span class='ocrx_word' id='word_1_598' title='bbox 2421 3513 2501 3566; x_wconf 87' lang='lat' dir='ltr'><strong>En</strong></span> <span class='ocrx_word' id='word_1_599' title='bbox 2527 3512 2643 3566; x_wconf 65' lang='lat' dir='ltr'><strong>haec</strong></span> <span class='ocrx_word' id='word_1_600' title='bbox 2659 3529 2878 3582; x_wconf 91' lang='lat' dir='ltr'><strong>quoque</strong></span> <span class='ocrx_word' id='word_1_601' title='bbox 2896 3512 3106 3566; x_wconf 88' lang='lat' dir='ltr'><strong>frustra</strong></span> <span class='ocrx_word' id='word_1_602' title='bbox 3122 3519 3178 3566; x_wconf 91' lang='lat' dir='ltr'><strong>et</strong></span> <span class='ocrx_word' id='word_1_603' title='bbox 3197 3511 3444 3566; x_wconf 89' lang='lat' dir='ltr'><strong>inaniter</strong></span> <span class='ocrx_word' id='word_1_604' title='bbox 3457 3513 3732 3583; x_wconf 87' lang='lat' dir='ltr'><strong>jactantes,</strong></span> 
     </span>
    </p>
   </div>
   <div class='ocr_carea' id='block_1_82' title="bbox 2159 3600 3737 3673">
    <p class='ocr_par' dir='ltr' id='par_1_82' title="bbox 2159 3600 3737 3673">
     <span class='ocr_line' id='line_1_82' title="bbox 2159 3600 3737 3673; baseline -0.001 -21"><span class='ocrx_word' id='word_1_605' title='bbox 2159 3600 2380 3653; x_wconf 90' lang='lat' dir='ltr'><strong>mentiti</strong></span> <span class='ocrx_word' id='word_1_606' title='bbox 2411 3601 2563 3655; x_wconf 90' lang='lat' dir='ltr'><strong>estis.</strong></span> <span class='ocrx_word' id='word_1_607' title='bbox 2599 3601 3034 3673; x_wconf 86' lang='lat' dir='ltr'><strong>Responderunt</strong></span> <span class='ocrx_word' id='word_1_608' title='bbox 3059 3601 3317 3654; x_wconf 90' lang='lat' dir='ltr'><strong>monachi</strong></span> <span class='ocrx_word' id='word_1_609' title='bbox 3349 3620 3362 3653; x_wconf 87' lang='lat'><strong>:</strong></span> <span class='ocrx_word' id='word_1_610' title='bbox 3398 3601 3526 3656; x_wconf 85' lang='lat' dir='ltr'><strong>Non</strong></span> <span class='ocrx_word' id='word_1_611' title='bbox 3554 3600 3737 3654; x_wconf 88' lang='lat' dir='ltr'><strong>idcirco</strong></span> 
     </span>
    </p>
   </div>
   <div class='ocr_carea' id='block_1_83' title="bbox 2155 3688 3738 3760">
    <p class='ocr_par' dir='ltr' id='par_1_83' title="bbox 2155 3688 3738 3760">
     <span class='ocr_line' id='line_1_83' title="bbox 2155 3688 3738 3760; baseline -0.001 -19"><span class='ocrx_word' id='word_1_612' title='bbox 2155 3688 2402 3758; x_wconf 83' lang='lat' dir='ltr'><strong>fugimus</strong></span> <span class='ocrx_word' id='word_1_613' title='bbox 2426 3690 2574 3760; x_wconf 91' lang='lat' dir='ltr'><strong>quod</strong></span> <span class='ocrx_word' id='word_1_614' title='bbox 2589 3690 2979 3744; x_wconf 87' lang='lat' dir='ltr'><strong>denuntiatam</strong></span> <span class='ocrx_word' id='word_1_615' title='bbox 3000 3689 3158 3744; x_wconf 91' lang='lat' dir='ltr'><strong>nobis</strong></span> <span class='ocrx_word' id='word_1_616' title='bbox 3178 3689 3276 3743; x_wconf 88' lang='lat' dir='ltr'><strong>abs</strong></span> <span class='ocrx_word' id='word_1_617' title='bbox 3296 3694 3352 3743; x_wconf 89' lang='lat' dir='ltr'><strong>te</strong></span> <span class='ocrx_word' id='word_1_618' title='bbox 3372 3695 3615 3744; x_wconf 88' lang='lat' dir='ltr'><strong>mortem</strong></span> <span class='ocrx_word' id='word_1_619' title='bbox 3633 3703 3738 3759; x_wconf 83' lang='lat' dir='ltr'><strong>per-</strong></span> 
     </span>
    </p>
   </div>
   <div class='ocr_carea' id='block_1_84' title="bbox 2156 3778 3734 3843">
    <p class='ocr_par' dir='ltr' id='par_1_84' title="bbox 2156 3778 3734 3843">
     <span class='ocr_line' id='line_1_84' title="bbox 2156 3778 3734 3843; baseline -0.001 -13"><span class='ocrx_word' id='word_1_620' title='bbox 2156 3778 2516 3832; x_wconf 88' lang='lat' dir='ltr'><strong>timescamus</strong></span> <span class='ocrx_word' id='word_1_621' title='bbox 2536 3798 2551 3843; x_wconf 90' lang='lat'><strong>;</strong></span> <span class='ocrx_word' id='word_1_622' title='bbox 2584 3793 2781 3834; x_wconf 90' lang='lat' dir='ltr'><strong>verum</strong></span> <span class='ocrx_word' id='word_1_623' title='bbox 2827 3779 2911 3832; x_wconf 90' lang='lat' dir='ltr'><strong>tui</strong></span> <span class='ocrx_word' id='word_1_624' title='bbox 2947 3778 3307 3832; x_wconf 90' lang='lat' dir='ltr'><strong>miseratione</strong></span> <span class='ocrx_word' id='word_1_625' title='bbox 3353 3779 3638 3842; x_wconf 89' lang='lat' dir='ltr'><strong>commoti,</strong></span> <span class='ocrx_word' id='word_1_626' title='bbox 3675 3792 3734 3830; x_wconf 89' lang='lat' dir='ltr'><strong>ne</strong></span> 
     </span>
    </p>
   </div>
   <div class='ocr_carea' id='block_1_85' title="bbox 2155 3867 3738 3936">
    <p class='ocr_par' dir='ltr' id='par_1_85' title="bbox 2155 3867 3738 3936">
     <span class='ocr_line' id='line_1_85' title="bbox 2155 3867 3738 3936; baseline 0.001 -17"><span class='ocrx_word' id='word_1_627' title='bbox 2155 3867 2468 3936; x_wconf 86' lang='lat' dir='ltr'><strong>graviorem</strong></span> <span class='ocrx_word' id='word_1_628' title='bbox 2499 3867 3023 3922; x_wconf 87' lang='lat' dir='ltr'><strong>condemnationem</strong></span> <span class='ocrx_word' id='word_1_629' title='bbox 3053 3867 3154 3921; x_wconf 90' lang='lat' dir='ltr'><strong>tibi</strong></span> <span class='ocrx_word' id='word_1_630' title='bbox 3200 3884 3572 3933; x_wconf 89' lang='lat' dir='ltr'><strong>accersamus,</strong></span> <span class='ocrx_word' id='word_1_631' title='bbox 3605 3881 3738 3921; x_wconf 85' lang='lat' dir='ltr'><strong>sece-</strong></span> 
     </span>
    </p>
   </div>
   <div class='ocr_carea' id='block_1_86' title="bbox 2157 3954 3732 4026">
    <p class='ocr_par' dir='ltr' id='par_1_86' title="bbox 2157 3954 3732 4026">
     <span class='ocr_line' id='line_1_86' title="bbox 2157 3954 3732 4026; baseline -0.001 -17"><span class='ocrx_word' id='word_1_632' title='bbox 2157 3956 2289 4009; x_wconf 90' lang='lat' dir='ltr'><strong>dere</strong></span> <span class='ocrx_word' id='word_1_633' title='bbox 2335 3956 2393 4010; x_wconf 91' lang='lat' dir='ltr'><strong>in</strong></span> <span class='ocrx_word' id='word_1_634' title='bbox 2435 3955 2686 4011; x_wconf 91' lang='lat' dir='ltr'><strong>animum</strong></span> <span class='ocrx_word' id='word_1_635' title='bbox 2729 3957 3078 4013; x_wconf 85' lang='lat' dir='ltr'><strong>induximus.</strong></span> <span class='ocrx_word' id='word_1_636' title='bbox 3118 3961 3310 4023; x_wconf 61' lang='grc' dir='ltr'><strong>Ï€Ï‰</strong></span> <span class='ocrx_word' id='word_1_637' title='bbox 3337 3958 3488 4011; x_wconf 88' lang='lat' dir='ltr'><strong>Nam</strong></span> <span class='ocrx_word' id='word_1_638' title='bbox 3524 3954 3732 4026; x_wconf 84' lang='lat' dir='ltr'><strong>alioqui,</strong></span> 
     </span>
    </p>
   </div>
   <div class='ocr_carea' id='block_1_87' title="bbox 2157 4045 3739 4114">
    <p class='ocr_par' dir='ltr' id='par_1_87' title="bbox 2157 4045 3739 4114">
     <span class='ocr_line' id='line_1_87' title="bbox 2157 4045 3739 4114; baseline -0.001 -16"><span class='ocrx_word' id='word_1_639' title='bbox 2157 4050 2433 4114; x_wconf 89' lang='lat' dir='ltr'><strong>quantum</strong></span> <span class='ocrx_word' id='word_1_640' title='bbox 2461 4045 2533 4099; x_wconf 91' lang='lat' dir='ltr'><strong>ad</strong></span> <span class='ocrx_word' id='word_1_641' title='bbox 2553 4063 2654 4100; x_wconf 92' lang='lat' dir='ltr'><strong>nos</strong></span> <span class='ocrx_word' id='word_1_642' title='bbox 2682 4046 2904 4112; x_wconf 91' lang='lat' dir='ltr'><strong>attinet,</strong></span> <span class='ocrx_word' id='word_1_643' title='bbox 2933 4046 3088 4099; x_wconf 92' lang='lat' dir='ltr'><strong>nullo</strong></span> <span class='ocrx_word' id='word_1_644' title='bbox 3109 4045 3276 4099; x_wconf 92' lang='lat' dir='ltr'><strong>modo</strong></span> <span class='ocrx_word' id='word_1_645' title='bbox 3303 4045 3489 4100; x_wconf 89' lang='lat' dir='ltr'><strong>minas</strong></span> <span class='ocrx_word' id='word_1_646' title='bbox 3521 4052 3644 4100; x_wconf 90' lang='lat' dir='ltr'><strong>tuas</strong></span> <span class='ocrx_word' id='word_1_647' title='bbox 3662 4059 3739 4097; x_wconf 84' lang='lat' dir='ltr'><strong>ex-</strong></span> 
     </span>
    </p>
   </div>
   <div class='ocr_carea' id='block_1_88' title="bbox 2155 4130 3728 4206">
    <p class='ocr_par' dir='ltr' id='par_1_88' title="bbox 2155 4130 3728 4206">
     <span class='ocr_line' id='line_1_88' title="bbox 2155 4130 3728 4206; baseline 0 -20"><span class='ocrx_word' id='word_1_648' title='bbox 2155 4134 2522 4204; x_wconf 90' lang='lat' dir='ltr'><strong>pavescimus.</strong></span> <span class='ocrx_word' id='word_1_649' title='bbox 2552 4135 2639 4188; x_wconf 83' lang='lat' dir='ltr'><strong>Ad</strong></span> <span class='ocrx_word' id='word_1_650' title='bbox 2665 4135 2779 4188; x_wconf 67' lang='lat' dir='ltr'><strong>hazc</strong></span> <span class='ocrx_word' id='word_1_651' title='bbox 2809 4151 2904 4188; x_wconf 89' lang='lat' dir='ltr'><strong>rex</strong></span> <span class='ocrx_word' id='word_1_652' title='bbox 2947 4135 3027 4188; x_wconf 85' lang='lat' dir='ltr'><strong>ita</strong></span> <span class='ocrx_word' id='word_1_653' title='bbox 3049 4140 3383 4200; x_wconf 87' lang='lat' dir='ltr'><strong>commotus,</strong></span> <span class='ocrx_word' id='word_1_654' title='bbox 3409 4134 3564 4206; x_wconf 87' lang='lat' dir='ltr'><strong>ipsos</strong></span> <span class='ocrx_word' id='word_1_655' title='bbox 3585 4130 3728 4188; x_wconf 86' lang='lat' dir='ltr'><strong>exuri</strong></span> 
     </span>
    </p>
   </div>
   <div class='ocr_carea' id='block_1_89' title="bbox 2151 4221 3726 4293">
    <p class='ocr_par' dir='ltr' id='par_1_89' title="bbox 2151 4221 3726 4293">
     <span class='ocr_line' id='line_1_89' title="bbox 2151 4221 3726 4293; baseline -0.001 -17"><span class='ocrx_word' id='word_1_656' title='bbox 2151 4222 2340 4292; x_wconf 85' lang='lat' dir='ltr'><strong>jussit.</strong></span> <span class='ocrx_word' id='word_1_657' title='bbox 2385 4223 2586 4293; x_wconf 90' lang='lat' dir='ltr'><strong>Sicque</strong></span> <span class='ocrx_word' id='word_1_658' title='bbox 2614 4223 2716 4278; x_wconf 92' lang='lat' dir='ltr'><strong>Dei</strong></span> <span class='ocrx_word' id='word_1_659' title='bbox 2755 4223 2949 4277; x_wconf 85' lang='lat' dir='ltr'><strong>famuli</strong></span> <span class='ocrx_word' id='word_1_660' title='bbox 2977 4229 3228 4277; x_wconf 85' lang='lat' dir='ltr'><strong>extremo</strong></span> <span class='ocrx_word' id='word_1_661' title='bbox 3255 4223 3382 4277; x_wconf 68' lang='lat' dir='ltr'><strong>vitae</strong></span> <span class='ocrx_word' id='word_1_662' title='bbox 3428 4223 3523 4277; x_wconf 88' lang='lat' dir='ltr'><strong>die</strong></span> <span class='ocrx_word' id='word_1_663' title='bbox 3552 4221 3726 4284; x_wconf 84' lang='lat' dir='ltr'><strong>functi,</strong></span> 
     </span>
    </p>
   </div>
   <div class='ocr_carea' id='block_1_90' title="bbox 2156 4311 3730 4383">
    <p class='ocr_par' dir='ltr' id='par_1_90' title="bbox 2156 4311 3730 4383">
     <span class='ocr_line' id='line_1_90' title="bbox 2156 4311 3730 4383; baseline -0.002 -19"><span class='ocrx_word' id='word_1_664' title='bbox 2156 4311 2415 4383; x_wconf 83' lang='lat' dir='ltr'><strong>martyrii</strong></span> <span class='ocrx_word' id='word_1_665' title='bbox 2435 4327 2699 4366; x_wconf 82' lang='lat' dir='ltr'><strong>coronam</strong></span> <span class='ocrx_word' id='word_1_666' title='bbox 2721 4329 2822 4383; x_wconf 90' lang='lat' dir='ltr'><strong>per</strong></span> <span class='ocrx_word' id='word_1_667' title='bbox 2837 4312 3024 4382; x_wconf 89' lang='lat' dir='ltr'><strong>ignem</strong></span> <span class='ocrx_word' id='word_1_668' title='bbox 3041 4311 3230 4382; x_wconf 88' lang='lat' dir='ltr'><strong>adepti</strong></span> <span class='ocrx_word' id='word_1_669' title='bbox 3251 4317 3402 4366; x_wconf 90' lang='lat' dir='ltr'><strong>sunt.</strong></span> <span class='ocrx_word' id='word_1_670' title='bbox 3429 4311 3730 4380; x_wconf 82' lang='lat' dir='ltr'><strong>Statimque</strong></span> 
     </span>
    </p>
   </div>
   <div class='ocr_carea' id='block_1_91' title="bbox 471 4398 3734 4500">
    <p class='ocr_par' dir='ltr' id='par_1_91' title="bbox 471 4398 3734 4500">
     <span class='ocr_line' id='line_1_91' title="bbox 471 4398 3734 4500; baseline -0.001 -48"><span class='ocrx_word' id='word_1_671' title='bbox 471 4398 1010 4454; x_wconf 90' lang='lat' dir='ltr'><strong>oblectamentorum</strong></span> <span class='ocrx_word' id='word_1_672' title='bbox 1054 4400 1224 4470; x_wconf 91' lang='lat' dir='ltr'><strong>hujus</strong></span> <span class='ocrx_word' id='word_1_673' title='bbox 1271 4399 1397 4453; x_wconf 69' lang='lat' dir='ltr'><strong>vitae</strong></span> <span class='ocrx_word' id='word_1_674' title='bbox 1444 4399 1656 4453; x_wconf 90' lang='lat' dir='ltr'><strong>socium</strong></span> <span class='ocrx_word' id='word_1_675' title='bbox 1686 4398 1947 4464; x_wconf 87' lang='lat' dir='ltr'><strong>habuisti,</strong></span> <span class='ocrx_word' id='word_1_676' title='bbox 1981 4398 2128 4500; x_wconf 86' lang='lat' dir='ltr'><strong>itaD</strong></span> <span class='ocrx_word' id='word_1_677' title='bbox 2156 4399 2398 4454; x_wconf 92' lang='lat' dir='ltr'><strong>edictum</strong></span> <span class='ocrx_word' id='word_1_678' title='bbox 2421 4402 2838 4472; x_wconf 89' lang='lat' dir='ltr'><strong>promulgatum</strong></span> <span class='ocrx_word' id='word_1_679' title='bbox 2858 4407 2961 4464; x_wconf 89' lang='lat' dir='ltr'><strong>est,</strong></span> <span class='ocrx_word' id='word_1_680' title='bbox 2977 4405 3041 4455; x_wconf 92' lang='lat' dir='ltr'><strong>ut</strong></span> <span class='ocrx_word' id='word_1_681' title='bbox 3062 4401 3108 4454; x_wconf 92' lang='lat' dir='ltr'><strong>si</strong></span> <span class='ocrx_word' id='word_1_682' title='bbox 3129 4401 3255 4471; x_wconf 91' lang='lat' dir='ltr'><strong>quis</strong></span> <span class='ocrx_word' id='word_1_683' title='bbox 3278 4401 3588 4455; x_wconf 89' lang='lat' dir='ltr'><strong>monachus</strong></span> <span class='ocrx_word' id='word_1_684' title='bbox 3603 4399 3734 4453; x_wconf 86' lang='lat' dir='ltr'><strong>inve-</strong></span> 
     </span>
    </p>
   </div>
   <div class='ocr_carea' id='block_1_92' title="bbox 471 4487 2066 4559">
    <p class='ocr_par' dir='ltr' id='par_1_92' title="bbox 471 4487 2066 4559">
     <span class='ocr_line' id='line_1_92' title="bbox 471 4487 2066 4559; baseline 0 -17"><span class='ocrx_word' id='word_1_685' title='bbox 471 4487 644 4542; x_wconf 88' lang='lat' dir='ltr'><strong>etiam</strong></span> <span class='ocrx_word' id='word_1_686' title='bbox 675 4489 1058 4543; x_wconf 89' lang='lat' dir='ltr'><strong>molestiarum</strong></span> <span class='ocrx_word' id='word_1_687' title='bbox 1087 4487 1380 4542; x_wconf 89' lang='lat' dir='ltr'><strong>habiturus</strong></span> <span class='ocrx_word' id='word_1_688' title='bbox 1401 4505 1476 4552; x_wconf 91' lang='lat' dir='ltr'><strong>es,</strong></span> <span class='ocrx_word' id='word_1_689' title='bbox 1505 4505 1614 4559; x_wconf 92' lang='lat' dir='ltr'><strong>quo</strong></span> <span class='ocrx_word' id='word_1_690' title='bbox 1635 4488 1805 4542; x_wconf 88' lang='lat' dir='ltr'><strong>etiam</strong></span> <span class='ocrx_word' id='word_1_691' title='bbox 1829 4488 1888 4542; x_wconf 90' lang='lat' dir='ltr'><strong>in</strong></span> <span class='ocrx_word' id='word_1_692' title='bbox 1918 4487 2066 4542; x_wconf 83' lang='lat' dir='ltr'><strong>futu-</strong></span> 
     </span>
    </p>
   </div>
   <div class='ocr_carea' id='block_1_93' title="bbox 469 4577 2066 4632">
    <p class='ocr_par' dir='ltr' id='par_1_93' title="bbox 469 4577 2066 4632">
     <span class='ocr_line' id='line_1_93' title="bbox 469 4577 2066 4632; baseline 0.001 -2"><span class='ocrx_word' id='word_1_693' title='bbox 469 4593 661 4632; x_wconf 90' lang='lat' dir='ltr'><strong>rorum</strong></span> <span class='ocrx_word' id='word_1_694' title='bbox 681 4577 950 4632; x_wconf 90' lang='lat' dir='ltr'><strong>bonorum</strong></span> <span class='ocrx_word' id='word_1_695' title='bbox 966 4578 1292 4632; x_wconf 88' lang='lat' dir='ltr'><strong>societatem</strong></span> <span class='ocrx_word' id='word_1_696' title='bbox 1311 4582 1497 4632; x_wconf 91' lang='lat' dir='ltr'><strong>tecum</strong></span> <span class='ocrx_word' id='word_1_697' title='bbox 1515 4577 2066 4632; x_wconf 72' lang='lat' dir='ltr'><strong>veniam.Pra3clarus</strong></span> 
     </span>
    </p>
   </div>
   <div class='ocr_carea' id='block_1_94' title="bbox 471 4665 2068 4739">
    <p class='ocr_par' dir='ltr' id='par_1_94' title="bbox 471 4665 2068 4739">
     <span class='ocr_line' id='line_1_94' title="bbox 471 4665 2068 4739; baseline 0.002 -20"><span class='ocrx_word' id='word_1_698' title='bbox 471 4665 642 4736; x_wconf 90' lang='lat' dir='ltr'><strong>igitur</strong></span> <span class='ocrx_word' id='word_1_699' title='bbox 668 4667 762 4721; x_wconf 91' lang='lat' dir='ltr'><strong>ille</strong></span> <span class='ocrx_word' id='word_1_700' title='bbox 790 4667 873 4721; x_wconf 90' lang='lat' dir='ltr'><strong>vir</strong></span> <span class='ocrx_word' id='word_1_701' title='bbox 901 4667 1110 4721; x_wconf 79' lang='lat' dir='ltr'><strong>inï¬rmi</strong></span> <span class='ocrx_word' id='word_1_702' title='bbox 1133 4667 1376 4721; x_wconf 88' lang='lat' dir='ltr'><strong>hominis</strong></span> <span class='ocrx_word' id='word_1_703' title='bbox 1397 4666 1566 4721; x_wconf 91' lang='lat' dir='ltr'><strong>verba</strong></span> <span class='ocrx_word' id='word_1_704' title='bbox 1583 4667 1970 4739; x_wconf 87' lang='lat' dir='ltr'><strong>comprobans,</strong></span> <span class='ocrx_word' id='word_1_705' title='bbox 1987 4667 2068 4722; x_wconf 86' lang='lat' dir='ltr'><strong>fe-</strong></span> 
     </span>
    </p>
   </div>
   <div class='ocr_carea' id='block_1_95' title="bbox 472 4753 2071 4828">
    <p class='ocr_par' dir='ltr' id='par_1_95' title="bbox 472 4753 2071 4828">
     <span class='ocr_line' id='line_1_95' title="bbox 472 4753 2071 4828; baseline 0.002 -21"><span class='ocrx_word' id='word_1_706' title='bbox 472 4753 551 4808; x_wconf 92' lang='lat' dir='ltr'><strong>cit</strong></span> <span class='ocrx_word' id='word_1_707' title='bbox 579 4757 1051 4824; x_wconf 89' lang='lat' dir='ltr'><strong>quemadmodum</strong></span> <span class='ocrx_word' id='word_1_708' title='bbox 1087 4756 1206 4828; x_wconf 91' lang='lat' dir='ltr'><strong>ipse</strong></span> <span class='ocrx_word' id='word_1_709' title='bbox 1233 4762 1548 4811; x_wconf 90' lang='lat' dir='ltr'><strong>monuerat.</strong></span> <span class='ocrx_word' id='word_1_710' title='bbox 1589 4757 1729 4812; x_wconf 91' lang='lat' dir='ltr'><strong>Eum</strong></span> <span class='ocrx_word' id='word_1_711' title='bbox 1751 4757 1945 4828; x_wconf 83' lang='lat' dir='ltr'><strong>itaque</strong></span> <span class='ocrx_word' id='word_1_712' title='bbox 1973 4773 2071 4810; x_wconf 88' lang='lat' dir='ltr'><strong>rex</strong></span> 
     </span>
    </p>
   </div>
   <div class='ocr_carea' id='block_1_96' title="bbox 470 4842 2071 4917">
    <p class='ocr_par' dir='ltr' id='par_1_96' title="bbox 470 4842 2071 4917">
     <span class='ocr_line' id='line_1_96' title="bbox 470 4842 2071 4917; baseline 0.003 -23"><span class='ocrx_word' id='word_1_713' title='bbox 470 4842 663 4896; x_wconf 89' lang='lat' dir='ltr'><strong>videns</strong></span> <span class='ocrx_word' id='word_1_714' title='bbox 696 4848 864 4914; x_wconf 90' lang='lat' dir='ltr'><strong>atque</strong></span> <span class='ocrx_word' id='word_1_715' title='bbox 879 4845 1130 4908; x_wconf 89' lang='lat' dir='ltr'><strong>audiens,</strong></span> <span class='ocrx_word' id='word_1_716' title='bbox 1155 4845 1260 4900; x_wconf 88' lang='lat' dir='ltr'><strong>hac</strong></span> <span class='ocrx_word' id='word_1_717' title='bbox 1283 4845 1510 4917; x_wconf 90' lang='lat' dir='ltr'><strong>quidem</strong></span> <span class='ocrx_word' id='word_1_718' title='bbox 1535 4845 1604 4900; x_wconf 91' lang='lat' dir='ltr'><strong>de</strong></span> <span class='ocrx_word' id='word_1_719' title='bbox 1638 4863 1808 4902; x_wconf 90' lang='lat' dir='ltr'><strong>causa</strong></span> <span class='ocrx_word' id='word_1_720' title='bbox 1831 4846 2071 4900; x_wconf 88' lang='lat' dir='ltr'><strong>delecta-</strong></span> 
     </span>
    </p>
   </div>
   <div class='ocr_carea' id='block_1_97' title="bbox 471 4931 2072 5004">
    <p class='ocr_par' dir='ltr' id='par_1_97' title="bbox 471 4931 2072 5004">
     <span class='ocr_line' id='line_1_97' title="bbox 471 4931 2072 5004; baseline 0.001 -20"><span class='ocrx_word' id='word_1_721' title='bbox 471 4934 564 4984; x_wconf 91' lang='lat' dir='ltr'><strong>tus</strong></span> <span class='ocrx_word' id='word_1_722' title='bbox 592 4931 878 5001; x_wconf 89' lang='lat' dir='ltr'><strong>est,ipsius</strong></span> <span class='ocrx_word' id='word_1_723' title='bbox 899 4932 1169 4986; x_wconf 90' lang='lat' dir='ltr'><strong>nimirum</strong></span> <span class='ocrx_word' id='word_1_724' title='bbox 1190 4951 1324 5004; x_wconf 89' lang='lat' dir='ltr'><strong>erga</strong></span> <span class='ocrx_word' id='word_1_725' title='bbox 1351 4951 1410 4988; x_wconf 91' lang='lat' dir='ltr'><strong>se</strong></span> <span class='ocrx_word' id='word_1_726' title='bbox 1439 4933 1881 4988; x_wconf 86' lang='lat' dir='ltr'><strong>benevolentiam</strong></span> <span class='ocrx_word' id='word_1_727' title='bbox 1897 4933 2072 4987; x_wconf 90' lang='lat' dir='ltr'><strong>admi-</strong></span> 
     </span>
    </p>
   </div>
   <div class='ocr_carea' id='block_1_98' title="bbox 469 5021 2070 5092">
    <p class='ocr_par' dir='ltr' id='par_1_98' title="bbox 469 5021 2070 5092">
     <span class='ocr_line' id='line_1_98' title="bbox 469 5021 2070 5092; baseline 0.002 -20"><span class='ocrx_word' id='word_1_728' title='bbox 469 5035 622 5087; x_wconf 89' lang='lat' dir='ltr'><strong>rans;</strong></span> <span class='ocrx_word' id='word_1_729' title='bbox 645 5025 814 5090; x_wconf 89' lang='lat' dir='ltr'><strong>atque</strong></span> <span class='ocrx_word' id='word_1_730' title='bbox 843 5021 983 5074; x_wconf 88' lang='lat' dir='ltr'><strong>falsa</strong></span> <span class='ocrx_word' id='word_1_731' title='bbox 1012 5039 1131 5075; x_wconf 85' lang='lat' dir='ltr'><strong>esse</strong></span> <span class='ocrx_word' id='word_1_732' title='bbox 1162 5039 1284 5092; x_wconf 70' lang='lat' dir='ltr'><strong>quae</strong></span> <span class='ocrx_word' id='word_1_733' title='bbox 1313 5023 1580 5077; x_wconf 87' lang='lat' dir='ltr'><strong>adversus</strong></span> <span class='ocrx_word' id='word_1_734' title='bbox 1615 5040 1744 5078; x_wconf 90' lang='lat' dir='ltr'><strong>eum</strong></span> <span class='ocrx_word' id='word_1_735' title='bbox 1772 5023 1843 5076; x_wconf 90' lang='lat' dir='ltr'><strong>ad</strong></span> <span class='ocrx_word' id='word_1_736' title='bbox 1871 5040 1932 5076; x_wconf 90' lang='lat' dir='ltr'><strong>se</strong></span> <span class='ocrx_word' id='word_1_737' title='bbox 1971 5022 2070 5076; x_wconf 88' lang='lat' dir='ltr'><strong>de-</strong></span> 
     </span>
    </p>
   </div>
   <div class='ocr_carea' id='block_1_99' title="bbox 469 5108 2071 5182">
    <p class='ocr_par' dir='ltr' id='par_1_99' title="bbox 469 5108 2071 5182">
     <span class='ocr_line' id='line_1_99' title="bbox 469 5108 2071 5182; baseline 0.002 -20"><span class='ocrx_word' id='word_1_738' title='bbox 469 5108 586 5163; x_wconf 90' lang='lat' dir='ltr'><strong>lata</strong></span> <span class='ocrx_word' id='word_1_739' title='bbox 612 5109 836 5163; x_wconf 88' lang='lat' dir='ltr'><strong>fuerant</strong></span> <span class='ocrx_word' id='word_1_740' title='bbox 863 5109 1200 5180; x_wconf 87' lang='lat' dir='ltr'><strong>intelligens,</strong></span> <span class='ocrx_word' id='word_1_741' title='bbox 1248 5113 1462 5182; x_wconf 89' lang='lat' dir='ltr'><strong>majore</strong></span> <span class='ocrx_word' id='word_1_742' title='bbox 1505 5129 1634 5166; x_wconf 90' lang='lat' dir='ltr'><strong>eum</strong></span> <span class='ocrx_word' id='word_1_743' title='bbox 1663 5112 1873 5165; x_wconf 90' lang='lat' dir='ltr'><strong>honore</strong></span> <span class='ocrx_word' id='word_1_744' title='bbox 1903 5115 2071 5182; x_wconf 89' lang='lat' dir='ltr'><strong>atque</strong></span> 
     </span>
    </p>
   </div>
   <div class='ocr_carea' id='block_1_100' title="bbox 471 5199 2070 5269">
    <p class='ocr_par' dir='ltr' id='par_1_100' title="bbox 471 5199 2070 5269">
     <span class='ocr_line' id='line_1_100' title="bbox 471 5199 2070 5269; baseline 0.001 -18"><span class='ocrx_word' id='word_1_745' title='bbox 471 5199 618 5269; x_wconf 91' lang='lat' dir='ltr'><strong>apud</strong></span> <span class='ocrx_word' id='word_1_746' title='bbox 637 5217 696 5252; x_wconf 89' lang='lat' dir='ltr'><strong>se</strong></span> <span class='ocrx_word' id='word_1_747' title='bbox 717 5199 1050 5254; x_wconf 86' lang='lat' dir='ltr'><strong>auctoritate</strong></span> <span class='ocrx_word' id='word_1_748' title='bbox 1067 5217 1130 5254; x_wconf 87' lang='lat' dir='ltr'><strong>ac</strong></span> <span class='ocrx_word' id='word_1_749' title='bbox 1143 5200 1521 5254; x_wconf 88' lang='lat' dir='ltr'><strong>familiaritate</strong></span> <span class='ocrx_word' id='word_1_750' title='bbox 1537 5201 2070 5254; x_wconf 71' lang='lat' dir='ltr'><strong>donavit.Czeterum</strong></span> 
     </span>
    </p>
   </div>
   <div class='ocr_carea' id='block_1_101' title="bbox 469 5287 2072 5355">
    <p class='ocr_par' dir='ltr' id='par_1_101' title="bbox 469 5287 2072 5355">
     <span class='ocr_line' id='line_1_101' title="bbox 469 5287 2072 5355; baseline 0 -14"><span class='ocrx_word' id='word_1_751' title='bbox 469 5287 739 5342; x_wconf 87' lang='lat' dir='ltr'><strong>adversus</strong></span> <span class='ocrx_word' id='word_1_752' title='bbox 769 5289 1072 5342; x_wconf 86' lang='lat' dir='ltr'><strong>monachos</strong></span> <span class='ocrx_word' id='word_1_753' title='bbox 1103 5305 1328 5343; x_wconf 89' lang='lat' dir='ltr'><strong>rursum</strong></span> <span class='ocrx_word' id='word_1_754' title='bbox 1352 5289 1436 5342; x_wconf 88' lang='lat' dir='ltr'><strong>ira</strong></span> <span class='ocrx_word' id='word_1_755' title='bbox 1458 5289 1684 5355; x_wconf 82' lang='lat' dir='ltr'><strong>exarsit,</strong></span> <span class='ocrx_word' id='word_1_756' title='bbox 1704 5305 1898 5342; x_wconf 88' lang='lat' dir='ltr'><strong>eorum</strong></span> <span class='ocrx_word' id='word_1_757' title='bbox 1928 5288 2072 5342; x_wconf 91' lang='lat' dir='ltr'><strong>scili-</strong></span> 
     </span>
    </p>
   </div>
   <div class='ocr_carea' id='block_1_102' title="bbox 469 5377 2068 5449">
    <p class='ocr_par' dir='ltr' id='par_1_102' title="bbox 469 5377 2068 5449">
     <span class='ocr_line' id='line_1_102' title="bbox 469 5377 2068 5449; baseline 0.002 -20"><span class='ocrx_word' id='word_1_758' title='bbox 469 5382 559 5429; x_wconf 92' lang='lat' dir='ltr'><strong>cet</strong></span> <span class='ocrx_word' id='word_1_759' title='bbox 578 5377 695 5431; x_wconf 68' lang='lat' dir='ltr'><strong>haac</strong></span> <span class='ocrx_word' id='word_1_760' title='bbox 722 5385 1000 5449; x_wconf 65' lang='lat' dir='ltr'><strong>praecepta</strong></span> <span class='ocrx_word' id='word_1_761' title='bbox 1011 5395 1131 5432; x_wconf 89' lang='lat' dir='ltr'><strong>esse</strong></span> <span class='ocrx_word' id='word_1_762' title='bbox 1154 5379 1365 5444; x_wconf 90' lang='lat' dir='ltr'><strong>dicens,</strong></span> <span class='ocrx_word' id='word_1_763' title='bbox 1384 5383 1448 5431; x_wconf 90' lang='lat' dir='ltr'><strong>ut</strong></span> <span class='ocrx_word' id='word_1_764' title='bbox 1470 5377 1726 5431; x_wconf 89' lang='lat' dir='ltr'><strong>homines</strong></span> <span class='ocrx_word' id='word_1_765' title='bbox 1745 5377 1815 5430; x_wconf 89' lang='lat' dir='ltr'><strong>ab</strong></span> <span class='ocrx_word' id='word_1_766' title='bbox 1832 5378 2068 5448; x_wconf 89' lang='lat' dir='ltr'><strong>hujusce</strong></span> 
     </span>
    </p>
   </div>
   <div class='ocr_carea' id='block_1_103' title="bbox 471 5464 2066 5538">
    <p class='ocr_par' dir='ltr' id='par_1_103' title="bbox 471 5464 2066 5538">
     <span class='ocr_line' id='line_1_103' title="bbox 471 5464 2066 5538; baseline 0.003 -22"><span class='ocrx_word' id='word_1_767' title='bbox 471 5464 594 5518; x_wconf 73' lang='lat' dir='ltr'><strong>vita:</strong></span> <span class='ocrx_word' id='word_1_768' title='bbox 612 5467 994 5537; x_wconf 90' lang='lat' dir='ltr'><strong>voluptatibus</strong></span> <span class='ocrx_word' id='word_1_769' title='bbox 1009 5467 1350 5532; x_wconf 88' lang='lat' dir='ltr'><strong>abstineant,</strong></span> <span class='ocrx_word' id='word_1_770' title='bbox 1375 5472 1546 5537; x_wconf 88' lang='lat' dir='ltr'><strong>atque</strong></span> <span class='ocrx_word' id='word_1_771' title='bbox 1569 5466 1781 5521; x_wconf 90' lang='lat' dir='ltr'><strong>incerta</strong></span> <span class='ocrx_word' id='word_1_772' title='bbox 1799 5483 1916 5538; x_wconf 90' lang='lat' dir='ltr'><strong>spe,</strong></span> <span class='ocrx_word' id='word_1_773' title='bbox 1938 5472 2066 5521; x_wconf 89' lang='lat' dir='ltr'><strong>tan-</strong></span> 
     </span>
    </p>
   </div>
   <div class='ocr_carea' id='block_1_104' title="bbox 474 5555 1674 5624">
    <p class='ocr_par' dir='ltr' id='par_1_104' title="bbox 474 5555 1674 5624">
     <span class='ocr_line' id='line_1_104' title="bbox 474 5555 1674 5624; baseline 0.002 -18"><span class='ocrx_word' id='word_1_774' title='bbox 474 5568 643 5622; x_wconf 89' lang='lat' dir='ltr'><strong>quam</strong></span> <span class='ocrx_word' id='word_1_775' title='bbox 671 5571 771 5624; x_wconf 87' lang='lat' dir='ltr'><strong>per</strong></span> <span class='ocrx_word' id='word_1_776' title='bbox 793 5556 1096 5622; x_wconf 88' lang='lat' dir='ltr'><strong>somnium,</strong></span> <span class='ocrx_word' id='word_1_777' title='bbox 1128 5573 1249 5610; x_wconf 89' lang='lat' dir='ltr'><strong>sese</strong></span> <span class='ocrx_word' id='word_1_778' title='bbox 1277 5555 1437 5608; x_wconf 89' lang='lat' dir='ltr'><strong>illudi</strong></span> <span class='ocrx_word' id='word_1_779' title='bbox 1468 5555 1674 5609; x_wconf 88' lang='lat' dir='ltr'><strong>sinant.</strong></span> 
     </span>
    </p>
   </div>
   <div class='ocr_carea' id='block_1_105' title="bbox 543 5641 2064 5718">
    <p class='ocr_par' dir='ltr' id='par_1_105' title="bbox 543 5641 2064 5718">
     <span class='ocr_line' id='line_1_105' title="bbox 543 5641 2064 5718; baseline 0.003 -23"><span class='ocrx_word' id='word_1_780' title='bbox 543 5641 687 5696; x_wconf 88' lang='lat' dir='ltr'><strong>Cum</strong></span> <span class='ocrx_word' id='word_1_781' title='bbox 727 5650 920 5700; x_wconf 85' lang='lat' dir='ltr'><strong>autem</strong></span> <span class='ocrx_word' id='word_1_782' title='bbox 965 5661 1162 5702; x_wconf 86' lang='lat' dir='ltr'><strong>rursus</strong></span> <span class='ocrx_word' id='word_1_783' title='bbox 1189 5645 1262 5700; x_wconf 86' lang='lat' dir='ltr'><strong>ad</strong></span> <span class='ocrx_word' id='word_1_784' title='bbox 1297 5643 1654 5700; x_wconf 88' lang='lat' dir='ltr'><strong>venationem</strong></span> <span class='ocrx_word' id='word_1_785' title='bbox 1685 5647 2064 5718; x_wconf 87' lang='lat' dir='ltr'><strong>egrederetur,</strong></span> 
     </span>
    </p>
   </div>
   <div class='ocr_carea' id='block_1_106' title="bbox 2152 4488 3733 4560">
    <p class='ocr_par' dir='ltr' id='par_1_106' title="bbox 2152 4488 3733 4560">
     <span class='ocr_line' id='line_1_106' title="bbox 2152 4488 3733 4560; baseline -0.001 -18"><span class='ocrx_word' id='word_1_786' title='bbox 2152 4488 2260 4542; x_wconf 90' lang='lat' dir='ltr'><strong>niri</strong></span> <span class='ocrx_word' id='word_1_787' title='bbox 2281 4495 2488 4560; x_wconf 88' lang='lat' dir='ltr'><strong>posset,</strong></span> <span class='ocrx_word' id='word_1_788' title='bbox 2503 4490 2622 4544; x_wconf 87' lang='lat' dir='ltr'><strong>sine</strong></span> <span class='ocrx_word' id='word_1_789' title='bbox 2641 4491 2760 4544; x_wconf 92' lang='lat' dir='ltr'><strong>ulla</strong></span> <span class='ocrx_word' id='word_1_790' title='bbox 2777 4489 3139 4560; x_wconf 90' lang='lat' dir='ltr'><strong>inquisitione</strong></span> <span class='ocrx_word' id='word_1_791' title='bbox 3159 4489 3556 4544; x_wconf 84' lang='lat' dir='ltr'><strong>trucidaretur.</strong></span> <span class='ocrx_word' id='word_1_792' title='bbox 3571 4491 3733 4558; x_wconf 88' lang='lat' dir='ltr'><strong>Atque</strong></span> 
     </span>
    </p>
   </div>
   <div class='ocr_carea' id='block_1_107' title="bbox 2151 4577 3732 4649">
    <p class='ocr_par' dir='ltr' id='par_1_107' title="bbox 2151 4577 3732 4649">
     <span class='ocr_line' id='line_1_107' title="bbox 2151 4577 3732 4649; baseline -0.002 -18"><span class='ocrx_word' id='word_1_793' title='bbox 2151 4577 2232 4631; x_wconf 89' lang='lat' dir='ltr'><strong>ita</strong></span> <span class='ocrx_word' id='word_1_794' title='bbox 2259 4579 2446 4632; x_wconf 89' lang='lat' dir='ltr'><strong>nullus</strong></span> <span class='ocrx_word' id='word_1_795' title='bbox 2475 4579 2799 4649; x_wconf 90' lang='lat' dir='ltr'><strong>hujusmodi</strong></span> <span class='ocrx_word' id='word_1_796' title='bbox 2825 4578 3036 4632; x_wconf 89' lang='lat' dir='ltr'><strong>ordinis</strong></span> <span class='ocrx_word' id='word_1_797' title='bbox 3057 4577 3114 4631; x_wconf 94' lang='lat' dir='ltr'><strong>in</strong></span> <span class='ocrx_word' id='word_1_798' title='bbox 3135 4579 3230 4632; x_wconf 90' lang='lat' dir='ltr'><strong>illa</strong></span> <span class='ocrx_word' id='word_1_799' title='bbox 3251 4579 3480 4648; x_wconf 88' lang='lat' dir='ltr'><strong>regione</strong></span> <span class='ocrx_word' id='word_1_800' title='bbox 3506 4577 3732 4648; x_wconf 84' lang='lat' dir='ltr'><strong>reliquus</strong></span> 
     </span>
    </p>
   </div>
   <div class='ocr_carea' id='block_1_108' title="bbox 2151 4666 3730 4738">
    <p class='ocr_par' dir='ltr' id='par_1_108' title="bbox 2151 4666 3730 4738">
     <span class='ocr_line' id='line_1_108' title="bbox 2151 4666 3730 4738; baseline -0.001 -19"><span class='ocrx_word' id='word_1_801' title='bbox 2151 4666 2330 4720; x_wconf 87' lang='lat' dir='ltr'><strong>factus</strong></span> <span class='ocrx_word' id='word_1_802' title='bbox 2360 4672 2464 4732; x_wconf 92' lang='lat' dir='ltr'><strong>est,</strong></span> <span class='ocrx_word' id='word_1_803' title='bbox 2499 4667 2606 4722; x_wconf 88' lang='lat' dir='ltr'><strong>nisi</strong></span> <span class='ocrx_word' id='word_1_804' title='bbox 2628 4667 2723 4738; x_wconf 93' lang='lat' dir='ltr'><strong>qui</strong></span> <span class='ocrx_word' id='word_1_805' title='bbox 2751 4667 2810 4721; x_wconf 92' lang='lat' dir='ltr'><strong>in</strong></span> <span class='ocrx_word' id='word_1_806' title='bbox 2830 4667 3132 4734; x_wconf 58' lang='lat' dir='ltr'><strong>montibus}</strong></span> <span class='ocrx_word' id='word_1_807' title='bbox 3158 4670 3215 4720; x_wconf 90' lang='lat' dir='ltr'><strong>et</strong></span> <span class='ocrx_word' id='word_1_808' title='bbox 3241 4667 3544 4737; x_wconf 89' lang='lat' dir='ltr'><strong>speluncis,</strong></span> <span class='ocrx_word' id='word_1_809' title='bbox 3575 4672 3630 4720; x_wconf 90' lang='lat' dir='ltr'><strong>et</strong></span> <span class='ocrx_word' id='word_1_810' title='bbox 3651 4679 3730 4718; x_wconf 85' lang='lat' dir='ltr'><strong>ca-</strong></span> 
     </span>
    </p>
   </div>
   <div class='ocr_carea' id='block_1_109' title="bbox 2151 4755 3734 4811">
    <p class='ocr_par' dir='ltr' id='par_1_109' title="bbox 2151 4755 3734 4811">
     <span class='ocr_line' id='line_1_109' title="bbox 2151 4755 3734 4811; baseline -0.002 -3"><span class='ocrx_word' id='word_1_811' title='bbox 2151 4755 2337 4809; x_wconf 89' lang='lat' dir='ltr'><strong>vernis</strong></span> <span class='ocrx_word' id='word_1_812' title='bbox 2372 4760 2537 4810; x_wconf 74' lang='lat' dir='ltr'><strong>terrae</strong></span> <span class='ocrx_word' id='word_1_813' title='bbox 2578 4773 2701 4810; x_wconf 90' lang='lat' dir='ltr'><strong>sese</strong></span> <span class='ocrx_word' id='word_1_814' title='bbox 2751 4757 3116 4811; x_wconf 88' lang='lat' dir='ltr'><strong>occultarant.</strong></span> <span class='ocrx_word' id='word_1_815' title='bbox 3151 4755 3363 4811; x_wconf 85' lang='lat' dir='ltr'><strong>Verum</strong></span> <span class='ocrx_word' id='word_1_816' title='bbox 3400 4756 3520 4810; x_wconf 67' lang='lat' dir='ltr'><strong>haec</strong></span> <span class='ocrx_word' id='word_1_817' title='bbox 3561 4755 3734 4808; x_wconf 86' lang='lat' dir='ltr'><strong>hacte-</strong></span> 
     </span>
    </p>
   </div>
   <div class='ocr_carea' id='block_1_110' title="bbox 2152 4861 2286 4899">
    <p class='ocr_par' dir='ltr' id='par_1_110' title="bbox 2152 4861 2286 4899">
     <span class='ocr_line' id='line_1_110' title="bbox 2152 4861 2286 4899; baseline 0 -1"><span class='ocrx_word' id='word_1_818' title='bbox 2152 4861 2259 4899; x_wconf 89' lang='lat' dir='ltr'><strong>nus</strong></span> <span class='ocrx_word' id='word_1_819' title='bbox 2273 4886 2286 4898; x_wconf 92' lang='lat'><strong>.</strong></span> 
     </span>
    </p>
   </div>
   <div class='ocr_carea' id='block_1_111' title="bbox 2223 4929 3733 5005">
    <p class='ocr_par' dir='ltr' id='par_1_111' title="bbox 2223 4929 3733 5005">
     <span class='ocr_line' id='line_1_111' title="bbox 2223 4929 3733 5005; baseline -0.003 -17"><span class='ocrx_word' id='word_1_820' title='bbox 2223 4934 2354 4988; x_wconf 80' lang='lat' dir='ltr'><strong>CAP.</strong></span> <span class='ocrx_word' id='word_1_821' title='bbox 2371 4934 2440 4990; x_wconf 83' lang='lat' dir='ltr'><strong>V.</strong></span> <span class='ocrx_word' id='word_1_822' title='bbox 2459 4963 2520 4976; x_wconf 92' lang='lat'>â€”</span> <span class='ocrx_word' id='word_1_823' title='bbox 2538 4935 2611 4988; x_wconf 81' lang='lat' dir='ltr'><strong>At</strong></span> <span class='ocrx_word' id='word_1_824' title='bbox 2637 4934 2786 5004; x_wconf 89' lang='lat' dir='ltr'><strong>regis</strong></span> <span class='ocrx_word' id='word_1_825' title='bbox 2804 4933 2969 5001; x_wconf 86' lang='lat' dir='ltr'><strong>filius,</strong></span> <span class='ocrx_word' id='word_1_826' title='bbox 2985 4934 3055 4988; x_wconf 91' lang='lat' dir='ltr'><strong>de</strong></span> <span class='ocrx_word' id='word_1_827' title='bbox 3076 4951 3186 5005; x_wconf 91' lang='lat' dir='ltr'><strong>quo</strong></span> <span class='ocrx_word' id='word_1_828' title='bbox 3213 4933 3375 4988; x_wconf 89' lang='lat' dir='ltr'><strong>initio</strong></span> <span class='ocrx_word' id='word_1_829' title='bbox 3399 4932 3558 4988; x_wconf 91' lang='lat' dir='ltr'><strong>nobis</strong></span> <span class='ocrx_word' id='word_1_830' title='bbox 3574 4929 3733 4986; x_wconf 89' lang='lat' dir='ltr'><strong>oratio</strong></span> 
     </span>
    </p>
   </div>
   <div class='ocr_carea' id='block_1_112' title="bbox 2152 5021 3732 5094">
    <p class='ocr_par' dir='ltr' id='par_1_112' title="bbox 2152 5021 3732 5094">
     <span class='ocr_line' id='line_1_112' title="bbox 2152 5021 3732 5094; baseline -0.003 -18"><span class='ocrx_word' id='word_1_831' title='bbox 2152 5021 2415 5076; x_wconf 88' lang='lat' dir='ltr'><strong>instituta</strong></span> <span class='ocrx_word' id='word_1_832' title='bbox 2434 5028 2536 5087; x_wconf 91' lang='lat' dir='ltr'><strong>est,</strong></span> <span class='ocrx_word' id='word_1_833' title='bbox 2555 5023 2614 5077; x_wconf 89' lang='lat' dir='ltr'><strong>in</strong></span> <span class='ocrx_word' id='word_1_834' title='bbox 2645 5021 2852 5094; x_wconf 87' lang='lat' dir='ltr'><strong>palatio</strong></span> <span class='ocrx_word' id='word_1_835' title='bbox 2872 5023 3018 5094; x_wconf 91' lang='lat' dir='ltr'><strong>quod</strong></span> <span class='ocrx_word' id='word_1_836' title='bbox 3048 5023 3160 5094; x_wconf 89' lang='lat' dir='ltr'><strong>ipsi</strong></span> <span class='ocrx_word' id='word_1_837' title='bbox 3191 5027 3540 5077; x_wconf 89' lang='lat' dir='ltr'><strong>exstructum</strong></span> <span class='ocrx_word' id='word_1_838' title='bbox 3569 5021 3732 5075; x_wconf 86' lang='lat' dir='ltr'><strong>fuerat</strong></span> 
     </span>
    </p>
   </div>
   <div class='ocr_carea' id='block_1_113' title="bbox 2151 5110 3730 5182">
    <p class='ocr_par' dir='ltr' id='par_1_113' title="bbox 2151 5110 3730 5182">
     <span class='ocr_line' id='line_1_113' title="bbox 2151 5110 3730 5182; baseline -0.002 -18"><span class='ocrx_word' id='word_1_839' title='bbox 2151 5110 2232 5165; x_wconf 92' lang='lat' dir='ltr'><strong>ita</strong></span> <span class='ocrx_word' id='word_1_840' title='bbox 2249 5129 2503 5176; x_wconf 89' lang='lat' dir='ltr'><strong>manens,</strong></span> <span class='ocrx_word' id='word_1_841' title='bbox 2525 5118 2589 5166; x_wconf 93' lang='lat' dir='ltr'><strong>ut</strong></span> <span class='ocrx_word' id='word_1_842' title='bbox 2609 5128 2641 5166; x_wconf 92' lang='lat' dir='ltr'><strong>a</strong></span> <span class='ocrx_word' id='word_1_843' title='bbox 2664 5113 2888 5166; x_wconf 90' lang='lat' dir='ltr'><strong>nemine</strong></span> <span class='ocrx_word' id='word_1_844' title='bbox 2908 5112 3057 5166; x_wconf 89' lang='lat' dir='ltr'><strong>adiri</strong></span> <span class='ocrx_word' id='word_1_845' title='bbox 3076 5111 3590 5182; x_wconf 88' lang='lat' dir='ltr'><strong>posset,juvenilem</strong></span> <span class='ocrx_word' id='word_1_846' title='bbox 3612 5113 3730 5162; x_wconf 70' lang='lat' dir='ltr'><strong>aeta-</strong></span> 
     </span>
    </p>
   </div>
   <div class='ocr_carea' id='block_1_114' title="bbox 2150 5196 3732 5271">
    <p class='ocr_par' dir='ltr' id='par_1_114' title="bbox 2150 5196 3732 5271">
     <span class='ocr_line' id='line_1_114' title="bbox 2150 5196 3732 5271; baseline -0.004 -17"><span class='ocrx_word' id='word_1_847' title='bbox 2150 5205 2267 5254; x_wconf 88' lang='lat' dir='ltr'><strong>tem</strong></span> <span class='ocrx_word' id='word_1_848' title='bbox 2294 5201 2522 5254; x_wconf 89' lang='lat' dir='ltr'><strong>tandem</strong></span> <span class='ocrx_word' id='word_1_849' title='bbox 2545 5201 2733 5271; x_wconf 89' lang='lat' dir='ltr'><strong>attigit</strong></span> <span class='ocrx_word' id='word_1_850' title='bbox 2752 5207 2896 5269; x_wconf 89' lang='lat' dir='ltr'><strong>(cum</strong></span> <span class='ocrx_word' id='word_1_851' title='bbox 2916 5201 3134 5256; x_wconf 89' lang='lat' dir='ltr'><strong>interea</strong></span> <span class='ocrx_word' id='word_1_852' title='bbox 3150 5217 3373 5256; x_wconf 91' lang='lat' dir='ltr'><strong>omnem</strong></span> <span class='ocrx_word' id='word_1_853' title='bbox 3393 5207 3512 5254; x_wconf 86' lang='lat' dir='ltr'><strong>tam</strong></span> <span class='ocrx_word' id='word_1_854' title='bbox 3542 5196 3732 5252; x_wconf 72' lang='lat' dir='ltr'><strong>Ethio-</strong></span> 
     </span>
    </p>
   </div>
   <div class='ocr_carea' id='block_1_115' title="bbox 2151 5287 3728 5362">
    <p class='ocr_par' dir='ltr' id='par_1_115' title="bbox 2151 5287 3728 5362">
     <span class='ocr_line' id='line_1_115' title="bbox 2151 5287 3728 5362; baseline -0.004 -20"><span class='ocrx_word' id='word_1_855' title='bbox 2151 5303 2285 5359; x_wconf 89' lang='lat' dir='ltr'><strong>pum</strong></span> <span class='ocrx_word' id='word_1_856' title='bbox 2299 5306 2469 5359; x_wconf 90' lang='lat' dir='ltr'><strong>quam</strong></span> <span class='ocrx_word' id='word_1_857' title='bbox 2487 5289 2789 5343; x_wconf 88' lang='lat' dir='ltr'><strong>Persarum</strong></span> <span class='ocrx_word' id='word_1_858' title='bbox 2812 5290 3124 5344; x_wconf 90' lang='lat' dir='ltr'><strong>doctrinam</strong></span> <span class='ocrx_word' id='word_1_859' title='bbox 3146 5287 3728 5362; x_wconf 86' lang='lat' dir='ltr'><strong>percepisset)prudens</strong></span> 
     </span>
    </p>
   </div>
   <div class='ocr_carea' id='block_1_116' title="bbox 2151 5373 3723 5449">
    <p class='ocr_par' dir='ltr' id='par_1_116' title="bbox 2151 5373 3723 5449">
     <span class='ocr_line' id='line_1_116' title="bbox 2151 5373 3723 5449; baseline -0.002 -18"><span class='ocrx_word' id='word_1_860' title='bbox 2151 5384 2209 5432; x_wconf 89' lang='lat' dir='ltr'><strong>et</strong></span> <span class='ocrx_word' id='word_1_861' title='bbox 2218 5377 2498 5443; x_wconf 90' lang='lat' dir='ltr'><strong>cordatus,</strong></span> <span class='ocrx_word' id='word_1_862' title='bbox 2514 5385 2684 5449; x_wconf 89' lang='lat' dir='ltr'><strong>atque</strong></span> <span class='ocrx_word' id='word_1_863' title='bbox 2697 5378 2956 5433; x_wconf 88' lang='lat' dir='ltr'><strong>omnibus</strong></span> <span class='ocrx_word' id='word_1_864' title='bbox 2971 5380 3240 5434; x_wconf 88' lang='lat' dir='ltr'><strong>virtutum</strong></span> <span class='ocrx_word' id='word_1_865' title='bbox 3251 5378 3476 5432; x_wconf 90' lang='lat' dir='ltr'><strong>dotibus</strong></span> <span class='ocrx_word' id='word_1_866' title='bbox 3494 5373 3723 5431; x_wconf 86' lang='lat' dir='ltr'><strong>illustris.</strong></span> 
     </span>
    </p>
   </div>
   <div class='ocr_carea' id='block_1_117' title="bbox 2151 5461 3726 5540">
    <p class='ocr_par' dir='ltr' id='par_1_117' title="bbox 2151 5461 3726 5540">
     <span class='ocr_line' id='line_1_117' title="bbox 2151 5461 3726 5540; baseline -0.002 -20"><span class='ocrx_word' id='word_1_867' title='bbox 2151 5466 2298 5530; x_wconf 91' lang='lat' dir='ltr'><strong>Quin</strong></span> <span class='ocrx_word' id='word_1_868' title='bbox 2318 5469 2604 5522; x_wconf 89' lang='lat' dir='ltr'><strong>naturales</strong></span> <span class='ocrx_word' id='word_1_869' title='bbox 2621 5468 2794 5522; x_wconf 91' lang='lat' dir='ltr'><strong>etiam</strong></span> <span class='ocrx_word' id='word_1_870' title='bbox 2815 5469 3152 5538; x_wconf 71' lang='lat' dir='ltr'><strong>quaestiones</strong></span> <span class='ocrx_word' id='word_1_871' title='bbox 3173 5465 3610 5540; x_wconf 61' lang='lat' dir='ltr'><strong>praeceptoribus</strong></span> <span class='ocrx_word' id='word_1_872' title='bbox 3627 5461 3726 5518; x_wconf 87' lang='lat' dir='ltr'><strong>suis</strong></span> 
     </span>
    </p>
   </div>
   <div class='ocr_carea' id='block_1_118' title="bbox 2149 5552 3732 5630">
    <p class='ocr_par' dir='ltr' id='par_1_118' title="bbox 2149 5552 3732 5630">
     <span class='ocr_line' id='line_1_118' title="bbox 2149 5552 3732 5630; baseline -0.001 -22"><span class='ocrx_word' id='word_1_873' title='bbox 2149 5555 2526 5627; x_wconf 87' lang='lat' dir='ltr'><strong>proponebat;</strong></span> <span class='ocrx_word' id='word_1_874' title='bbox 2560 5557 2700 5611; x_wconf 90' lang='lat' dir='ltr'><strong>adeo</strong></span> <span class='ocrx_word' id='word_1_875' title='bbox 2730 5562 2793 5611; x_wconf 89' lang='lat' dir='ltr'><strong>ut</strong></span> <span class='ocrx_word' id='word_1_876' title='bbox 2823 5557 2928 5628; x_wconf 88' lang='lat' dir='ltr'><strong>ipsi</strong></span> <span class='ocrx_word' id='word_1_877' title='bbox 2959 5573 3180 5630; x_wconf 89' lang='lat' dir='ltr'><strong>quoque</strong></span> <span class='ocrx_word' id='word_1_878' title='bbox 3201 5554 3567 5610; x_wconf 89' lang='lat' dir='ltr'><strong>adolescentis</strong></span> <span class='ocrx_word' id='word_1_879' title='bbox 3594 5552 3732 5620; x_wconf 44' lang='lat' dir='ltr'><strong>inge.</strong></span> 
     </span>
    </p>
   </div>
   <div class='ocr_carea' id='block_1_119' title="bbox 2151 5641 3728 5717">
    <p class='ocr_par' dir='ltr' id='par_1_119' title="bbox 2151 5641 3728 5717">
     <span class='ocr_line' id='line_1_119' title="bbox 2151 5641 3728 5717; baseline -0.003 -18"><span class='ocrx_word' id='word_1_880' title='bbox 2151 5645 2309 5700; x_wconf 91' lang='lat' dir='ltr'><strong>nium</strong></span> <span class='ocrx_word' id='word_1_881' title='bbox 2328 5644 2615 5717; x_wconf 89' lang='lat' dir='ltr'><strong>animique</strong></span> <span class='ocrx_word' id='word_1_882' title='bbox 2635 5661 2873 5702; x_wconf 89' lang='lat' dir='ltr'><strong>acumen</strong></span> <span class='ocrx_word' id='word_1_883' title='bbox 2891 5646 3329 5714; x_wconf 88' lang='lat' dir='ltr'><strong>admirarentur,</strong></span> <span class='ocrx_word' id='word_1_884' title='bbox 3346 5660 3557 5717; x_wconf 82' lang='lat' dir='ltr'><strong>rexque</strong></span> <span class='ocrx_word' id='word_1_885' title='bbox 3579 5641 3728 5698; x_wconf 83' lang='lat' dir='ltr'><strong>etiam</strong></span> 
     </span>
    </p>
   </div>
   <div class='ocr_carea' id='block_1_120' title="bbox 3837 3913 3842 3920">
    <p class='ocr_par' dir='ltr' id='par_1_120' title="bbox 3837 3913 3842 3920">
     <span class='ocr_line' id='line_1_120' title="bbox 3837 3913 3842 3920; baseline 0 0"><span class='ocrx_word' id='word_1_886' title='bbox 3837 3913 3842 3920; x_wconf 64' lang='grc' dir='ltr'><strong><em>Îµ</em></strong></span> 
     </span>
    </p>
   </div>
  </div>
