3878 6434
137 469 228 530 457
513 465 683 521 VITA
719 464 1159 522 SANCTORUM
1196 466 1541 522 BARLAAM
1577 462 1916 522 EREMITIE
1954 462 2045 518 ET
2080 462 2445 519 JOSAPHAT
2481 465 2705 521 INDIIE
2742 462 2976 523 REGIS.
3276 467 3383 526 458

135 596 238 666 ipse
264 608 325 647 ex
350 590 530 645 vultus
555 588 731 660 ipsius
751 594 1064 655 venustate,
1088 588 1374 661 animique
1398 590 1614 657 habitu,
1641 590 1699 646 in
1716 592 1766 651 Α
1786 588 1938 643 inter
1960 604 2152 643 muros
2168 593 2226 644 et
2240 589 2446 660 januas
2465 589 2563 644 abs
2591 595 2647 645 te
2675 592 2995 660 concludar,
3024 608 3203 664 eoque
3227 598 3381 652 statu

133 689 395 754 stuporem
420 679 757 733 traheretur.
782 678 1086 733 Mandabat
1116 684 1306 733 autem
1332 680 1419 734 his
1449 679 1543 751 qui
1573 696 1700 734 cum
1782 678 1907 744 sim,
1946 683 2010 732 ut
2038 694 2071 732 a
2092 677 2318 732 nemine
2338 678 2481 732 adiri
2508 695 2572 733 ac
2602 680 2755 734 cerni
2782 698 3003 753 queam.
3024 682 3322 749 Quoniam,
3347 699 3381 739 ο

134 789 190 827 eo
213 768 564 824 versabantur
589 772 653 822 ut
681 768 883 822 darent
909 785 1139 840 operam
1177 786 1248 822 ne
1291 768 1425 840 quid
1472 785 1701 840 prorsus
1782 767 1881 833 ﬁli,
1915 767 2102 837 inquit
2128 784 2243 833 rex,
2285 768 2414 822 nolo
2446 768 2753 839 quidquam
2782 770 2970 845 videas
3000 771 3148 842 quod
3168 772 3381 843 pectori

132 876 304 916 eorum
328 875 446 930 quas
472 857 529 911 in
548 857 654 912 hac
674 857 788 912 vita
800 857 1039 912 molesta
1057 862 1190 912 sunt
1215 857 1573 928 intelligeret,
1599 874 1701 912 nec
1782 860 1879 910 tuo
1892 856 2209 909 molestiam
2222 856 2438 924 afferat,
2456 856 2671 929 tibique
2683 859 3377 931 voluptateminterpellat.

133 948 336 1005 omnino
365 947 511 1018 quod
542 963 694 1000 mors
724 952 1031 1018 praesentes
1051 947 1365 1018 voluptates
1398 946 1695 1018 exciperet.
1784 943 2071 1015 Siquidem
2097 945 2203 998 hoc
2230 962 2337 1015 ago
2358 962 2423 1000 ac
2445 952 2652 1017 specto,
2679 953 2743 1001 ut
2761 948 2819 1002 in
2837 949 3124 1020 perpetuis
3143 948 3378 1015 deliciis,

133 1040 383 1093 Caeterum
408 1036 562 1090 inani
579 1052 677 1107 spe
699 1035 1003 1103 nitebatur,
1021 1041 1191 1107 atque
1204 1039 1289 1104 (ut
1308 1036 1602 1107 proverbio
1621 1036 1703 1089 di-
1783 1038 1953 1104 atque
1970 1022 2137 1087 ‘omni
2164 1034 2372 1103 gaudio
2400 1035 2684 1107 animique
2713 1038 3014 1108 voluptate,
3059 1054 3223 1092 omne
3251 1038 3381 1093 vitae

132 1128 279 1196 citur)
299 1126 354 1179 in
372 1126 571 1180 ccelum
587 1126 821 1195 sagittas
841 1125 1123 1195 mittere(i
1139 1123 1190 1190 1)
1208 1124 1534 1179 conabatur.
1557 1125 1702 1188 Quo-
1782 1127 2006 1193 tempus
2017 1122 2297 1176 traducas.
2317 1125 2391 1179 At
2411 1125 2574 1179 velim
2601 1127 2762 1192 scias,
2793 1142 2824 1179 ο
2854 1127 3010 1196 here,
3031 1127 3214 1199 inquit
3232 1127 3382 1181 ﬁlius

133 1233 249 1272 nam
276 1215 419 1269 enim
434 1214 598 1269 modo
609 1231 761 1268 mors
772 1214 1032 1268 humanze
1055 1214 1566 1285 naturaincognita
1580 1230 1702 1267 esse
1784 1212 1854 1265 ad
1884 1217 2121 1282 patrem,
2146 1227 2236 1265 me
2249 1212 2354 1266 hoc
2382 1214 2548 1267 modo
2577 1231 2691 1268 non
2716 1215 2775 1269 in
2788 1215 2995 1285 gaudio
3017 1221 3186 1287 atque
3205 1214 3383 1270 animi

133 1302 556 1377 posset71taque
577 1319 647 1357 ne
666 1302 829 1374 pueri
859 1303 1472 1374 quidemcognitionem
1486 1303 1697 1373 eﬂ‘ugit.
1784 1300 2088 1371 voluptate,
2135 1301 2229 1355 scd
2265 1302 2450 1372 potius
2495 1303 2555 1356 in
2602 1303 2903 1359 aﬂlictione
2947 1310 3118 1377 atque
3162 1305 3380 1375 ingenti

132 1396 259 1450 Nam
278 1410 400 1450 cum
419 1393 671 1447 animum
691 1409 913 1447 summa
940 1392 1246 1460 sagacitate
1269 1396 1529 1446 ornatum
1544 1397 1602 1446 et
1622 1392 1704 1446 in—
1785 1389 2048 1459 angustia
2076 1390 2245 1444 vitam
2274 1407 2443 1461 agere
2468 1409 2480 1458 ;
2514 1392 2654 1446 adeo
2675 1398 2740 1447 ut
2758 1393 2877 1464 ipse
2900 1410 3120 1465 quoque
3139 1393 3295 1448 cibus
3317 1410 3385 1449 ac

132 1487 384 1538 structum
414 1481 664 1550 haberet,
679 1499 869 1537 secum
885 1480 1005 1553 ipse
1028 1481 1418 1536 considerabat
1431 1482 1701 1553 quidnam
1783 1483 1949 1549 potus
1976 1478 2197 1532 fastidio
2228 1478 2366 1533 mihi
2397 1485 2455 1533 et
2483 1480 2774 1535 acerbitati
2804 1482 2914 1550 sit;
2959 1482 3169 1537 etenim
3212 1482 3385 1553 gestit

132 1578 330 1646 patrem
348 1572 669 1627 adduxisset
692 1572 875 1642 utipsi
896 1572 1149 1626 omnium
1173 1571 1388 1625 aditum
1409 1570 1703 1625 interdice-
1784 1568 2007 1621 animus
2045 1583 2112 1620 ea
2141 1584 2264 1639 quae
2291 1572 2449 1623 extra
2490 1570 2593 1623 has
2625 1571 2830 1640 januas
2869 1576 3000 1626 sunt
3043 1571 3379 1643 perspicere.

129 1667 221 1729 ret,
252 1678 349 1716 nec
378 1660 683 1734 quemlibet
710 1661 781 1715 ad
808 1678 868 1715 se
888 1661 1152 1715 accedere
1184 1664 1492 1731 pateretur.
1520 1659 1629 1713 Per
1643 1676 1701 1714 se
1784 1656 2159 1719 Quanwbrem
2186 1657 2234 1710 Si
2261 1658 2497 1712 "18128136
2514 1660 2832 1729 acjucunde
2852 1661 3037 1715 Vivere
3051 1660 3227 1732 Cupis,
3247 1660 3384 1732 ,ἱῑιδθ

129 1751 261 1807 enim
274 1749 621 1821 intelligebat
629 1750 736 1805 hoc
755 1751 896 1805 citra
914 1750 1092 1821 patris
1112 1750 1186 1803 im
1196 1749 1412 1821 perium
1433 1765 1544 1803 non
1558 1748 1699 1803 ﬁeri.
1784 1761 1874 1799 me
1888 1744 2163 1800 arbitratu
2185 1762 2311 1801 meo
2327 1745 2476 1800 foras
2491 1748 2772 1819 progredi,
2789 1754 2958 1821 atque
2974 1765 3170 1803 earum
3192 1765 3385 1805 rerum

129 1842 383 1896 Caeterum
411 1840 533 1912 ipse
560 1839 909 1910 interrogare
938 1839 1256 1903 verebatur,
1281 1844 1404 1892 tum
1433 1837 1581 1909 quod
1602 1837 1704 1891 mi-
1786 1849 2023 1905 quarum
2036 1840 2364 1906 prospectus
2378 1835 2516 1891 mihi
2536 1841 2778 1906 negatur
2795 1839 3111 1909 spectaculo
3131 1839 3385 1894 animum

129 1919 396 1984 nimevero
413 1934 853 1984 consentaneum
871 1944 994 1982 esse
1020 1927 1247 1992 diceret,
1276 1927 1412 1997 quin
1441 1931 1602 1997 pater
1638 1943 1706 1980 ea
1723 1951 1770 2011 Β
1785 1922 2084 1977 oblectare.

128 2036 235 2090 qua:
258 2018 359 2090 ipsi
370 2018 748 2073 conducerent
759 2016 1248 2082 animadverteret;
1264 2020 1388 2070 tum
1407 2015 1554 2087 quod
1566 2015 1703 2069 illud
1857 2013 1985 2066 Haec
2013 2019 2079 2067 ut
2106 2030 2201 2067 rex
2229 2013 2459 2081 audivit,
2493 2015 2761 2068 maestitia
2801 2015 3033 2070 affectus
3061 2021 3238 2082 25]
3277 2022 3382 2083 est,

125 2123 295 2161 secum
314 2111 623 2179 reputaret,
639 2107 687 2161 si
698 2106 756 2160 id
773 2106 841 2160 de
852 2104 1030 2177 patris
1040 2105 1326 2160 voluntate
1339 2104 1516 2168 ﬁeret,
1532 2118 1707 2174 quan—
1785 2098 2035 2173 illudque
2067 2101 2349 2173 cogitabat
2366 2104 2503 2169 fore,
2525 2108 2590 2156 ut
2610 2104 2657 2157 si
2687 2103 2768 2158 illi
2798 2105 2947 2174 quod
2976 2103 3204 2175 petebat
3222 2105 3387 2160 dene-

122 2194 363 2250 tumlibet
388 2196 515 2267 ipse
542 2198 987 2267 percontaretur,
1022 2210 1081 2247 se
1100 2198 1290 2247 tamen
1306 2192 1392 2246 rei
1410 2191 1705 2246 veritatem
1785 2196 1967 2261 garet,
1991 2192 2267 2262 majorem
2297 2192 2347 2245 ei
2369 2209 2669 2246 maerorem
2695 2209 2760 2246 ac
2775 2193 3209 2248 sollicitudinem
3223 2193 3385 2248 affer-

124 2281 1710 2354 minimeintellecturumesse.Quapropterexaliis,acnon
1789 2284 1895 2335 ret.
1937 2280 2209 2344 Quocirca
2244 2298 2303 2335 se
2351 2298 2473 2352 quas
2510 2287 2675 2352 grata
2718 2281 2827 2354 ipsi
2868 2287 3058 2336 essent
3105 2282 3388 2337 facturum

121 2389 152 2427 a
172 2377 323 2444 patre
350 2373 467 2428 haec
492 2373 635 2427 scire
660 2372 968 2428 constituit.
992 2373 1190 2443 Itaque
1218 2387 1343 2425 cum
1360 2386 1534 2425 unum
1557 2385 1709 2441 epae—
1790 2368 1945 2423 dixit.
1970 2370 2050 2423 Ac
2079 2370 2271 2423 statim
2290 2370 2523 2425 eximios
2552 2388 2724 2441 equos
2740 2387 2803 2424 ac
2833 2372 3141 2426 satellitum
3152 2388 3386 2427 manum

122 2461 334 2533 dagogis
361 2462 594 2533 reliquis
616 2462 929 2516 chariorem
950 2478 1014 2515 ac
1024 2460 1443 2514 familiariorem
1453 2459 1704 2535 haberet,
1795 2457 1960 2528 regie
1973 2458 2235 2529 dignitati
2248 2460 3383 2532 congruentempararijussit,eiqueforas,

127 2566 350 2623 cumque
379 2553 597 2623 majore
616 2551 799 2606 adhuc
821 2549 1207 2605 benevolentia
1223 2548 1330 2602 sibi
1350 2548 1703 2614 devinxisset,
1792 2546 2011 2618 quoties
2030 2548 2214 2613 vellet,
2247 2548 2639 2619 progrediendi
2664 2553 3000 2620 potestatem
3019 2548 3167 2604 fecit.
3188 2550 3264 2604 Iis
3283 2567 3387 2605 au-

132 2644 286 2710 atque
314 2640 680 2713 amplissimis
694 2639 1021 2695 muneribus
1032 2638 1326 2704 aﬂ'ecisset,
1351 2636 1421 2691 ab
1442 2653 1507 2692 eo
1527 2636 1712 2691 scisci-
1791 2639 1907 2690 tem
1923 2637 2166 2707 quicum
2187 2654 2251 2691 eo
2272 2636 2639 2691 versabantur
2657 2654 3014 2709 summopere
3026 2638 3313 2693 mandavit
3325 2644 3391 2693 ut

126 2727 336 2783 tabatur
363 2729 636 2800 quidnam
664 2746 854 2800 regem
884 2728 1205 2799 impulisset
1248 2731 1313 2781 ut
1350 2742 1480 2781 eum
1516 2725 1575 2779 in
1604 2726 1709 2779 hoc
1791 2730 2057 2780 curarent
2085 2742 2156 2779 ne
2185 2725 2320 2795 quid
2348 2725 2639 2796 injucundi
2669 2726 2889 2781 obviam
2911 2726 3171 2795 haberet;
3194 2744 3391 2781 verum

121 2823 264 2889 septo
295 2818 579 2874 inclusum
601 2822 837 2873 teneret.
872 2817 1016 2873 Illud
1048 2816 1219 2872 etiam
1247 2815 1622 2886 adjungebat:
1649 2815 1708 2869 Si
1792 2814 2063 2886 quidquid
2084 2815 2381 2886 pulchrum
2412 2821 2470 2868 et
2493 2831 2778 2869 amoenum
2808 2832 2873 2869 ac
2898 2816 3209 2886 jucundum
3222 2822 3388 2884 esset,

122 2905 246 2960 mihi
272 2912 465 2979 aperte
494 2908 606 2962 hoc
628 2906 968 2980 exposueris,
995 2905 1323 2961 omnibuste
1346 2910 1702 2975 anteponam,
1789 2903 1897 2974 ipsi
1914 2904 2300 2971 ostenderent;
2316 2904 2659 2975 choreasque
2678 2904 2848 2958 inviis
2865 2906 3164 2976 agitarent,
3183 2906 3394 2960 suavis-

120 3002 500 3069 perpetuaque
521 2996 778 3052 amicitiae
798 2996 978 3050 foedus
997 3001 1184 3049 tecum
1210 2994 1425 3049 feriam.
1446 2993 1710 3062 Pzedago-
1768 2992 2059 3063 ‘simisque
2075 2991 2428 3047 cantionibus
2444 3008 2674 3063 operam
2689 2993 2907 3059 darent,
2928 3010 2993 3047 ac
3009 2994 3164 3047 varia
3179 2997 3393 3065 specta-

119 3100 211 3153 gus
238 3091 443 3149 autem.
479 3091 549 3140 ut
575 3085 672 3156 qui
700 3084 872 3140 etiam
903 3084 1024 3156 ipse
1061 3084 1308 3156 prudens
1345 3088 1403 3137 et
1447 3081 1709 3136 cordatus
1791 3080 2352 3147 culaconstituerent,
2368 3086 2431 3135 ut
2450 3082 2568 3152 ipse
2588 3086 2835 3136 mentem
2864 3082 2952 3137 his
2972 3082 3140 3138 rebus
3152 3099 3390 3155 occupa-

120 3179 269 3242 esset,
295 3176 574 3247 puerique
592 3175 954 3246 sagacitatem
971 3190 1036 3228 ac
1053 3172 1305 3227 numeris
1328 3170 1591 3226 omnibus
1608 3168 1708 3223 ab-
1790 3175 1879 3223 ret
1906 3175 2075 3241 atque
2101 3169 2423 3224 oblectaret.

120 3263 343 3317 solutam
369 3264 734 3337 prudentiam
757 3264 1103 3334 exploratam
1132 3261 1381 3327 haberet,
1404 3275 1586 3331 neque
1605 3257 1710 3313 sibi
1726 3270 1768 3331 ο
1863 3259 2002 3313 Cum
2035 3259 2211 3329 igitur
2236 3259 2386 3330 regis
2406 3260 2556 3313 ﬁlius
2581 3260 2651 3313 ad
2672 3259 2819 3314 hunc
2846 3261 3078 3315 modum
3107 3261 3256 3316 foras
3267 3278 3389 3317 cre-

118 3350 180 3404 ab
208 3370 270 3407 eo
293 3353 612 3424 periculum
641 3352 821 3408 ullum
860 3352 1166 3407 conﬂatum
1215 3350 1287 3404 iri
1336 3349 1702 3414 existimaret,
1787 3346 1889 3402 bro
1917 3348 2371 3419 progrederetur,
2410 3348 2652 3418 quadam
2691 3347 2780 3401 die
2810 3348 3201 3404 ministrorum
3246 3349 3389 3404 obli-

119 3442 665 3515 omniaeisigillatim
680 3441 1171 3513 exposuit,nempe
1191 3445 1247 3494 et
1259 3437 1706 3511 persecutionem
1787 3436 1949 3490 vione
1976 3424 2186 3490 factum
2214 3441 2299 3490 est
2320 3441 2386 3490 ut
2408 3437 2548 3491 duos
2578 3437 2725 3491 viros
2753 3437 3114 3509 perspiceret,
3150 3455 3390 3511 quorum

118 3529 370 3587 adversus
398 3532 770 3598 Christianos,
805 3547 869 3585 ac
908 3530 1265 3602 potissimum
1318 3529 1583 3583 adversus
1613 3542 1709 3580 eos
1790 3526 1934 3579 alter
1960 3526 2137 3597 lepra,
2161 3526 2305 3580 alter
2327 3526 2572 3580 caecitate
2598 3525 2907 3581 laborabat.
2936 3527 3086 3592 Quos
3108 3529 3393 3600 conspica-

120 3619 206 3689 qui
238 3638 300 3675 se
326 3621 530 3693 pietati
560 3620 807 3675 colenda:
836 3624 985 3674 totos
1013 3618 1363 3673 devovissent
1390 3616 1709 3688 promulga—
1790 3619 1902 3681 tus,
1938 3619 2106 3685 atque
2129 3614 2304 3668 animi
2326 3614 2595 3669 maestitia
2615 3616 2864 3681 aﬂ'ectus,
2889 3615 2959 3669 ab
2980 3617 3050 3671 iis
3073 3618 3168 3688 qui
3199 3635 3391 3674 secum

118 3711 242 3776 tam,
275 3714 333 3764 et
361 3707 942 3783 quemadmodumab
972 3706 1232 3762 omnibus
1280 3705 1534 3760 finitimis
1573 3703 1710 3759 locis

120 3799 322 3868 expulsi
351 3805 410 3854 et
439 3799 609 3870 ejecti
631 3798 887 3864 fuissent,
922 3802 1091 3868 atque
1110 3796 1249 3850 item
1276 3812 1344 3848 ea
1372 3810 1497 3866 quae
1510 3793 1631 3864 ipso
1651 3793 1711 3847 in

120 3885 289 3942 lucem
306 3889 461 3943 edito
482 3887 750 3958 astrologi
768 3886 1183 3959 praedixissent.
1203 3886 1286 3939 Ne
1301 3883 1490 3954 igitur,
1505 3882 1708 3953 inquit,

120 3977 302 4032 audita
329 3994 532 4032 eorum
559 3976 832 4041 doctrina,
856 3992 981 4030 eam
1010 3973 1270 4043 religioni
1296 3978 1500 4026 nostrae
1522 3970 1713 4042 praefe-

120 4080 220 4131 ras,
253 4066 463 4122 idcirco
495 4083 531 4121 a
557 4082 691 4137 rege
720 4065 854 4119 data
882 4080 1051 4136 opera
1080 4068 1182 4129 est,
1215 4079 1286 4116 ne
1319 4061 1483 4115 multi
1528 4066 1713 4115 tecum

120 4156 581 4212 consuetudinem
591 4155 884 4219 haberent,
905 4153 1003 4207 sed
1014 4152 1176 4225 pauci
1198 4150 1445 4205 omnino.
1461 4150 1540 4204 Ac
1554 4148 1715 4204 nobis

120 4242 278 4297 etiam
302 4250 477 4317 atque
506 4243 680 4298 etiam
707 4242 1013 4307 mandavit,
1041 4245 1106 4295 ut
1128 4240 1483 4295 studeremus
1497 4255 1567 4292 nc
1580 4237 1714 4309 quid

119 4331 340 4403 hujusce
370 4334 508 4388 vitae
535 4331 924 4388 molestiarum
944 4347 1045 4402 per
1074 4346 1177 4384 nos
1206 4328 1567 4399 intelligeres.

183 4420 310 4476 Haec
325 4427 393 4477 ut
412 4422 742 4477 adolescens
755 4419 987 4486 audivit,
1001 4418 1219 4473 nullum
1233 4417 1473 4472 alterum
1484 4414 1716 4471 verbum

1793 3708 1954 3759 erant
1982 3704 2211 3774 quinam
2256 3703 2314 3757 hi
2369 3709 2572 3769 essent,
2616 3709 2673 3757 et
2720 3705 3005 3775 quodnam
3066 3723 3234 3777 grave
3289 3708 3395 3763 hoc

1794 3792 2173 3864 spectaculum
2200 3797 2364 3859 esset,
2397 3797 2758 3863 percontatus
2784 3798 2896 3861 est;
2929 3794 3013 3848 illi
3040 3800 3394 3863 autem,cum

1794 3882 1852 3936 id
1877 3881 2021 3952 quod
2054 3881 2111 3934 in
2141 3880 2315 3952 ipsius
2344 3887 2629 3952 aspectum
2678 3887 2907 3936 venerat
2953 3884 3233 3938 occultare
3279 3901 3395 3940 non

1795 3974 2042 4042 possent,
2055 3970 2158 4023 has
2174 3971 2452 4024 humanas
2468 3970 2817 4025 calamitates
2829 3988 2951 4026 esse
2961 3974 3390 4044 responderunt,

1797 4077 1918 4131 quae
1946 4076 2011 4113 ex
2040 4065 2306 4130 corrupta
2331 4060 2588 4127 materia,
2624 4066 2681 4115 et
2708 4077 2938 4132 corpore
2957 4061 3172 4117 vitiosis
3191 4063 3395 4119 humo-

1796 4148 1951 4202 ribus
1981 4148 2164 4218 pleno,
2185 4147 2522 4202 mortalibus
2542 4149 2868 4219 contingere
2889 4151 3089 4207 solent.
3111 4152 3256 4207 Tum
3268 4153 3390 4209 ille:

1798 4238 2101 4292 Cunctisne
2132 4237 2452 4292 hominibus
2496 4238 2613 4293 haec
2655 4239 2905 4293 accidere
2941 4244 3398 4298 consueverunt?

1795 4326 1923 4381 Non
1952 4326 2191 4393 cunctis,
2226 4327 2495 4398 inquiunt
2516 4327 2618 4395 illi,
2648 4345 2842 4383 verum
2868 4329 2938 4383 iis
2965 4331 3239 4386 duntaxat
3267 4349 3402 4403 quo-

1798 4432 1926 4470 rum
1950 4416 2210 4470 valetudo
2232 4422 2462 4487 propter
2485 4416 2770 4487 improbos
2802 4417 3065 4473 humores
3095 4420 3399 4491 depravata

118 4510 384 4580 adjunxit.
402 4512 687 4567 Caeterum
708 4508 970 4565 salutaris
984 4524 1168 4567 sermo
1183 4506 1358 4578 ipsius
1377 4511 1573 4577 pectus
1592 4503 1717 4559 teti-
1798 4504 1890 4559 sit.
1920 4506 2167 4560 Rursum
2189 4505 2363 4576 igitur
2382 4505 2650 4559 sciscitari
2670 4507 2914 4577 perrexit
2942 4507 3263 4565 adolescens
3287 4529 3299 4564 :
3339 4510 3397 4566 Si

117 4597 210 4668 git,
243 4616 308 4654 ac
336 4599 611 4655 Paracliti
638 4598 821 4670 gratia
852 4596 1173 4669 spirituales
1195 4595 1372 4667 ipsius
1388 4594 1577 4649 oculos
1593 4590 1911 4665 ape-Dnon
1938 4610 2133 4648 omnes
2159 4593 2417 4648 homines
2434 4594 2490 4647 in
2511 4594 2613 4647 has
2635 4595 2984 4650 calamitates
3004 4596 3251 4652 incidere
3270 4615 3399 4653 con-

118 4687 221 4742 rire
249 4707 526 4761 aggressa
552 4694 655 4756 est,
686 4705 816 4743 eum
844 4686 914 4742 ad
962 4702 1157 4741 verum
1204 4684 1405 4751 Deum,
1452 4689 1724 4754 tanquam
1797 4688 2119 4748 sueverunt,
2150 4682 2248 4736 sed
2278 4682 2506 4753 quidam
2534 4682 2826 4749 duntaxat,
2858 4684 3283 4753 exploratumne
3311 4692 3398 4742 est

118 4785 367 4846 porrecta
380 4795 561 4833 manu
583 4777 813 4844 ducens,
830 4774 1307 4848 quemadmodum
1317 4771 1587 4827 orationis
1602 4788 1726 4843 pro-

117 4882 305 4935 gressu
327 4865 869 4923 demonstrabimus.
888 4866 1028 4920 Cum
1045 4868 1234 4917 autem
1255 4879 1349 4916 rex
1367 4861 1545 4933 ipsius
1566 4866 1728 4932 pater

118 4955 304 5011 crebro
334 4973 472 5013 eum
503 4955 710 5011 viseret
751 4953 1076 5025 (singularis
1124 4950 1332 5007 etenim
1377 4949 1555 5021 ipsius
1593 4965 1728 5019 erga

119 5059 241 5099 eum
268 5063 436 5102 amor
466 5048 635 5115 erat),
657 5043 901 5116 quadam
917 5042 1008 5097 die
1027 5042 1117 5096 his
1142 5038 1325 5094 verbis
1342 5039 1413 5093 ad
1434 5054 1562 5092 eum
1575 5037 1723 5091 ﬂlius

119 5147 246 5189 usus
274 5141 365 5190 est
392 5154 404 5190 :
437 5134 487 5191 Ο
518 5134 654 5189 here
690 5150 756 5188 ac
784 5149 901 5199 rex,
933 5130 1146 5202 aliquid
1178 5146 1244 5183 ex
1271 5134 1327 5183 te
1365 5127 1506 5181 scire
1536 5125 1720 5197 cupio,

119 5224 270 5294 cujus
286 5241 467 5280 causa
480 5228 789 5296 perpetuus
802 5236 1029 5287 maeror,
1054 5223 1223 5290 atque
1245 5216 1429 5271 omnis
1444 5214 1725 5270 intermis-

120 5311 283 5369 sionis
311 5331 523 5387 expers
552 5311 866 5368 sollicitudo
878 5310 1132 5364 animum
1155 5323 1342 5361 meum
1364 5310 1516 5360 exest
1526 5320 1591 5358 ac
1601 5320 1728 5358 con-

118 5400 243 5459 ﬁcit.
276 5403 456 5460 Pater
486 5406 680 5457 autem
709 5400 891 5456 exhoc
909 5399 1030 5471 ipso
1049 5413 1308 5453 sermone
1330 5393 1727 5449 intimisvisce-

120 5491 265 5548 ribus
292 5491 696 5559 discruciatus,
735 5491 852 5546 ait:
902 5488 1005 5544 Dic
1032 5486 1192 5553 mihi,
1247 5482 1577 5539 charissime
1624 5481 1722 5547 ﬁli,

122 5582 376 5653 quisnam
406 5581 487 5638 sit
511 5580 601 5636 hic
623 5596 832 5636 maror
852 5578 948 5650 qui
968 5583 1025 5632 te
1046 5575 1282 5642 obsidet,
1306 5590 1370 5627 ac
1380 5573 1573 5627 statim
1594 5587 1724 5626 eum

119 5668 172 5723 in
199 5672 480 5743 gaudium
497 5673 847 5726 commutare
858 5665 1115 5723 studebo.
1128 5664 1271 5720 Tum
1289 5679 1454 5735 puer:
1478 5663 1721 5733 Expone,

118 5756 313 5835 inquit,
343 5761 626 5836 quidnam
653 5776 835 5833 causae
866 5757 943 5814 sit
967 5773 1066 5813 cur
1105 5754 1197 5809 hic
1241 5751 1515 5819 detinear,
1557 5755 1727 5821 atque

504 5860 776 5923 Parnm.
806 5853 1099 5919 LXXIII.

1799 4771 2030 4843 quinam
2056 4770 2170 4824 sint
2201 4787 2341 4840 quos
2380 4771 2659 4825 malorum
2701 4770 3034 4827 acerbitates
3091 4782 3400 4846 arreptum

1798 4860 1947 4928 sint;
1981 4876 2055 4913 an
2072 4864 2270 4912 contra
2292 4858 2433 4913 citra
2461 4860 2633 4913 ullam
2654 4860 3074 4917 distinctionem
3122 4870 3291 4937 atque
3333 4883 3401 4922 ex

1798 4948 2099 5020 improviso
2129 4946 2483 5001 conﬂantur?
2504 4948 2571 5002 Et
2588 4948 2712 5019 quis
2732 4950 2960 5005 tandem
2982 4952 3296 5023 hominum,
3318 4973 3403 5011 re-

1805 5037 2153 5108 sponderunt
2178 5036 2279 5102 illi,
2310 5036 2502 5091 futura
2519 5039 2834 5110 perspicere
2865 5058 2929 5095 ac
2958 5043 3202 5113 perfecte
3229 5045 3397 5099 intel-

1806 5126 1981 5195 ligere
2011 5125 2224 5196 queat?
2254 5125 2373 5179 Hoc
2416 5126 2567 5180 enim
2618 5127 2879 5183 humanae
2924 5137 3140 5187 natura:
3173 5138 3401 5203 captum

1807 5213 2040 5281 excedit,
2074 5230 2139 5267 ac
2166 5213 2297 5268 solis
2326 5213 2740 5271 immortalibus
2776 5217 2884 5271 diis
2928 5219 3264 5275 attributum
3293 5227 3397 5276 est.

1808 5302 1911 5357 Hic
1940 5301 2305 5374 percontandi
2327 5302 2552 5373 quidem
2578 5305 2749 5359 ﬁnem
2778 5305 2907 5360 fecit
2933 5308 3081 5379 regis
3110 5308 3287 5377 ﬁlius;
3313 5327 3403 5365 ve-

1807 5408 1933 5447 rum
1967 5409 2033 5446 ex
2057 5391 2381 5463 hujusmodi
2410 5394 2726 5463 spectaculo
2747 5394 2995 5449 dolorem
3023 5396 3211 5451 animo
3232 5398 3398 5471 cepit,

1806 5480 1999 5551 reique
2029 5480 2276 5535 novitate
2304 5482 2385 5535 ita
2400 5482 2630 5537 allectus
2651 5487 2753 5550 est,
2790 5488 2853 5538 ut
2877 5483 2990 5538 oris
3018 5485 3194 5557 ipsius
3222 5488 3404 5544 forma

1806 5569 2223 5627 immutaretur.

1878 5660 2123 5715 Rursum
2154 5665 2343 5715 autem
2371 5659 2521 5716 foras
2549 5662 2932 5733 progrediens,
2981 5662 3039 5720 in
3082 5667 3404 5737 capularem

1810 5750 2113 5821 quemdam
2142 5766 2333 5806 senem
2354 5750 2569 5819 incidit,
2596 5756 2797 5823 rugata
2816 5751 2974 5821 facie,
3002 5754 3193 5811 fractis
3219 5773 3285 5812 ac
3296 5754 3405 5811 dis-

3013 5856 3086 5914 15
