3878 6394
460 396 566 454 459

1462 383 1558 438 DE
1594 380 1784 436 VITIS
1823 375 2119 432 PATRUM
2155 372 2370 430 LIBER
2405 369 2695 426 PRIMUS.

3645 355 3752 411 460

461 521 662 578 solutis
688 516 860 582 tibiis,
891 528 1058 568 curvo
1085 525 1336 580 corpore,
1391 507 1574 578 capite
1619 519 1849 576 prorsus
1893 516 2053 565 cano,
2082 502 2127 558 A
2147 499 2324 553 ullum
2341 492 2686 567 ejusmodiin
2698 486 3190 557 totahacundique
3203 483 3439 554 regione
3451 495 3750 550 cognosco.

469 609 563 682 qui
581 613 854 680 praterea
867 599 1130 656 dentibus
1147 596 1391 661 carebat,
1415 599 1584 665 atque
1601 591 1883 646 concisum
1906 588 2063 660 quid-

467 680 596 752 dam
617 701 674 750 et
688 695 1069 761 interruptum
1088 685 1447 758 loquebatur.
1475 684 1714 752 Stupore
1743 680 1934 749 itaque
1947 693 2064 730 cor-

463 791 676 857 reptus,
710 799 839 836 cum
866 778 1155 834 hominem
1181 791 1310 829 eum
1341 771 1599 845 proprius
1636 769 1706 823 ad
1755 785 1814 821 se
1861 763 2064 819 adduci

459 853 740 946 jussisset,
773 887 868 925 eos
898 867 995 940 qui
1022 873 1144 920 tum
1175 864 1413 918 aderant
1439 856 1824 927 interrogabat
1837 853 2064 924 ecquid-

463 944 596 1016 nam
624 966 742 1015 tam
781 958 1028 1012 insolens
1075 951 1457 1024 spectaculum
1513 952 1678 1002 esset.
1733 944 1820 1000 Illi
1877 949 2067 997 autem

463 1051 760 1105 dixerunt:
797 1047 902 1101 Hic
929 1049 1094 1100 atate
1123 1041 1284 1094 valde
1325 1043 1637 1110 provectus,
1683 1049 1748 1088 ac
1798 1030 2069 1104 paulatim

464 1136 865 1194 decedentibus
897 1133 1003 1205 ipsi
1034 1130 1264 1194 viribus,
1307 1126 1690 1196 membrisque
1709 1120 2070 1176 imbecillita-

465 1233 583 1282 tem
599 1222 1081 1287 contrahentibus,
1103 1220 1174 1273 ad
1194 1219 1340 1272 hanc
1367 1231 1534 1286 quam
1555 1213 1739 1267 cernis
1761 1225 2071 1265 arumnam

466 1314 743 1386 pervenit.
775 1313 846 1367 Et
873 1311 1154 1381 quisnam,
1187 1305 1372 1376 inquit
1411 1303 1526 1368 ille,
1558 1301 1734 1372 ipsius
1773 1298 1899 1352 finis
1944 1296 2070 1351 est?

469 1403 624 1459 Nihil
645 1401 819 1467 aliud,
841 1399 1108 1469 inquiunt
1121 1395 1223 1460 illi,
1248 1410 1418 1465 quam
1434 1408 1584 1446 mors
1603 1391 1790 1461 ipsum
1815 1386 2069 1457 excipiet.

471 1490 821 1548 Omnibusne
849 1485 1191 1549 hominibus,
1228 1481 1414 1553 inquit
1443 1481 1554 1544 ille,
1589 1479 1694 1532 hoc
1724 1475 2072 1548 propositum

472 1587 576 1648 est,
591 1597 664 1634 an
684 1577 1020 1650 quibusdam
1032 1574 1305 1629 duntaxat
1320 1567 1626 1639 contingit?
1640 1565 2080 1636 Responderunt

472 1671 586 1726 illi:
622 1667 746 1723 Nisi
777 1682 928 1720 mors
953 1666 1308 1718 antevertens
1350 1658 1594 1729 aliquem
1641 1655 1772 1709 hinc
1809 1653 2066 1717 abducat,

2147 588 2269 652 Quo
2299 585 2524 657 quidem
2552 581 2780 637 nomine
2806 593 3014 648 magna
3044 575 3137 629 ille
3165 571 3430 627 molestia
3461 569 3750 640 impletus,

2146 675 2414 746 gravique
2442 671 2617 727 animi
2645 670 2874 724 vulnere
2904 666 3155 730 allectus,
3189 662 3241 716 ei
3273 659 3480 714 similis
3505 663 3632 712 erat
3661 658 3756 727 qui

2147 765 2434 834 ingentem
2462 762 2790 815 thesaurum
2807 755 3017 822 amisit,
3037 758 3205 823 amne
3222 751 3281 804 in
3299 751 3427 820 ejus
3446 747 3756 816 investiga-

2147 854 2299 907 tione
2328 842 2572 904 mentem
2586 854 2764 903 totam
2779 848 3106 916 occupatam
3121 858 3186 896 ac
3213 841 3456 894 deﬁxam
3471 836 3666 890 habet.
3680 836 3758 888 Ac

2151 941 2385 1014 proinde
2414 940 2471 994 in
2492 944 2762 1010 perpetuo
2790 935 3060 1005 languore
3089 937 3146 984 et
3173 927 3558 984 sollicitudine
3577 940 3758 978 versa-

2149 1031 2336 1095 batur,
2369 1043 2674 1098 omnesque
2703 1023 2898 1080 mundi
2920 1019 3305 1094 jucunditates
3350 1023 3410 1071 et
3439 1015 3758 1085 voluptates

2152 1119 2209 1174 in
2243 1119 2417 1190 ipsius
2447 1117 2620 1172 oculis
2657 1113 2861 1186 piaculi
2907 1109 3199 1182 cujusdam
3249 1113 3308 1161 et
3353 1101 3759 1160 exsecrationis

2153 1209 2334 1263 instar
2363 1211 2545 1261 erant.
2579 1206 2720 1259 Cum
2751 1207 2940 1256 autem
2972 1200 3078 1254 hoc
3107 1197 3282 1253 animi
3308 1200 3467 1249 statu
3492 1197 3666 1258 esset,
3700 1207 3760 1244 ac

2153 1313 2358 1368 magno
2377 1312 2503 1350 cum
2527 1293 2744 1364 gemitu
2766 1291 2974 1346 bonum
2996 1286 3246 1342 invenire
3267 1288 3522 1354 cuperet,
3546 1282 3760 1336 insom-

2154 1387 2242 1440 nis
2266 1386 2358 1439 ille
2385 1385 2597 1446 oculus,
2615 1383 2711 1454 qui
2733 1380 2924 1435 omnia
2946 1377 3144 1441 cernit,
3164 1380 3334 1444 atque
3356 1388 3561 1427 omnes
3583 1370 3761 1425 salvos

2156 1475 2298 1534 ﬁeri,
2317 1480 2373 1528 et
2399 1473 2470 1527 ad
2489 1471 2738 1526 veritatis
2750 1469 3095 1540 agnitionem
3115 1463 3302 1518 venire
3312 1461 3434 1516 vult
3447 1463 3499 1528 (1
3517 1461 3640 1514 Tim
3653 1500 3664 1511 .
3679 1459 3758 1526 ιι),

2157 1565 2341 1634 ipsum
2369 1561 2604 1633 aspexit,
2635 1575 2906 1628 suamque
2928 1555 3034 1627 ipsi
3064 1558 3391 1608 consuetam
3434 1547 3762 1619 benignita-

2154 1659 2267 1706 tem
2297 1651 2616 1715 ostendens,
2659 1647 2942 1719 quodnam
2970 1645 3078 1698 iter
3105 1640 3417 1696 tenendum
3457 1644 3638 1704 esset,
3662 1635 3762 1690 hoc

474 1757 598 1813 ﬁeri
626 1773 738 1810 non
767 1759 952 1826 potest
983 1751 1118 1824 quin
1139 1747 1407 1820 temporis
1431 1761 1732 1817 progressu
1763 1748 1944 1796 status
1972 1741 2073 1793 hu-
2097 1741 2320 1826 “modo
2349 1737 2774 1793 demonstravit.

469 1847 628 1918 jusce
657 1814 968 1916 periculum
997 1814 1110 1894 non
1139 1814 1324 1891 faciat.
1342 1814 1483 1891 Tum
1504 1814 1864 1887 adolescens:
1893 1830 2074 1894 Quoto
2097 1815 2143 1874 Β
2229 1831 2363 1883 CAP.
2411 1829 2504 1882 VI.
2557 1857 2622 1868 —-
2663 1825 2807 1880 Erat
2841 1822 2992 1877 enim
3041 1837 3108 1874 eo
3147 1826 3402 1889 tempore
3446 1814 3765 1870 monachus

474 1917 622 1990 anno
651 1934 756 1987 hoc
778 1930 1021 2002 cuipiam
1051 1925 1367 1996 contingit?
1399 1928 1568 1994 atque
1599 1936 1902 1992 prorsusne
1932 1917 2075 1971 mori

473 2039 700 2078 necesse
731 2026 834 2086 est,
866 2035 1048 2090 neque
1069 2032 1162 2070 ars
1184 2015 1301 2069 ulla
1325 2018 1411 2067 est
1434 2027 1545 2082 qua
1573 2015 1814 2064 mortem
1843 2005 2075 2076 effugia-

474 2128 620 2178 mus,
645 2108 888 2181 atquein
906 2107 1051 2160 hanc
1074 2103 1451 2159 calamitatem
1484 2099 1717 2152 minime
1737 2093 2078 2151 incidamus?

475 2201 684 2256 Dicunt
708 2197 788 2252 ei:
822 2193 1198 2265 Octogesimo,
1228 2196 1328 2245 aut
1347 2187 1651 2243 centesimo
1673 2201 1820 2240 anno
1842 2184 1912 2237 ad
1935 2183 2078 2236 hanc

479 2291 827 2344 senectutem
855 2283 1113 2338 homines
1142 2278 1496 2352 perveniunt,
1521 2293 1584 2330 ac
1605 2273 1807 2328 deinde
1825 2271 2079 2326 moriun-

477 2383 590 2442 tur,
624 2393 728 2430 nec
755 2375 922 2428 aliter
950 2371 1073 2426 ﬂeri
1103 2374 1308 2441 potest.
1339 2365 1602 2421 Debitum
1638 2363 1790 2417 enim
1819 2360 2076 2415 naturale

480 2482 632 2520 mors
656 2471 760 2530 est,
783 2459 1106 2517 hominibus
1118 2457 1188 2512 ab
1210 2456 1372 2511 initio
1395 2453 1742 2526 impositum,
1769 2466 1951 2522 neque
1964 2449 2080 2503 ulla

481 2553 699 2608 ratione
731 2552 907 2623 ipsius
935 2549 1206 2603 adventus
1225 2545 1392 2598 vitari
1421 2547 1626 2615 potest.

557 2642 687 2696 Hac
723 2639 930 2703 omnia,
962 2641 1028 2692 ut
1053 2652 1223 2705 sagax
1251 2634 1345 2686 ille
1375 2649 1440 2686 ac
1475 2631 1722 2702 prudens
1759 2628 2082 2682 adolescens

487 2730 702 2786 audivit
728 2733 898 2798 atque
923 2723 1214 2789 intellexit,
1248 2722 1446 2776 intimo
1476 2719 1642 2774 corde
1687 2717 2078 2786 ingemiscens,

491 2817 665 2873 dixit:
700 2815 917 2870 Acerba
941 2815 1060 2868 hac
1089 2812 1202 2865 vita
1227 2816 1334 2874 est,
1372 2814 1540 2879 atque
1584 2805 1737 2860 omni
1779 2805 1969 2859 dolore
2019 2820 2083 2856 ac

490 2905 758 2960 maestitia
776 2904 960 2976 plena,
985 2901 1032 2956 si
1055 2918 1144 2954 res
1171 2900 1252 2953 ita
1279 2915 1338 2952 se
1357 2897 1546 2950 habet.
1572 2896 1639 2949 Et
1655 2909 1899 2964 quonam
1920 2892 2084 2946 modo

491 2993 772 3066 quispiam
817 2992 876 3046 in
919 2991 1147 3044 incerta
1196 2987 1396 3041 mortis
1446 2984 1876 3055 exspectatione,
1925 2983 2085 3051 cujus

489 3084 762 3138 adventus
791 3096 903 3135 non
932 3078 1100 3133 modo
1127 3075 1292 3130 vitari
1315 3091 1428 3128 non
1456 3078 1656 3144 potest,
1686 3072 1782 3125 sed
1805 3071 1994 3136 etiam,
2024 3075 2089 3122 ut

2159 1918 2386 1990 quidam
2401 1916 2716 1970 divinarum
2731 1929 2921 1967 rerum
2932 1909 3165 1982 peritus,
3181 1907 3405 1977 vitaque
3415 1922 3483 1959 ac
3497 1919 3766 1960 sermone

2159 2013 2412 2072 ornatus,
2442 2010 2613 2077 atque
2638 2005 2698 2058 in
2725 2001 2880 2058 omni
2927 1999 3238 2054 monastica
3276 1994 3496 2050 vivendi
3542 1992 3767 2046 ratione

2159 2111 2514 2167 summopere
2541 2098 2826 2148 versatus:
2863 2090 3013 2145 unde
3055 2087 3346 2151 oriundus,
3395 2088 3497 2138 aut
3536 2099 3610 2136 ex
3661 2097 3768 2152 quo

2158 2203 2384 2257 genere,
2416 2185 2600 2238 dicere
2626 2197 2862 2252 nequeo,
2887 2195 3080 2234 verum
3101 2176 3159 2231 in
3188 2173 3490 2229 solitudine
3518 2171 3769 2242 quadam

2162 2273 2567 2329 Sennaaritidis
2595 2278 2759 2326 terra
2786 2267 3131 2324 domicilium
3145 2264 3378 2329 habens,
3411 2278 3478 2316 ac
3505 2259 3770 2314 sacerdo-

2160 2363 2226 2418 tii
2255 2362 2531 2432 dignitate
2561 2359 2846 2432 praeditus.
2881 2356 3023 2411 Huic
3054 2371 3220 2426 porro
3237 2351 3358 2406 seni
3381 2349 3655 2405 Barlaam
3678 2363 3770 2402 no-

2161 2469 2291 2507 men
2321 2457 2445 2506 erat
2497 2450 2600 2504 Hic
2621 2449 2795 2519 igitur
2813 2463 2940 2501 cum
2963 2444 3147 2499 divino
3170 2441 3412 2514 quodam
3443 2437 3765 2502 admonitu,

2161 2557 2404 2612 quonam
2438 2545 2590 2594 statu
2615 2537 2762 2608 regis
2792 2536 2942 2590 filius
2971 2539 3118 2588 esset
3145 2529 3531 2602 comperisset,
3569 2543 3600 2580 e
3634 2525 3767 2580 soli-

2161 2630 2358 2684 tudine
2383 2645 2660 2699 egressus,
2691 2626 2762 2680 ad
2791 2625 2998 2679 cultam
3037 2627 3094 2676 et
3141 2617 3508 2674 habitabilem
3551 2621 3769 2670 terram

2163 2719 2442 2790 profectus
2467 2723 2586 2782 est;
2615 2721 2944 2785 mutatoque
2968 2711 3166 2766 habitu
3195 2726 3316 2775 suo,
3348 2713 3522 2777 atque
3552 2704 3769 2759 inclutis

2165 2805 2466 2860 mundanis
2492 2804 2755 2868 vestibus,
2792 2809 2850 2856 et
2875 2815 3176 2856 conscensa
3211 2797 3360 2862 navi,
3391 2795 3464 2850 ad
3494 2793 3768 2848 Indorum

2165 2911 2403 2966 regnum
2428 2911 2487 2948 se
2517 2893 2772 2957 contulit,
2807 2909 2872 2945 ac
2899 2894 3270 2944 mercatorem
3291 2902 3352 2939 se
3381 2900 3505 2938 esse
3525 2885 3766 2953 fingens,

2167 2984 2226 3038 in
2255 3000 2379 3037 eam
2407 2982 2605 3036 urbem
2644 2981 2703 3034 in
2732 2997 2844 3051 qua
2873 2979 3021 3049 regis
3048 2977 3197 3031 filius
3226 2973 3500 3046 palatium
3527 2970 3770 3025 habebat

2169 3071 2501 3141 ingreditur.
2537 3067 3090 3138 Permultosquedies
3122 3065 3235 3118 illic
3255 3066 3664 3125 commoratus,
3680 3059 3768 3130 qui

495 3171 734 3236 dixistis,
767 3169 1016 3223 incertus
1045 3174 1149 3232 est,
1183 3181 1378 3219 securo
1421 3161 1609 3216 animo
1647 3160 1792 3214 erit?
1829 3158 2150 3228 Abiitquec
2173 3177 2362 3214 rerum
2392 3159 2564 3230 ipsius
2594 3164 2774 3212 status
2819 3161 2968 3210 esset
3007 3154 3308 3224 diligenter
3352 3149 3679 3222 exquisivit,
3720 3153 3770 3200 et

490 3261 608 3316 hac
638 3275 828 3314 secum
859 3257 1079 3310 volvens
1099 3259 1268 3324 atque
1289 3252 1510 3306 assidue
1522 3249 1899 3313 considerans,
1933 3263 2084 3300 mor-

487 3349 674 3421 tisque
716 3345 1042 3402 memoriam
1093 3342 1402 3398 identidem
1462 3339 1650 3394 animo
1697 3341 1975 3408 repetens,
2023 3351 2088 3388 ac

489 3439 751 3508 deinceps
779 3436 839 3489 in
867 3432 1154 3488 doloribus
1185 3429 1470 3500 animique
1517 3425 1971 3482 consternatione
2001 3423 2086 3476 vi-

488 3543 644 3591 vens,
677 3529 846 3594 atque
867 3523 926 3576 in
939 3526 1208 3592 perpetuo
1228 3533 1468 3572 marore
1489 3517 1716 3586 degens.
1739 3515 1924 3584 Atque
1939 3511 2089 3583 apud

491 3632 551 3670 se
577 3612 827 3668 dicebat:
860 3611 1078 3680 Ergone
1095 3625 1246 3662 mors
1265 3624 1352 3660 me
1376 3603 1679 3675 aliquando
1701 3601 2000 3674 corripiet?
2021 3601 2092 3654 Et

388 3777 401 3780 _
491 3704 749 3776 quisnam
780 3699 890 3754 erit
923 3698 1019 3770 qui
1049 3696 1160 3750 mei
1187 3702 1314 3768 post
1339 3699 1578 3749 mortem
1592 3691 1928 3757 meminerit,
1963 3705 2089 3744 cum

489 3799 714 3864 tempus
742 3788 934 3844 omnia
961 3786 1235 3841 oblivione
1264 3781 1630 3839 contriverit?
1651 3782 1800 3835 Num
1821 3785 2095 3852 praeterea

445 3879 452 3883 ’
491 3888 671 3936 morte
695 3879 918 3934 functus
929 3875 989 3930 in
1017 3873 1254 3929 nihilum
1269 3873 1542 3926 dissolvar
1562 3887 1664 3938 ;an
1687 3875 1902 3934 contra,
1918 3868 2097 3921 altera

493 3970 750 4042 quadam
776 3968 891 4021 vita
915 3970 1020 4030 est,
1062 3969 1120 4017 et
1149 3963 1292 4016 alter
1317 3960 1738 4016 mundus7Hac
1757 3963 1814 4012 et
1831 3957 1920 4011 his
1931 3957 2089 4010 simi-

491 4058 570 4112 lia
580 4060 850 4128 perpetuo
862 4052 1135 4122 cogitans,
1154 4051 1369 4122 pallore
1379 4047 1794 4103 conﬁciebatur.
1809 4047 2092 4100 Prasente

493 4155 684 4201 tamen
714 4147 894 4214 patre,
927 4141 974 4195 si
1001 4140 1224 4211 quando
1254 4138 1326 4192 ad
1355 4154 1484 4192 eum
1512 4135 1745 4198 veniret,
1779 4134 2093 4188 hilaremac

495 4247 738 4288 maerore
756 4245 994 4284 vacuum
1026 4227 1278 4282 animum
1309 4243 1422 4296 pra
1451 4242 1511 4279 se
1540 4222 1770 4289 ferebat,
1793 4223 1940 4294 quod
1952 4223 2096 4277 scili-

495 4327 588 4378 cet
615 4337 682 4375 ea
703 4336 826 4390 quae
864 4315 1146 4387 cogitabat
1181 4315 1253 4369 ad
1281 4314 1460 4384 ipsius
1489 4311 1859 4382 cognitionem
1909 4311 2097 4365 venire

498 4410 691 4466 nollet.
727 4405 1120 4463 Incredibilem
1148 4409 1339 4458 autem
1359 4401 1419 4456 in
1439 4401 1670 4455 modum
1689 4400 1934 4471 aliquem
1963 4417 2100 4454 nan-

2169 3249 2398 3321 quinam
2436 3253 2626 3302 essent
2655 3247 2749 3317 qui
2781 3245 3012 3316 propius
3041 3243 3112 3297 ad
3141 3259 3273 3296 eum
3323 3239 3596 3294 accedere
3626 3237 3769 3292 sole-

2167 3346 2321 3393 rent:
2341 3337 2662 3408 cumigitur
2690 3336 3056 3408 paedagogum
3079 3349 3208 3386 eum
3229 3331 3298 3384 de
3319 3346 3430 3401 quo
3451 3327 3720 3400 superius
3742 3343 3772 3379 a

2168 3427 2329 3483 nobis
2348 3427 2560 3482 mentio
2580 3426 2728 3480 facta
2752 3431 2839 3478 est
2857 3423 2965 3494 ipsi
2987 3421 3241 3476 omnium
3261 3417 3771 3472 familiarissimum

2171 3534 2291 3571 esse
2320 3515 2698 3580 intellexisset,
2733 3513 2970 3568 seorsim
2998 3526 3130 3566 eum
3157 3507 3516 3574 conveniens,
3539 3506 3633 3560 his
3659 3521 3774 3558 ver-

2171 3606 2256 3660 bis
2285 3623 2421 3660 usus
2446 3611 2532 3658 est
2557 3622 2567 3656 :

2244 3695 2400 3750 Scias
2430 3692 2614 3758 velim,
2671 3690 2897 3746 domine
2937 3687 3040 3752 mi,
3082 3703 3174 3740 me
3217 3689 3593 3739 mercatorem
3633 3697 3772 3743 esse,

2173 3790 2343 3855 atque
2369 3801 2432 3837 ex
2450 3783 2758 3852 longinqua
2774 3778 3002 3849 regione
3019 3775 3258 3842 venisse,
3277 3772 3582 3842 eximiique
3610 3769 3776 3842 pretii

2175 3873 2418 3944 lapidem
2441 3871 2668 3936 habere,
2701 3869 2790 3923 cui
2809 3868 2996 3922 nullus
3023 3881 3273 3936 unquam
3289 3862 3497 3916 similis
3515 3861 3776 3914 inventus

2172 3967 2274 4026 est,
2309 3976 2587 4032 quemque
2619 3956 2830 4012 nemini
2847 3955 3030 4010 adhuc
3056 3951 3294 4008 ostendi.
3316 3949 3440 4005 Tibi
3458 3954 3654 4004 autem
3674 3948 3778 4002 hoc

2174 4050 2416 4114 declaro,
2450 4047 2597 4119 quod
2613 4053 2668 4100 te
2685 4045 3021 4116 prudentem
3041 4058 3105 4096 ac
3124 4040 3415 4095 cordatum
3446 4038 3636 4092 virum
3657 4053 3776 4090 esse

2175 4139 2414 4202 videam,
2457 4141 2521 4190 ut
2547 4151 2636 4188 me
2667 4134 2739 4188 ad
2765 4133 2912 4203 regis
2951 4131 3132 4186 ﬁlium
3172 4127 3516 4192 introducas,
3556 4125 3776 4197 ipsique

2177 4243 2307 4282 eum
2333 4225 2480 4279 dono
2507 4224 2654 4277 dem.
2671 4221 2960 4292 Siquidem
2977 4219 3126 4274 bona
3155 4216 3344 4272 omnia
3359 4213 3776 4286 incomparabi-

2177 4315 2306 4369 liter
2335 4311 2635 4368 antecellit.
2670 4312 2815 4365 Nam
2845 4315 2902 4364 et
2929 4308 2997 4363 iis
3034 4307 3132 4378 qui
3175 4305 3357 4360 cordis
3402 4303 3585 4358 oculis
3633 4301 3777 4372 capti

2179 4407 2330 4467 sunt,
2364 4399 2650 4470 sapientia
2676 4399 2862 4452 lucem
2891 4397 3071 4462 aﬂ'ert,
3095 4399 3153 4448 et
3177 4391 3362 4447 surdis
3386 4407 3555 4445 aures
3575 4389 3776 4460 aperit,

499 4499 628 4555 cisci
657 4495 938 4570 cupiebat,
971 4494 1066 4566 qui
1082 4493 1259 4566 ipsius
1287 4489 1500 4564 pectori
1519 4494 1729 4544 certam
1760 4489 1930 4543 fidem
1957 4489 2100 4543 face-
2118 4484 2238 4545 Det
2267 4489 2438 4544 mutis
2461 4504 2648 4542 vocem
2677 4485 2948 4558 impertit,
2969 4489 3027 4538 et
3041 4487 3378 4554 aegrotantes
3398 4480 3459 4534 in
3477 4479 3778 4534 sanitatem

499 4593 606 4656 ret,
647 4604 712 4642 ac
741 4587 953 4641 bonum
981 4597 1298 4638 sermonem
1349 4579 1525 4652 ipsius
1566 4577 1796 4633 auribus
1827 4576 2101 4632 instillare

499 4682 706 4750 posset.
1318 4681 1327 4690 ·

576 4763 846 4828 Quocirca
873 4761 942 4815 de
971 4759 1274 4832 padagogo
1303 4773 1368 4812 eo
1398 4756 1558 4827 cujus
1585 4760 1718 4810 ante
1760 4754 2102 4810 mentionem

502 4851 734 4907 fecimus
762 4865 987 4904 rursum
1016 4846 1217 4919 quaerit
1241 4863 1379 4900 num
1404 4861 1572 4916 quem
1589 4844 1740 4899 norit
1769 4843 1866 4916 qui
1894 4843 2105 4897 adeam

496 4957 630 5020 'rem
659 4939 822 5010 cujus
849 4936 1153 5008 cupiditate
1173 4933 1448 5005 ﬂagrabat
1467 4933 1794 5004 adjumento
1825 4931 1930 5003 ipsi
1958 4948 2100 4996 esse,

504 5029 795 5101 ipsiusque
825 5031 1071 5080 mentem
1102 5023 1364 5095 gravibus
1389 5021 1820 5092 cogitationibus
1858 5024 2103 5074 astuan-

504 5123 640 5185 tem,
670 5122 840 5187 atque
868 5112 1193 5185 hujusmodi
1223 5128 1415 5166 curam
1444 5111 1686 5181 abjicere
1699 5113 2102 5180 nequeuntem,

506 5207 838 5261 confirmare
849 5203 1044 5276 possit.
1059 5202 1164 5257 Ille
1174 5205 1363 5267 περ
1376 5206 1565 5254 autem
1583 5215 1648 5253 ea
1659 5215 1782 5268 qua
1791 5197 1948 5269 prius
1961 5197 2110 5251 dicta

507 5297 750 5361 fuerant,
773 5294 830 5348 in
855 5291 1188 5347 memoriam
1214 5305 1410 5344 rursus
1426 5287 1532 5359 ipsi
1549 5303 1834 5352 revocans,
1853 5285 2101 5340 dicebat:

508 5385 633 5440 Iam
664 5399 886 5455 quoque
906 5381 1063 5452 prius
1089 5379 1193 5434 tibi
1215 5376 1445 5450 exposui
1461 5375 1932 5446 quemadmodum
1949 5380 2110 5446 pater

509 5477 640 5526 tuus
670 5471 950 5542 sapientes
979 5469 1105 5522 illos
1132 5465 1279 5520 viros
1295 5481 1361 5517 ac
1377 5464 1573 5534 pietati
1603 5463 2103 5530 colendadevotos,

511 5559 608 5629 qui
635 5559 704 5612 de
718 5557 1040 5628 hujusmodi
1053 5555 1220 5610 rebus
1244 5552 1774 5626 disputant,partim
1803 5552 2108 5608 obtrunca-

510 5646 604 5714 rit,
635 5647 844 5717 partim
871 5646 1018 5700 irato
1046 5651 1216 5716 atque
1243 5641 1462 5698 infenso
1491 5641 1678 5696 animo
1699 5641 1993 5715 expulerit,
2007 5658 2110 5697 nec

2183 4578 2403 4644 asserit,
2429 4582 2486 4631 et
2513 4577 2714 4631 stultos
2745 4573 3021 4646 sapientia
3049 4573 3242 4636 donat,
3264 4574 3322 4624 et
3348 4569 3634 4624 damones
3663 4566 3780 4638 pel-

2183 4667 2266 4734 lit,
2301 4683 2367 4720 ac
2395 4665 2636 4737 denique
2665 4663 2936 4736 quidquid
2975 4661 3274 4734 pulchrum
3312 4663 3370 4712 et
3405 4655 3778 4728 expetendum

2185 4761 2288 4820 est,
2319 4754 2544 4809 domino
2573 4770 2674 4808 suo
2699 4751 2980 4808 uberrime
3011 4748 3350 4821 suppeditat.
3395 4746 3495 4800 Ait
3542 4745 3617 4800 ad
3657 4758 3780 4798 eum

2185 4845 2522 4916 padagogus
2545 4861 2556 4896 :
2589 4843 2668 4896 Te
2695 4841 2921 4913 quidem
2948 4839 3232 4894 hominem
3250 4835 3439 4908 gravis
3458 4839 3634 4905 atque
3662 4849 3782 4886 con-

2185 4932 2386 4988 stantis
2415 4931 2592 4986 animi
2621 4948 2741 4986 esse
2763 4929 2920 4984 video
2944 4947 2958 4996 ;
2987 4933 3252 4983 caterum
3269 4923 3442 4979 verba
3469 4928 3570 4978 tua
3592 4923 3782 4976 immo-

2186 5022 2368 5077 dicam
2377 5039 2408 5092 q
2417 5020 2680 5076 uamdam
2693 5017 3022 5091 jactantiam
3035 5034 3150 5088 pra
3159 5032 3217 5070 se
3227 5014 3433 5068 ferunt.
3462 5012 3629 5076 Quod
3641 5010 3780 5065 enim

2187 5111 2518 5166 excellentes
2539 5116 2707 5180 atque
2748 5107 2992 5178 ingentis
3021 5104 3188 5178 pretii
3216 5101 3430 5175 lapides
3458 5107 3518 5154 et
3552 5100 3783 5154 uniones

2188 5199 2442 5265 viderim,
2505 5215 2749 5269 quonam
2805 5197 2971 5250 modo
3039 5191 3422 5248 enumerando
3499 5203 3783 5244 recensere

2191 5288 2438 5360 queam?
2467 5304 2570 5341 nec
2595 5293 2788 5340 tamen
2807 5299 3059 5354 unquam
3089 5287 3188 5336 aut
3208 5279 3323 5334 vidi
3351 5284 3454 5333 aut
3476 5279 3666 5333 audivi
3697 5274 3783 5347 qui

2192 5393 2286 5430 eas
2315 5393 2454 5446 quas
2483 5371 2933 5428 commemorasti
2971 5372 3114 5426 vires
3151 5368 3444 5424 haberent.
3487 5368 3784 5422 Verumta-

2190 5481 2319 5518 men
2351 5481 2481 5519 eum
2506 5463 2644 5516 mihi
2673 5462 2924 5528 ostende,
2955 5476 3020 5514 ac
3051 5460 3097 5514 si
3125 5459 3253 5513 talis
3295 5463 3381 5512 est
3421 5456 3652 5527 qualem
3689 5455 3780 5519 ais,

2191 5553 2310 5608 sine
2343 5553 2458 5607 ulla
2481 5551 2836 5607 cunctatione
2857 5549 2930 5604 ad
2951 5549 3101 5620 regis
3120 5548 3300 5603 filium
3324 5552 3384 5600 te
3412 5546 3780 5608 introducam,

2190 5642 2287 5714 qui
2304 5647 2360 5696 te
2381 5641 2637 5697 maximis
2655 5638 2963 5696 honoribus
2975 5635 3333 5694 acbeneﬁciis
3342 5635 3592 5692 ornabit.
3606 5635 3783 5690 Prius-
