3878 6424
219 379 305 436 461

600 378 771 432 VITA
809 378 1249 434 SANCTORUM
1285 379 1632 433 BARLAAM
1669 380 2009 435 EREMITZE
2048 380 2135 435 ET
2172 382 2538 438 JOSAPHAT
2575 383 2798 439 INDIzE
2835 386 3069 443 REGIS.

3378 388 3484 445 462

218 520 368 576 quam
389 506 577 557 autem
605 520 705 573 per
731 503 916 574 ipsum
940 505 1230 558 oculorum
1252 503 1531 572 obtutum,
1558 505 1653 575 qui
1675 504 1792 559 falli
1808 507 1859 565 Α
1879 506 2094 571 (Matth.
2120 510 2263 575 XIII).
2296 507 2567 571 Quocirca
2597 509 2643 562 si
2674 504 2731 563 ili
2761 510 2928 564 corde
2945 517 3044 566 tuo
3067 511 3396 583 frugiferam
3418 529 3484 567 ac

219 593 410 664 nequit,
423 593 572 646 dicta
587 599 687 646 tua
711 594 1084 660 confirmaris,
1108 595 1227 647 fieri
1252 612 1365 649 non
1395 601 1583 666 potest
1613 600 1678 649 ut
1696 595 1796 648 do-

218 683 356 737 mino
384 698 504 735 meo
520 698 584 737 ac
605 682 725 752 regi
753 682 822 735 de
850 699 910 736 re
932 682 1147 736 incerta
1169 689 1226 737 et
1246 683 1532 754 incognita
1547 685 1663 737 hare
1682 694 1799 737 tam

218 770 496 825 immodica
505 787 569 824 ac
579 771 917 841 praetumida
929 772 1268 825 renuntiem.
1288 773 1441 826 Dixit
1456 778 1646 826 autem
1669 773 1802 826 Bar-

218 862 351 914 laam
373 860 568 913 :Reete
587 859 798 924 dixisti,
820 866 877 912 te
896 860 1222 930 hujusmodi
1238 861 1382 914 vires
1407 879 1471 915 ac
1500 861 1800 915 facultates

218 965 310 1004 nec
335 964 578 1019 unquam
617 949 984 1019 perspexisse,
1018 966 1121 1004 nec
1149 950 1392 1004 audisse.
1426 951 1646 1004 Etenim
1672 968 1799 1005 ora-

219 1039 288 1092 tio
314 1038 377 1091 ad
395 1044 449 1090 te
476 1053 599 1090 mea
614 1054 726 1091 non
747 1038 816 1091 de
842 1055 902 1092 re
931 1039 1167 1109 vulgari,
1192 1040 1288 1093 sed
1313 1040 1529 1110 ingenti
1558 1041 1799 1111 quadam

218 1133 270 1182 et
292 1126 609 1181 admiranda
633 1131 737 1181 est.
774 1128 934 1191 Quod
964 1133 1154 1183 autem
1185 1146 1314 1182 eum
1345 1146 1575 1183 cernere
1598 1131 1799 1199 quaesi-

218 1216 351 1281 visti,
383 1216 513 1269 audi
534 1216 666 1285 quid
696 1216 899 1270 dicam.

280 1304 436 1375 Lapis
456 1304 547 1358 hic
575 1304 780 1359 summi
808 1306 994 1376 pretii,
1030 1311 1233 1376 praeter
1253 1323 1348 1361 eas
1367 1323 1505 1377 quas
1526 1306 1639 1360 dixi
1656 1307 1802 1360 vires

217 1400 269 1448 et
291 1393 595 1459 facultates,
622 1394 768 1448 hanc
792 1395 967 1449 etiam
993 1395 1181 1450 habet.
1202 1396 1340 1449 Eum
1366 1397 1513 1450 enim
1546 1401 1803 1467 prompte

217 1499 276 1536 ac
301 1482 455 1537 facile
499 1484 817 1554 prospicere
858 1500 970 1538 non
1009 1491 1212 1555 potest,
1258 1485 1353 1556 qui
1384 1502 1583 1539 sanum
1610 1502 1675 1539 ac
1704 1486 1803 1538 ﬁr-

217 1588 359 1626 mum
404 1573 628 1626 oculum
654 1612 667 1638 ,
719 1590 1032 1643 corpusque
1086 1590 1292 1644 purum
1342 1579 1511 1644 atque
1552 1574 1621 1627 ab
1651 1574 1803 1627 omni

215 1658 465 1729 spurcitie
502 1659 750 1714 alienum
775 1677 886 1713 non
909 1660 1094 1714 habet.
1116 1662 1261 1714 Nam
1292 1662 1339 1715 si
1367 1663 1511 1732 quis,
1546 1663 1632 1715 his
1661 1662 1804 1715 dua-

216 1747 309 1801 bus
336 1747 500 1802 rebus
520 1765 633 1802 non
663 1755 814 1803 recte
842 1750 1202 1820 comparatis,
1228 1750 1285 1803 in
1316 1752 1465 1804 hunc
1496 1751 1803 1821 pretiosum

215 1837 443 1907 lapidem
473 1838 664 1892 oculos
699 1844 911 1892 temere
948 1855 1013 1892 ac
1045 1840 1367 1909 petulanter
1394 1839 1611 1909 injiciat
1639 1883 1650 1905 ,
1681 1839 1804 1909 ipsa

217 1941 423 1997 quoque
463 1926 677 1980 scilicet
723 1943 837 1997 qua
890 1927 1159 1998 praaditus
1211 1933 1297 1981 est
1334 1928 1599 1983 cernendi
1644 1928 1695 1980 vi
1741 1944 1805 1981 ac

213 2020 388 2069 mente
416 2016 651 2086 insuper
669 2016 1051 2070 mulctabitur.
1086 2018 1200 2087 Ego
1222 2034 1390 2088 porro
1417 2057 1430 2084 ,
1464 2021 1658 2088 utpote
1682 2033 1804 2070 me-

214 2104 396 2160 dicinae
424 2105 660 2159 minime
688 2106 846 2159 rudis
868 2111 924 2159 et
952 2105 1203 2176 ignarus,
1237 2106 1425 2160 oculos
1449 2111 1577 2159 tuos
1603 2122 1803 2177 parum

215 2209 368 2247 sanos
412 2211 536 2248 esse
575 2194 855 2265 conspicio
891 2213 902 2248 :
949 2211 1014 2248 ac
1060 2195 1291 2265 proinde
1320 2212 1515 2248 vereor
1552 2211 1623 2248 ne
1660 2195 1804 2248 hanc

218 2299 427 2353 quoque
458 2300 630 2354 quam
669 2283 842 2337 habes
877 2284 1141 2338 cernendi
1188 2284 1513 2338 facultatem
1552 2283 1798 2337 amittas.

218 2371 414 2425 Verum
443 2372 516 2426 de
544 2372 692 2443 legis
713 2373 828 2427 ﬁlio
849 2373 1054 2438 audivi,
1086 2390 1214 2427 eum
1236 2378 1355 2426 tam
1385 2372 1511 2426 vita)
1543 2373 1803 2426 castitate

214 2461 503 2530 praeditum
525 2478 665 2527 esse,
698 2467 818 2515 tam
850 2462 1113 2533 pulchros
1139 2479 1203 2516 ac
1233 2462 1581 2533 perspicaces
1617 2462 1806 2516 oculos

214 2548 429 2604 habere.
454 2551 730 2615 Quocirca
745 2551 1074 2606 thesaurum
1099 2551 1249 2605 hunc
1266 2551 1373 2622 ipsi
1393 2550 1687 2604 ostendere
1707 2551 1808 2603 mi-

213 2637 356 2692 nime
387 2638 676 2693 dubitabo.
728 2639 1105 2703 Quamobrem
1132 2656 1201 2693 ne
1230 2639 1577 2693 commiseris
1612 2645 1676 2692 ut
1702 2639 1808 2693 hoc

214 2726 479 2798 negligas,
514 2744 579 2782 ac
608 2744 669 2781 re
697 2728 837 2782 tanti
865 2728 1139 2782 momenti
1186 2728 1480 2782 dominum
1509 2735 1670 2782 tuum
1697 2728 1807 2799 pri-

215 2831 321 2869 ves.
347 2816 447 2871 Ille
471 2821 665 2871 autem
687 2818 756 2870 ad
787 2834 917 2871 eum
945 2817 1115 2871 dixit:
1153 2818 1212 2871 Si
1243 2817 1361 2871 haec
1386 2818 1467 2871 ita
1485 2834 1544 2870 se
1572 2816 1800 2881 habent,

218 2920 283 2957 ne
312 2906 445 2959 mihi
484 2906 730 2976 lapidem
760 2906 1041 2972 ostendas,
1093 2906 1369 2977 siquidem
1399 2906 1660 2977 plurimis
1682 2923 1805 2976 pec-

210 2995 343 3049 catis
367 2996 482 3049 vita
514 3012 643 3049 mea
669 2995 965 3066 inquinata
985 3002 1088 3061 est,
1122 3011 1185 3048 ac
1215 3000 1486 3065 praeterea
1514 3012 1586 3048 ne
1616 2995 1805 3048 oculos

211 3084 429 3153 quidem
461 3084 604 3138 satis
633 3101 798 3138 sanos
829 3083 1027 3138 habeo.
1063 3084 1142 3138 De
1171 3084 1276 3137 hac
1305 3088 1494 3137 autem
1539 3100 1599 3136 re
1628 3083 1805 3137 domi-

1881 594 2083 649 bonam
2114 600 2321 649 terram
2353 596 2635 660 invenero,
2664 599 2911 653 divinum
2943 617 3136 654 semen
3156 601 3214 655 in
3232 606 3288 655 te
3307 601 3486 671 conji-

1883 700 2030 747 cere,
2066 689 2236 754 atque
2264 685 2462 755 ingens
2502 687 2837 756 mysterium
2864 688 2969 742 tibi
3000 690 3220 760 aperire
3251 690 3485 745 minime

1884 772 2172 827 dubitabo.
2209 774 2266 828 Si
2299 780 2488 828 autem
2516 781 2741 846 petrosa
2762 793 2829 830 ea
2849 782 2905 830 et
2929 778 3125 849 spinea
3146 778 3335 840 fuerit,
3367 779 3486 832 via-

1885 879 1992 933 que
2024 880 2057 916 a
2081 862 2332 933 quolibet
2354 865 2591 929 calcata,
2626 865 2856 919 omnino
2883 867 3129 921 salutare
3159 867 3265 921 hoc
3291 884 3487 922 semen
3538 862 3552 875 ’

1884 951 2323 1021 haudquaquam
2348 970 2555 1017 serere,
2573 953 2871 1024 ipsumque
2894 954 3086 1009 avibus
3103 962 3161 1009 et
3186 956 3336 1021 feris,
3356 962 3490 1011 ante

1884 1056 2023 1110 quas
2054 1041 2389 1111 margaritas
2418 1042 2691 1112 projicere
2713 1043 2849 1096 mihi
2867 1060 3096 1113 prorsus
3124 1044 3487 1099 interdictum

1884 1134 1988 1195 est,
2023 1129 2079 1182 in
2118 1131 2363 1199 przedam
2395 1130 2635 1201 objiccre
2677 1131 3021 1202 praestiterit.
3069 1134 3279 1187 Verum
3319 1134 3389 1188 de
3431 1139 3489 1188 te

1885 1218 2121 1272 meliora
2141 1235 2206 1272 ac
2244 1220 2411 1273 saluti
2442 1220 2713 1273 viciniora
2741 1221 2959 1275 confido
2985 1240 2997 1275 :
3031 1239 3233 1293 nempe
3259 1223 3409 1294 quod
3433 1229 3492 1277 et

1884 1306 2130 1377 lapidem
2162 1308 2262 1377 qui
2290 1307 2533 1378 pretium
2564 1325 2730 1362 omne
2758 1315 2989 1379 superat
3020 1310 3250 1376 videbis,
3291 1328 3355 1364 ac
3388 1328 3489 1382 per

1886 1396 2116 1449 luminis
2139 1396 2314 1466 ipsius
2335 1397 2690 1467 splendorem
2720 1398 2825 1451 hoc
2848 1399 3225 1468 consequeris,
3280 1404 3343 1452 ut
3372 1399 3489 1470 ipse

1887 1501 2108 1555 quoque
2124 1486 2314 1538 lumen
2328 1484 2973 1556 efﬁciaris,fructumque
2985 1487 3309 1557 centuplum
3323 1488 3488 1542 feras.

1888 1573 2107 1627 Etenim
2128 1580 2228 1627 tua
2257 1590 2427 1627 causa
2456 1575 2680 1644 longam
2715 1574 2859 1628 viam
2888 1577 3160 1629 conficere
3193 1576 3404 1643 studui,
3426 1582 3493 1631 ut

1888 1679 2011 1731 quae
2041 1678 2329 1733 nunquam
2360 1663 2569 1729 vidisti,
2596 1662 2695 1716 tibi
2720 1664 3097 1731 ostenderem,
3125 1670 3295 1736 atque
3316 1682 3384 1719 ea
3400 1666 3495 1719 do-

1888 1767 2073 1804 cerem
2104 1768 2227 1821 quae
2249 1768 2540 1821 nunquam
2563 1751 2791 1807 audisti.

1956 1839 2109 1894 Dixit
2130 1846 2319 1894 autem
2341 1841 2412 1894 ad
2444 1857 2572 1894 eum
2598 1841 2894 1912 Josaphat:
2932 1842 3204 1912 Equidem
3232 1842 3370 1914 ipse,
3405 1859 3492 1897 ve-

1886 1930 2131 1982 neranllc
2165 1946 2353 1995 senex,
2373 1929 2685 1983 incredibili
2717 1931 2980 2000 quodam,
3004 1937 3173 2001 atque
3190 1932 3488 2002 ejusmodi,

1887 2016 2035 2087 quod
2067 2018 2221 2071 nullo
2250 2019 2416 2071 modo
2466 2035 2709 2072 coerceri
2735 2025 2923 2089 queat,
2955 2019 3233 2073 desiderio
3273 2026 3490 2087 teneor,

1885 2122 2091 2159 novum
2123 2107 2424 2176 quemdam
2438 2123 2501 2161 ac
2518 2106 2725 2161 bonum
2743 2124 3061 2162 sermonem
3084 2108 3368 2162 audiendi.
3393 2110 3489 2163 At-

1887 2211 1994 2265 que
2032 2195 2180 2265 ignis
2211 2196 2268 2249 in
2301 2202 2525 2266 pectore
2562 2213 2686 2250 meo
2716 2196 2977 2250 incensus
3029 2202 3141 2263 est,
3175 2198 3269 2268 qui
3302 2214 3393 2251 me
3418 2198 3490 2252 ad

1886 2285 2230 2337 necessarias
2253 2286 2525 2355 quasdam
2550 2286 2883 2355 quaestiones
2912 2286 3305 2355 intelligendas
3324 2287 3486 2340 vehe-

1885 2378 2105 2426 menter
2132 2372 2467 2427 inﬂammat.
2497 2375 2782 2429 Caeterum
2814 2375 2997 2428 adhuc
3025 2375 3314 2429 hominem
3343 2392 3489 2429 nan-

1889 2460 2020 2514 cisci
2067 2460 2207 2514 mihi
2243 2478 2356 2516 non
2404 2462 2579 2526 licuit,
2614 2463 2711 2533 qui
2763 2463 2832 2517 de
2863 2463 2967 2516 hac
2993 2480 3053 2516 re
3101 2469 3314 2517 certam
3344 2464 3485 2517 mihi

1890 2547 2059 2600 fidem
2084 2546 2265 2600 facere
2294 2552 2500 2617 posset.
2548 2548 2708 2612 Quod
2738 2548 2785 2602 si
2815 2547 3125 2618 sapientem
3164 2548 3485 2619 quemdam,

1890 2640 1947 2689 et
1975 2635 2230 2689 doctrina
2258 2637 2557 2706 praeditum
2585 2637 2767 2691 virum
2797 2642 2997 2690 nactus
3026 2637 3203 2701 fuero,
3237 2653 3302 2690 ac
3327 2637 3482 2691 salu-

1888 2730 2069 2777 tarem
2082 2741 2401 2779 sermonem
2427 2726 2678 2790 audiero,
2695 2742 2797 2779 nec
2812 2726 3026 2791 avibus,
3049 2732 3114 2779 ut
3127 2726 3347 2796 opinor,
3380 2743 3484 2779 nec

1887 2812 2020 2866 feris
2051 2830 2180 2866 eum
2208 2814 2459 2878 tradam;
2496 2830 2597 2867 nec
2624 2830 2851 2868 rursum
2877 2821 3135 2884 petrosus
3155 2821 3212 2868 et
3231 2815 3481 2885 spineus.

1887 2907 1953 2955 ut
1980 2902 2093 2955 tuis
2114 2902 2295 2956 verbis
2323 2908 2471 2967 utar,
2506 2919 2620 2956 ero.
2677 2903 2825 2966 Quin
2856 2903 3042 2975 potius
3071 2909 3128 2957 et
3154 2903 3392 2957 candido
3422 2921 3487 2958 ac

1888 2990 2107 3044 sincero
2130 2991 2321 3045 animo
2352 3008 2481 3045 eum
2497 2991 2789 3062 excipiam,
2807 2997 2863 3045 et
2882 2992 3178 3045 eruditeac
3189 2992 3488 3062 diligenter

1886 3079 2241 3133 conservabo.
2286 3081 2368 3134 Tu
2417 3097 2547 3134 vero
2603 3083 2649 3135 si
2697 3080 2830 3151 quid
2880 3081 3158 3150 ejusmodi
3193 3080 3360 3147 nosti,
3414 3098 3486 3136 ne

207 3188 338 3226 num
367 3190 561 3228 meum
593 3190 783 3243 regem
814 3173 1111 3227 certiorem
1130 3173 1312 3226 facere
1329 3173 1562 3226 minime
1580 3178 1804 3226 cuncta-
1823 3150 1865 3210 Ο
1886 3184 2073 3238 quaeso
2088 3169 2144 3222 id
2160 3169 2415 3234 reticeas,
2438 3186 2630 3223 verum
2654 3169 2793 3222 mihi
2813 3186 3027 3223 narres.
3054 3169 3483 3240 Quamprimum

204 3258 317 3314 bor.
350 3262 468 3316 Hoc
490 3278 751 3316 sermone
781 3261 994 3324 habito,
1019 3262 1089 3315 ad
1117 3261 1268 3331 regis
1297 3266 1488 3328 553
1516 3262 1695 3316 ﬁlium
1723 3261 1804 3315 in-

201 3365 441 3418 gressus,
462 3350 657 3405 omnia
695 3350 746 3404 ei
785 3349 1074 3420 sigillatim
1103 3350 1376 3420 exposuit.
1401 3350 1503 3403 Ille
1532 3356 1722 3404 autem
1740 3355 1805 3404 ut

205 3438 563 3508 praacepmris
582 3437 750 3491 verba
773 3437 1003 3503 audivit,
1033 3437 1313 3508 spirituali
1336 3438 1579 3508 quadam
1608 3437 1803 3492 laetitia

202 3531 255 3579 et
297 3527 589 3599 voluptate
635 3532 830 3598 pectus
871 3543 1039 3580 suum
1091 3526 1273 3580 afﬂari
1318 3526 1519 3593 sensit;
1553 3543 1618 3581 ac
1648 3528 1801 3581 velut

202 3615 429 3670 numine
503 3620 817 3686 correptus,
874 3615 1160 3669 hominem
1224 3616 1481 3669 celeriter
1520 3615 1798 3670 introduci

195 3703 381 3773 jussit.

267 3794 339 3847 Ut
368 3793 849 3865 igituringressus
866 3799 952 3848 est
976 3794 1259 3859 Barlaam,
1288 3794 1451 3864 eique
1465 3810 1633 3863 quam
1663 3809 1797 3846 con-

201 3882 459 3938 veniebat
501 3900 699 3954 pacem
734 3883 907 3949 dedit,
941 3883 1135 3937 sedere
1169 3883 1363 3953 jussus
1407 3891 1509 3941 est,
1545 3882 1797 3951 Cumque

198 3978 506 4043 praeceptor
521 3972 858 4037 secessisset,
892 3972 1167 4042 Josaphat
1187 3971 1259 4025 ad
1282 3988 1472 4024 senem
1490 3971 1654 4024 dixit:
1700 3971 1802 4023 Ve-

197 4058 290 4113 lim
312 4061 455 4115 mihi
488 4060 800 4132 pretiosum
830 4061 988 4115 illum
1009 4060 1253 4131 lapidem
1282 4059 1561 4123 ostendas,
1597 4059 1665 4112 de
1688 4076 1797 4130 quo

200 4164 401 4219 magna
429 4156 490 4204 et
502 4149 835 4204 admiranda
847 4149 946 4203 abs
961 4156 1018 4203 te
1039 4149 1467 4203 commemorari
1490 4154 1797 4218 praeceptor

1885 3257 2035 3310 enim
2057 3274 2087 3311 e
2115 3258 2424 3328 longinqua
2463 3258 2691 3327 regione
2720 3263 2776 3310 te
2803 3257 3018 3311 venisse
3056 3257 3263 3323 audivi,
3307 3257 3482 3312 animi

1883 3346 2167 3417 voluptate
2188 3346 2419 3400 affectus
2450 3363 2596 3412 sum,
2631 3353 2800 3416 atque
2839 3346 2899 3399 in
2927 3345 3133 3400 bonam
3161 3362 3321 3417 spem
3350 3348 3477 3415 vel‘ni

1883 3434 2001 3489 fore
2022 3441 2086 3489 ut
2100 3451 2269 3506 opera
2283 3440 2383 3489 tua
2397 3434 2452 3488 id
2468 3435 2616 3505 quod
2632 3434 2927 3506 cupiebam
2953 3452 3344 3506 consequerer.
3378 3435 3481 3491 Eo-

1883 3541 1991 3595 que
2020 3524 2248 3578 nomine
2283 3524 2475 3578 statim
2498 3530 2555 3578 te
2582 3524 2653 3577 ad
2676 3541 2766 3578 me
2803 3524 3105 3591 introduxi,
3135 3524 3479 3596 comiterque

1880 3618 2151 3684 tanquam
2166 3613 2529 3668 familiarium
2550 3630 2802 3667 meorum
2834 3619 2890 3667 et
2903 3614 3202 3686 aequalium
3233 3615 3477 3686 aliquem

1881 3703 2090 3773 excepi.
2114 3705 2297 3773 Atque
2326 3702 2542 3756 utinam
2575 3719 2672 3773 spe
2704 3720 2829 3756 mea
2858 3703 3088 3757 minime
3118 3704 3297 3757 fallar!
3325 3703 3479 3758 Dixit

1880 3804 2071 3845 autem
2097 3792 2387 3845 Barlaam:
2424 3792 2714 3855 Praeclare,
2748 3797 2918 3861 atque
2946 3797 3007 3845 ut
3032 3792 3187 3861 regia
3216 3793 3475 3862 magnifi-
3554 3780 3564 3799 ’

1882 3881 2068 3933 centia
2093 3881 2327 3949 dignum
2359 3885 2497 3945 erat,
2544 3880 2648 3933 hoc
2676 3879 2873 3945 fecisti,
2899 3886 2964 3933 ut
2988 3897 3099 3934 non
3127 3881 3195 3934 ad
3236 3887 3476 3936 externae

1881 3968 2108 4024 vilitatis
2128 3970 2369 4040 speciem
2390 3969 2642 4023 animum
2662 3968 2953 4039 adjiceres,
2986 3987 3176 4024 verum
3203 3969 3474 4025 abstrusa:

1880 4058 2000 4128 spei
2030 4058 2271 4129 teipsum
2299 4059 2571 4112 traderes.

1952 4149 2083 4202 Erat
2113 4148 2262 4202 enim
2293 4148 2594 4219 aliquando
2622 4164 2858 4217 magnus
2889 4147 3115 4218 quidam
3162 4153 3219 4202 et
3241 4147 3475 4203 illustris

196 4252 352 4292 meus
382 4239 527 4293 mihi
557 4239 825 4292 narravit.
860 4239 1118 4293 Barlaam
1149 4244 1338 4292 autem
1363 4254 1523 4291 suam
1562 4238 1633 4291 ad
1665 4254 1794 4291 eum
1877 4254 1995 4303 rex,
2023 4238 2133 4302 cui,
2166 4254 2292 4291 cum
2324 4238 2383 4291 in
2414 4254 2586 4291 aureo
2616 4253 2803 4303 curru,
2830 4236 3133 4290 satellitum
3183 4253 3354 4292 manu
3383 4254 3474 4292 re-

194 4325 635 4398 disputationem
655 4328 727 4382 ad
741 4327 889 4381 hunc
902 4328 1132 4381 modum
1149 4327 1467 4398 auspicatus
1489 4332 1591 4380 est:
1610 4326 1796 4380 Haud-

196 4430 479 4487 quaquam
510 4433 733 4488 :equum
764 4422 867 4478 est,
900 4433 933 4470 ο
960 4433 1073 4483 rex,
1102 4416 1169 4470 ad
1202 4416 1479 4470 illustrem
1511 4420 1668 4469 tuam
1708 4432 1797 4468 ex-

1875 4327 1982 4396 giae
2008 4327 2292 4396 majestati
2331 4326 2503 4396 digna
2520 4327 2736 4380 cinctus
2758 4326 2868 4380 iter
2892 4326 3119 4397 faceret,
3145 4326 3379 4397 contigit
3413 4333 3477 4381 ut

1877 4416 2018 4469 duos
2042 4416 2208 4481 viros,
2240 4416 2439 4470 laceris
2485 4432 2549 4469 ac
2578 4415 2818 4470 sordidis
2860 4414 3124 4480 vestibus,
3167 4422 3337 4486 atque
3378 4432 3475 4470 ore

194 4505 509 4561 cellentiani
525 4505 832 4577 quidquam
843 4505 979 4560 falso
991 4512 1048 4560 et
1062 4504 1469 4559 inconsiderate
1494 4514 1531 4558 a’
1548 4521 1639 4558 me
1658 4504 1784 4558 dici.
1814 4505 2054 4566 Dmacie
2091 4506 2361 4560 confecto.
2392 4521 2457 4559 ac
2487 4506 2761 4573 majorem
2792 4505 2849 4556 in
2878 4504 3105 4557 modum
3128 4504 3355 4574 pallido,
3379 4504 3474 4558 ob-

196 4592 400 4649 Omnia
427 4595 587 4649 enim
610 4611 732 4666 quae
746 4595 815 4649 de
831 4612 922 4649 me
951 4594 1022 4648 ad
1040 4599 1098 4649 te
1122 4594 1296 4648 allata
1323 4600 1456 4648 sunt
1486 4610 1618 4648 vera
1631 4598 1800 4664 atque

195 4682 262 4735 ab
289 4684 448 4738 omni
487 4683 838 4739 dubitatione
865 4683 1052 4737 aliena
1091 4688 1245 4737 sunt.
1272 4683 1484 4737 Verum
1526 4683 1634 4737 nisi
1663 4698 1799 4753 pru-

196 4770 399 4827 dentiae
432 4776 553 4827 tua;
594 4772 751 4843 prius
781 4772 1091 4844 periculum
1128 4771 1331 4836 fecero,
1380 4772 1536 4825 nefas
1566 4777 1652 4825 est
1696 4771 1801 4824 hoc

196 4862 539 4932 mysterium
569 4861 673 4916 tibi
691 4861 996 4916 declarare.
1026 4861 1122 4915 Ait
1134 4861 1284 4916 enim
1304 4861 1577 4915 Dominus
1600 4877 1758 4915 meus
1783 4878 1794 4912 ε

194 4950 338 5005 Exiit
367 4952 470 5023 qui
499 4951 744 5006 seminat
778 4952 1075 5007 seminare.
1114 4952 1183 5006 Et
1205 4952 1340 5006 dum
1372 4951 1614 5005 seminat
1638 4990 1651 5016 ,
1686 4949 1801 5005 alia

192 5040 421 5110 quidem
448 5040 777 5095 ceciderunt
796 5057 960 5096 secus
987 5040 1156 5105 viam,
1190 5044 1247 5095 et
1276 5041 1524 5096 volucres
1554 5039 1679 5093 coeli
1705 5055 1803 5092 co-

188 5130 498 5185 mederunt
527 5129 643 5184 illa.
684 5130 811 5185 Alia
838 5130 1162 5185 ceciderunt
1203 5146 1373 5201 super
1412 5135 1639 5201 petrosa
1659 5168 1673 5195 ,
1705 5126 1802 5181 ubi

192 5233 303 5272 non
333 5224 463 5273 erat
506 5223 663 5272 terra
692 5219 890 5286 multa,
927 5224 985 5273 et
1008 5218 1300 5273 confestim
1330 5223 1524 5272 exorta
1550 5222 1702 5282 sunt,
1738 5232 1802 5269 eo
1845 5278 1850 5283 ι

190 5308 339 5376 quod
368 5324 491 5363 non
516 5306 790 5362 haberent
803 5314 1013 5362 terram
1032 5308 1289 5362 multam.
1317 5308 1443 5362 Sole
1465 5322 1593 5360 vero
1613 5310 1804 5359 exorto

189 5401 599 5463 aestuaverunt,
633 5402 691 5450 et
715 5397 846 5468 quia
866 5414 978 5451 non
1014 5396 1300 5451 habebant
1333 5396 1604 5461 radicem,
1639 5410 1804 5448 arue-

191 5492 340 5541 runt.
376 5486 513 5540 Alia
529 5491 718 5539 autem
734 5486 1058 5541 ceciderunt
1085 5486 1235 5540 inter
1257 5485 1468 5556 spinas,
1501 5489 1558 5537 et
1573 5500 1803 5553 surgen-

190 5578 274 5629 tes
302 5575 491 5647 spinze
514 5575 929 5630 sull'ocaverunt
938 5591 1024 5629 ea.
1039 5575 1167 5630 Alia
1186 5580 1470 5646 postremo
1483 5573 1806 5627 ceciderunt

194 5662 254 5717 in
284 5669 510 5720 terram
540 5662 761 5733 bonam,
794 5669 851 5720 et
888 5663 1167 5719 dederunt
1202 5663 1445 5718 fructum
1480 5661 1805 5733 centuplum

1881 4592 1998 4647 vios
2028 4593 2276 4647 haberet.
2313 4593 2449 4663 Regi
2481 4609 2646 4664 porro
2675 4592 3024 4662 exploratum
3073 4596 3196 4644 erat
3224 4608 3318 4645 eos
3350 4608 3474 4646 cor-

1880 4682 2033 4752 poris
2061 4681 2424 4735 aftlictatione
2450 4698 2515 4735 ac
2545 4681 2669 4735 vitae
2694 4682 2810 4734 Deo
2826 4685 3159 4734 consecratae
3190 4679 3473 4735 laboribus

1882 4786 2077 4825 carnes
2120 4787 2251 4825 suas
2288 4771 2371 4824 ita
2417 4770 2734 4823 confecisse.
2784 4769 2857 4823 Ut
2883 4768 3058 4838 igitur
3102 4785 3197 4823 eos
3227 4769 3365 4824 vidit
3396 4810 3410 4837 ,
3443 4788 3473 4823 e

1882 4876 2051 4913 curru
2080 4857 2270 4912 statim
2299 4857 2579 4922 desiliens,
2612 4861 2781 4928 atque
2811 4856 2969 4910 humi
3014 4862 3347 4927 prostratus,
3381 4875 3476 4913 eos

1882 4947 2152 5002 adoravit:
2175 4962 2240 5000 ac
2269 4946 2471 5000 deinde
2500 4962 2757 5016 surgens,
2790 4945 3129 5001 amicissime
3156 4948 3476 5019 complexus

1883 5043 1986 5103 est,
2019 5042 2077 5091 et
2104 5035 2384 5091 salutavit.
2416 5036 2680 5089 Proceres
2718 5040 2909 5090 autem
2936 5034 3112 5107 ipsius
3141 5052 3205 5090 ac
3229 5036 3477 5107 praefecti

1884 5127 1988 5181 hoc
2017 5127 2251 5180 moleste
2278 5125 2549 5190 tulerunt,
2585 5140 2714 5178 eum
2742 5124 2957 5178 facinus
2984 5125 3141 5195 regia
3166 5124 3349 5194 gloria
3384 5124 3483 5177 in—

1885 5215 2119 5285 dignum
2147 5213 2440 5268 admisisse
2471 5213 2875 5267 existimantes.
2897 5214 3108 5267 Verum
3132 5229 3260 5266 cum
3289 5228 3477 5265 coram

1886 5305 2069 5375 ipsum
2094 5303 2504 5375 reprehendere
2516 5302 2747 5356 minime
2762 5302 3052 5367 auderent,
3070 5318 3196 5356 cum
3208 5317 3478 5370 germano

1886 5393 2063 5464 ipsius
2092 5393 2263 5446 fratre
2291 5390 2549 5461 agebant,
2583 5396 2648 5444 ut
2677 5407 2862 5460 regem
2894 5389 3239 5453 admoneret,
3266 5404 3336 5442 ne
3358 5388 3479 5443 dia-

1884 5482 2123 5536 dematis
2152 5480 2581 5552 amplitudinem
2607 5485 2664 5532 et
2683 5477 3089 5532 sublimitatem
3107 5477 3177 5531 ad
3190 5478 3337 5531 hunc
3360 5494 3483 5532 mo-

1897 5571 2029 5625 dum
2051 5571 2321 5626 dedecore
2357 5587 2421 5625 ac
2446 5567 2784 5623 contumelia
2812 5565 3077 5620 afficeret.
3112 5566 3254 5620 Cum
3292 5567 3484 5637 itaque

1887 5660 2009 5731 ipse
2043 5660 2162 5715 haec
2204 5660 2365 5715 fratri
2408 5658 2658 5723 dixisset,
2707 5661 2876 5727 atque
2933 5655 3388 5728 intempestivam
3436 5661 3495 5711 et
